  <div class='ocr_page' id='page_1' title='image "/cluster/home/n/w/nwhite01/storage/ocr_20150623/18/hvd.32044073501207/073.png"; bbox 0 0 3964 6226; ppageno 0'>
   <div class='ocr_carea' id='block_1_1' title="bbox 466 232 571 295">
    <p class='ocr_par' dir='ltr' id='par_1_1' title="bbox 466 232 571 295">
     <span class='ocr_line' id='line_1_1' title="bbox 466 232 571 295; baseline 0.029 -3"><span class='ocrx_word' id='word_1_1' title='bbox 466 232 571 295; x_wconf 70' lang='grc' dir='ltr'><strong>ηε</strong></span> 
     </span>
    </p>
   </div>
   <div class='ocr_carea' id='block_1_2' title="bbox 1340 207 2650 287">
    <p class='ocr_par' dir='ltr' id='par_1_2' title="bbox 1340 207 2650 287">
     <span class='ocr_line' id='line_1_2' title="bbox 1340 207 2650 287; baseline -0.006 -1"><span class='ocrx_word' id='word_1_2' title='bbox 1340 229 1397 286; x_wconf 84' lang='grc'><strong>8.</strong></span> <span class='ocrx_word' id='word_1_3' title='bbox 1440 227 1768 287; x_wconf 81' lang='lat' dir='ltr'><strong>METIIODII</strong></span> <span class='ocrx_word' id='word_1_4' title='bbox 1809 224 2113 284; x_wconf 78' lang='lat' dir='ltr'><strong>EPIECOPI</strong></span> <span class='ocrx_word' id='word_1_5' title='bbox 2151 214 2248 278; x_wconf 80' lang='lat' dir='ltr'><strong>ET</strong></span> <span class='ocrx_word' id='word_1_6' title='bbox 2289 207 2650 278; x_wconf 74' lang='lat' dir='ltr'><strong>MARTYRIS</strong></span> 
     </span>
    </p>
   </div>
   <div class='ocr_carea' id='block_1_3' title="bbox 3592 212 3705 271">
    <p class='ocr_par' dir='ltr' id='par_1_3' title="bbox 3592 212 3705 271">
     <span class='ocr_line' id='line_1_3' title="bbox 3592 212 3705 271; baseline -0.018 -2"><span class='ocrx_word' id='word_1_7' title='bbox 3592 212 3705 271; x_wconf 68' lang='lat'><strong>136</strong></span> 
     </span>
    </p>
   </div>
   <div class='ocr_carea' id='block_1_4' title="bbox 1170 359 2937 443">
    <p class='ocr_par' dir='ltr' id='par_1_4' title="bbox 1170 359 2937 443">
     <span class='ocr_line' id='line_1_4' title="bbox 1170 359 2937 443; baseline -0.003 -22"><span class='ocrx_word' id='word_1_8' title='bbox 1170 364 1335 443; x_wconf 53' lang='lat' dir='ltr'><strong>.Csr.</strong></span> <span class='ocrx_word' id='word_1_9' title='bbox 1369 365 1504 423; x_wconf 74' lang='lat' dir='ltr'><strong>VIII.</strong></span> <span class='ocrx_word' id='word_1_10' title='bbox 1537 365 1737 423; x_wconf 77' lang='lat' dir='ltr'><strong>Christi</strong></span> <span class='ocrx_word' id='word_1_11' title='bbox 1772 376 1958 421; x_wconf 88' lang='lat' dir='ltr'><strong>natura</strong></span> <span class='ocrx_word' id='word_1_12' title='bbox 1991 366 2243 428; x_wconf 75' lang='lat' dir='ltr'><strong>humana,</strong></span> <span class='ocrx_word' id='word_1_13' title='bbox 2270 377 2381 416; x_wconf 87' lang='lat' dir='ltr'><strong>una</strong></span> <span class='ocrx_word' id='word_1_14' title='bbox 2408 362 2504 415; x_wconf 87' lang='lat' dir='ltr'><strong>illa</strong></span> <span class='ocrx_word' id='word_1_15' title='bbox 2533 362 2648 431; x_wconf 81' lang='lat' dir='ltr'><strong>ejus</strong></span> <span class='ocrx_word' id='word_1_16' title='bbox 2677 359 2937 415; x_wconf 83' lang='lat' dir='ltr'><strong>columba.</strong></span> 
     </span>
    </p>
   </div>
   <div class='ocr_carea' id='block_1_5' title="bbox 458 575 2021 647">
    <p class='ocr_par' dir='ltr' id='par_1_5' title="bbox 458 575 2021 647">
     <span class='ocr_line' id='line_1_5' title="bbox 458 575 2021 647; baseline -0.004 -11"><span class='ocrx_word' id='word_1_17' title='bbox 458 581 721 635; x_wconf 89' lang='lat' dir='ltr'><strong>minatam</strong></span> <span class='ocrx_word' id='word_1_18' title='bbox 786 575 1001 631; x_wconf 87' lang='lat' dir='ltr'><strong>Domini</strong></span> <span class='ocrx_word' id='word_1_19' title='bbox 1053 591 1272 631; x_wconf 91' lang='lat' dir='ltr'><strong>carnem</strong></span> <span class='ocrx_word' id='word_1_20' title='bbox 1323 590 1578 645; x_wconf 82' lang='lat' dir='ltr'><strong>sponsam</strong></span> <span class='ocrx_word' id='word_1_21' title='bbox 1638 575 2021 647; x_wconf 85' lang='lat' dir='ltr'><strong>interpretari,</strong></span> 
     </span>
    </p>
   </div>
   <div class='ocr_carea' id='block_1_6' title="bbox 462 666 2024 741">
    <p class='ocr_par' dir='ltr' id='par_1_6' title="bbox 462 666 2024 741">
     <span class='ocr_line' id='line_1_6' title="bbox 462 666 2024 741; baseline -0.004 -12"><span class='ocrx_word' id='word_1_22' title='bbox 462 673 622 741; x_wconf 87' lang='lat' dir='ltr'><strong>cujus</strong></span> <span class='ocrx_word' id='word_1_23' title='bbox 657 670 862 739; x_wconf 83' lang='lat' dir='ltr'><strong>gratia,</strong></span> <span class='ocrx_word' id='word_1_24' title='bbox 908 668 1098 723; x_wconf 91' lang='lat' dir='ltr'><strong>relicto</strong></span> <span class='ocrx_word' id='word_1_25' title='bbox 1138 666 1333 732; x_wconf 88' lang='lat' dir='ltr'><strong>Patre,</strong></span> <span class='ocrx_word' id='word_1_26' title='bbox 1383 667 1491 722; x_wconf 87' lang='lat' dir='ltr'><strong>huc</strong></span> <span class='ocrx_word' id='word_1_27' title='bbox 1538 667 1821 723; x_wconf 89' lang='lat' dir='ltr'><strong>descendit</strong></span> <span class='ocrx_word' id='word_1_28' title='bbox 1864 667 2024 738; x_wconf 85' lang='lat' dir='ltr'><strong>eique</strong></span> 
     </span>
    </p>
   </div>
   <div class='ocr_carea' id='block_1_7' title="bbox 461 757 2025 825">
    <p class='ocr_par' dir='ltr' id='par_1_7' title="bbox 461 757 2025 825">
     <span class='ocr_line' id='line_1_7' title="bbox 461 757 2025 825; baseline -0.001 -7"><span class='ocrx_word' id='word_1_29' title='bbox 461 763 726 825; x_wconf 69' lang='lat' dir='ltr'><strong>adhaesit,</strong></span> <span class='ocrx_word' id='word_1_30' title='bbox 783 776 847 817; x_wconf 90' lang='lat' dir='ltr'><strong>ac</strong></span> <span class='ocrx_word' id='word_1_31' title='bbox 885 760 1049 815; x_wconf 87' lang='lat' dir='ltr'><strong>homo</strong></span> <span class='ocrx_word' id='word_1_32' title='bbox 1079 758 1260 814; x_wconf 80' lang='lat' dir='ltr'><strong>factus</strong></span> <span class='ocrx_word' id='word_1_33' title='bbox 1301 759 1355 812; x_wconf 92' lang='lat' dir='ltr'><strong>in</strong></span> <span class='ocrx_word' id='word_1_34' title='bbox 1396 774 1519 815; x_wconf 88' lang='lat' dir='ltr'><strong>eam</strong></span> <span class='ocrx_word' id='word_1_35' title='bbox 1565 759 1785 815; x_wconf 75' lang='lat' dir='ltr'><strong>invasit.</strong></span> <span class='ocrx_word' id='word_1_36' title='bbox 1845 757 2025 825; x_wconf 84' lang='lat' dir='ltr'><strong>Quare</strong></span> 
     </span>
    </p>
   </div>
   <div class='ocr_carea' id='block_1_8' title="bbox 457 851 2024 926">
    <p class='ocr_par' dir='ltr' id='par_1_8' title="bbox 457 851 2024 926">
     <span class='ocr_line' id='line_1_8' title="bbox 457 851 2024 926; baseline -0.003 -16"><span class='ocrx_word' id='word_1_37' title='bbox 457 855 621 911; x_wconf 91' lang='lat' dir='ltr'><strong>etiam</strong></span> <span class='ocrx_word' id='word_1_38' title='bbox 654 856 879 926; x_wconf 90' lang='lat' dir='ltr'><strong>ligurate</strong></span> <span class='ocrx_word' id='word_1_39' title='bbox 907 851 1217 908; x_wconf 85' lang='lat' dir='ltr'><strong>columbam</strong></span> <span class='ocrx_word' id='word_1_40' title='bbox 1243 851 1503 906; x_wconf 87' lang='lat' dir='ltr'><strong>vocitavit</strong></span> <span class='ocrx_word' id='word_1_41' title='bbox 1525 892 1541 920; x_wconf 92' lang='lat'><strong>,</strong></span> <span class='ocrx_word' id='word_1_42' title='bbox 1585 853 1732 923; x_wconf 88' lang='lat' dir='ltr'><strong>quod</strong></span> <span class='ocrx_word' id='word_1_43' title='bbox 1761 852 1864 908; x_wconf 91' lang='lat' dir='ltr'><strong>hoc</strong></span> <span class='ocrx_word' id='word_1_44' title='bbox 1907 852 2024 908; x_wconf 88' lang='lat' dir='ltr'><strong>ani-</strong></span> 
     </span>
    </p>
   </div>
   <div class='ocr_carea' id='block_1_9' title="bbox 459 943 2023 1015">
    <p class='ocr_par' dir='ltr' id='par_1_9' title="bbox 459 943 2023 1015">
     <span class='ocr_line' id='line_1_9' title="bbox 459 943 2023 1015; baseline -0.001 -14"><span class='ocrx_word' id='word_1_45' title='bbox 459 946 567 1001; x_wconf 86' lang='lat' dir='ltr'><strong>mal</strong></span> <span class='ocrx_word' id='word_1_46' title='bbox 592 954 931 1001; x_wconf 88' lang='lat' dir='ltr'><strong>mansuetum</strong></span> <span class='ocrx_word' id='word_1_47' title='bbox 957 946 1050 1009; x_wconf 89' lang='lat' dir='ltr'><strong>sit,</strong></span> <span class='ocrx_word' id='word_1_48' title='bbox 1075 945 1180 1001; x_wconf 88' lang='lat' dir='ltr'><strong>sub</strong></span> <span class='ocrx_word' id='word_1_49' title='bbox 1208 952 1354 1000; x_wconf 88' lang='lat' dir='ltr'><strong>tecto</strong></span> <span class='ocrx_word' id='word_1_50' title='bbox 1378 943 1580 1015; x_wconf 88' lang='lat' dir='ltr'><strong>degens</strong></span> <span class='ocrx_word' id='word_1_51' title='bbox 1608 959 1851 1014; x_wconf 89' lang='lat' dir='ltr'><strong>peneque</strong></span> <span class='ocrx_word' id='word_1_52' title='bbox 1866 944 2023 1000; x_wconf 88' lang='lat' dir='ltr'><strong>nobis</strong></span> 
     </span>
    </p>
   </div>
   <div class='ocr_carea' id='block_1_10' title="bbox 459 1035 2020 1108">
    <p class='ocr_par' dir='ltr' id='par_1_10' title="bbox 459 1035 2020 1108">
     <span class='ocr_line' id='line_1_10' title="bbox 459 1035 2020 1108; baseline -0.002 -15"><span class='ocrx_word' id='word_1_53' title='bbox 459 1037 871 1103; x_wconf 88' lang='lat' dir='ltr'><strong>contubernale,</strong></span> <span class='ocrx_word' id='word_1_54' title='bbox 932 1045 1097 1108; x_wconf 90' lang='lat' dir='ltr'><strong>atque</strong></span> <span class='ocrx_word' id='word_1_55' title='bbox 1157 1036 1397 1091; x_wconf 89' lang='lat' dir='ltr'><strong>humano</strong></span> <span class='ocrx_word' id='word_1_56' title='bbox 1455 1036 1710 1091; x_wconf 89' lang='lat' dir='ltr'><strong>convictu</strong></span> <span class='ocrx_word' id='word_1_57' title='bbox 1757 1035 2020 1107; x_wconf 88' lang='lat' dir='ltr'><strong>gaudens.</strong></span> 
     </span>
    </p>
   </div>
   <div class='ocr_carea' id='block_1_11' title="bbox 462 1126 2023 1199">
    <p class='ocr_par' dir='ltr' id='par_1_11' title="bbox 462 1126 2023 1199">
     <span class='ocr_line' id='line_1_11' title="bbox 462 1126 2023 1199; baseline -0.002 -14"><span class='ocrx_word' id='word_1_58' title='bbox 462 1128 575 1185; x_wconf 88' lang='lat' dir='ltr'><strong>Una</strong></span> <span class='ocrx_word' id='word_1_59' title='bbox 605 1129 748 1186; x_wconf 89' lang='lat' dir='ltr'><strong>enim</strong></span> <span class='ocrx_word' id='word_1_60' title='bbox 774 1127 1034 1199; x_wconf 72' lang='lat' dir='ltr'><strong>proiecto,</strong></span> <span class='ocrx_word' id='word_1_61' title='bbox 1066 1136 1125 1183; x_wconf 93' lang='lat' dir='ltr'><strong>ut</strong></span> <span class='ocrx_word' id='word_1_62' title='bbox 1153 1128 1321 1184; x_wconf 87' lang='lat' dir='ltr'><strong>verbo</strong></span> <span class='ocrx_word' id='word_1_63' title='bbox 1348 1127 1549 1194; x_wconf 90' lang='lat' dir='ltr'><strong>dicam,</strong></span> <span class='ocrx_word' id='word_1_64' title='bbox 1574 1126 1713 1183; x_wconf 82' lang='lat' dir='ltr'><strong>labis</strong></span> <span class='ocrx_word' id='word_1_65' title='bbox 1741 1142 1935 1198; x_wconf 83' lang='lat' dir='ltr'><strong>expers</strong></span> <span class='ocrx_word' id='word_1_66' title='bbox 1958 1141 2023 1182; x_wconf 86' lang='lat' dir='ltr'><strong>ac</strong></span> 
     </span>
    </p>
   </div>
   <div class='ocr_carea' id='block_1_12' title="bbox 458 1218 2021 1292">
    <p class='ocr_par' dir='ltr' id='par_1_12' title="bbox 458 1218 2021 1292">
     <span class='ocr_line' id='line_1_12' title="bbox 458 1218 2021 1292; baseline -0.001 -18"><span class='ocrx_word' id='word_1_67' title='bbox 458 1220 737 1292; x_wconf 91' lang='lat' dir='ltr'><strong>impolluta</strong></span> <span class='ocrx_word' id='word_1_68' title='bbox 765 1221 983 1275; x_wconf 87' lang='lat' dir='ltr'><strong>inventa</strong></span> <span class='ocrx_word' id='word_1_69' title='bbox 1003 1228 1110 1285; x_wconf 85' lang='lat' dir='ltr'><strong>est,</strong></span> <span class='ocrx_word' id='word_1_70' title='bbox 1167 1224 1490 1291; x_wconf 88' lang='lat' dir='ltr'><strong>cunctisque</strong></span> <span class='ocrx_word' id='word_1_71' title='bbox 1511 1219 1828 1290; x_wconf 65' lang='lat' dir='ltr'><strong>praecellens</strong></span> <span class='ocrx_word' id='word_1_72' title='bbox 1853 1218 2021 1288; x_wconf 88' lang='lat' dir='ltr'><strong>justi-</strong></span> 
     </span>
    </p>
   </div>
   <div class='ocr_carea' id='block_1_13' title="bbox 457 1309 2021 1382">
    <p class='ocr_par' dir='ltr' id='par_1_13' title="bbox 457 1309 2021 1382">
     <span class='ocr_line' id='line_1_13' title="bbox 457 1309 2021 1382; baseline -0.003 -14"><span class='ocrx_word' id='word_1_73' title='bbox 457 1314 548 1368; x_wconf 69' lang='lat' dir='ltr'><strong>tia:</strong></span> <span class='ocrx_word' id='word_1_74' title='bbox 582 1312 783 1368; x_wconf 89' lang='lat' dir='ltr'><strong>mundo</strong></span> <span class='ocrx_word' id='word_1_75' title='bbox 812 1319 976 1382; x_wconf 88' lang='lat' dir='ltr'><strong>atque</strong></span> <span class='ocrx_word' id='word_1_76' title='bbox 1011 1311 1241 1377; x_wconf 85' lang='lat' dir='ltr'><strong>decore,</strong></span> <span class='ocrx_word' id='word_1_77' title='bbox 1286 1320 1347 1366; x_wconf 92' lang='lat' dir='ltr'><strong>ut</strong></span> <span class='ocrx_word' id='word_1_78' title='bbox 1384 1326 1545 1367; x_wconf 88' lang='lat' dir='ltr'><strong>nemo</strong></span> <span class='ocrx_word' id='word_1_79' title='bbox 1570 1325 1759 1366; x_wconf 90' lang='lat' dir='ltr'><strong>eorum</strong></span> <span class='ocrx_word' id='word_1_80' title='bbox 1797 1309 1888 1380; x_wconf 87' lang='lat' dir='ltr'><strong>qui</strong></span> <span class='ocrx_word' id='word_1_81' title='bbox 1936 1310 2021 1366; x_wconf 91' lang='lat' dir='ltr'><strong>vel</strong></span> 
     </span>
    </p>
   </div>
   <div class='ocr_carea' id='block_1_14' title="bbox 456 1399 2021 1472">
    <p class='ocr_par' dir='ltr' id='par_1_14' title="bbox 456 1399 2021 1472">
     <span class='ocr_line' id='line_1_14' title="bbox 456 1399 2021 1472; baseline -0.001 -15"><span class='ocrx_word' id='word_1_82' title='bbox 456 1417 667 1458; x_wconf 89' lang='lat' dir='ltr'><strong>summe</strong></span> <span class='ocrx_word' id='word_1_83' title='bbox 696 1401 806 1457; x_wconf 90' lang='lat' dir='ltr'><strong>Deo</strong></span> <span class='ocrx_word' id='word_1_84' title='bbox 833 1402 1189 1471; x_wconf 83' lang='lat' dir='ltr'><strong>placuerunt,</strong></span> <span class='ocrx_word' id='word_1_85' title='bbox 1231 1416 1401 1472; x_wconf 85' lang='lat' dir='ltr'><strong>prope</strong></span> <span class='ocrx_word' id='word_1_86' title='bbox 1443 1401 1510 1455; x_wconf 91' lang='lat' dir='ltr'><strong>ad</strong></span> <span class='ocrx_word' id='word_1_87' title='bbox 1541 1416 1693 1465; x_wconf 90' lang='lat' dir='ltr'><strong>eam,</strong></span> <span class='ocrx_word' id='word_1_88' title='bbox 1726 1400 1773 1456; x_wconf 89' lang='lat' dir='ltr'><strong>si</strong></span> <span class='ocrx_word' id='word_1_89' title='bbox 1804 1399 2021 1455; x_wconf 89' lang='lat' dir='ltr'><strong>virtutis</strong></span> 
     </span>
    </p>
   </div>
   <div class='ocr_carea' id='block_1_15' title="bbox 455 1492 2023 1560">
    <p class='ocr_par' dir='ltr' id='par_1_15' title="bbox 455 1492 2023 1560">
     <span class='ocr_line' id='line_1_15' title="bbox 455 1492 2023 1560; baseline -0.001 -12"><span class='ocrx_word' id='word_1_90' title='bbox 455 1494 596 1548; x_wconf 86' lang='lat' dir='ltr'><strong>ratio</strong></span> <span class='ocrx_word' id='word_1_91' title='bbox 627 1495 860 1557; x_wconf 87' lang='lat' dir='ltr'><strong>ineatur,</strong></span> <span class='ocrx_word' id='word_1_92' title='bbox 894 1493 1179 1549; x_wconf 89' lang='lat' dir='ltr'><strong>consistat.</strong></span> <span class='ocrx_word' id='word_1_93' title='bbox 1235 1493 1506 1560; x_wconf 83' lang='lat' dir='ltr'><strong>Quocirca</strong></span> <span class='ocrx_word' id='word_1_94' title='bbox 1547 1493 1744 1548; x_wconf 90' lang='lat' dir='ltr'><strong>merito</strong></span> <span class='ocrx_word' id='word_1_95' title='bbox 1789 1492 1847 1547; x_wconf 91' lang='lat' dir='ltr'><strong>in</strong></span> <span class='ocrx_word' id='word_1_96' title='bbox 1888 1508 2023 1547; x_wconf 83' lang='lat' dir='ltr'><strong>con-</strong></span> 
     </span>
    </p>
   </div>
   <div class='ocr_carea' id='block_1_16' title="bbox 457 1584 2022 1656">
    <p class='ocr_par' dir='ltr' id='par_1_16' title="bbox 457 1584 2022 1656">
     <span class='ocr_line' id='line_1_16' title="bbox 457 1584 2022 1656; baseline -0.001 -14"><span class='ocrx_word' id='word_1_97' title='bbox 457 1586 688 1642; x_wconf 81' lang='lat' dir='ltr'><strong>sortium</strong></span> <span class='ocrx_word' id='word_1_98' title='bbox 711 1586 863 1656; x_wconf 85' lang='lat' dir='ltr'><strong>regni</strong></span> <span class='ocrx_word' id='word_1_99' title='bbox 889 1584 1161 1656; x_wconf 83' lang='lat' dir='ltr'><strong>Unigeniti</strong></span> <span class='ocrx_word' id='word_1_100' title='bbox 1187 1587 1358 1642; x_wconf 87' lang='lat' dir='ltr'><strong>ascita</strong></span> <span class='ocrx_word' id='word_1_101' title='bbox 1381 1594 1485 1651; x_wconf 88' lang='lat' dir='ltr'><strong>est,</strong></span> <span class='ocrx_word' id='word_1_102' title='bbox 1504 1586 1597 1640; x_wconf 89' lang='lat' dir='ltr'><strong>illo</strong></span> <span class='ocrx_word' id='word_1_103' title='bbox 1616 1586 1721 1641; x_wconf 88' lang='lat' dir='ltr'><strong>sibi</strong></span> <span class='ocrx_word' id='word_1_104' title='bbox 1747 1601 1867 1642; x_wconf 87' lang='lat' dir='ltr'><strong>eam</strong></span> <span class='ocrx_word' id='word_1_105' title='bbox 1890 1585 2022 1640; x_wconf 59' lang='lat' dir='ltr'><strong>adao</strong></span> 
     </span>
    </p>
   </div>
   <div class='ocr_carea' id='block_1_17' title="bbox 456 1677 2021 1750">
    <p class='ocr_par' dir='ltr' id='par_1_17' title="bbox 456 1677 2021 1750">
     <span class='ocr_line' id='line_1_17' title="bbox 456 1677 2021 1750; baseline 0.002 -20"><span class='ocrx_word' id='word_1_106' title='bbox 456 1684 644 1748; x_wconf 84' lang='lat' dir='ltr'><strong>ptante</strong></span> <span class='ocrx_word' id='word_1_107' title='bbox 665 1684 827 1747; x_wconf 87' lang='lat' dir='ltr'><strong>atque</strong></span> <span class='ocrx_word' id='word_1_108' title='bbox 857 1678 1098 1735; x_wconf 89' lang='lat' dir='ltr'><strong>uniente.</strong></span> <span class='ocrx_word' id='word_1_109' title='bbox 1130 1677 1317 1748; x_wconf 91' lang='lat' dir='ltr'><strong>Itaque</strong></span> <span class='ocrx_word' id='word_1_110' title='bbox 1341 1679 1396 1733; x_wconf 91' lang='lat' dir='ltr'><strong>in</strong></span> <span class='ocrx_word' id='word_1_111' title='bbox 1422 1679 1636 1750; x_wconf 86' lang='lat' dir='ltr'><strong>psalmo</strong></span> <span class='ocrx_word' id='word_1_112' title='bbox 1664 1678 2021 1750; x_wconf 88' lang='lat' dir='ltr'><strong>quadragesi-</strong></span> 
     </span>
    </p>
   </div>
   <div class='ocr_carea' id='block_1_18' title="bbox 530 460 2038 556">
    <p class='ocr_par' dir='ltr' id='par_1_18' title="bbox 530 484 2028 556">
     <span class='ocr_line' id='line_1_18' title="bbox 530 484 2028 556; baseline -0.005 -11"><span class='ocrx_word' id='word_1_113' title='bbox 530 486 715 545; x_wconf 87' lang='lat' dir='ltr'><strong>Possit</strong></span> <span class='ocrx_word' id='word_1_114' title='bbox 765 500 894 542; x_wconf 88' lang='lat' dir='ltr'><strong>vero</strong></span> <span class='ocrx_word' id='word_1_115' title='bbox 942 484 1142 556; x_wconf 85' lang='lat' dir='ltr'><strong>aliquis</strong></span> <span class='ocrx_word' id='word_1_116' title='bbox 1192 484 1302 539; x_wconf 88' lang='lat' dir='ltr'><strong>alio</strong></span> <span class='ocrx_word' id='word_1_117' title='bbox 1328 499 1547 555; x_wconf 91' lang='lat' dir='ltr'><strong>quoque</strong></span> <span class='ocrx_word' id='word_1_118' title='bbox 1577 484 1736 539; x_wconf 89' lang='lat' dir='ltr'><strong>modo</strong></span> <span class='ocrx_word' id='word_1_119' title='bbox 1778 484 2028 539; x_wconf 90' lang='lat' dir='ltr'><strong>inconta-</strong></span> 
     </span>
    </p>
   </div>
   <div class='ocr_carea' id='block_1_19' title="bbox 2125 460 3703 556">
    <p class='ocr_par' dir='ltr' id='par_1_19' title="bbox 2202 460 3703 550">
     <span class='ocr_line' id='line_1_19' title="bbox 2202 460 3703 550; baseline -0.008 -17"><span class='ocrx_word' id='word_1_120' title='bbox 2202 460 2497 550; x_wconf 52' lang='grc' dir='ltr'><strong>Δυνήσεται</strong></span> <span class='ocrx_word' id='word_1_121' title='bbox 2531 476 2589 531; x_wconf 88' lang='grc' dir='ltr'><strong>δέ</strong></span> <span class='ocrx_word' id='word_1_122' title='bbox 2626 493 2708 541; x_wconf 91' lang='grc' dir='ltr'><strong>τις</strong></span> <span class='ocrx_word' id='word_1_123' title='bbox 2749 476 2947 548; x_wconf 78' lang='grc' dir='ltr'><strong>ἑτέρως</strong></span> <span class='ocrx_word' id='word_1_124' title='bbox 2976 473 3076 545; x_wconf 75' lang='grc' dir='ltr'><strong>τὴν</strong></span> <span class='ocrx_word' id='word_1_125' title='bbox 3130 470 3348 543; x_wconf 85' lang='grc' dir='ltr'><strong>νύμφην</strong></span> <span class='ocrx_word' id='word_1_126' title='bbox 3381 469 3546 540; x_wconf 81' lang='grc' dir='ltr'><strong>φάναι</strong></span> <span class='ocrx_word' id='word_1_127' title='bbox 3599 470 3703 541; x_wconf 77' lang='grc' dir='ltr'><strong>τὴν</strong></span> 
     </span>
    </p>
   </div>
   <div class='ocr_carea' id='block_1_20' title="bbox 2125 560 3706 645">
    <p class='ocr_par' dir='ltr' id='par_1_20' title="bbox 2125 560 3706 645">
     <span class='ocr_line' id='line_1_20' title="bbox 2125 560 3706 645; baseline -0.008 -19"><span class='ocrx_word' id='word_1_128' title='bbox 2125 572 2301 645; x_wconf 82' lang='grc' dir='ltr'><strong>σάρκα</strong></span> <span class='ocrx_word' id='word_1_129' title='bbox 2330 569 2429 641; x_wconf 86' lang='grc' dir='ltr'><strong>τὴν</strong></span> <span class='ocrx_word' id='word_1_130' title='bbox 2455 568 2749 641; x_wconf 90' lang='grc' dir='ltr'><strong>άμόλυντον</strong></span> <span class='ocrx_word' id='word_1_131' title='bbox 2781 568 2875 621; x_wconf 82' lang='grc' dir='ltr'><strong>τοῦ</strong></span> <span class='ocrx_word' id='word_1_132' title='bbox 2909 567 3139 639; x_wconf 80' lang='grc' dir='ltr'><strong>Κυρίου,</strong></span> <span class='ocrx_word' id='word_1_133' title='bbox 3164 560 3233 638; x_wconf 79' lang='grc' dir='ltr'><strong>ἧς</strong></span> <span class='ocrx_word' id='word_1_134' title='bbox 3265 563 3424 635; x_wconf 83' lang='grc' dir='ltr'>χάριν</span> <span class='ocrx_word' id='word_1_135' title='bbox 3454 563 3548 616; x_wconf 83' lang='grc' dir='ltr'><strong>τὸν</strong></span> <span class='ocrx_word' id='word_1_136' title='bbox 3585 563 3706 615; x_wconf 88' lang='grc' dir='ltr'><strong>Πα-</strong></span> 
     </span>
    </p>
   </div>
   <div class='ocr_carea' id='block_1_21' title="bbox 2120 653 3708 733">
    <p class='ocr_par' dir='ltr' id='par_1_21' title="bbox 2120 653 3708 733">
     <span class='ocr_line' id='line_1_21' title="bbox 2120 653 3708 733; baseline -0.008 -17"><span class='ocrx_word' id='word_1_137' title='bbox 2120 663 2258 733; x_wconf 88' lang='grc' dir='ltr'><strong>τέρα</strong></span> <span class='ocrx_word' id='word_1_138' title='bbox 2294 660 2646 729; x_wconf 75' lang='grc' dir='ltr'><strong>καταλείψας,</strong></span> <span class='ocrx_word' id='word_1_139' title='bbox 2686 658 2947 729; x_wconf 77' lang='grc' dir='ltr'><strong>κατῆλθεν</strong></span> <span class='ocrx_word' id='word_1_140' title='bbox 2977 654 3228 719; x_wconf 78' lang='grc' dir='ltr'><strong>ἐνταῦθα,</strong></span> <span class='ocrx_word' id='word_1_141' title='bbox 3277 654 3373 709; x_wconf 80' lang='grc' dir='ltr'><strong>καὶ</strong></span> <span class='ocrx_word' id='word_1_142' title='bbox 3405 653 3708 726; x_wconf 82' lang='grc' dir='ltr'><strong>προσεκολ-</strong></span> 
     </span>
    </p>
   </div>
   <div class='ocr_carea' id='block_1_22' title="bbox 2120 743 3701 825">
    <p class='ocr_par' dir='ltr' id='par_1_22' title="bbox 2120 743 3701 825">
     <span class='ocr_line' id='line_1_22' title="bbox 2120 743 3701 825; baseline -0.006 -18"><span class='ocrx_word' id='word_1_143' title='bbox 2120 753 2279 825; x_wconf 84' lang='grc' dir='ltr'><strong>λήθη,</strong></span> <span class='ocrx_word' id='word_1_144' title='bbox 2303 752 2396 805; x_wconf 72' lang='grc' dir='ltr'><strong>καὶ</strong></span> <span class='ocrx_word' id='word_1_145' title='bbox 2421 750 2828 821; x_wconf 76' lang='grc' dir='ltr'><strong>ἐγκατέσκηψεν</strong></span> <span class='ocrx_word' id='word_1_146' title='bbox 2853 747 2926 817; x_wconf 88' lang='lat'><strong>(7)</strong></span> <span class='ocrx_word' id='word_1_147' title='bbox 2949 746 3370 817; x_wconf 83' lang='grc' dir='ltr'><strong>ὲνανθρωπήσας</strong></span> <span class='ocrx_word' id='word_1_148' title='bbox 3392 744 3471 806; x_wconf 84' lang='grc' dir='ltr'><strong>είς</strong></span> <span class='ocrx_word' id='word_1_149' title='bbox 3500 743 3701 814; x_wconf 80' lang='grc' dir='ltr'><strong>αὐτήν.</strong></span> 
     </span>
    </p>
   </div>
   <div class='ocr_carea' id='block_1_23' title="bbox 2122 834 3699 914">
    <p class='ocr_par' dir='ltr' id='par_1_23' title="bbox 2122 834 3699 914">
     <span class='ocr_line' id='line_1_23' title="bbox 2122 834 3699 914; baseline -0.006 -19"><span class='ocrx_word' id='word_1_150' title='bbox 2122 841 2215 895; x_wconf 77' lang='grc' dir='ltr'><strong>Διὸ</strong></span> <span class='ocrx_word' id='word_1_151' title='bbox 2241 841 2304 914; x_wconf 82' lang='grc' dir='ltr'><strong>δὴ</strong></span> <span class='ocrx_word' id='word_1_152' title='bbox 2349 842 2442 895; x_wconf 74' lang='grc' dir='ltr'><strong>καὶ</strong></span> <span class='ocrx_word' id='word_1_153' title='bbox 2489 838 2818 913; x_wconf 78' lang='grc' dir='ltr'><strong>περιστερὰν</strong></span> <span class='ocrx_word' id='word_1_154' title='bbox 2858 838 3026 909; x_wconf 77' lang='grc' dir='ltr'><strong>αὐτὴν</strong></span> <span class='ocrx_word' id='word_1_155' title='bbox 3075 835 3351 908; x_wconf 82' lang='grc' dir='ltr'><strong>τροπικῶς</strong></span> <span class='ocrx_word' id='word_1_156' title='bbox 3400 834 3699 888; x_wconf 74' lang='grc' dir='ltr'><strong>ἐκάλεσεν·</strong></span> 
     </span>
    </p>
   </div>
   <div class='ocr_carea' id='block_1_24' title="bbox 2121 924 3700 1003">
    <p class='ocr_par' dir='ltr' id='par_1_24' title="bbox 2121 924 3700 1003">
     <span class='ocr_line' id='line_1_24' title="bbox 2121 924 3700 1003; baseline -0.006 -19"><span class='ocrx_word' id='word_1_157' title='bbox 2121 931 2308 1003; x_wconf 79' lang='grc' dir='ltr'><strong>ἐπειδὴ</strong></span> <span class='ocrx_word' id='word_1_158' title='bbox 2341 930 2593 986; x_wconf 85' lang='grc' dir='ltr'><strong>τιθασσὺν</strong></span> <span class='ocrx_word' id='word_1_159' title='bbox 2625 929 2687 982; x_wconf 80' lang='grc' dir='ltr'><strong>τὸ</strong></span> <span class='ocrx_word' id='word_1_160' title='bbox 2729 929 2865 994; x_wconf 81' lang='grc' dir='ltr'><strong>ζῶον</strong></span> <span class='ocrx_word' id='word_1_161' title='bbox 2898 927 2992 981; x_wconf 75' lang='grc' dir='ltr'><strong>καὶ</strong></span> <span class='ocrx_word' id='word_1_162' title='bbox 3024 925 3355 998; x_wconf 77' lang='grc' dir='ltr'><strong>ὑπωρόφιον,</strong></span> <span class='ocrx_word' id='word_1_163' title='bbox 3382 925 3475 978; x_wconf 75' lang='grc' dir='ltr'><strong>καὶ</strong></span> <span class='ocrx_word' id='word_1_164' title='bbox 3516 924 3700 995; x_wconf 78' lang='grc' dir='ltr'><strong>διαίτῃ</strong></span> 
     </span>
    </p>
   </div>
   <div class='ocr_carea' id='block_1_25' title="bbox 2120 1014 3703 1095">
    <p class='ocr_par' dir='ltr' id='par_1_25' title="bbox 2120 1014 3703 1095">
     <span class='ocr_line' id='line_1_25' title="bbox 2120 1014 3703 1095; baseline -0.008 -18"><span class='ocrx_word' id='word_1_165' title='bbox 2120 1026 2188 1095; x_wconf 85' lang='grc' dir='ltr'><strong>τῇ</strong></span> <span class='ocrx_word' id='word_1_166' title='bbox 2217 1023 2325 1076; x_wconf 90' lang='grc' dir='ltr'><strong>τῶν</strong></span> <span class='ocrx_word' id='word_1_167' title='bbox 2365 1020 2665 1094; x_wconf 82' lang='grc' dir='ltr'><strong>ἀνθρώπων</strong></span> <span class='ocrx_word' id='word_1_168' title='bbox 2697 1017 3063 1091; x_wconf 78' lang='grc' dir='ltr'><strong>ὲνασμενίζον.</strong></span> <span class='ocrx_word' id='word_1_169' title='bbox 3088 1016 3240 1086; x_wconf 83' lang='grc' dir='ltr'><strong>Μόνη</strong></span> <span class='ocrx_word' id='word_1_170' title='bbox 3278 1014 3406 1088; x_wconf 88' lang='grc' dir='ltr'><strong>γάρ,</strong></span> <span class='ocrx_word' id='word_1_171' title='bbox 3450 1014 3525 1079; x_wconf 83' lang='grc' dir='ltr'><strong>ὡς</strong></span> <span class='ocrx_word' id='word_1_172' title='bbox 3564 1014 3703 1077; x_wconf 80' lang='grc' dir='ltr'><strong>ἔπος</strong></span> 
     </span>
    </p>
   </div>
   <div class='ocr_carea' id='block_1_26' title="bbox 2122 1106 3702 1182">
    <p class='ocr_par' dir='ltr' id='par_1_26' title="bbox 2122 1106 3702 1182">
     <span class='ocr_line' id='line_1_26' title="bbox 2122 1106 3702 1182; baseline -0.006 -14"><span class='ocrx_word' id='word_1_173' title='bbox 2122 1116 2317 1179; x_wconf 81' lang='grc' dir='ltr'><strong>εἰπεῖν,</strong></span> <span class='ocrx_word' id='word_1_174' title='bbox 2349 1113 2574 1177; x_wconf 77' lang='grc' dir='ltr'><strong>ἄσπιλος</strong></span> <span class='ocrx_word' id='word_1_175' title='bbox 2617 1111 2712 1169; x_wconf 73' lang='grc' dir='ltr'><strong>καὶ</strong></span> <span class='ocrx_word' id='word_1_176' title='bbox 2759 1109 3019 1182; x_wconf 79' lang='grc' dir='ltr'><strong>ἀμίαντος</strong></span> <span class='ocrx_word' id='word_1_177' title='bbox 3070 1107 3266 1180; x_wconf 77' lang='grc' dir='ltr'><strong>εὑρέθη</strong></span> <span class='ocrx_word' id='word_1_178' title='bbox 3291 1146 3307 1172; x_wconf 93' lang='grc'>,</span> <span class='ocrx_word' id='word_1_179' title='bbox 3352 1106 3446 1163; x_wconf 70' lang='grc' dir='ltr'><strong>καὶ</strong></span> <span class='ocrx_word' id='word_1_180' title='bbox 3487 1106 3702 1169; x_wconf 82' lang='grc' dir='ltr'><strong>πάντας</strong></span> 
     </span>
    </p>
   </div>
   <div class='ocr_carea' id='block_1_27' title="bbox 2122 1198 3698 1280">
    <p class='ocr_par' dir='ltr' id='par_1_27' title="bbox 2122 1198 3698 1280">
     <span class='ocr_line' id='line_1_27' title="bbox 2122 1198 3698 1280; baseline -0.006 -19"><span class='ocrx_word' id='word_1_181' title='bbox 2122 1206 2465 1280; x_wconf 79' lang='grc' dir='ltr'><strong>ὑπερέχουσα</strong></span> <span class='ocrx_word' id='word_1_182' title='bbox 2498 1204 2577 1276; x_wconf 85' lang='grc' dir='ltr'>τῷ</span> <span class='ocrx_word' id='word_1_183' title='bbox 2603 1205 2701 1276; x_wconf 84' lang='grc' dir='ltr'><strong>τῆς</strong></span> <span class='ocrx_word' id='word_1_184' title='bbox 2738 1201 3084 1273; x_wconf 73' lang='grc' dir='ltr'><strong>δικαιοσύνης</strong></span> <span class='ocrx_word' id='word_1_185' title='bbox 3121 1201 3309 1272; x_wconf 81' lang='grc' dir='ltr'><strong>κόσμῳ</strong></span> <span class='ocrx_word' id='word_1_186' title='bbox 3340 1200 3435 1253; x_wconf 77' lang='grc' dir='ltr'><strong>καὶ</strong></span> <span class='ocrx_word' id='word_1_187' title='bbox 3476 1198 3698 1252; x_wconf 68' lang='grc' dir='ltr'><strong>κάλλει*</strong></span> 
     </span>
    </p>
   </div>
   <div class='ocr_carea' id='block_1_28' title="bbox 2120 1288 3702 1369">
    <p class='ocr_par' dir='ltr' id='par_1_28' title="bbox 2120 1288 3702 1369">
     <span class='ocr_line' id='line_1_28' title="bbox 2120 1288 3702 1369; baseline -0.005 -19"><span class='ocrx_word' id='word_1_188' title='bbox 2120 1298 2260 1351; x_wconf 78' lang='grc' dir='ltr'><strong>ὥστε</strong></span> <span class='ocrx_word' id='word_1_189' title='bbox 2291 1296 2493 1369; x_wconf 83' lang='grc' dir='ltr'><strong>μηδένα</strong></span> <span class='ocrx_word' id='word_1_190' title='bbox 2519 1295 2614 1349; x_wconf 70' lang='grc' dir='ltr'><strong>καὶ</strong></span> <span class='ocrx_word' id='word_1_191' title='bbox 2648 1293 2757 1349; x_wconf 87' lang='grc' dir='ltr'><strong>τῶν</strong></span> <span class='ocrx_word' id='word_1_192' title='bbox 2786 1295 2865 1359; x_wconf 84' lang='grc' dir='ltr'><strong>εἰς</strong></span> <span class='ocrx_word' id='word_1_193' title='bbox 2893 1293 3061 1366; x_wconf 84' lang='grc' dir='ltr'><strong>ἀκρον</strong></span> <span class='ocrx_word' id='word_1_194' title='bbox 3103 1290 3587 1364; x_wconf 69' lang='grc' dir='ltr'><strong>εὐαρεπησάντων</strong></span> <span class='ocrx_word' id='word_1_195' title='bbox 3619 1288 3702 1361; x_wconf 80' lang='grc' dir='ltr'><strong>τῷ</strong></span> 
     </span>
    </p>
   </div>
   <div class='ocr_carea' id='block_1_29' title="bbox 2119 1382 3702 1461">
    <p class='ocr_par' dir='ltr' id='par_1_29' title="bbox 2119 1382 3702 1461">
     <span class='ocr_line' id='line_1_29' title="bbox 2119 1382 3702 1461; baseline -0.006 -18"><span class='ocrx_word' id='word_1_196' title='bbox 2119 1389 2237 1461; x_wconf 84' lang='grc' dir='ltr'><strong>Θεῷ</strong></span> <span class='ocrx_word' id='word_1_197' title='bbox 2276 1389 2480 1460; x_wconf 84' lang='grc' dir='ltr'><strong>ταύτης</strong></span> <span class='ocrx_word' id='word_1_198' title='bbox 2534 1387 2823 1459; x_wconf 86' lang='grc' dir='ltr'><strong>δυνηθῆναι</strong></span> <span class='ocrx_word' id='word_1_199' title='bbox 2877 1385 3065 1450; x_wconf 80' lang='grc' dir='ltr'><strong>πέλας,</strong></span> <span class='ocrx_word' id='word_1_200' title='bbox 3098 1385 3174 1448; x_wconf 85' lang='grc' dir='ltr'><strong>ὡς</strong></span> <span class='ocrx_word' id='word_1_201' title='bbox 3222 1382 3359 1454; x_wconf 77' lang='grc' dir='ltr'><strong>πρὸς</strong></span> <span class='ocrx_word' id='word_1_202' title='bbox 3409 1382 3702 1454; x_wconf 79' lang='grc' dir='ltr'><strong>σύγκρισιν</strong></span> 
     </span>
    </p>
   </div>
   <div class='ocr_carea' id='block_1_30' title="bbox 2116 1474 3699 1555">
    <p class='ocr_par' dir='ltr' id='par_1_30' title="bbox 2116 1474 3699 1555">
     <span class='ocr_line' id='line_1_30' title="bbox 2116 1474 3699 1555; baseline -0.006 -16"><span class='ocrx_word' id='word_1_203' title='bbox 2116 1484 2339 1555; x_wconf 83' lang='grc' dir='ltr'><strong>ἀρετῆς,</strong></span> <span class='ocrx_word' id='word_1_204' title='bbox 2363 1482 2573 1553; x_wconf 85' lang='grc' dir='ltr'><strong>στῆναι.</strong></span> <span class='ocrx_word' id='word_1_205' title='bbox 2605 1480 2716 1534; x_wconf 79' lang='grc' dir='ltr'><strong>Καὶ</strong></span> <span class='ocrx_word' id='word_1_206' title='bbox 2745 1479 2832 1533; x_wconf 81' lang='grc' dir='ltr'><strong>διὰ</strong></span> <span class='ocrx_word' id='word_1_207' title='bbox 2855 1478 3009 1532; x_wconf 80' lang='grc' dir='ltr'><strong>τοῦτο</strong></span> <span class='ocrx_word' id='word_1_208' title='bbox 3025 1475 3407 1547; x_wconf 79' lang='grc' dir='ltr'><strong>,κατηξιῶσθαι</strong></span> <span class='ocrx_word' id='word_1_209' title='bbox 3438 1474 3699 1529; x_wconf 75' lang='grc' dir='ltr'><strong>κοινωνὸν</strong></span> 
     </span>
    </p>
   </div>
   <div class='ocr_carea' id='block_1_31' title="bbox 2121 1563 3701 1646">
    <p class='ocr_par' dir='ltr' id='par_1_31' title="bbox 2121 1563 3701 1646">
     <span class='ocr_line' id='line_1_31' title="bbox 2121 1563 3701 1646; baseline -0.007 -18"><span class='ocrx_word' id='word_1_210' title='bbox 2121 1575 2291 1646; x_wconf 74' lang='grc' dir='ltr'><strong>αὐτὴν</strong></span> <span class='ocrx_word' id='word_1_211' title='bbox 2325 1572 2575 1642; x_wconf 85' lang='grc' dir='ltr'><strong>γενέσθαι</strong></span> <span class='ocrx_word' id='word_1_212' title='bbox 2607 1572 2705 1644; x_wconf 87' lang='grc' dir='ltr'><strong>τῆς</strong></span> <span class='ocrx_word' id='word_1_213' title='bbox 2735 1568 3006 1642; x_wconf 82' lang='grc' dir='ltr'><strong>βασιλείας</strong></span> <span class='ocrx_word' id='word_1_214' title='bbox 3031 1566 3126 1621; x_wconf 79' lang='grc' dir='ltr'><strong>τοῦ</strong></span> <span class='ocrx_word' id='word_1_215' title='bbox 3160 1565 3519 1635; x_wconf 85' lang='grc' dir='ltr'><strong>Μονογενοῦς,</strong></span> <span class='ocrx_word' id='word_1_216' title='bbox 3545 1563 3701 1635; x_wconf 84' lang='grc' dir='ltr'><strong>αύτῷ</strong></span> 
     </span>
    </p>
   </div>
   <div class='ocr_carea' id='block_1_32' title="bbox 2118 1658 3701 1736">
    <p class='ocr_par' dir='ltr' id='par_1_32' title="bbox 2118 1658 3701 1736">
     <span class='ocr_line' id='line_1_32' title="bbox 2118 1658 3701 1736; baseline -0.006 -18"><span class='ocrx_word' id='word_1_217' title='bbox 2118 1662 2576 1736; x_wconf 87' lang='grc' dir='ltr'><strong>καθηρμοσμένην</strong></span> <span class='ocrx_word' id='word_1_218' title='bbox 2614 1679 2675 1714; x_wconf 89' lang='grc' dir='ltr'><strong>τε</strong></span> <span class='ocrx_word' id='word_1_219' title='bbox 2714 1662 2810 1715; x_wconf 77' lang='grc' dir='ltr'><strong>καὶ</strong></span> <span class='ocrx_word' id='word_1_220' title='bbox 2845 1659 3157 1714; x_wconf 75' lang='grc' dir='ltr'><strong>ἑνωθεῖσαν.</strong></span> <span class='ocrx_word' id='word_1_221' title='bbox 3190 1658 3299 1713; x_wconf 75' lang='grc' dir='ltr'><strong>Καὶ</strong></span> <span class='ocrx_word' id='word_1_222' title='bbox 3335 1658 3393 1711; x_wconf 83' lang='grc' dir='ltr'><strong>ὲν</strong></span> <span class='ocrx_word' id='word_1_223' title='bbox 3423 1673 3701 1726; x_wconf 89' lang='grc' dir='ltr'><strong>τεσσαρα-</strong></span> 
     </span>
    </p>
   </div>
   <div class='ocr_carea' id='block_1_33' title="bbox 456 1748 2038 1841">
    <p class='ocr_par' dir='ltr' id='par_1_33' title="bbox 456 1748 2017 1841">
     <span class='ocr_line' id='line_1_33' title="bbox 456 1748 2017 1841; baseline -0.001 -18"><span class='ocrx_word' id='word_1_224' title='bbox 456 1785 546 1824; x_wconf 87' lang='lat' dir='ltr'><strong>mo</strong></span> <span class='ocrx_word' id='word_1_225' title='bbox 574 1776 770 1840; x_wconf 89' lang='lat' dir='ltr'><strong>quarto</strong></span> <span class='ocrx_word' id='word_1_226' title='bbox 789 1810 803 1835; x_wconf 97' lang='lat'><strong>,</strong></span> <span class='ocrx_word' id='word_1_227' title='bbox 837 1785 958 1841; x_wconf 70' lang='lat' dir='ltr'><strong>quae</strong></span> <span class='ocrx_word' id='word_1_228' title='bbox 988 1771 1133 1825; x_wconf 87' lang='lat' dir='ltr'><strong>inter</strong></span> <span class='ocrx_word' id='word_1_229' title='bbox 1158 1772 1342 1841; x_wconf 82' lang='lat' dir='ltr'><strong>plures</strong></span> <span class='ocrx_word' id='word_1_230' title='bbox 1365 1785 1397 1824; x_wconf 85' lang='lat' dir='ltr'><strong>a</strong></span> <span class='ocrx_word' id='word_1_231' title='bbox 1426 1748 1638 1826; x_wconf 77' lang='lat' dir='ltr'><strong>dextris</strong></span> <span class='ocrx_word' id='word_1_232' title='bbox 1684 1748 1786 1824; x_wconf 87' lang='lat' dir='ltr'><strong>Dei</strong></span> <span class='ocrx_word' id='word_1_233' title='bbox 1833 1748 2017 1840; x_wconf 82' lang='lat' dir='ltr'><strong>regina</strong></span> 
     </span>
    </p>
   </div>
   <div class='ocr_carea' id='block_1_34' title="bbox 2125 1748 3699 1841">
    <p class='ocr_par' dir='ltr' id='par_1_34' title="bbox 2125 1748 3699 1827">
     <span class='ocr_line' id='line_1_34' title="bbox 2125 1748 3699 1827; baseline -0.006 -17"><span class='ocrx_word' id='word_1_234' title='bbox 2125 1756 2296 1827; x_wconf 82' lang='grc' dir='ltr'><strong>κοστῷ</strong></span> <span class='ocrx_word' id='word_1_235' title='bbox 2336 1756 2394 1809; x_wconf 82' lang='grc' dir='ltr'><strong>δὲ</strong></span> <span class='ocrx_word' id='word_1_236' title='bbox 2425 1756 2521 1809; x_wconf 77' lang='grc' dir='ltr'><strong>καὶ</strong></span> <span class='ocrx_word' id='word_1_237' title='bbox 2568 1754 2812 1826; x_wconf 82' lang='grc' dir='ltr'><strong>τετάρτῳ</strong></span> <span class='ocrx_word' id='word_1_238' title='bbox 2853 1750 3054 1824; x_wconf 82' lang='grc' dir='ltr'><strong>ψαλμῷ</strong></span> <span class='ocrx_word' id='word_1_239' title='bbox 3095 1752 3130 1823; x_wconf 82' lang='grc' dir='ltr'>ἡ</span> <span class='ocrx_word' id='word_1_240' title='bbox 3178 1752 3243 1804; x_wconf 83' lang='grc' dir='ltr'><strong>ὲκ</strong></span> <span class='ocrx_word' id='word_1_241' title='bbox 3273 1748 3382 1803; x_wconf 86' lang='grc' dir='ltr'><strong>τῶν</strong></span> <span class='ocrx_word' id='word_1_242' title='bbox 3434 1748 3699 1802; x_wconf 84' lang='grc' dir='ltr'><strong>πλειόνων</strong></span> 
     </span>
    </p>
   </div>
   <div class='ocr_carea' id='block_1_35' title="bbox 455 1831 2038 1931">
    <p class='ocr_par' dir='ltr' id='par_1_35' title="bbox 455 1831 2019 1931">
     <span class='ocr_line' id='line_1_35' title="bbox 455 1831 2019 1931; baseline -0.001 -17"><span class='ocrx_word' id='word_1_243' title='bbox 455 1831 621 1923; x_wconf 68' lang='lat' dir='ltr'><strong>astat,</strong></span> <span class='ocrx_word' id='word_1_244' title='bbox 652 1875 815 1916; x_wconf 90' lang='lat' dir='ltr'><strong>aurea</strong></span> <span class='ocrx_word' id='word_1_245' title='bbox 851 1831 1070 1916; x_wconf 72' lang='lat' dir='ltr'><strong>virtutis</strong></span> <span class='ocrx_word' id='word_1_246' title='bbox 1098 1831 1303 1917; x_wconf 77' lang='lat' dir='ltr'><strong>mundo</strong></span> <span class='ocrx_word' id='word_1_247' title='bbox 1331 1868 1524 1916; x_wconf 88' lang='lat' dir='ltr'><strong>ornata</strong></span> <span class='ocrx_word' id='word_1_248' title='bbox 1543 1901 1559 1927; x_wconf 92' lang='lat'><strong>,</strong></span> <span class='ocrx_word' id='word_1_249' title='bbox 1591 1860 1752 1931; x_wconf 83' lang='lat' dir='ltr'><strong>cujus</strong></span> <span class='ocrx_word' id='word_1_250' title='bbox 1776 1875 1873 1915; x_wconf 85' lang='lat' dir='ltr'><strong>rex</strong></span> <span class='ocrx_word' id='word_1_251' title='bbox 1893 1831 2019 1930; x_wconf 71' lang='lat' dir='ltr'><strong>pul-</strong></span> 
     </span>
    </p>
   </div>
   <div class='ocr_carea' id='block_1_36' title="bbox 2125 1831 3699 1931">
    <p class='ocr_par' dir='ltr' id='par_1_36' title="bbox 2125 1838 3699 1931">
     <span class='ocr_line' id='line_1_36' title="bbox 2125 1838 3699 1931; baseline -0.008 -30"><span class='ocrx_word' id='word_1_252' title='bbox 2125 1846 2498 1919; x_wconf 87' lang='grc' dir='ltr'><strong>παρισταμένη</strong></span> <span class='ocrx_word' id='word_1_253' title='bbox 2528 1846 2592 1900; x_wconf 79' lang='grc' dir='ltr'><strong>ὲκ</strong></span> <span class='ocrx_word' id='word_1_254' title='bbox 2626 1844 2815 1911; x_wconf 80' lang='grc' dir='ltr'><strong>δεξιῶν</strong></span> <span class='ocrx_word' id='word_1_255' title='bbox 2862 1843 3147 1915; x_wconf 83' lang='grc' dir='ltr'><strong>βασίλισσα</strong></span> <span class='ocrx_word' id='word_1_256' title='bbox 3178 1840 3270 1895; x_wconf 79' lang='grc' dir='ltr'><strong>τοῦ</strong></span> <span class='ocrx_word' id='word_1_257' title='bbox 3308 1840 3450 1931; x_wconf 14' lang='grc' dir='ltr'><strong>Θεοῦῗ</strong></span> <span class='ocrx_word' id='word_1_258' title='bbox 3486 1838 3699 1931; x_wconf 82' lang='grc' dir='ltr'><strong>μερῶν,</strong></span> 
     </span>
    </p>
   </div>
   <div class='ocr_carea' id='block_1_37' title="bbox 455 1933 2015 2023">
    <p class='ocr_par' dir='ltr' id='par_1_37' title="bbox 455 1933 2015 2023">
     <span class='ocr_line' id='line_1_37' title="bbox 455 1933 2015 2023; baseline 0 -19"><span class='ocrx_word' id='word_1_259' title='bbox 455 1950 819 2006; x_wconf 91' lang='lat' dir='ltr'><strong>chritudinem</strong></span> <span class='ocrx_word' id='word_1_260' title='bbox 848 1953 1161 2023; x_wconf 86' lang='lat' dir='ltr'><strong>concupivit</strong></span> <span class='ocrx_word' id='word_1_261' title='bbox 1190 1953 1267 2021; x_wconf 74' lang='lat'><strong>&quot;,</strong></span> <span class='ocrx_word' id='word_1_262' title='bbox 1303 1969 1434 2009; x_wconf 90' lang='lat' dir='ltr'><strong>caro</strong></span> <span class='ocrx_word' id='word_1_263' title='bbox 1470 1962 1586 2018; x_wconf 90' lang='lat' dir='ltr'><strong>est,</strong></span> <span class='ocrx_word' id='word_1_264' title='bbox 1620 1952 1700 2007; x_wconf 89' lang='lat' dir='ltr'><strong>uti</strong></span> <span class='ocrx_word' id='word_1_265' title='bbox 1730 1933 1977 2008; x_wconf 80' lang='lat' dir='ltr'><strong>dicebam</strong></span> <span class='ocrx_word' id='word_1_266' title='bbox 1997 1990 2015 2015; x_wconf 94' lang='lat'><strong>,</strong></span> 
     </span>
    </p>
   </div>
   <div class='ocr_carea' id='block_1_38' title="bbox 455 2040 2015 2115">
    <p class='ocr_par' dir='ltr' id='par_1_38' title="bbox 455 2040 2015 2115">
     <span class='ocr_line' id='line_1_38' title="bbox 455 2040 2015 2115; baseline 0 -18"><span class='ocrx_word' id='word_1_267' title='bbox 455 2040 774 2098; x_wconf 85' lang='lat' dir='ltr'><strong>intemerata</strong></span> <span class='ocrx_word' id='word_1_268' title='bbox 799 2044 889 2098; x_wconf 87' lang='lat' dir='ltr'><strong>illa</strong></span> <span class='ocrx_word' id='word_1_269' title='bbox 930 2054 982 2099; x_wconf 89' lang='lat' dir='ltr'><strong>ct</strong></span> <span class='ocrx_word' id='word_1_270' title='bbox 1012 2044 1166 2099; x_wconf 89' lang='lat' dir='ltr'><strong>beata</strong></span> <span class='ocrx_word' id='word_1_271' title='bbox 1194 2084 1209 2110; x_wconf 95' lang='lat'><strong>,</strong></span> <span class='ocrx_word' id='word_1_272' title='bbox 1253 2060 1415 2115; x_wconf 87' lang='lat' dir='ltr'><strong>quam</strong></span> <span class='ocrx_word' id='word_1_273' title='bbox 1450 2045 1567 2115; x_wconf 90' lang='lat' dir='ltr'><strong>ipse</strong></span> <span class='ocrx_word' id='word_1_274' title='bbox 1602 2043 1745 2099; x_wconf 90' lang='lat' dir='ltr'><strong>Deus</strong></span> <span class='ocrx_word' id='word_1_275' title='bbox 1777 2041 2015 2098; x_wconf 82' lang='lat' dir='ltr'><strong>Verbum</strong></span> 
     </span>
    </p>
   </div>
   <div class='ocr_carea' id='block_1_39' title="bbox 453 2132 2022 2191">
    <p class='ocr_par' dir='ltr' id='par_1_39' title="bbox 453 2132 2022 2191">
     <span class='ocr_line' id='line_1_39' title="bbox 453 2132 2022 2191; baseline 0.001 -4"><span class='ocrx_word' id='word_1_276' title='bbox 453 2133 610 2188; x_wconf 66' lang='lat' dir='ltr'><strong>caelis</strong></span> <span class='ocrx_word' id='word_1_277' title='bbox 638 2132 907 2188; x_wconf 87' lang='lat' dir='ltr'><strong>invectam</strong></span> <span class='ocrx_word' id='word_1_278' title='bbox 946 2150 977 2189; x_wconf 87' lang='lat' dir='ltr'><strong>a</strong></span> <span class='ocrx_word' id='word_1_279' title='bbox 1019 2133 1228 2191; x_wconf 79' lang='lat' dir='ltr'><strong>dextris</strong></span> <span class='ocrx_word' id='word_1_280' title='bbox 1266 2135 1445 2191; x_wconf 82' lang='lat' dir='ltr'><strong>Patris</strong></span> <span class='ocrx_word' id='word_1_281' title='bbox 1489 2135 1776 2191; x_wconf 83' lang='lat' dir='ltr'><strong>collocavit</strong></span> <span class='ocrx_word' id='word_1_282' title='bbox 1814 2133 2022 2189; x_wconf 85' lang='lat' dir='ltr'><strong>auratis</strong></span> 
     </span>
    </p>
   </div>
   <div class='ocr_carea' id='block_1_40' title="bbox 453 2222 2020 2293">
    <p class='ocr_par' dir='ltr' id='par_1_40' title="bbox 453 2222 2020 2293">
     <span class='ocr_line' id='line_1_40' title="bbox 453 2222 2020 2293; baseline 0.004 -20"><span class='ocrx_word' id='word_1_283' title='bbox 453 2222 697 2278; x_wconf 87' lang='lat' dir='ltr'><strong>vestibus</strong></span> <span class='ocrx_word' id='word_1_284' title='bbox 725 2223 1002 2290; x_wconf 86' lang='lat' dir='ltr'><strong>decoram,</strong></span> <span class='ocrx_word' id='word_1_285' title='bbox 1034 2225 1088 2279; x_wconf 92' lang='lat' dir='ltr'><strong>in</strong></span> <span class='ocrx_word' id='word_1_286' title='bbox 1121 2224 1317 2280; x_wconf 88' lang='lat' dir='ltr'><strong>studiis</strong></span> <span class='ocrx_word' id='word_1_287' title='bbox 1340 2224 1549 2281; x_wconf 85' lang='lat' dir='ltr'><strong>scilicet</strong></span> <span class='ocrx_word' id='word_1_288' title='bbox 1573 2224 2020 2293; x_wconf 86' lang='lat' dir='ltr'><strong>incorruptionis,</strong></span> 
     </span>
    </p>
   </div>
   <div class='ocr_carea' id='block_1_41' title="bbox 453 2314 2021 2387">
    <p class='ocr_par' dir='ltr' id='par_1_41' title="bbox 453 2314 2021 2387">
     <span class='ocr_line' id='line_1_41' title="bbox 453 2314 2021 2387; baseline 0 -19"><span class='ocrx_word' id='word_1_289' title='bbox 453 2329 575 2387; x_wconf 64' lang='lat' dir='ltr'><strong>quae</strong></span> <span class='ocrx_word' id='word_1_290' title='bbox 605 2314 904 2385; x_wconf 87' lang='lat' dir='ltr'><strong>symbolice</strong></span> <span class='ocrx_word' id='word_1_291' title='bbox 938 2316 1152 2370; x_wconf 87' lang='lat' dir='ltr'><strong>vocavit</strong></span> <span class='ocrx_word' id='word_1_292' title='bbox 1180 2315 1420 2386; x_wconf 82' lang='lat' dir='ltr'><strong>ﬁmbrias</strong></span> <span class='ocrx_word' id='word_1_293' title='bbox 1445 2332 1658 2380; x_wconf 79' lang='lat' dir='ltr'><strong>aureas,</strong></span> <span class='ocrx_word' id='word_1_294' title='bbox 1681 2314 1830 2384; x_wconf 91' lang='lat' dir='ltr'><strong>quod</strong></span> <span class='ocrx_word' id='word_1_295' title='bbox 1856 2314 2021 2369; x_wconf 87' lang='lat' dir='ltr'><strong>nimi-</strong></span> 
     </span>
    </p>
   </div>
   <div class='ocr_carea' id='block_1_42' title="bbox 452 2406 2024 2476">
    <p class='ocr_par' dir='ltr' id='par_1_42' title="bbox 452 2406 2024 2476">
     <span class='ocr_line' id='line_1_42' title="bbox 452 2406 2024 2476; baseline -0.001 -15"><span class='ocrx_word' id='word_1_296' title='bbox 452 2421 574 2461; x_wconf 89' lang='lat' dir='ltr'><strong>rum</strong></span> <span class='ocrx_word' id='word_1_297' title='bbox 600 2406 976 2462; x_wconf 91' lang='lat' dir='ltr'><strong>indumentum</strong></span> <span class='ocrx_word' id='word_1_298' title='bbox 1015 2406 1154 2470; x_wconf 92' lang='lat' dir='ltr'><strong>hoc,</strong></span> <span class='ocrx_word' id='word_1_299' title='bbox 1201 2407 1370 2461; x_wconf 81' lang='lat' dir='ltr'><strong>variis</strong></span> <span class='ocrx_word' id='word_1_300' title='bbox 1415 2421 1484 2460; x_wconf 86' lang='lat' dir='ltr'><strong>ex</strong></span> <span class='ocrx_word' id='word_1_301' title='bbox 1525 2406 1856 2470; x_wconf 86' lang='lat' dir='ltr'><strong>virtutibus,</strong></span> <span class='ocrx_word' id='word_1_302' title='bbox 1893 2414 2024 2476; x_wconf 89' lang='lat' dir='ltr'><strong>puta</strong></span> 
     </span>
    </p>
   </div>
   <div class='ocr_carea' id='block_1_43' title="bbox 453 2496 2025 2568">
    <p class='ocr_par' dir='ltr' id='par_1_43' title="bbox 453 2496 2025 2568">
     <span class='ocr_line' id='line_1_43' title="bbox 453 2496 2025 2568; baseline -0.002 -14"><span class='ocrx_word' id='word_1_303' title='bbox 453 2499 729 2564; x_wconf 85' lang='lat' dir='ltr'><strong>castitate,</strong></span> <span class='ocrx_word' id='word_1_304' title='bbox 759 2497 1048 2568; x_wconf 88' lang='lat' dir='ltr'><strong>prudentia</strong></span> <span class='ocrx_word' id='word_1_305' title='bbox 1066 2538 1080 2563; x_wconf 92' lang='lat'><strong>,</strong></span> <span class='ocrx_word' id='word_1_306' title='bbox 1106 2497 1230 2562; x_wconf 85' lang='lat' dir='ltr'><strong>ﬁde,</strong></span> <span class='ocrx_word' id='word_1_307' title='bbox 1261 2497 1528 2562; x_wconf 81' lang='lat' dir='ltr'><strong>charitate</strong></span> <span class='ocrx_word' id='word_1_308' title='bbox 1552 2536 1567 2562; x_wconf 97' lang='lat'><strong>,</strong></span> <span class='ocrx_word' id='word_1_309' title='bbox 1603 2496 1897 2567; x_wconf 84' lang='lat' dir='ltr'><strong>patientia,</strong></span> <span class='ocrx_word' id='word_1_310' title='bbox 1924 2497 2025 2551; x_wconf 92' lang='lat' dir='ltr'><strong>bo-</strong></span> 
     </span>
    </p>
   </div>
   <div class='ocr_carea' id='block_1_44' title="bbox 453 2588 2020 2659">
    <p class='ocr_par' dir='ltr' id='par_1_44' title="bbox 453 2588 2020 2659">
     <span class='ocr_line' id='line_1_44' title="bbox 453 2588 2020 2659; baseline -0.003 -14"><span class='ocrx_word' id='word_1_311' title='bbox 453 2590 650 2659; x_wconf 90' lang='lat' dir='ltr'><strong>nisque</strong></span> <span class='ocrx_word' id='word_1_312' title='bbox 693 2589 964 2658; x_wconf 88' lang='lat' dir='ltr'><strong>reliquis,</strong></span> <span class='ocrx_word' id='word_1_313' title='bbox 1013 2589 1323 2659; x_wconf 87' lang='lat' dir='ltr'><strong>variegatur</strong></span> <span class='ocrx_word' id='word_1_314' title='bbox 1369 2595 1425 2642; x_wconf 90' lang='lat' dir='ltr'><strong>et</strong></span> <span class='ocrx_word' id='word_1_315' title='bbox 1472 2588 1629 2658; x_wconf 89' lang='lat' dir='ltr'><strong>quasi</strong></span> <span class='ocrx_word' id='word_1_316' title='bbox 1676 2588 2020 2655; x_wconf 82' lang='lat' dir='ltr'><strong>contexitur;</strong></span> 
     </span>
    </p>
   </div>
   <div class='ocr_carea' id='block_1_45' title="bbox 453 2680 2019 2752">
    <p class='ocr_par' dir='ltr' id='par_1_45' title="bbox 453 2680 2019 2752">
     <span class='ocr_line' id='line_1_45' title="bbox 453 2680 2019 2752; baseline 0.001 -17"><span class='ocrx_word' id='word_1_317' title='bbox 453 2696 575 2751; x_wconf 81' lang='lat' dir='ltr'><strong>quae</strong></span> <span class='ocrx_word' id='word_1_318' title='bbox 602 2682 763 2752; x_wconf 89' lang='lat' dir='ltr'><strong>plane</strong></span> <span class='ocrx_word' id='word_1_319' title='bbox 806 2681 1105 2751; x_wconf 89' lang='lat' dir='ltr'><strong>operientia</strong></span> <span class='ocrx_word' id='word_1_320' title='bbox 1152 2680 1335 2737; x_wconf 90' lang='lat' dir='ltr'><strong>carnis</strong></span> <span class='ocrx_word' id='word_1_321' title='bbox 1364 2681 1757 2751; x_wconf 88' lang='lat' dir='ltr'><strong>turpitudinem</strong></span> <span class='ocrx_word' id='word_1_322' title='bbox 1780 2720 1798 2748; x_wconf 92' lang='lat'><strong>,</strong></span> <span class='ocrx_word' id='word_1_323' title='bbox 1850 2696 2019 2738; x_wconf 89' lang='lat' dir='ltr'><strong>aureo</strong></span> 
     </span>
    </p>
   </div>
   <div class='ocr_carea' id='block_1_46' title="bbox 454 2770 1646 2843">
    <p class='ocr_par' dir='ltr' id='par_1_46' title="bbox 454 2770 1646 2843">
     <span class='ocr_line' id='line_1_46' title="bbox 454 2770 1646 2843; baseline 0.002 -16"><span class='ocrx_word' id='word_1_324' title='bbox 454 2770 729 2829; x_wconf 79' lang='lat' dir='ltr'><strong>hominem</strong></span> <span class='ocrx_word' id='word_1_325' title='bbox 763 2770 970 2827; x_wconf 90' lang='lat' dir='ltr'><strong>mundo</strong></span> <span class='ocrx_word' id='word_1_326' title='bbox 994 2771 1255 2843; x_wconf 91' lang='lat' dir='ltr'><strong>cultuque</strong></span> <span class='ocrx_word' id='word_1_327' title='bbox 1282 2774 1646 2829; x_wconf 90' lang='lat' dir='ltr'><strong>convestiunt.</strong></span> 
     </span>
    </p>
   </div>
   <div class='ocr_carea' id='block_1_47' title="bbox 2121 1929 3696 2010">
    <p class='ocr_par' dir='ltr' id='par_1_47' title="bbox 2121 1929 3696 2010">
     <span class='ocr_line' id='line_1_47' title="bbox 2121 1929 3696 2010; baseline -0.008 -17"><span class='ocrx_word' id='word_1_328' title='bbox 2121 1940 2155 2010; x_wconf 89' lang='grc' dir='ltr'><strong>ή</strong></span> <span class='ocrx_word' id='word_1_329' title='bbox 2186 1938 2264 2010; x_wconf 82' lang='grc' dir='ltr'><strong>τῷ</strong></span> <span class='ocrx_word' id='word_1_330' title='bbox 2286 1936 2561 2009; x_wconf 83' lang='grc' dir='ltr'><strong>διαχρύσῳ</strong></span> <span class='ocrx_word' id='word_1_331' title='bbox 2598 1937 2699 2007; x_wconf 83' lang='grc' dir='ltr'><strong>τῆς</strong></span> <span class='ocrx_word' id='word_1_332' title='bbox 2739 1934 2941 2007; x_wconf 84' lang='grc' dir='ltr'><strong>ἀρετῆς</strong></span> <span class='ocrx_word' id='word_1_333' title='bbox 2982 1934 3171 2005; x_wconf 84' lang='grc' dir='ltr'><strong>κόσμῳ</strong></span> <span class='ocrx_word' id='word_1_334' title='bbox 3211 1929 3696 2001; x_wconf 76' lang='grc' dir='ltr'><strong>κατεστολισμένη,</strong></span> 
     </span>
    </p>
   </div>
   <div class='ocr_carea' id='block_1_48' title="bbox 2119 2021 3699 2105">
    <p class='ocr_par' dir='ltr' id='par_1_48' title="bbox 2119 2021 3699 2105">
     <span class='ocr_line' id='line_1_48' title="bbox 2119 2021 3699 2105; baseline -0.009 -18"><span class='ocrx_word' id='word_1_335' title='bbox 2119 2028 2188 2105; x_wconf 85' lang='grc' dir='ltr'><strong>ἦς</strong></span> <span class='ocrx_word' id='word_1_336' title='bbox 2220 2029 2535 2101; x_wconf 76' lang='grc' dir='ltr'><strong>ἐπεθύμησε</strong></span> <span class='ocrx_word' id='word_1_337' title='bbox 2563 2027 2658 2081; x_wconf 77' lang='grc' dir='ltr'><strong>τοῦ</strong></span> <span class='ocrx_word' id='word_1_338' title='bbox 2688 2026 2918 2090; x_wconf 81' lang='grc' dir='ltr'><strong>κάλλους</strong></span> <span class='ocrx_word' id='word_1_339' title='bbox 2939 2028 2968 2080; x_wconf 86' lang='grc' dir='ltr'>ὁ</span> <span class='ocrx_word' id='word_1_340' title='bbox 2995 2024 3266 2097; x_wconf 83' lang='grc' dir='ltr'><strong>βασιλεὺς,</strong></span> <span class='ocrx_word' id='word_1_341' title='bbox 3294 2026 3326 2096; x_wconf 81' lang='grc' dir='ltr'><strong>ἡ</strong></span> <span class='ocrx_word' id='word_1_342' title='bbox 3355 2021 3491 2096; x_wconf 82' lang='grc' dir='ltr'><strong>σάρξ</strong></span> <span class='ocrx_word' id='word_1_343' title='bbox 3524 2025 3699 2088; x_wconf 74' lang='grc' dir='ltr'><strong>ἐστιν,</strong></span> 
     </span>
    </p>
   </div>
   <div class='ocr_carea' id='block_1_49' title="bbox 2120 2112 3700 2192">
    <p class='ocr_par' dir='ltr' id='par_1_49' title="bbox 2120 2112 3700 2192">
     <span class='ocr_line' id='line_1_49' title="bbox 2120 2112 3700 2192; baseline -0.006 -18"><span class='ocrx_word' id='word_1_344' title='bbox 2120 2121 2197 2186; x_wconf 87' lang='grc' dir='ltr'><strong>ὼς</strong></span> <span class='ocrx_word' id='word_1_345' title='bbox 2228 2120 2384 2192; x_wconf 76' lang='grc' dir='ltr'><strong>ἔφην,</strong></span> <span class='ocrx_word' id='word_1_346' title='bbox 2416 2120 2450 2190; x_wconf 81' lang='grc' dir='ltr'>ἡ</span> <span class='ocrx_word' id='word_1_347' title='bbox 2482 2118 2747 2191; x_wconf 77' lang='grc' dir='ltr'><strong>ἄχραντος</strong></span> <span class='ocrx_word' id='word_1_348' title='bbox 2784 2118 2968 2188; x_wconf 79' lang='grc' dir='ltr'><strong>ἐκείνη</strong></span> <span class='ocrx_word' id='word_1_349' title='bbox 3002 2117 3096 2170; x_wconf 75' lang='grc' dir='ltr'><strong>καὶ</strong></span> <span class='ocrx_word' id='word_1_350' title='bbox 3137 2114 3403 2187; x_wconf 86' lang='grc' dir='ltr'><strong>μακαρία,</strong></span> <span class='ocrx_word' id='word_1_351' title='bbox 3427 2115 3494 2183; x_wconf 78' lang='grc' dir='ltr'><strong>ἣν</strong></span> <span class='ocrx_word' id='word_1_352' title='bbox 3534 2112 3700 2176; x_wconf 80' lang='grc' dir='ltr'><strong>αὐτὸς</strong></span> 
     </span>
    </p>
   </div>
   <div class='ocr_carea' id='block_1_50' title="bbox 2121 2205 3697 2286">
    <p class='ocr_par' dir='ltr' id='par_1_50' title="bbox 2121 2205 3697 2286">
     <span class='ocr_line' id='line_1_50' title="bbox 2121 2205 3697 2286; baseline -0.007 -17"><span class='ocrx_word' id='word_1_353' title='bbox 2121 2213 2456 2286; x_wconf 82' lang='grc' dir='ltr'><strong>ἀνακομίσας</strong></span> <span class='ocrx_word' id='word_1_354' title='bbox 2482 2214 2512 2266; x_wconf 83' lang='grc' dir='ltr'><strong>ὁ</strong></span> <span class='ocrx_word' id='word_1_355' title='bbox 2551 2211 2722 2281; x_wconf 86' lang='grc' dir='ltr'><strong>Λόγος</strong></span> <span class='ocrx_word' id='word_1_356' title='bbox 2762 2212 2843 2276; x_wconf 87' lang='grc' dir='ltr'><strong>είς</strong></span> <span class='ocrx_word' id='word_1_357' title='bbox 2877 2210 3161 2281; x_wconf 78' lang='grc' dir='ltr'><strong>οὐρανοὺς,</strong></span> <span class='ocrx_word' id='word_1_358' title='bbox 3198 2210 3263 2261; x_wconf 80' lang='grc' dir='ltr'><strong>ὲκ</strong></span> <span class='ocrx_word' id='word_1_359' title='bbox 3301 2205 3488 2274; x_wconf 81' lang='grc' dir='ltr'><strong>δεξιῶν</strong></span> <span class='ocrx_word' id='word_1_360' title='bbox 3522 2205 3697 2276; x_wconf 76' lang='grc' dir='ltr'><strong>παρέ-</strong></span> 
     </span>
    </p>
   </div>
   <div class='ocr_carea' id='block_1_51' title="bbox 2123 2297 3698 2376">
    <p class='ocr_par' dir='ltr' id='par_1_51' title="bbox 2123 2297 3698 2376">
     <span class='ocr_line' id='line_1_51' title="bbox 2123 2297 3698 2376; baseline -0.008 -17"><span class='ocrx_word' id='word_1_361' title='bbox 2123 2323 2287 2376; x_wconf 88' lang='grc' dir='ltr'><strong>στησε</strong></span> <span class='ocrx_word' id='word_1_362' title='bbox 2314 2303 2407 2358; x_wconf 81' lang='grc' dir='ltr'><strong>τοῦ</strong></span> <span class='ocrx_word' id='word_1_363' title='bbox 2441 2303 2672 2376; x_wconf 83' lang='grc' dir='ltr'><strong>Πατρὸς,</strong></span> <span class='ocrx_word' id='word_1_364' title='bbox 2704 2304 2762 2356; x_wconf 82' lang='grc' dir='ltr'><strong>ὲν</strong></span> <span class='ocrx_word' id='word_1_365' title='bbox 2801 2301 3083 2374; x_wconf 76' lang='grc' dir='ltr'><strong>ἱματισμῷ</strong></span> <span class='ocrx_word' id='word_1_366' title='bbox 3111 2297 3386 2371; x_wconf 87' lang='grc' dir='ltr'><strong>διαχρύσῳ</strong></span> <span class='ocrx_word' id='word_1_367' title='bbox 3417 2311 3698 2366; x_wconf 77' lang='grc' dir='ltr'><strong>κεκοσμηο</strong></span> 
     </span>
    </p>
   </div>
   <div class='ocr_carea' id='block_1_52' title="bbox 2126 2388 3698 2469">
    <p class='ocr_par' dir='ltr' id='par_1_52' title="bbox 2126 2388 3698 2469">
     <span class='ocr_line' id='line_1_52' title="bbox 2126 2388 3698 2469; baseline -0.008 -18"><span class='ocrx_word' id='word_1_368' title='bbox 2126 2397 2325 2469; x_wconf 81' lang='grc' dir='ltr'><strong>μένην·</strong></span> <span class='ocrx_word' id='word_1_369' title='bbox 2363 2396 2392 2449; x_wconf 80' lang='grc' dir='ltr'><strong>ὃ</strong></span> <span class='ocrx_word' id='word_1_370' title='bbox 2420 2395 2484 2466; x_wconf 85' lang='grc' dir='ltr'><strong>δή</strong></span> <span class='ocrx_word' id='word_1_371' title='bbox 2520 2396 2696 2458; x_wconf 73' lang='grc' dir='ltr'><strong>ἐστιν,</strong></span> <span class='ocrx_word' id='word_1_372' title='bbox 2731 2395 2789 2447; x_wconf 82' lang='grc' dir='ltr'><strong>ὲν</strong></span> <span class='ocrx_word' id='word_1_373' title='bbox 2820 2391 3213 2464; x_wconf 71' lang='grc' dir='ltr'><strong>ἐπιτηδεύμασι</strong></span> <span class='ocrx_word' id='word_1_374' title='bbox 3236 2391 3333 2462; x_wconf 84' lang='grc' dir='ltr'><strong>τῆς</strong></span> <span class='ocrx_word' id='word_1_375' title='bbox 3365 2388 3698 2460; x_wconf 79' lang='grc' dir='ltr'><strong>ἀφθαρσίας,</strong></span> 
     </span>
    </p>
   </div>
   <div class='ocr_carea' id='block_1_53' title="bbox 2117 2479 3700 2558">
    <p class='ocr_par' dir='ltr' id='par_1_53' title="bbox 2117 2479 3700 2558">
     <span class='ocr_line' id='line_1_53' title="bbox 2117 2479 3700 2558; baseline -0.006 -17"><span class='ocrx_word' id='word_1_376' title='bbox 2117 2486 2153 2541; x_wconf 84' lang='grc' dir='ltr'><strong>ἀ</strong></span> <span class='ocrx_word' id='word_1_377' title='bbox 2192 2484 2534 2558; x_wconf 75' lang='grc' dir='ltr'><strong>συμϐολικῶς</strong></span> <span class='ocrx_word' id='word_1_378' title='bbox 2558 2484 2726 2557; x_wconf 75' lang='grc' dir='ltr'><strong>ἔφησε</strong></span> <span class='ocrx_word' id='word_1_379' title='bbox 2756 2482 2958 2554; x_wconf 81' lang='grc' dir='ltr'><strong>χρυσᾶ</strong></span> <span class='ocrx_word' id='word_1_380' title='bbox 2986 2482 3320 2552; x_wconf 82' lang='grc' dir='ltr'><strong>κροσσωτά.</strong></span> <span class='ocrx_word' id='word_1_381' title='bbox 3351 2479 3563 2551; x_wconf 76' lang='grc' dir='ltr'><strong>Ἐπειδὴ</strong></span> <span class='ocrx_word' id='word_1_382' title='bbox 3586 2479 3700 2551; x_wconf 74' lang='grc' dir='ltr'><strong>γὰρ</strong></span> 
     </span>
    </p>
   </div>
   <div class='ocr_carea' id='block_1_54' title="bbox 2119 2571 3700 2644">
    <p class='ocr_par' dir='ltr' id='par_1_54' title="bbox 2119 2571 3700 2644">
     <span class='ocr_line' id='line_1_54' title="bbox 2119 2571 3700 2644; baseline -0.006 -12"><span class='ocrx_word' id='word_1_383' title='bbox 2119 2580 2184 2632; x_wconf 79' lang='grc' dir='ltr'><strong>ἐκ</strong></span> <span class='ocrx_word' id='word_1_384' title='bbox 2218 2577 2476 2632; x_wconf 87' lang='grc' dir='ltr'><strong>ποικίλων</strong></span> <span class='ocrx_word' id='word_1_385' title='bbox 2502 2576 2836 2644; x_wconf 86' lang='grc' dir='ltr'><strong>ποικίλλεται</strong></span> <span class='ocrx_word' id='word_1_386' title='bbox 2864 2574 3023 2629; x_wconf 75' lang='grc' dir='ltr'><strong>τοῦτο</strong></span> <span class='ocrx_word' id='word_1_387' title='bbox 3062 2575 3158 2628; x_wconf 70' lang='grc' dir='ltr'><strong>καὶ</strong></span> <span class='ocrx_word' id='word_1_388' title='bbox 3200 2571 3700 2642; x_wconf 72' lang='grc' dir='ltr'><strong>συγκαθυφαίνεται</strong></span> 
     </span>
    </p>
   </div>
   <div class='ocr_carea' id='block_1_55' title="bbox 2120 2663 3697 2743">
    <p class='ocr_par' dir='ltr' id='par_1_55' title="bbox 2120 2663 3697 2743">
     <span class='ocr_line' id='line_1_55' title="bbox 2120 2663 3697 2743; baseline -0.006 -18"><span class='ocrx_word' id='word_1_389' title='bbox 2120 2670 2557 2743; x_wconf 78' lang='grc' dir='ltr'><strong>κατορθωμάτων</strong></span> <span class='ocrx_word' id='word_1_390' title='bbox 2577 2670 2638 2724; x_wconf 82' lang='grc' dir='ltr'><strong>τὸ</strong></span> <span class='ocrx_word' id='word_1_391' title='bbox 2660 2669 2863 2741; x_wconf 77' lang='grc' dir='ltr'><strong>ἔνδυμα</strong></span> <span class='ocrx_word' id='word_1_392' title='bbox 2908 2663 3050 2735; x_wconf 72' lang='grc' dir='ltr'><strong>(οἷον</strong></span> <span class='ocrx_word' id='word_1_393' title='bbox 3086 2667 3329 2737; x_wconf 80' lang='grc' dir='ltr'><strong>ἁγνείας,</strong></span> <span class='ocrx_word' id='word_1_394' title='bbox 3361 2667 3697 2738; x_wconf 79' lang='grc' dir='ltr'><strong>φρονήσεως,</strong></span> 
     </span>
    </p>
   </div>
   <div class='ocr_carea' id='block_1_56' title="bbox 2122 2755 3701 2832">
    <p class='ocr_par' dir='ltr' id='par_1_56' title="bbox 2122 2755 3701 2832">
     <span class='ocr_line' id='line_1_56' title="bbox 2122 2755 3701 2832; baseline -0.004 -18"><span class='ocrx_word' id='word_1_395' title='bbox 2122 2762 2376 2825; x_wconf 87' lang='grc' dir='ltr'><strong>πίστεως,</strong></span> <span class='ocrx_word' id='word_1_396' title='bbox 2402 2761 2657 2832; x_wconf 87' lang='grc' dir='ltr'><strong>ἀγάπης,</strong></span> <span class='ocrx_word' id='word_1_397' title='bbox 2700 2759 2998 2831; x_wconf 80' lang='grc' dir='ltr'><strong>ὑπομονῆς,</strong></span> <span class='ocrx_word' id='word_1_398' title='bbox 3040 2759 3138 2814; x_wconf 73' lang='grc' dir='ltr'><strong>καὶ</strong></span> <span class='ocrx_word' id='word_1_399' title='bbox 3174 2757 3283 2811; x_wconf 88' lang='grc' dir='ltr'><strong>τῶν</strong></span> <span class='ocrx_word' id='word_1_400' title='bbox 3325 2755 3524 2809; x_wconf 86' lang='grc' dir='ltr'><strong>λοιπῶν</strong></span> <span class='ocrx_word' id='word_1_401' title='bbox 3563 2755 3701 2823; x_wconf 83' lang='grc' dir='ltr'><strong>ἀγα-</strong></span> 
     </span>
    </p>
   </div>
   <div class='ocr_carea' id='block_1_57' title="bbox 2116 2845 3700 2923">
    <p class='ocr_par' dir='ltr' id='par_1_57' title="bbox 2116 2845 3700 2923">
     <span class='ocr_line' id='line_1_57' title="bbox 2116 2845 3700 2923; baseline 0.002 -19"><span class='ocrx_word' id='word_1_402' title='bbox 2116 2850 2245 2923; x_wconf 88' lang='grc' dir='ltr'><strong>θῶν)</strong></span> <span class='ocrx_word' id='word_1_403' title='bbox 2267 2868 2280 2881; x_wconf 90' lang='grc'>·</span> <span class='ocrx_word' id='word_1_404' title='bbox 2326 2850 2363 2905; x_wconf 83' lang='grc' dir='ltr'><strong>ἀ</strong></span> <span class='ocrx_word' id='word_1_405' title='bbox 2404 2850 2490 2923; x_wconf 79' lang='grc' dir='ltr'><strong>δὴ,</strong></span> <span class='ocrx_word' id='word_1_406' title='bbox 2521 2849 3004 2904; x_wconf 85' lang='grc' dir='ltr'><strong>κατακαλύπτοντα</strong></span> <span class='ocrx_word' id='word_1_407' title='bbox 3046 2849 3146 2922; x_wconf 83' lang='grc' dir='ltr'><strong>τὴν</strong></span> <span class='ocrx_word' id='word_1_408' title='bbox 3183 2845 3566 2920; x_wconf 80' lang='grc' dir='ltr'><strong>ἀσχημοσύνην</strong></span> <span class='ocrx_word' id='word_1_409' title='bbox 3596 2846 3700 2916; x_wconf 79' lang='grc' dir='ltr'><strong>τῆς</strong></span> 
     </span>
    </p>
   </div>
   <div class='ocr_carea' id='block_1_58' title="bbox 2121 2940 3437 3017">
    <p class='ocr_par' dir='ltr' id='par_1_58' title="bbox 2121 2940 3437 3017">
     <span class='ocr_line' id='line_1_58' title="bbox 2121 2940 3437 3017; baseline -0.002 -18"><span class='ocrx_word' id='word_1_410' title='bbox 2121 2943 2343 3017; x_wconf 74' lang='grc' dir='ltr'><strong>σαρκὸς,</strong></span> <span class='ocrx_word' id='word_1_411' title='bbox 2364 2946 2561 3015; x_wconf 83' lang='grc' dir='ltr'><strong>κοσμεῖ</strong></span> <span class='ocrx_word' id='word_1_412' title='bbox 2587 2942 2677 2997; x_wconf 81' lang='grc' dir='ltr'><strong>τὸν</strong></span> <span class='ocrx_word' id='word_1_413' title='bbox 2704 2942 2990 3015; x_wconf 76' lang='grc' dir='ltr'><strong>ἄνθρωπον</strong></span> <span class='ocrx_word' id='word_1_414' title='bbox 3014 2941 3203 3013; x_wconf 79' lang='grc' dir='ltr'><strong>κόσμῳ</strong></span> <span class='ocrx_word' id='word_1_415' title='bbox 3232 2940 3437 3014; x_wconf 79' lang='grc' dir='ltr'><strong>χρυσῷ.</strong></span> 
     </span>
    </p>
   </div>
   <div class='ocr_carea' id='block_1_59' title="bbox 1252 3054 2816 3132">
    <p class='ocr_par' dir='ltr' id='par_1_59' title="bbox 1252 3054 2816 3132">
     <span class='ocr_line' id='line_1_59' title="bbox 1252 3054 2816 3132; baseline 0.001 -21"><span class='ocrx_word' id='word_1_416' title='bbox 1252 3054 1382 3112; x_wconf 66' lang='lat' dir='ltr'><strong>Car.</strong></span> <span class='ocrx_word' id='word_1_417' title='bbox 1413 3055 1504 3115; x_wconf 81' lang='lat' dir='ltr'><strong>IX.</strong></span> <span class='ocrx_word' id='word_1_418' title='bbox 1546 3056 1781 3129; x_wconf 79' lang='lat' dir='ltr'><strong>Virgines</strong></span> <span class='ocrx_word' id='word_1_419' title='bbox 1806 3059 1986 3113; x_wconf 89' lang='lat' dir='ltr'><strong>statim</strong></span> <span class='ocrx_word' id='word_1_420' title='bbox 2010 3070 2127 3130; x_wconf 81' lang='lat' dir='ltr'><strong>post</strong></span> <span class='ocrx_word' id='word_1_421' title='bbox 2161 3058 2413 3132; x_wconf 80' lang='lat' dir='ltr'><strong>Reginam</strong></span> <span class='ocrx_word' id='word_1_422' title='bbox 2439 3077 2503 3115; x_wconf 82' lang='lat' dir='ltr'><strong>ac</strong></span> <span class='ocrx_word' id='word_1_423' title='bbox 2528 3058 2816 3131; x_wconf 84' lang='lat' dir='ltr'><strong>Sponsam.</strong></span> 
     </span>
    </p>
   </div>
   <div class='ocr_carea' id='block_1_60' title="bbox 521 3169 2095 3245">
    <p class='ocr_par' dir='ltr' id='par_1_60' title="bbox 521 3169 2095 3245">
     <span class='ocr_line' id='line_1_60' title="bbox 521 3169 2095 3245; baseline 0 -17"><span class='ocrx_word' id='word_1_424' title='bbox 521 3169 711 3229; x_wconf 79' lang='lat' dir='ltr'><strong>Restat</strong></span> <span class='ocrx_word' id='word_1_425' title='bbox 729 3179 791 3229; x_wconf 89' lang='lat' dir='ltr'><strong>ut</strong></span> <span class='ocrx_word' id='word_1_426' title='bbox 810 3171 941 3245; x_wconf 90' lang='lat' dir='ltr'><strong>quid</strong></span> <span class='ocrx_word' id='word_1_427' title='bbox 966 3171 1021 3226; x_wconf 89' lang='lat' dir='ltr'><strong>in</strong></span> <span class='ocrx_word' id='word_1_428' title='bbox 1044 3172 1507 3241; x_wconf 88' lang='lat' dir='ltr'><strong>consequentibus</strong></span> <span class='ocrx_word' id='word_1_429' title='bbox 1527 3173 1720 3243; x_wconf 89' lang='lat' dir='ltr'><strong>psalmi</strong></span> <span class='ocrx_word' id='word_1_430' title='bbox 1743 3181 1865 3245; x_wconf 89' lang='lat' dir='ltr'><strong>post</strong></span> <span class='ocrx_word' id='word_1_431' title='bbox 1884 3189 2027 3229; x_wconf 89' lang='lat' dir='ltr'><strong>com-</strong></span> <span class='ocrx_word' id='word_1_432' title='bbox 2053 3181 2095 3239; x_wconf 77' lang='grc' dir='ltr'>ο</span> 
     </span>
    </p>
   </div>
   <div class='ocr_carea' id='block_1_61' title="bbox 452 3260 2022 3334">
    <p class='ocr_par' dir='ltr' id='par_1_61' title="bbox 452 3260 2022 3334">
     <span class='ocr_line' id='line_1_61' title="bbox 452 3260 2022 3334; baseline -0.001 -14"><span class='ocrx_word' id='word_1_433' title='bbox 452 3275 809 3320; x_wconf 86' lang='lat' dir='ltr'><strong>memoratum</strong></span> <span class='ocrx_word' id='word_1_434' title='bbox 841 3263 1114 3319; x_wconf 89' lang='lat' dir='ltr'><strong>hominem</strong></span> <span class='ocrx_word' id='word_1_435' title='bbox 1137 3278 1166 3316; x_wconf 93' lang='lat' dir='ltr'><strong>a</strong></span> <span class='ocrx_word' id='word_1_436' title='bbox 1196 3260 1375 3318; x_wconf 73' lang='lat' dir='ltr'><strong>Verbo</strong></span> <span class='ocrx_word' id='word_1_437' title='bbox 1407 3272 1768 3334; x_wconf 87' lang='lat' dir='ltr'><strong>assumptum,</strong></span> <span class='ocrx_word' id='word_1_438' title='bbox 1791 3265 1855 3319; x_wconf 90' lang='lat' dir='ltr'><strong>ad</strong></span> <span class='ocrx_word' id='word_1_439' title='bbox 1893 3263 2022 3319; x_wconf 86' lang='lat' dir='ltr'><strong>Om-</strong></span> 
     </span>
    </p>
   </div>
   <div class='ocr_carea' id='block_1_62' title="bbox 452 3356 2025 3428">
    <p class='ocr_par' dir='ltr' id='par_1_62' title="bbox 452 3356 2025 3428">
     <span class='ocr_line' id='line_1_62' title="bbox 452 3356 2025 3428; baseline -0.001 -16"><span class='ocrx_word' id='word_1_440' title='bbox 452 3356 752 3427; x_wconf 88' lang='lat' dir='ltr'><strong>nipotentis</strong></span> <span class='ocrx_word' id='word_1_441' title='bbox 767 3356 1044 3412; x_wconf 85' lang='lat' dir='ltr'><strong>dexteram</strong></span> <span class='ocrx_word' id='word_1_442' title='bbox 1065 3358 1411 3422; x_wconf 87' lang='lat' dir='ltr'><strong>collocatum,</strong></span> <span class='ocrx_word' id='word_1_443' title='bbox 1434 3357 1614 3412; x_wconf 88' lang='lat' dir='ltr'><strong>tradat</strong></span> <span class='ocrx_word' id='word_1_444' title='bbox 1638 3357 1874 3428; x_wconf 87' lang='lat' dir='ltr'><strong>Spiritus</strong></span> <span class='ocrx_word' id='word_1_445' title='bbox 1895 3373 2025 3413; x_wconf 87' lang='lat' dir='ltr'><strong>san-</strong></span> 
     </span>
    </p>
   </div>
   <div class='ocr_carea' id='block_1_63' title="bbox 455 3448 2022 3521">
    <p class='ocr_par' dir='ltr' id='par_1_63' title="bbox 455 3448 2022 3521">
     <span class='ocr_line' id='line_1_63' title="bbox 455 3448 2022 3521; baseline -0.001 -17"><span class='ocrx_word' id='word_1_446' title='bbox 455 3457 600 3514; x_wconf 91' lang='lat' dir='ltr'><strong>ctus,</strong></span> <span class='ocrx_word' id='word_1_447' title='bbox 620 3449 1047 3505; x_wconf 82' lang='lat' dir='ltr'><strong>consideremus.</strong></span> <span class='ocrx_word' id='word_1_448' title='bbox 1066 3448 1427 3517; x_wconf 83' lang='lat' dir='ltr'><strong>Adducentur,</strong></span> <span class='ocrx_word' id='word_1_449' title='bbox 1454 3450 1632 3521; x_wconf 89' lang='lat' dir='ltr'><strong>inquit</strong></span> <span class='ocrx_word' id='word_1_450' title='bbox 1652 3449 1719 3516; x_wconf 76' lang='lat'><strong>“,</strong></span> <span class='ocrx_word' id='word_1_451' title='bbox 1742 3450 1850 3520; x_wconf 81' lang='lat' dir='ltr'><strong>regi</strong></span> <span class='ocrx_word' id='word_1_452' title='bbox 1866 3450 2022 3519; x_wconf 79' lang='lat' dir='ltr'><strong>virgi-</strong></span> 
     </span>
    </p>
   </div>
   <div class='ocr_carea' id='block_1_64' title="bbox 454 3538 2019 3609">
    <p class='ocr_par' dir='ltr' id='par_1_64' title="bbox 454 3538 2019 3609">
     <span class='ocr_line' id='line_1_64' title="bbox 454 3538 2019 3609; baseline 0 -19"><span class='ocrx_word' id='word_1_453' title='bbox 454 3552 544 3591; x_wconf 81' lang='lat' dir='ltr'><strong>nes</strong></span> <span class='ocrx_word' id='word_1_454' title='bbox 568 3546 685 3605; x_wconf 81' lang='lat' dir='ltr'><strong>post</strong></span> <span class='ocrx_word' id='word_1_455' title='bbox 712 3553 863 3602; x_wconf 82' lang='lat' dir='ltr'><strong>eam;</strong></span> <span class='ocrx_word' id='word_1_456' title='bbox 894 3539 1152 3607; x_wconf 50' lang='lat' dir='ltr'><strong>proximﬁ</strong></span> <span class='ocrx_word' id='word_1_457' title='bbox 1179 3538 1293 3609; x_wconf 83' lang='lat' dir='ltr'><strong>ejus</strong></span> <span class='ocrx_word' id='word_1_458' title='bbox 1326 3539 1616 3608; x_wconf 75' lang='lat' dir='ltr'><strong>afferentur</strong></span> <span class='ocrx_word' id='word_1_459' title='bbox 1645 3538 1757 3594; x_wconf 87' lang='lat' dir='ltr'><strong>tibi.</strong></span> <span class='ocrx_word' id='word_1_460' title='bbox 1781 3538 2019 3607; x_wconf 79' lang='lat' dir='ltr'><strong>A/j&#39;eren-</strong></span> 
     </span>
    </p>
   </div>
   <div class='ocr_carea' id='block_1_65' title="bbox 453 3626 2016 3698">
    <p class='ocr_par' dir='ltr' id='par_1_65' title="bbox 453 3626 2016 3698">
     <span class='ocr_line' id='line_1_65' title="bbox 453 3626 2016 3698; baseline 0.002 -19"><span class='ocrx_word' id='word_1_461' title='bbox 453 3634 543 3680; x_wconf 88' lang='lat' dir='ltr'><strong>tur</strong></span> <span class='ocrx_word' id='word_1_462' title='bbox 569 3627 623 3681; x_wconf 85' lang='lat' dir='ltr'><strong>in</strong></span> <span class='ocrx_word' id='word_1_463' title='bbox 652 3626 842 3682; x_wconf 68' lang='lat' dir='ltr'><strong>[Misit</strong></span> <span class='ocrx_word' id='word_1_464' title='bbox 871 3636 921 3683; x_wconf 84' lang='lat' dir='ltr'><strong>et</strong></span> <span class='ocrx_word' id='word_1_465' title='bbox 939 3629 1323 3697; x_wconf 65' lang='lat' dir='ltr'><strong>exsultatione;</strong></span> <span class='ocrx_word' id='word_1_466' title='bbox 1347 3628 1745 3683; x_wconf 84' lang='lat' dir='ltr'><strong>adducenturin</strong></span> <span class='ocrx_word' id='word_1_467' title='bbox 1768 3629 2016 3698; x_wconf 80' lang='lat' dir='ltr'><strong>templum</strong></span> 
     </span>
    </p>
   </div>
   <div class='ocr_carea' id='block_1_66' title="bbox 452 3713 2016 3789">
    <p class='ocr_par' dir='ltr' id='par_1_66' title="bbox 452 3713 2016 3789">
     <span class='ocr_line' id='line_1_66' title="bbox 452 3713 2016 3789; baseline 0.003 -18"><span class='ocrx_word' id='word_1_468' title='bbox 452 3717 610 3786; x_wconf 83' lang='lat' dir='ltr'><strong>regis.</strong></span> <span class='ocrx_word' id='word_1_469' title='bbox 638 3713 806 3773; x_wconf 73' lang='lat' dir='ltr'><strong>Valde</strong></span> <span class='ocrx_word' id='word_1_470' title='bbox 828 3717 1113 3775; x_wconf 81' lang='lat' dir='ltr'><strong>manifeste</strong></span> <span class='ocrx_word' id='word_1_471' title='bbox 1148 3720 1363 3775; x_wconf 88' lang='lat' dir='ltr'><strong>videtur</strong></span> <span class='ocrx_word' id='word_1_472' title='bbox 1393 3720 1483 3774; x_wconf 91' lang='lat' dir='ltr'><strong>hic</strong></span> <span class='ocrx_word' id='word_1_473' title='bbox 1531 3719 1749 3774; x_wconf 88' lang='lat' dir='ltr'><strong>divinus</strong></span> <span class='ocrx_word' id='word_1_474' title='bbox 1778 3717 2016 3789; x_wconf 86' lang='lat' dir='ltr'><strong>Spiritus</strong></span> 
     </span>
    </p>
   </div>
   <div class='ocr_carea' id='block_1_67' title="bbox 452 3809 2018 3891">
    <p class='ocr_par' dir='ltr' id='par_1_67' title="bbox 452 3809 2018 3891">
     <span class='ocr_line' id='line_1_67' title="bbox 452 3809 2018 3891; baseline 0.006 -30"><span class='ocrx_word' id='word_1_475' title='bbox 452 3809 814 3880; x_wconf 83' lang='lat' dir='ltr'><strong>virginitatem</strong></span> <span class='ocrx_word' id='word_1_476' title='bbox 841 3811 1081 3879; x_wconf 88' lang='lat' dir='ltr'><strong>laudare,</strong></span> <span class='ocrx_word' id='word_1_477' title='bbox 1115 3827 1179 3867; x_wconf 90' lang='lat' dir='ltr'><strong>ac</strong></span> <span class='ocrx_word' id='word_1_478' title='bbox 1207 3811 1475 3882; x_wconf 89' lang='lat' dir='ltr'><strong>polliceri,</strong></span> <span class='ocrx_word' id='word_1_479' title='bbox 1507 3813 1746 3891; x_wconf 72' lang='lat' dir='ltr'><strong>virgines</strong></span> <span class='ocrx_word' id='word_1_480' title='bbox 1777 3814 2018 3870; x_wconf 88' lang='lat' dir='ltr'><strong>secundo</strong></span> 
     </span>
    </p>
   </div>
   <div class='ocr_carea' id='block_1_68' title="bbox 454 3900 2021 3976">
    <p class='ocr_par' dir='ltr' id='par_1_68' title="bbox 454 3900 2021 3976">
     <span class='ocr_line' id='line_1_68' title="bbox 454 3900 2021 3976; baseline 0.001 -16"><span class='ocrx_word' id='word_1_481' title='bbox 454 3910 585 3976; x_wconf 81' lang='lat' dir='ltr'><strong>post</strong></span> <span class='ocrx_word' id='word_1_482' title='bbox 626 3900 835 3960; x_wconf 83' lang='lat' dir='ltr'><strong>Domini</strong></span> <span class='ocrx_word' id='word_1_483' title='bbox 881 3918 1136 3976; x_wconf 84' lang='lat' dir='ltr'><strong>sponsam</strong></span> <span class='ocrx_word' id='word_1_484' title='bbox 1181 3905 1338 3970; x_wconf 83' lang='lat' dir='ltr'><strong>loco,</strong></span> <span class='ocrx_word' id='word_1_485' title='bbox 1392 3911 1454 3959; x_wconf 93' lang='lat' dir='ltr'><strong>ut</strong></span> <span class='ocrx_word' id='word_1_486' title='bbox 1505 3905 1894 3975; x_wconf 84' lang='lat' dir='ltr'><strong>exposuimus,</strong></span> <span class='ocrx_word' id='word_1_487' title='bbox 1951 3906 2021 3961; x_wconf 90' lang='lat' dir='ltr'><strong>ad</strong></span> 
     </span>
    </p>
   </div>
   <div class='ocr_carea' id='block_1_69' title="bbox 455 3993 2016 4066">
    <p class='ocr_par' dir='ltr' id='par_1_69' title="bbox 455 3993 2016 4066">
     <span class='ocr_line' id='line_1_69' title="bbox 455 3993 2016 4066; baseline 0.002 -15"><span class='ocrx_word' id='word_1_488' title='bbox 455 3993 891 4066; x_wconf 89' lang='lat' dir='ltr'><strong>Omnipotentem</strong></span> <span class='ocrx_word' id='word_1_489' title='bbox 918 4010 1237 4052; x_wconf 85' lang='lat' dir='ltr'><strong>accessuras</strong></span> <span class='ocrx_word' id='word_1_490' title='bbox 1265 3996 1319 4051; x_wconf 93' lang='lat' dir='ltr'><strong>in</strong></span> <span class='ocrx_word' id='word_1_491' title='bbox 1341 3996 1528 4051; x_wconf 69' lang='lat' dir='ltr'><strong>laetitia</strong></span> <span class='ocrx_word' id='word_1_492' title='bbox 1553 4005 1606 4052; x_wconf 88' lang='lat' dir='ltr'><strong>et</strong></span> <span class='ocrx_word' id='word_1_493' title='bbox 1634 3997 2016 4065; x_wconf 81' lang='lat' dir='ltr'><strong>exsultatione,</strong></span> 
     </span>
    </p>
   </div>
   <div class='ocr_carea' id='block_1_70' title="bbox 456 4085 2021 4158">
    <p class='ocr_par' dir='ltr' id='par_1_70' title="bbox 456 4085 2021 4158">
     <span class='ocr_line' id='line_1_70' title="bbox 456 4085 2021 4158; baseline 0.004 -20"><span class='ocrx_word' id='word_1_494' title='bbox 456 4085 746 4142; x_wconf 84' lang='lat' dir='ltr'><strong>ambitioso</strong></span> <span class='ocrx_word' id='word_1_495' title='bbox 774 4086 925 4141; x_wconf 93' lang='lat' dir='ltr'><strong>cultu</strong></span> <span class='ocrx_word' id='word_1_496' title='bbox 967 4085 1355 4142; x_wconf 88' lang='lat' dir='ltr'><strong>comitantibus</strong></span> <span class='ocrx_word' id='word_1_497' title='bbox 1404 4088 1612 4158; x_wconf 75' lang='lat' dir='ltr'><strong>angelis</strong></span> <span class='ocrx_word' id='word_1_498' title='bbox 1653 4103 1717 4144; x_wconf 91' lang='lat' dir='ltr'><strong>ac</strong></span> <span class='ocrx_word' id='word_1_499' title='bbox 1747 4088 2021 4145; x_wconf 50' lang='lat' dir='ltr'><strong>deducens</strong></span> 
     </span>
    </p>
   </div>
   <div class='ocr_carea' id='block_1_71' title="bbox 457 4176 2021 4251">
    <p class='ocr_par' dir='ltr' id='par_1_71' title="bbox 457 4176 2021 4251">
     <span class='ocr_line' id='line_1_71' title="bbox 457 4176 2021 4251; baseline 0.006 -23"><span class='ocrx_word' id='word_1_500' title='bbox 457 4176 625 4231; x_wconf 89' lang='lat' dir='ltr'><strong>tibus.</strong></span> <span class='ocrx_word' id='word_1_501' title='bbox 654 4177 802 4232; x_wconf 83' lang='lat' dir='ltr'><strong>Adeo</strong></span> <span class='ocrx_word' id='word_1_502' title='bbox 833 4176 976 4232; x_wconf 90' lang='lat' dir='ltr'><strong>enim</strong></span> <span class='ocrx_word' id='word_1_503' title='bbox 1014 4177 1246 4232; x_wconf 85' lang='lat' dir='ltr'><strong>amabile</strong></span> <span class='ocrx_word' id='word_1_504' title='bbox 1274 4186 1329 4234; x_wconf 93' lang='lat' dir='ltr'><strong>et</strong></span> <span class='ocrx_word' id='word_1_505' title='bbox 1384 4195 1548 4251; x_wconf 90' lang='lat' dir='ltr'><strong>supra</strong></span> <span class='ocrx_word' id='word_1_506' title='bbox 1580 4180 1800 4236; x_wconf 85' lang='lat' dir='ltr'><strong>modum</strong></span> <span class='ocrx_word' id='word_1_507' title='bbox 1831 4198 2021 4239; x_wconf 87' lang='lat' dir='ltr'><strong>revera</strong></span> 
     </span>
    </p>
   </div>
   <div class='ocr_carea' id='block_1_72' title="bbox 456 4266 2019 4343">
    <p class='ocr_par' dir='ltr' id='par_1_72' title="bbox 456 4266 2019 4343">
     <span class='ocr_line' id='line_1_72' title="bbox 456 4266 2019 4343; baseline 0.004 -22"><span class='ocrx_word' id='word_1_508' title='bbox 456 4266 815 4323; x_wconf 85' lang='lat' dir='ltr'><strong>desiderabile</strong></span> <span class='ocrx_word' id='word_1_509' title='bbox 857 4267 1188 4337; x_wconf 85' lang='lat' dir='ltr'><strong>virginitatis</strong></span> <span class='ocrx_word' id='word_1_510' title='bbox 1233 4267 1434 4334; x_wconf 86' lang='lat' dir='ltr'><strong>decus,</strong></span> <span class='ocrx_word' id='word_1_511' title='bbox 1493 4279 1553 4325; x_wconf 92' lang='lat' dir='ltr'><strong>ut</strong></span> <span class='ocrx_word' id='word_1_512' title='bbox 1603 4280 1725 4342; x_wconf 90' lang='lat' dir='ltr'><strong>post</strong></span> <span class='ocrx_word' id='word_1_513' title='bbox 1778 4274 2019 4343; x_wconf 83' lang='lat' dir='ltr'><strong>reginam</strong></span> 
     </span>
    </p>
   </div>
   <div class='ocr_carea' id='block_1_73' title="bbox 458 4357 2022 4433">
    <p class='ocr_par' dir='ltr' id='par_1_73' title="bbox 458 4357 2022 4433">
     <span class='ocr_line' id='line_1_73' title="bbox 458 4357 2022 4433; baseline 0.006 -22"><span class='ocrx_word' id='word_1_514' title='bbox 458 4372 622 4427; x_wconf 88' lang='lat' dir='ltr'><strong>quam</strong></span> <span class='ocrx_word' id='word_1_515' title='bbox 655 4358 912 4414; x_wconf 76' lang='lat' dir='ltr'><strong>exaltavit</strong></span> <span class='ocrx_word' id='word_1_516' title='bbox 955 4357 1253 4425; x_wconf 88' lang='lat' dir='ltr'><strong>Dominus,</strong></span> <span class='ocrx_word' id='word_1_517' title='bbox 1298 4367 1461 4430; x_wconf 88' lang='lat' dir='ltr'><strong>atque</strong></span> <span class='ocrx_word' id='word_1_518' title='bbox 1504 4362 1573 4417; x_wconf 86' lang='lat' dir='ltr'><strong>ab</strong></span> <span class='ocrx_word' id='word_1_519' title='bbox 1601 4363 1750 4419; x_wconf 92' lang='lat' dir='ltr'><strong>omni</strong></span> <span class='ocrx_word' id='word_1_520' title='bbox 1798 4372 2022 4433; x_wconf 82' lang='lat' dir='ltr'><strong>peccato</strong></span> 
     </span>
    </p>
   </div>
   <div class='ocr_carea' id='block_1_74' title="bbox 526 4508 1612 4579">
    <p class='ocr_par' dir='ltr' id='par_1_74' title="bbox 526 4508 1612 4579">
     <span class='ocr_line' id='line_1_74' title="bbox 526 4508 1612 4579; baseline 0.004 -16"><span class='ocrx_word' id='word_1_521' title='bbox 526 4508 574 4542; x_wconf 79' lang='lat'>“</span> <span class='ocrx_word' id='word_1_522' title='bbox 616 4509 765 4565; x_wconf 83' lang='lat' dir='ltr'><strong>Psal.</strong></span> <span class='ocrx_word' id='word_1_523' title='bbox 795 4527 942 4577; x_wconf 66' lang='grc' dir='ltr'><strong>κων,</strong></span> <span class='ocrx_word' id='word_1_524' title='bbox 966 4511 1055 4569; x_wconf 76' lang='lat' dir='ltr'><strong>i0.</strong></span> <span class='ocrx_word' id='word_1_525' title='bbox 1137 4511 1184 4545; x_wconf 77' lang='lat'><strong>“</strong></span> <span class='ocrx_word' id='word_1_526' title='bbox 1221 4512 1351 4570; x_wconf 83' lang='lat' dir='ltr'><strong>ibid.</strong></span> <span class='ocrx_word' id='word_1_527' title='bbox 1385 4512 1483 4579; x_wconf 75' lang='grc'><strong>15,</strong></span> <span class='ocrx_word' id='word_1_528' title='bbox 1526 4511 1612 4568; x_wconf 79' lang='grc'><strong>16.</strong></span> 
     </span>
    </p>
   </div>
   <div class='ocr_carea' id='block_1_75' title="bbox 2199 3171 3700 3247">
    <p class='ocr_par' dir='ltr' id='par_1_75' title="bbox 2199 3171 3700 3247">
     <span class='ocr_line' id='line_1_75' title="bbox 2199 3171 3700 3247; baseline -0.001 -19"><span class='ocrx_word' id='word_1_529' title='bbox 2199 3176 2430 3230; x_wconf 84' lang='grc' dir='ltr'><strong>Ἔπειτα</strong></span> <span class='ocrx_word' id='word_1_530' title='bbox 2456 3175 2509 3229; x_wconf 93' lang='grc' dir='ltr'><strong>τί</strong></span> <span class='ocrx_word' id='word_1_531' title='bbox 2540 3175 2605 3247; x_wconf 80' lang='grc' dir='ltr'><strong>δὴ</strong></span> <span class='ocrx_word' id='word_1_532' title='bbox 2631 3174 2792 3230; x_wconf 89' lang='grc' dir='ltr'><strong>πάλιν</strong></span> <span class='ocrx_word' id='word_1_533' title='bbox 2816 3174 2911 3229; x_wconf 71' lang='grc' dir='ltr'><strong>καὶ</strong></span> <span class='ocrx_word' id='word_1_534' title='bbox 2939 3174 2999 3228; x_wconf 83' lang='grc' dir='ltr'><strong>ὲν</strong></span> <span class='ocrx_word' id='word_1_535' title='bbox 3039 3175 3150 3238; x_wconf 80' lang='grc' dir='ltr'><strong>τοῖς</strong></span> <span class='ocrx_word' id='word_1_536' title='bbox 3186 3172 3313 3244; x_wconf 79' lang='grc' dir='ltr'><strong>ἑξῆς</strong></span> <span class='ocrx_word' id='word_1_537' title='bbox 3341 3172 3434 3227; x_wconf 80' lang='grc' dir='ltr'><strong>τοῦ</strong></span> <span class='ocrx_word' id='word_1_538' title='bbox 3460 3171 3700 3245; x_wconf 75' lang='grc' dir='ltr'><strong>ψαλμοῦ,</strong></span> 
     </span>
    </p>
   </div>
   <div class='ocr_carea' id='block_1_76' title="bbox 2131 3259 3703 3343">
    <p class='ocr_par' dir='ltr' id='par_1_76' title="bbox 2131 3259 3703 3343">
     <span class='ocr_line' id='line_1_76' title="bbox 2131 3259 3703 3343; baseline -0.001 -23"><span class='ocrx_word' id='word_1_539' title='bbox 2131 3266 2269 3343; x_wconf 69' lang='grc' dir='ltr'><strong>μετά</strong></span> <span class='ocrx_word' id='word_1_540' title='bbox 2302 3266 2362 3319; x_wconf 84' lang='grc' dir='ltr'><strong>τὸ</strong></span> <span class='ocrx_word' id='word_1_541' title='bbox 2404 3266 2496 3319; x_wconf 86' lang='grc' dir='ltr'><strong>τὸν</strong></span> <span class='ocrx_word' id='word_1_542' title='bbox 2519 3264 2801 3337; x_wconf 80' lang='grc' dir='ltr'><strong>ἄνθρωπον</strong></span> <span class='ocrx_word' id='word_1_543' title='bbox 2827 3265 2891 3318; x_wconf 83' lang='grc' dir='ltr'><strong>ὲκ</strong></span> <span class='ocrx_word' id='word_1_544' title='bbox 2938 3263 3127 3329; x_wconf 81' lang='grc' dir='ltr'><strong>δεξιῶν</strong></span> <span class='ocrx_word' id='word_1_545' title='bbox 3172 3262 3575 3335; x_wconf 81' lang='grc' dir='ltr'><strong>ὲνθρονισθῆναι</strong></span> <span class='ocrx_word' id='word_1_546' title='bbox 3605 3259 3703 3318; x_wconf 78' lang='grc' dir='ltr'><strong>τοῦ</strong></span> 
     </span>
    </p>
   </div>
   <div class='ocr_carea' id='block_1_77' title="bbox 2127 3353 3701 3429">
    <p class='ocr_par' dir='ltr' id='par_1_77' title="bbox 2127 3353 3701 3429">
     <span class='ocr_line' id='line_1_77' title="bbox 2127 3353 3701 3429; baseline -0.001 -20"><span class='ocrx_word' id='word_1_547' title='bbox 2127 3357 2361 3429; x_wconf 83' lang='grc' dir='ltr'><strong>Πατρδς,</strong></span> <span class='ocrx_word' id='word_1_548' title='bbox 2407 3356 2437 3410; x_wconf 83' lang='grc' dir='ltr'><strong>ὃ</strong></span> <span class='ocrx_word' id='word_1_549' title='bbox 2477 3356 2762 3429; x_wconf 87' lang='grc' dir='ltr'><strong>ἀνείληφεν</strong></span> <span class='ocrx_word' id='word_1_550' title='bbox 2804 3358 2833 3409; x_wconf 85' lang='grc' dir='ltr'>ὁ</span> <span class='ocrx_word' id='word_1_551' title='bbox 2864 3356 3069 3425; x_wconf 79' lang='grc' dir='ltr'><strong>Λόγος,</strong></span> <span class='ocrx_word' id='word_1_552' title='bbox 3107 3354 3169 3408; x_wconf 82' lang='grc' dir='ltr'><strong>τὸ</strong></span> <span class='ocrx_word' id='word_1_553' title='bbox 3198 3353 3425 3425; x_wconf 83' lang='grc' dir='ltr'><strong>Πνεῦμα</strong></span> <span class='ocrx_word' id='word_1_554' title='bbox 3467 3355 3701 3427; x_wconf 83' lang='grc' dir='ltr'><strong>παραδί-</strong></span> 
     </span>
    </p>
   </div>
   <div class='ocr_carea' id='block_1_78' title="bbox 2126 3445 3703 3523">
    <p class='ocr_par' dir='ltr' id='par_1_78' title="bbox 2126 3445 3703 3523">
     <span class='ocr_line' id='line_1_78' title="bbox 2126 3445 3703 3523; baseline -0.002 -21"><span class='ocrx_word' id='word_1_555' title='bbox 2126 3449 2314 3513; x_wconf 88' lang='grc' dir='ltr'><strong>δωσιν,</strong></span> <span class='ocrx_word' id='word_1_556' title='bbox 2341 3450 2721 3523; x_wconf 76' lang='grc' dir='ltr'><strong>ἐπισκεπτέον.</strong></span> <span class='ocrx_word' id='word_1_557' title='bbox 2740 3446 3289 3518; x_wconf 75' lang='grc' dir='ltr'><strong>Ἀπενεχθήσονται,</strong></span> <span class='ocrx_word' id='word_1_558' title='bbox 3319 3446 3472 3516; x_wconf 77' lang='grc' dir='ltr'><strong>φησὶ,</strong></span> <span class='ocrx_word' id='word_1_559' title='bbox 3500 3445 3703 3511; x_wconf 66' lang='grc' dir='ltr'><strong>τῷβαρ</strong></span> 
     </span>
    </p>
   </div>
   <div class='ocr_carea' id='block_1_79' title="bbox 2122 3536 3696 3610">
    <p class='ocr_par' dir='ltr' id='par_1_79' title="bbox 2122 3536 3696 3610">
     <span class='ocr_line' id='line_1_79' title="bbox 2122 3536 3696 3610; baseline -0.001 -13"><span class='ocrx_word' id='word_1_560' title='bbox 2122 3541 2289 3597; x_wconf 75' lang='grc' dir='ltr'><strong>σιλεῖ</strong></span> <span class='ocrx_word' id='word_1_561' title='bbox 2292 3541 2571 3610; x_wconf 83' lang='grc' dir='ltr'><strong>παρθένοι</strong></span> <span class='ocrx_word' id='word_1_562' title='bbox 2583 3541 2775 3595; x_wconf 81' lang='grc' dir='ltr'><strong>ὀπίσω</strong></span> <span class='ocrx_word' id='word_1_563' title='bbox 2791 3538 2999 3608; x_wconf 70' lang='grc' dir='ltr'><strong>αὐτῆς*</strong></span> <span class='ocrx_word' id='word_1_564' title='bbox 3020 3541 3078 3594; x_wconf 80' lang='lat' dir='ltr'><strong>al</strong></span> <span class='ocrx_word' id='word_1_565' title='bbox 3093 3537 3359 3606; x_wconf 71' lang='grc' dir='ltr'><strong>πλησίον</strong></span> <span class='ocrx_word' id='word_1_566' title='bbox 3368 3536 3555 3606; x_wconf 76' lang='grc' dir='ltr'><strong>αὐτῆς</strong></span> <span class='ocrx_word' id='word_1_567' title='bbox 3566 3540 3696 3595; x_wconf 68' lang='grc' dir='ltr'><strong>ἀ.πὸ</strong></span> 
     </span>
    </p>
   </div>
   <div class='ocr_carea' id='block_1_80' title="bbox 2122 3630 3701 3704">
    <p class='ocr_par' dir='ltr' id='par_1_80' title="bbox 2122 3630 3701 3704">
     <span class='ocr_line' id='line_1_80' title="bbox 2122 3630 3701 3704; baseline -0.003 -16"><span class='ocrx_word' id='word_1_568' title='bbox 2122 3632 2523 3704; x_wconf 76' lang='grc' dir='ltr'><strong>νεχθήσονταί</strong></span> <span class='ocrx_word' id='word_1_569' title='bbox 2538 3648 2657 3688; x_wconf 90' lang='grc' dir='ltr'><strong>σοι.</strong></span> <span class='ocrx_word' id='word_1_570' title='bbox 2703 3634 2760 3687; x_wconf 87' lang='grc' dir='ltr'><strong>Ἀ</strong></span> <span class='ocrx_word' id='word_1_571' title='bbox 2769 3631 3247 3702; x_wconf 76' lang='grc' dir='ltr'><strong>πενεχθήσονται</strong></span> <span class='ocrx_word' id='word_1_572' title='bbox 3266 3630 3336 3684; x_wconf 81' lang='grc' dir='ltr'><strong>ἐν</strong></span> <span class='ocrx_word' id='word_1_573' title='bbox 3354 3632 3701 3701; x_wconf 71' lang='grc' dir='ltr'><strong>εὐφροσύνῃ</strong></span> 
     </span>
    </p>
   </div>
   <div class='ocr_carea' id='block_1_81' title="bbox 2121 3721 3703 3797">
    <p class='ocr_par' dir='ltr' id='par_1_81' title="bbox 2121 3721 3703 3797">
     <span class='ocr_line' id='line_1_81' title="bbox 2121 3721 3703 3797; baseline -0.001 -18"><span class='ocrx_word' id='word_1_574' title='bbox 2121 3726 2219 3780; x_wconf 79' lang='grc' dir='ltr'><strong>καί</strong></span> <span class='ocrx_word' id='word_1_575' title='bbox 2234 3726 2607 3797; x_wconf 68' lang='grc' dir='ltr'><strong>ἀγαλλιάσει·</strong></span> <span class='ocrx_word' id='word_1_576' title='bbox 2624 3724 2994 3795; x_wconf 75' lang='grc' dir='ltr'><strong>ἀχθήσογται</strong></span> <span class='ocrx_word' id='word_1_577' title='bbox 3009 3725 3094 3789; x_wconf 83' lang='grc' dir='ltr'><strong>εις</strong></span> <span class='ocrx_word' id='word_1_578' title='bbox 3106 3721 3254 3777; x_wconf 80' lang='grc' dir='ltr'><strong>ναὸν</strong></span> <span class='ocrx_word' id='word_1_579' title='bbox 3268 3722 3373 3777; x_wconf 86' lang='grc' dir='ltr'><strong>τοῦ</strong></span> <span class='ocrx_word' id='word_1_580' title='bbox 3385 3722 3703 3789; x_wconf 68' lang='grc' dir='ltr'><strong>βασιλέως.</strong></span> 
     </span>
    </p>
   </div>
   <div class='ocr_carea' id='block_1_82' title="bbox 2123 3813 3704 3890">
    <p class='ocr_par' dir='ltr' id='par_1_82' title="bbox 2123 3813 3704 3890">
     <span class='ocr_line' id='line_1_82' title="bbox 2123 3813 3704 3890; baseline -0.003 -18"><span class='ocrx_word' id='word_1_581' title='bbox 2123 3818 2270 3872; x_wconf 88' lang='grc' dir='ltr'><strong>Πάνυ</strong></span> <span class='ocrx_word' id='word_1_582' title='bbox 2300 3817 2591 3890; x_wconf 79' lang='grc' dir='ltr'><strong>προφανῶς</strong></span> <span class='ocrx_word' id='word_1_583' title='bbox 2619 3816 2802 3872; x_wconf 74' lang='grc' dir='ltr'><strong>ἐνθάδε</strong></span> <span class='ocrx_word' id='word_1_584' title='bbox 2836 3815 3020 3869; x_wconf 82' lang='grc' dir='ltr'><strong>λοιπὸν</strong></span> <span class='ocrx_word' id='word_1_585' title='bbox 3045 3814 3221 3868; x_wconf 74' lang='grc' dir='ltr'><strong>ἔοικεν</strong></span> <span class='ocrx_word' id='word_1_586' title='bbox 3256 3813 3621 3882; x_wconf 76' lang='grc' dir='ltr'><strong>ἐγκωμιάζειν</strong></span> <span class='ocrx_word' id='word_1_587' title='bbox 3641 3814 3704 3867; x_wconf 82' lang='grc' dir='ltr'><strong>τὸ</strong></span> 
     </span>
    </p>
   </div>
   <div class='ocr_carea' id='block_1_83' title="bbox 2125 3903 3708 3982">
    <p class='ocr_par' dir='ltr' id='par_1_83' title="bbox 2125 3903 3708 3982">
     <span class='ocr_line' id='line_1_83' title="bbox 2125 3903 3708 3982; baseline -0.004 -19"><span class='ocrx_word' id='word_1_588' title='bbox 2125 3910 2348 3981; x_wconf 82' lang='grc' dir='ltr'><strong>Πνεῦμα</strong></span> <span class='ocrx_word' id='word_1_589' title='bbox 2362 3910 2458 3982; x_wconf 85' lang='grc' dir='ltr'><strong>τὴν</strong></span> <span class='ocrx_word' id='word_1_590' title='bbox 2474 3909 2717 3979; x_wconf 88' lang='grc' dir='ltr'><strong>ἀγνείαν,</strong></span> <span class='ocrx_word' id='word_1_591' title='bbox 2741 3907 2878 3980; x_wconf 88' lang='grc' dir='ltr'><strong>μετά</strong></span> <span class='ocrx_word' id='word_1_592' title='bbox 2893 3907 2991 3979; x_wconf 85' lang='grc' dir='ltr'><strong>τὴν</strong></span> <span class='ocrx_word' id='word_1_593' title='bbox 3016 3906 3078 3960; x_wconf 95' lang='grc' dir='ltr'><strong>νύ</strong></span> <span class='ocrx_word' id='word_1_594' title='bbox 3087 3923 3253 3978; x_wconf 79' lang='grc' dir='ltr'><strong>μφην.</strong></span> <span class='ocrx_word' id='word_1_595' title='bbox 3271 3904 3347 3969; x_wconf 83' lang='grc' dir='ltr'><strong>ὡς</strong></span> <span class='ocrx_word' id='word_1_596' title='bbox 3360 3903 3708 3959; x_wconf 82' lang='grc' dir='ltr'><strong>ἀποδεδώκα-</strong></span> 
     </span>
    </p>
   </div>
   <div class='ocr_carea' id='block_1_84' title="bbox 2127 3995 3704 4073">
    <p class='ocr_par' dir='ltr' id='par_1_84' title="bbox 2127 3995 3704 4073">
     <span class='ocr_line' id='line_1_84' title="bbox 2127 3995 3704 4073; baseline -0.003 -17"><span class='ocrx_word' id='word_1_597' title='bbox 2127 4019 2246 4073; x_wconf 84' lang='grc' dir='ltr'><strong>μεν,</strong></span> <span class='ocrx_word' id='word_1_598' title='bbox 2275 4000 2368 4055; x_wconf 83' lang='grc' dir='ltr'><strong>τοῦ</strong></span> <span class='ocrx_word' id='word_1_599' title='bbox 2386 4002 2613 4073; x_wconf 80' lang='grc' dir='ltr'><strong>Κυρίου,</strong></span> <span class='ocrx_word' id='word_1_600' title='bbox 2629 3999 2883 4071; x_wconf 80' lang='grc' dir='ltr'><strong>δευτέρας</strong></span> <span class='ocrx_word' id='word_1_601' title='bbox 2903 3998 3183 4070; x_wconf 82' lang='grc' dir='ltr'><strong>προσιέναι</strong></span> <span class='ocrx_word' id='word_1_602' title='bbox 3204 3996 3282 4067; x_wconf 79' lang='grc' dir='ltr'><strong>τῷ</strong></span> <span class='ocrx_word' id='word_1_603' title='bbox 3297 3995 3704 4069; x_wconf 85' lang='grc' dir='ltr'><strong>Παντοκράτορι</strong></span> 
     </span>
    </p>
   </div>
   <div class='ocr_carea' id='block_1_85' title="bbox 2126 4087 3689 4164">
    <p class='ocr_par' dir='ltr' id='par_1_85' title="bbox 2126 4087 3689 4164">
     <span class='ocr_line' id='line_1_85' title="bbox 2126 4087 3689 4164; baseline -0.003 -18"><span class='ocrx_word' id='word_1_604' title='bbox 2126 4095 2183 4146; x_wconf 84' lang='grc' dir='ltr'><strong>ὲν</strong></span> <span class='ocrx_word' id='word_1_605' title='bbox 2212 4092 2526 4162; x_wconf 83' lang='grc' dir='ltr'><strong>ἀγαλλιάσει</strong></span> <span class='ocrx_word' id='word_1_606' title='bbox 2555 4093 2647 4147; x_wconf 73' lang='grc' dir='ltr'><strong>καὶ</strong></span> <span class='ocrx_word' id='word_1_607' title='bbox 2671 4092 2978 4164; x_wconf 79' lang='grc' dir='ltr'><strong>εὐφροσύνῃ</strong></span> <span class='ocrx_word' id='word_1_608' title='bbox 2997 4088 3097 4152; x_wconf 81' lang='grc' dir='ltr'><strong>τὰς</strong></span> <span class='ocrx_word' id='word_1_609' title='bbox 3113 4087 3412 4159; x_wconf 79' lang='grc' dir='ltr'><strong>παρθένους</strong></span> <span class='ocrx_word' id='word_1_610' title='bbox 3430 4087 3689 4155; x_wconf 81' lang='grc' dir='ltr'><strong>ἐπαγγελ-</strong></span> 
     </span>
    </p>
   </div>
   <div class='ocr_carea' id='block_1_86' title="bbox 2123 4179 3705 4256">
    <p class='ocr_par' dir='ltr' id='par_1_86' title="bbox 2123 4179 3705 4256">
     <span class='ocr_line' id='line_1_86' title="bbox 2123 4179 3705 4256; baseline -0.003 -20"><span class='ocrx_word' id='word_1_611' title='bbox 2123 4182 2371 4256; x_wconf 86' lang='grc' dir='ltr'><strong>λομένου,</strong></span> <span class='ocrx_word' id='word_1_612' title='bbox 2400 4184 2491 4238; x_wconf 84' lang='grc' dir='ltr'><strong>ὑπ’</strong></span> <span class='ocrx_word' id='word_1_613' title='bbox 2519 4183 2763 4253; x_wconf 86' lang='grc' dir='ltr'><strong>ἀγγέλων</strong></span> <span class='ocrx_word' id='word_1_614' title='bbox 2798 4180 3267 4254; x_wconf 80' lang='grc' dir='ltr'><strong>δορυφορουμένας</strong></span> <span class='ocrx_word' id='word_1_615' title='bbox 3298 4195 3358 4231; x_wconf 89' lang='grc' dir='ltr'><strong>τε</strong></span> <span class='ocrx_word' id='word_1_616' title='bbox 3400 4179 3493 4232; x_wconf 80' lang='grc' dir='ltr'><strong>καὶ</strong></span> <span class='ocrx_word' id='word_1_617' title='bbox 3522 4195 3705 4250; x_wconf 80' lang='grc' dir='ltr'><strong>παρα-</strong></span> 
     </span>
    </p>
   </div>
   <div class='ocr_carea' id='block_1_87' title="bbox 2125 4270 3703 4347">
    <p class='ocr_par' dir='ltr' id='par_1_87' title="bbox 2125 4270 3703 4347">
     <span class='ocr_line' id='line_1_87' title="bbox 2125 4270 3703 4347; baseline -0.004 -19"><span class='ocrx_word' id='word_1_618' title='bbox 2125 4275 2499 4347; x_wconf 85' lang='grc' dir='ltr'><strong>πεμπομένας.</strong></span> <span class='ocrx_word' id='word_1_619' title='bbox 2536 4275 2691 4330; x_wconf 75' lang='grc' dir='ltr'><strong>Οὕτω</strong></span> <span class='ocrx_word' id='word_1_620' title='bbox 2718 4273 2825 4347; x_wconf 87' lang='grc' dir='ltr'><strong>γὰρ</strong></span> <span class='ocrx_word' id='word_1_621' title='bbox 2859 4272 3163 4344; x_wconf 76' lang='grc' dir='ltr'><strong>ἐπέραστόν</strong></span> <span class='ocrx_word' id='word_1_622' title='bbox 3194 4288 3248 4324; x_wconf 88' lang='grc' dir='ltr'><strong>τι</strong></span> <span class='ocrx_word' id='word_1_623' title='bbox 3277 4270 3340 4324; x_wconf 80' lang='grc' dir='ltr'><strong>τὸ</strong></span> <span class='ocrx_word' id='word_1_624' title='bbox 3364 4270 3465 4340; x_wconf 82' lang='grc' dir='ltr'><strong>τῆς</strong></span> <span class='ocrx_word' id='word_1_625' title='bbox 3497 4270 3703 4342; x_wconf 87' lang='grc' dir='ltr'><strong>παρθε-</strong></span> 
     </span>
    </p>
   </div>
   <div class='ocr_carea' id='block_1_88' title="bbox 2124 4360 3700 4437">
    <p class='ocr_par' dir='ltr' id='par_1_88' title="bbox 2124 4360 3700 4437">
     <span class='ocr_line' id='line_1_88' title="bbox 2124 4360 3700 4437; baseline -0.003 -16"><span class='ocrx_word' id='word_1_626' title='bbox 2124 4366 2244 4432; x_wconf 88' lang='grc' dir='ltr'><strong>νίας</strong></span> <span class='ocrx_word' id='word_1_627' title='bbox 2269 4368 2415 4422; x_wconf 83' lang='grc' dir='ltr'><strong>ὲστὶν</strong></span> <span class='ocrx_word' id='word_1_628' title='bbox 2444 4367 2521 4433; x_wconf 86' lang='grc' dir='ltr'><strong>ὡς</strong></span> <span class='ocrx_word' id='word_1_629' title='bbox 2548 4365 2762 4437; x_wconf 85' lang='grc' dir='ltr'><strong>ἀληθῶς</strong></span> <span class='ocrx_word' id='word_1_630' title='bbox 2801 4366 2897 4419; x_wconf 73' lang='grc' dir='ltr'><strong>καὶ</strong></span> <span class='ocrx_word' id='word_1_631' title='bbox 2941 4362 3307 4437; x_wconf 83' lang='grc' dir='ltr'><strong>περιπόθητον</strong></span> <span class='ocrx_word' id='word_1_632' title='bbox 3343 4361 3518 4427; x_wconf 86' lang='grc' dir='ltr'><strong>κλέος,</strong></span> <span class='ocrx_word' id='word_1_633' title='bbox 3558 4360 3700 4416; x_wconf 73' lang='grc' dir='ltr'><strong>ὥστε</strong></span> 
     </span>
    </p>
   </div>
   <div class='ocr_carea' id='block_1_89' title="bbox 528 4665 2038 4742">
    <p class='ocr_par' dir='ltr' id='par_1_89' title="bbox 528 4665 2022 4742">
     <span class='ocr_line' id='line_1_89' title="bbox 528 4665 2022 4742; baseline 0.001 -21"><span class='ocrx_word' id='word_1_634' title='bbox 528 4665 605 4742; x_wconf 77' lang='grc'><strong>(7)</strong></span> <span class='ocrx_word' id='word_1_635' title='bbox 649 4667 1155 4742; x_wconf 71' lang='grc' dir='ltr'><strong>Ἑγκατέσκηψεν.</strong></span> <span class='ocrx_word' id='word_1_636' title='bbox 1186 4665 1418 4742; x_wconf 70' lang='grc' dir='ltr'><strong>Πιιιρειιε</strong></span> <span class='ocrx_word' id='word_1_637' title='bbox 1439 4674 1540 4742; x_wconf 76' lang='lat' dir='ltr'><strong>est,</strong></span> <span class='ocrx_word' id='word_1_638' title='bbox 1564 4668 1776 4742; x_wconf 79' lang='lat' dir='ltr'><strong>invasit.</strong></span> <span class='ocrx_word' id='word_1_639' title='bbox 1799 4666 1947 4742; x_wconf 84' lang='lat' dir='ltr'><strong>_Maz.</strong></span> <span class='ocrx_word' id='word_1_640' title='bbox 1971 4675 2022 4723; x_wconf 89' lang='lat' dir='ltr'><strong>et</strong></span> 
     </span>
    </p>
   </div>
   <div class='ocr_carea' id='block_1_90' title="bbox 2125 4665 3697 4742">
    <p class='ocr_par' dir='ltr' id='par_1_90' title="bbox 2126 4667 3697 4742">
     <span class='ocr_line' id='line_1_90' title="bbox 2126 4667 3697 4742; baseline 0.001 -21"><span class='ocrx_word' id='word_1_641' title='bbox 2126 4667 2218 4732; x_wconf 87' lang='lat' dir='ltr'><strong>sit,</strong></span> <span class='ocrx_word' id='word_1_642' title='bbox 2254 4674 2309 4724; x_wconf 86' lang='lat' dir='ltr'><strong>et</strong></span> <span class='ocrx_word' id='word_1_643' title='bbox 2332 4668 2534 4742; x_wconf 85' lang='lat' dir='ltr'><strong>unione</strong></span> <span class='ocrx_word' id='word_1_644' title='bbox 2580 4670 2895 4735; x_wconf 88' lang='lat' dir='ltr'><strong>honoraria,</strong></span> <span class='ocrx_word' id='word_1_645' title='bbox 2949 4686 3059 4726; x_wconf 88' lang='lat' dir='ltr'><strong>non</strong></span> <span class='ocrx_word' id='word_1_646' title='bbox 3096 4671 3238 4726; x_wconf 75' lang='grc' dir='ltr'><strong>κατὰ</strong></span> <span class='ocrx_word' id='word_1_647' title='bbox 3270 4668 3430 4742; x_wconf 77' lang='grc' dir='ltr'><strong>φύσιν</strong></span> <span class='ocrx_word' id='word_1_648' title='bbox 3471 4678 3524 4726; x_wconf 89' lang='lat' dir='ltr'><strong>et</strong></span> <span class='ocrx_word' id='word_1_649' title='bbox 3563 4668 3697 4724; x_wconf 82' lang='grc' dir='ltr'><strong>ύπό-</strong></span> 
     </span>
    </p>
   </div>
   <div class='ocr_carea' id='block_1_91' title="bbox 458 4737 2018 4810">
    <p class='ocr_par' dir='ltr' id='par_1_91' title="bbox 458 4737 2018 4810">
     <span class='ocr_line' id='line_1_91' title="bbox 458 4737 2018 4810; baseline -0.001 -18"><span class='ocrx_word' id='word_1_650' title='bbox 458 4737 645 4810; x_wconf 79' lang='lat' dir='ltr'><strong>Allat.,</strong></span> <span class='ocrx_word' id='word_1_651' title='bbox 674 4739 1171 4810; x_wconf 78' lang='grc' dir='ltr'><strong>ἐγκατεσκήνωσεν,</strong></span> <span class='ocrx_word' id='word_1_652' title='bbox 1198 4740 1340 4810; x_wconf 74' lang='lat' dir='ltr'><strong>inea</strong></span> <span class='ocrx_word' id='word_1_653' title='bbox 1371 4738 1647 4803; x_wconf 82' lang='lat' dir='ltr'><strong>habitavit,</strong></span> <span class='ocrx_word' id='word_1_654' title='bbox 1669 4737 1812 4810; x_wconf 82' lang='lat' dir='ltr'><strong>quod</strong></span> <span class='ocrx_word' id='word_1_655' title='bbox 1864 4754 2018 4810; x_wconf 58' lang='lat' dir='ltr'><strong>atque</strong></span> 
     </span>
    </p>
   </div>
   <div class='ocr_carea' id='block_1_92' title="bbox 458 4806 2019 4880">
    <p class='ocr_par' dir='ltr' id='par_1_92' title="bbox 458 4806 2019 4880">
     <span class='ocr_line' id='line_1_92' title="bbox 458 4806 2019 4880; baseline 0 -19"><span class='ocrx_word' id='word_1_656' title='bbox 458 4809 765 4880; x_wconf 87' lang='lat' dir='ltr'><strong>probatum.</strong></span> <span class='ocrx_word' id='word_1_657' title='bbox 795 4806 1077 4880; x_wconf 82' lang='lat' dir='ltr'><strong>Possinius</strong></span> <span class='ocrx_word' id='word_1_658' title='bbox 1097 4850 1112 4873; x_wconf 91' lang='lat'><strong>,</strong></span> <span class='ocrx_word' id='word_1_659' title='bbox 1148 4808 1503 4880; x_wconf 71' lang='lat' dir='ltr'><strong>agglutinatus</strong></span> <span class='ocrx_word' id='word_1_660' title='bbox 1529 4820 1627 4871; x_wconf 84' lang='lat' dir='ltr'><strong>est,</strong></span> <span class='ocrx_word' id='word_1_661' title='bbox 1671 4806 1815 4879; x_wconf 84' lang='lat' dir='ltr'><strong>quod</strong></span> <span class='ocrx_word' id='word_1_662' title='bbox 1847 4806 2019 4880; x_wconf 77' lang='lat' dir='ltr'><strong>expli-</strong></span> 
     </span>
    </p>
   </div>
   <div class='ocr_carea' id='block_1_93' title="bbox 458 4878 2021 4951">
    <p class='ocr_par' dir='ltr' id='par_1_93' title="bbox 458 4878 2021 4951">
     <span class='ocr_line' id='line_1_93' title="bbox 458 4878 2021 4951; baseline 0 -19"><span class='ocrx_word' id='word_1_663' title='bbox 458 4878 604 4951; x_wconf 75' lang='lat' dir='ltr'><strong>catio</strong></span> <span class='ocrx_word' id='word_1_664' title='bbox 645 4879 911 4951; x_wconf 74' lang='lat' dir='ltr'><strong>estvocis</strong></span> <span class='ocrx_word' id='word_1_665' title='bbox 939 4878 1368 4951; x_wconf 56' lang='lat' dir='ltr'><strong>npoasxo‘itqbq.</strong></span> <span class='ocrx_word' id='word_1_666' title='bbox 1401 4894 1510 4934; x_wconf 89' lang='lat' dir='ltr'><strong>non</strong></span> <span class='ocrx_word' id='word_1_667' title='bbox 1557 4878 1927 4951; x_wconf 76' lang='lat' dir='ltr'><strong>minusquam</strong></span> <span class='ocrx_word' id='word_1_668' title='bbox 1952 4879 2021 4932; x_wconf 87' lang='lat' dir='ltr'><strong>il-</strong></span> 
     </span>
    </p>
   </div>
   <div class='ocr_carea' id='block_1_94' title="bbox 461 4948 2021 5019">
    <p class='ocr_par' dir='ltr' id='par_1_94' title="bbox 461 4948 2021 5019">
     <span class='ocr_line' id='line_1_94' title="bbox 461 4948 2021 5019; baseline 0.001 -19"><span class='ocrx_word' id='word_1_669' title='bbox 461 4950 576 5019; x_wconf 83' lang='lat' dir='ltr'><strong>lnd,</strong></span> <span class='ocrx_word' id='word_1_670' title='bbox 607 4949 655 5002; x_wconf 81' lang='lat' dir='ltr'><strong>ei</strong></span> <span class='ocrx_word' id='word_1_671' title='bbox 684 4948 929 5012; x_wconf 76' lang='lat' dir='ltr'><strong>adhwsit,</strong></span> <span class='ocrx_word' id='word_1_672' title='bbox 954 4948 1028 5019; x_wconf 75' lang='lat' dir='ltr'><strong>ac</strong></span> <span class='ocrx_word' id='word_1_673' title='bbox 1059 4948 1401 5019; x_wconf 52' lang='grc' dir='ltr'><strong>ταυτολογία.</strong></span> <span class='ocrx_word' id='word_1_674' title='bbox 1439 4964 1545 5002; x_wconf 90' lang='lat' dir='ltr'><strong>non</strong></span> <span class='ocrx_word' id='word_1_675' title='bbox 1572 4949 1841 5019; x_wconf 81' lang='lat' dir='ltr'><strong>expositio</strong></span> <span class='ocrx_word' id='word_1_676' title='bbox 1868 4962 2021 5002; x_wconf 68' lang='lat' dir='ltr'><strong>novre</strong></span> 
     </span>
    </p>
   </div>
   <div class='ocr_carea' id='block_1_95' title="bbox 461 5018 2018 5085">
    <p class='ocr_par' dir='ltr' id='par_1_95' title="bbox 461 5018 2018 5085">
     <span class='ocr_line' id='line_1_95' title="bbox 461 5018 2018 5085; baseline -0.001 -12"><span class='ocrx_word' id='word_1_677' title='bbox 461 5018 717 5074; x_wconf 74' lang='lat' dir='ltr'><strong>blethodii</strong></span> <span class='ocrx_word' id='word_1_678' title='bbox 750 5020 920 5075; x_wconf 88' lang='lat' dir='ltr'><strong>vocis.</strong></span> <span class='ocrx_word' id='word_1_679' title='bbox 950 5018 1085 5072; x_wconf 89' lang='lat' dir='ltr'><strong>Illud</strong></span> <span class='ocrx_word' id='word_1_680' title='bbox 1117 5021 1278 5074; x_wconf 86' lang='lat' dir='ltr'><strong>etiam</strong></span> <span class='ocrx_word' id='word_1_681' title='bbox 1304 5060 1319 5085; x_wconf 91' lang='lat'><strong>,</strong></span> <span class='ocrx_word' id='word_1_682' title='bbox 1355 5018 1655 5073; x_wconf 79' lang='lat' dir='ltr'><strong>incarncns</strong></span> <span class='ocrx_word' id='word_1_683' title='bbox 1678 5035 1732 5073; x_wconf 86' lang='lat' dir='ltr'><strong>se</strong></span> <span class='ocrx_word' id='word_1_684' title='bbox 1785 5020 1837 5073; x_wconf 86' lang='lat' dir='ltr'><strong>in</strong></span> <span class='ocrx_word' id='word_1_685' title='bbox 1880 5035 2018 5082; x_wconf 83' lang='lat' dir='ltr'><strong>eam,</strong></span> 
     </span>
    </p>
   </div>
   <div class='ocr_carea' id='block_1_96' title="bbox 460 5089 2011 5160">
    <p class='ocr_par' dir='ltr' id='par_1_96' title="bbox 460 5089 2011 5160">
     <span class='ocr_line' id='line_1_96' title="bbox 460 5089 2011 5160; baseline -0.001 -18"><span class='ocrx_word' id='word_1_686' title='bbox 460 5105 622 5157; x_wconf 88' lang='lat' dir='ltr'><strong>quam</strong></span> <span class='ocrx_word' id='word_1_687' title='bbox 655 5089 850 5144; x_wconf 91' lang='lat' dir='ltr'><strong>durum</strong></span> <span class='ocrx_word' id='word_1_688' title='bbox 890 5104 1189 5160; x_wconf 84' lang='lat' dir='ltr'><strong>parumque</strong></span> <span class='ocrx_word' id='word_1_689' title='bbox 1221 5089 1616 5160; x_wconf 75' lang='lat' dir='ltr'><strong>theologicuml</strong></span> <span class='ocrx_word' id='word_1_690' title='bbox 1638 5089 1698 5141; x_wconf 83' lang='grc' dir='ltr'><strong>τὸ</strong></span> <span class='ocrx_word' id='word_1_691' title='bbox 1725 5091 1811 5155; x_wconf 82' lang='grc' dir='ltr'><strong>εἰς</strong></span> <span class='ocrx_word' id='word_1_692' title='bbox 1841 5091 2011 5160; x_wconf 65' lang='grc' dir='ltr'><strong>αὐτην</strong></span> 
     </span>
    </p>
   </div>
   <div class='ocr_carea' id='block_1_97' title="bbox 460 5157 2026 5228">
    <p class='ocr_par' dir='ltr' id='par_1_97' title="bbox 460 5157 2026 5228">
     <span class='ocr_line' id='line_1_97' title="bbox 460 5157 2026 5228; baseline 0 -15"><span class='ocrx_word' id='word_1_693' title='bbox 460 5160 686 5214; x_wconf 85' lang='lat' dir='ltr'><strong>verbum</strong></span> <span class='ocrx_word' id='word_1_694' title='bbox 740 5157 1117 5228; x_wconf 73' lang='grc' dir='ltr'><strong>ἐγκατέσκηψε</strong></span> <span class='ocrx_word' id='word_1_695' title='bbox 1177 5157 1429 5228; x_wconf 64' lang='lat' dir='ltr'><strong>respicit}</strong></span> <span class='ocrx_word' id='word_1_696' title='bbox 1498 5159 1691 5214; x_wconf 87' lang='lat' dir='ltr'><strong>modus</strong></span> <span class='ocrx_word' id='word_1_697' title='bbox 1755 5175 1885 5213; x_wconf 87' lang='lat' dir='ltr'><strong>vero</strong></span> <span class='ocrx_word' id='word_1_698' title='bbox 1931 5157 2026 5214; x_wconf 83' lang='lat' dir='ltr'><strong>de-</strong></span> 
     </span>
    </p>
   </div>
   <div class='ocr_carea' id='block_1_98' title="bbox 462 5226 2026 5300">
    <p class='ocr_par' dir='ltr' id='par_1_98' title="bbox 462 5226 2026 5300">
     <span class='ocr_line' id='line_1_98' title="bbox 462 5226 2026 5300; baseline 0 -18"><span class='ocrx_word' id='word_1_699' title='bbox 462 5237 683 5283; x_wconf 86' lang='lat' dir='ltr'><strong>notatur</strong></span> <span class='ocrx_word' id='word_1_700' title='bbox 738 5226 831 5300; x_wconf 84' lang='lat' dir='ltr'><strong>illa</strong></span> <span class='ocrx_word' id='word_1_701' title='bbox 882 5226 1508 5300; x_wconf 65' lang='lat' dir='ltr'><strong>voceévavbpamﬁoac,</strong></span> <span class='ocrx_word' id='word_1_702' title='bbox 1558 5229 1783 5284; x_wconf 67' lang='lat' dir='ltr'><strong>[taurinis</strong></span> <span class='ocrx_word' id='word_1_703' title='bbox 1819 5246 2026 5283; x_wconf 80' lang='lat' dir='ltr'><strong>assum-</strong></span> 
     </span>
    </p>
   </div>
   <div class='ocr_carea' id='block_1_99' title="bbox 463 5298 2026 5369">
    <p class='ocr_par' dir='ltr' id='par_1_99' title="bbox 463 5298 2026 5369">
     <span class='ocr_line' id='line_1_99' title="bbox 463 5298 2026 5369; baseline -0.001 -18"><span class='ocrx_word' id='word_1_704' title='bbox 463 5299 636 5368; x_wconf 83' lang='lat' dir='ltr'><strong>ptione</strong></span> <span class='ocrx_word' id='word_1_705' title='bbox 661 5308 711 5353; x_wconf 80' lang='lat' dir='ltr'><strong>et</strong></span> <span class='ocrx_word' id='word_1_706' title='bbox 732 5299 1071 5368; x_wconf 75' lang='lat' dir='ltr'><strong>factushomo</strong></span> <span class='ocrx_word' id='word_1_707' title='bbox 1094 5314 1113 5353; x_wconf 91' lang='lat'><strong><em>:</em></strong></span> <span class='ocrx_word' id='word_1_708' title='bbox 1143 5298 1239 5352; x_wconf 85' lang='lat' dir='ltr'><strong>sic</strong></span> <span class='ocrx_word' id='word_1_709' title='bbox 1262 5299 1315 5351; x_wconf 92' lang='lat' dir='ltr'><strong>in</strong></span> <span class='ocrx_word' id='word_1_710' title='bbox 1342 5298 1459 5354; x_wconf 86' lang='lat' dir='ltr'><strong>eam</strong></span> <span class='ocrx_word' id='word_1_711' title='bbox 1495 5301 1643 5353; x_wconf 80' lang='lat' dir='ltr'><strong>venit</strong></span> <span class='ocrx_word' id='word_1_712' title='bbox 1670 5310 1832 5369; x_wconf 85' lang='lat' dir='ltr'><strong>atque</strong></span> <span class='ocrx_word' id='word_1_713' title='bbox 1874 5300 2026 5352; x_wconf 84' lang='lat' dir='ltr'><strong>inva-</strong></span> 
     </span>
    </p>
   </div>
   <div class='ocr_carea' id='block_1_100' title="bbox 465 5368 2026 5439">
    <p class='ocr_par' dir='ltr' id='par_1_100' title="bbox 465 5368 2026 5439">
     <span class='ocr_line' id='line_1_100' title="bbox 465 5368 2026 5439; baseline 0 -16"><span class='ocrx_word' id='word_1_714' title='bbox 465 5369 538 5423; x_wconf 83' lang='lat' dir='ltr'><strong>sit</strong></span> <span class='ocrx_word' id='word_1_715' title='bbox 585 5369 770 5437; x_wconf 79' lang='lat' dir='ltr'><strong>illique</strong></span> <span class='ocrx_word' id='word_1_716' title='bbox 803 5370 1067 5431; x_wconf 89' lang='lat' dir='ltr'><strong>incubuit,</strong></span> <span class='ocrx_word' id='word_1_717' title='bbox 1109 5383 1230 5439; x_wconf 77' lang='lat' dir='ltr'><strong>quae</strong></span> <span class='ocrx_word' id='word_1_718' title='bbox 1264 5369 1346 5422; x_wconf 90' lang='lat' dir='ltr'><strong>vis</strong></span> <span class='ocrx_word' id='word_1_719' title='bbox 1379 5378 1462 5423; x_wconf 89' lang='lat' dir='ltr'><strong>est</strong></span> <span class='ocrx_word' id='word_1_720' title='bbox 1502 5370 1623 5437; x_wconf 78' lang='lat' dir='ltr'><strong>ejus</strong></span> <span class='ocrx_word' id='word_1_721' title='bbox 1667 5368 1836 5424; x_wconf 74' lang='lat' dir='ltr'><strong>vocis.</strong></span> <span class='ocrx_word' id='word_1_722' title='bbox 1872 5368 2026 5435; x_wconf 83' lang='lat' dir='ltr'><strong>Quod</strong></span> 
     </span>
    </p>
   </div>
   <div class='ocr_carea' id='block_1_101' title="bbox 464 5439 2025 5510">
    <p class='ocr_par' dir='ltr' id='par_1_101' title="bbox 464 5439 2025 5510">
     <span class='ocr_line' id='line_1_101' title="bbox 464 5439 2025 5510; baseline -0.001 -19"><span class='ocrx_word' id='word_1_723' title='bbox 464 5445 647 5510; x_wconf 77' lang='lat' dir='ltr'><strong>tamen</strong></span> <span class='ocrx_word' id='word_1_724' title='bbox 675 5440 995 5510; x_wconf 76' lang='lat' dir='ltr'><strong>Methodius.</strong></span> <span class='ocrx_word' id='word_1_725' title='bbox 1024 5439 1284 5510; x_wconf 80' lang='lat' dir='ltr'><strong>singulari</strong></span> <span class='ocrx_word' id='word_1_726' title='bbox 1308 5454 1370 5492; x_wconf 87' lang='lat' dir='ltr'><strong>ea</strong></span> <span class='ocrx_word' id='word_1_727' title='bbox 1395 5442 1682 5510; x_wconf 80' lang='lat' dir='ltr'><strong>sanctitate</strong></span> <span class='ocrx_word' id='word_1_728' title='bbox 1710 5448 1763 5494; x_wconf 89' lang='lat' dir='ltr'><strong>ct</strong></span> <span class='ocrx_word' id='word_1_729' title='bbox 1789 5440 2025 5510; x_wconf 80' lang='lat' dir='ltr'><strong>justitia,</strong></span> 
     </span>
    </p>
   </div>
   <div class='ocr_carea' id='block_1_102' title="bbox 466 5507 2032 5591">
    <p class='ocr_par' dir='ltr' id='par_1_102' title="bbox 466 5507 2032 5591">
     <span class='ocr_line' id='line_1_102' title="bbox 466 5507 2032 5591; baseline -0.002 -29"><span class='ocrx_word' id='word_1_730' title='bbox 466 5507 832 5591; x_wconf 52' lang='grc' dir='ltr'><strong>κατηξιῶσθαι</strong></span> <span class='ocrx_word' id='word_1_731' title='bbox 865 5510 1005 5590; x_wconf 62' lang='lat' dir='ltr'><strong>dicit</strong></span> <span class='ocrx_word' id='word_1_732' title='bbox 1056 5507 1308 5591; x_wconf 59' lang='grc' dir='ltr'><strong>κοινωνὸν</strong></span> <span class='ocrx_word' id='word_1_733' title='bbox 1354 5508 1729 5591; x_wconf 31' lang='grc' dir='ltr'><strong>γίνεσθαιθτῆς</strong></span> <span class='ocrx_word' id='word_1_734' title='bbox 1760 5507 2032 5591; x_wconf 55' lang='grc' dir='ltr'><strong>βασιλείας</strong></span> 
     </span>
    </p>
   </div>
   <div class='ocr_carea' id='block_1_103' title="bbox 465 5577 2033 5649">
    <p class='ocr_par' dir='ltr' id='par_1_103' title="bbox 465 5577 2033 5649">
     <span class='ocr_line' id='line_1_103' title="bbox 465 5577 2033 5649; baseline 0 -18"><span class='ocrx_word' id='word_1_735' title='bbox 465 5577 947 5649; x_wconf 16' lang='grc' dir='ltr'><strong>τοῦνΜονογενοῦς,</strong></span> <span class='ocrx_word' id='word_1_736' title='bbox 976 5582 1224 5633; x_wconf 83' lang='lat' dir='ltr'><strong>meruisse</strong></span> <span class='ocrx_word' id='word_1_737' title='bbox 1250 5592 1539 5649; x_wconf 74' lang='lat' dir='ltr'><strong>consortem</strong></span> <span class='ocrx_word' id='word_1_738' title='bbox 1585 5577 1699 5649; x_wconf 75' lang='lat' dir='ltr'><strong>ﬁeri</strong></span> <span class='ocrx_word' id='word_1_739' title='bbox 1729 5577 1872 5649; x_wconf 70' lang='lat' dir='ltr'><strong>regni</strong></span> <span class='ocrx_word' id='word_1_740' title='bbox 1904 5577 2033 5633; x_wconf 87' lang='lat' dir='ltr'><strong>Uni-</strong></span> 
     </span>
    </p>
   </div>
   <div class='ocr_carea' id='block_1_104' title="bbox 466 5648 2035 5722">
    <p class='ocr_par' dir='ltr' id='par_1_104' title="bbox 466 5648 2035 5722">
     <span class='ocr_line' id='line_1_104' title="bbox 466 5648 2035 5722; baseline 0.003 -19"><span class='ocrx_word' id='word_1_741' title='bbox 466 5648 645 5722; x_wconf 81' lang='lat' dir='ltr'><strong>geniti,</strong></span> <span class='ocrx_word' id='word_1_742' title='bbox 676 5663 817 5719; x_wconf 62' lang='lat' dir='ltr'><strong>aegre</strong></span> <span class='ocrx_word' id='word_1_743' title='bbox 847 5663 879 5704; x_wconf 83' lang='lat' dir='ltr'><strong>a</strong></span> <span class='ocrx_word' id='word_1_744' title='bbox 903 5648 1239 5705; x_wconf 79' lang='lat' dir='ltr'><strong>Nestorianis</strong></span> <span class='ocrx_word' id='word_1_745' title='bbox 1273 5648 1591 5705; x_wconf 77' lang='lat' dir='ltr'><strong>furfuribus</strong></span> <span class='ocrx_word' id='word_1_746' title='bbox 1620 5648 1880 5705; x_wconf 81' lang='lat' dir='ltr'><strong>vindieari</strong></span> <span class='ocrx_word' id='word_1_747' title='bbox 1902 5665 2035 5719; x_wconf 57' lang='lat' dir='ltr'><strong>pos:</strong></span> 
     </span>
    </p>
   </div>
   <div class='ocr_carea' id='block_1_105' title="bbox 2128 4740 3699 4810">
    <p class='ocr_par' dir='ltr' id='par_1_105' title="bbox 2128 4740 3699 4810">
     <span class='ocr_line' id='line_1_105' title="bbox 2128 4740 3699 4810; baseline 0.001 -18"><span class='ocrx_word' id='word_1_748' title='bbox 2128 4755 2334 4803; x_wconf 77' lang='grc' dir='ltr'><strong>στάσιν,</strong></span> <span class='ocrx_word' id='word_1_749' title='bbox 2362 4755 2469 4808; x_wconf 89' lang='lat' dir='ltr'><strong>qua</strong></span> <span class='ocrx_word' id='word_1_750' title='bbox 2503 4740 2663 4795; x_wconf 86' lang='lat' dir='ltr'><strong>homo</strong></span> <span class='ocrx_word' id='word_1_751' title='bbox 2702 4751 3054 4799; x_wconf 87' lang='lat' dir='ltr'><strong>consecratus</strong></span> <span class='ocrx_word' id='word_1_752' title='bbox 3084 4744 3139 4796; x_wconf 93' lang='lat' dir='ltr'><strong>in</strong></span> <span class='ocrx_word' id='word_1_753' title='bbox 3171 4742 3261 4797; x_wconf 81' lang='lat' dir='ltr'><strong>Dei</strong></span> <span class='ocrx_word' id='word_1_754' title='bbox 3284 4740 3465 4796; x_wconf 75' lang='lat' dir='ltr'><strong>tilium</strong></span> <span class='ocrx_word' id='word_1_755' title='bbox 3493 4742 3559 4796; x_wconf 88' lang='lat' dir='ltr'><strong>ab</strong></span> <span class='ocrx_word' id='word_1_756' title='bbox 3581 4742 3699 4810; x_wconf 90' lang='lat' dir='ltr'><strong>ipso</strong></span> 
     </span>
    </p>
   </div>
   <div class='ocr_carea' id='block_1_106' title="bbox 2126 4810 3699 4879">
    <p class='ocr_par' dir='ltr' id='par_1_106' title="bbox 2126 4810 3699 4879">
     <span class='ocr_line' id='line_1_106' title="bbox 2126 4810 3699 4879; baseline 0.003 -16"><span class='ocrx_word' id='word_1_757' title='bbox 2126 4818 2405 4864; x_wconf 83' lang='lat' dir='ltr'><strong>momento</strong></span> <span class='ocrx_word' id='word_1_758' title='bbox 2427 4811 2595 4865; x_wconf 89' lang='lat' dir='ltr'><strong>creati</strong></span> <span class='ocrx_word' id='word_1_759' title='bbox 2636 4810 2826 4874; x_wconf 87' lang='lat' dir='ltr'><strong>animi,</strong></span> <span class='ocrx_word' id='word_1_760' title='bbox 2872 4820 2925 4867; x_wconf 89' lang='lat' dir='ltr'><strong>et</strong></span> <span class='ocrx_word' id='word_1_761' title='bbox 2965 4810 3106 4867; x_wconf 91' lang='lat' dir='ltr'><strong>Dens</strong></span> <span class='ocrx_word' id='word_1_762' title='bbox 3134 4811 3309 4867; x_wconf 80' lang='lat' dir='ltr'><strong>factus</strong></span> <span class='ocrx_word' id='word_1_763' title='bbox 3346 4813 3542 4879; x_wconf 81' lang='lat' dir='ltr'><strong>homo;</strong></span> <span class='ocrx_word' id='word_1_764' title='bbox 3590 4827 3699 4867; x_wconf 91' lang='lat' dir='ltr'><strong>non</strong></span> 
     </span>
    </p>
   </div>
   <div class='ocr_carea' id='block_1_107' title="bbox 2126 4880 3696 4951">
    <p class='ocr_par' dir='ltr' id='par_1_107' title="bbox 2126 4880 3696 4951">
     <span class='ocr_line' id='line_1_107' title="bbox 2126 4880 3696 4951; baseline -0.001 -18"><span class='ocrx_word' id='word_1_765' title='bbox 2126 4880 2254 4951; x_wconf 71' lang='lat' dir='ltr'><strong>ullis</strong></span> <span class='ocrx_word' id='word_1_766' title='bbox 2286 4880 2493 4951; x_wconf 70' lang='lat' dir='ltr'><strong>meritis</strong></span> <span class='ocrx_word' id='word_1_767' title='bbox 2544 4890 2636 4951; x_wconf 89' lang='lat' dir='ltr'><strong>aut</strong></span> <span class='ocrx_word' id='word_1_768' title='bbox 2664 4881 2932 4950; x_wconf 79' lang='lat' dir='ltr'><strong>profectu,</strong></span> <span class='ocrx_word' id='word_1_769' title='bbox 2965 4897 3032 4936; x_wconf 90' lang='lat' dir='ltr'><strong>eo</strong></span> <span class='ocrx_word' id='word_1_770' title='bbox 3056 4893 3344 4951; x_wconf 88' lang='lat' dir='ltr'><strong>provectus</strong></span> <span class='ocrx_word' id='word_1_771' title='bbox 3375 4881 3466 4936; x_wconf 92' lang='lat' dir='ltr'><strong>ille</strong></span> <span class='ocrx_word' id='word_1_772' title='bbox 3512 4880 3696 4948; x_wconf 87' lang='lat' dir='ltr'><strong>homo,</strong></span> 
     </span>
    </p>
   </div>
   <div class='ocr_carea' id='block_1_108' title="bbox 2129 4947 3701 5023">
    <p class='ocr_par' dir='ltr' id='par_1_108' title="bbox 2129 4947 3701 5023">
     <span class='ocr_line' id='line_1_108' title="bbox 2129 4947 3701 5023; baseline 0.004 -21"><span class='ocrx_word' id='word_1_773' title='bbox 2129 4957 2198 5023; x_wconf 74' lang='lat' dir='ltr'><strong>ut</strong></span> <span class='ocrx_word' id='word_1_774' title='bbox 2220 4947 2314 5003; x_wconf 89' lang='lat' dir='ltr'><strong>Dei</strong></span> <span class='ocrx_word' id='word_1_775' title='bbox 2349 4949 2488 5004; x_wconf 79' lang='lat' dir='ltr'><strong>[ilius</strong></span> <span class='ocrx_word' id='word_1_776' title='bbox 2514 4947 2740 5023; x_wconf 78' lang='lat' dir='ltr'><strong>ejusque</strong></span> <span class='ocrx_word' id='word_1_777' title='bbox 2760 4954 2908 5023; x_wconf 80' lang='lat' dir='ltr'><strong>regni</strong></span> <span class='ocrx_word' id='word_1_778' title='bbox 2931 4947 3161 5007; x_wconf 81' lang='lat' dir='ltr'><strong>consors</strong></span> <span class='ocrx_word' id='word_1_779' title='bbox 3187 4953 3483 5023; x_wconf 82' lang='lat' dir='ltr'><strong>diceretur.</strong></span> <span class='ocrx_word' id='word_1_780' title='bbox 3506 4951 3701 5023; x_wconf 73' lang='lat' dir='ltr'><strong>Comes</strong></span> 
     </span>
    </p>
   </div>
   <div class='ocr_carea' id='block_1_109' title="bbox 2129 5019 3692 5090">
    <p class='ocr_par' dir='ltr' id='par_1_109' title="bbox 2129 5019 3692 5090">
     <span class='ocr_line' id='line_1_109' title="bbox 2129 5019 3692 5090; baseline -0.001 -17"><span class='ocrx_word' id='word_1_781' title='bbox 2129 5019 2298 5089; x_wconf 86' lang='lat' dir='ltr'><strong>igitur</strong></span> <span class='ocrx_word' id='word_1_782' title='bbox 2322 5030 2378 5073; x_wconf 92' lang='lat' dir='ltr'><strong>et</strong></span> <span class='ocrx_word' id='word_1_783' title='bbox 2413 5021 2571 5090; x_wconf 82' lang='lat' dir='ltr'><strong>quasi</strong></span> <span class='ocrx_word' id='word_1_784' title='bbox 2622 5019 2847 5076; x_wconf 78' lang='lat' dir='ltr'><strong>elI‘ectus</strong></span> <span class='ocrx_word' id='word_1_785' title='bbox 2875 5023 3069 5076; x_wconf 57' lang='lat' dir='ltr'><strong>divinae</strong></span> <span class='ocrx_word' id='word_1_786' title='bbox 3094 5024 3241 5077; x_wconf 89' lang='lat' dir='ltr'><strong>illius</strong></span> <span class='ocrx_word' id='word_1_787' title='bbox 3300 5022 3521 5076; x_wconf 89' lang='lat' dir='ltr'><strong>unionis</strong></span> <span class='ocrx_word' id='word_1_788' title='bbox 3568 5020 3692 5085; x_wconf 82' lang='lat' dir='ltr'><strong>fuit,</strong></span> 
     </span>
    </p>
   </div>
   <div class='ocr_carea' id='block_1_110' title="bbox 2130 5089 3694 5160">
    <p class='ocr_par' dir='ltr' id='par_1_110' title="bbox 2130 5089 3694 5160">
     <span class='ocr_line' id='line_1_110' title="bbox 2130 5089 3694 5160; baseline 0.001 -18"><span class='ocrx_word' id='word_1_789' title='bbox 2130 5090 2310 5160; x_wconf 82' lang='lat' dir='ltr'><strong>omnis</strong></span> <span class='ocrx_word' id='word_1_790' title='bbox 2342 5090 2433 5143; x_wconf 89' lang='lat' dir='ltr'><strong>illa</strong></span> <span class='ocrx_word' id='word_1_791' title='bbox 2468 5089 2668 5144; x_wconf 82' lang='lat' dir='ltr'><strong>Christi</strong></span> <span class='ocrx_word' id='word_1_792' title='bbox 2703 5092 2938 5147; x_wconf 92' lang='lat' dir='ltr'><strong>hominis</strong></span> <span class='ocrx_word' id='word_1_793' title='bbox 2959 5093 3171 5160; x_wconf 88' lang='lat' dir='ltr'><strong>justitia</strong></span> <span class='ocrx_word' id='word_1_794' title='bbox 3197 5101 3253 5146; x_wconf 91' lang='lat' dir='ltr'><strong>et</strong></span> <span class='ocrx_word' id='word_1_795' title='bbox 3281 5093 3567 5147; x_wconf 85' lang='lat' dir='ltr'><strong>sanctitas.</strong></span> <span class='ocrx_word' id='word_1_796' title='bbox 3590 5106 3694 5144; x_wconf 84' lang='lat' dir='ltr'><strong>non</strong></span> 
     </span>
    </p>
   </div>
   <div class='ocr_carea' id='block_1_111' title="bbox 2130 5158 3697 5228">
    <p class='ocr_par' dir='ltr' id='par_1_111' title="bbox 2130 5158 3697 5228">
     <span class='ocr_line' id='line_1_111' title="bbox 2130 5158 3697 5228; baseline 0 -15"><span class='ocrx_word' id='word_1_797' title='bbox 2130 5158 2252 5226; x_wconf 82' lang='lat' dir='ltr'><strong>ejus</strong></span> <span class='ocrx_word' id='word_1_798' title='bbox 2296 5163 2455 5220; x_wconf 88' lang='lat' dir='ltr'><strong>ratio,</strong></span> <span class='ocrx_word' id='word_1_799' title='bbox 2491 5160 2754 5228; x_wconf 13' lang='lat' dir='ltr'><strong>obiquam</strong></span> <span class='ocrx_word' id='word_1_800' title='bbox 2815 5158 3013 5216; x_wconf 79' lang='lat' dir='ltr'><strong>meruit</strong></span> <span class='ocrx_word' id='word_1_801' title='bbox 3039 5164 3183 5216; x_wconf 84' lang='lat' dir='ltr'><strong>illam</strong></span> <span class='ocrx_word' id='word_1_802' title='bbox 3223 5162 3473 5228; x_wconf 77' lang='lat' dir='ltr'><strong>adipisci.</strong></span> <span class='ocrx_word' id='word_1_803' title='bbox 3528 5161 3697 5215; x_wconf 76' lang='lat' dir='ltr'><strong>Etiam</strong></span> 
     </span>
    </p>
   </div>
   <div class='ocr_carea' id='block_1_112' title="bbox 2133 5227 3697 5302">
    <p class='ocr_par' dir='ltr' id='par_1_112' title="bbox 2133 5227 3697 5302">
     <span class='ocr_line' id='line_1_112' title="bbox 2133 5227 3697 5302; baseline -0.001 -18"><span class='ocrx_word' id='word_1_804' title='bbox 2133 5230 2427 5300; x_wconf 84' lang='lat' dir='ltr'><strong>Gregorius</strong></span> <span class='ocrx_word' id='word_1_805' title='bbox 2456 5230 2510 5302; x_wconf 83' lang='lat' dir='ltr'><strong>in</strong></span> <span class='ocrx_word' id='word_1_806' title='bbox 2544 5227 2739 5302; x_wconf 76' lang='lat' dir='ltr'><strong>Homil.</strong></span> <span class='ocrx_word' id='word_1_807' title='bbox 2775 5230 2917 5287; x_wconf 88' lang='lat' dir='ltr'><strong>hanc</strong></span> <span class='ocrx_word' id='word_1_808' title='bbox 2960 5234 3272 5302; x_wconf 90' lang='lat' dir='ltr'><strong>nuptiarum</strong></span> <span class='ocrx_word' id='word_1_809' title='bbox 3303 5227 3425 5286; x_wconf 80' lang='lat' dir='ltr'><strong>Filii</strong></span> <span class='ocrx_word' id='word_1_810' title='bbox 3452 5230 3542 5285; x_wconf 86' lang='lat' dir='ltr'><strong>Dei</strong></span> <span class='ocrx_word' id='word_1_811' title='bbox 3573 5244 3697 5302; x_wconf 90' lang='lat' dir='ltr'><strong>cum</strong></span> 
     </span>
    </p>
   </div>
   <div class='ocr_carea' id='block_1_113' title="bbox 2132 5298 3698 5373">
    <p class='ocr_par' dir='ltr' id='par_1_113' title="bbox 2132 5298 3698 5373">
     <span class='ocr_line' id='line_1_113' title="bbox 2132 5298 3698 5373; baseline -0.001 -18"><span class='ocrx_word' id='word_1_812' title='bbox 2132 5314 2230 5373; x_wconf 77' lang='lat' dir='ltr'><strong>sua</strong></span> <span class='ocrx_word' id='word_1_813' title='bbox 2250 5298 2420 5373; x_wconf 76' lang='lat' dir='ltr'><strong>carne</strong></span> <span class='ocrx_word' id='word_1_814' title='bbox 2452 5298 2575 5373; x_wconf 79' lang='lat' dir='ltr'><strong>(seu</strong></span> <span class='ocrx_word' id='word_1_815' title='bbox 2602 5300 2960 5371; x_wconf 84' lang='lat' dir='ltr'><strong>humanitate)</strong></span> <span class='ocrx_word' id='word_1_816' title='bbox 3018 5298 3484 5373; x_wconf 70' lang='lat' dir='ltr'><strong>coriiparatimiem</strong></span> <span class='ocrx_word' id='word_1_817' title='bbox 3515 5301 3698 5373; x_wconf 82' lang='lat' dir='ltr'><strong>statim</strong></span> 
     </span>
    </p>
   </div>
   <div class='ocr_carea' id='block_1_114' title="bbox 2132 5369 3701 5438">
    <p class='ocr_par' dir='ltr' id='par_1_114' title="bbox 2132 5369 3701 5438">
     <span class='ocr_line' id='line_1_114' title="bbox 2132 5369 3701 5438; baseline 0.001 -15"><span class='ocrx_word' id='word_1_818' title='bbox 2132 5370 2329 5436; x_wconf 87' lang='lat' dir='ltr'><strong>rejicit.</strong></span> <span class='ocrx_word' id='word_1_819' title='bbox 2400 5377 2456 5423; x_wconf 87' lang='lat' dir='ltr'><strong>ut</strong></span> <span class='ocrx_word' id='word_1_820' title='bbox 2507 5369 2687 5423; x_wconf 91' lang='lat' dir='ltr'><strong>minus</strong></span> <span class='ocrx_word' id='word_1_821' title='bbox 2744 5369 3173 5434; x_wconf 68' lang='lat' dir='ltr'><strong>accommodata,</strong></span> <span class='ocrx_word' id='word_1_822' title='bbox 3230 5380 3284 5425; x_wconf 87' lang='lat' dir='ltr'><strong>ct</strong></span> <span class='ocrx_word' id='word_1_823' title='bbox 3349 5387 3468 5438; x_wconf 64' lang='lat' dir='ltr'><strong>quae</strong></span> <span class='ocrx_word' id='word_1_824' title='bbox 3522 5371 3701 5424; x_wconf 79' lang='lat' dir='ltr'><strong>faveat</strong></span> 
     </span>
    </p>
   </div>
   <div class='ocr_carea' id='block_1_115' title="bbox 2132 5438 3700 5509">
    <p class='ocr_par' dir='ltr' id='par_1_115' title="bbox 2132 5438 3700 5509">
     <span class='ocr_line' id='line_1_115' title="bbox 2132 5438 3700 5509; baseline -0.001 -15"><span class='ocrx_word' id='word_1_825' title='bbox 2132 5438 2422 5494; x_wconf 80' lang='lat' dir='ltr'><strong>Nestorio:</strong></span> <span class='ocrx_word' id='word_1_826' title='bbox 2458 5438 2602 5509; x_wconf 88' lang='lat' dir='ltr'><strong>quod</strong></span> <span class='ocrx_word' id='word_1_827' title='bbox 2662 5440 2976 5509; x_wconf 88' lang='lat' dir='ltr'><strong>nuptiarum</strong></span> <span class='ocrx_word' id='word_1_828' title='bbox 3013 5443 3212 5497; x_wconf 71' lang='lat' dir='ltr'><strong>foedera</strong></span> <span class='ocrx_word' id='word_1_829' title='bbox 3262 5458 3369 5497; x_wconf 89' lang='lat' dir='ltr'><strong>non</strong></span> <span class='ocrx_word' id='word_1_830' title='bbox 3422 5443 3530 5496; x_wconf 89' lang='lat' dir='ltr'><strong>sint</strong></span> <span class='ocrx_word' id='word_1_831' title='bbox 3590 5438 3700 5493; x_wconf 82' lang='lat' dir='ltr'><strong>nisi</strong></span> 
     </span>
    </p>
   </div>
   <div class='ocr_carea' id='block_1_116' title="bbox 2137 5508 3703 5583">
    <p class='ocr_par' dir='ltr' id='par_1_116' title="bbox 2137 5508 3703 5583">
     <span class='ocr_line' id='line_1_116' title="bbox 2137 5508 3703 5583; baseline 0.002 -20"><span class='ocrx_word' id='word_1_832' title='bbox 2137 5511 2278 5563; x_wconf 87' lang='lat' dir='ltr'><strong>inter</strong></span> <span class='ocrx_word' id='word_1_833' title='bbox 2303 5508 2596 5583; x_wconf 26' lang='lat' dir='ltr'><strong>_eos,fqni</strong></span> <span class='ocrx_word' id='word_1_834' title='bbox 2625 5508 2957 5583; x_wconf 30' lang='lat' dir='ltr'><strong>“distinctae</strong></span> <span class='ocrx_word' id='word_1_835' title='bbox 2986 5528 3230 5583; x_wconf 61' lang='lat' dir='ltr'><strong>persona:</strong></span> <span class='ocrx_word' id='word_1_836' title='bbox 3278 5521 3405 5569; x_wconf 89' lang='lat' dir='ltr'><strong>sunt</strong></span> <span class='ocrx_word' id='word_1_837' title='bbox 3436 5528 3448 5563; x_wconf 91' lang='lat'>:</span> <span class='ocrx_word' id='word_1_838' title='bbox 3476 5509 3703 5583; x_wconf 78' lang='lat' dir='ltr'><strong>proinde</strong></span> 
     </span>
    </p>
   </div>
   <div class='ocr_carea' id='block_1_117' title="bbox 2136 5579 3703 5656">
    <p class='ocr_par' dir='ltr' id='par_1_117' title="bbox 2136 5579 3703 5656">
     <span class='ocr_line' id='line_1_117' title="bbox 2136 5579 3703 5656; baseline 0.005 -25"><span class='ocrx_word' id='word_1_839' title='bbox 2136 5579 2471 5656; x_wconf 62' lang='lat' dir='ltr'><strong>niavttlt__dici</strong></span> <span class='ocrx_word' id='word_1_840' title='bbox 2509 5580 2576 5633; x_wconf 87' lang='lat' dir='ltr'><strong>de</strong></span> <span class='ocrx_word' id='word_1_841' title='bbox 2606 5581 2832 5656; x_wconf 68' lang='lat' dir='ltr'><strong>Christo</strong></span> <span class='ocrx_word' id='word_1_842' title='bbox 2862 5592 2916 5637; x_wconf 83' lang='lat' dir='ltr'><strong>et</strong></span> <span class='ocrx_word' id='word_1_843' title='bbox 2947 5579 3209 5653; x_wconf 79' lang='lat' dir='ltr'><strong>Ecclesia,</strong></span> <span class='ocrx_word' id='word_1_844' title='bbox 3236 5598 3356 5656; x_wconf 59' lang='lat' dir='ltr'><strong>qua</strong></span> <span class='ocrx_word' id='word_1_845' title='bbox 3396 5579 3488 5639; x_wconf 74' lang='lat' dir='ltr'><strong>est</strong></span> <span class='ocrx_word' id='word_1_846' title='bbox 3524 5580 3703 5652; x_wconf 74' lang='lat' dir='ltr'><strong>prima</strong></span> 
     </span>
    </p>
   </div>
   <div class='ocr_carea' id='block_1_118' title="bbox 2140 5648 3032 5716">
    <p class='ocr_par' dir='ltr' id='par_1_118' title="bbox 2140 5648 3032 5716">
     <span class='ocr_line' id='line_1_118' title="bbox 2140 5648 3032 5716; baseline 0.006 -12"><span class='ocrx_word' id='word_1_847' title='bbox 2140 5648 2396 5707; x_wconf 82' lang='lat' dir='ltr'><strong>Methodii</strong></span> <span class='ocrx_word' id='word_1_848' title='bbox 2426 5653 2717 5716; x_wconf 81' lang='lat' dir='ltr'><strong>expositio.</strong></span> <span class='ocrx_word' id='word_1_849' title='bbox 2742 5650 3032 5711; x_wconf 68' lang='lat' dir='ltr'><strong>Const-is.</strong></span> 
     </span>
    </p>
   </div>
  </div>
