3964 6226
509 227 614 283 139

1492 232 1550 289 S.
1592 235 1920 294 ΜΕΤΙΙΟΒΠ
1958 235 2264 296 EPISCOPI
2305 225 2392 291 ΕΤ
2435 237 2793 300 MARTYRIS

3631 247 3739 301 ΗΟ

505 349 714 420 luptate
743 366 894 421 aeque
923 367 1020 408 seu
1065 350 1290 409 libidine
1333 364 1499 426 atque
1547 356 1734 414 dolore
1782 369 2046 417 semotum

2173 363 2266 416 καὶ
2290 362 2606 430 κουφίζεται
2656 363 2948 435 πτέρωμα,
2988 363 3098 416 τῶν
3129 360 3480 434 ἀνθρωπίνων
3515 360 3739 426 ἐξίπτα-

504 442 679 514 Cujus
711 445 915 514 irriguo
947 445 1144 500 anima:
1179 462 1358 516 penna
1407 449 1556 504 ebria
1584 467 1708 507 vere
1736 455 1966 518 crescit,
1995 456 2074 511 le-

502 534 733 605 viorque
762 535 974 602 eﬂ‘ecta,
994 537 1062 592 ab
1091 537 1345 596 humanis
1365 541 1565 598 studiis
1593 545 1810 600 avolare
1832 546 2074 616 quotidie

506 625 797 679 assuescit.

573 714 842 781 Quoniam
889 719 1034 773 enim
1094 721 1410 792 panegyrim
1451 737 1573 790 esse
1619 724 1784 780 vitam
1827 731 2070 782 uestram

502 807 778 877 sapientes
809 809 1090 878 dixerunt;
1125 828 1225 868 nos
1255 821 1434 869 autem
1465 815 1620 885 quasi
1646 831 1908 886 personas
1934 819 2075 875 veri-

503 901 632 955 tatis
661 915 881 956 scenam
915 902 993 971 (id
1022 912 1106 959 est
1129 903 1422 976 justitiam)
1453 906 1508 961 in
1533 908 1801 964 theatrum
1833 910 2024 967 dantes
2049 953 2065 977 ,

501 991 1002 1047 contrauitentibus
1027 999 1080 1048 et
1105 993 1174 1048 ad
1208 1009 1267 1049 se
1294 996 1666 1065 spectaculum
1697 998 1916 1054 trahere
1947 1013 2068 1053 cer-

501 1084 746 1139 tantibus
779 1085 998 1139 diabolo
1041 1099 1105 1140 ac
1136 1085 1474 1144 daemonibus
1496 1128 1512 1152 ,
1542 1087 1599 1142 in
1631 1089 1830 1144 caelum
1877 1091 2066 1146 oculos

501 1178 757 1232 tollamus
781 1192 1010 1234 necesse
1042 1185 1128 1234 est
1151 1218 1168 1244 ,
1203 1180 1610 1251 assumptisque
1659 1181 1760 1236 alis
1790 1181 1844 1235 in
1894 1181 2062 1235 altum

501 1270 776 1335 feramur,
808 1278 971 1342 atque
1015 1286 1203 1327 earum
1259 1271 1443 1327 suavis
1479 1272 1631 1328 vocis
1676 1273 1851 1328 illices
1897 1288 2063 1330 sonos

497 1372 791 1435 gestusque
822 1363 1126 1433 impudicos
1145 1403 1161 1430 ,
1191 1364 1461 1420 castitatis
1489 1365 1729 1422 exterius
1775 1366 2063 1437 probaeque

496 1455 798 1510 honestatis
828 1455 1097 1510 obductos
1126 1457 1307 1526 specie
1327 1495 1342 1520 ,
1374 1471 1486 1527 pra:
1518 1455 1820 1513 Homericis
1853 1456 2059 1513 Sirenis

498 1546 791 1617 fugiamus.
828 1546 982 1600 Multi
1030 1548 1173 1602 enim
1197 1589 1213 1614 ,
1269 1549 1473 1604 erroris
1512 1549 1781 1604 illecebris
1810 1548 2055 1614 deliniti,

496 1638 861 1694 deﬂuentibus
891 1640 1084 1709 pennis
1107 1641 1481 1711 'degravantur
1514 1643 1569 1695 in
1604 1641 1742 1694 hanc
1778 1641 2057 1695 venientes

2175 453 2294 507 σθαι
2319 454 2442 506 καθ’
2469 453 2680 526 ἡμέραν
2710 455 3014 524 ἐθιζόμενον
3045 453 3491 522 σπουδασμάτων.

2249 734 2464 806 Ἐπειδὴ
2509 735 2617 805 γὰρ
2671 735 2973 806 πανήγυριν
3021 734 3112 787 τὸν
3161 733 3274 804 βίον
3332 731 3489 804 ἡμῶν
3548 731 3738 802 σοφῶν

2166 827 2354 890 παῖδες
2382 827 2668 898 εἰρήκασιν
2687 821 2826 879 εἶναι
2844 867 2861 892 ,
2895 827 3042 896 ἡμᾶς
3073 826 3129 879 δὲ
3156 825 3217 878 τὸ
3252 825 3433 896 δρᾶμα
3462 823 3561 895 τῆς
3596 824 3736 896 ἀλη-

2167 916 2334 980 θείας,
2366 916 2464 987 τὴν
2499 916 2863 988 δικαιοσύνην,
2891 918 3044 987 ἣκειν
3069 915 3144 980 ὡς
3172 917 3252 980 εἰς
3274 915 3497 987 θέατρον
3525 915 3734 969 ἐπιδει-

2166 1009 2441 1080 ξομένους,
2473 1009 2918 1080 ἀντιτεχνούντων
2941 1008 3070 1080 ἡμῖν
3094 1007 3186 1060 καὶ
3214 1006 3732 1078 ἀνταγωνιζομένων

2163 1102 2257 1155 τοῦ
2305 1102 2547 1156 διαϐόλου
2585 1103 2679 1156 καὶ
2720 1102 2827 1155 τῶν
2875 1101 3139 1172 δαιμόνων
3159 1141 3174 1165 ,
3222 1099 3576 1164 ἀνανεύοντας
3612 1100 3733 1154 ἀνω

2162 1194 2242 1247 δεῖ
2269 1195 2362 1246 καὶ
2391 1195 2788 1265 ἀνιπταμένους
2817 1192 3258 1265 μετεωρίζεσθαι,
3283 1191 3377 1245 καὶ
3407 1191 3628 1260 φεύγειν
3657 1191 3732 1243 τά
3790 1198 3797 1206 '

2163 1285 2434 1356 θέλγητρα
2466 1285 2567 1355 τῆς
2605 1284 2964 1353 καλλιφωνίας
2989 1282 3186 1347 αὐτῶν,
3219 1282 3311 1336 καὶ
3351 1283 3419 1336 τά
3466 1283 3728 1353 σχήματα

2161 1376 2357 1442 ἔξωθεν
2397 1376 2665 1448 φαντασίᾳ
2698 1374 3047 1447 σωφροσύνης
3073 1373 3537 1446 ἐπικεχρωσμένα,
3565 1373 3597 1445 ἢ
3624 1374 3730 1437 τὰς

2160 1467 2421 1537 Σειρῆνας
2473 1465 2670 1536 μᾶλλον
2720 1465 2819 1528 τὰς
2859 1464 3177 1537 Ὁμηρικὰς.
3225 1462 3560 1534 Κηλούμενοι
3611 1465 3726 1535 γὰρ

2159 1561 2277 1620 ταῖς
2315 1558 2528 1628 ἡδοναῖς
2557 1556 2655 1626 τῆς
2691 1555 2918 1626 πλάνης,
2958 1553 3350 1626 πτεροῤῥυοῦσι
3389 1553 3593 1617 πολλοὶ,
3629 1555 3726 1607 καὶ

2161 1648 2479 1720 βαρύνονται
2507 1650 2587 1711 είς
2620 1648 2709 1700 τὸν
2748 1648 2870 1702 καθ’
2910 1647 3056 1718 ἡμᾶς
3088 1645 3199 1715 βίον
3227 1646 3469 1716 ἥκοντες,
3510 1663 3726 1715 χαυνω-

495 1731 685 1793 vitam,
711 1730 968 1784 relaxatis
987 1739 1038 1784 et
1057 1730 1311 1801 languida
1337 1732 1562 1786 mollitie
1583 1730 1835 1786 resolutis
1853 1731 2049 1796 nervis,

2157 1739 2353 1792 θέντων
2391 1737 2574 1801 αὐτοῖς
2608 1738 2701 1791 καὶ
2729 1737 3100 1808 χαλασθέντων
3131 1736 3240 1788 τῶν
3268 1737 3454 1800 τόνων,
3475 1735 3600 1790 καθ’
3626 1733 3722 1800 οὓς

493 1822 694 1892 quibus
725 1823 934 1876 alarum
963 1824 1233 1879 castitatis
1262 1825 1472 1880 indoles
1502 1824 1811 1890 roboratur,
1841 1839 1906 1879 ea
1935 1839 2059 1878 sur-

493 1929 613 1968 sum
665 1915 851 1969 levans
906 1931 1026 1985 quae
1080 1916 1414 1985 corruptioni
1480 1931 1769 1985 corporum
1833 1916 2057 1972 libidine

492 2005 747 2060 deorsum
772 2012 1020 2074 vergunt.
1054 2003 1213 2068 Hinc,
1247 2020 1280 2059 o
1311 2004 1506 2069 Arete,
1556 2006 1652 2060 tibi
1691 2020 1883 2060 nomen
1939 2014 2053 2071 est,

492 2099 573 2152 sic
601 2097 758 2152 dictae
790 2096 904 2152 sive
930 2097 1073 2166 quod
1109 2112 1206 2167 per
1235 2105 1289 2152 te
1321 2099 1494 2168 ipsam
1534 2099 1724 2170 αἱρετή
1749 2138 1763 2162 ,
1809 2099 2054 2170 eligibilis

489 2205 544 2242 es
565 2227 580 2253 ,
617 2187 887 2258 dignaque
915 2203 1036 2257 quae
1077 2189 1418 2259 przeopteris,
1449 2190 1592 2258 quod
1627 2188 1832 2260 αἴρεις,
1864 2190 1916 2243 id
1945 2196 2050 2253 est,

491 2277 693 2331 attollis
724 2285 777 2330 et
803 2276 856 2329 in
887 2277 1056 2331 cmlos
1090 2277 1268 2341 levas,
1305 2278 1358 2330 in
1396 2277 1803 2332 candidissimis
1837 2292 2054 2346 semper

489 2369 760 2423 mentibus
787 2367 1045 2423 incedens
1080 2387 1092 2420 :
1130 2376 1187 2422 ιιι
1222 2369 1353 2422 mihi
1377 2383 1580 2438 auspex
1613 2367 1877 2423 orationis
1909 2376 2048 2434 esto,

487 2474 648 2528 quam
678 2459 796 2526 ipsa
829 2457 1025 2513 habere
1051 2459 1382 2528 przecepisti.

2153 1831 2315 1903 ἡτῶν
2340 1830 2553 1903 πτερῶν
2587 1831 2685 1900 τῆς
2729 1829 3080 1900 σωφροσύνης
3124 1831 3502 1897 συγκρατεῖται
3534 1827 3718 1896 φύσις,

2127 1925 2482 1995 ’κουφίζουσα
2533 1921 2600 1976 τὰ
2632 1922 2782 1975 κάτω
2815 1921 3039 1974 νεύοντα
3077 1921 3204 1992 περῖ⁸
3249 1919 3578 1990 τὴνφθοράν
3609 1921 3722 1971 τῶν

2152 2017 2436 2087 σωμάτων.
2491 2015 2684 2077 Ὅθεν,
2733 2007 2778 2067 ὦ
2823 2013 3051 2085 Ἀρετὴ,
3105 2012 3214 2066 εἴτε
3273 2013 3354 2066 ὃτι
3395 2011 3460 2065 δι’
3519 2012 3720 2082 ἑαυτὴν

2147 2107 2370 2177 αἱρετὴ,
2405 2106 2513 2160 εἴτε
2567 2105 2654 2160 διὰ
2693 2105 2754 2158 τὸ
2803 2105 2991 2173 αἴρειν
3039 2105 3132 2159 καὶ¹
3185 2103 3530 2174 μετεωρίζειν
3581 2104 3720 2172 πρὸς

2149 2197 2403 2268 οὐρανὸν,
2433 2195 2635 2264 ταύτην
2671 2193 2908 2264 ἔσχηκας
2946 2192 3043 2264 τὴν
3085 2191 3427 2264 ἐπωνυμίαν,
3470 2192 3563 2244 ἐπὶ
3590 2191 3717 2243 λευσ

2151 2283 2393 2336 κοτάτων
2445 2282 2531 2335 ἀεὶ
2572 2280 2832 2350 βαίνουσα
2881 2279 3120 2350 φρενῶν·
3169 2279 3242 2333 ῐθι
3280 2298 3368 2350 μοι
3404 2279 3719 2348 συναντιλη-

2148 2372 2358 2444 ψομένη
2399 2370 2493 2425 τοῦ
2525 2370 2704 2439 λόγου,
2730 2369 2789 2424 ὃν
2816 2368 2955 2441 αὐτὴ
2983 2368 3322 2440 προσέταξας
3349 2369 3539 2422 εἰπεῖν.

554 2577 683 2633 CAP.
713 2575 780 2634 ll.
811 2577 936 2631 Alta
959 2593 1231 2631 sacrarum
1255 2577 1513 2647 virginum
1543 2593 1682 2631 mens
1713 2584 1764 2630 et
1785 2575 2105 2631 constantia.
2139 2573 2416 2644 Virginum
2448 2572 2502 2626 in
2525 2571 2704 2626 beatas
2728 2570 2874 2626 sedes
2905 2581 3024 2626 ante
3049 2572 3277 2643 reliquos
3300 2573 3638 2629 introductae.

551 2690 654 2758 Qui
684 2691 827 2747 enim
860 2689 1151 2759 deﬂuxum,
1181 2706 1342 2763 quem
1380 2690 1514 2757 dixi,
1545 2705 1842 2761 pennarum
1867 2688 2036 2761 passi,

2214 2687 2277 2742 Οἱ
2305 2687 2411 2758 γὰρ
2441 2685 2945 2758 πτερορρυήσαντες
2975 2686 3071 2738 καὶ
3100 2687 3355 2749 πεσόντες
3373 2688 3452 2749 εἰς
3472 2686 3570 2750 τὰς
3591 2688 3716 2758 ἡδο-

483 2783 538 2837 ἰη
569 2784 874 2854 voluptates
900 2784 1138 2855 prolapsi
1163 2792 1312 2848 sunt,
1341 2799 1450 2838 non
1480 2785 1635 2855 prius
1667 2784 1850 2839 dolere
1880 2770 2040 2839 acia-

2146 2781 2240 2844 νάς
2262 2781 2322 2833 οὐ
2359 2780 2621 2851 πρότερον
2652 2780 2876 2850 λήγουσι
2904 2780 3080 2850 λύπης
3111 2781 3207 2834 καὶ
3238 2780 3435 2843 πόνων,
3475 2779 3586 2832 ἔστ’
3619 2781 3712 2846 ἂν,

481 2875 706 2930 boribus
724 2874 1022 2930 conﬂictari
1047 2875 1306 2932 desinunt
1331 2891 1495 2946 quam
1520 2875 1762 2932 libidinis
1782 2877 2044 2946 concupi—

2146 2877 2210 2945 τῇ
2244 2873 2336 2926 τοῦ
2372 2873 2574 2936 πάθους
2608 2872 2870 2945 ἐπιθυμίᾳ
2897 2875 2997 2943 τὴν
3029 2873 3271 2942 ἀνάγκην
3311 2872 3715 2943 ἐκπληροῦντες

478 2966 685 3020 scentia
718 2967 1145 3037 intemperantiae
1203 2967 1528 3022 necessitate
1561 2967 1794 3036 expleta,
1826 2960 2041 3036 profani

2146 2967 2242 3036 τῆς
2269 2964 2557 3036 ἀκρασίας,
2581 2964 2815 3036 ἀμύητοι
2844 2967 2938 3018 καὶ
2963 2965 3168 3028 ἀτελεῖς
3200 2964 3292 3017 τοῦ
3322 2965 3422 3034 τῆς
3455 2965 3714 3035 ἀληθείας

477 3059 758 3130 sacrisque
779 3059 1006 3123 exclusi,
1035 3074 1067 3113 a
1088 3059 1330 3114 veritatis
1360 3074 1524 3114 scena
1541 3067 1787 3114 extorres
1818 3057 2041 3113 exstite-

2146 3025 2474 3128 ἀπομείνωσι
2519 3025 2831 3128 δράματος·
2885 3059 3007 3110 ἀντὶ
3055 3025 3163 3127 τῆς.
3202 3057 3341 3127 μετά
3378 3025 3563 3120 αἰδοῦς
3611 3025 3712 3110 xui.

475 3154 611 3218 rint,
645 3161 705 3207 ut
751 3168 860 3207 non
901 3151 1107 3222 pudore
1151 3151 1428 3222 castisque
1459 3151 1664 3223 nuptiis
1697 3151 1884 3207 liberis
1919 3165 2043 3221 pro-

474 3245 726 3302 creandis
752 3252 955 3317 ponant
972 3259 1212 3314 operam,
1235 3243 1330 3300 sed
1359 3244 1516 3299 saevis
1531 3259 1778 3298 amorum
1800 3244 2042 3313 volupta-

478 3336 622 3390 tibus
649 3335 832 3390 furore
856 3334 1146 3391 insaniant.
1176 3333 1306 3400 Quae
1323 3349 1452 3390 vero
1478 3333 1602 3388 forti
1624 3333 1837 3404 levique
1861 3346 2040 3403 penna

475 3428 660 3482 saeculi
691 3435 1027 3498 emergentes
1056 3440 1234 3492 caeno,
1271 3426 1327 3481 in
1370 3427 1553 3482 locum
1575 3427 1836 3481 mundum
1873 3440 2037 3496 supe-

473 3521 671 3576 riorem
707 3520 896 3574 oculos
924 3525 1270 3588 mentemque
1295 3519 1606 3574 extulerunt
1626 3558 1640 3583 ,
1671 3518 1861 3588 procul
1890 3517 2038 3588 aspi-

471 3613 677 3669 cientes
696 3626 815 3682 quae
844 3627 1002 3668 nemo
1014 3613 1153 3668 alius
1174 3612 1394 3676 viderit,
1428 3612 1544 3682 ipsa
1569 3611 1830 3666 nimirum
1855 3611 2038 3665 incor.

471 3703 740 3774 ruptionis
755 3710 930 3772 prata,
955 3702 1350 3758 inaestimabilia
1372 3701 1568 3758 decora
1590 3701 1857 3772 ﬂoresque
1876 3703 2036 3773 pleno

469 3789 577 3849 illis
603 3809 772 3848 cornu
796 3793 1094 3860 fundentia,
1123 3793 1190 3847 ad
1211 3794 1325 3863 ipsa
1346 3808 1466 3864 quae
1486 3793 1597 3848 illic
1625 3802 1752 3848 sunt
1777 3793 2035 3849 continue

469 3879 651 3938 animo
680 3885 845 3940 erecti
873 3892 1000 3939 sunt
1030 3893 1360 3956 versantque
1381 3884 1692 3955 spectacula
1721 3902 1736 3950 ;
1763 3901 1873 3955 quo
1899 3885 1954 3939 lit
1974 3893 2031 3940 ut

457 3982 726 4049 tanquam
771 3989 937 4045 parva
963 3974 1262 4044 despiciant
1290 3991 1410 4046 quae
1446 3976 1534 4031 hic
1569 3977 1796 4048 pulchra
1843 3978 2034 4034 existi-

464 4075 705 4134 mantur,
737 4082 888 4138 opes,
929 4067 1186 4132 honores,
1234 4069 1594 4136 nobilitatem,
1644 4071 1885 4142 nuptias,
1929 4087 2031 4126 nec

463 4157 658 4212 horum
688 4158 983 4228 quidquam
1012 4159 1236 4228 majoris
1267 4159 1472 4231 aliquid
1486 4161 1648 4230 pretii
1670 4163 2025 4218 arbitrentur.

463 4247 604 4315 Quin
629 4250 753 4305 etsi
783 4251 904 4320 quis
929 4265 1116 4304 earum
1149 4265 1378 4320 corpora
1412 4251 1542 4306 feris
1561 4252 1862 4310 ﬂammisve
1891 4254 2030 4324 obji-

2144 3149 2494 3221 σωφροσύνης
2525 3150 2955 3216 παιδοποιήσεως
2986 3149 3204 3220 ἀγρίαις
3246 3147 3462 3218 ἐρώτων
3507 3147 3710 3220 λυττή-

2141 3257 2335 3305 σαντες
2379 3241 2612 3311 ἡδοναῖς.
2649 3241 2715 3294 Αἱ
2747 3241 2803 3294 δὲ
2851 3239 3105 3310 εῠπτεροι
3149 3239 3242 3292 καὶ
3274 3238 3472 3308 κοῦφαι
3503 3240 3584 3300 εἰς
3616 3238 3713 3294 τὸν

2138 3333 2504 3405 ὑπερκόσμιον
2535 3334 2698 3387 τόπον
2728 3332 3107 3403 ὑπερκύψασαι
3138 3331 3232 3384 τοῦ
3268 3332 3404 3402 βίου,
3439 3333 3534 3385 καὶ
3569 3332 3712 3386 ἰδοῦ-

2139 3442 2229 3478 σαι
2259 3425 2540 3496 πόῤῥωθεν
2565 3424 2602 3478 ἀ
2630 3425 2704 3496 μὴ
2733 3425 2918 3494 ἕτερος
2939 3423 3238 3494 ἀνθρώπων
3269 3423 3550 3488 ἐθεάσατο,
3575 3425 3710 3488 τοὺς

2135 3517 2405 3588 λειμῶνας
2451 3518 2647 3580 αὐτοὺς
2692 3518 2793 3588 τῆς
2845 3515 3172 3589 ἀφθαρσίας,
3224 3517 3483 3588 ἀμήχανα
3527 3516 3704 3590 κάλλη

2135 3608 2230 3661 καὶ
2269 3607 2402 3679 άνθη
2451 3609 2745 3682 φέροντας,
2780 3608 2875 3661 καὶ
2909 3608 3391 3678 πεπληρωμένους,
3431 3610 3518 3662 ἀεὶ
3564 3609 3709 3679 πρὸς

2134 3699 2323 3763 αὑταῖς
2355 3701 2491 3754 εἰσιν
2537 3699 2898 3754 ἀναπολοῦσαι
2931 3701 2997 3753 τὰ
3025 3702 3140 3753 ἐκεῖ
3180 3700 3428 3772 θεάματα
3447 3718 3461 3730 ο
3490 3701 3581 3754 καὶ
3611 3701 3709 3756 διὰ

2134 3791 2289 3846 τοῦτο
2339 3791 2509 3864 μικρὰ
2557 3793 2810 3864 ἡγοῦνται
2841 3793 2908 3847 τά
2960 3792 3192 3848 ἐνταῦθα
3242 3793 3318 3865 (9)
3366 3793 3707 3864 νομιζόμενα

2134 3883 2292 3946 καλά,
2315 3883 2561 3950 πλοῦτον,
2586 3884 2679 3938 καὶ
2712 3885 2888 3949 δόξας,
2915 3885 3008 3938 καὶ
3033 3885 3185 3955 γένη,
3213 3887 3308 3938 καὶ
3339 3886 3567 3955 γάμους,
3602 3887 3708 3939 καὶ.

2132 3976 2281 4029 οὐδέν
2309 3993 2360 4028 τι
2389 3977 2612 4030 ἐκείνων
2644 3978 2772 4047 περὶ
2802 3977 3041 4040 πλείονος
3072 3977 3369 4030 ποιοῦνται.
3412 3977 3571 4030 Ἀλλά
3602 3979 3706 4033 καὶ

2132 4066 2186 4118 εἴ
2212 4084 2295 4130 τις
2340 4067 2518 4119 αὐτῶν
2570 4066 2780 4138 θηρίοις
2825 4068 2857 4138 ἢ
2907 4068 3035 4137 πυρὶ
3071 4067 3310 4138 βούλοιτο
3350 4067 3416 4121 τὰ
3467 4067 3706 4138 σώματα

2132 4159 2478 4229 παραδιδόναι
2526 4161 2619 4212 καὶ
2661 4159 3040 4230 τιμωρεῖσθαι,
3088 4160 3317 4230 ἑτοίμως
3367 4159 3548 4230 ἔχουσι
3588 4160 3705 4213 τῶν

2129 4249 2434 4320 ἀλγηδόνων
2482 4252 2854 4322 ἀφροντιστεῖν
2899 4250 2985 4303 διὰ
3030 4251 3120 4303 τὸν
3153 4251 3376 4304 ἐκείνων
3410 4250 3571 4303 πόθον
3600 4251 3706 4304 καὶ⁸

459 4355 586 4396 cere
599 4343 850 4405 voluerit,
864 4339 1108 4410 dirisque
1127 4341 1513 4398 excarnificare
1535 4344 1839 4414 suppliciis,
1859 4361 2026 4416 quan-

2146 4343 2223 4412 τὴν
2258 4337 2476 4397 ἐκείνων
2505 4343 2791 4416 ἔκπληξιν·
2823 4343 2961 4396 ὥστε
2991 4343 3164 4396 δοκεῖν
3195 4344 3382 4407 αὐτὰς,
3415 4346 3472 4396 ἐν
3504 4343 3702 4415 κόσμῳ

459 4433 654 4489 tamvis
718 4442 1111 4489 tormentorum
1165 4434 1516 4490 acerbitatem
1564 4442 1909 4490 contemnere
1964 4437 2020 4492 in

2146 4435 2311 4499 δύσεις,
2363 4437 2436 4508 μὴ
2471 4432 2608 4490 εἶναι
2645 4439 2702 4490 ἐν
2737 4437 2943 4507 κόσμῳ,
2983 4436 3118 4490 ἀλλὰ
3151 4436 3228 4506 τῷ
3259 4437 3566 4507 φρονήματι
3598 4435 3701 4488 καὶ

453 4531 712 4595 promptu
735 4527 952 4590 habent,
973 4523 1118 4596 quod
1135 4523 1349 4578 illorum
1363 4537 1548 4580 amore
1569 4541 1632 4580 ac
1652 4527 1834 4597 specie
1851 4543 2013 4597 quam

2146 4531 2188 4599 τῇ
2229 4531 2370 4600 ὁρμῇ
2410 4530 2510 4599 τῆς
2539 4529 2834 4600 ἐπιθυμίας
2871 4531 2949 4594 είς
2981 4528 3078 4600 τὴν
3126 4530 3321 4599 ἄγυριν
3350 4529 3452 4601 ἤδη
3484 4529 3594 4582 τῶν
3632 4529 3697 4584 ἐν

455 4617 589 4684 dixi,
623 4617 811 4674 defixae
847 4625 993 4682 sunt,
1021 4626 1078 4672 ut
1105 4616 1353 4689 quamvis
1373 4617 1430 4671 in
1463 4617 1667 4672 mundo
1705 4627 2012 4683 versentur,

2146 4623 2235 4684 τοῖς
2266 4621 2515 4692 οὐρανοῖς
2550 4622 2658 4693 (10)
2686 4622 2986 4692 τυγχάνειν.

454 4729 564 4768 non
596 4713 650 4768 in
686 4714 887 4770 mundo
906 4728 1028 4770 esse
1058 4713 1362 4778 videantur,
1397 4712 1493 4769 sed
1547 4715 1746 4770 mentis
1791 4729 1957 4770 sensu
2013 4729 2078 4770 ac
2126 4715 2379 4773 desiderii
2418 4717 2469 4774 vi
2497 4700 2619 4786 ,'in
2661 4720 2838 4790 ipsum
2883 4718 2994 4790 jam
3044 4718 3286 4774 caelitum
3339 4725 3539 4776 emtum
3597 4723 3700 4770 asa

442 4815 702 4878 sumptae.

2117 4965 2291 5022 sinius
2316 4964 2584 5032 habuerit,
2605 4981 2766 5035 quam
2787 4977 2966 5021 tamen
2989 4966 3105 5036 ipse
3129 4965 3185 5019 in
3215 4980 3316 5021 suo
3342 4981 3448 5021 non
3477 4965 3691 5026 habuit.

2117 5036 2237 5091 Meo
2268 5036 2504 5106 periculo
2537 5039 2753 5106 quidvis
2790 5037 2936 5091 aliud
2986 5038 3166 5106 potius
3208 5037 3432 5105 scripsit
3473 5036 3688 5090 Metho-

2116 5104 2454 5177 diusflj‘orte
2475 5104 2662 5173 άγίων,
2695 5107 2780 5161 vel
2809 5104 3001 5177 potius
3023 5106 3291 5175 ἀγγέλων,
3321 5104 3381 5159 ut
3419 5107 3692 5176 exprimat

2117 5177 2250 5231 illud
2277 5175 2438 5248 Hebr.
2469 5192 2566 5239 xu,
2599 5178 2688 5238 23.
2715 5175 2826 5232 ubi
2848 5177 2916 5232 de
2958 5178 3050 5232 illo
3092 5178 3210 5248 ipso
3248 5175 3686 5248 caelitumicmtu,

519 5243 631 5319 (ω)
671 5244 791 5319 Τῶν
814 5246 884 5298 ἐν·
909 5244 1032 5319 τοῖς
1052 5245 1678 5319 σμύρανοῐςκιιυροηιιηο
1716 5247 1877 5302 nimis
1901 5247 2012 5302 edi-

2146 5265 2171 5302 n
2206 5263 2313 5319 quo
2333 5247 2454 5319 jam
2485 5248 2700 5319 versari
2742 5248 2982 5316 virgines
3027 5243 3190 5319 sensu
3225 5247 3423 5302 mentis
3463 5247 3689 5319 videan-

444 5319 561 5390 tum
597 5315 652 5367 in
688 5313 1043 5390 μυροιςτητῶν
1072 5315 1304 5390 ἄστρων,
1339 5317 1404 5370 de
1436 5313 1540 5390 qua
1579 5327 1756 5373 tamen
1799 5319 2007 5390 voceis

2146 5313 2238 5382 ur;
2261 5313 2354 5370 καὶ
2398 5317 2661 5390 μυριάσιν-
2674 5313 2924 5390 ἀγγέλων
2952 5318 3272 5390 πανηγύρει,
3297 5332 3468 5390 quam
3511 5317 3685 5390 ipsam

442 5383 538 5456 qui
569 5383 788 5456 praefuit
812 5385 1056 5450 editioni,
1087 5400 1148 5437 ac
1178 5383 1468 5442 variantes
1488 5389 1743 5442 lectiones
1784 5388 1999 5456 adjecit,
2109 5403 2296 5442 vocem
2327 5383 2605 5455 scripserit
2644 5383 2946 5445 Methodius
2994 5383 3119 5444 nisi'
3151 5383 3385 5456 simplici
3432 5383 3690 5440 maluerit

455 5451 586 5528 l’oaf
607 5455 843 5528 ἄστρων,
865 5456 1086 5528 Αἱιιψιὶι,
1119 5455 1295 5510 deerat
1327 5463 1378 5509 in
1403 5457 1537 5511 wVat.
1590 5459 1781 5512 codice.
1831 5451 1918 5519 Ᾱῑ,
1957 5459 2003 5512 si

2146 5451 2577 5528 eddereayupw.
2634 5456 2864 5515 Perinde
2905 5461 3050 5515 enim
3100 5463 3204 5523 e'st,
3258 5451 3457 5519 concio,
3498 5467 3682 5528 cretus.

442 5521 648 5598 deerat,
682 5521 825 5598 unde
865 5521 1115 5598 Possiuio
1148 5528 1335 5598 ascita,
1387 5543 1490 5596 qua
1531 5528 1796 5582 reddenda
1839 5529 2006 5581 tantis
2110 5527 2392 5582 multitudo
2413 5521 2658 5592 'co'llecta,
2698 5544 2806 5583 non
2839 5529 3075 5586 siderum
3112 5521 3344 5598 (nugae),
3373 5528 3469 5583 sed
3517 5527 3686 5582 caele-

443 5591 654 5671 laborat
684 5593 1264 5671 verborumphaleris‘?
1301 5591 1458 5671 Ponit
1487 5597 1712 5671 dilutius
1749 5603 2006 5671 inter_va-
2113 5601 2276 5671 stium
2305 5600 2588 5671 spirituum
2611 5591 2666 5654 et
2691 5601 3025 5671 angelorum,
3053 5591 3374 5671 quibuscum
3400 5601 3554 5671 beata
3581 5612 3688 5671 no—

443 5662 555 5722 rias
584 5663 841 5721 lectiones
873 5679 938 5720 ex
966 5662 1082 5721 Vat.
1115 5673 1166 5722 et
1211 5666 1369 5722 Barb.
1406 5667 1588 5733 codd.,
1620 5669 1849 5739 indeque
1875 5667 2008 5725 Pos-
2113 5670 2197 5725 bis
2227 5662 2458 5728 societas
2499 5670 2553 5726 in
2580 5669 2745 5742 .cwlis
2764 5662 3171 5744 vexspectat'ur;
3203 5670 3424 5741 jamque
3462 5667 3690 5746 virgini—

523 4962 600 5033 (9)
629 4963 733 5018 Διὰ
765 4962 940 5018 τοῦτο
972 4964 1152 5032 μικρὰ
1175 4963 1457 5032 ἡγοῦνται
1496 4965 1566 5020 τὰ
1601 4967 1722 5020 ἐντ.
1761 4965 2008 5030 Allatius,

561 5034 719 5106 τοῦτο
752 5035 824 5106 μὴ
853 5030 1110 5106 pensum
1132 5030 1269 5106 πρὸς
1290 5035 1356 5088 τὰ
1384 5037 1560 5091 ἐντ....
1595 5037 1650 5090 in
1683 5037 1829 5091 edito
1851 5036 2013 5090 Com-

447 5101 711 5175 befisiano
750 5101 1392 5175 pe'rperaiii_adnotatum
1439 5109 1495 5159 in
1552 5109 1824 5175 margine,
1871 5106 2016 5160 hanc

447 5187 570 5228 esse
605 5172 889 5229 lectionem
921 5189 1020 5229 ms.
1051 5172 1246 5228 Mazar.
1287 5174 1454 5230 GALL.
