3964 6226
194 302 291 359 ιιι

1290 301 1679 360 CONVIVIUI
1718 301 1950 359 DECEM
1991 302 2354 359 VIRGINUM.

3340 304 3445 360 Hi

266 411 349 463 υῦ
380 411 491 481 γὰρ
534 409 690 481 θέμις
725 411 819 465 ἐπὶ
856 413 959 484 γῆς
1001 413 1207 484 βρίθειν
1254 413 1394 467 κατὰ
1437 413 1535 485 τὴν
1580 412 1770 467 ἑαυτοῦ

1946 411 2064 467 Non
2093 414 2240 468 enim
2267 412 2350 468 fas
2371 419 2456 468 est
2503 412 2832 483 virginitatis
2861 414 3001 468 alam
3042 422 3233 486 suapte
3262 415 3445 471 indole

194 502 367 575 φύσιν
395 504 455 557 τὸ
482 504 582 574 τῆς
609 504 907 576 παρθενίας
940 507 1160 579 πτερὸν,
1185 505 1298 559 ἀλλ’
1328 506 1441 561 ἄνω
1471 507 1658 579 φέρειν
1693 509 1774 569 εἰς

194 598 447 671 οὐρανὸν,
476 599 557 660 εἰς
586 596 827 668 καθαρὸν
868 597 1082 669 αἰθέρα,
1127 600 1221 652 καὶ
1257 599 1349 653 τὸν
1385 601 1774 672 τῶν’ἀγγέλων

196 691 414 759 γείτονα
448 689 587 759 βίον.
625 687 785 742 Ὅθεν
813 691 907 743 καὶ
931 690 1143 761 πρῶται
1169 691 1277 745 τῶν
1302 691 1477 746 ἄλλων
1511 694 1649 765 μετὰ
1674 696 1774 767 τὴν

191 780 502 849 ἀνάκλησιν
541 779 634 833 καὶ
658 780 759 851 τὴν
787 780 1037 835 ἐντεῦθεν
1073 781 1340 853 ἐκδημίαν
1378 784 1435 837 αἱ
1472 784 1648 857 ὀρθῶς
1680 788 1776 841 καὶ

189 873 406 937 πιστῶς
435 872 870 944 παρθενεύσασαι
896 873 974 944 τῷ
1002 874 1220 947 Χριστῷ
1248 876 1317 929 τὰ
1348 880 1639 951 νικητήρια
1672 882 1768 951 φέ-

191 983 384 1039 ρονται
431 965 538 1018 τῶν
575 965 784 1028 ἄθλων,
836 968 948 1029 τοῖς
977 966 1079 1036 τῆς
1105 968 1413 1042 ἀφθαρσίας
1439 970 1625 1025 ἄνθεσι
1654 990 1774 1025 στε-

190 1059 420 1128 φθεῖσαι
455 1057 591 1129 πρὸς
635 1057 824 1114 αὑτοῦ.
862 1060 1014 1129 ’Δμα
1060 1058 1170 1130 γάρ
1209 1060 1287 1131 τῷ
1328 1062 1650 1133 καταλείψαι
1681 1063 1773 1117 τὸν

188 1152 404 1223 κόσμον
434 1152 539 1215 τὰς
583 1152 784 1223 ψυχὰς,
819 1151 973 1221 λόγος
996 1155 1118 1216 ταῖς
1158 1152 1447 1225 παρθένοις
1495 1156 1773 1210 ὑπαντῶν-

185 1263 292 1309 Ιιας
323 1245 593 1314 ἀγγέλους
628 1242 771 1315 μετὰ
800 1243 1001 1314 πολλῆς
1032 1243 1303 1314 εὐφημίας
1329 1247 1410 1309 είς
1438 1247 1566 1310 τοὺς
1588 1264 1773 1319 προει-

187 1337 471 1409 ρημένους
499 1335 893 1409 παραπέμπειν
920 1334 1190 1405 λειμῶνας
1224 1336 1415 1400 αὐτὰς,
1446 1339 1525 1400 εἰς
1547 1336 1641 1401 οὓς
1675 1340 1769 1393 καὶ

186 1430 435 1502 πρόσθεν
464 1430 640 1483 ἐλθεῖν
681 1427 990 1499 ἐγλίχοντο,
1030 1426 1303 1498 μακρόθεν
1333 1430 1528 1494 αὐτοὺς
1567 1448 1770 1500 φαντα-

185 1521 479 1575 σιωθεῖσαι
515 1521 655 1585 τότε,
687 1521 870 1585 ὁπότε,
900 1519 982 1572 ἔτι
1013 1518 1411 1592 ὲπενδημοῦσαι
1442 1526 1553 1587 τοῖς
1586 1522 1771 1595 σῶμα·

185 1631 299 1683 σιν,
333 1614 640 1669 ἰνδάλλοντο
667 1614 737 1667 τὰ
765 1613 900 1667 θεῖα.

1873 506 1928 559 in
1966 510 2169 559 terram
2198 517 2443 572 vergere,
2467 504 2625 573 cujus
2654 507 2834 573 potius
2869 504 3109 559 muneris
3147 506 3220 560 sit
3245 505 3301 559 in
3333 520 3446 560 cm-

1874 597 1984 651 lum
2014 610 2320 666 purumque
2344 595 2547 649 athera
2576 610 2641 649 ac
2670 597 2901 650 vicinam
2927 597 3241 667 angelorum
3276 598 3445 653 vitam

1873 687 2148 755 hominem
2171 687 2381 742 tollere.
2418 686 2664 758 Reliquis
2696 687 2877 758 itaque
2902 689 3112 757 priores
3148 688 3278 743 hinc
3306 704 3441 745 evo-

1874 789 2011 836 cata
2038 796 2102 835 ac
2134 781 2487 851 emigrantes,
2513 797 2635 852 qua
2662 790 2811 837 recte
2842 780 3180 853 ﬁdeliterque
3218 782 3447 839 Christo

1878 872 2117 942 virgines
2162 872 2481 936 militavere,
2513 872 2755 927 victoria
2805 872 3025 943 pramia
3059 872 3323 937 referunt,
3359 876 3445 928 in-

1874 964 2239 1034 corruptionis
2267 964 2336 1019 ab
2367 979 2433 1020 eo
2460 964 2685 1024 ﬂoribus
2717 966 2985 1034 sertisque
3012 964 3297 1020 redimita.
3316 964 3445 1022 Mox

1870 1057 2015 1112 enim
2042 1072 2106 1112 ac
2138 1056 2332 1112 anima
2357 1060 2620 1112 mundum
2639 1058 2979 1128 reliquerint,
2995 1065 3193 1128 prasto
3208 1073 3331 1114 esse
3344 1073 3446 1114 an-

1870 1149 2021 1220 gelos
2076 1149 2283 1214 ferunt,
2316 1150 2409 1221 qui
2447 1149 2753 1221 virginibus
2794 1151 3010 1206 obviam
3058 1150 3439 1221 procedentes,

1871 1242 2161 1298 ambitioso
2187 1241 2450 1297 famulatu
2475 1242 2788 1314 ingentique
2816 1242 3109 1314 praconio,
3140 1242 3208 1296 ad
3229 1256 3293 1297 ea
3321 1257 3444 1313 qua

1874 1336 2296 1393 memoravimus
2325 1344 2480 1409 prata
2515 1335 2789 1392 deducant
2817 1375 2833 1401 ,
2884 1351 2994 1407 quo
3020 1345 3075 1392 et
3100 1343 3228 1391 ante
3252 1336 3445 1393 venire

1873 1430 2209 1501 gliscebant;
2244 1432 2434 1502 procul
2466 1430 2791 1500 tuncanimo
2813 1429 3336 1493 informantes,cum
3353 1429 3448 1485 ad-

1873 1521 1983 1577 huc
2011 1523 2069 1577 in
2114 1523 2437 1593 corporibus
2472 1530 2784 1588 versantes,
2831 1521 3126 1577 simulacro
3186 1522 3447 1593 tenuique

1872 1616 2112 1688 imagine
2146 1617 2332 1671 divina
2364 1623 2545 1673 mente
2565 1616 3050 1688 reprasentabant.

1258 1696 1386 1786 CAP.
1411 1730 1501 1788 Ill.
1544 1730 1877 1802 Virginitatis
1898 1747 2014 1787 sors
2041 1742 2093 1787 et
2124 1732 2409 1790 hereditas.

275 1842 550 1898 Ἐνταῦθα
576 1843 642 1915 δὴ
675 1844 955 1910 ἐλθούσας,
984 1846 1273 1917 θαυμαστά
1302 1863 1422 1900 τινα
1454 1843 1770 1906 θεάσασθαι,

1944 1843 2065 1899 Jam
2081 1860 2212 1901 vero
2240 1846 2369 1901 illuc
2398 1844 2712 1916 perductis,
2757 1844 3006 1899 miranda
3040 1843 3289 1914 quadam
3317 1846 3442 1902 illu-

183 1935 284 1986 καὶ
318 1933 618 2004 ἔκλαμπρα
663 1936 759 1987 καὶ
793 1935 1035 2006 μακάρια
1080 1935 1248 2007 κάλλη
1269 1974 1285 2000 ,
1318 1936 1412 1990 καὶ
1439 1938 1595 1989 ὁποῖα
1627 1935 1767 2001 ἐξει-

186 2028 311 2078 πεῖν
346 2026 430 2089 είς
472 2024 794 2097 ἀνθρώπους
833 2027 1109 2099 δυσχερές.
1146 2022 1299 2081 Εἶναι
1348 2027 1459 2099 γὰρ
1489 2027 1655 2099 αὐτὴν
1692 2028 1771 2082 δι-

186 2118 491 2189 καιοσύνην
539 2118 636 2173 καὶ
681 2119 961 2192 φρόνησιν,
1015 2120 1234 2192 ἀγάπην
1289 2121 1460 2192 αὐτὴν
1508 2123 1625 2175 ἐκεῖ
1675 2121 1770 2175 καὶ

184 2211 452 2284 ἀλήθειαν
501 2212 598 2266 καὶ
653 2213 1031 2286 σωφροσύνην,
1074 2213 1169 2267 καὶ
1217 2212 1287 2267 τὰ
1334 2213 1469 2268 ἄλλα
1509 2213 1772 2279 ὡσαύτως

184 2304 434 2374 ἐπιφανῆ
468 2305 567 2376 τῆς
595 2304 784 2375 σοφίας
804 2306 937 2379 ἄνθη
966 2308 1063 2361 καὶ
1090 2308 1265 2377 φυτάο
1290 2299 1368 2362 ὧν
1396 2308 1556 2378 ἡμεῖς
1588 2307 1771 2361 ἐνθάδε

186 2398 355 2460 σκιὰς
387 2397 562 2468 μόνας
608 2398 986 2470 φασματώδεις
1035 2398 1481 2471 ὀνειρὼσσοντες,
1515 2400 1623 2453 ἀπὸ
1662 2400 1772 2456 τῶν

186 2488 454 2561 πράξεων
483 2489 767 2562 ἡγούμεθα
803 2491 910 2547 τῶν
937 2492 1292 2561 ἀνθρωπίνων
1322 2494 1661 2558 συνεστάναι,
1687 2495 1769 2549 δτι

190 2585 265 2656 μή
295 2585 452 2638 ἐστιν
475 2584 654 2637 αὐτῶν
674 2584 832 2657 δεῦρο
859 2585 1025 2657 μηδὲν
1048 2586 1266 2640 εῐδωλον
1291 2586 1620 2655 καταφανὲς,
1654 2587 1769 2641 ἀλλ’

186 2676 635 2748 ὰπεικονίσματα
680 2677 838 2748 μόνον
867 2678 1017 2749 ἀειδῆ
1039 2717 1053 2741 ,
1080 2678 1117 2732 ἃ
1161 2677 1225 2750 δὴ
1268 2679 1363 2733 καὶ⁵
1389 2678 1529 2733 αὐτὰ
1557 2697 1769 2734 σκοτει-

184 2768 295 2832 νῶς
349 2767 621 2831 πολλάκις
664 2768 1055 2833 ἀπεικάζοντες
1098 2769 1484 2842 αἰσθανόμεθα.
1540 2773 1615 2826 Ού
1661 2774 1772 2846 γὰρ

182 2858 250 2912 ἂν
289 2858 519 2913 πώποτε
549 2860 889 2931 δικαιοσύνης
921 2862 1089 2932 αὐτῆς
1117 2862 1150 2933 ἢ
1186 2862 1451 2928 συνέσεως
1483 2864 1516 2935 ἢ
1550 2866 1772 2937 εἰρήνης

183 2948 494 3019 ὀφθαλμοῖς
524 2949 785 3002 ἐθεάσατὸ
815 2967 900 3031 τις
932 2950 1180 3020 μέγεθος,
1212 2951 1247 3023 ἢ
1283 2951 1521 3024 σχῆμαῆ
1553 2953 1766 3020 κάλλος·

184 3041 306 3092 ἐκεῖ
334 3039 395 3091 δὲ
430 3042 490 3092 ὲν
518 3037 599 3109 τῷ
636 3040 803 3092 Ὄντι
836 3039 968 3109 (il),
1000 3038 1078 3103 ῶς
1118 3041 1275 3105 εἰσιν,
1299 3039 1517 3112 ὁλοτελῆ
1552 3042 1772 3113 βλέπον-

182 3148 272 3185 sax
308 3130 409 3184 καὶ
442 3131 608 3201 σαφῆ.
645 3126 795 3184 Εἶναι
827 3130 937 3201 γὰρ
967 3130 1180 3202 δένδρον
1212 3148 1265 3185 τι
1293 3136 1647 3206 σωφροσύνης
1671 3136 1769 3188 αὑ-

1872 1936 2257 2007 strissimaque
2280 1945 2335 1991 et
2362 1937 2541 2001 beata,
2573 1944 2628 1992 et
2658 1952 2825 2007 supra
2860 1951 3022 2005 quam
3057 1936 3302 1993 humano
3327 1940 3443 1994 elo-

1869 2027 2000 2098 quio
2022 2028 2251 2099 exprimi
2285 2027 2441 2083 facile
2473 2028 2647 2098 possit
2667 2026 2898 2082 fruenda
2919 2026 3100 2082 olierri
3135 2029 3443 2098 pulchritu-

1871 2121 2059 2175 dinum
2094 2121 2424 2191 spectacula.
2476 2121 2598 2191 Ipsa
2644 2121 2845 2191 quippe
2894 2120 3005 2175 illic
3053 2121 3289 2191 justitia,
3323 2123 3442 2193 ipsa

1871 2212 2180 2283 prudentia,
2226 2213 2343 2283 ipsa
2390 2228 2510 2269 sese
2560 2213 2739 2283 palam
2777 2219 3049 2267 monstrat
3090 2212 3442 2285 indulgetque

1869 2319 1995 2359 cum
2048 2304 2310 2359 charitate
2349 2305 2549 2359 veritas
2583 2310 2637 2358 et
2658 2304 2918 2371 castitas,
2977 2303 3175 2375 aliique
3197 2305 3251 2360 id
3273 2321 3445 2376 genus

1870 2392 2265 2463 speciosissimi
2305 2392 2588 2463 sapientia
2634 2391 2796 2448 tiores
2826 2406 2891 2447 ac
2936 2393 3174 2463 planta:
3207 2409 3441 2465 quorum

1870 2500 1974 2541 uos
2001 2486 2090 2541 hic
2108 2485 2330 2541 umbras
2363 2486 2510 2542 solas
2531 2486 2689 2557 quasi
2709 2500 2807 2557 per
2835 2488 3108 2542 somnium
3137 2487 3443 2561 imaginan-

1869 2584 1973 2641 tes,
2007 2585 2263 2648 putamus
2304 2592 2367 2633 ex
2408 2578 2664 2633 humanis
2710 2589 2967 2635 constare
3009 2580 3441 2650 operationibus,

1868 2671 2014 2742 quod
2037 2671 2249 2726 nullum
2277 2671 2437 2727 nobis
2457 2671 2547 2726 hic
2580 2686 2767 2727 eorum
2806 2674 3163 2744 conspicuum
3189 2682 3443 2743 suppetat

1869 2760 2247 2826 simulacrum,
2286 2760 2380 2815 sed
2413 2762 2662 2817 obseura
2702 2764 2966 2818 duntaxat
3015 2763 3440 2834 designationes,

1867 2868 2006 2924 quas
2052 2862 2105 2910 et
2135 2854 2283 2924 ipsas
2311 2856 2508 2924 sapius
2535 2855 2768 2911 obscure
2798 2857 3132 2912 delineantes
3167 2855 3447 2926 densaque

1868 2944 2123 3015 caligine,
2158 2946 2443 3001 sentimus.
2472 2944 2582 3003 Nec
2619 2949 2764 3003 enim
2811 2949 2952 3005 ullus
2981 2964 3221 3021 unquam
3271 2948 3448 3019 ipsius

1865 3035 2114 3104 justitia,
2143 3045 2236 3092 aut
2251 3039 2573 3108 prudentia,
2590 3048 2683 3094 aut
2704 3039 2878 3110 pacis,
2903 3039 3332 3109 magnitudinem
3350 3049 3445 3092 aut

1873 3128 2124 3194 formam,
2159 3138 2320 3186 autve
2349 3130 2600 3186 decorem
2624 3131 2798 3187 oculis
2828 3131 3143 3202 usurpavit;
3180 3131 3291 3185 illic
3311 3147 3445 3187 vero

181 3223 307 3293 τῆς,
339 3218 488 3275 εἶναι
522 3222 766 3293 ἀγάπης,
807 3218 948 3278 εἶναι
984 3224 1282 3288 συνέσεως⁸
1308 3223 1496 3299 ῶσπερ
1538 3229 1633 3280 καὶ
1666 3227 1770 3281 τῶν

1877 3222 1932 3276 in
1984 3237 2051 3276 eo
2112 3222 2216 3289 Qui
2238 3233 2314 3277 est
2345 3225 2413 3287 ",
2446 3224 2525 3277 uti
2563 3239 2689 3279 vere
2711 3231 2861 3286 sunt,
2885 3223 3092 3294 integra
3121 3238 3185 3277 ac
3223 3224 3448 3293 conspi-

184 3311 376 3365 ὲνθῶδε
396 3314 472 3366 τὰ
497 3314 641 3381 φυτὰ
660 3314 907 3384 καρπῶν,
930 3308 1043 3368 οἷον
1060 3316 1354 3387 σταφυλῆς,
1378 3319 1532 3387 ῥοιᾶς
1556 3320 1651 3374 καὶ
1672 3321 1775 3391 μή·

183 3401 310 3468 λων,
340 3404 498 3458 οὕτω
521 3405 586 3477 δὴ
608 3406 874 3460 κάκείνων
898 3407 1192 3479 δρέπεσθαι
1223 3408 1335 3479 (12)
1360 3409 1460 3480 μὲν
1487 3411 1577 3464 κα.)⁸
1602 3411 1776 3465 ἐσθίε-

188 3495 309 3550 σθαι
355 3498 494 3560 τοὺς
526 3499 789 3568 καρποὺς,
824 3500 885 3553 οὐ
924 3499 1029 3571 μὴν
1059 3499 1389 3556 ἀπόλλυσθαι
1425 3504 1518 3555 καὶ
1544 3501 1770 3571 φθίνειν,

182 3588 295 3642 ἀλλ’
322 3591 415 3653 είς
435 3588 737 3643 ἀθανασίαν
761 3588 943 3655 αὔξειν
970 3591 1063 3645 καὶ
1090 3589 1340 3665 θειότητα
1360 3594 1484 3657 τοὺς
1505 3592 1773 3665 δρεπομέ-

185 3697 312 3746 νους
331 3698 350 3712 ο
395 3680 585 3745 καθὼς
609 3683 860 3747 κάκεῖνος
888 3683 946 3750 ἐξ
984 3678 1045 3738 οὗ
1089 3684 1291 3749 πάντες
1323 3685 1507 3756 ἐσμὲν,
1544 3686 1649 3758 πρὸ
1680 3685 1773 3740 τοῦ

187 3776 539 3845 ⁶ππιιρςικιτεσείν
571 3775 663 3827 καὶ
697 3774 1021 3846 πηρωθῆναι
1049 3776 1149 3839 τᾶς
1178 3774 1349 3845 ὄψεις,
1382 3777 1441 3829 ὲν
1485 3775 1562 3847 τῷ
1598 3792 1776 3849 παρα-

184 3862 350 3936 δείσῳ
387 3864 676 3934 τυγχάνων
695 3906 709 3927 ,
741 3865 1179 3936 ἀπεκαρπεύετο,
1210 3866 1304 3920 τοῦ
1336 3866 1471 3920 Θεοῦ
1498 3867 1778 3938 θεμιστεύ-

185 3973 339 4021 me;
374 3956 472 4010 τὸν
500 3956 784 4029 ἄνθρωπον
807 3958 913 4011 τῶν
933 3959 1032 4028 τῆς
1062 3957 1251 4026 σοφίας
1280 3958 1518 4029 ἐργάτην
1549 3958 1771 4029 τεθῆναι

188 4051 278 4102 καὶ
320 4047 552 4117 φύλακα
584 4047 785 4117 φυτῶν.
829 4048 1115 4112 Τοιούτους
1141 4047 1251 4120 γὰρ
1282 4044 1349 4120 ἦν
1383 4050 1627 4120 καρποὺς
1674 4066 1769 4103 πε-

188 4142 555 4212 πιστευμένος
584 4144 847 4212 γεωργεῖν
895 4142 989 4193 καὶ
1034 4142 1064 4193 ὁ
1107 4141 1321 4212 πρῶτος
1366 4141 1553 4212 Ἀδάμ.
1588 4141 1697 4195 Καὶ
1740 4143 1771 4194 ὁ

197 4234 476 4304 Ἱερεμίας
520 4233 577 4286 δὲ
617 4233 787 4287 ταῦτα
838 4232 1124 4302 τυγχάνειν
1164 4233 1345 4297 ίδικῶς
1377 4233 1433 4286 ἔν
1465 4251 1571 4285 τινι
1619 4234 1768 4305 τόπῳ

190 4325 277 4376 καὶ
338 4322 622 4392 ἁφεστῶτι
676 4324 918 4394 μεγάλην
975 4324 1273 4376 ἀπόστασιν
1318 4323 1414 4393 τῆς
1465 4322 1585 4375 καθ’
1618 4325 1767 4393 ἡμᾶς

256 4479 302 4510 ⁶“’
569 4436 769 4546 ιιι,-14.

1878 3328 1979 3366 cua
2001 3314 2425 3383 perspiciuntur.
2461 3313 2556 3369 Est
2582 3315 2728 3368 enim
2763 3314 2938 3384 ipsius
2969 3314 3441 3376 castitatisarbor.

1878 3411 1963 3460 est
1990 3404 2259 3470 caritatis,
2314 3412 2398 3460 est
2450 3405 2771 3476 prudentia,
2805 3406 2883 3459 uti
2915 3421 3045 3462 sane
3072 3416 3124 3461 et
3163 3405 3444 3462 fructuum

1876 3496 1967 3551 hic
1996 3507 2333 3552 terrenorum
2390 3497 2586 3567 planta
2609 3498 2758 3569 (vitis
2800 3498 3029 3561 scilicet,
3062 3498 3443 3569 malogranati,

1878 3588 2144 3643 malorum
2172 3600 2569 3661 pomorumque
2584 3589 2870 3660 omnium),
2902 3590 2980 3643 sic
2999 3597 3051 3643 et
3086 3590 3299 3643 illarum
3323 3604 3446 3643 car-

1878 3686 2083 3749 puntur
2110 3678 2323 3735 fructus
2355 3689 2518 3751 atque
2552 3681 2808 3745 eduntur,
2843 3695 2952 3735 non
2994 3680 3088 3750 qui
3129 3687 3352 3750 pereant
3380 3693 3446 3732 ac

1879 3780 2241 3835 marcescant,
2273 3775 2367 3829 sed
2388 3773 2482 3844 qui
2520 3774 2759 3845 legentes
2782 3771 2850 3827 ad
2879 3773 3339 3828 immortalitatem
3360 3772 3446 3828 di-

1877 3858 2267 3932 vinitatemque
2282 3863 2615 3933 adaugeant:
2640 3861 3096 3933 quemadmodum
3107 3869 3160 3918 et
3172 3860 3263 3917 ille
3284 3861 3446 3932 cujus

1877 3964 2068 4009 omnes
2101 3970 2291 4010 sumus
2338 3956 2574 4020 soboles,
2604 3966 2729 4011 ante
2753 3956 2966 4027 lapsum
3015 3970 3079 4009 ac
3124 3962 3326 4010 cacata
3354 3954 3443 4008 lu-

1877 4043 2046 4108 mina,
2082 4045 2137 4099 in
2184 4046 2436 4116 paradiso
2469 4045 2746 4101 fructuum
2784 4062 2952 4102 usura
2987 4045 3275 4117 gaudebat,
3312 4060 3447 4101 con-

1877 4137 2069 4192 stituto
2099 4152 2195 4207 per
2218 4137 2310 4192 Dei
2334 4138 2531 4193 scitum
2562 4138 2805 4207 homine,
2832 4150 2883 4194 ut
2904 4138 3208 4208 plantarum
3227 4138 3444 4207 sapien-

1877 4231 1963 4284 tia
1990 4231 2168 4284 cultor
2200 4246 2263 4286 ac
2283 4240 2469 4287 custos
2499 4242 2666 4288 esset.
2699 4231 2859 4288 Tales
2882 4246 3112 4301 namque
3140 4230 3349 4285 fructus
3383 4237 3442 4283 ut

1874 4324 2099 4389 coleret,
2121 4325 2328 4395 primus
2367 4324 2539 4378 Adam
2563 4324 2620 4379 in
2641 4340 2795 4380 suam
2822 4323 2976 4380 tidem
3010 4329 3311 4393 acceperat.
3343 4321 3443 4376 At-

190 4634 288 4690 hos
317 4651 389 4709 ac
415 4636 491 4709 iis
515 4650 744 4709 quorum
776 4651 900 4709 cum
938 4636 1103 4709 Paulo
1147 4639 1507 4703 conversatio,
1537 4636 1769 4692 munici-
1798 4637 1997 4709 Ditem
2046 4636 2257 4691 Baruch
2304 4654 2413 4709 non
2459 4636 2525 4691 ad
2564 4638 2735 4709 ipsam
2782 4637 2875 4694 Dei
2924 4638 3189 4694 visionem
3227 4639 3445 4696 videtur

254 4714 342 4759 ιιις
371 4705 725 4777 (πολίτευμα)
759 4715 842 4761 est
874 4708 926 4760 in
957 4708 1132 4773 calis,
1162 4717 1426 4777 occupato
1460 4716 1763 4778 prastatur.

264 4792 486 4830 IBSFIS.

256 4847 372 4914 (ιι)
418 4846 584 4900 Ἐκεῖ
599 4845 668 4900 δὲ
692 4846 763 4900 ἐν
782 4846 865 4912 τῷ
890 4848 1065 4901 Ὄντι.
1093 4846 1185 4917 Sic
1213 4847 1441 4917 accipio,
1465 4857 1524 4901 ut
1561 4846 1652 4902 Dei
1678 4863 1770 4902 no-

190 4930 313 4970 mea
346 4917 707 4988 intelligatur,
739 4934 847 4985 quo
865 4932 940 4988 _se
987 4919 1102 4988 ipse
1146 4916 1314 4972 Exod.
1338 4916 1437 4984 ιιι,
1472 4918 1557 4981 14,
1588 4926 1764 4983 vocat,

191 4989 475 5058 seuielque
513 4985 569 5058 et
621 4987 812 5058 iterum
856 4985 965 5041 Jer.
1008 4985 1102 5041 'xnv
1153 4995 1205 5041 et
1250 5003 1401 5041 xxxu
1456 4989 1763 5058 compellat.

190 5052 301 5109 illic
343 5052 480 5126 ergo
505 5057 567 5109 ὲν
598 5055 677 5125 τῷ
696 5059 867 5121 Ὄντι,
895 5060 949 5111 in
992 5058 1084 5111 illo
1110 5058 1200 5127 qui
1230 5067 1327 5117 est.
1365 5059 1418 5112 in
1468 5052 1598 5114 Deo'
1621 5059 1767 5113 fonte

188 5127 520 5198 militet
553 5128 647 5196 qui
690 5136 775 5183 est
819 5128 995 5196 ipsum
1041 5143 1183 5190 esse,
1218 5129 1375 5198 cujus
1416 5144 1640 5184 munere
1681 5137 1767 5182 est

188 5196 460 5266 Quidquid
490 5204 596 5259 est,
626 5205 859 5252 cernunt
906 5198 1070 5251 animi
1118 5196 1465 5268 primigenios
1504 5200 1637 5254 istas
1676 5214 1765 5252 ra-

190 5268 369 5338 tiones
411 5274 467 5338 et
501 5268 874 5323 emanationes
923 5269 1067 5323 clare
1105 5282 1158 5324 et
1201 5269 1427 5338 integre,
1462 5286 1567 5327 non
1603 5279 1659 5323 ut
1711 5269 1765 5321 in

190 5337 351 5391 nobis
375 5337 632 5391 visuntur
662 5338 717 5391 in
745 5353 868 5393 esse
905 5339 1111 5393 caduco
1137 5347 1190 5393 et
1215 5337 1451 5401 mortali.
1477 5340 1767 5394 contrariis

189 5406 487 5478 admistag:
524 5423 862 5478 quacunque
889 5409 1103 5478 tandem
1144 5410 1234 5462 illa
1273 5408 1365 5464 Dei
1396 5410 1552 5472 visio,
1591 5418 1645 5464 et
1674 5409 1765 5463 τοῦ

192 5477 390 5548 Ὦπος
410 5476 500 5548 γεῆι
541 5476 830 5541 Methodio,
857 5483 935 5533 vel
958 5476 1152 5548 ipsius
1185 5479 1240 5533 in
1270 5494 1329 5534 se
1361 5480 1556 5534 divina
1582 5496 1771 5535 essen-

190 5546 295 5618 tia,
333 5547 423 5601 vel
467 5549 683 5618 qualem
718 5558 871 5603 extra
908 5546 1051 5602 illam
1097 5549 1258 5602 animi
1294 5559 1520 5616 possunt
1550 5551 1767 5605 habere.

192 5614 306 5671 Sun
340 5614 501 5687 loqui
518 5633 647 5672 vero
669 5618 995 5672 Methodium
1019 5619 1085 5673 de
1112 5620 1229 5687 ipsa
1256 5614 1308 5673 in
1335 5635 1393 5674 se
1422 5620 1514 5673 Dei
1540 5619 1769 5684 visione,

191 5696 537 5761 argumento
557 5697 642 5743 est
690 5690 991 5761 exemplum
1026 5689 1340 5761 protoplasti
1362 5729 1379 5761 ,
1417 5691 1506 5745 cui
1541 5701 1664 5761 ante
1694 5690 1773 5743 la-

195 5758 357 5823 pisum
382 5758 626 5817 eamdem
648 5758 1015 5828 cognitionem
1044 5758 1258 5816 videtur
1295 5760 1553 5817 tribuere.
1595 5759 1773 5816 Locus

1869 4708 2098 4778 hortari.
2126 4714 2220 4762 sed
2253 4708 2318 4761 ad
2354 4710 2579 4763 virtutes
2601 4709 2790 4778 quales
2826 4710 3057 4761 humana
3086 4710 3342 4763 facultate
3376 4722 3442 4763 ac

1866 4776 1961 4832 Dei
1993 4794 2213 4833 munere
2246 4779 2407 4832 homo
2435 4776 2887 4833 viator—nancisci
2925 4785 3120 4847 potest.
3158 4778 3442 4834 Possinius

1866 4865 2044 4900 coram
2075 4859 2122 4901 et
2154 4865 2265 4902 rere
2309 4849 2564 4909 reddidit,
2594 4863 2656 4901 ac
2687 4850 2732 4903 si
2767 4865 2829 4902 ea
2874 4849 3075 4902 locutio
3117 4850 3223 4902 vim
3264 4850 3441 4903 scium

1866 4918 2102 4975 adverbii
2140 4918 2359 4975 haberet
2387 4938 2399 4972 :
2431 4919 2522 4988 qui
2549 4934 2741 4971 sensus
2770 4918 2923 4973 valde
2950 4918 3171 4974 humilis
3199 4926 3303 4988 est.
3330 4917 3442 4974 Me-

1866 4988 1970 5059 lius
2023 4989 2269 5052 Allatius,
2328 4990 2384 5042 in
2431 4991 2546 5056 ipsa
2587 4990 2831 5059 veritate,
2860 5005 3024 5059 quam
3064 4990 3223 5045 velim
3268 4987 3440 5059 Deum

1867 5057 2160 5114 Veritatem
2214 5059 2580 5123 intellexisse;
2622 5059 2746 5113 inde
2792 5057 3114 5124 Veritatem,
3158 5057 3305 5127 quod
3356 5064 3446 5113 est

1868 5129 1985 5198 ipse
2010 5130 2103 5198 qui
2128 5139 2230 5191 est,
2266 5130 2475 5198 datque,
2492 5130 2746 5183 omnibus
2781 5145 2904 5186 esse
2941 5139 2995 5183 et
3029 5144 3156 5183 vere
3185 5144 3326 5183 esse.
3360 5128 3441 5184 in.

1941 5197 2051 5269 (12)
2084 5199 2429 5266 Δρέπεσθαι.
2458 5197 2702 5269 Proclive
2744 5199 2843 5254 fuit
2886 5205 3098 5252 mutare
3126 5198 3438 5269 βλέπεσθαι,

1869 5268 1993 5325 cum
2034 5268 2242 5338 liqueat
2289 5269 2575 5339 scripsisse
2624 5268 2973 5330 Methodium,
3005 5269 3147 5336 quod
3188 5268 3323 5339 itaa
3354 5284 3441 5339 me

1870 5347 2136 5394 mutatum
2186 5347 2301 5406 est;
2340 5338 2485 5408 quod
2532 5353 2757 5408 carpere
2811 5345 3071 5407 sequatur
3114 5339 3175 5392 τὸ
3229 5338 3440 5392 ἔδεσθαι.

1866 5412 1948 5466 vel
1976 5410 2268 5473 ἐσθίεσθαι,
2297 5408 2356 5463 ut
2382 5408 2472 5462 alii
2499 5418 2551 5463 et
2587 5410 2677 5463 alii
2705 5409 2919 5479 codices
2953 5409 3184 5475 habent;
3212 5417 3264 5461 et
3293 5408 3439 5479 quod

1865 5497 2065 5551 augere
2094 5481 2160 5534 ad
2190 5480 2649 5536 immortalitatem
2674 5489 2727 5533 et
2758 5477 3111 5551 divinitatem,
3130 5480 3291 5534 addat
3313 5477 3439 5551 τοὺς

1864 5550 2247 5623 δρεπομένους,
2280 5567 2365 5623 eos
2397 5552 2484 5623 qui
2510 5558 2748 5623 carpant,
2776 5565 2888 5623 non
2912 5551 3005 5619 qui
3029 5550 3264 5616 videant,
3293 5550 3442 5623 quod

1867 5618 2129 5677 remotius
2158 5630 2243 5675 est
2273 5622 2339 5675 ad
2366 5618 2992 5691 metaphOramaVitiOSa
3024 5636 3251 5689 prorsus
3294 5618 3443 5674 Alla-

1869 5692 1930 5747 tii
1958 5691 2122 5759 edita,
2145 5707 2213 5750 ex
2240 5693 2443 5750 nostris
2473 5690 2833 5749 emendanda.
2865 5693 3153 5751 COIBEFIS.
