  <div class='ocr_page' id='page_1' title='image "/cluster/home/n/w/nwhite01/storage/ocr_20150623/18/hvd.32044073501207/077.png"; bbox 0 0 3964 6226; ppageno 0'>
   <div class='ocr_carea' id='block_1_1' title="bbox 457 323 560 378">
    <p class='ocr_par' dir='ltr' id='par_1_1' title="bbox 457 323 560 378">
     <span class='ocr_line' id='line_1_1' title="bbox 457 323 560 378; baseline 0 -1"><span class='ocrx_word' id='word_1_1' title='bbox 457 323 560 378; x_wconf 75' lang='lat' dir='ltr'><strong>M3</strong></span> 
     </span>
    </p>
   </div>
   <div class='ocr_carea' id='block_1_2' title="bbox 1441 315 2753 384">
    <p class='ocr_par' dir='ltr' id='par_1_2' title="bbox 1441 315 2753 384">
     <span class='ocr_line' id='line_1_2' title="bbox 1441 315 2753 384; baseline 0.003 -5"><span class='ocrx_word' id='word_1_2' title='bbox 1441 323 1501 379; x_wconf 89' lang='lat' dir='ltr'><strong>S.</strong></span> <span class='ocrx_word' id='word_1_3' title='bbox 1545 321 1874 379; x_wconf 75' lang='lat' dir='ltr'><strong>METHODII</strong></span> <span class='ocrx_word' id='word_1_4' title='bbox 1911 321 2224 380; x_wconf 75' lang='lat' dir='ltr'><strong>EPISCOPI</strong></span> <span class='ocrx_word' id='word_1_5' title='bbox 2253 315 2351 377; x_wconf 83' lang='grc' dir='ltr'><strong>ΕΤ</strong></span> <span class='ocrx_word' id='word_1_6' title='bbox 2393 319 2753 384; x_wconf 71' lang='grc' dir='ltr'><strong>ΜΑΒΤΥΙΗΒ</strong></span> 
     </span>
    </p>
   </div>
   <div class='ocr_carea' id='block_1_3' title="bbox 3613 333 3717 388">
    <p class='ocr_par' dir='ltr' id='par_1_3' title="bbox 3613 333 3717 388">
     <span class='ocr_line' id='line_1_3' title="bbox 3613 333 3717 388; baseline 0.019 -2"><span class='ocrx_word' id='word_1_7' title='bbox 3613 333 3717 388; x_wconf 69' lang='lat' dir='ltr'><strong>1H</strong></span> 
     </span>
    </p>
   </div>
   <div class='ocr_carea' id='block_1_4' title="bbox 453 441 2036 523">
    <p class='ocr_par' dir='ltr' id='par_1_4' title="bbox 453 441 2036 516">
     <span class='ocr_line' id='line_1_4' title="bbox 453 441 2036 516; baseline 0.001 -18"><span class='ocrx_word' id='word_1_8' title='bbox 453 458 562 514; x_wconf 90' lang='lat' dir='ltr'><strong>que</strong></span> <span class='ocrx_word' id='word_1_9' title='bbox 591 441 706 498; x_wconf 63' lang='lat' dir='ltr'><strong>haec</strong></span> <span class='ocrx_word' id='word_1_10' title='bbox 726 441 990 499; x_wconf 81' lang='lat' dir='ltr'><strong>Jercmias</strong></span> <span class='ocrx_word' id='word_1_11' title='bbox 1016 441 1251 513; x_wconf 87' lang='lat' dir='ltr'><strong>quodam</strong></span> <span class='ocrx_word' id='word_1_12' title='bbox 1297 444 1417 500; x_wconf 92' lang='lat' dir='ltr'><strong>loco</strong></span> <span class='ocrx_word' id='word_1_13' title='bbox 1451 460 1724 510; x_wconf 86' lang='lat' dir='ltr'><strong>seorsum,</strong></span> <span class='ocrx_word' id='word_1_14' title='bbox 1753 446 1942 516; x_wconf 86' lang='lat' dir='ltr'><strong>procul</strong></span> <span class='ocrx_word' id='word_1_15' title='bbox 1973 445 2036 500; x_wconf 86' lang='lat' dir='ltr'><strong>ah</strong></span> 
     </span>
    </p>
   </div>
   <div class='ocr_carea' id='block_1_5' title="bbox 2141 441 3718 523">
    <p class='ocr_par' dir='ltr' id='par_1_5' title="bbox 2141 445 3718 523">
     <span class='ocr_line' id='line_1_5' title="bbox 2141 445 3718 523; baseline 0.001 -23"><span class='ocrx_word' id='word_1_16' title='bbox 2141 446 2464 519; x_wconf 79' lang='grc' dir='ltr'><strong>οἰκουμένης</strong></span> <span class='ocrx_word' id='word_1_17' title='bbox 2515 445 2677 515; x_wconf 78' lang='grc' dir='ltr'>οἶδεν,</span> <span class='ocrx_word' id='word_1_18' title='bbox 2735 451 2859 504; x_wconf 79' lang='grc' dir='ltr'>ἔνθα</span> <span class='ocrx_word' id='word_1_19' title='bbox 2908 452 3038 515; x_wconf 74' lang='grc' dir='ltr'>τοὺς</span> <span class='ocrx_word' id='word_1_20' title='bbox 3091 448 3542 523; x_wconf 76' lang='grc' dir='ltr'>ἐξολισθήσαντας</span> <span class='ocrx_word' id='word_1_21' title='bbox 3606 453 3718 504; x_wconf 81' lang='grc' dir='ltr'><strong>τῶν</strong></span> 
     </span>
    </p>
   </div>
   <div class='ocr_carea' id='block_1_6' title="bbox 456 535 2039 609">
    <p class='ocr_par' dir='ltr' id='par_1_6' title="bbox 456 535 2039 609">
     <span class='ocr_line' id='line_1_6' title="bbox 456 535 2039 609; baseline 0.002 -19"><span class='ocrx_word' id='word_1_22' title='bbox 456 535 590 590; x_wconf 90' lang='lat' dir='ltr'><strong>orbe</strong></span> <span class='ocrx_word' id='word_1_23' title='bbox 624 543 814 591; x_wconf 93' lang='lat' dir='ltr'><strong>nostro</strong></span> <span class='ocrx_word' id='word_1_24' title='bbox 847 537 1022 590; x_wconf 82' lang='lat' dir='ltr'><strong>sensit</strong></span> <span class='ocrx_word' id='word_1_25' title='bbox 1053 537 1346 592; x_wconf 77' lang='lat' dir='ltr'><strong>exsistere.</strong></span> <span class='ocrx_word' id='word_1_26' title='bbox 1379 536 1471 592; x_wconf 88' lang='lat' dir='ltr'><strong>Sic</strong></span> <span class='ocrx_word' id='word_1_27' title='bbox 1503 553 1739 609; x_wconf 82' lang='lat' dir='ltr'><strong>namque</strong></span> <span class='ocrx_word' id='word_1_28' title='bbox 1789 537 1887 603; x_wconf 93' lang='lat' dir='ltr'><strong>ait,</strong></span> <span class='ocrx_word' id='word_1_29' title='bbox 1944 553 2039 593; x_wconf 87' lang='lat' dir='ltr'><strong>eos</strong></span> 
     </span>
    </p>
   </div>
   <div class='ocr_carea' id='block_1_7' title="bbox 458 627 2036 698">
    <p class='ocr_par' dir='ltr' id='par_1_7' title="bbox 458 627 2036 698">
     <span class='ocr_line' id='line_1_7' title="bbox 458 627 2036 698; baseline 0 -15"><span class='ocrx_word' id='word_1_30' title='bbox 458 627 754 698; x_wconf 86' lang='lat' dir='ltr'><strong>deplorans</strong></span> <span class='ocrx_word' id='word_1_31' title='bbox 812 627 905 696; x_wconf 89' lang='lat' dir='ltr'><strong>qui</strong></span> <span class='ocrx_word' id='word_1_32' title='bbox 952 627 1097 681; x_wconf 89' lang='lat' dir='ltr'><strong>beati</strong></span> <span class='ocrx_word' id='word_1_33' title='bbox 1135 628 1283 684; x_wconf 92' lang='lat' dir='ltr'><strong>illius</strong></span> <span class='ocrx_word' id='word_1_34' title='bbox 1323 629 1423 684; x_wconf 64' lang='lat' dir='ltr'><strong>aevi</strong></span> <span class='ocrx_word' id='word_1_35' title='bbox 1462 629 1625 684; x_wconf 83' lang='lat' dir='ltr'><strong>bonis</strong></span> <span class='ocrx_word' id='word_1_36' title='bbox 1664 629 1980 684; x_wconf 78' lang='lat' dir='ltr'><strong>exciderunt</strong></span> <span class='ocrx_word' id='word_1_37' title='bbox 2023 647 2036 683; x_wconf 88' lang='lat'>:</span> 
     </span>
    </p>
   </div>
   <div class='ocr_carea' id='block_1_8' title="bbox 463 717 2042 788">
    <p class='ocr_par' dir='ltr' id='par_1_8' title="bbox 463 717 2042 788">
     <span class='ocr_line' id='line_1_8' title="bbox 463 717 2042 788; baseline -0.002 -11"><span class='ocrx_word' id='word_1_38' title='bbox 463 719 663 777; x_wconf 88' lang='lat' dir='ltr'><strong>Discite</strong></span> <span class='ocrx_word' id='word_1_39' title='bbox 684 719 774 772; x_wconf 88' lang='lat' dir='ltr'><strong>ubi</strong></span> <span class='ocrx_word' id='word_1_40' title='bbox 813 722 884 772; x_wconf 93' lang='lat' dir='ltr'><strong>sit</strong></span> <span class='ocrx_word' id='word_1_41' title='bbox 915 717 1218 788; x_wconf 81' lang='lat' dir='ltr'><strong>prudentia,</strong></span> <span class='ocrx_word' id='word_1_42' title='bbox 1245 719 1336 774; x_wconf 87' lang='lat' dir='ltr'><strong>ubi</strong></span> <span class='ocrx_word' id='word_1_43' title='bbox 1358 721 1427 774; x_wconf 90' lang='lat' dir='ltr'><strong>sit</strong></span> <span class='ocrx_word' id='word_1_44' title='bbox 1457 721 1641 784; x_wconf 76' lang='lat' dir='ltr'><strong>virtus,</strong></span> <span class='ocrx_word' id='word_1_45' title='bbox 1671 719 1762 773; x_wconf 88' lang='lat' dir='ltr'><strong>ubi</strong></span> <span class='ocrx_word' id='word_1_46' title='bbox 1787 721 1855 774; x_wconf 90' lang='lat' dir='ltr'><strong>sit</strong></span> <span class='ocrx_word' id='word_1_47' title='bbox 1890 721 2042 774; x_wconf 76' lang='lat' dir='ltr'><strong>intel-</strong></span> 
     </span>
    </p>
   </div>
   <div class='ocr_carea' id='block_1_9' title="bbox 459 812 2040 883">
    <p class='ocr_par' dir='ltr' id='par_1_9' title="bbox 459 812 2040 883">
     <span class='ocr_line' id='line_1_9' title="bbox 459 812 2040 883; baseline -0.001 -15"><span class='ocrx_word' id='word_1_48' title='bbox 459 813 624 868; x_wconf 78' lang='lat' dir='ltr'><strong>lectus</strong></span> <span class='ocrx_word' id='word_1_49' title='bbox 645 817 926 871; x_wconf 73' lang='lat' dir='ltr'><strong>.‘utsciatis</strong></span> <span class='ocrx_word' id='word_1_50' title='bbox 956 812 1140 876; x_wconf 80' lang='lat' dir='ltr'><strong>simul,</strong></span> <span class='ocrx_word' id='word_1_51' title='bbox 1171 812 1262 865; x_wconf 89' lang='lat' dir='ltr'><strong>ubi</strong></span> <span class='ocrx_word' id='word_1_52' title='bbox 1287 813 1355 866; x_wconf 87' lang='lat' dir='ltr'><strong>sit</strong></span> <span class='ocrx_word' id='word_1_53' title='bbox 1391 813 1666 883; x_wconf 90' lang='lat' dir='ltr'><strong>longitudo</strong></span> <span class='ocrx_word' id='word_1_54' title='bbox 1689 813 1810 867; x_wconf 67' lang='lat' dir='ltr'><strong>uitw</strong></span> <span class='ocrx_word' id='word_1_55' title='bbox 1831 822 1878 867; x_wconf 89' lang='lat' dir='ltr'><strong>et</strong></span> <span class='ocrx_word' id='word_1_56' title='bbox 1898 815 2040 877; x_wconf 84' lang='lat' dir='ltr'><strong>vita;</strong></span> 
     </span>
    </p>
   </div>
   <div class='ocr_carea' id='block_1_10' title="bbox 455 904 2041 975">
    <p class='ocr_par' dir='ltr' id='par_1_10' title="bbox 455 904 2041 975">
     <span class='ocr_line' id='line_1_10' title="bbox 455 904 2041 975; baseline 0.001 -16"><span class='ocrx_word' id='word_1_57' title='bbox 455 904 644 960; x_wconf 79' lang='lat' dir='ltr'><strong>ubisit</strong></span> <span class='ocrx_word' id='word_1_58' title='bbox 674 905 848 958; x_wconf 81' lang='lat' dir='ltr'><strong>lumen</strong></span> <span class='ocrx_word' id='word_1_59' title='bbox 895 905 1168 958; x_wconf 84' lang='lat' dir='ltr'><strong>oculorum</strong></span> <span class='ocrx_word' id='word_1_60' title='bbox 1215 914 1267 959; x_wconf 91' lang='lat' dir='ltr'><strong>et</strong></span> <span class='ocrx_word' id='word_1_61' title='bbox 1316 921 1441 975; x_wconf 77' lang='lat' dir='ltr'><strong>pax.</strong></span> <span class='ocrx_word' id='word_1_62' title='bbox 1483 906 1616 973; x_wconf 82' lang='lat' dir='ltr'><strong>Quis</strong></span> <span class='ocrx_word' id='word_1_63' title='bbox 1650 907 1843 961; x_wconf 81' lang='lat' dir='ltr'><strong>invenit</strong></span> <span class='ocrx_word' id='word_1_64' title='bbox 1871 907 2041 960; x_wconf 86' lang='lat' dir='ltr'><strong>locum</strong></span> 
     </span>
    </p>
   </div>
   <div class='ocr_carea' id='block_1_11' title="bbox 455 997 2042 1068">
    <p class='ocr_par' dir='ltr' id='par_1_11' title="bbox 455 997 2042 1068">
     <span class='ocr_line' id='line_1_11' title="bbox 455 997 2042 1068; baseline 0.001 -14"><span class='ocrx_word' id='word_1_65' title='bbox 455 997 572 1068; x_wconf 80' lang='lat' dir='ltr'><strong>ejus</strong></span> <span class='ocrx_word' id='word_1_66' title='bbox 591 1000 614 1054; x_wconf 84' lang='lat'><strong><em>?</em></strong></span> <span class='ocrx_word' id='word_1_67' title='bbox 633 1006 684 1050; x_wconf 90' lang='lat' dir='ltr'><strong>et</strong></span> <span class='ocrx_word' id='word_1_68' title='bbox 716 998 832 1068; x_wconf 86' lang='lat' dir='ltr'><strong>quis</strong></span> <span class='ocrx_word' id='word_1_69' title='bbox 873 998 1091 1052; x_wconf 84' lang='lat' dir='ltr'><strong>intravit</strong></span> <span class='ocrx_word' id='word_1_70' title='bbox 1121 999 1175 1051; x_wconf 89' lang='lat' dir='ltr'><strong>in</strong></span> <span class='ocrx_word' id='word_1_71' title='bbox 1200 997 1476 1053; x_wconf 82' lang='lat' dir='ltr'><strong>thesauros</strong></span> <span class='ocrx_word' id='word_1_72' title='bbox 1512 1015 1696 1054; x_wconf 88' lang='lat' dir='ltr'><strong>eorum</strong></span> <span class='ocrx_word' id='word_1_73' title='bbox 1720 1001 1766 1033; x_wconf 74' lang='grc'>⁸⁸</span> <span class='ocrx_word' id='word_1_74' title='bbox 1791 1003 1814 1057; x_wconf 83' lang='lat'><strong><em>?</em></strong></span> <span class='ocrx_word' id='word_1_75' title='bbox 1841 999 1899 1055; x_wconf 84' lang='lat' dir='ltr'><strong>In</strong></span> <span class='ocrx_word' id='word_1_76' title='bbox 1941 1000 2042 1055; x_wconf 81' lang='lat' dir='ltr'><strong>bo-</strong></span> 
     </span>
    </p>
   </div>
   <div class='ocr_carea' id='block_1_12' title="bbox 459 1091 2040 1164">
    <p class='ocr_par' dir='ltr' id='par_1_12' title="bbox 459 1091 2040 1164">
     <span class='ocr_line' id='line_1_12' title="bbox 459 1091 2040 1164; baseline -0.001 -18"><span class='ocrx_word' id='word_1_77' title='bbox 459 1107 579 1146; x_wconf 89' lang='lat' dir='ltr'><strong>rum</strong></span> <span class='ocrx_word' id='word_1_78' title='bbox 611 1106 801 1160; x_wconf 87' lang='lat' dir='ltr'><strong>nempe</strong></span> <span class='ocrx_word' id='word_1_79' title='bbox 843 1091 1134 1147; x_wconf 85' lang='lat' dir='ltr'><strong>thesauros</strong></span> <span class='ocrx_word' id='word_1_80' title='bbox 1170 1093 1433 1162; x_wconf 68' lang='lat' dir='ltr'><strong>ingressae</strong></span> <span class='ocrx_word' id='word_1_81' title='bbox 1461 1093 1722 1164; x_wconf 78' lang='lat' dir='ltr'><strong>virgines,</strong></span> <span class='ocrx_word' id='word_1_82' title='bbox 1775 1092 2040 1148; x_wconf 87' lang='lat' dir='ltr'><strong>virtutum</strong></span> 
     </span>
    </p>
   </div>
   <div class='ocr_carea' id='block_1_13' title="bbox 459 1179 2042 1255">
    <p class='ocr_par' dir='ltr' id='par_1_13' title="bbox 459 1179 2042 1255">
     <span class='ocr_line' id='line_1_13' title="bbox 459 1179 2042 1255; baseline 0.003 -21"><span class='ocrx_word' id='word_1_83' title='bbox 459 1180 700 1234; x_wconf 84' lang='lat' dir='ltr'><strong>rationes</strong></span> <span class='ocrx_word' id='word_1_84' title='bbox 723 1179 1048 1250; x_wconf 90' lang='lat' dir='ltr'><strong>decerpunt;</strong></span> <span class='ocrx_word' id='word_1_85' title='bbox 1068 1181 1257 1236; x_wconf 92' lang='lat' dir='ltr'><strong>multis</strong></span> <span class='ocrx_word' id='word_1_86' title='bbox 1275 1195 1338 1235; x_wconf 84' lang='lat' dir='ltr'><strong>ac</strong></span> <span class='ocrx_word' id='word_1_87' title='bbox 1352 1183 1488 1238; x_wconf 87' lang='lat' dir='ltr'><strong>bene</strong></span> <span class='ocrx_word' id='word_1_88' title='bbox 1509 1183 1778 1238; x_wconf 79' lang='lat' dir='ltr'><strong>ordinatis</strong></span> <span class='ocrx_word' id='word_1_89' title='bbox 1801 1182 2042 1255; x_wconf 75' lang='lat' dir='ltr'><strong>irrigata:</strong></span> 
     </span>
    </p>
   </div>
   <div class='ocr_carea' id='block_1_14' title="bbox 459 1271 2041 1346">
    <p class='ocr_par' dir='ltr' id='par_1_14' title="bbox 459 1271 2041 1346">
     <span class='ocr_line' id='line_1_14' title="bbox 459 1271 2041 1346; baseline 0.003 -20"><span class='ocrx_word' id='word_1_90' title='bbox 459 1272 779 1335; x_wconf 86' lang='lat' dir='ltr'><strong>luminibus,</strong></span> <span class='ocrx_word' id='word_1_91' title='bbox 832 1271 1144 1328; x_wconf 78' lang='lat' dir='ltr'><strong>aﬂundente</strong></span> <span class='ocrx_word' id='word_1_92' title='bbox 1187 1274 1295 1330; x_wconf 90' lang='lat' dir='ltr'><strong>illis</strong></span> <span class='ocrx_word' id='word_1_93' title='bbox 1325 1273 1436 1331; x_wconf 88' lang='lat' dir='ltr'><strong>Deo</strong></span> <span class='ocrx_word' id='word_1_94' title='bbox 1461 1276 1628 1332; x_wconf 81' lang='lat' dir='ltr'><strong>fontis</strong></span> <span class='ocrx_word' id='word_1_95' title='bbox 1667 1276 1842 1332; x_wconf 89' lang='lat' dir='ltr'><strong>instar</strong></span> <span class='ocrx_word' id='word_1_96' title='bbox 1868 1315 1884 1341; x_wconf 92' lang='lat'><strong>,</strong></span> <span class='ocrx_word' id='word_1_97' title='bbox 1945 1276 2041 1346; x_wconf 85' lang='lat' dir='ltr'><strong>qui</strong></span> 
     </span>
    </p>
   </div>
   <div class='ocr_carea' id='block_1_15' title="bbox 453 1365 2039 1440">
    <p class='ocr_par' dir='ltr' id='par_1_15' title="bbox 453 1365 2039 1440">
     <span class='ocr_line' id='line_1_15' title="bbox 453 1365 2039 1440; baseline 0.001 -17"><span class='ocrx_word' id='word_1_98' title='bbox 453 1365 718 1423; x_wconf 71' lang='lat' dir='ltr'><strong>saeculum</strong></span> <span class='ocrx_word' id='word_1_99' title='bbox 754 1365 908 1429; x_wconf 90' lang='lat' dir='ltr'><strong>illud,</strong></span> <span class='ocrx_word' id='word_1_100' title='bbox 943 1365 1097 1420; x_wconf 91' lang='lat' dir='ltr'><strong>nullo</strong></span> <span class='ocrx_word' id='word_1_101' title='bbox 1123 1382 1361 1437; x_wconf 80' lang='lat' dir='ltr'><strong>unquam</strong></span> <span class='ocrx_word' id='word_1_102' title='bbox 1386 1382 1588 1424; x_wconf 79' lang='lat' dir='ltr'><strong>occasu</strong></span> <span class='ocrx_word' id='word_1_103' title='bbox 1623 1368 2039 1440; x_wconf 84' lang='lat' dir='ltr'><strong>exstinguendis</strong></span> 
     </span>
    </p>
   </div>
   <div class='ocr_carea' id='block_1_16' title="bbox 458 1457 2042 1532">
    <p class='ocr_par' dir='ltr' id='par_1_16' title="bbox 458 1457 2042 1532">
     <span class='ocr_line' id='line_1_16' title="bbox 458 1457 2042 1532; baseline 0.001 -18"><span class='ocrx_word' id='word_1_104' title='bbox 458 1458 758 1514; x_wconf 87' lang='lat' dir='ltr'><strong>luminibus</strong></span> <span class='ocrx_word' id='word_1_105' title='bbox 807 1457 1145 1528; x_wconf 89' lang='lat' dir='ltr'><strong>splendidius</strong></span> <span class='ocrx_word' id='word_1_106' title='bbox 1186 1459 1441 1516; x_wconf 90' lang='lat' dir='ltr'><strong>illustret.</strong></span> <span class='ocrx_word' id='word_1_107' title='bbox 1496 1459 1589 1515; x_wconf 83' lang='lat' dir='ltr'><strong>Hae</strong></span> <span class='ocrx_word' id='word_1_108' title='bbox 1626 1475 2042 1532; x_wconf 62' lang='lat' dir='ltr'><strong>porrosemper</strong></span> 
     </span>
    </p>
   </div>
   <div class='ocr_carea' id='block_1_17' title="bbox 457 1551 2037 1623">
    <p class='ocr_par' dir='ltr' id='par_1_17' title="bbox 457 1551 2037 1623">
     <span class='ocr_line' id='line_1_17' title="bbox 457 1551 2037 1623; baseline 0.004 -17"><span class='ocrx_word' id='word_1_109' title='bbox 457 1551 657 1608; x_wconf 87' lang='lat' dir='ltr'><strong>choros</strong></span> <span class='ocrx_word' id='word_1_110' title='bbox 698 1559 868 1623; x_wconf 85' lang='lat' dir='ltr'><strong>agunt</strong></span> <span class='ocrx_word' id='word_1_111' title='bbox 901 1551 1200 1607; x_wconf 87' lang='lat' dir='ltr'><strong>modulatis</strong></span> <span class='ocrx_word' id='word_1_112' title='bbox 1245 1553 1477 1610; x_wconf 79' lang='lat' dir='ltr'><strong>vocibus</strong></span> <span class='ocrx_word' id='word_1_113' title='bbox 1521 1553 1808 1611; x_wconf 88' lang='lat' dir='ltr'><strong>laudantes</strong></span> <span class='ocrx_word' id='word_1_114' title='bbox 1843 1553 2037 1612; x_wconf 88' lang='lat' dir='ltr'><strong>Deum.</strong></span> 
     </span>
    </p>
   </div>
   <div class='ocr_carea' id='block_1_18' title="bbox 453 1643 2040 1719">
    <p class='ocr_par' dir='ltr' id='par_1_18' title="bbox 453 1643 2040 1719">
     <span class='ocr_line' id='line_1_18' title="bbox 453 1643 2040 1719; baseline 0.004 -21"><span class='ocrx_word' id='word_1_115' title='bbox 453 1643 843 1700; x_wconf 82' lang='lat' dir='ltr'><strong>Circumfusus</strong></span> <span class='ocrx_word' id='word_1_116' title='bbox 869 1659 1102 1715; x_wconf 88' lang='lat' dir='ltr'><strong>namque</strong></span> <span class='ocrx_word' id='word_1_117' title='bbox 1125 1644 1232 1700; x_wconf 91' lang='lat' dir='ltr'><strong>illis</strong></span> <span class='ocrx_word' id='word_1_118' title='bbox 1259 1660 1354 1702; x_wconf 89' lang='lat' dir='ltr'><strong>aer</strong></span> <span class='ocrx_word' id='word_1_119' title='bbox 1379 1661 1550 1717; x_wconf 90' lang='lat' dir='ltr'><strong>purus</strong></span> <span class='ocrx_word' id='word_1_120' title='bbox 1577 1654 1755 1713; x_wconf 87' lang='lat' dir='ltr'><strong>est,et</strong></span> <span class='ocrx_word' id='word_1_121' title='bbox 1782 1663 1891 1719; x_wconf 91' lang='lat' dir='ltr'><strong>quo</strong></span> <span class='ocrx_word' id='word_1_122' title='bbox 1907 1648 2040 1705; x_wconf 88' lang='lat' dir='ltr'><strong>solis</strong></span> 
     </span>
    </p>
   </div>
   <div class='ocr_carea' id='block_1_19' title="bbox 455 1735 1289 1806">
    <p class='ocr_par' dir='ltr' id='par_1_19' title="bbox 455 1735 1289 1806">
     <span class='ocr_line' id='line_1_19' title="bbox 455 1735 1289 1806; baseline 0.002 -17"><span class='ocrx_word' id='word_1_123' title='bbox 455 1737 634 1790; x_wconf 86' lang='lat' dir='ltr'><strong>orbita</strong></span> <span class='ocrx_word' id='word_1_124' title='bbox 669 1750 949 1806; x_wconf 85' lang='lat' dir='ltr'><strong>nunquam</strong></span> <span class='ocrx_word' id='word_1_125' title='bbox 979 1735 1289 1792; x_wconf 86' lang='lat' dir='ltr'><strong>invehatur.</strong></span> 
     </span>
    </p>
   </div>
   <div class='ocr_carea' id='block_1_20' title="bbox 2141 540 3719 612">
    <p class='ocr_par' dir='ltr' id='par_1_20' title="bbox 2141 540 3719 612">
     <span class='ocr_line' id='line_1_20' title="bbox 2141 540 3719 612; baseline 0.002 -19"><span class='ocrx_word' id='word_1_126' title='bbox 2141 540 2374 593; x_wconf 91' lang='grc' dir='ltr'>αίωνίων</span> <span class='ocrx_word' id='word_1_127' title='bbox 2425 541 2535 612; x_wconf 71' lang='grc'>(15)</span> <span class='ocrx_word' id='word_1_128' title='bbox 2583 541 2800 610; x_wconf 77' lang='grc' dir='ltr'><strong>ἀγαθῶν</strong></span> <span class='ocrx_word' id='word_1_129' title='bbox 2850 542 3205 607; x_wconf 77' lang='grc' dir='ltr'>κατοικτίζων</span> <span class='ocrx_word' id='word_1_130' title='bbox 3257 542 3432 611; x_wconf 81' lang='grc' dir='ltr'>λέγει·</span> <span class='ocrx_word' id='word_1_131' title='bbox 3485 543 3719 598; x_wconf 80' lang='grc' dir='ltr'>Μὰθετε</span> 
     </span>
    </p>
   </div>
   <div class='ocr_carea' id='block_1_21' title="bbox 2140 633 3720 704">
    <p class='ocr_par' dir='ltr' id='par_1_21' title="bbox 2140 633 3720 704">
     <span class='ocr_line' id='line_1_21' title="bbox 2140 633 3720 704; baseline 0.001 -18"><span class='ocrx_word' id='word_1_132' title='bbox 2140 633 2258 687; x_wconf 85' lang='grc' dir='ltr'><strong>ποῦ</strong></span> <span class='ocrx_word' id='word_1_133' title='bbox 2279 634 2411 688; x_wconf 85' lang='grc' dir='ltr'>ἐστι</span> <span class='ocrx_word' id='word_1_134' title='bbox 2445 637 2760 704; x_wconf 70' lang='grc' dir='ltr'>φρόνησις,</span> <span class='ocrx_word' id='word_1_135' title='bbox 2798 636 2916 690; x_wconf 80' lang='grc' dir='ltr'><strong>ποῦ</strong></span> <span class='ocrx_word' id='word_1_136' title='bbox 2952 638 3124 690; x_wconf 87' lang='grc' dir='ltr'>ἐστιν</span> <span class='ocrx_word' id='word_1_137' title='bbox 3161 636 3362 704; x_wconf 84' lang='grc' dir='ltr'>ίσχὺς,</span> <span class='ocrx_word' id='word_1_138' title='bbox 3393 635 3510 689; x_wconf 77' lang='grc' dir='ltr'><strong>ποῦ</strong></span> <span class='ocrx_word' id='word_1_139' title='bbox 3541 637 3720 690; x_wconf 86' lang='grc' dir='ltr'>ἐστιν</span> 
     </span>
    </p>
   </div>
   <div class='ocr_carea' id='block_1_22' title="bbox 2139 725 3716 797">
    <p class='ocr_par' dir='ltr' id='par_1_22' title="bbox 2139 725 3716 797">
     <span class='ocr_line' id='line_1_22' title="bbox 2139 725 3716 797; baseline 0.001 -17"><span class='ocrx_word' id='word_1_140' title='bbox 2139 727 2179 794; x_wconf 76' lang='grc' dir='ltr'><em>ἠ</em></span> <span class='ocrx_word' id='word_1_141' title='bbox 2221 725 2504 792; x_wconf 85' lang='grc' dir='ltr'><strong>σύνεσις,</strong></span> <span class='ocrx_word' id='word_1_142' title='bbox 2545 725 2651 779; x_wconf 85' lang='grc' dir='ltr'><strong>τοῦ</strong></span> <span class='ocrx_word' id='word_1_143' title='bbox 2698 726 2916 797; x_wconf 77' lang='grc' dir='ltr'>γνῶναι</span> <span class='ocrx_word' id='word_1_144' title='bbox 2981 727 3101 797; x_wconf 82' lang='grc' dir='ltr'>ἅμα</span> <span class='ocrx_word' id='word_1_145' title='bbox 3153 727 3272 781; x_wconf 85' lang='grc' dir='ltr'><strong>ποῦ</strong></span> <span class='ocrx_word' id='word_1_146' title='bbox 3316 727 3448 780; x_wconf 83' lang='grc' dir='ltr'>ἐστι</span> <span class='ocrx_word' id='word_1_147' title='bbox 3485 745 3716 797; x_wconf 74' lang='grc' dir='ltr'>μακροο</span> 
     </span>
    </p>
   </div>
   <div class='ocr_carea' id='block_1_23' title="bbox 2142 817 3718 888">
    <p class='ocr_par' dir='ltr' id='par_1_23' title="bbox 2142 817 3718 888">
     <span class='ocr_line' id='line_1_23' title="bbox 2142 817 3718 888; baseline -0.001 -16"><span class='ocrx_word' id='word_1_148' title='bbox 2142 821 2345 885; x_wconf 82' lang='grc' dir='ltr'>ϐίωσις</span> <span class='ocrx_word' id='word_1_149' title='bbox 2377 820 2474 873; x_wconf 77' lang='grc' dir='ltr'>καὶ</span> <span class='ocrx_word' id='word_1_150' title='bbox 2509 818 2641 887; x_wconf 77' lang='grc' dir='ltr'>ζωὴ,</span> <span class='ocrx_word' id='word_1_151' title='bbox 2671 819 2790 873; x_wconf 82' lang='grc' dir='ltr'><strong>ποῦ</strong></span> <span class='ocrx_word' id='word_1_152' title='bbox 2821 821 2951 873; x_wconf 86' lang='grc' dir='ltr'>ἐστι</span> <span class='ocrx_word' id='word_1_153' title='bbox 2995 817 3119 888; x_wconf 63' lang='grc' dir='ltr'>φῶς</span> <span class='ocrx_word' id='word_1_154' title='bbox 3145 817 3465 888; x_wconf 64' lang='grc' dir='ltr'>ὀφθαλμῶν</span> <span class='ocrx_word' id='word_1_155' title='bbox 3491 818 3590 871; x_wconf 78' lang='grc' dir='ltr'>καὶ</span> <span class='ocrx_word' id='word_1_156' title='bbox 3632 820 3718 871; x_wconf 80' lang='grc' dir='ltr'>εί-</span> 
     </span>
    </p>
   </div>
   <div class='ocr_carea' id='block_1_24' title="bbox 2131 907 3722 980">
    <p class='ocr_par' dir='ltr' id='par_1_24' title="bbox 2131 907 3722 980">
     <span class='ocr_line' id='line_1_24' title="bbox 2131 907 3722 980; baseline -0.001 -16"><span class='ocrx_word' id='word_1_157' title='bbox 2131 911 2327 980; x_wconf 78' lang='grc' dir='ltr'>ρήνη·</span> <span class='ocrx_word' id='word_1_158' title='bbox 2381 913 2473 978; x_wconf 83' lang='grc' dir='ltr'><strong>τίς</strong></span> <span class='ocrx_word' id='word_1_159' title='bbox 2517 909 2654 980; x_wconf 80' lang='grc' dir='ltr'>εὗρε</span> <span class='ocrx_word' id='word_1_160' title='bbox 2697 913 2886 966; x_wconf 77' lang='grc' dir='ltr'>τόπον</span> <span class='ocrx_word' id='word_1_161' title='bbox 2934 910 3156 978; x_wconf 83' lang='grc' dir='ltr'>αὐτῆς,</span> <span class='ocrx_word' id='word_1_162' title='bbox 3207 909 3245 978; x_wconf 81' lang='grc' dir='ltr'><strong>ἢ</strong></span> <span class='ocrx_word' id='word_1_163' title='bbox 3290 910 3381 974; x_wconf 84' lang='grc' dir='ltr'><strong>τίς</strong></span> <span class='ocrx_word' id='word_1_164' title='bbox 3427 907 3722 978; x_wconf 73' lang='grc' dir='ltr'>εἰσῆλθεν</span> 
     </span>
    </p>
   </div>
   <div class='ocr_carea' id='block_1_25' title="bbox 2139 998 3721 1072">
    <p class='ocr_par' dir='ltr' id='par_1_25' title="bbox 2139 998 3721 1072">
     <span class='ocr_line' id='line_1_25' title="bbox 2139 998 3721 1072; baseline -0.001 -15"><span class='ocrx_word' id='word_1_165' title='bbox 2139 1007 2226 1071; x_wconf 83' lang='grc' dir='ltr'>εἱς</span> <span class='ocrx_word' id='word_1_166' title='bbox 2287 1005 2629 1072; x_wconf 77' lang='grc' dir='ltr'>θησαυροὺς</span> <span class='ocrx_word' id='word_1_167' title='bbox 2697 1004 2925 1068; x_wconf 86' lang='grc' dir='ltr'>αὐτῶν;</span> <span class='ocrx_word' id='word_1_168' title='bbox 2988 1003 3202 1056; x_wconf 78' lang='grc' dir='ltr'><strong>Τούτων</strong></span> <span class='ocrx_word' id='word_1_169' title='bbox 3253 998 3346 1056; x_wconf 77' lang='grc' dir='ltr'>οὖν</span> <span class='ocrx_word' id='word_1_170' title='bbox 3398 1000 3721 1066; x_wconf 74' lang='grc' dir='ltr'><strong>διελθούσας</strong></span> 
     </span>
    </p>
   </div>
   <div class='ocr_carea' id='block_1_26' title="bbox 2139 1091 3724 1164">
    <p class='ocr_par' dir='ltr' id='par_1_26' title="bbox 2139 1091 3724 1164">
     <span class='ocr_line' id='line_1_26' title="bbox 2139 1091 3724 1164; baseline 0.001 -21"><span class='ocrx_word' id='word_1_171' title='bbox 2139 1093 2220 1155; x_wconf 85' lang='grc' dir='ltr'><strong>είς</strong></span> <span class='ocrx_word' id='word_1_172' title='bbox 2245 1093 2370 1155; x_wconf 75' lang='grc' dir='ltr'>τοὺς</span> <span class='ocrx_word' id='word_1_173' title='bbox 2397 1091 2702 1163; x_wconf 72' lang='grc' dir='ltr'>θησαυροὺς</span> <span class='ocrx_word' id='word_1_174' title='bbox 2729 1091 3208 1164; x_wconf 86' lang='grc' dir='ltr'>ἀποκαρπεύεσθαι</span> <span class='ocrx_word' id='word_1_175' title='bbox 3234 1091 3423 1160; x_wconf 87' lang='grc' dir='ltr'>λόγους</span> <span class='ocrx_word' id='word_1_176' title='bbox 3455 1091 3564 1143; x_wconf 86' lang='grc' dir='ltr'><strong>τῶν</strong></span> <span class='ocrx_word' id='word_1_177' title='bbox 3595 1092 3724 1162; x_wconf 83' lang='grc' dir='ltr'>άρε-</span> 
     </span>
    </p>
   </div>
   <div class='ocr_carea' id='block_1_27' title="bbox 2139 1184 3722 1257">
    <p class='ocr_par' dir='ltr' id='par_1_27' title="bbox 2139 1184 3722 1257">
     <span class='ocr_line' id='line_1_27' title="bbox 2139 1184 3722 1257; baseline -0.001 -18"><span class='ocrx_word' id='word_1_178' title='bbox 2139 1185 2248 1240; x_wconf 93' lang='grc' dir='ltr'><strong>τῶν</strong></span> <span class='ocrx_word' id='word_1_179' title='bbox 2273 1188 2371 1250; x_wconf 80' lang='grc' dir='ltr'>τὰς</span> <span class='ocrx_word' id='word_1_180' title='bbox 2393 1185 2712 1257; x_wconf 79' lang='grc' dir='ltr'>παρθένους,</span> <span class='ocrx_word' id='word_1_181' title='bbox 2737 1186 3016 1250; x_wconf 81' lang='grc' dir='ltr'>εὐτάκτοις</span> <span class='ocrx_word' id='word_1_182' title='bbox 3049 1186 3188 1254; x_wconf 76' lang='grc' dir='ltr'>φωσὶ</span> <span class='ocrx_word' id='word_1_183' title='bbox 3215 1185 3306 1238; x_wconf 75' lang='grc' dir='ltr'><strong>καὶ</strong></span> <span class='ocrx_word' id='word_1_184' title='bbox 3338 1184 3551 1248; x_wconf 81' lang='grc' dir='ltr'>πολλοῖς</span> <span class='ocrx_word' id='word_1_185' title='bbox 3584 1201 3722 1238; x_wconf 84' lang='grc' dir='ltr'>κατ-</span> 
     </span>
    </p>
   </div>
   <div class='ocr_carea' id='block_1_28' title="bbox 2141 1276 3720 1350">
    <p class='ocr_par' dir='ltr' id='par_1_28' title="bbox 2141 1276 3720 1350">
     <span class='ocr_line' id='line_1_28' title="bbox 2141 1276 3720 1350; baseline -0.001 -19"><span class='ocrx_word' id='word_1_186' title='bbox 2141 1278 2462 1350; x_wconf 83' lang='grc' dir='ltr'>αρδομένας,</span> <span class='ocrx_word' id='word_1_187' title='bbox 2497 1277 2533 1332; x_wconf 81' lang='grc' dir='ltr'>ἃ.</span> <span class='ocrx_word' id='word_1_188' title='bbox 2577 1277 2732 1348; x_wconf 89' lang='grc' dir='ltr'>δίκην</span> <span class='ocrx_word' id='word_1_189' title='bbox 2766 1279 2946 1349; x_wconf 81' lang='grc' dir='ltr'>πηγῆς</span> <span class='ocrx_word' id='word_1_190' title='bbox 2976 1278 3166 1340; x_wconf 82' lang='grc' dir='ltr'>αὑταῖς</span> <span class='ocrx_word' id='word_1_191' title='bbox 3195 1279 3223 1330; x_wconf 86' lang='grc' dir='ltr'>ὁ</span> <span class='ocrx_word' id='word_1_192' title='bbox 3251 1276 3381 1340; x_wconf 82' lang='grc' dir='ltr'>Θεὸς</span> <span class='ocrx_word' id='word_1_193' title='bbox 3421 1276 3720 1348; x_wconf 80' lang='grc' dir='ltr'>ἀνερεύγε-</span> 
     </span>
    </p>
   </div>
   <div class='ocr_carea' id='block_1_29' title="bbox 2140 1367 3722 1441">
    <p class='ocr_par' dir='ltr' id='par_1_29' title="bbox 2140 1367 3722 1441">
     <span class='ocr_line' id='line_1_29' title="bbox 2140 1367 3722 1441; baseline -0.003 -18"><span class='ocrx_word' id='word_1_194' title='bbox 2140 1387 2248 1436; x_wconf 89' lang='grc' dir='ltr'>ται,</span> <span class='ocrx_word' id='word_1_195' title='bbox 2312 1369 2683 1441; x_wconf 83' lang='grc' dir='ltr'>καταλάμπων</span> <span class='ocrx_word' id='word_1_196' title='bbox 2746 1371 2954 1423; x_wconf 84' lang='grc' dir='ltr'>ἐκεῖνον</span> <span class='ocrx_word' id='word_1_197' title='bbox 3001 1368 3092 1421; x_wconf 71' lang='grc' dir='ltr'>τὸν</span> <span class='ocrx_word' id='word_1_198' title='bbox 3144 1367 3315 1422; x_wconf 80' lang='grc' dir='ltr'>αἰῶνα</span> <span class='ocrx_word' id='word_1_199' title='bbox 3371 1367 3542 1435; x_wconf 72' lang='grc' dir='ltr'>φωσὶν</span> <span class='ocrx_word' id='word_1_200' title='bbox 3589 1367 3722 1420; x_wconf 80' lang='grc' dir='ltr'>ἀδύ-</span> 
     </span>
    </p>
   </div>
   <div class='ocr_carea' id='block_1_30' title="bbox 2139 1458 3722 1534">
    <p class='ocr_par' dir='ltr' id='par_1_30' title="bbox 2139 1458 3722 1534">
     <span class='ocr_line' id='line_1_30' title="bbox 2139 1458 3722 1534; baseline -0.002 -19"><span class='ocrx_word' id='word_1_201' title='bbox 2139 1480 2250 1526; x_wconf 83' lang='grc' dir='ltr'>τοις</span> <span class='ocrx_word' id='word_1_202' title='bbox 2276 1461 2387 1534; x_wconf 72' lang='grc'><strong>(14)</strong></span> <span class='ocrx_word' id='word_1_203' title='bbox 2405 1479 2418 1492; x_wconf 80' lang='grc' dir='ltr'><strong>ο</strong></span> <span class='ocrx_word' id='word_1_204' title='bbox 2442 1463 2496 1514; x_wconf 92' lang='grc' dir='ltr'>αἱ</span> <span class='ocrx_word' id='word_1_205' title='bbox 2524 1463 2582 1515; x_wconf 81' lang='grc' dir='ltr'>δὲ</span> <span class='ocrx_word' id='word_1_206' title='bbox 2609 1461 2922 1533; x_wconf 83' lang='grc' dir='ltr'>χορεύουσιν</span> <span class='ocrx_word' id='word_1_207' title='bbox 2947 1459 3202 1532; x_wconf 76' lang='grc' dir='ltr'>ἐμμελῶς</span> <span class='ocrx_word' id='word_1_208' title='bbox 3237 1462 3593 1530; x_wconf 89' lang='grc' dir='ltr'>γεραίρουσαι</span> <span class='ocrx_word' id='word_1_209' title='bbox 3626 1458 3722 1513; x_wconf 77' lang='grc' dir='ltr'><strong>τὸν</strong></span> 
     </span>
    </p>
   </div>
   <div class='ocr_carea' id='block_1_31' title="bbox 2139 1552 3719 1627">
    <p class='ocr_par' dir='ltr' id='par_1_31' title="bbox 2139 1552 3719 1627">
     <span class='ocr_line' id='line_1_31' title="bbox 2139 1552 3719 1627; baseline -0.001 -19"><span class='ocrx_word' id='word_1_210' title='bbox 2139 1555 2290 1610; x_wconf 88' lang='grc' dir='ltr'>Θεόν.</span> <span class='ocrx_word' id='word_1_211' title='bbox 2326 1554 2686 1627; x_wconf 84' lang='grc' dir='ltr'>Περικέχυται</span> <span class='ocrx_word' id='word_1_212' title='bbox 2716 1554 2825 1626; x_wconf 85' lang='grc' dir='ltr'>γὰρ</span> <span class='ocrx_word' id='word_1_213' title='bbox 2851 1555 3042 1618; x_wconf 86' lang='grc' dir='ltr'>αὑταῖς</span> <span class='ocrx_word' id='word_1_214' title='bbox 3069 1552 3178 1625; x_wconf 77' lang='grc' dir='ltr'>ἀὴρ</span> <span class='ocrx_word' id='word_1_215' title='bbox 3205 1553 3463 1626; x_wconf 85' lang='grc' dir='ltr'>καθαρὸς,</span> <span class='ocrx_word' id='word_1_216' title='bbox 3504 1554 3601 1607; x_wconf 81' lang='grc' dir='ltr'>καὶ</span> <span class='ocrx_word' id='word_1_217' title='bbox 3642 1553 3719 1624; x_wconf 74' lang='grc' dir='ltr'>μὴ</span> 
     </span>
    </p>
   </div>
   <div class='ocr_carea' id='block_1_32' title="bbox 2141 1647 2796 1724">
    <p class='ocr_par' dir='ltr' id='par_1_32' title="bbox 2141 1647 2796 1724">
     <span class='ocr_line' id='line_1_32' title="bbox 2141 1647 2796 1724; baseline 0 -22"><span class='ocrx_word' id='word_1_218' title='bbox 2141 1648 2612 1719; x_wconf 82' lang='grc' dir='ltr'>καθιππευὸμενος</span> <span class='ocrx_word' id='word_1_219' title='bbox 2639 1647 2796 1724; x_wconf 71' lang='grc' dir='ltr'>ἡλίῳ.</span> 
     </span>
    </p>
   </div>
   <div class='ocr_carea' id='block_1_33' title="bbox 590 1866 3435 1946">
    <p class='ocr_par' dir='ltr' id='par_1_33' title="bbox 590 1866 3435 1946">
     <span class='ocr_line' id='line_1_33' title="bbox 590 1866 3435 1946; baseline 0.001 -22"><span class='ocrx_word' id='word_1_220' title='bbox 590 1870 720 1924; x_wconf 62' lang='grc' dir='ltr'><strong>(ἔμ’.</strong></span> <span class='ocrx_word' id='word_1_221' title='bbox 752 1866 837 1924; x_wconf 71' lang='grc' dir='ltr'>ιν.</span> <span class='ocrx_word' id='word_1_222' title='bbox 871 1871 1172 1926; x_wconf 76' lang='lat' dir='ltr'><strong>Para&#39;uesis</strong></span> <span class='ocrx_word' id='word_1_223' title='bbox 1203 1872 1271 1925; x_wconf 86' lang='lat' dir='ltr'><strong>ad</strong></span> <span class='ocrx_word' id='word_1_224' title='bbox 1301 1873 1650 1945; x_wconf 79' lang='lat' dir='ltr'><strong>uirginitatem</strong></span> <span class='ocrx_word' id='word_1_225' title='bbox 1684 1875 2044 1930; x_wconf 71' lang='lat' dir='ltr'><strong>excolendam.</strong></span> <span class='ocrx_word' id='word_1_226' title='bbox 2083 1877 2407 1946; x_wconf 87' lang='lat' dir='ltr'><strong>Proponitur</strong></span> <span class='ocrx_word' id='word_1_227' title='bbox 2447 1874 2787 1931; x_wconf 77' lang='lat' dir='ltr'><strong>excutiendas</strong></span> <span class='ocrx_word' id='word_1_228' title='bbox 2820 1873 2966 1928; x_wconf 89' lang='lat' dir='ltr'><strong>locus</strong></span> <span class='ocrx_word' id='word_1_229' title='bbox 2997 1871 3159 1940; x_wconf 83' lang='lat' dir='ltr'><strong>Apoc.</strong></span> <span class='ocrx_word' id='word_1_230' title='bbox 3186 1886 3283 1935; x_wconf 81' lang='lat' dir='ltr'><strong>xu,</strong></span> <span class='ocrx_word' id='word_1_231' title='bbox 3316 1869 3435 1926; x_wconf 76' lang='grc'><strong>1-6.</strong></span> 
     </span>
    </p>
   </div>
   <div class='ocr_carea' id='block_1_34' title="bbox 527 2013 2036 2092">
    <p class='ocr_par' dir='ltr' id='par_1_34' title="bbox 527 2018 2033 2091">
     <span class='ocr_line' id='line_1_34' title="bbox 527 2018 2033 2091; baseline 0.003 -20"><span class='ocrx_word' id='word_1_232' title='bbox 527 2018 682 2074; x_wconf 78' lang='lat' dir='ltr'><strong>Nunc</strong></span> <span class='ocrx_word' id='word_1_233' title='bbox 714 2035 864 2090; x_wconf 81' lang='lat' dir='ltr'><strong>ergo,</strong></span> <span class='ocrx_word' id='word_1_234' title='bbox 898 2019 1162 2090; x_wconf 73' lang='lat' dir='ltr'><strong>virgines,</strong></span> <span class='ocrx_word' id='word_1_235' title='bbox 1198 2019 1534 2091; x_wconf 63' lang='lat' dir='ltr'><strong>incorrupta:</strong></span> <span class='ocrx_word' id='word_1_236' title='bbox 1585 2021 1857 2078; x_wconf 82' lang='lat' dir='ltr'><strong>castitatis</strong></span> <span class='ocrx_word' id='word_1_237' title='bbox 1892 2020 2033 2086; x_wconf 75' lang='lat' dir='ltr'><strong>ﬁliae,</strong></span> 
     </span>
    </p>
   </div>
   <div class='ocr_carea' id='block_1_35' title="bbox 2141 2013 3722 2092">
    <p class='ocr_par' dir='ltr' id='par_1_35' title="bbox 2209 2013 3722 2092">
     <span class='ocr_line' id='line_1_35' title="bbox 2209 2013 3722 2092; baseline -0.004 -17"><span class='ocrx_word' id='word_1_238' title='bbox 2209 2022 2322 2076; x_wconf 79' lang='grc' dir='ltr'>Νῦν</span> <span class='ocrx_word' id='word_1_239' title='bbox 2370 2017 2483 2086; x_wconf 78' lang='grc' dir='ltr'>οὖν,</span> <span class='ocrx_word' id='word_1_240' title='bbox 2530 2017 2574 2075; x_wconf 77' lang='grc' dir='ltr'><strong>ὦ</strong></span> <span class='ocrx_word' id='word_1_241' title='bbox 2621 2015 3277 2092; x_wconf 76' lang='grc' dir='ltr'>παρθένοι,σωιρροσύνης</span> <span class='ocrx_word' id='word_1_242' title='bbox 3318 2015 3588 2087; x_wconf 88' lang='grc' dir='ltr'>άχράντου</span> <span class='ocrx_word' id='word_1_243' title='bbox 3623 2013 3722 2069; x_wconf 81' lang='grc' dir='ltr'>θυ-</span> 
     </span>
    </p>
   </div>
   <div class='ocr_carea' id='block_1_36' title="bbox 457 2112 2039 2184">
    <p class='ocr_par' dir='ltr' id='par_1_36' title="bbox 457 2112 2039 2184">
     <span class='ocr_line' id='line_1_36' title="bbox 457 2112 2039 2184; baseline 0.001 -16"><span class='ocrx_word' id='word_1_244' title='bbox 457 2113 523 2168; x_wconf 86' lang='lat' dir='ltr'><strong>de</strong></span> <span class='ocrx_word' id='word_1_245' title='bbox 558 2113 666 2166; x_wconf 88' lang='lat' dir='ltr'><strong>vita</strong></span> <span class='ocrx_word' id='word_1_246' title='bbox 712 2114 870 2168; x_wconf 88' lang='lat' dir='ltr'><strong>bonis</strong></span> <span class='ocrx_word' id='word_1_247' title='bbox 913 2113 1169 2168; x_wconf 91' lang='lat' dir='ltr'><strong>omnibus</strong></span> <span class='ocrx_word' id='word_1_248' title='bbox 1219 2112 1400 2178; x_wconf 87' lang='lat' dir='ltr'><strong>beata,</strong></span> <span class='ocrx_word' id='word_1_249' title='bbox 1437 2112 1610 2184; x_wconf 90' lang='lat' dir='ltr'><strong>deque</strong></span> <span class='ocrx_word' id='word_1_250' title='bbox 1649 2114 1916 2168; x_wconf 60' lang='lat' dir='ltr'><strong>caelorum</strong></span> <span class='ocrx_word' id='word_1_251' title='bbox 1951 2130 2039 2170; x_wconf 87' lang='lat' dir='ltr'><strong>re-</strong></span> 
     </span>
    </p>
   </div>
   <div class='ocr_carea' id='block_1_37' title="bbox 459 2205 2034 2277">
    <p class='ocr_par' dir='ltr' id='par_1_37' title="bbox 459 2205 2034 2277">
     <span class='ocr_line' id='line_1_37' title="bbox 459 2205 2034 2277; baseline 0.001 -18"><span class='ocrx_word' id='word_1_252' title='bbox 459 2221 564 2277; x_wconf 86' lang='lat' dir='ltr'><strong>gno</strong></span> <span class='ocrx_word' id='word_1_253' title='bbox 597 2206 1022 2261; x_wconf 81' lang='lat' dir='ltr'><strong>studium’nobis</strong></span> <span class='ocrx_word' id='word_1_254' title='bbox 1049 2213 1132 2261; x_wconf 91' lang='lat' dir='ltr'><strong>est</strong></span> <span class='ocrx_word' id='word_1_255' title='bbox 1167 2213 1219 2260; x_wconf 91' lang='lat' dir='ltr'><strong>et</strong></span> <span class='ocrx_word' id='word_1_256' title='bbox 1255 2206 1554 2261; x_wconf 87' lang='lat' dir='ltr'><strong>contentio.</strong></span> <span class='ocrx_word' id='word_1_257' title='bbox 1589 2205 1680 2260; x_wconf 84' lang='lat' dir='ltr'><strong>Eia</strong></span> <span class='ocrx_word' id='word_1_258' title='bbox 1710 2206 1765 2259; x_wconf 90' lang='lat' dir='ltr'><strong>in</strong></span> <span class='ocrx_word' id='word_1_259' title='bbox 1791 2207 2034 2261; x_wconf 86' lang='lat' dir='ltr'><strong>eamdem</strong></span> 
     </span>
    </p>
   </div>
   <div class='ocr_carea' id='block_1_38' title="bbox 460 2296 2035 2368">
    <p class='ocr_par' dir='ltr' id='par_1_38' title="bbox 460 2296 2035 2368">
     <span class='ocr_line' id='line_1_38' title="bbox 460 2296 2035 2368; baseline 0.001 -17"><span class='ocrx_word' id='word_1_260' title='bbox 460 2299 794 2354; x_wconf 73' lang='lat' dir='ltr'><strong>intemerata:</strong></span> <span class='ocrx_word' id='word_1_261' title='bbox 829 2298 1159 2368; x_wconf 78' lang='lat' dir='ltr'><strong>virginitatis</strong></span> <span class='ocrx_word' id='word_1_262' title='bbox 1217 2297 1434 2352; x_wconf 83' lang='lat' dir='ltr'><strong>laudem</strong></span> <span class='ocrx_word' id='word_1_263' title='bbox 1465 2312 1590 2351; x_wconf 90' lang='lat' dir='ltr'><strong>cum</strong></span> <span class='ocrx_word' id='word_1_264' title='bbox 1617 2296 1895 2366; x_wconf 88' lang='lat' dir='ltr'><strong>prioribus</strong></span> <span class='ocrx_word' id='word_1_265' title='bbox 1938 2312 2035 2352; x_wconf 82' lang='lat' dir='ltr'><strong>vos</strong></span> 
     </span>
    </p>
   </div>
   <div class='ocr_carea' id='block_1_39' title="bbox 456 2388 2036 2460">
    <p class='ocr_par' dir='ltr' id='par_1_39' title="bbox 456 2388 2036 2460">
     <span class='ocr_line' id='line_1_39' title="bbox 456 2388 2036 2460; baseline -0.001 -16"><span class='ocrx_word' id='word_1_266' title='bbox 456 2405 676 2460; x_wconf 89' lang='lat' dir='ltr'><strong>quoque</strong></span> <span class='ocrx_word' id='word_1_267' title='bbox 720 2388 889 2442; x_wconf 88' lang='lat' dir='ltr'><strong>alacri</strong></span> <span class='ocrx_word' id='word_1_268' title='bbox 939 2390 1121 2441; x_wconf 88' lang='lat' dir='ltr'><strong>animo</strong></span> <span class='ocrx_word' id='word_1_269' title='bbox 1157 2389 1492 2458; x_wconf 89' lang='lat' dir='ltr'><strong>conspirate,</strong></span> <span class='ocrx_word' id='word_1_270' title='bbox 1545 2403 1738 2457; x_wconf 88' lang='lat' dir='ltr'><strong>parum</strong></span> <span class='ocrx_word' id='word_1_271' title='bbox 1777 2397 2036 2443; x_wconf 87' lang='lat' dir='ltr'><strong>curantes</strong></span> 
     </span>
    </p>
   </div>
   <div class='ocr_carea' id='block_1_40' title="bbox 457 2476 2035 2547">
    <p class='ocr_par' dir='ltr' id='par_1_40' title="bbox 457 2476 2035 2547">
     <span class='ocr_line' id='line_1_40' title="bbox 457 2476 2035 2547; baseline -0.003 -10"><span class='ocrx_word' id='word_1_272' title='bbox 457 2481 559 2537; x_wconf 88' lang='lat' dir='ltr'><strong>hoc</strong></span> <span class='ocrx_word' id='word_1_273' title='bbox 591 2481 848 2536; x_wconf 67' lang='lat' dir='ltr'><strong>swculum</strong></span> <span class='ocrx_word' id='word_1_274' title='bbox 879 2492 943 2530; x_wconf 88' lang='lat' dir='ltr'><strong>ac</strong></span> <span class='ocrx_word' id='word_1_275' title='bbox 967 2478 1254 2532; x_wconf 90' lang='lat' dir='ltr'><strong>mundum.</strong></span> <span class='ocrx_word' id='word_1_276' title='bbox 1303 2476 1420 2531; x_wconf 85' lang='lat' dir='ltr'><strong>Non</strong></span> <span class='ocrx_word' id='word_1_277' title='bbox 1456 2492 1647 2547; x_wconf 86' lang='lat' dir='ltr'><strong>parum</strong></span> <span class='ocrx_word' id='word_1_278' title='bbox 1679 2478 1823 2532; x_wconf 90' lang='lat' dir='ltr'><strong>enim</strong></span> <span class='ocrx_word' id='word_1_279' title='bbox 1859 2478 1925 2531; x_wconf 88' lang='lat' dir='ltr'><strong>ad</strong></span> <span class='ocrx_word' id='word_1_280' title='bbox 1958 2477 2035 2533; x_wconf 87' lang='lat' dir='ltr'><strong>fe-</strong></span> 
     </span>
    </p>
   </div>
   <div class='ocr_carea' id='block_1_41' title="bbox 455 2568 2033 2639">
    <p class='ocr_par' dir='ltr' id='par_1_41' title="bbox 455 2568 2033 2639">
     <span class='ocr_line' id='line_1_41' title="bbox 455 2568 2033 2639; baseline -0.003 -12"><span class='ocrx_word' id='word_1_281' title='bbox 455 2573 717 2627; x_wconf 85' lang='lat' dir='ltr'><strong>licitatem</strong></span> <span class='ocrx_word' id='word_1_282' title='bbox 752 2570 1026 2639; x_wconf 75' lang='lat' dir='ltr'><strong>vitamque</strong></span> <span class='ocrx_word' id='word_1_283' title='bbox 1053 2570 1205 2624; x_wconf 92' lang='lat' dir='ltr'><strong>curis</strong></span> <span class='ocrx_word' id='word_1_284' title='bbox 1256 2569 1480 2623; x_wconf 83' lang='lat' dir='ltr'><strong>liberam</strong></span> <span class='ocrx_word' id='word_1_285' title='bbox 1508 2568 1852 2638; x_wconf 87' lang='lat' dir='ltr'><strong>incorruptio</strong></span> <span class='ocrx_word' id='word_1_286' title='bbox 1899 2583 2033 2622; x_wconf 89' lang='lat' dir='ltr'><strong>con-</strong></span> 
     </span>
    </p>
   </div>
   <div class='ocr_carea' id='block_1_42' title="bbox 455 2658 2034 2729">
    <p class='ocr_par' dir='ltr' id='par_1_42' title="bbox 455 2658 2034 2729">
     <span class='ocr_line' id='line_1_42' title="bbox 455 2658 2034 2729; baseline -0.001 -13"><span class='ocrx_word' id='word_1_287' title='bbox 455 2663 609 2716; x_wconf 89' lang='lat' dir='ltr'><strong>ducit</strong></span> <span class='ocrx_word' id='word_1_288' title='bbox 657 2676 720 2714; x_wconf 91' lang='lat' dir='ltr'><strong>ac</strong></span> <span class='ocrx_word' id='word_1_289' title='bbox 753 2660 1098 2722; x_wconf 87' lang='lat' dir='ltr'><strong>castimonia,</strong></span> <span class='ocrx_word' id='word_1_290' title='bbox 1130 2660 1330 2728; x_wconf 89' lang='lat' dir='ltr'><strong>quippe</strong></span> <span class='ocrx_word' id='word_1_291' title='bbox 1353 2673 1474 2729; x_wconf 73' lang='lat' dir='ltr'><strong>qua:</strong></span> <span class='ocrx_word' id='word_1_292' title='bbox 1511 2673 1733 2714; x_wconf 89' lang='lat' dir='ltr'><strong>carnem</strong></span> <span class='ocrx_word' id='word_1_293' title='bbox 1755 2658 1922 2713; x_wconf 91' lang='lat' dir='ltr'><strong>humo</strong></span> <span class='ocrx_word' id='word_1_294' title='bbox 1957 2659 2034 2714; x_wconf 86' lang='lat' dir='ltr'><strong>le-</strong></span> 
     </span>
    </p>
   </div>
   <div class='ocr_carea' id='block_1_43' title="bbox 455 2750 2034 2821">
    <p class='ocr_par' dir='ltr' id='par_1_43' title="bbox 455 2750 2034 2821">
     <span class='ocr_line' id='line_1_43' title="bbox 455 2750 2034 2821; baseline -0.004 -12"><span class='ocrx_word' id='word_1_295' title='bbox 455 2769 611 2821; x_wconf 88' lang='lat' dir='ltr'><strong>vans,</strong></span> <span class='ocrx_word' id='word_1_296' title='bbox 636 2753 924 2808; x_wconf 88' lang='lat' dir='ltr'><strong>sublimem</strong></span> <span class='ocrx_word' id='word_1_297' title='bbox 950 2751 1075 2806; x_wconf 88' lang='lat' dir='ltr'><strong>lerri</strong></span> <span class='ocrx_word' id='word_1_298' title='bbox 1098 2750 1281 2815; x_wconf 76' lang='lat' dir='ltr'><strong>faciat,</strong></span> <span class='ocrx_word' id='word_1_299' title='bbox 1305 2751 1424 2820; x_wconf 78' lang='lat' dir='ltr'><strong>ejus</strong></span> <span class='ocrx_word' id='word_1_300' title='bbox 1439 2751 1608 2806; x_wconf 81' lang='lat' dir='ltr'><strong>nimio</strong></span> <span class='ocrx_word' id='word_1_301' title='bbox 1635 2751 2034 2815; x_wconf 79' lang='lat' dir='ltr'><strong>exsiccatohu-</strong></span> 
     </span>
    </p>
   </div>
   <div class='ocr_carea' id='block_1_44' title="bbox 456 2839 2032 2912">
    <p class='ocr_par' dir='ltr' id='par_1_44' title="bbox 456 2839 2032 2912">
     <span class='ocr_line' id='line_1_44' title="bbox 456 2839 2032 2912; baseline -0.001 -15"><span class='ocrx_word' id='word_1_302' title='bbox 456 2858 607 2898; x_wconf 89' lang='lat' dir='ltr'><strong>more</strong></span> <span class='ocrx_word' id='word_1_303' title='bbox 658 2843 911 2912; x_wconf 90' lang='lat' dir='ltr'><strong>luteoque</strong></span> <span class='ocrx_word' id='word_1_304' title='bbox 941 2855 1204 2912; x_wconf 81' lang='lat' dir='ltr'><strong>expresso</strong></span> <span class='ocrx_word' id='word_1_305' title='bbox 1243 2839 1504 2910; x_wconf 84' lang='lat' dir='ltr'><strong>pondere,</strong></span> <span class='ocrx_word' id='word_1_306' title='bbox 1539 2841 1746 2911; x_wconf 88' lang='lat' dir='ltr'><strong>majore</strong></span> <span class='ocrx_word' id='word_1_307' title='bbox 1781 2842 2032 2897; x_wconf 87' lang='lat' dir='ltr'><strong>trahendi</strong></span> 
     </span>
    </p>
   </div>
   <div class='ocr_carea' id='block_1_45' title="bbox 456 2932 2033 3006">
    <p class='ocr_par' dir='ltr' id='par_1_45' title="bbox 456 2932 2033 3006">
     <span class='ocr_line' id='line_1_45' title="bbox 456 2932 2033 3006; baseline 0.002 -16"><span class='ocrx_word' id='word_1_308' title='bbox 456 2937 507 2990; x_wconf 87' lang='lat' dir='ltr'><strong>vi</strong></span> <span class='ocrx_word' id='word_1_309' title='bbox 555 2951 619 2990; x_wconf 90' lang='lat' dir='ltr'><strong>ac</strong></span> <span class='ocrx_word' id='word_1_310' title='bbox 651 2935 1002 3006; x_wconf 87' lang='lat' dir='ltr'><strong>impulsione.</strong></span> <span class='ocrx_word' id='word_1_311' title='bbox 1049 2932 1238 3004; x_wconf 77' lang='lat' dir='ltr'><strong>Neque</strong></span> <span class='ocrx_word' id='word_1_312' title='bbox 1275 2950 1376 2989; x_wconf 90' lang='lat' dir='ltr'><strong>vos</strong></span> <span class='ocrx_word' id='word_1_313' title='bbox 1407 2934 1532 2989; x_wconf 68' lang='lat' dir='ltr'><strong>ulla:</strong></span> <span class='ocrx_word' id='word_1_314' title='bbox 1555 2934 1810 2990; x_wconf 89' lang='lat' dir='ltr'><strong>audiendi</strong></span> <span class='ocrx_word' id='word_1_315' title='bbox 1842 2936 2033 2993; x_wconf 90' lang='lat' dir='ltr'><strong>sordes</strong></span> 
     </span>
    </p>
   </div>
   <div class='ocr_carea' id='block_1_46' title="bbox 455 3023 2035 3098">
    <p class='ocr_par' dir='ltr' id='par_1_46' title="bbox 455 3023 2035 3098">
     <span class='ocr_line' id='line_1_46' title="bbox 455 3023 2035 3098; baseline -0.001 -16"><span class='ocrx_word' id='word_1_316' title='bbox 455 3035 705 3098; x_wconf 84' lang='lat' dir='ltr'><strong>repentes</strong></span> <span class='ocrx_word' id='word_1_317' title='bbox 754 3027 810 3080; x_wconf 91' lang='lat' dir='ltr'><strong>in</strong></span> <span class='ocrx_word' id='word_1_318' title='bbox 861 3035 1060 3080; x_wconf 90' lang='lat' dir='ltr'><strong>terram</strong></span> <span class='ocrx_word' id='word_1_319' title='bbox 1095 3025 1425 3096; x_wconf 85' lang='lat' dir='ltr'><strong>deprimant.</strong></span> <span class='ocrx_word' id='word_1_320' title='bbox 1457 3023 1644 3094; x_wconf 81' lang='lat' dir='ltr'><strong>Neque</strong></span> <span class='ocrx_word' id='word_1_321' title='bbox 1664 3040 1870 3080; x_wconf 72' lang='lat' dir='ltr'><strong>mceror</strong></span> <span class='ocrx_word' id='word_1_322' title='bbox 1901 3042 2035 3097; x_wconf 83' lang='lat' dir='ltr'><strong>gau-</strong></span> 
     </span>
    </p>
   </div>
   <div class='ocr_carea' id='block_1_47' title="bbox 454 3119 2033 3190">
    <p class='ocr_par' dir='ltr' id='par_1_47' title="bbox 454 3119 2033 3190">
     <span class='ocr_line' id='line_1_47' title="bbox 454 3119 2033 3190; baseline -0.001 -16"><span class='ocrx_word' id='word_1_323' title='bbox 454 3121 604 3174; x_wconf 88' lang='lat' dir='ltr'><strong>dium</strong></span> <span class='ocrx_word' id='word_1_324' title='bbox 627 3119 936 3190; x_wconf 90' lang='lat' dir='ltr'><strong>interpolet,</strong></span> <span class='ocrx_word' id='word_1_325' title='bbox 976 3119 1123 3188; x_wconf 90' lang='lat' dir='ltr'><strong>ipsas</strong></span> <span class='ocrx_word' id='word_1_326' title='bbox 1145 3135 1265 3189; x_wconf 71' lang='lat' dir='ltr'><strong>quae</strong></span> <span class='ocrx_word' id='word_1_327' title='bbox 1287 3119 1607 3174; x_wconf 88' lang='lat' dir='ltr'><strong>melioribus</strong></span> <span class='ocrx_word' id='word_1_328' title='bbox 1631 3119 1900 3182; x_wconf 88' lang='lat' dir='ltr'><strong>nitantur,</strong></span> <span class='ocrx_word' id='word_1_329' title='bbox 1932 3119 2033 3174; x_wconf 80' lang='lat' dir='ltr'><strong>eli-</strong></span> 
     </span>
    </p>
   </div>
   <div class='ocr_carea' id='block_1_48' title="bbox 456 3211 2032 3285">
    <p class='ocr_par' dir='ltr' id='par_1_48' title="bbox 456 3211 2032 3285">
     <span class='ocr_line' id='line_1_48' title="bbox 456 3211 2032 3285; baseline -0.001 -16"><span class='ocrx_word' id='word_1_330' title='bbox 456 3215 591 3269; x_wconf 83' lang='lat' dir='ltr'><strong>dens</strong></span> <span class='ocrx_word' id='word_1_331' title='bbox 611 3230 736 3285; x_wconf 86' lang='lat' dir='ltr'><strong>spes</strong></span> <span class='ocrx_word' id='word_1_332' title='bbox 771 3233 782 3267; x_wconf 93' lang='lat'><strong>:</strong></span> <span class='ocrx_word' id='word_1_333' title='bbox 817 3213 914 3268; x_wconf 90' lang='lat' dir='ltr'><strong>sed</strong></span> <span class='ocrx_word' id='word_1_334' title='bbox 943 3213 1092 3266; x_wconf 88' lang='lat' dir='ltr'><strong>nulla</strong></span> <span class='ocrx_word' id='word_1_335' title='bbox 1135 3211 1456 3267; x_wconf 89' lang='lat' dir='ltr'><strong>morositate</strong></span> <span class='ocrx_word' id='word_1_336' title='bbox 1499 3211 1817 3282; x_wconf 86' lang='lat' dir='ltr'><strong>ingruentes</strong></span> <span class='ocrx_word' id='word_1_337' title='bbox 1849 3212 1902 3266; x_wconf 92' lang='lat' dir='ltr'><strong>iu</strong></span> <span class='ocrx_word' id='word_1_338' title='bbox 1935 3228 2032 3268; x_wconf 90' lang='lat' dir='ltr'><strong>vos</strong></span> 
     </span>
    </p>
   </div>
   <div class='ocr_carea' id='block_1_49' title="bbox 456 3303 2030 3375">
    <p class='ocr_par' dir='ltr' id='par_1_49' title="bbox 456 3303 2030 3375">
     <span class='ocr_line' id='line_1_49' title="bbox 456 3303 2030 3375; baseline -0.003 -13"><span class='ocrx_word' id='word_1_339' title='bbox 456 3307 641 3362; x_wconf 89' lang='lat' dir='ltr'><strong>clades</strong></span> <span class='ocrx_word' id='word_1_340' title='bbox 673 3306 980 3375; x_wconf 89' lang='lat' dir='ltr'><strong>damnaque</strong></span> <span class='ocrx_word' id='word_1_341' title='bbox 1012 3305 1270 3368; x_wconf 78' lang='lat' dir='ltr'><strong>excutite,</strong></span> <span class='ocrx_word' id='word_1_342' title='bbox 1296 3304 1464 3359; x_wconf 93' lang='lat' dir='ltr'><strong>nullis</strong></span> <span class='ocrx_word' id='word_1_343' title='bbox 1495 3303 1692 3359; x_wconf 89' lang='lat' dir='ltr'><strong>mentis</strong></span> <span class='ocrx_word' id='word_1_344' title='bbox 1717 3303 1911 3360; x_wconf 82' lang='lat' dir='ltr'><strong>faciem</strong></span> <span class='ocrx_word' id='word_1_345' title='bbox 1943 3303 2030 3359; x_wconf 66' lang='lat' dir='ltr'><strong>l‘uo</strong></span> 
     </span>
    </p>
   </div>
   <div class='ocr_carea' id='block_1_50' title="bbox 2144 2105 3721 2186">
    <p class='ocr_par' dir='ltr' id='par_1_50' title="bbox 2144 2105 3721 2186">
     <span class='ocr_line' id='line_1_50' title="bbox 2144 2105 3721 2186; baseline -0.004 -18"><span class='ocrx_word' id='word_1_346' title='bbox 2144 2114 2394 2186; x_wconf 80' lang='grc' dir='ltr'>γατέρες,</span> <span class='ocrx_word' id='word_1_347' title='bbox 2450 2115 2589 2184; x_wconf 89' lang='grc' dir='ltr'>ὑπερ</span> <span class='ocrx_word' id='word_1_348' title='bbox 2631 2110 2776 2182; x_wconf 78' lang='grc' dir='ltr'>ζωῆς</span> <span class='ocrx_word' id='word_1_349' title='bbox 2829 2112 2958 2182; x_wconf 79' lang='grc' dir='ltr'>ἡμῖν</span> <span class='ocrx_word' id='word_1_350' title='bbox 3011 2108 3244 2178; x_wconf 73' lang='grc' dir='ltr'>ἀφθόνου</span> <span class='ocrx_word' id='word_1_351' title='bbox 3292 2107 3385 2161; x_wconf 71' lang='grc' dir='ltr'><strong>καὶ</strong></span> <span class='ocrx_word' id='word_1_352' title='bbox 3443 2105 3721 2176; x_wconf 74' lang='grc' dir='ltr'>βασιλείας</span> 
     </span>
    </p>
   </div>
   <div class='ocr_carea' id='block_1_51' title="bbox 2143 2199 3720 2277">
    <p class='ocr_par' dir='ltr' id='par_1_51' title="bbox 2143 2199 3720 2277">
     <span class='ocr_line' id='line_1_51' title="bbox 2143 2199 3720 2277; baseline -0.006 -16"><span class='ocrx_word' id='word_1_353' title='bbox 2143 2207 2386 2277; x_wconf 75' lang='grc' dir='ltr'>οὐρανῶν</span> <span class='ocrx_word' id='word_1_354' title='bbox 2417 2207 2449 2277; x_wconf 80' lang='grc' dir='ltr'><strong>ἡ</strong></span> <span class='ocrx_word' id='word_1_355' title='bbox 2483 2205 2700 2276; x_wconf 85' lang='grc' dir='ltr'>σπουδή.</span> <span class='ocrx_word' id='word_1_356' title='bbox 2734 2205 2826 2267; x_wconf 82' lang='grc' dir='ltr'><strong>Εἰς</strong></span> <span class='ocrx_word' id='word_1_357' title='bbox 2855 2203 2952 2274; x_wconf 82' lang='grc' dir='ltr'><strong>τὴν</strong></span> <span class='ocrx_word' id='word_1_358' title='bbox 2979 2201 3150 2272; x_wconf 78' lang='grc' dir='ltr'>αὑτὴν</span> <span class='ocrx_word' id='word_1_359' title='bbox 3186 2199 3344 2266; x_wconf 76' lang='grc' dir='ltr'>δόξαν</span> <span class='ocrx_word' id='word_1_360' title='bbox 3375 2199 3472 2269; x_wconf 77' lang='grc' dir='ltr'>τῆς</span> <span class='ocrx_word' id='word_1_361' title='bbox 3496 2201 3720 2268; x_wconf 80' lang='grc' dir='ltr'>ἁγνείας</span> 
     </span>
    </p>
   </div>
   <div class='ocr_carea' id='block_1_52' title="bbox 2143 2293 3717 2371">
    <p class='ocr_par' dir='ltr' id='par_1_52' title="bbox 2143 2293 3717 2371">
     <span class='ocr_line' id='line_1_52' title="bbox 2143 2293 3717 2371; baseline -0.006 -17"><span class='ocrx_word' id='word_1_362' title='bbox 2143 2301 2237 2354; x_wconf 73' lang='grc' dir='ltr'><strong>καὶ</strong></span> <span class='ocrx_word' id='word_1_363' title='bbox 2271 2302 2428 2371; x_wconf 80' lang='grc' dir='ltr'>ὑμεῖς</span> <span class='ocrx_word' id='word_1_364' title='bbox 2459 2297 2755 2370; x_wconf 77' lang='grc' dir='ltr'>προθύμως</span> <span class='ocrx_word' id='word_1_365' title='bbox 2782 2299 2901 2360; x_wconf 90' lang='grc' dir='ltr'>ταῖς</span> <span class='ocrx_word' id='word_1_366' title='bbox 2944 2294 3050 2366; x_wconf 86' lang='grc' dir='ltr'><strong>πρὸ</strong></span> <span class='ocrx_word' id='word_1_367' title='bbox 3085 2293 3238 2365; x_wconf 87' lang='grc' dir='ltr'>ὑμῶν</span> <span class='ocrx_word' id='word_1_368' title='bbox 3281 2294 3717 2364; x_wconf 79' lang='grc' dir='ltr'>συμφρονήσατε,</span> 
     </span>
    </p>
   </div>
   <div class='ocr_carea' id='block_1_53' title="bbox 2141 2386 3721 2462">
    <p class='ocr_par' dir='ltr' id='par_1_53' title="bbox 2141 2386 3721 2462">
     <span class='ocr_line' id='line_1_53' title="bbox 2141 2386 3721 2462; baseline -0.004 -17"><span class='ocrx_word' id='word_1_369' title='bbox 2141 2393 2296 2462; x_wconf 78' lang='grc' dir='ltr'>ὀλίγα</span> <span class='ocrx_word' id='word_1_370' title='bbox 2347 2391 2701 2460; x_wconf 80' lang='grc' dir='ltr'>φροντίσασαι</span> <span class='ocrx_word' id='word_1_371' title='bbox 2750 2388 2844 2443; x_wconf 90' lang='grc' dir='ltr'><strong>τοῦ</strong></span> <span class='ocrx_word' id='word_1_372' title='bbox 2907 2387 3044 2458; x_wconf 84' lang='grc' dir='ltr'>βίου.</span> <span class='ocrx_word' id='word_1_373' title='bbox 3103 2388 3178 2441; x_wconf 90' lang='grc' dir='ltr'>Οὑ</span> <span class='ocrx_word' id='word_1_374' title='bbox 3230 2386 3338 2459; x_wconf 81' lang='grc' dir='ltr'><strong>γάρ</strong></span> <span class='ocrx_word' id='word_1_375' title='bbox 3396 2386 3588 2458; x_wconf 80' lang='grc' dir='ltr'>μικρὸν</span> <span class='ocrx_word' id='word_1_376' title='bbox 3638 2388 3721 2449; x_wconf 85' lang='grc' dir='ltr'>εἰς</span> 
     </span>
    </p>
   </div>
   <div class='ocr_carea' id='block_1_54' title="bbox 2144 2477 3722 2555">
    <p class='ocr_par' dir='ltr' id='par_1_54' title="bbox 2144 2477 3722 2555">
     <span class='ocr_line' id='line_1_54' title="bbox 2144 2477 3722 2555; baseline -0.004 -19"><span class='ocrx_word' id='word_1_377' title='bbox 2144 2481 2422 2555; x_wconf 76' lang='grc' dir='ltr'>ῥᾳστώνην</span> <span class='ocrx_word' id='word_1_378' title='bbox 2452 2481 2729 2552; x_wconf 74' lang='grc' dir='ltr'>ἀφθαρσία</span> <span class='ocrx_word' id='word_1_379' title='bbox 2763 2481 2858 2534; x_wconf 73' lang='grc' dir='ltr'><strong>καὶ</strong></span> <span class='ocrx_word' id='word_1_380' title='bbox 2891 2479 3103 2548; x_wconf 84' lang='grc' dir='ltr'>ἁγνεία,</span> <span class='ocrx_word' id='word_1_381' title='bbox 3127 2477 3384 2550; x_wconf 71' lang='grc' dir='ltr'>ἀνωφερῆ</span> <span class='ocrx_word' id='word_1_382' title='bbox 3411 2477 3506 2549; x_wconf 83' lang='grc' dir='ltr'>τὴν</span> <span class='ocrx_word' id='word_1_383' title='bbox 3537 2477 3722 2548; x_wconf 83' lang='grc' dir='ltr'>σάρκα</span> 
     </span>
    </p>
   </div>
   <div class='ocr_carea' id='block_1_55' title="bbox 2142 2569 3725 2647">
    <p class='ocr_par' dir='ltr' id='par_1_55' title="bbox 2142 2569 3725 2647">
     <span class='ocr_line' id='line_1_55' title="bbox 2142 2569 3725 2647; baseline -0.016 -11"><span class='ocrx_word' id='word_1_384' title='bbox 2142 2575 2278 2647; x_wconf 82' lang='grc' dir='ltr'>πρὸς</span> <span class='ocrx_word' id='word_1_385' title='bbox 2311 2574 2440 2644; x_wconf 73' lang='grc' dir='ltr'>ὕψος</span> <span class='ocrx_word' id='word_1_386' title='bbox 2481 2573 2729 2646; x_wconf 79' lang='grc' dir='ltr'>αἴρουσα,</span> <span class='ocrx_word' id='word_1_387' title='bbox 2761 2574 2857 2626; x_wconf 75' lang='grc' dir='ltr'>καὶ</span> <span class='ocrx_word' id='word_1_388' title='bbox 2900 2571 2963 2625; x_wconf 81' lang='grc' dir='ltr'><strong>τὸ</strong></span> <span class='ocrx_word' id='word_1_389' title='bbox 3007 2572 3280 2642; x_wconf 79' lang='grc' dir='ltr'>κάθυγρον</span> <span class='ocrx_word' id='word_1_390' title='bbox 3319 2569 3484 2640; x_wconf 72' lang='grc' dir='ltr'>αὐτῆς</span> <span class='ocrx_word' id='word_1_391' title='bbox 3521 2569 3725 2639; x_wconf 63' lang='grc' dir='ltr'>ἀναξη-</span> 
     </span>
    </p>
   </div>
   <div class='ocr_carea' id='block_1_56' title="bbox 2144 2660 3723 2740">
    <p class='ocr_par' dir='ltr' id='par_1_56' title="bbox 2144 2660 3723 2740">
     <span class='ocr_line' id='line_1_56' title="bbox 2144 2660 3723 2740; baseline -0.003 -20"><span class='ocrx_word' id='word_1_392' title='bbox 2144 2667 2400 2740; x_wconf 84' lang='grc' dir='ltr'>ραίνουσα</span> <span class='ocrx_word' id='word_1_393' title='bbox 2450 2667 2542 2721; x_wconf 80' lang='grc' dir='ltr'><strong>καὶ</strong></span> <span class='ocrx_word' id='word_1_394' title='bbox 2586 2665 2830 2739; x_wconf 79' lang='grc' dir='ltr'>πηλῶδες</span> <span class='ocrx_word' id='word_1_395' title='bbox 2858 2664 3064 2738; x_wconf 63' lang='grc' dir='ltr'>βάρος,</span> <span class='ocrx_word' id='word_1_396' title='bbox 3113 2663 3244 2734; x_wconf 83' lang='grc' dir='ltr'>ὁλκῇ</span> <span class='ocrx_word' id='word_1_397' title='bbox 3296 2662 3528 2734; x_wconf 79' lang='grc' dir='ltr'>μείζονι·</span> <span class='ocrx_word' id='word_1_398' title='bbox 3584 2660 3723 2732; x_wconf 77' lang='grc' dir='ltr'>μηδὲ</span> 
     </span>
    </p>
   </div>
   <div class='ocr_carea' id='block_1_57' title="bbox 2143 2753 3721 2831">
    <p class='ocr_par' dir='ltr' id='par_1_57' title="bbox 2143 2753 3721 2831">
     <span class='ocr_line' id='line_1_57' title="bbox 2143 2753 3721 2831; baseline -0.004 -18"><span class='ocrx_word' id='word_1_399' title='bbox 2143 2759 2372 2831; x_wconf 82' lang='grc' dir='ltr'>βριθέτω</span> <span class='ocrx_word' id='word_1_400' title='bbox 2405 2759 2502 2830; x_wconf 82' lang='grc' dir='ltr'>τῆς</span> <span class='ocrx_word' id='word_1_401' title='bbox 2548 2759 2715 2830; x_wconf 83' lang='grc' dir='ltr'>ἀκοῆς</span> <span class='ocrx_word' id='word_1_402' title='bbox 2755 2759 2784 2812; x_wconf 85' lang='grc' dir='ltr'>ὁ</span> <span class='ocrx_word' id='word_1_403' title='bbox 2837 2757 3028 2829; x_wconf 84' lang='grc' dir='ltr'>ρύπος,</span> <span class='ocrx_word' id='word_1_404' title='bbox 3076 2757 3256 2830; x_wconf 79' lang='grc' dir='ltr'>ῥέπων</span> <span class='ocrx_word' id='word_1_405' title='bbox 3305 2756 3385 2818; x_wconf 89' lang='grc' dir='ltr'><strong>είς</strong></span> <span class='ocrx_word' id='word_1_406' title='bbox 3429 2753 3525 2826; x_wconf 83' lang='grc' dir='ltr'><strong>τὴν</strong></span> <span class='ocrx_word' id='word_1_407' title='bbox 3573 2753 3721 2825; x_wconf 80' lang='grc' dir='ltr'>γῆν·</span> 
     </span>
    </p>
   </div>
   <div class='ocr_carea' id='block_1_58' title="bbox 2145 2845 3728 2923">
    <p class='ocr_par' dir='ltr' id='par_1_58' title="bbox 2145 2845 3728 2923">
     <span class='ocr_line' id='line_1_58' title="bbox 2145 2845 3728 2923; baseline -0.003 -18"><span class='ocrx_word' id='word_1_408' title='bbox 2145 2852 2279 2923; x_wconf 86' lang='grc' dir='ltr'>μηδὲ</span> <span class='ocrx_word' id='word_1_409' title='bbox 2311 2851 2721 2923; x_wconf 80' lang='grc' dir='ltr'>μετακοσμείτω</span> <span class='ocrx_word' id='word_1_410' title='bbox 2749 2849 2894 2920; x_wconf 80' lang='grc' dir='ltr'>λύπη</span> <span class='ocrx_word' id='word_1_411' title='bbox 2926 2851 3023 2921; x_wconf 80' lang='grc' dir='ltr'>τὴν</span> <span class='ocrx_word' id='word_1_412' title='bbox 3053 2849 3246 2920; x_wconf 81' lang='grc' dir='ltr'>χαρὰν,</span> <span class='ocrx_word' id='word_1_413' title='bbox 3281 2851 3587 2920; x_wconf 78' lang='grc' dir='ltr'>ἐκτήκουσα</span> <span class='ocrx_word' id='word_1_414' title='bbox 3619 2845 3728 2912; x_wconf 81' lang='grc' dir='ltr'>τὰς</span> 
     </span>
    </p>
   </div>
   <div class='ocr_carea' id='block_1_59' title="bbox 2141 2940 3724 3016">
    <p class='ocr_par' dir='ltr' id='par_1_59' title="bbox 2141 2940 3724 3016">
     <span class='ocr_line' id='line_1_59' title="bbox 2141 2940 3724 3016; baseline -0.004 -18"><span class='ocrx_word' id='word_1_415' title='bbox 2141 2946 2232 2998; x_wconf 58' lang='grc' dir='ltr'><strong>ἐπὶ¹</strong></span> <span class='ocrx_word' id='word_1_416' title='bbox 2282 2949 2395 3008; x_wconf 87' lang='grc' dir='ltr'>τοῖς</span> <span class='ocrx_word' id='word_1_417' title='bbox 2443 2945 2747 3016; x_wconf 86' lang='grc' dir='ltr'>κρείττοσιν</span> <span class='ocrx_word' id='word_1_418' title='bbox 2796 2943 3049 3008; x_wconf 77' lang='grc' dir='ltr'>ἐλπίδαςο</span> <span class='ocrx_word' id='word_1_419' title='bbox 3090 2941 3226 2998; x_wconf 82' lang='grc' dir='ltr'>ἀλλὰ</span> <span class='ocrx_word' id='word_1_420' title='bbox 3280 2941 3531 3014; x_wconf 82' lang='grc' dir='ltr'>άτρύχως</span> <span class='ocrx_word' id='word_1_421' title='bbox 3581 2940 3724 2993; x_wconf 82' lang='grc' dir='ltr'>ἀπο-</span> 
     </span>
    </p>
   </div>
   <div class='ocr_carea' id='block_1_60' title="bbox 2143 3032 3721 3107">
    <p class='ocr_par' dir='ltr' id='par_1_60' title="bbox 2143 3032 3721 3107">
     <span class='ocr_line' id='line_1_60' title="bbox 2143 3032 3721 3107; baseline -0.003 -18"><span class='ocrx_word' id='word_1_422' title='bbox 2143 3035 2349 3090; x_wconf 84' lang='grc' dir='ltr'>σείεσθε</span> <span class='ocrx_word' id='word_1_423' title='bbox 2399 3036 2498 3099; x_wconf 84' lang='grc' dir='ltr'>τὰς</span> <span class='ocrx_word' id='word_1_424' title='bbox 2545 3035 3045 3107; x_wconf 78' lang='grc' dir='ltr'>ἐπισυμὸαινούσας</span> <span class='ocrx_word' id='word_1_425' title='bbox 3104 3036 3232 3104; x_wconf 84' lang='grc' dir='ltr'>ὑμῖν</span> <span class='ocrx_word' id='word_1_426' title='bbox 3284 3032 3590 3104; x_wconf 61' lang='grc' dir='ltr'>συμφοράς,</span> <span class='ocrx_word' id='word_1_427' title='bbox 3644 3033 3721 3104; x_wconf 71' lang='grc' dir='ltr'>μὴ</span> 
     </span>
    </p>
   </div>
   <div class='ocr_carea' id='block_1_61' title="bbox 2141 3121 3723 3196">
    <p class='ocr_par' dir='ltr' id='par_1_61' title="bbox 2141 3121 3723 3196">
     <span class='ocr_line' id='line_1_61' title="bbox 2141 3121 3723 3196; baseline -0.004 -16"><span class='ocrx_word' id='word_1_428' title='bbox 2141 3126 2388 3180; x_wconf 80' lang='grc' dir='ltr'>θολοῦσαι</span> <span class='ocrx_word' id='word_1_429' title='bbox 2430 3127 2576 3195; x_wconf 82' lang='grc' dir='ltr'>γόοις</span> <span class='ocrx_word' id='word_1_430' title='bbox 2615 3126 2706 3179; x_wconf 84' lang='grc' dir='ltr'><strong>τὸν</strong></span> <span class='ocrx_word' id='word_1_431' title='bbox 2739 3124 3017 3196; x_wconf 84' lang='grc' dir='ltr'>λογισμόν.</span> <span class='ocrx_word' id='word_1_432' title='bbox 3067 3124 3290 3177; x_wconf 84' lang='grc' dir='ltr'>Νικάτω</span> <span class='ocrx_word' id='word_1_433' title='bbox 3328 3122 3496 3194; x_wconf 76' lang='grc' dir='ltr'><strong>γὰρὴ</strong></span> <span class='ocrx_word' id='word_1_434' title='bbox 3535 3121 3723 3186; x_wconf 82' lang='grc' dir='ltr'>πίστις</span> 
     </span>
    </p>
   </div>
   <div class='ocr_carea' id='block_1_62' title="bbox 2141 3215 3728 3290">
    <p class='ocr_par' dir='ltr' id='par_1_62' title="bbox 2141 3215 3728 3290">
     <span class='ocr_line' id='line_1_62' title="bbox 2141 3215 3728 3290; baseline -0.003 -18"><span class='ocrx_word' id='word_1_435' title='bbox 2141 3219 2338 3290; x_wconf 81' lang='grc' dir='ltr'>πάντη,</span> <span class='ocrx_word' id='word_1_436' title='bbox 2382 3219 2476 3272; x_wconf 73' lang='grc' dir='ltr'><strong>καὶ</strong></span> <span class='ocrx_word' id='word_1_437' title='bbox 2515 3217 2838 3272; x_wconf 84' lang='grc' dir='ltr'>άπωθείσθω</span> <span class='ocrx_word' id='word_1_438' title='bbox 2875 3217 2937 3270; x_wconf 83' lang='grc' dir='ltr'><strong>τὸ</strong></span> <span class='ocrx_word' id='word_1_439' title='bbox 2985 3216 3102 3286; x_wconf 83' lang='grc' dir='ltr'><strong>φῶς</strong></span> <span class='ocrx_word' id='word_1_440' title='bbox 3149 3217 3316 3287; x_wconf 75' lang='grc' dir='ltr'>αὐτῆς</span> <span class='ocrx_word' id='word_1_441' title='bbox 3351 3215 3418 3268; x_wconf 80' lang='grc' dir='ltr'><strong>τά</strong></span> <span class='ocrx_word' id='word_1_442' title='bbox 3446 3215 3728 3286; x_wconf 75' lang='grc' dir='ltr'>φερόμενα</span> 
     </span>
    </p>
   </div>
   <div class='ocr_carea' id='block_1_63' title="bbox 2139 3306 3726 3381">
    <p class='ocr_par' dir='ltr' id='par_1_63' title="bbox 2139 3306 3726 3381">
     <span class='ocr_line' id='line_1_63' title="bbox 2139 3306 3726 3381; baseline -0.004 -19"><span class='ocrx_word' id='word_1_443' title='bbox 2139 3309 2232 3363; x_wconf 91' lang='grc' dir='ltr'><strong>τοῦ</strong></span> <span class='ocrx_word' id='word_1_444' title='bbox 2276 3308 2514 3380; x_wconf 88' lang='grc' dir='ltr'>πονηροῦ</span> <span class='ocrx_word' id='word_1_445' title='bbox 2566 3308 2695 3381; x_wconf 75' lang='grc' dir='ltr'>περὶ</span> <span class='ocrx_word' id='word_1_446' title='bbox 2745 3309 2843 3379; x_wconf 79' lang='grc' dir='ltr'><strong>τὴν</strong></span> <span class='ocrx_word' id='word_1_447' title='bbox 2899 3307 3129 3379; x_wconf 86' lang='grc' dir='ltr'>καρδίαν</span> <span class='ocrx_word' id='word_1_448' title='bbox 3177 3306 3458 3376; x_wconf 74' lang='grc' dir='ltr'>φάσματα.</span> <span class='ocrx_word' id='word_1_449' title='bbox 3506 3306 3726 3379; x_wconf 83' lang='grc' dir='ltr'>Ὥσπερ</span> 
     </span>
    </p>
   </div>
   <div class='ocr_carea' id='block_1_64' title="bbox 455 3395 2036 3473">
    <p class='ocr_par' dir='ltr' id='par_1_64' title="bbox 455 3395 2032 3469">
     <span class='ocr_line' id='line_1_64' title="bbox 455 3395 2032 3469; baseline -0.002 -14"><span class='ocrx_word' id='word_1_450' title='bbox 455 3408 735 3456; x_wconf 88' lang='lat' dir='ltr'><strong>nestautes</strong></span> <span class='ocrx_word' id='word_1_451' title='bbox 760 3398 1006 3469; x_wconf 89' lang='lat' dir='ltr'><strong>querulis</strong></span> <span class='ocrx_word' id='word_1_452' title='bbox 1045 3397 1356 3468; x_wconf 80' lang='lat' dir='ltr'><strong>gemitibus.</strong></span> <span class='ocrx_word' id='word_1_453' title='bbox 1389 3395 1584 3466; x_wconf 84' lang='lat' dir='ltr'><strong>Vincat</strong></span> <span class='ocrx_word' id='word_1_454' title='bbox 1615 3412 1843 3468; x_wconf 90' lang='lat' dir='ltr'><strong>prorsus</strong></span> <span class='ocrx_word' id='word_1_455' title='bbox 1880 3397 2032 3459; x_wconf 86' lang='lat' dir='ltr'><strong>lides.</strong></span> 
     </span>
    </p>
   </div>
   <div class='ocr_carea' id='block_1_65' title="bbox 2141 3395 3730 3473">
    <p class='ocr_par' dir='ltr' id='par_1_65' title="bbox 2141 3397 3730 3473">
     <span class='ocr_line' id='line_1_65' title="bbox 2141 3397 3730 3473; baseline -0.001 -19"><span class='ocrx_word' id='word_1_456' title='bbox 2141 3401 2247 3473; x_wconf 79' lang='grc' dir='ltr'><strong>γὰρ</strong></span> <span class='ocrx_word' id='word_1_457' title='bbox 2288 3403 2416 3456; x_wconf 84' lang='grc' dir='ltr'>ὅταν</span> <span class='ocrx_word' id='word_1_458' title='bbox 2461 3403 2494 3473; x_wconf 77' lang='grc' dir='ltr'>ἡ</span> <span class='ocrx_word' id='word_1_459' title='bbox 2531 3401 2726 3472; x_wconf 85' lang='grc' dir='ltr'>σελήνη</span> <span class='ocrx_word' id='word_1_460' title='bbox 2761 3401 2851 3454; x_wconf 85' lang='grc' dir='ltr'><strong>τὸν</strong></span> <span class='ocrx_word' id='word_1_461' title='bbox 2889 3399 3117 3473; x_wconf 79' lang='grc' dir='ltr'>οὐρανὸν</span> <span class='ocrx_word' id='word_1_462' title='bbox 3163 3398 3355 3470; x_wconf 79' lang='grc' dir='ltr'>αἴγλης</span> <span class='ocrx_word' id='word_1_463' title='bbox 3395 3397 3730 3470; x_wconf 74' lang='grc' dir='ltr'>ἐκλάμψασα</span> 
     </span>
    </p>
   </div>
   <div class='ocr_carea' id='block_1_66' title="bbox 453 3490 2037 3564">
    <p class='ocr_par' dir='ltr' id='par_1_66' title="bbox 453 3490 2037 3564">
     <span class='ocr_line' id='line_1_66' title="bbox 453 3490 2037 3564; baseline -0.002 -15"><span class='ocrx_word' id='word_1_464' title='bbox 453 3493 684 3564; x_wconf 87' lang='lat' dir='ltr'><strong>ejusque</strong></span> <span class='ocrx_word' id='word_1_465' title='bbox 715 3493 917 3556; x_wconf 83' lang='lat' dir='ltr'><strong>lumen,</strong></span> <span class='ocrx_word' id='word_1_466' title='bbox 953 3506 1074 3562; x_wconf 58' lang='lat' dir='ltr'><strong>qua:</strong></span> <span class='ocrx_word' id='word_1_467' title='bbox 1101 3491 1245 3545; x_wconf 89' lang='lat' dir='ltr'><strong>circa</strong></span> <span class='ocrx_word' id='word_1_468' title='bbox 1277 3505 1374 3544; x_wconf 93' lang='lat' dir='ltr'><strong>cor</strong></span> <span class='ocrx_word' id='word_1_469' title='bbox 1397 3490 1650 3555; x_wconf 85' lang='lat' dir='ltr'><strong>volitant,</strong></span> <span class='ocrx_word' id='word_1_470' title='bbox 1683 3491 1812 3544; x_wconf 88' lang='lat' dir='ltr'><strong>mali</strong></span> <span class='ocrx_word' id='word_1_471' title='bbox 1863 3491 2037 3546; x_wconf 86' lang='lat' dir='ltr'><strong>hostis</strong></span> 
     </span>
    </p>
   </div>
   <div class='ocr_carea' id='block_1_67' title="bbox 454 3579 2036 3652">
    <p class='ocr_par' dir='ltr' id='par_1_67' title="bbox 454 3579 2036 3652">
     <span class='ocr_line' id='line_1_67' title="bbox 454 3579 2036 3652; baseline -0.001 -14"><span class='ocrx_word' id='word_1_472' title='bbox 454 3584 602 3639; x_wconf 75' lang='lat' dir='ltr'><strong>fmda</strong></span> <span class='ocrx_word' id='word_1_473' title='bbox 631 3584 925 3639; x_wconf 84' lang='lat' dir='ltr'><strong>simulacra</strong></span> <span class='ocrx_word' id='word_1_474' title='bbox 966 3581 1220 3652; x_wconf 88' lang='lat' dir='ltr'><strong>depellat.</strong></span> <span class='ocrx_word' id='word_1_475' title='bbox 1266 3579 1562 3648; x_wconf 86' lang='lat' dir='ltr'><strong>Nimirum,</strong></span> <span class='ocrx_word' id='word_1_476' title='bbox 1599 3590 1660 3636; x_wconf 93' lang='lat' dir='ltr'><strong>ut</strong></span> <span class='ocrx_word' id='word_1_477' title='bbox 1689 3583 1910 3652; x_wconf 88' lang='lat' dir='ltr'><strong>quando</strong></span> <span class='ocrx_word' id='word_1_478' title='bbox 1947 3598 2036 3637; x_wconf 92' lang='lat' dir='ltr'><strong>sc-</strong></span> 
     </span>
    </p>
   </div>
   <div class='ocr_carea' id='block_1_68' title="bbox 453 3673 2037 3748">
    <p class='ocr_par' dir='ltr' id='par_1_68' title="bbox 453 3673 2037 3748">
     <span class='ocr_line' id='line_1_68' title="bbox 453 3673 2037 3748; baseline -0.003 -14"><span class='ocrx_word' id='word_1_479' title='bbox 453 3695 641 3734; x_wconf 87' lang='lat' dir='ltr'><strong>reuam</strong></span> <span class='ocrx_word' id='word_1_480' title='bbox 660 3687 873 3733; x_wconf 91' lang='lat' dir='ltr'><strong>noctem</strong></span> <span class='ocrx_word' id='word_1_481' title='bbox 895 3680 1021 3731; x_wconf 86' lang='lat' dir='ltr'><strong>luna</strong></span> <span class='ocrx_word' id='word_1_482' title='bbox 1045 3679 1201 3748; x_wconf 88' lang='lat' dir='ltr'><strong>plena</strong></span> <span class='ocrx_word' id='word_1_483' title='bbox 1223 3678 1531 3741; x_wconf 88' lang='lat' dir='ltr'><strong>illustraus,</strong></span> <span class='ocrx_word' id='word_1_484' title='bbox 1546 3673 1736 3731; x_wconf 81' lang='lat' dir='ltr'><strong>aﬂusis</strong></span> <span class='ocrx_word' id='word_1_485' title='bbox 1749 3677 1818 3730; x_wconf 89' lang='lat' dir='ltr'><strong>ab</strong></span> <span class='ocrx_word' id='word_1_486' title='bbox 1836 3691 2037 3732; x_wconf 91' lang='lat' dir='ltr'><strong>occasu</strong></span> 
     </span>
    </p>
   </div>
   <div class='ocr_carea' id='block_1_69' title="bbox 443 3770 2037 3841">
    <p class='ocr_par' dir='ltr' id='par_1_69' title="bbox 443 3770 2037 3841">
     <span class='ocr_line' id='line_1_69' title="bbox 443 3770 2037 3841; baseline -0.003 -15"><span class='ocrx_word' id='word_1_487' title='bbox 443 3772 640 3827; x_wconf 89' lang='lat' dir='ltr'><strong>densis</strong></span> <span class='ocrx_word' id='word_1_488' title='bbox 667 3771 912 3841; x_wconf 89' lang='lat' dir='ltr'><strong>atrisque</strong></span> <span class='ocrx_word' id='word_1_489' title='bbox 965 3771 1204 3826; x_wconf 90' lang='lat' dir='ltr'><strong>nubibus</strong></span> <span class='ocrx_word' id='word_1_490' title='bbox 1237 3771 1301 3825; x_wconf 89' lang='lat' dir='ltr'><strong>ad</strong></span> <span class='ocrx_word' id='word_1_491' title='bbox 1336 3779 1554 3840; x_wconf 86' lang='lat' dir='ltr'><strong>tempus</strong></span> <span class='ocrx_word' id='word_1_492' title='bbox 1599 3770 1891 3834; x_wconf 89' lang='lat' dir='ltr'><strong>occulitur,</strong></span> <span class='ocrx_word' id='word_1_493' title='bbox 1936 3785 2037 3824; x_wconf 87' lang='lat' dir='ltr'><strong>nec</strong></span> 
     </span>
    </p>
   </div>
   <div class='ocr_carea' id='block_1_70' title="bbox 455 3859 2037 3932">
    <p class='ocr_par' dir='ltr' id='par_1_70' title="bbox 455 3859 2037 3932">
     <span class='ocr_line' id='line_1_70' title="bbox 455 3859 2037 3932; baseline -0.003 -16"><span class='ocrx_word' id='word_1_494' title='bbox 455 3873 639 3917; x_wconf 78' lang='lat' dir='ltr'><strong>tamen</strong></span> <span class='ocrx_word' id='word_1_495' title='bbox 671 3861 948 3928; x_wconf 73' lang='lat' dir='ltr'><strong>aufertur;</strong></span> <span class='ocrx_word' id='word_1_496' title='bbox 978 3861 1176 3932; x_wconf 90' lang='lat' dir='ltr'><strong>quippe</strong></span> <span class='ocrx_word' id='word_1_497' title='bbox 1195 3861 1377 3915; x_wconf 86' lang='lat' dir='ltr'><strong>statim</strong></span> <span class='ocrx_word' id='word_1_498' title='bbox 1407 3861 1458 3914; x_wconf 85' lang='lat' dir='ltr'><strong>vi</strong></span> <span class='ocrx_word' id='word_1_499' title='bbox 1489 3859 1637 3915; x_wconf 86' lang='lat' dir='ltr'><strong>venti</strong></span> <span class='ocrx_word' id='word_1_500' title='bbox 1679 3859 1899 3914; x_wconf 77' lang='lat' dir='ltr'><strong>diﬁlatis</strong></span> <span class='ocrx_word' id='word_1_501' title='bbox 1938 3875 2037 3912; x_wconf 91' lang='lat' dir='ltr'><strong>nu-</strong></span> 
     </span>
    </p>
   </div>
   <div class='ocr_carea' id='block_1_71' title="bbox 455 3951 2039 4018">
    <p class='ocr_par' dir='ltr' id='par_1_71' title="bbox 455 3951 2039 4018">
     <span class='ocr_line' id='line_1_71' title="bbox 455 3951 2039 4018; baseline -0.004 -8"><span class='ocrx_word' id='word_1_502' title='bbox 455 3955 638 4018; x_wconf 87' lang='lat' dir='ltr'><strong>bibus,</strong></span> <span class='ocrx_word' id='word_1_503' title='bbox 680 3955 828 4008; x_wconf 89' lang='lat' dir='ltr'><strong>clara</strong></span> <span class='ocrx_word' id='word_1_504' title='bbox 850 3955 1055 4007; x_wconf 90' lang='lat' dir='ltr'><strong>mundo</strong></span> <span class='ocrx_word' id='word_1_505' title='bbox 1089 3954 1207 4008; x_wconf 89' lang='lat' dir='ltr'><strong>luce</strong></span> <span class='ocrx_word' id='word_1_506' title='bbox 1239 3952 1526 4008; x_wconf 90' lang='lat' dir='ltr'><strong>redditur:</strong></span> <span class='ocrx_word' id='word_1_507' title='bbox 1583 3951 1665 4007; x_wconf 92' lang='lat' dir='ltr'><strong>sic</strong></span> <span class='ocrx_word' id='word_1_508' title='bbox 1703 3957 1758 4007; x_wconf 89' lang='lat' dir='ltr'><strong>et</strong></span> <span class='ocrx_word' id='word_1_509' title='bbox 1804 3966 1922 4015; x_wconf 90' lang='lat' dir='ltr'><strong>vos,</strong></span> <span class='ocrx_word' id='word_1_510' title='bbox 1954 3951 2039 4005; x_wconf 91' lang='lat' dir='ltr'><strong>lu-</strong></span> 
     </span>
    </p>
   </div>
   <div class='ocr_carea' id='block_1_72' title="bbox 455 4043 2039 4116">
    <p class='ocr_par' dir='ltr' id='par_1_72' title="bbox 455 4043 2039 4116">
     <span class='ocr_line' id='line_1_72' title="bbox 455 4043 2039 4116; baseline -0.003 -14"><span class='ocrx_word' id='word_1_511' title='bbox 455 4062 573 4102; x_wconf 85' lang='lat' dir='ltr'><strong>cem</strong></span> <span class='ocrx_word' id='word_1_512' title='bbox 593 4045 924 4116; x_wconf 76' lang='lat' dir='ltr'><strong>virginitatis</strong></span> <span class='ocrx_word' id='word_1_513' title='bbox 948 4045 1299 4102; x_wconf 90' lang='lat' dir='ltr'><strong>ostendentes</strong></span> <span class='ocrx_word' id='word_1_514' title='bbox 1327 4043 1551 4108; x_wconf 91' lang='lat' dir='ltr'><strong>mundo,</strong></span> <span class='ocrx_word' id='word_1_515' title='bbox 1575 4043 1679 4100; x_wconf 91' lang='lat' dir='ltr'><strong>etsi</strong></span> <span class='ocrx_word' id='word_1_516' title='bbox 1701 4045 1969 4115; x_wconf 83' lang='lat' dir='ltr'><strong>angustiis</strong></span> <span class='ocrx_word' id='word_1_517' title='bbox 1986 4051 2039 4098; x_wconf 93' lang='lat' dir='ltr'><strong>et</strong></span> 
     </span>
    </p>
   </div>
   <div class='ocr_carea' id='block_1_73' title="bbox 455 4137 2039 4209">
    <p class='ocr_par' dir='ltr' id='par_1_73' title="bbox 455 4137 2039 4209">
     <span class='ocr_line' id='line_1_73' title="bbox 455 4137 2039 4209; baseline -0.001 -16"><span class='ocrx_word' id='word_1_518' title='bbox 455 4139 738 4194; x_wconf 87' lang='lat' dir='ltr'><strong>laboribus</strong></span> <span class='ocrx_word' id='word_1_519' title='bbox 752 4138 1049 4202; x_wconf 80' lang='lat' dir='ltr'><strong>vexamini,</strong></span> <span class='ocrx_word' id='word_1_520' title='bbox 1082 4145 1170 4204; x_wconf 87' lang='lat' dir='ltr'><strong>ne,</strong></span> <span class='ocrx_word' id='word_1_521' title='bbox 1204 4153 1413 4209; x_wconf 68' lang='lat' dir='ltr'><strong>quaeso,</strong></span> <span class='ocrx_word' id='word_1_522' title='bbox 1439 4138 1704 4209; x_wconf 75' lang='lat' dir='ltr'><strong>virgines,</strong></span> <span class='ocrx_word' id='word_1_523' title='bbox 1725 4137 2039 4193; x_wconf 81' lang='lat' dir='ltr'><strong>latiscentes</strong></span> 
     </span>
    </p>
   </div>
   <div class='ocr_carea' id='block_1_74' title="bbox 456 4230 2040 4306">
    <p class='ocr_par' dir='ltr' id='par_1_74' title="bbox 456 4230 2040 4306">
     <span class='ocr_line' id='line_1_74' title="bbox 456 4230 2040 4306; baseline -0.004 -15"><span class='ocrx_word' id='word_1_524' title='bbox 456 4249 609 4306; x_wconf 86' lang='lat' dir='ltr'><strong>spem</strong></span> <span class='ocrx_word' id='word_1_525' title='bbox 630 4241 868 4288; x_wconf 89' lang='lat' dir='ltr'><strong>vestram</strong></span> <span class='ocrx_word' id='word_1_526' title='bbox 898 4231 1137 4301; x_wconf 86' lang='lat' dir='ltr'><strong>abjicite.</strong></span> <span class='ocrx_word' id='word_1_527' title='bbox 1162 4232 1351 4287; x_wconf 78' lang='lat' dir='ltr'><strong>Aderit</strong></span> <span class='ocrx_word' id='word_1_528' title='bbox 1376 4247 1502 4286; x_wconf 76' lang='lat' dir='ltr'><strong>mox</strong></span> <span class='ocrx_word' id='word_1_529' title='bbox 1526 4231 1788 4302; x_wconf 88' lang='lat' dir='ltr'><strong>Spiritus,</strong></span> <span class='ocrx_word' id='word_1_530' title='bbox 1823 4230 1917 4301; x_wconf 93' lang='lat' dir='ltr'><strong>qui</strong></span> <span class='ocrx_word' id='word_1_531' title='bbox 1945 4247 2040 4284; x_wconf 81' lang='lat' dir='ltr'><strong>ne-</strong></span> 
     </span>
    </p>
   </div>
   <div class='ocr_carea' id='block_1_75' title="bbox 457 4321 2040 4396">
    <p class='ocr_par' dir='ltr' id='par_1_75' title="bbox 457 4321 2040 4396">
     <span class='ocr_line' id='line_1_75' title="bbox 457 4321 2040 4396; baseline -0.003 -16"><span class='ocrx_word' id='word_1_532' title='bbox 457 4325 707 4396; x_wconf 85' lang='lat' dir='ltr'><strong>quissimi</strong></span> <span class='ocrx_word' id='word_1_533' title='bbox 737 4325 904 4379; x_wconf 89' lang='lat' dir='ltr'><strong>dilllct</strong></span> <span class='ocrx_word' id='word_1_534' title='bbox 941 4324 1151 4387; x_wconf 89' lang='lat' dir='ltr'><strong>nubila,</strong></span> <span class='ocrx_word' id='word_1_535' title='bbox 1185 4324 1231 4379; x_wconf 89' lang='lat' dir='ltr'><strong>si</strong></span> <span class='ocrx_word' id='word_1_536' title='bbox 1260 4339 1356 4379; x_wconf 88' lang='lat' dir='ltr'><strong>vos</strong></span> <span class='ocrx_word' id='word_1_537' title='bbox 1389 4323 1848 4394; x_wconf 89' lang='lat' dir='ltr'><strong>quemadmodum</strong></span> <span class='ocrx_word' id='word_1_538' title='bbox 1873 4321 2040 4376; x_wconf 83' lang='lat' dir='ltr'><strong>Mater</strong></span> 
     </span>
    </p>
   </div>
   <div class='ocr_carea' id='block_1_76' title="bbox 457 4413 2041 4486">
    <p class='ocr_par' dir='ltr' id='par_1_76' title="bbox 457 4413 2041 4486">
     <span class='ocr_line' id='line_1_76' title="bbox 457 4413 2041 4486; baseline 0 -19"><span class='ocrx_word' id='word_1_539' title='bbox 457 4425 667 4478; x_wconf 89' lang='lat' dir='ltr'><strong>vestra,</strong></span> <span class='ocrx_word' id='word_1_540' title='bbox 701 4432 822 4484; x_wconf 81' lang='lat' dir='ltr'><strong>quae</strong></span> <span class='ocrx_word' id='word_1_541' title='bbox 843 4417 897 4469; x_wconf 90' lang='lat' dir='ltr'><strong>in</strong></span> <span class='ocrx_word' id='word_1_542' title='bbox 928 4416 1068 4470; x_wconf 80' lang='lat' dir='ltr'><strong>coelo</strong></span> <span class='ocrx_word' id='word_1_543' title='bbox 1097 4418 1241 4486; x_wconf 89' lang='lat' dir='ltr'><strong>parit</strong></span> <span class='ocrx_word' id='word_1_544' title='bbox 1274 4416 1580 4470; x_wconf 87' lang='lat' dir='ltr'><strong>masculum</strong></span> <span class='ocrx_word' id='word_1_545' title='bbox 1622 4413 1922 4484; x_wconf 72' lang='lat' dir='ltr'><strong>Virginem,</strong></span> <span class='ocrx_word' id='word_1_546' title='bbox 1958 4415 2041 4468; x_wconf 91' lang='lat' dir='ltr'><strong>iu-</strong></span> 
     </span>
    </p>
   </div>
   <div class='ocr_carea' id='block_1_77' title="bbox 457 4504 2040 4576">
    <p class='ocr_par' dir='ltr' id='par_1_77' title="bbox 457 4504 2040 4576">
     <span class='ocr_line' id='line_1_77' title="bbox 457 4504 2040 4576; baseline 0.001 -18"><span class='ocrx_word' id='word_1_547' title='bbox 457 4504 598 4558; x_wconf 79' lang='lat' dir='ltr'><strong>fensi</strong></span> <span class='ocrx_word' id='word_1_548' title='bbox 629 4507 825 4576; x_wconf 86' lang='lat' dir='ltr'><strong>anguis</strong></span> <span class='ocrx_word' id='word_1_549' title='bbox 874 4506 1102 4560; x_wconf 87' lang='lat' dir='ltr'><strong>insidias</strong></span> <span class='ocrx_word' id='word_1_550' title='bbox 1137 4507 1359 4560; x_wconf 83' lang='lat' dir='ltr'><strong>minime</strong></span> <span class='ocrx_word' id='word_1_551' title='bbox 1403 4506 1663 4561; x_wconf 89' lang='lat' dir='ltr'><strong>timeatis.</strong></span> <span class='ocrx_word' id='word_1_552' title='bbox 1693 4505 1770 4561; x_wconf 90' lang='lat' dir='ltr'><strong>De</strong></span> <span class='ocrx_word' id='word_1_553' title='bbox 1803 4521 1910 4576; x_wconf 90' lang='lat' dir='ltr'><strong>qua</strong></span> <span class='ocrx_word' id='word_1_554' title='bbox 1939 4521 2040 4575; x_wconf 82' lang='lat' dir='ltr'><strong>ego</strong></span> 
     </span>
    </p>
   </div>
   <div class='ocr_carea' id='block_1_78' title="bbox 458 4595 2040 4668">
    <p class='ocr_par' dir='ltr' id='par_1_78' title="bbox 458 4595 2040 4668">
     <span class='ocr_line' id='line_1_78' title="bbox 458 4595 2040 4668; baseline -0.001 -18"><span class='ocrx_word' id='word_1_555' title='bbox 458 4595 688 4652; x_wconf 86' lang='lat' dir='ltr'><strong>muliere</strong></span> <span class='ocrx_word' id='word_1_556' title='bbox 739 4597 1054 4653; x_wconf 89' lang='lat' dir='ltr'><strong>distinctius</strong></span> <span class='ocrx_word' id='word_1_557' title='bbox 1088 4597 1241 4651; x_wconf 85' lang='lat' dir='ltr'><strong>vobis</strong></span> <span class='ocrx_word' id='word_1_558' title='bbox 1270 4595 1422 4666; x_wconf 92' lang='lat' dir='ltr'><strong>loqui</strong></span> <span class='ocrx_word' id='word_1_559' title='bbox 1457 4596 1740 4662; x_wconf 89' lang='lat' dir='ltr'><strong>constitui,</strong></span> <span class='ocrx_word' id='word_1_560' title='bbox 1786 4597 1947 4668; x_wconf 92' lang='lat' dir='ltr'><strong>idque</strong></span> <span class='ocrx_word' id='word_1_561' title='bbox 1981 4604 2040 4650; x_wconf 90' lang='lat' dir='ltr'><strong>ut</strong></span> 
     </span>
    </p>
   </div>
   <div class='ocr_carea' id='block_1_79' title="bbox 444 4687 1260 4758">
    <p class='ocr_par' dir='ltr' id='par_1_79' title="bbox 444 4687 1260 4758">
     <span class='ocr_line' id='line_1_79' title="bbox 444 4687 1260 4758; baseline 0.002 -18"><span class='ocrx_word' id='word_1_562' title='bbox 444 4703 615 4758; x_wconf 67' lang='lat' dir='ltr'><strong>agam</strong></span> <span class='ocrx_word' id='word_1_563' title='bbox 643 4687 804 4742; x_wconf 91' lang='lat' dir='ltr'><strong>modo</strong></span> <span class='ocrx_word' id='word_1_564' title='bbox 830 4699 1043 4758; x_wconf 90' lang='lat' dir='ltr'><strong>tempus</strong></span> <span class='ocrx_word' id='word_1_565' title='bbox 1072 4687 1260 4758; x_wconf 81' lang='lat' dir='ltr'><strong>exigit.</strong></span> 
     </span>
    </p>
   </div>
   <div class='ocr_carea' id='block_1_80' title="bbox 2141 3491 3730 3568">
    <p class='ocr_par' dir='ltr' id='par_1_80' title="bbox 2141 3491 3730 3568">
     <span class='ocr_line' id='line_1_80' title="bbox 2141 3491 3730 3568; baseline -0.001 -21"><span class='ocrx_word' id='word_1_566' title='bbox 2141 3494 2423 3568; x_wconf 81' lang='grc' dir='ltr'>πληρώσῃ,</span> <span class='ocrx_word' id='word_1_567' title='bbox 2459 3495 2552 3548; x_wconf 68' lang='grc' dir='ltr'><strong>καὶ</strong></span> <span class='ocrx_word' id='word_1_568' title='bbox 2591 3496 2698 3557; x_wconf 82' lang='grc' dir='ltr'>πᾶς</span> <span class='ocrx_word' id='word_1_569' title='bbox 2725 3495 2754 3546; x_wconf 78' lang='grc' dir='ltr'>ὁ</span> <span class='ocrx_word' id='word_1_570' title='bbox 2792 3493 2899 3565; x_wconf 77' lang='grc' dir='ltr'>ἀὴρ</span> <span class='ocrx_word' id='word_1_571' title='bbox 2943 3492 3152 3565; x_wconf 81' lang='grc' dir='ltr'>αἴθριος</span> <span class='ocrx_word' id='word_1_572' title='bbox 3194 3493 3420 3562; x_wconf 84' lang='grc' dir='ltr'>γενηθῇ,</span> <span class='ocrx_word' id='word_1_573' title='bbox 3467 3491 3620 3560; x_wconf 71' lang='grc' dir='ltr'>ἄφνω</span> <span class='ocrx_word' id='word_1_574' title='bbox 3662 3491 3730 3545; x_wconf 77' lang='grc' dir='ltr'>δὲ</span> 
     </span>
    </p>
   </div>
   <div class='ocr_carea' id='block_1_81' title="bbox 2138 3583 3725 3656">
    <p class='ocr_par' dir='ltr' id='par_1_81' title="bbox 2138 3583 3725 3656">
     <span class='ocr_line' id='line_1_81' title="bbox 2138 3583 3725 3656; baseline -0.001 -19"><span class='ocrx_word' id='word_1_575' title='bbox 2138 3585 2354 3654; x_wconf 76' lang='grc' dir='ltr'>νεφέλαι</span> <span class='ocrx_word' id='word_1_576' title='bbox 2393 3585 2556 3638; x_wconf 80' lang='grc' dir='ltr'>ποθὲν</span> <span class='ocrx_word' id='word_1_577' title='bbox 2599 3585 2664 3638; x_wconf 86' lang='grc' dir='ltr'><strong>ἐκ</strong></span> <span class='ocrx_word' id='word_1_578' title='bbox 2691 3585 2935 3655; x_wconf 87' lang='grc' dir='ltr'>δυσμῶν,</span> <span class='ocrx_word' id='word_1_579' title='bbox 2983 3583 3393 3656; x_wconf 88' lang='grc' dir='ltr'>ὑποδραμοῦσαι</span> <span class='ocrx_word' id='word_1_580' title='bbox 3431 3583 3725 3653; x_wconf 82' lang='grc' dir='ltr'>βάσκανοι,</span> 
     </span>
    </p>
   </div>
   <div class='ocr_carea' id='block_1_82' title="bbox 2138 3676 3727 3749">
    <p class='ocr_par' dir='ltr' id='par_1_82' title="bbox 2138 3676 3727 3749">
     <span class='ocr_line' id='line_1_82' title="bbox 2138 3676 3727 3749; baseline -0.001 -17"><span class='ocrx_word' id='word_1_581' title='bbox 2138 3678 2198 3732; x_wconf 84' lang='grc' dir='ltr'><strong>τὸ</strong></span> <span class='ocrx_word' id='word_1_582' title='bbox 2230 3678 2341 3747; x_wconf 77' lang='grc' dir='ltr'><strong>φῶς</strong></span> <span class='ocrx_word' id='word_1_583' title='bbox 2386 3679 2554 3748; x_wconf 75' lang='grc' dir='ltr'>αὐτῆς</span> <span class='ocrx_word' id='word_1_584' title='bbox 2597 3678 2732 3749; x_wconf 76' lang='grc' dir='ltr'>πρὸς</span> <span class='ocrx_word' id='word_1_585' title='bbox 2781 3677 2965 3747; x_wconf 81' lang='grc' dir='ltr'>ὀλίγον</span> <span class='ocrx_word' id='word_1_586' title='bbox 3010 3677 3452 3742; x_wconf 76' lang='grc' dir='ltr'>ἐπισκιάζουσιν,</span> <span class='ocrx_word' id='word_1_587' title='bbox 3496 3676 3555 3728; x_wconf 86' lang='grc' dir='ltr'><strong>οὑ</strong></span> <span class='ocrx_word' id='word_1_588' title='bbox 3609 3676 3727 3747; x_wconf 74' lang='grc' dir='ltr'><strong>μὴν</strong></span> 
     </span>
    </p>
   </div>
   <div class='ocr_carea' id='block_1_83' title="bbox 2138 3769 3729 3843">
    <p class='ocr_par' dir='ltr' id='par_1_83' title="bbox 2138 3769 3729 3843">
     <span class='ocr_line' id='line_1_83' title="bbox 2138 3769 3729 3843; baseline 0 -21"><span class='ocrx_word' id='word_1_589' title='bbox 2138 3769 2531 3840; x_wconf 75' lang='grc' dir='ltr'>ἀφαιροῦνται,</span> <span class='ocrx_word' id='word_1_590' title='bbox 2574 3769 2669 3824; x_wconf 84' lang='grc' dir='ltr'>ἆτε</span> <span class='ocrx_word' id='word_1_591' title='bbox 2706 3770 2909 3835; x_wconf 81' lang='grc' dir='ltr'>εὐθέως</span> <span class='ocrx_word' id='word_1_592' title='bbox 2949 3774 3013 3843; x_wconf 80' lang='grc' dir='ltr'>τῇ</span> <span class='ocrx_word' id='word_1_593' title='bbox 3065 3771 3211 3843; x_wconf 74' lang='grc' dir='ltr'>ῥύμῃ</span> <span class='ocrx_word' id='word_1_594' title='bbox 3260 3769 3355 3824; x_wconf 89' lang='grc' dir='ltr'><strong>τοῦ</strong></span> <span class='ocrx_word' id='word_1_595' title='bbox 3410 3769 3729 3841; x_wconf 82' lang='grc' dir='ltr'>πνεύματος</span> 
     </span>
    </p>
   </div>
   <div class='ocr_carea' id='block_1_84' title="bbox 2140 3861 3732 3936">
    <p class='ocr_par' dir='ltr' id='par_1_84' title="bbox 2140 3861 3732 3936">
     <span class='ocr_line' id='line_1_84' title="bbox 2140 3861 3732 3936; baseline 0.003 -22"><span class='ocrx_word' id='word_1_596' title='bbox 2140 3861 2540 3934; x_wconf 78' lang='grc' dir='ltr'>ἐξωθούμεναι,</span> <span class='ocrx_word' id='word_1_597' title='bbox 2566 3862 2709 3916; x_wconf 78' lang='grc' dir='ltr'>οὑτω</span> <span class='ocrx_word' id='word_1_598' title='bbox 2747 3862 2811 3935; x_wconf 82' lang='grc' dir='ltr'>δὴ</span> <span class='ocrx_word' id='word_1_599' title='bbox 2840 3865 2935 3918; x_wconf 75' lang='grc' dir='ltr'>καὶ</span> <span class='ocrx_word' id='word_1_600' title='bbox 2964 3865 3142 3935; x_wconf 84' lang='grc' dir='ltr'>ὑμεῖς,</span> <span class='ocrx_word' id='word_1_601' title='bbox 3175 3866 3232 3917; x_wconf 82' lang='grc' dir='ltr'><strong>ἐν</strong></span> <span class='ocrx_word' id='word_1_602' title='bbox 3257 3865 3335 3936; x_wconf 84' lang='grc' dir='ltr'>τῷ</span> <span class='ocrx_word' id='word_1_603' title='bbox 3363 3864 3554 3936; x_wconf 79' lang='grc' dir='ltr'>κόσμῳ</span> <span class='ocrx_word' id='word_1_604' title='bbox 3585 3865 3732 3936; x_wconf 66' lang='grc' dir='ltr'>λάμι-</span> 
     </span>
    </p>
   </div>
   <div class='ocr_carea' id='block_1_85' title="bbox 2140 3957 3727 4031">
    <p class='ocr_par' dir='ltr' id='par_1_85' title="bbox 2140 3957 3727 4031">
     <span class='ocr_line' id='line_1_85' title="bbox 2140 3957 3727 4031; baseline 0.003 -21"><span class='ocrx_word' id='word_1_605' title='bbox 2140 3974 2336 4011; x_wconf 87' lang='grc' dir='ltr'>πουσαι</span> <span class='ocrx_word' id='word_1_606' title='bbox 2374 3959 2472 4028; x_wconf 85' lang='grc' dir='ltr'><strong>τὴν</strong></span> <span class='ocrx_word' id='word_1_607' title='bbox 2523 3958 2766 4026; x_wconf 85' lang='grc' dir='ltr'>ἁγνείαν,</span> <span class='ocrx_word' id='word_1_608' title='bbox 2820 3958 2926 4012; x_wconf 86' lang='grc' dir='ltr'><strong>ὑπὸ</strong></span> <span class='ocrx_word' id='word_1_609' title='bbox 2979 3957 3208 4028; x_wconf 69' lang='grc' dir='ltr'>θλίψεων</span> <span class='ocrx_word' id='word_1_610' title='bbox 3257 3959 3568 4031; x_wconf 86' lang='grc' dir='ltr'>ὀχληθεῖσαι</span> <span class='ocrx_word' id='word_1_611' title='bbox 3621 3960 3727 4015; x_wconf 76' lang='grc' dir='ltr'>καὶ</span> 
     </span>
    </p>
   </div>
   <div class='ocr_carea' id='block_1_86' title="bbox 2139 4044 3723 4122">
    <p class='ocr_par' dir='ltr' id='par_1_86' title="bbox 2139 4044 3723 4122">
     <span class='ocr_line' id='line_1_86' title="bbox 2139 4044 3723 4122; baseline 0.003 -20"><span class='ocrx_word' id='word_1_612' title='bbox 2139 4050 2338 4111; x_wconf 74' lang='grc' dir='ltr'>πόνων,</span> <span class='ocrx_word' id='word_1_613' title='bbox 2370 4044 2414 4102; x_wconf 81' lang='grc' dir='ltr'>ὦ</span> <span class='ocrx_word' id='word_1_614' title='bbox 2447 4048 2726 4122; x_wconf 76' lang='grc' dir='ltr'>παρθένοι,</span> <span class='ocrx_word' id='word_1_615' title='bbox 2769 4049 2843 4122; x_wconf 83' lang='grc' dir='ltr'><strong>μὴ</strong></span> <span class='ocrx_word' id='word_1_616' title='bbox 2879 4050 3144 4104; x_wconf 83' lang='grc' dir='ltr'>ὀκλάσατε</span> <span class='ocrx_word' id='word_1_617' title='bbox 3181 4051 3316 4122; x_wconf 82' lang='grc' dir='ltr'>πρὸς</span> <span class='ocrx_word' id='word_1_618' title='bbox 3346 4051 3442 4114; x_wconf 80' lang='grc' dir='ltr'><strong>τάς</strong></span> <span class='ocrx_word' id='word_1_619' title='bbox 3472 4049 3723 4115; x_wconf 85' lang='grc' dir='ltr'>ἐλπίδας.</span> 
     </span>
    </p>
   </div>
   <div class='ocr_carea' id='block_1_87' title="bbox 2153 4141 3725 4216">
    <p class='ocr_par' dir='ltr' id='par_1_87' title="bbox 2153 4141 3725 4216">
     <span class='ocr_line' id='line_1_87' title="bbox 2153 4141 3725 4216; baseline 0.003 -22"><span class='ocrx_word' id='word_1_620' title='bbox 2153 4141 2506 4206; x_wconf 81' lang='grc' dir='ltr'>Ἐξωθοῦνται</span> <span class='ocrx_word' id='word_1_621' title='bbox 2545 4141 2654 4212; x_wconf 81' lang='grc' dir='ltr'>γὰρ</span> <span class='ocrx_word' id='word_1_622' title='bbox 2683 4141 2763 4212; x_wconf 82' lang='grc' dir='ltr'>τῷ</span> <span class='ocrx_word' id='word_1_623' title='bbox 2808 4142 3086 4213; x_wconf 85' lang='grc' dir='ltr'>Πνεύματι</span> <span class='ocrx_word' id='word_1_624' title='bbox 3131 4142 3200 4197; x_wconf 80' lang='grc' dir='ltr'><strong>τά</strong></span> <span class='ocrx_word' id='word_1_625' title='bbox 3243 4146 3306 4196; x_wconf 87' lang='grc' dir='ltr'><strong>ἐκ</strong></span> <span class='ocrx_word' id='word_1_626' title='bbox 3351 4141 3442 4196; x_wconf 90' lang='grc' dir='ltr'><strong>τοῦ</strong></span> <span class='ocrx_word' id='word_1_627' title='bbox 3474 4144 3725 4216; x_wconf 74' lang='grc' dir='ltr'>πονηροῦ</span> 
     </span>
    </p>
   </div>
   <div class='ocr_carea' id='block_1_88' title="bbox 2139 4233 3722 4308">
    <p class='ocr_par' dir='ltr' id='par_1_88' title="bbox 2139 4233 3722 4308">
     <span class='ocr_line' id='line_1_88' title="bbox 2139 4233 3722 4308; baseline -0.001 -21"><span class='ocrx_word' id='word_1_628' title='bbox 2139 4235 2295 4306; x_wconf 76' lang='grc' dir='ltr'>νέφη,</span> <span class='ocrx_word' id='word_1_629' title='bbox 2331 4234 2426 4287; x_wconf 70' lang='grc' dir='ltr'>ἐὰν</span> <span class='ocrx_word' id='word_1_630' title='bbox 2465 4233 2652 4308; x_wconf 86' lang='grc' dir='ltr'>ὥσπερ</span> <span class='ocrx_word' id='word_1_631' title='bbox 2694 4237 2726 4306; x_wconf 86' lang='grc' dir='ltr'>ὴ</span> <span class='ocrx_word' id='word_1_632' title='bbox 2764 4236 2962 4306; x_wconf 85' lang='grc' dir='ltr'>Μήτηρ</span> <span class='ocrx_word' id='word_1_633' title='bbox 2990 4234 3143 4304; x_wconf 88' lang='grc' dir='ltr'>ὑμῶν</span> <span class='ocrx_word' id='word_1_634' title='bbox 3177 4235 3273 4288; x_wconf 59' lang='grc' dir='ltr'><strong>καλ⁵</strong></span> <span class='ocrx_word' id='word_1_635' title='bbox 3307 4235 3496 4306; x_wconf 83' lang='grc' dir='ltr'>ὑμεῖς,</span> <span class='ocrx_word' id='word_1_636' title='bbox 3527 4235 3561 4305; x_wconf 80' lang='grc' dir='ltr'><strong>ἡ</strong></span> <span class='ocrx_word' id='word_1_637' title='bbox 3587 4252 3722 4303; x_wconf 89' lang='grc' dir='ltr'>γεν-</span> 
     </span>
    </p>
   </div>
   <div class='ocr_carea' id='block_1_89' title="bbox 2141 4326 3727 4400">
    <p class='ocr_par' dir='ltr' id='par_1_89' title="bbox 2141 4326 3727 4400">
     <span class='ocr_line' id='line_1_89' title="bbox 2141 4326 3727 4400; baseline 0.001 -20"><span class='ocrx_word' id='word_1_638' title='bbox 2141 4327 2287 4380; x_wconf 83' lang='grc' dir='ltr'>νῶσα</span> <span class='ocrx_word' id='word_1_639' title='bbox 2319 4327 2408 4380; x_wconf 85' lang='grc' dir='ltr'><strong>τὸν</strong></span> <span class='ocrx_word' id='word_1_640' title='bbox 2453 4327 2657 4399; x_wconf 87' lang='grc' dir='ltr'>άρσενα</span> <span class='ocrx_word' id='word_1_641' title='bbox 2699 4326 2974 4400; x_wconf 85' lang='grc' dir='ltr'>Παρθένον</span> <span class='ocrx_word' id='word_1_642' title='bbox 3018 4329 3075 4380; x_wconf 85' lang='grc' dir='ltr'><strong>ἐν</strong></span> <span class='ocrx_word' id='word_1_643' title='bbox 3111 4327 3189 4398; x_wconf 84' lang='grc' dir='ltr'><strong>τῷ</strong></span> <span class='ocrx_word' id='word_1_644' title='bbox 3219 4327 3452 4399; x_wconf 78' lang='grc' dir='ltr'>οὐρανῷ,</span> <span class='ocrx_word' id='word_1_645' title='bbox 3500 4328 3574 4399; x_wconf 81' lang='grc' dir='ltr'>μὴ</span> <span class='ocrx_word' id='word_1_646' title='bbox 3611 4327 3727 4381; x_wconf 86' lang='grc' dir='ltr'>δει-</span> 
     </span>
    </p>
   </div>
   <div class='ocr_carea' id='block_1_90' title="bbox 2140 4420 3725 4492">
    <p class='ocr_par' dir='ltr' id='par_1_90' title="bbox 2140 4420 3725 4492">
     <span class='ocr_line' id='line_1_90' title="bbox 2140 4420 3725 4492; baseline 0 -20"><span class='ocrx_word' id='word_1_647' title='bbox 2140 4421 2360 4491; x_wconf 81' lang='grc' dir='ltr'>λιάσητε</span> <span class='ocrx_word' id='word_1_648' title='bbox 2411 4420 2652 4492; x_wconf 81' lang='grc' dir='ltr'>λοχῶντά</span> <span class='ocrx_word' id='word_1_649' title='bbox 2706 4421 2801 4474; x_wconf 74' lang='grc' dir='ltr'>καὶ</span> <span class='ocrx_word' id='word_1_650' title='bbox 2849 4420 3206 4491; x_wconf 68' lang='grc' dir='ltr'>ἐφεδρεύοντα</span> <span class='ocrx_word' id='word_1_651' title='bbox 3248 4421 3339 4474; x_wconf 81' lang='grc' dir='ltr'><strong>τὸν</strong></span> <span class='ocrx_word' id='word_1_652' title='bbox 3387 4420 3544 4491; x_wconf 74' lang='grc' dir='ltr'>ὑφινο</span> <span class='ocrx_word' id='word_1_653' title='bbox 3588 4422 3725 4492; x_wconf 84' lang='grc' dir='ltr'>περὶ</span> 
     </span>
    </p>
   </div>
   <div class='ocr_carea' id='block_1_91' title="bbox 2139 4507 3719 4584">
    <p class='ocr_par' dir='ltr' id='par_1_91' title="bbox 2139 4507 3719 4584">
     <span class='ocr_line' id='line_1_91' title="bbox 2139 4507 3719 4584; baseline -0.001 -19"><span class='ocrx_word' id='word_1_654' title='bbox 2139 4507 2205 4584; x_wconf 79' lang='grc' dir='ltr'>ἧς</span> <span class='ocrx_word' id='word_1_655' title='bbox 2240 4512 2350 4581; x_wconf 83' lang='grc' dir='ltr'><strong>ἐγὼ</strong></span> <span class='ocrx_word' id='word_1_656' title='bbox 2389 4517 2527 4584; x_wconf 85' lang='grc' dir='ltr'>πρὸς</span> <span class='ocrx_word' id='word_1_657' title='bbox 2561 4515 2705 4584; x_wconf 81' lang='grc' dir='ltr'>ὑμᾶς</span> <span class='ocrx_word' id='word_1_658' title='bbox 2731 4512 2992 4584; x_wconf 82' lang='grc' dir='ltr'>ἀμηγέπη</span> <span class='ocrx_word' id='word_1_659' title='bbox 3015 4511 3420 4583; x_wconf 81' lang='grc' dir='ltr'>διεξελεύσομαι</span> <span class='ocrx_word' id='word_1_660' title='bbox 3447 4510 3682 4582; x_wconf 78' lang='grc' dir='ltr'>δηλοῦσα</span> <span class='ocrx_word' id='word_1_661' title='bbox 3700 4526 3719 4542; x_wconf 86' lang='grc'><strong>·</strong></span> 
     </span>
    </p>
   </div>
   <div class='ocr_carea' id='block_1_92' title="bbox 2140 4604 2724 4677">
    <p class='ocr_par' dir='ltr' id='par_1_92' title="bbox 2140 4604 2724 4677">
     <span class='ocr_line' id='line_1_92' title="bbox 2140 4604 2724 4677; baseline -0.002 -19"><span class='ocrx_word' id='word_1_662' title='bbox 2140 4605 2328 4677; x_wconf 83' lang='grc' dir='ltr'>καιρὸς</span> <span class='ocrx_word' id='word_1_663' title='bbox 2365 4604 2474 4676; x_wconf 86' lang='grc' dir='ltr'>γὰρ</span> <span class='ocrx_word' id='word_1_664' title='bbox 2510 4604 2578 4658; x_wconf 87' lang='grc' dir='ltr'><strong>τὰ</strong></span> <span class='ocrx_word' id='word_1_665' title='bbox 2610 4604 2724 4658; x_wconf 91' lang='grc' dir='ltr'>νῦν.</span> 
     </span>
    </p>
   </div>
   <div class='ocr_carea' id='block_1_93' title="bbox 531 4767 2036 4855">
    <p class='ocr_par' dir='ltr' id='par_1_93' title="bbox 531 4773 2035 4850">
     <span class='ocr_line' id='line_1_93' title="bbox 531 4773 2035 4850; baseline -0.001 -15"><span class='ocrx_word' id='word_1_666' title='bbox 531 4779 750 4850; x_wconf 84' lang='lat' dir='ltr'><strong>Signum</strong></span> <span class='ocrx_word' id='word_1_667' title='bbox 776 4797 1024 4850; x_wconf 89' lang='lat' dir='ltr'><strong>magnum</strong></span> <span class='ocrx_word' id='word_1_668' title='bbox 1077 4779 1324 4848; x_wconf 86' lang='lat' dir='ltr'><strong>apparuit</strong></span> <span class='ocrx_word' id='word_1_669' title='bbox 1375 4777 1429 4833; x_wconf 86' lang='lat' dir='ltr'><strong>in</strong></span> <span class='ocrx_word' id='word_1_670' title='bbox 1473 4779 1626 4843; x_wconf 68' lang='lat' dir='ltr'><strong>carlo,</strong></span> <span class='ocrx_word' id='word_1_671' title='bbox 1673 4777 1749 4831; x_wconf 89' lang='lat' dir='ltr'><strong>ait</strong></span> <span class='ocrx_word' id='word_1_672' title='bbox 1797 4773 2035 4832; x_wconf 77' lang='lat' dir='ltr'><strong>Joannes</strong></span> 
     </span>
    </p>
   </div>
   <div class='ocr_carea' id='block_1_94' title="bbox 2141 4767 3720 4855">
    <p class='ocr_par' dir='ltr' id='par_1_94' title="bbox 2209 4781 3720 4855">
     <span class='ocr_line' id='line_1_94' title="bbox 2209 4781 3720 4855; baseline -0.002 -17"><span class='ocrx_word' id='word_1_673' title='bbox 2209 4785 2315 4838; x_wconf 76' lang='grc' dir='ltr'><strong>Καὶ</strong></span> <span class='ocrx_word' id='word_1_674' title='bbox 2361 4784 2526 4854; x_wconf 69' lang='grc' dir='ltr'>ὤφθη</span> <span class='ocrx_word' id='word_1_675' title='bbox 2573 4785 2728 4855; x_wconf 81' lang='grc' dir='ltr'>μέγα</span> <span class='ocrx_word' id='word_1_676' title='bbox 2773 4802 3029 4854; x_wconf 80' lang='grc' dir='ltr'>σημειον</span> <span class='ocrx_word' id='word_1_677' title='bbox 3073 4785 3144 4838; x_wconf 84' lang='grc' dir='ltr'>ἐν</span> <span class='ocrx_word' id='word_1_678' title='bbox 3193 4783 3274 4850; x_wconf 83' lang='grc' dir='ltr'>τῷ</span> <span class='ocrx_word' id='word_1_679' title='bbox 3324 4781 3574 4853; x_wconf 79' lang='grc' dir='ltr'>οὐρανῷ,</span> <span class='ocrx_word' id='word_1_680' title='bbox 3612 4781 3720 4852; x_wconf 74' lang='grc' dir='ltr'><strong>τὴν</strong></span> 
     </span>
    </p>
   </div>
   <div class='ocr_carea' id='block_1_95' title="bbox 453 4869 2035 4944">
    <p class='ocr_par' dir='ltr' id='par_1_95' title="bbox 453 4869 2035 4944">
     <span class='ocr_line' id='line_1_95' title="bbox 453 4869 2035 4944; baseline -0.001 -18"><span class='ocrx_word' id='word_1_681' title='bbox 453 4873 822 4944; x_wconf 69' lang='lat' dir='ltr'><strong>Apocalypsin</strong></span> <span class='ocrx_word' id='word_1_682' title='bbox 850 4887 1115 4928; x_wconf 88' lang='lat' dir='ltr'><strong>enarrans</strong></span> <span class='ocrx_word' id='word_1_683' title='bbox 1142 4871 1209 4937; x_wconf 70' lang='lat'><strong>‘9,</strong></span> <span class='ocrx_word' id='word_1_684' title='bbox 1240 4872 1427 4926; x_wconf 88' lang='lat' dir='ltr'><strong>mulier</strong></span> <span class='ocrx_word' id='word_1_685' title='bbox 1458 4873 1652 4925; x_wconf 88' lang='lat' dir='ltr'><strong>amicta</strong></span> <span class='ocrx_word' id='word_1_686' title='bbox 1679 4869 1808 4935; x_wconf 83' lang='lat' dir='ltr'><strong>sole,</strong></span> <span class='ocrx_word' id='word_1_687' title='bbox 1831 4879 1879 4924; x_wconf 91' lang='lat' dir='ltr'><strong>et</strong></span> <span class='ocrx_word' id='word_1_688' title='bbox 1909 4870 2035 4924; x_wconf 86' lang='lat' dir='ltr'><strong>luna</strong></span> 
     </span>
    </p>
   </div>
   <div class='ocr_carea' id='block_1_96' title="bbox 460 4964 2035 5036">
    <p class='ocr_par' dir='ltr' id='par_1_96' title="bbox 460 4964 2035 5036">
     <span class='ocr_line' id='line_1_96' title="bbox 460 4964 2035 5036; baseline -0.003 -16"><span class='ocrx_word' id='word_1_689' title='bbox 460 4969 554 5020; x_wconf 79' lang='lat' dir='ltr'><strong>sub</strong></span> <span class='ocrx_word' id='word_1_690' title='bbox 575 4966 790 5036; x_wconf 87' lang='lat' dir='ltr'><strong>pedibus</strong></span> <span class='ocrx_word' id='word_1_691' title='bbox 827 4965 976 5034; x_wconf 79' lang='lat' dir='ltr'><strong>ejus;</strong></span> <span class='ocrx_word' id='word_1_692' title='bbox 1008 4975 1056 5018; x_wconf 91' lang='lat' dir='ltr'><strong>et</strong></span> <span class='ocrx_word' id='word_1_693' title='bbox 1084 4967 1138 5019; x_wconf 90' lang='lat' dir='ltr'><strong>in</strong></span> <span class='ocrx_word' id='word_1_694' title='bbox 1165 4969 1337 5036; x_wconf 85' lang='lat' dir='ltr'><strong>capite</strong></span> <span class='ocrx_word' id='word_1_695' title='bbox 1365 4967 1478 5035; x_wconf 87' lang='lat' dir='ltr'><strong>ejus</strong></span> <span class='ocrx_word' id='word_1_696' title='bbox 1529 4981 1725 5019; x_wconf 87' lang='lat' dir='ltr'><strong>corona</strong></span> <span class='ocrx_word' id='word_1_697' title='bbox 1759 4964 2035 5018; x_wconf 84' lang='lat' dir='ltr'><strong>stellarum</strong></span> 
     </span>
    </p>
   </div>
   <div class='ocr_carea' id='block_1_97' title="bbox 457 5058 2034 5125">
    <p class='ocr_par' dir='ltr' id='par_1_97' title="bbox 457 5058 2034 5125">
     <span class='ocr_line' id='line_1_97' title="bbox 457 5058 2034 5125; baseline 0 -13"><span class='ocrx_word' id='word_1_698' title='bbox 457 5060 768 5115; x_wconf 88' lang='lat' dir='ltr'><strong>duodecim:</strong></span> <span class='ocrx_word' id='word_1_699' title='bbox 818 5069 866 5113; x_wconf 90' lang='lat' dir='ltr'><strong>et</strong></span> <span class='ocrx_word' id='word_1_700' title='bbox 901 5061 954 5112; x_wconf 89' lang='lat' dir='ltr'><strong>in</strong></span> <span class='ocrx_word' id='word_1_701' title='bbox 987 5070 1134 5112; x_wconf 88' lang='lat' dir='ltr'><strong>utero</strong></span> <span class='ocrx_word' id='word_1_702' title='bbox 1165 5060 1359 5113; x_wconf 79' lang='lat' dir='ltr'><strong>habens</strong></span> <span class='ocrx_word' id='word_1_703' title='bbox 1411 5058 1678 5112; x_wconf 87' lang='lat' dir='ltr'><strong>clamabat</strong></span> <span class='ocrx_word' id='word_1_704' title='bbox 1712 5058 2034 5125; x_wconf 89' lang='lat' dir='ltr'><strong>parturiens,</strong></span> 
     </span>
    </p>
   </div>
   <div class='ocr_carea' id='block_1_98' title="bbox 456 5150 2035 5222">
    <p class='ocr_par' dir='ltr' id='par_1_98' title="bbox 456 5150 2035 5222">
     <span class='ocr_line' id='line_1_98' title="bbox 456 5150 2035 5222; baseline -0.001 -16"><span class='ocrx_word' id='word_1_705' title='bbox 456 5163 507 5206; x_wconf 85' lang='lat' dir='ltr'><strong>ct</strong></span> <span class='ocrx_word' id='word_1_706' title='bbox 530 5154 867 5208; x_wconf 87' lang='lat' dir='ltr'><strong>cruciabatur</strong></span> <span class='ocrx_word' id='word_1_707' title='bbox 895 5161 954 5205; x_wconf 89' lang='lat' dir='ltr'><strong>ut</strong></span> <span class='ocrx_word' id='word_1_708' title='bbox 973 5163 1202 5222; x_wconf 81' lang='lat' dir='ltr'><strong>pareret.</strong></span> <span class='ocrx_word' id='word_1_709' title='bbox 1233 5152 1298 5206; x_wconf 82' lang='lat' dir='ltr'><strong>Et</strong></span> <span class='ocrx_word' id='word_1_710' title='bbox 1324 5154 1492 5207; x_wconf 82' lang='lat' dir='ltr'><strong>visum</strong></span> <span class='ocrx_word' id='word_1_711' title='bbox 1516 5161 1594 5206; x_wconf 90' lang='lat' dir='ltr'><strong>est</strong></span> <span class='ocrx_word' id='word_1_712' title='bbox 1632 5150 1779 5204; x_wconf 86' lang='lat' dir='ltr'><strong>aliud</strong></span> <span class='ocrx_word' id='word_1_713' title='bbox 1827 5151 2035 5220; x_wconf 80' lang='lat' dir='ltr'><strong>signant</strong></span> 
     </span>
    </p>
   </div>
   <div class='ocr_carea' id='block_1_99' title="bbox 461 5242 2036 5315">
    <p class='ocr_par' dir='ltr' id='par_1_99' title="bbox 461 5242 2036 5315">
     <span class='ocr_line' id='line_1_99' title="bbox 461 5242 2036 5315; baseline -0.001 -17"><span class='ocrx_word' id='word_1_714' title='bbox 461 5245 515 5298; x_wconf 90' lang='lat' dir='ltr'><strong>in</strong></span> <span class='ocrx_word' id='word_1_715' title='bbox 547 5246 706 5300; x_wconf 73' lang='lat' dir='ltr'><strong>caelo:</strong></span> <span class='ocrx_word' id='word_1_716' title='bbox 743 5256 790 5300; x_wconf 88' lang='lat' dir='ltr'><strong>et</strong></span> <span class='ocrx_word' id='word_1_717' title='bbox 823 5262 938 5299; x_wconf 91' lang='lat' dir='ltr'><strong>ecce</strong></span> <span class='ocrx_word' id='word_1_718' title='bbox 961 5245 1128 5299; x_wconf 89' lang='lat' dir='ltr'><strong>draco</strong></span> <span class='ocrx_word' id='word_1_719' title='bbox 1159 5262 1382 5315; x_wconf 85' lang='lat' dir='ltr'><strong>magnus</strong></span> <span class='ocrx_word' id='word_1_720' title='bbox 1414 5245 1588 5313; x_wconf 79' lang='lat' dir='ltr'><strong>rufus,</strong></span> <span class='ocrx_word' id='word_1_721' title='bbox 1635 5242 1829 5297; x_wconf 82' lang='lat' dir='ltr'><strong>habens</strong></span> <span class='ocrx_word' id='word_1_722' title='bbox 1859 5244 2036 5312; x_wconf 88' lang='lat' dir='ltr'><strong>capita</strong></span> 
     </span>
    </p>
   </div>
   <div class='ocr_carea' id='block_1_100' title="bbox 458 5323 2026 5405">
    <p class='ocr_par' dir='ltr' id='par_1_100' title="bbox 458 5323 2026 5405">
     <span class='ocr_line' id='line_1_100' title="bbox 458 5323 2026 5405; baseline -0.002 -15"><span class='ocrx_word' id='word_1_723' title='bbox 458 5347 649 5404; x_wconf 77' lang='lat' dir='ltr'><strong>septem</strong></span> <span class='ocrx_word' id='word_1_724' title='bbox 677 5348 725 5391; x_wconf 89' lang='lat' dir='ltr'><strong>et</strong></span> <span class='ocrx_word' id='word_1_725' title='bbox 747 5355 944 5392; x_wconf 86' lang='lat' dir='ltr'><strong>cornua</strong></span> <span class='ocrx_word' id='word_1_726' title='bbox 969 5337 1163 5405; x_wconf 87' lang='lat' dir='ltr'><strong>decem,</strong></span> <span class='ocrx_word' id='word_1_727' title='bbox 1179 5347 1227 5391; x_wconf 88' lang='lat' dir='ltr'><strong>et</strong></span> <span class='ocrx_word' id='word_1_728' title='bbox 1251 5338 1307 5390; x_wconf 87' lang='lat' dir='ltr'><strong>in</strong></span> <span class='ocrx_word' id='word_1_729' title='bbox 1321 5323 1578 5405; x_wconf 80' lang='lat' dir='ltr'><strong>capitibus</strong></span> <span class='ocrx_word' id='word_1_730' title='bbox 1597 5334 1709 5404; x_wconf 87' lang='lat' dir='ltr'><strong>ejus</strong></span> <span class='ocrx_word' id='word_1_731' title='bbox 1722 5334 2026 5388; x_wconf 87' lang='lat' dir='ltr'><strong>diademata</strong></span> 
     </span>
    </p>
   </div>
   <div class='ocr_carea' id='block_1_101' title="bbox 532 5493 1681 5562">
    <p class='ocr_par' dir='ltr' id='par_1_101' title="bbox 532 5493 1681 5562">
     <span class='ocr_line' id='line_1_101' title="bbox 532 5493 1681 5562; baseline -0.003 -14"><span class='ocrx_word' id='word_1_732' title='bbox 532 5493 576 5525; x_wconf 73' lang='lat'>“</span> <span class='ocrx_word' id='word_1_733' title='bbox 609 5493 741 5550; x_wconf 90' lang='lat' dir='ltr'><strong>Bar.</strong></span> <span class='ocrx_word' id='word_1_734' title='bbox 772 5511 856 5561; x_wconf 84' lang='grc' dir='ltr'>ιιι,</span> <span class='ocrx_word' id='word_1_735' title='bbox 880 5495 1079 5558; x_wconf 65' lang='lat'><strong>14,15.</strong></span> <span class='ocrx_word' id='word_1_736' title='bbox 1153 5494 1200 5527; x_wconf 69' lang='grc'><strong>⁴⁹</strong></span> <span class='ocrx_word' id='word_1_737' title='bbox 1240 5495 1401 5562; x_wconf 82' lang='lat' dir='ltr'><strong>Apoc.</strong></span> <span class='ocrx_word' id='word_1_738' title='bbox 1443 5509 1544 5557; x_wconf 79' lang='lat' dir='ltr'><strong>xu,</strong></span> <span class='ocrx_word' id='word_1_739' title='bbox 1569 5493 1681 5546; x_wconf 78' lang='lat' dir='ltr'><strong>l-ti.</strong></span> 
     </span>
    </p>
   </div>
   <div class='ocr_carea' id='block_1_102' title="bbox 536 5603 2032 5678">
    <p class='ocr_par' dir='ltr' id='par_1_102' title="bbox 536 5603 2032 5678">
     <span class='ocr_line' id='line_1_102' title="bbox 536 5603 2032 5678; baseline -0.001 -20"><span class='ocrx_word' id='word_1_740' title='bbox 536 5605 646 5678; x_wconf 76' lang='lat' dir='ltr'><strong>(i3)</strong></span> <span class='ocrx_word' id='word_1_741' title='bbox 674 5609 965 5678; x_wconf 64' lang='lat' dir='ltr'><strong>Alter-iur.</strong></span> <span class='ocrx_word' id='word_1_742' title='bbox 996 5609 1085 5663; x_wconf 89' lang='lat' dir='ltr'><strong>Sic</strong></span> <span class='ocrx_word' id='word_1_743' title='bbox 1123 5623 1223 5662; x_wconf 92' lang='lat' dir='ltr'><strong>nos</strong></span> <span class='ocrx_word' id='word_1_744' title='bbox 1265 5622 1390 5662; x_wconf 92' lang='lat' dir='ltr'><strong>cum</strong></span> <span class='ocrx_word' id='word_1_745' title='bbox 1444 5606 1662 5669; x_wconf 80' lang='lat' dir='ltr'><strong>Allatio,</strong></span> <span class='ocrx_word' id='word_1_746' title='bbox 1694 5618 1791 5674; x_wconf 88' lang='lat' dir='ltr'><strong>pro</strong></span> <span class='ocrx_word' id='word_1_747' title='bbox 1823 5603 2032 5657; x_wconf 83' lang='grc' dir='ltr'>αίὼνων</span> 
     </span>
    </p>
   </div>
   <div class='ocr_carea' id='block_1_103' title="bbox 461 5677 1353 5749">
    <p class='ocr_par' dir='ltr' id='par_1_103' title="bbox 461 5677 1353 5749">
     <span class='ocr_line' id='line_1_103' title="bbox 461 5677 1353 5749; baseline 0.003 -19"><span class='ocrx_word' id='word_1_748' title='bbox 461 5681 605 5749; x_wconf 87' lang='lat' dir='ltr'><strong>quod</strong></span> <span class='ocrx_word' id='word_1_749' title='bbox 634 5679 723 5732; x_wconf 91' lang='lat' dir='ltr'><strong>alii</strong></span> <span class='ocrx_word' id='word_1_750' title='bbox 756 5679 906 5734; x_wconf 85' lang='lat' dir='ltr'><strong>daut.</strong></span> <span class='ocrx_word' id='word_1_751' title='bbox 929 5677 1085 5734; x_wconf 73' lang='lat' dir='ltr'><strong>Emr.</strong></span> <span class='ocrx_word' id='word_1_752' title='bbox 1118 5681 1353 5734; x_wconf 68' lang='lat' dir='ltr'><strong>Parum.</strong></span> 
     </span>
    </p>
   </div>
   <div class='ocr_carea' id='block_1_104' title="bbox 533 5741 2033 5818">
    <p class='ocr_par' dir='ltr' id='par_1_104' title="bbox 533 5741 2033 5818">
     <span class='ocr_line' id='line_1_104' title="bbox 533 5741 2033 5818; baseline -0.005 -16"><span class='ocrx_word' id='word_1_753' title='bbox 533 5750 642 5818; x_wconf 71' lang='grc' dir='ltr'><strong>(Μ)</strong></span> <span class='ocrx_word' id='word_1_754' title='bbox 675 5750 874 5802; x_wconf 74' lang='grc' dir='ltr'>Φωσίν</span> <span class='ocrx_word' id='word_1_755' title='bbox 920 5749 1175 5813; x_wconf 79' lang='grc' dir='ltr'>ἀδύτοις.</span> <span class='ocrx_word' id='word_1_756' title='bbox 1223 5749 1390 5818; x_wconf 79' lang='lat' dir='ltr'><strong>Paulo</strong></span> <span class='ocrx_word' id='word_1_757' title='bbox 1419 5744 1666 5818; x_wconf 74' lang='lat' dir='ltr'><strong>inferius,</strong></span> <span class='ocrx_word' id='word_1_758' title='bbox 1713 5744 1774 5796; x_wconf 81' lang='grc' dir='ltr'><strong>τὸ</strong></span> <span class='ocrx_word' id='word_1_759' title='bbox 1822 5741 1947 5818; x_wconf 79' lang='grc' dir='ltr'><strong>φῶς</strong></span> <span class='ocrx_word' id='word_1_760' title='bbox 1972 5744 2033 5795; x_wconf 87' lang='grc' dir='ltr'><strong>τὸ</strong></span> 
     </span>
    </p>
   </div>
   <div class='ocr_carea' id='block_1_105' title="bbox 461 5803 2030 5894">
    <p class='ocr_par' dir='ltr' id='par_1_105' title="bbox 461 5803 2030 5894">
     <span class='ocr_line' id='line_1_105' title="bbox 461 5803 2030 5894; baseline -0.008 -15"><span class='ocrx_word' id='word_1_761' title='bbox 461 5803 758 5894; x_wconf 69' lang='grc' dir='ltr'>άνέσιέερον</span> <span class='ocrx_word' id='word_1_762' title='bbox 784 5827 962 5889; x_wconf 84' lang='lat' dir='ltr'><strong>vocat,</strong></span> <span class='ocrx_word' id='word_1_763' title='bbox 1004 5803 1184 5874; x_wconf 74' lang='lat' dir='ltr'><strong>lumen</strong></span> <span class='ocrx_word' id='word_1_764' title='bbox 1235 5816 1381 5887; x_wconf 84' lang='lat' dir='ltr'><strong>quod</strong></span> <span class='ocrx_word' id='word_1_765' title='bbox 1411 5816 1578 5893; x_wconf 30' lang='lat' dir='ltr'><strong>&#39;uulla</strong></span> <span class='ocrx_word' id='word_1_766' title='bbox 1629 5803 1733 5869; x_wconf 73' lang='lat' dir='ltr'><strong>uox</strong></span> <span class='ocrx_word' id='word_1_767' title='bbox 1779 5803 2030 5886; x_wconf 61' lang='lat' dir='ltr'><strong>cicipiat,</strong></span> 
     </span>
    </p>
   </div>
   <div class='ocr_carea' id='block_1_106' title="bbox 2154 4874 3716 4947">
    <p class='ocr_par' dir='ltr' id='par_1_106' title="bbox 2154 4874 3716 4947">
     <span class='ocr_line' id='line_1_106' title="bbox 2154 4874 3716 4947; baseline -0.001 -20"><span class='ocrx_word' id='word_1_768' title='bbox 2154 4875 2518 4947; x_wconf 77' lang='grc' dir='ltr'>Ἀποκάλυψιν</span> <span class='ocrx_word' id='word_1_769' title='bbox 2557 4877 2586 4928; x_wconf 81' lang='grc' dir='ltr'><strong>ὁ</strong></span> <span class='ocrx_word' id='word_1_770' title='bbox 2640 4875 2891 4946; x_wconf 83' lang='grc' dir='ltr'>Ἰωάννης</span> <span class='ocrx_word' id='word_1_771' title='bbox 2940 4874 3300 4946; x_wconf 83' lang='grc' dir='ltr'>ἐξηγούμενος</span> <span class='ocrx_word' id='word_1_772' title='bbox 3338 4874 3514 4942; x_wconf 82' lang='grc' dir='ltr'>λέγει,</span> <span class='ocrx_word' id='word_1_773' title='bbox 3555 4874 3716 4943; x_wconf 74' lang='grc' dir='ltr'>γυνὴ</span> 
     </span>
    </p>
   </div>
   <div class='ocr_carea' id='block_1_107' title="bbox 2143 4965 3718 5038">
    <p class='ocr_par' dir='ltr' id='par_1_107' title="bbox 2143 4965 3718 5038">
     <span class='ocr_line' id='line_1_107' title="bbox 2143 4965 3718 5038; baseline -0.002 -18"><span class='ocrx_word' id='word_1_774' title='bbox 2143 4967 2610 5038; x_wconf 76' lang='grc' dir='ltr'>περιϐεϐλημένη</span> <span class='ocrx_word' id='word_1_775' title='bbox 2649 4968 2756 5022; x_wconf 82' lang='grc' dir='ltr'>τὸν</span> <span class='ocrx_word' id='word_1_776' title='bbox 2802 4967 3007 5034; x_wconf 75' lang='grc' dir='ltr'>ἣλιον-ο</span> <span class='ocrx_word' id='word_1_777' title='bbox 3056 4968 3153 5021; x_wconf 77' lang='grc' dir='ltr'>καὶ</span> <span class='ocrx_word' id='word_1_778' title='bbox 3197 4969 3232 5034; x_wconf 79' lang='grc' dir='ltr'>ἡ</span> <span class='ocrx_word' id='word_1_779' title='bbox 3281 4965 3518 5033; x_wconf 76' lang='grc' dir='ltr'>σελήνη</span> <span class='ocrx_word' id='word_1_780' title='bbox 3564 4968 3718 5018; x_wconf 75' lang='grc' dir='ltr'>ὑπο·-</span> 
     </span>
    </p>
   </div>
   <div class='ocr_carea' id='block_1_108' title="bbox 2142 5053 3721 5126">
    <p class='ocr_par' dir='ltr' id='par_1_108' title="bbox 2142 5053 3721 5126">
     <span class='ocr_line' id='line_1_108' title="bbox 2142 5053 3721 5126; baseline -0.004 -13"><span class='ocrx_word' id='word_1_781' title='bbox 2142 5058 2297 5112; x_wconf 75' lang='grc' dir='ltr'>κάτω</span> <span class='ocrx_word' id='word_1_782' title='bbox 2329 5057 2447 5111; x_wconf 82' lang='grc' dir='ltr'><strong>τῶν</strong></span> <span class='ocrx_word' id='word_1_783' title='bbox 2488 5057 2688 5114; x_wconf 80' lang='grc' dir='ltr'>ποδῶν</span> <span class='ocrx_word' id='word_1_784' title='bbox 2735 5057 2958 5126; x_wconf 76' lang='grc' dir='ltr'>αὑτῆςο</span> <span class='ocrx_word' id='word_1_785' title='bbox 3006 5058 3103 5112; x_wconf 80' lang='grc' dir='ltr'>καὶ</span> <span class='ocrx_word' id='word_1_786' title='bbox 3141 5056 3238 5110; x_wconf 76' lang='grc' dir='ltr'><strong>ἐπὶ</strong></span> <span class='ocrx_word' id='word_1_787' title='bbox 3287 5054 3398 5124; x_wconf 82' lang='grc' dir='ltr'>τῆς</span> <span class='ocrx_word' id='word_1_788' title='bbox 3448 5053 3721 5124; x_wconf 62' lang='grc' dir='ltr'>κεφαλῆς</span> 
     </span>
    </p>
   </div>
   <div class='ocr_carea' id='block_1_109' title="bbox 2141 5147 3717 5220">
    <p class='ocr_par' dir='ltr' id='par_1_109' title="bbox 2141 5147 3717 5220">
     <span class='ocr_line' id='line_1_109' title="bbox 2141 5147 3717 5220; baseline -0.003 -16"><span class='ocrx_word' id='word_1_789' title='bbox 2141 5148 2329 5218; x_wconf 79' lang='grc' dir='ltr'>αὐτῆς</span> <span class='ocrx_word' id='word_1_790' title='bbox 2357 5150 2656 5220; x_wconf 66' lang='grc' dir='ltr'>στέφανος</span> <span class='ocrx_word' id='word_1_791' title='bbox 2678 5150 2946 5219; x_wconf 79' lang='grc' dir='ltr'>ἀστέρων</span> <span class='ocrx_word' id='word_1_792' title='bbox 2987 5148 3241 5202; x_wconf 82' lang='grc' dir='ltr'>δώδεκα·</span> <span class='ocrx_word' id='word_1_793' title='bbox 3277 5148 3376 5201; x_wconf 79' lang='grc' dir='ltr'>καὶ</span> <span class='ocrx_word' id='word_1_794' title='bbox 3408 5147 3479 5200; x_wconf 87' lang='grc' dir='ltr'>ἐν</span> <span class='ocrx_word' id='word_1_795' title='bbox 3505 5147 3717 5217; x_wconf 66' lang='grc' dir='ltr'>γαστρὶ</span> 
     </span>
    </p>
   </div>
   <div class='ocr_carea' id='block_1_110' title="bbox 2142 5231 3722 5310">
    <p class='ocr_par' dir='ltr' id='par_1_110' title="bbox 2142 5231 3722 5310">
     <span class='ocr_line' id='line_1_110' title="bbox 2142 5231 3722 5310; baseline -0.002 -17"><span class='ocrx_word' id='word_1_796' title='bbox 2142 5241 2374 5310; x_wconf 79' lang='grc' dir='ltr'>ἔχουσα</span> <span class='ocrx_word' id='word_1_797' title='bbox 2427 5240 2619 5309; x_wconf 79' lang='grc' dir='ltr'>κράζει</span> <span class='ocrx_word' id='word_1_798' title='bbox 2657 5241 2959 5296; x_wconf 75' lang='grc' dir='ltr'>ὠδίνουσα</span> <span class='ocrx_word' id='word_1_799' title='bbox 3000 5239 3097 5294; x_wconf 72' lang='grc' dir='ltr'><strong>καί</strong></span> <span class='ocrx_word' id='word_1_800' title='bbox 3137 5231 3580 5308; x_wconf 78' lang='grc' dir='ltr'>βασανιζομένη</span> <span class='ocrx_word' id='word_1_801' title='bbox 3621 5253 3722 5291; x_wconf 85' lang='grc' dir='ltr'>τε-</span> 
     </span>
    </p>
   </div>
   <div class='ocr_carea' id='block_1_111' title="bbox 2143 5325 3716 5403">
    <p class='ocr_par' dir='ltr' id='par_1_111' title="bbox 2143 5325 3716 5403">
     <span class='ocr_line' id='line_1_111' title="bbox 2143 5325 3716 5403; baseline -0.003 -17"><span class='ocrx_word' id='word_1_802' title='bbox 2143 5333 2291 5387; x_wconf 78' lang='grc' dir='ltr'>κεῖν.</span> <span class='ocrx_word' id='word_1_803' title='bbox 2336 5332 2447 5388; x_wconf 75' lang='grc' dir='ltr'><strong>Καὶ</strong></span> <span class='ocrx_word' id='word_1_804' title='bbox 2493 5333 2658 5403; x_wconf 71' lang='grc' dir='ltr'>ὤφθη</span> <span class='ocrx_word' id='word_1_805' title='bbox 2708 5333 2863 5388; x_wconf 76' lang='grc' dir='ltr'>ἄλλο</span> <span class='ocrx_word' id='word_1_806' title='bbox 2912 5331 3161 5402; x_wconf 82' lang='grc' dir='ltr'>σημεῖον</span> <span class='ocrx_word' id='word_1_807' title='bbox 3205 5331 3273 5384; x_wconf 72' lang='grc' dir='ltr'>ἐν</span> <span class='ocrx_word' id='word_1_808' title='bbox 3322 5330 3406 5399; x_wconf 82' lang='grc' dir='ltr'>τῷ</span> <span class='ocrx_word' id='word_1_809' title='bbox 3449 5325 3716 5397; x_wconf 80' lang='grc' dir='ltr'>οὐρανῷ·</span> 
     </span>
    </p>
   </div>
   <div class='ocr_carea' id='block_1_112' title="bbox 2143 5595 3720 5670">
    <p class='ocr_par' dir='ltr' id='par_1_112' title="bbox 2143 5595 3720 5670">
     <span class='ocr_line' id='line_1_112' title="bbox 2143 5595 3720 5670; baseline 0.001 -16"><span class='ocrx_word' id='word_1_810' title='bbox 2143 5601 2325 5654; x_wconf 90' lang='lat' dir='ltr'><strong>nullus</strong></span> <span class='ocrx_word' id='word_1_811' title='bbox 2369 5615 2600 5655; x_wconf 88' lang='lat' dir='ltr'><strong>occasus</strong></span> <span class='ocrx_word' id='word_1_812' title='bbox 2643 5601 2988 5670; x_wconf 82' lang='lat' dir='ltr'><strong>exstinguat;</strong></span> <span class='ocrx_word' id='word_1_813' title='bbox 3021 5613 3121 5670; x_wconf 85' lang='lat' dir='ltr'><strong>nec</strong></span> <span class='ocrx_word' id='word_1_814' title='bbox 3152 5613 3212 5652; x_wconf 92' lang='lat' dir='ltr'><strong>re</strong></span> <span class='ocrx_word' id='word_1_815' title='bbox 3243 5595 3322 5652; x_wconf 89' lang='lat' dir='ltr'><strong>sic</strong></span> <span class='ocrx_word' id='word_1_816' title='bbox 3357 5597 3503 5652; x_wconf 84' lang='lat' dir='ltr'><strong>clara</strong></span> <span class='ocrx_word' id='word_1_817' title='bbox 3541 5599 3720 5668; x_wconf 75' lang='lat' dir='ltr'><strong>potuit</strong></span> 
     </span>
    </p>
   </div>
   <div class='ocr_carea' id='block_1_113' title="bbox 2142 5669 3719 5731">
    <p class='ocr_par' dir='ltr' id='par_1_113' title="bbox 2142 5669 3719 5731">
     <span class='ocr_line' id='line_1_113' title="bbox 2142 5669 3719 5731; baseline 0.001 -7"><span class='ocrx_word' id='word_1_818' title='bbox 2142 5673 2322 5727; x_wconf 81' lang='lat' dir='ltr'><strong>doceri</strong></span> <span class='ocrx_word' id='word_1_819' title='bbox 2355 5671 2656 5731; x_wconf 81' lang='lat' dir='ltr'><strong>Possinius.</strong></span> <span class='ocrx_word' id='word_1_820' title='bbox 2691 5681 2746 5724; x_wconf 89' lang='lat' dir='ltr'><strong>ut</strong></span> <span class='ocrx_word' id='word_1_821' title='bbox 2791 5669 3198 5725; x_wconf 85' lang='lat' dir='ltr'><strong>inaccessibilem</strong></span> <span class='ocrx_word' id='word_1_822' title='bbox 3230 5670 3392 5722; x_wconf 88' lang='lat' dir='ltr'><strong>lucem</strong></span> <span class='ocrx_word' id='word_1_823' title='bbox 3421 5683 3574 5722; x_wconf 87' lang='lat' dir='ltr'><strong>suam</strong></span> <span class='ocrx_word' id='word_1_824' title='bbox 3605 5683 3719 5726; x_wconf 84' lang='lat' dir='ltr'><strong>me-</strong></span> 
     </span>
    </p>
   </div>
   <div class='ocr_carea' id='block_1_114' title="bbox 2145 5733 3712 5814">
    <p class='ocr_par' dir='ltr' id='par_1_114' title="bbox 2145 5733 3712 5814">
     <span class='ocr_line' id='line_1_114' title="bbox 2145 5733 3712 5814; baseline -0.01 -17"><span class='ocrx_word' id='word_1_825' title='bbox 2145 5743 2264 5799; x_wconf 83' lang='lat' dir='ltr'><strong>liori</strong></span> <span class='ocrx_word' id='word_1_826' title='bbox 2305 5742 2410 5798; x_wconf 88' lang='lat' dir='ltr'><strong>alia</strong></span> <span class='ocrx_word' id='word_1_827' title='bbox 2438 5759 2568 5800; x_wconf 84' lang='lat' dir='ltr'><strong>voce</strong></span> <span class='ocrx_word' id='word_1_828' title='bbox 2609 5743 2795 5814; x_wconf 86' lang='lat' dir='ltr'><strong>reique</strong></span> <span class='ocrx_word' id='word_1_829' title='bbox 2823 5742 3090 5814; x_wconf 86' lang='lat' dir='ltr'><strong>apposita,</strong></span> <span class='ocrx_word' id='word_1_830' title='bbox 3121 5748 3372 5796; x_wconf 85' lang='lat' dir='ltr'><strong>mutaret.</strong></span> <span class='ocrx_word' id='word_1_831' title='bbox 3413 5733 3712 5807; x_wconf 52' lang='lat' dir='ltr'><strong>(Joannis.</strong></span> 
     </span>
    </p>
   </div>
  </div>
