3964 6206
250 251 357 313 H5

1348 264 1731 323 CONVIVIUM
1770 262 2005 322 DECEM
2045 258 2407 319 VIRGINUM.
2476 290 2487 305 ι

3318 282 3325 287 -
3411 260 3514 314 146

250 372 351 425 καὶ
398 369 530 424 ἰδοὺ
567 370 802 440 δράκων
846 374 1072 445 πυρρὸς
1113 377 1323 449 μέγας,
1368 380 1527 451 ἔχων
1568 383 1799 450 κεφαλά

1905 432 1906 438 η
1937 384 2159 444 septem;
2189 381 2238 427 et
2268 371 2440 426 cauda
2463 388 2563 427 sua
2589 373 2827 430 trahebat
2851 374 3058 429 tertiam
3088 381 3294 444 partem
3332 372 3515 427 stella'

251 461 408 516 ἑκτὰ
433 463 531 517 καὶ
560 462 779 532 κέρατα
807 465 976 532 δέκα,
1015 468 1116 523 καὶ
1150 470 1249 524 ἐπὶ
1281 472 1387 538 τὰς
1422 473 1691 543 κεφαλὰς
1720 475 1828 527 αὐ-

250 553 361 608 τοῦ
386 554 538 609 ἑπτὰ
564 554 925 627 διαδήματα·
973 561 1074 616 καὶ
1104 563 1144 631 ἠ
1175 564 1323 629 οὐρὰ
1348 565 1533 619 αὑτοῦ
1564 565 1734 634 σύρει
1762 563 1829 619 τὸ

246 646 451 712 τρίτον
494 647 682 716 μέρος
735 648 859 703 τῶν
914 652 1186 722 ἀστέρων
1228 655 1336 710 τοῦ
1389 654 1651 723 οὐρανοῦ
1671 691 1688 715 ,
1728 656 1828 710 καί

239 730 465 788 ἔϐαλεν
494 736 721 803 αὐτοὺς
743 740 832 804 εὶς
863 737 977 807 τὴν
1001 739 1151 810 γῆν·
1182 741 1281 794 καὶ
1312 743 1347 795 ό
1380 741 1616 810 δράκων
1649 742 1828 811 ἐστη-

239 840 353 880 κεν
396 825 658 881 ἐνώπιον
697 826 810 897 τῆς
835 831 1122 900 οτι-ναικὸς
1145 830 1253 901 τῆς
1276 836 1634 904 μελλούσης
1665 836 1828 889 ἐκτε-

236 919 393 983 κεῖν,
421 920 524 973 ἵνα
555 919 705 974 ὅταν
732 921 900 1001 τέκῃ,
932 924 999 977 τὸ
1033 924 1248 980 τέκνον
1273 927 1464 995 αὐτῆς
1492 928 1823 999 καταφάγῃ.

237 1009 352 1063 Καὶ
393 1008 606 1063 ἔτεκεν
652 1010 791 1065 υἱὸν
833 1011 1088 1080 ἄρσενα,
1130 1014 1198 1081 ὃς
1233 1017 1443 1086 μέλλει
1490 1022 1827 1090 ποιμαίνειν

238 1096 441 1152 πάντα
484 1098 560 1153 τὰ
605 1100 752 1169 ἔθνη
792 1102 865 1155 ἐν
905 1101 1107 1171 ῥάϐδῳ
1157 1106 1374 1177 σιδηρᾷ
1392 1126 1405 1139 ο
1450 1110 1548 1164 καὶ
1586 1111 1823 1182 ἡρπάγη

238 1189 305 1243 τὸ
346 1188 577 1243 τέκνον
623 1191 817 1260 αὐτῆς
864 1194 1011 1263 πρὸς
1040 1197 1146 1251 τόν
1191 1199 1360 1264 Θεὸν,
1390 1202 1487 1255 καὶ
1529 1204 1680 1274 πρὸς
1716 1202 1826 1258 τὸν

228 1285 455 1349 θρόνον
488 1283 716 1337 αὐτοῦ’
757 1285 855 1340 καί
891 1289 930 1355 ἡ
966 1290 1122 1358 γυνὴ
1157 1291 1381 1362 ἔφυγεν
1417 1296 1506 1360 εις
1536 1294 1651 1362 τὴν
1687 1296 1823 1363 ἐρη-

224 1389 360 1439 μον,
385 1373 550 1427 ὅπου
574 1376 701 1443 ἕχει
734 1376 865 1431 ἐκεῖ
882 1379 1070 1433 τόπον
1087 1382 1531 1453 ἡτοιμασμένον
1557 1384 1673 1438 ὑπὸ
1714 1385 1821 1440 τοῦ

226 1465 401 1531 Θεοῦ,
427 1466 535 1520 ἵνα
555 1466 693 1521 ἐκεῖ
711 1468 1006 1539 τρέφωσιν
1023 1473 1134 1545 (15)
1158 1475 1354 1545 αὐτὴν
1380 1478 1603 1547 ἡμέρας
1623 1480 1821 1549 χιλίας

221 1554 549 1623 διακοσίας
583 1557 905 1627 ἐξήκοντα.
936 1562 1018 1617 Τὰ
1062 1565 1162 1636 μὲν
1208 1563 1302 1621 οὖν
1337 1570 1463 1640 περὶ
1493 1570 1595 1641 τῆς
1633 1588 1820 1639 γυναι-

222 1650 319 1714 κὸς
355 1652 725 1724 ἱστορούμενα
761 1657 857 1710 καὶ
886 1655 981 1710 τοῦ
1009 1658 1320 1731 δράκοντος,
1355 1663 1434 1728 ὡς
1472 1665 1531 1718 ἐν
1560 1665 1816 1737 ἐπιτομῇ,

1934 482 2051 520 rum
2074 465 2211 528 caeli,
2240 474 2290 519 et
2321 464 2466 518 misit
2482 480 2571 521 eas
2608 466 2659 518 in
2696 475 2931 520 terram:
2961 476 3011 520 et
3037 464 3202 521 draco
3222 466 3365 520 stetit
3391 474 3514 520 ante

1933 555 2198 611 mulierem
2226 572 2341 627 quis
2368 565 2485 610 erat
2515 557 2761 626 paritura
2790 598 2805 622 ,
2843 567 2900 611 ut
2925 574 3042 612 cum
3071 558 3388 628 peperisset,
3443 560 3514 628 ﬂ-

1929 648 2059 703 lium
2076 648 2191 711 eius
2214 650 2507 703 devoraret.
2548 647 2617 702 Et
2638 651 2836 719 peperit
2860 650 3033 719 ﬁlium
3062 650 3383 715 masculum,
3420 651 3511 721 qui

1930 754 2167 799 rectqu
2207 753 2321 798 erat
2352 759 2530 797 omnes
2568 752 2742 813 gentes
2788 743 2846 797 in
2892 744 3036 814 virga
3088 743 3260 813 ferrea
3291 760 3310 797 :
3341 753 3389 797 et
3419 760 3510 798 ra-

1928 846 2048 905 ptus
2076 844 2155 889 est
2181 834 2327 904 ﬁlius
2356 834 2471 904 ejus
2502 833 2571 888 ad
2602 833 2767 888 Deum
2796 843 2846 888 et
2885 836 2953 888 ad
2988 835 3233 890 thronum
3264 836 3411 906 eius:
3452 847 3503 892 et

1928 929 2118 983 mulier
2144 928 2276 999 fugit
2302 929 2355 982 in
2383 927 2746 989 solitudinem,
2779 927 2867 980 ubi
2896 926 3119 982 habebat
3154 928 3326 982 locum
3352 944 3507 998 para-

1927 1035 2040 1076 tum
2070 1038 2102 1075 a
2125 1021 2253 1085 Deo,
2283 1027 2342 1073 ut
2371 1020 2445 1073 ibi
2472 1028 2699 1089 pascant
2725 1035 2842 1074 eam
2872 1019 3052 1074 diebus
3077 1019 3223 1074 mille
3269 1020 3506 1077 ducentis

1926 1113 2223 1185 sexaginta.
2264 1111 2390 1169 Haec
2442 1112 2518 1168 ibi
2572 1112 2888 1167 summatim
2938 1111 3005 1166 de
3036 1112 3264 1167 muliere
3294 1120 3348 1166 et
3378 1113 3507 1168 dra-

1924 1220 2080 1262 cone.
2137 1203 2343 1260 Horum
2371 1220 2502 1260 vero
2538 1204 2868 1260 solutionem
2921 1203 3166 1257 nancisci
3212 1204 3505 1275 verbisque

1923 1314 2214 1369 exponere,
2244 1299 2424 1369 majus
2469 1298 2603 1370 quid
2634 1306 2720 1354 est
2753 1312 2918 1368 quam
2949 1311 3048 1368 pro
3087 1305 3277 1352 nostra
3332 1298 3506 1353 facul--

1922 1397 2053 1446 tate.
2107 1391 2431 1446 Audendum
2489 1402 2707 1454 tamen,
2753 1390 2821 1444 de
2870 1389 2978 1444 illo.
3010 1388 3161 1444 {reue
3209 1390 3303 1460 qui
3338 1389 3506 1459 jussit

1921 1483 2157 1538 scrutari
2194 1483 2513 1555 Scripturas
2559 1484 2626 1537 ⁸ο.
2671 1482 2846 1553 Cujus
2895 1484 3182 1538 sentcntiae
3214 1482 3261 1537 si
3309 1491 3363 1538 et
3405 1500 3504 1541 vos

1919 1574 2075 1640 estis,
2105 1575 2244 1630 nihil
2264 1577 2494 1632 verebor
2534 1577 2601 1632 ad
2637 1590 2755 1632 rem
2796 1577 3038 1648 aggredi.
3081 1575 3318 1633 Omnino
3356 1578 3505 1633 enim

1920 1667 2245 1739 ignoscetis,
2273 1670 2321 1726 si
2368 1670 2698 1742 exquisitam
2728 1670 2849 1741 ejus
2888 1670 2992 1725 loci
3045 1670 3488 1743 intelligentiam,

221 1738 373 1805 άλος
393 1742 547 1813 ἔχει’
594 1744 726 1816 περὶ
752 1744 811 1797 δὲ
840 1744 936 1798 τοῦ
964 1746 1068 1819 τὴν
1095 1748 1342 1805 ἐπίλυσιν
1371 1752 1553 1823 αὐτῶν
1594 1754 1798 1828 ἀνεύρα

1919 1775 2019 1831 pro
2057 1748 2262 1832 in‘genii
2290 1761 2557 1817 tenuitate
2579 1776 2689 1815 non
2717 1760 2852 1816 satis
2874 1761 3094 1831 assequi
3121 1761 3353 1817 valeam.

226 1833 350 1888 σθαι
388 1836 729 1929 καὶ-εἰπεῖν,
766 1840 1009 1915 μεῖζονῆ
1054 1842 1178 1898 καθ’
1239 1846 1423 1918 ἡμᾶς·
1466 1849 1618 1921 ὅμως
1677 1852 2001 1926 τολμητέον,
2061 1854 2431 1910 πιστεύσασαν
2471 1854 2550 1928 τῷ
2595 1854 2908 1909 κελεύσαντι
2940 1856 3039 1920 τὰς
3078 1857 3299 1928 Γραφὰς
3346 1859 3501 1929 ἐρευ-

365 1930 432 1983 El
454 1926 556 2024 οὖν
591 1933 687 2024 καὶ
732 1933 885 2024 σφῷν
913 1935 981 1990 τὰ
1025 1938 1292 2012 λεγόμενα
1329 1944 1594 2012 συνδοκεῖ,
1636 1947 1868 2019 χαλεπὸν
1922 1951 2075 2005 οὐδὲν
2119 1951 2221 2024 ἥδη
2277 1926 2608 2006 στείλασθαι.
2661 1951 2889 2015 Πάντως
2935 1952 3047 2024 γὰρ
3100 1926 3498 2024 συγγνώσεσθε,

221 2021 359 2092 πρὸς
418 2021 526 2094 τὴν
576 2023 866 2095 ἀκρίϐειαν
915 2027 1016 2101 τῆς
1063 2030 1289 2106 Γραφῆς
1335 2034 1432 2091 ἐὰν
1471 2036 1547 2110 μὴ
1587 2038 1799 2112 δυνηθῶ
1822 2041 2125 2114 διαρκέσαι.

773 2142 902 2203 Car.
932 2146 997 2204 Υ.
1032 2147 1230 2204 Mulier
1250 2153 1465 2222 pariens
1485 2156 1679 2227 infesto
1705 2154 1953 2225 dracone,
1993 2158 2232 2215 Ecclesia
2262 2179 2276 2215 :
2307 2160 2423 2229 ejus
2450 2160 2625 2221 cultus
2661 2168 2712 2216 et
2742 2163 2936 2231 gratia.

301 2254 370 2309 Ἦ
405 2254 642 2326 ὀφθεῖσα
686 2261 1124 2339 περιϐεϐλημένη
1150 2267 1242 2322 τὸν
1270 2266 1422 2340 ἥλιον
1456 2273 1514 2326 ἐν
1542 2271 1620 2345 τῷ
1651 2274 1815 2348 οὐρα-

221 2346 499 2440 νιξιγνονσὶ]ἒ
522 2351 625 2404 καὶ
664 2354 926 2423 στέφανον
956 2358 1019 2412 ὲκ
1042 2358 1150 2413 τῶν
1181 2361 1424 2436 ἀστέρων
1454 2346 1810 2440 περικειμένη

217 2437 450 2504 δώδεκα,
467 2436 539 2514 ἧς
569 2444 672 2516 τὴν
702 2444 862 2518 ἕδραν
888 2443 1034 2521 εἶχεν
1062 2452 1095 2524 ή
1127 2453 1326 2529 σελήνη
1354 2456 1492 2528 πρὸς
1522 2436 1634 2524 τοῖς
1659 2436 1808 2525 ποσὶ,

224 2532 318 2625 καὶ
362 2532 643 2590 ὠδίνουσα
689 2539 786 2593 καὶ
838 2540 1236 2619 βασανιζομένη
1280 2553 1479 2619 τεκεῖν,
1528 2551 1667 2625 αὕτη
1716 2570 1812 2621 κυ-

218 2623 353 2716 ρίως
403 2628 548 2694 ἐστὶ,
597 2630 741 2684 κατά
772 2631 865 2686 τὸν
906 2634 1108 2709 ἀκριϐῆ
1137 2637 1314 2708 λόγον,
1343 2643 1376 2712 ἡ
1410 2643 1595 2716 μήτηρ
1625 2623 1805 2716 ἡμῶν,

218 2707 271 2812 ὦ.
287 2718 579 2812 παρθένοι,
606 2720 836 2795 δύναμίς
860 2743 946 2790 τις
975 2707 1108 2782 οὖσα
1130 2707 1254 2785 καθ’
1280 2707 1485 2808 ἑαυτήν⁷
1696 2707 1817 2794 τῶν

215 2809 460 2901 τέκνων·
485 2811 559 2883 ῆν
591 2814 681 2868 ὁτὲ
721 2816 822 2887 μὲν
864 2818 1218 2895 Ἰερουσαλὴμ
1248 2826 1298 2879 οί
1331 2809 1627 2901 προφῆται,
1662 2831 1804 2886 κατά

214 2899 318 2972 τὴν
354 2901 581 2973 σύνοψιν
609 2903 721 2958 τῶν
760 2899 1607 2991 ἐπιφερομένων,ότὲδὲνύμιρην,
1630 2922 1719 2977 ὁτὲ
1745 2922 1813 2981 δὲ.

213 2991 359 3085 Σιὼν
384 2994 533 3066 ὅρος,
567 2997 659 3050 ὁτὲ
686 2996 743 3052 δὲ
770 2999 897 3053 ναὸν
927 3002 1019 3055 καὶ
1046 3009 1251 3078 σκηνὴν
1281 3008 1416 3063 Θεοῦ
1445 3011 1796 3085 κεκλήκασιν.

1917 2274 1961 2346 ξ
1992 2275 2124 2342 Qua:
2150 2275 2402 2345 apparuit
2434 2274 2488 2329 in
2513 2275 2654 2340 cgelo
2682 2275 2880 2329 amicta
2906 2274 3021 2330 sole
3051 2275 3282 2338 mulier,
3326 2285 3379 2330 et
3402 2291 3492 2330 co-

1918 2380 2109 2420 ronam
2155 2365 2364 2421 habens
2413 2366 2697 2423 stellarum
2730 2367 3017 2422 duodecim
3040 2407 3054 2431 ,
3089 2366 3176 2420 cui
3213 2367 3277 2421 ad
3329 2368 3492 2437 pedes

1919 2457 2047 2511 luna
2079 2457 2348 2522 subsidet,
2373 2472 2495 2528 quae
2534 2459 2770 2528 parturit
2795 2468 2849 2514 et
2872 2458 3153 2513 cruciatur
3190 2465 3251 2513 ut
3282 2458 3490 2528 pariat,

1915 2550 2033 2621 ipsa
2065 2550 2282 2621 proprie
2303 2558 2411 2616 est,
2445 2558 2638 2607 exacta
2678 2552 2791 2608 veri
2832 2551 3046 2607 ratione
3086 2566 3152 2605 ac
3186 2551 3493 2623 intelligen-

1914 2643 2012 2709 tia,
2046 2657 2079 2698 ο
2108 2643 2368 2714 virgines,
2413 2651 2589 2701 mater
2621 2652 2809 2701 nostra
2830 2685 2844 2708 ,
2888 2659 3084 2715 nempe
3110 2643 3288 2700 virtus
3343 2660 3493 2714 quat-

1912 2734 2039 2790 dam
2063 2736 2118 2791 in
2143 2752 2203 2792 se
2232 2736 2351 2808 ipsa
2384 2752 2451 2792 ac
2478 2752 2607 2793 vere
2635 2738 2910 2793 exsistens
2942 2750 2973 2791 a
3014 2735 3140 2791 ﬁliis
3179 2736 3442 2793 distincta
3473 2759 3489 2793 :

1909 2842 2073 2900 quam
2106 2830 2399 2900 prophetae,
2420 2844 2520 2900 pro
2542 2837 2839 2901 conspectu
2864 2844 2929 2884 ac
2958 2835 3278 2902 argumento
3298 2845 3489 2885 eorum

1910 2935 2031 2989 quae
2057 2920 2327 2987 feruntur,
2355 2920 2685 2993 quandoque
2700 2921 2919 2992 quidem
2939 2918 3276 2976 Hierusalem
3301 2914 3489 2992 app'el-

1908 3012 2044 3079 lant,
2066 3011 2345 3069 interdum
2374 3026 2504 3067 vero
2529 3010 2820 3083 Sponsam,
2844 3010 3139 3081 aliquando
3169 3010 3300 3065 Sion
3330 3026 3487 3066 mon-

221 3083 301 3178 ’ῌ
324 3085 432 3158 γὰρ
451 3091 872 3178 παρωρμημένη
896 3091 1225 3161 φωτίζεσθαι
1245 3098 1473 3171 δύναμις
1492 3102 1550 3156 ἐν
1571 3083 1649 3175 τῷ
1675 3122 1799 3178 προ-

1905 3113 2009 3158 tem
2030 3146 2046 3171 ,
2086 3118 2482 3176 nonnunquam
2525 3104 2787 3174 templum
2820 3111 2875 3158 et
2906 3103 3324 3158 tabernaculum
3363 3102 3479 3159 Dei.

211 3175 386 3247 φήτῃ,
428 3177 720 3243 Φωτίζου,
760 3184 1094 3254 κεκραγότος
1135 3188 1271 3261 αὐτῇ
1314 3190 1406 3265 τοῦ
1455 3175 1799 3265 Πνεύματος,

219 3268 650 3342 Ἰερουσαλήμ·
690 3273 821 3342 ἣκει
859 3274 970 3344 γάρ
1004 3294 1121 3333 σου
1158 3279 1224 3333 τὸ
1260 3264 1408 3350 φῶς,
1442 3286 1538 3339 καὶ
1651 3287 1803 3353 δόξα

209 3363 439 3431 Κυρίου
464 3364 569 3417 ἐπὶ
607 3365 684 3420 σὲ
717 3368 1148 3426 ἀνατέταλκεν.
1194 3374 1350 3429 Ἰδοὺ
1389 3380 1651 3449 καλύψει
1688 3382 1798 3453 (16)

209 3455 442 3522 σκότος
475 3457 579 3513 καὶ
614 3460 840 3529 γνόφος
876 3461 1025 3531 γῆν
1061 3466 1320 3535 καλύψει
1350 3469 1444 3522 ἐπ’
1483 3471 1628 3541 ἔθνη
1648 3490 1662 3504 ·
1690 3474 1798 3529 ἐπὶ

210 3544 287 3597 δὲ
324 3546 393 3598 σὲ
427 3548 767 3616 φανήσεται
794 3554 1028 3622 Κύριος,
1062 3556 1161 3609 καὶ
1188 3559 1227 3627 ἡ
1262 3558 1414 3625 δόξα
1448 3565 1670 3632 Κυρίου
1698 3566 1798 3621 ἐπὶ

208 3634 300 3687 σὲ
326 3638 670 3707 ὀφθήσεται.
699 3643 811 3697 Kal
831 3647 1229 3713 πορεύσονται
1249 3650 1531 3720 βασιλεῖς
1554 3654 1633 3721 τῷ
1652 3658 1799 3726 πυρί

210 3745 359 3792 σου,
397 3732 489 3784 καὶ
532 3731 680 3801 ἔθνη
712 3732 790 3805 τῇ
830 3739 1204 3808 λαμπρότητι
1244 3756 1385 3798 σου.
1430 3744 1795 3817 Ἀνάϐλεψον

208 3823 417 3890 κύκλῳ
454 3824 582 3892 τοῖς
630 3826 960 3898 ὀφθαλμοῖς
1001 3847 1138 3898 σου,
1181 3834 1282 3888 καὶ
1319 3835 1410 3891 ἴδε
1445 3840 1801 3911 συνηγμένα

210 3915 276 3968 τὰ
296 3914 487 3970 τέκνα
519 3930 659 3973 σου.
691 3919 915 3976 Ἦκασι
941 3922 1164 3993 πάντες
1192 3930 1246 3982 ol
1282 3930 1404 3983 υἱοί
1429 3946 1546 3986 σου
1574 3936 1794 4004 μακρό-

208 4010 328 4072 θεν,
368 4007 469 4062 καὶ
509 4011 571 4063 al
616 4012 937 4082 θυγατέρες
980 4029 1098 4070 σου
1137 4017 1231 4071 ἐπ’
1271 4018 1446 4090 ὤμων
1490 4024 1788 4093 ἀρθήσον-

210 4113 327 4152 ται·
357 4098 510 4154 ἔστιν
544 4103 577 4173 ή
622 4102 937 4177 Ἐκκλησία,
968 4100 1038 4178 ἧς
1070 4106 1139 4161 τὰ
1170 4108 1336 4165 τέκνα
1368 4115 1629 4169 πασσυδεὶ
1668 4118 1789 4190 ἥξει

211 4191 343 4260 μετὰ
388 4192 493 4265 την
538 4193 860 4263 ἀνάστασιν,
903 4196 1170 4253 πάντοθεν
1215 4202 1353 4272 πρὸς
1404 4206 1576 4278 αὐτὴν
1621 4227 1788 4265 κατα-

208 4281 421 4351 θέοντα,
458 4288 600 4359 αὑτῇ
626 4304 638 4316 °
686 4288 948 4364 δεχομένη
994 4308 1054 4346 τε
1104 4294 1168 4349 τὸ
1216 4295 1334 4368 φῶς
1373 4299 1434 4352 τὸ
1464 4300 1783 4376 ἀνέσπερον,

207 4377 300 4445 τὴν
323 4378 693 4451 λαμπρότητα
731 4382 921 4456 στολῆς
953 4385 1191 4457 σχήματι
1225 4389 1661 4467 περιϐεϐλημένη
1687 4394 1782 4449 τοῦ

1904 3195 2038 3250 Nam
2078 3212 2201 3266 quae
2238 3197 2415 3252 virtus
2455 3195 2639 3252 studet
2678 3197 2939 3267 cupitque
2978 3195 3279 3251 illuminari
3335 3196 3481 3266 apud

1902 3287 2247 3358 prophetam,
2279 3290 2553 3344 clamante
2581 3288 2649 3343 ad
2674 3303 2793 3343 cam
2828 3286 3036 3360 Spiritu
3056 3288 3124 3352 “,
3142 3287 3478 3354 Illuminare,

1899 3378 2227 3443 illuminare,
2270 3378 2628 3445 Hierusalem,
2659 3380 2784 3450 quia
2815 3380 2949 3433 venit
2991 3379 3166 3434 lumen
3202 3389 3385 3443 tuum,
3429 3390 3481 3435 et

1897 3471 2069 3541 gloria
2098 3470 2312 3525 Domini
2336 3476 2490 3540 super
2511 3479 2559 3525 te
2585 3480 2703 3524 orta
2724 3480 2822 3527 est.
2851 3470 2985 3526 Ecce
3007 3472 3229 3526 tenebrae
3246 3475 3479 3541 operient

1898 3571 2094 3618 terram
2120 3601 2135 3627 ,
2165 3571 2216 3617 et
2247 3562 2419 3633 caligo
2455 3562 2674 3632 populos
2702 3577 2721 3615 :
2766 3579 2925 3631 super
2971 3572 3018 3617 te
3058 3573 3233 3617 autem
3281 3566 3478 3618 orietur

1898 3653 2155 3709 Dominus
2180 3695 2195 3719 ,
2229 3659 2280 3710 et
2308 3653 2479 3725 gloria
2506 3655 2618 3724 ejus
2662 3655 2717 3708 in
2751 3664 2799 3709 te
2824 3654 3101 3710 videbitur.
3136 3651 3206 3708 Et
3234 3655 3479 3710 ambula-

1896 3746 2024 3801 bunt
2049 3764 2192 3817 reges
2222 3747 2275 3801 in
2307 3747 2503 3802 lumine
2539 3759 2651 3814 tuo,
2682 3758 2732 3804 et
2750 3757 2926 3820 gentes
2952 3748 3008 3801 in
3031 3748 3304 3816 splendore
3326 3759 3474 3806 ortus

1892 3839 1992 3892 tui.
2042 3837 2181 3894 Lena
2211 3840 2267 3894 in
2316 3840 2543 3894 circuitu
2583 3841 2763 3896 oculos
2793 3850 2944 3907 tuos,
2987 3849 3038 3895 et
3073 3841 3189 3895 uide
3229 3858 3247 3895 :
3294 3860 3474 3900 omnes

1891 3928 1983 3982 isti
2012 3933 2315 4001 congregati
2342 3941 2502 3997 sunt;
2535 3942 2780 3987 uenerunt
2806 3931 2921 3987 tibi.
2960 3929 3097 3985 Filii
3128 3932 3208 3986 tui
3227 3932 3290 3988 de
3322 3934 3476 4004 longe

1890 4022 2094 4075 venient
2113 4062 2130 4087 ,
2160 4032 2209 4077 et
2225 4024 2354 4094 ﬁlia:
2379 4034 2483 4079 tua:
2513 4040 2669 4093 super
2693 4025 2938 4079 humeros
2969 4024 3355 4091 sustollentur;
3386 4032 3472 4082 est

1891 4110 2159 4179 Ecclesia,
2195 4115 2355 4185 cujus
2390 4115 2483 4170 lilii
2526 4132 2724 4187 magno
2758 4115 3002 4187 undique
3040 4131 3315 4173 concursu
3347 4125 3471 4188 post

1891 4208 2351 4264 resurrectionem
2388 4208 2691 4275 venientes,
2718 4209 2773 4264 in
2802 4209 2924 4285 ejus
2949 4209 3226 4266 continent
3259 4211 3465 4266 sinum.

1889 4297 2016 4354 Hac
2041 4299 2323 4365 nimirum,
2355 4310 2638 4371 suscepto,
2672 4302 2820 4373 quod
2862 4302 3075 4357 nullum
3117 4303 3270 4358 novit
3305 4316 3468 4357 occa-

1891 4407 2035 4458 sum,
2077 4393 2303 4458 lumine,
2346 4394 2494 4450 velut
2530 4395 2695 4460 stola,
2740 4393 2907 4452 Verbi
2947 4397 3237 4467 splendore
3276 4397 3466 4451 induta

210 4466 372 4561 Wo
407 4470 623 4561 ἥδεται.
655 4473 802 4561 Ποίφ
830 4475 939 4549 γὰρ
967 4477 1113 4551 ἄλλῳ
1143 4482 1561 4558 τιμλφεπέρῳ
1592 4487 1781 4560 κόσμῳ

1908 4492 2120 4540 ιειιιιιπ.
2176 4484 2297 4551 Quo
2352 4487 2498 4542 enim
2558 4486 2666 4542 alio
2705 4489 3021 4558 pretiosiori
3074 4489 3467 4561 speciosiorive

206 4552 589 4630 ῆτιμιωτέρῳ
633 4560 730 4633 τὴν
776 4561 1093 4632 βασίλισσαν
1147 4552 1354 4640 ἔπρεπε
1407 4552 1776 4644 κοσμηθεῖσαν

208 4648 705 4721 νυμςραγωγηθῆναι
735 4650 814 4723 τῷ
836 4654 1047 4727 Κυρίῳ,
1076 4657 1191 4728 φῶς
1219 4660 1295 4724 ὡς
1331 4660 1547 4732 ἱμάτιον
1580 4662 1776 4719 λαϐοῦ-

208 4749 338 4828 σαςη
374 4737 454 4791 δώ
494 4742 589 4794 καὶ
640 4742 812 4816 αὐτὴν
846 4745 952 4800 ὑπὸ
995 4748 1089 4802 τοῦ
1132 4751 1347 4824 Πατρὸς
1378 4754 1771 4828 ἀνακληθῆναι.

211 4825 323 4921 ἰθε
350 4828 477 4900 γὰρ,
523 4833 794 4889 ἀναϐᾶσαι
831 4836 911 4909 τῷ
954 4837 1133 4912 λόγῳ,
1169 4841 1434 4898 θεάσασθε
1466 4825 1655 4921 ὥσπερ
1676 4847 1776 4913 τὰς

208 4916 348 4988 πρά
391 4924 557 4993 γάμον
590 4926 929 4999 παρθένους,
962 4935 1196 4999 γυναῖκα
1228 4935 1471 5007 μεγάλην
1490 4976 1505 5001 ,
1535 4916 1745 5011 καθαρὺ

209 5011 307 5064 καὶ
345 5012 596 5085 ἄχραντον
636 5021 760 5075 ὅλον
806 5023 901 5077 καὶ
946 5025 1172 5096 μόνιμον
1218 5028 1413 5093 κάλλος
1429 5070 1443 5093 ,
1494 5034 1586 5084 καὶ
1618 5032 1770 5086 οὐδὲν

204 5101 581 5180 ἐλαττούμενον
604 5114 705 5186 τῆς
730 5114 1114 5188 λαμπρότητος
1141 5120 1249 5172 τῶν
1279 5120 1493 5191 φώτων,
1521 5124 1769 5178 ἀποστίλ-

203 5196 425 5255 ϐουσαν·
468 5206 561 5258 καὶ
588 5208 713 5262 ἀντὶ
752 5209 856 5281 μὲν
904 5212 1118 5283 στολῆς,
1149 5215 1279 5269 αὐτὸ
1310 5216 1424 5286 φῶς
1457 5220 1768 5291 ἠμφιεσμέ-

203 5304 329 5360 νηνθ
353 5291 473 5348 ἀντὶ
492 5295 550 5350 δὲ
581 5297 746 5354 λίθων
773 5302 994 5374 τιμίων,
1025 5306 1256 5378 ἀστράσι
1291 5310 1535 5383 φαιδροῖς
1558 5313 1658 5385 τὴν
1683 5330 1769 5369 κε-

265 5446 314 5482 ⁸⁶
347 5448 508 5509 Joan.
542 5472 596 5525 ν,
623 5456 715 5513 '59.
792 5460 837 5492 ⁸¹
879 5459 993 5517 Isa.
1026 5477 1116 5527 ιι,
1152 5464 1261 5521 ιιι.

1879 4585 2075 4632 ornatu
2106 4585 2379 4649 comptam
2418 4580 2649 4636 decebat
2671 4596 2928 4651 sponsam
2965 4582 3199 4638 Domino
3225 4582 3460 4646 adduci,

1879 4669 2064 4725 lumen
2094 4671 2237 4726 sicut
2260 4672 2650 4729 vestimentum
2692 4683 2911 4729 nactam
2937 4714 2952 4742 ,
2989 4676 3150 4746 cujus
3180 4675 3457 4747 etkcultus

1878 4763 2053 4834 gratia
2076 4762 2144 4817 ad
2175 4761 2295 4817 Filii
2328 4765 2550 4836 nuptias
2580 4780 2610 4820 a
2642 4764 2807 4822 Patre
2828 4768 3150 4823 vocaretur?
3170 4766 3266 4822 Eia
3290 4769 3456 4839 agite,

1877 4860 2089 4911 ratione
2128 4856 2328 4912 comite
2357 4858 2742 4923 ascendentes,
2777 4858 2923 4915 haud
2962 4875 3123 4916 secus
3153 4876 3216 4914 ac
3264 4861 3457 4931 nuptui

1875 4947 2168 5005 tradendas
2205 4948 2446 5020 virgines
2484 4956 2650 5021 atque
2702 4950 2973 5007 thalamos
3029 4959 3411 5022 expectantes
3436 4992 3452 5017 ,

1878 5044 2157 5099 mulierem
2198 5059 2455 5115 magnam
2488 5045 2824 5115 conspicite,
2877 5061 3071 5116 puram
3118 5045 3361 5115 undique
3397 5053 3456 5101 et

1877 5134 2140 5190 illibatam
2182 5137 2577 5208 stabilemque,
2620 5153 2723 5194 nec
2760 5140 3060 5210 quidquam
3101 5138 3240 5194 lucis
3283 5138 3453 5193 radiis

1876 5224 2142 5296 imparem
2180 5228 2485 5284 vibrantem
2526 5230 2988 5300 pulchritudinem
3025 5248 3038 5283 :
3075 5236 3130 5284 et
3171 5245 3270 5300 pro
3310 5232 3451 5286 stola

1875 5315 2130 5386 quidem,
2172 5318 2291 5389 ipsa
2331 5319 2455 5377 luce
2491 5320 2782 5388 vestitam;
2820 5333 2921 5390 pro
2958 5318 3232 5390 lapidibus
3267 5330 3452 5378 autem

407 5612 728 5696 Τρξξωσιν.
756 5613 849 5696 Sic
879 5616 1040 5696 ambo
1071 5621 1426 5696 manuscripti
1459 5632 1511 5696 et
1533 5625 1751 5696 optimm
1862 5626 2063 5682 Luem.

201 5690 417 5759 iuratque
447 5684 1116 5759 editionesAAApocalypsis
1156 5704 1256 5750 xu.
1290 5684 1370 5756 6;’
1392 5694 1536 5749 unde
1573 5684 1751 5752 curri-

202 5748 379 5815 gendz
428 5754 687 5811 videntur
716 5748 826 5812 illa;
859 5748 985 5828 qua?
1005 5748 1208 5828 'legunt
1248 5748 1749 5831 ἕκτρέφυισινξίεο.

1933 5699 2041 5775 (16)
2096 5701 2235 5775 Ἰδοὺ
2276 5709 2410 5759 καλ.
2443 5702 2583 5760 Sixt.
2615 5716 2667 5762 et
2697 5708 2871 5770 Alex"
2912 5709 3042 5766 Ἰδοὺ
3069 5709 3257 5775 σκότος
3287 5712 3452 5770 καλά.

1858 5768 1947 5843 ψει
1972 5771 2072 5842 γῆν
2113 5774 2207 5827 καὶ
2252 5776 2449 5845 γνόφος
2501 5778 2586 5833 ἐπ’
2623 5778 2770 5853 ἔθνη.
2801 5768 2967 5837 Gsu.
