3964 6226
460 286 568 344 m
1474 288 1533 346 s.
1574 270 1900 346 nemon"
1937 285 2248 347 EPISCOPI
2285 275 2373 340 Er
2415 283 2774 344 MARTYRIS
3598 280 3712 338 us

458 403 741 477 pretiosis,
773 403 1189 476 splendentibus
1219 404 1391 461 stellis
1421 405 1632 460 circum
1661 413 1825 476 caput
1866 420 2016 459 orna-

2136 403 2309 475 φαλὴν
2361 401 2799 475 κεκοσμημένην.
2861 403 2929 454 Ὃ
2978 400 3087 471 γὰρ
3134 399 3264 470 ἡμῖν
3312 396 3496 469 ἐσθὴς,
3545 396 3709 452 τοῦτο

461 508 596 551 tam.
658 496 815 564 Quod
844 497 991 552 enim
1032 497 1191 553 nobis
1256 497 1459 563 vestis,
1501 497 1606 552 hoc
1665 498 1746 552 illi
1796 498 1920 566 lux;
1979 509 2016 553 e1

2136 497 2320 568 ἐκείνῃ
2361 496 2509 564 φῶς·
2550 496 2580 548 ὂ
2623 496 2680 548 δὲ
2718 497 2848 566 ἡμῖν
2892 493 3091 566 χρυσὸς
3139 494 3172 563 ἢ
3226 492 3499 573 διαφανεῖς
3543 490 3708 557 λίθοι,

457 590 605 659 quod
631 588 791 645 nobis
821 604 1017 643 aurum
1042 597 1135 644 aut
1165 587 1423 659 pellucidi
1454 588 1647 658 lapilli,
1679 589 1783 644 hoc
1802 590 1881 643 illi
1910 590 2016 644 stel'

2135 586 2293 640 τοῦτο
2322 587 2502 657 ἐκείνῃ
2542 585 2611 639 τὰ
2649 587 2853 657 ἄστρα·
2888 585 3064 656 ἄστρα
3096 585 3174 647 δὲ,
3205 584 3301 654 οὐχ
3340 585 3500 636 ὁποῖα
3528 581 3710 635 ταῦτα

458 679 542 734 lae.
570 677 754 733 Stella:
779 694 910 735 vero
941 695 1051 734 non
1075 678 1328 749 vulgares
1357 678 1464 732 illa:
1488 694 1610 748 qua:
1634 678 1690 732 in
1713 680 2012 750 aspectabil

2134 681 2201 734 τὰ
2232 684 2290 734 ὲν
2326 678 2404 751 τῷ
2439 679 2620 750 ὁρατῷ
2654 680 2880 751 κείμενα
2930 678 3100 749 τόπῳ,
3147 677 3283 731 ἀλλά
3317 694 3438 730 τινα
3468 676 3712 746 κρείττω

456 773 578 829 sita:
606 780 733 827 sunt
765 773 907 837 loco,
946 771 1039 827 sed
1075 771 1194 825 aliae
1224 770 1472 841 quaedam
1524 770 1766 840 potiores
1797 770 2016 825 lucidio-

2136 775 2232 827 καὶ
2258 773 2664 844 εὐφεγγέστερα
2682 790 2696 800 ·
2727 771 2867 825 ὥστε
2895 771 3107 834 εἰκόνας
3136 771 3356 824 ἐκείνων
3384 768 3583 840 μᾶλλον
3618 784 3711 821 νο·-

458 879 690 936 resque,
724 866 859 920 adeo
892 874 950 918 ut
988 865 1069 917 ha:
1103 877 1240 933 quas
1277 863 1574 926 cernimus,
1599 861 1736 915 nihil
1763 861 1871 916 nisi
1909 861 2016 916 illa-

2142 863 2393 933 μίξεσθαι
2428 864 2602 919 ταῦτα
2627 866 2722 917 καὶ
2752 864 3160 935 ἀπεικάσματα.
3657 877 3662 880 ’

457 970 582 1011 rum
625 956 781 1026 piclzc
821 954 1084 1024 imagines
1123 967 1185 1008 ac
1229 951 1546 1023 imperfecta
1587 953 1882 1008 simulacra
1909 967 2032 1008 esse

456 1032 769 1102 videantur.

451 1166 588 1222 CAP.
635 1164 727 1220 Vl.
771 1164 1021 1219 Ecclesia:
1053 1180 1236 1233 opera,
1276 1164 1514 1234 ﬁliorum
1560 1166 1615 1218 in
1665 1164 1923 1234 baptismo
1979 1162 2305 1248 parturitio;
2345 1160 2498 1215 Luna
2540 1163 2597 1215 in
2638 1164 2940 1231 baptismo:
2978 1158 3322 1230 plenilunium
3347 1155 3548 1211 Christi
3576 1173 3713 1228 pas—

2004 1252 2192 1291 8101118.

525 1328 644 1384 1am
668 1329 811 1384 luna:
826 1329 1021 1383 mulier
1049 1330 1303 1385 insistere
1330 1330 1549 1386 dicitur.
1574 1330 1739 1388 Lunae
1759 1331 2016 1402 symbolo,

2203 1329 2499 1400 Βεϐηκέναι
2521 1346 2581 1381 τε
2611 1327 2703 1380 ἐπὶ
2737 1329 2985 1399 σελήνην,
3026 1326 3103 1390 ὡς
3138 1323 3400 1396 ἡγοῦμαι,
3427 1323 3712 1395 τροπικῶς

456 1423 701 1487 illorum,
734 1423 788 1476 ni
815 1422 993 1486 fallor,
1028 1421 1310 1491 designata
1345 1422 1468 1490 lide,
1497 1423 1590 1493 qui
1631 1438 1727 1492 per
1748 1424 2016 1478 lavacrum

2128 1424 2228 1493 τὴν
2270 1421 2451 1475 πίστιν
2498 1420 2605 1473 τῶν
2654 1417 3173 1489 ἀποκαθαιρομένων
3219 1416 3318 1486 τὴν
3361 1414 3567 1486 φθορὰν
3631 1413 3712 1485 τῷ

455 1530 487 1568 a
519 1513 870 1583 corruptione
898 1512 1234 1567 mundantur
1257 1534 1268 1568 :
1308 1523 1593 1585 propterea
1619 1513 1767 1584 quod
1788 1514 1910 1583 ejus
1933 1515 2016 1568 lu-

2129 1514 2337 1587 λουτρῷ
2378 1514 2575 1583 λέγων.
2620 1513 2707 1567 διὰ
2747 1513 2808 1565 τὸ
2859 1509 3241 1583 προσεοικέναι
3285 1507 3347 1560 τὸ
3388 1506 3503 1576 φῶς
3535 1506 3712 1576 αὐτῆς

453 1621 580 1661 men
621 1621 776 1676 aqua:
812 1604 1007 1675 tepida:
1044 1621 1215 1676 prope
1274 1606 1430 1661 aliine
1464 1606 1734 1673 videatur,
1774 1607 2016 1677 quodque

2132 1606 2334 1678 μᾶλλον
2367 1604 2518 1658 ὕδατι
2548 1602 2778 1676 χλιαρῷ,
2809 1603 2905 1656 καὶ
2935 1604 3114 1655 πᾶσαν
3143 1600 3202 1666 ἐξ
3234 1600 3404 1671 αὐτῆς
3435 1598 3710 1670 ὴρτῆσθαι

454 1711 522 1750 ex
555 1698 686 1750 luna
726 1696 950 1750 humida
989 1697 1168 1751 omnis
1211 1696 1519 1751 substantia
1559 1694 2016 1778 pendeat.‘SupeI

2128 1696 2228 1766 τὴν
2263 1694 2437 1765 ὑγρὰν
2463 1692 2671 1747 οὐσίαν.
2727 1693 3057 1762 Ἐφέστηκεν
3094 1687 3187 1743 οὖν
3220 1691 3314 1743 ἐπὶ
3341 1688 3440 1759 τῆς
3469 1689 3712 1754 πίστεως

452 1790 640 1843 lunam
669 1790 853 1860 itaque
873 1796 1185 1859 sortemque
1209 1795 1450 1843 nostram
1479 1802 1543 1842 ac
1575 1758 1896 1842 electionem
1921 1795 2016 1842 stat

2133 1757 2228 1839 καὶ
2266 1757 2618 1855 προσλήψεως
2658 1757 2818 1853 ἡμῶν
2858 1757 3024 1851 (Hii)
3077 1757 3563 1851 ’Exxlqcla,_xa:&
3607 1778 3712 1852 τὴν

451 1878 721 1945 Ecclesia,
759 1894 859 1952 pro
886 1881 1029 1935 lunae
1058 1881 1216 1952 quasi
1239 1888 1556 1952 conspectu,
1590 1880 1808 1936 interim
1839 1888 2016 1951 partu-

2132 1879 2232 1948 τῆς
2270 1877 2497 1948 σελήνης
2530 1875 2771 1945 σύνοψιν,
2817 1875 3085 1944 μέχριπερ
3113 1872 3181 1926 ἂν
3223 1871 3439 1945 εἰσέλθῃ
3472 1872 3533 1925 τὸ
3577 1871 3713 1945 πλή-

450 1973 605 2028 riens
633 1974 815 2044 quoad
857 1974 1144 2029 intraverit
1173 1974 1455 2045 plenitudo
1493 1974 1771 2045 gentium,
1812 1989 1878 2029 ac
1916 1975 2029 2029 ani-

450 2065 623 2120 males
664 2065 720 2119 in
751 2065 1030 2135 spiritales
1062 2082 1429 2138 regenerans;
1460 2083 1571 2138 quo
1609 2066 1730 2139 ipso
1764 2078 1817 2123 et
1854 2076 2028 2124 mater

451 2167 557 2214 est.
593 2157 660 2213 Ut
690 2160 833 2215 enim
867 2161 1082 2224 mulier,
1119 2161 1339 2215 informi
1362 2160 1465 2225 viri
1492 2168 1750 2231 suscepto
1778 2161 2023 2225 semine,

450 2252 603 2301 certo
658 2249 929 2303 mensium
964 2250 1095 2304 orbe
1136 2253 1407 2321 integrum
1462 2250 1737 2306 hominem
1791 2252 2027 2321 concipit

446 2346 720 2410 partuque
748 2330 1008 2405 ell‘undit,
1046 2342 1299 2398 similiter
1328 2350 1385 2397 et
1413 2343 1539 2413 quis
1581 2342 1782 2398 dixerit
1808 2359 1903 2399 eos
1931 2344 2025 2414 qui

448 2432 518 2487 ad
559 2432 815 2489 Verbum
849 2434 1198 2505 confugiant,
1250 2434 1510 2491 Ecclesiae
1569 2445 1726 2491 utero
1765 2438 2025 2492 continue

447 2527 842 2597 concipiendos
880 2538 934 2582 et
966 2528 1033 2582 ad
1070 2527 1278 2583 Christi
1318 2529 1737 2586 similitudinem
1768 2529 2025 2585 formam-

446 2632 555 2686 que
582 2616 913 2686 ellingendos
947 2618 1113 2672 certis
1166 2627 1472 2690 temporum
1505 2621 1780 2691 periodis,
1836 2622 2023 2677 beato-

445 2723 570 2763 rum
597 2708 814 2763 illorum
838 2710 1163 2765 saeculorum
1184 2710 1334 2767 cives
1349 2713 1619 2782 praestari.
1647 2711 1827 2779 Quare
1845 2723 2023 2769 astare

446 2802 595 2857 illam
623 2802 842 2857 lavacro
880 2816 1107 2858 necesse
1137 2815 1222 2858 est
1241 2843 1257 2869 ,
1289 2819 1385 2861 eos
1413 2815 1763 2877 generantem
1794 2806 1889 2877 qui
1928 2807 2023 2863 illo

444 2893 813 2965 intinguntur.
882 2892 996 2949 Hoc
1033 2894 1176 2950 enim
1216 2896 1382 2951 modo
1419 2904 1474 2951 et
1507 2897 1703 2971 σελήνη
1746 2898 1765 2969 (
1799 2898 1902 2953 hoc
1940 2906 2024 2954 est

338 2995 344 3003 ‘
446 2986 598 3056 luna)
631 2994 859 3042 vocatur
887 3002 950 3043 ea
981 3003 1144 3059 quam
1169 2988 1315 3045 circa
1340 2989 1618 3044 lavacrum
1657 2990 1866 3047 obtinet
1904 2990 2021 3058 vis,

444 3078 704 3148 quoniam
735 3078 852 3134 νέον
878 3080 1040 3144 σέλας
1063 3079 1274 3153 (novum
1293 3080 1505 3137 scilicet
1525 3080 1712 3155 jubar)
1748 3082 2018 3147 renovati,

443 3172 538 3241 qui
569 3179 960 3243 regenerantur
993 3173 1120 3244 (hoc
1148 3180 1254 3239 est,
1285 3190 1472 3228 novam
1508 3173 1704 3247 lucem)
1733 3184 2013 3246 spargunt.

447 3260 603 3320 Unde
636 3271 691 3318 et
715 3261 1062 3331 νεοφώτιστοι
1094 3261 1294 3332 (recens
1329 3263 1538 3317 scilicet
1567 3263 1883 3336 illuminati)
1922 3279 2020 3334 per

441 3356 735 3425 (juamdam
799 3355 1343 3411 circumlocutionem
1411 3364 1675 3410 vocantur
1723 3375 1739 3412 :
1780 3371 1888 3428 qua
1938 3357 2020 3410 ni-

442 3447 645 3503 ;tirum
692 3445 938 3517 Spiritale
965 3446 1074 3502 illis
1104 3446 1465 3517 plenilunium
1524 3447 1827 3503 secundum
1886 3464 2021 3520 pas-

445 3538 625 3595 sionis
665 3538 949 3609 periodum
989 3552 1053 3593 ac
1094 3538 1527 3593 recordationem
1569 3553 1783 3610 semper
1818 3553 2020 3593 novum

441 3631 695 3697 exhibet,
727 3630 906 3702 quoad
936 3637 990 3686 et
1015 3629 1320 3703 perfectum
1349 3631 1534 3686 lumen
1570 3646 1782 3702 magnae
1803 3630 1909 3686 diei
1939 3631 2018 3686 illi

440 3725 678 3781 oriatur.

2136 1986 2294 2041 ρωμα
2338 1968 2445 2022 τῶν
2492 1967 2690 2031 ἐθνῶν,
2737 1966 3000 2020 ὠδίνουσα
3038 1967 3133 2020 καὶ
3184 1965 3531 2034 ἀναγεννῶσα
3578 1966 3711 2031 τοὺς

2131 2060 2393 2133 ψυχικοὺς
2419 2062 2499 2124 εἰς
2526 2057 2927 2129 πνευματικούς
2945 2074 2960 2087 ·
2994 2057 3116 2110 καθ’
3139 2056 3197 2109 ὃν
3217 2056 3373 2125 λόγον
3394 2056 3491 2109 καὶ
3520 2057 3710 2129 μήτηρ

2133 2153 2299 2207 ἐστίν.
2334 2153 2543 2224 Ὥσπερ
2568 2150 2681 2223 γὰρ
2725 2150 2934 2220 σπορὰν
2975 2150 3168 2222 ἀνδρὸς
3206 2150 3530 2221 ἀμόρφωτον
3568 2151 3707 2203 ὑπο-

2130 2245 2395 2317 δεξαμένη
2433 2245 2591 2317 γυνὴ,
2632 2244 2901 2317 περιόδοις
2939 2243 3142 2315 χρόνων
3172 2242 3455 2313 ἄνθρωπον
3481 2242 3709 2313 όλὸκλητ

2136 2354 2225 2408 ρον
2258 2336 2487 2390 ἀποκύει
2508 2354 2521 2366 ·
2553 2335 2728 2409 ταύτῃ
2764 2335 2830 2407 δὴ
2862 2336 2956 2388 καὶ
2988 2334 3112 2398 τοὺς
3157 2334 3599 2406 προσφεύγοντας
3627 2335 3710 2405 τῷ

2130 2429 2307 2500 Λόγῳ,
2335 2430 2557 2501 φήσειεν
2596 2428 2662 2483 ἀν
2685 2446 2792 2492 τις,
2828 2427 3194 2505 συλλαϐοῦσαν
3227 2429 3313 2481 ἀεὶ
3342 2427 3439 2499 τὴν
3479 2427 3710 2499 Ἐκκλη-

2132 2522 2273 2585 σίαν,
2307 2522 2402 2575 καὶ
2428 2520 2528 2591 τὴν
2570 2520 2692 2574 καθ’
2731 2520 2988 2592 ὁμοίωσιν
3025 2520 3169 2574 ἰδέαν
3204 2521 3401 2596 αύτοὺς
3444 2522 3537 2574 καὶ
3570 2520 3712 2593 μόρ-

2130 2631 2301 2684 φωσιν
2332 2612 2642 2686 μορφοῦσαν
2672 2612 2771 2689 τοῦ.
2795 2613 3053 2685 Χριστοῦ,
3083 2612 3352 2684 περιόδοις
3377 2612 3584 2685 χρόνων
3606 2630 3711 2666 πο-

2128 2704 2278 2768 λίτας
2319 2704 2600 2776 μακαρίων
2633 2704 2855 2757 ἐκείνων
2899 2701 3110 2758 αἰώνων
3143 2704 3493 2776 ἐργάζεσθαι.
3541 2703 3714 2761 Ὅθεν

2128 2796 2189 2862 ἐξ
2229 2797 2473 2869 ἀνάγκης
2508 2795 2674 2867 αὐτὴν
2717 2795 3010 2866 ἐφεστάναι
3046 2796 3127 2850 δεῖ
3171 2796 3247 2868 τῷ
3300 2797 3528 2869 λουτρῷ,
3578 2800 3711 2865 τοὺς

2128 2888 2451 2960 λουομένους
2500 2887 2795 2956 γεννῶσαν.
2835 2889 3022 2959 Τούτῳ
3054 2887 3163 2961 γὰρ
3207 2889 3403 2962 σελήνη
3443 2890 3709 2961 κέκληται

2127 2978 2206 3050 τῷ
2233 2979 2420 3049 τρόπῳ
2449 2981 2483 3051 ἡ
2511 2978 2639 3051 περὶ
2668 2979 2727 3031 τὸ
2749 2979 2971 3051 λουτρὸν
3003 2980 3173 3049 αὐτῆς
3202 2981 3479 3052 ἐνέργεια·
3513 2984 3710 3056 ἐπειδὴ

2129 3070 2248 3124 νέον
2276 3070 2433 3134 σέλας
2457 3071 2878 3136 ἀνανεασθέντες
2911 3075 2960 3126 οἱ
2988 3072 3421 3143 ἀναγεννώμενοι
3456 3075 3708 3147 λάμπου-

2126 3179 2229 3229 σιν,
2268 3162 2298 3215 ὃ
2338 3162 2455 3216 ἐστι
2483 3163 2602 3217 νέον
2641 3162 2790 3232 φῶς·
2841 3168 2857 3187 ⁶
2902 3165 3025 3219 ὅθεν
3076 3167 3169 3219 καὶ
3205 3166 3553 3237 νεοφώτιστοι
3599 3186 3709 3221 και

2123 3251 2362 3320 λοῦνται,
2397 3255 2865 3325 παραφραστικῶς
2895 3256 2992 3327 τὴν
3027 3258 3403 3330 πνευματικὴν
3435 3258 3709 3332 πανσέλη-

2125 3363 2214 3399 νον
2241 3347 2423 3410 αύτοῖς
2451 3347 2550 3418 τὴν
2574 3347 2818 3418 περίοδον
2845 3347 2937 3401 τοῦ
2971 3349 3176 3413 πάθους
3207 3350 3301 3403 καὶ
3331 3350 3430 3421 τὴν
3459 3351 3709 3423 ἀνάμνη-

2127 3454 2232 3502 σιν,
2263 3438 2389 3492 νέαν
2426 3438 2512 3491 ἀεὶ
2538 3439 3010 3511 παραφαινούσης,
3043 3440 3153 3494 ἔστ’
3188 3440 3255 3494 ἂν
3280 3444 3313 3512 ή
3346 3440 3489 3513 αύγὴ
3519 3442 3613 3495 καὶ
3641 3441 3713 3498 τὸ

2127 3530 2242 3600 φῶς
2274 3529 2335 3583 τὸ
2372 3530 2575 3584 τέλειον
2599 3532 2855 3607 ἀνατείλῃ
2884 3532 2982 3603 τῆς
3022 3532 3263 3604 μεγάλης
3291 3534 3523 3607 ἡμέρας.

828 3841 959 3896 CAP.
988 3840 1101 3898 Vll.
1129 3841 1373 3896 Mulieris
1393 3850 1579 3911 partus
1602 3842 1659 3896 in
1683 3841 2026 3921 Apocalypsi,
2060 3861 2165 3899 non
2214 3846 2325 3914 ipse
2349 3844 2570 3911 Christi,
2601 3844 2690 3899 sed
2719 3844 2955 3913 ﬁdelium
2983 3844 3038 3897 in
3063 3844 3301 3901 lauacro.

516 3955 612 4011 Sin
635 3973 765 4013 vero
792 3958 917 4029 quis
940 3958 1139 4029 (neque
1168 3960 1313 4014 enim
1348 3974 1511 4029 grave
1534 3961 1606 4015 sit
1635 3961 1810 4031 palam
1837 3962 2018 4017 denuo

442 4049 614 4122 loqui)
652 4066 795 4122 aegre
834 4052 1017 4107 ferens
1051 4052 1215 4109 dictis
1253 4054 1477 4122 objiciat
1520 4074 1532 4109 ε
1572 4054 1704 4121 Quae
1741 4062 1826 4110 est
1864 4056 2014 4122 haec,

440 4158 713 4213 quamque
743 4144 810 4198 ad
845 4152 1083 4198 mentem
1120 4142 1419 4214 Scriptura:
1452 4146 1617 4215 hujus
1655 4147 1944 4218 expositio,
1985 4164 2019 4203 ο

438 4236 699 4307 virgines,
734 4252 860 4291 cum
890 4237 1080 4307 utique
1098 4238 1457 4311 Apocalypsis
1479 4241 1784 4294 masculum
1815 4242 1884 4296 ab
1916 4241 2021 4296 Ec-

438 4328 608 4383 clesia
639 4329 887 4398 generari
918 4329 1143 4383 deﬁniat
1175 4350 1189 4384 :
1224 4346 1321 4386 vos
1353 4339 1535 4385 autem
1561 4332 1727 4387 istum
1754 4332 2014 4389 Ecclesize

438 4428 655 4490 partum
685 4419 766 4474 sic
809 4421 1264 4490 interpretamini,
1291 4429 1350 4475 ut
1381 4422 1437 4475 in
1468 4421 1536 4477 iis
1568 4423 1661 4492 qui
1705 4439 1802 4493 per
1829 4425 2014 4495 bapti-

439 4524 627 4565 smum
659 4521 1055 4582 regeneranlur
1080 4513 1293 4584 impleri
1327 4514 1606 4570 doceatis?
1650 4516 1779 4570 huic
1816 4516 1890 4570 ita
1930 4531 2015 4572 re-

438 4602 871 4674 spondebimus:
912 4605 1077 4676 Atqui
1127 4623 1195 4663 ne
1240 4607 1373 4673 tibi,
1409 4608 1754 4680 vitilitigator
1787 4617 2010 4680 argute,

434 4694 598 4751 facile
622 4697 790 4753 fuerit
826 4696 1135 4766 ostendere,
1163 4699 1446 4757 Christum
1480 4716 1604 4758 esse
1644 4702 1811 4758 istum
1851 4702 2011 4771 cujus

506 4831 621 4911 (ιλ)
657 4834 791 4911 ’Καί
819 4836 1227 4907 προσλήψεως
1278 4838 1470 4911 ἡμῶν.
1522 4836 1639 4892 Vox
1684 4838 2009 4911 theologica,

433 4902 502 4979 dc
539 4902 746 4979 Christi
780 4902 1017 4961 humana
1048 4902 1276 4962 'natura
1305 4902 1517 4978 'szepius
1551 4917 1833 4979 usurpata,
1867 4902 2013 4979 unae

433 4975 515 5028 sic
542 4989 573 5026 a
607 4973 786 5049 Verbo
808 4986 1110 5049 assumpta,
1146 4995 1357 5048 nosque
1395 4973 1450 5033 in
1484 4979 1597 5034 illa.
1626 4973 1833 5049 Hicque
1852 4973 2010 5047 adeo,

432 5054 621 5130 nostra
656 5046 789 5130 ﬁdes
814 5055 871 5130 et
898 5048 1224 5130 πρόσληψις,
1258 5046 1445 5130 ﬁdele?
1489 5057 1617 5130 ευπξξ
1645 5046 1812 5130 θιίιέιί
1850 5051 2012 5130 Qhri:

432 5118 854 5193 stu_accedunt,
904 5118 1136 5191 ejusque
1175 5137 1297 5193 sors
1338 5131 1392 5177 et
1420 5122 1710 5177 hmreditas
1737 5118 2010 5193 baptismi

432 5185 741 5263 initiatione
765 5185 1133 5263 liuntifquaim
1178 5191 1318 5246 luna:
1349 5194 1595 5263 symbolo
1617 5185 1890 5263 designari
1913 5211 2010 5247 au-

430 5263 552 5337 ctor
574 5266 659 5313 est
691 5258 1016 5337 Methodius,
1041 5262 1114 5337 ob
1141 5258 1403 5337 aquarum
1434 5279 1560 5337 cum
1587 5265 1707 5332 ejus
1741 5258 2011 5337 luce_alli-

432 5333 657 5401 nitatem
693 5345 760 5385 ac
782 5333 1267 5390 necessitudinem.
1290 5333 1630 5390 Fallentibus
1665 5336 1841 5390 oculis
1873 5334 2010 5401 Pos-

432 5396 765 5476 sinius_ac_si
787 5414 932 5458 esset
953 5403 1294 5476 προλήψεως,
1318 5412 1369 5459 et
1396 5407 1824 5474 persuasionem;
1857 5398 2009 5461 item-

430 5482 538 5546 alue
561 5467 1171 5546 Allatius,_anteccpta'nt
1204 5467 1381 5530 animo
1396 5467 1853 5546 informationem,
1880 5493 2002 5531 cum

430 5536 591 5618 ambo
630 5539 928 5618 ediderint,
967 5536 1111 5618 quod
1145 5546 1251 5601 loci
1289 5547 1430 5601 ratio
1461 5536 1723 5618 postulat,
1761 5536 2002 5618 προσλή-

2204 3962 2329 4015 Ἐὰν
2372 3962 2429 4014 δέ
2477 3979 2557 4024 τις
2610 3960 2799 4031 (οὐδὲν
2842 3959 2951 4031 γὰρ
2998 3958 3234 4029 χαλεπὸν
3276 3958 3357 4011 ἔτι
3397 3958 3709 4031 διαρρήδην

2119 4055 2311 4121 εἰπεῖν)
2341 4054 2724 4124 ἀγανακτήσας
2761 4052 2945 4123 φράσῃ
2985 4051 3122 4122 πρὸς
3157 4051 3227 4104 τά
3264 4050 3551 4122 εἰρημένα,
3586 4050 3706 4106 Καὶ

2120 4145 2237 4209 πῶς
2286 4146 2413 4216 ὑμῖν
2459 4148 2492 4217 ή
2552 4145 2830 4217 ἐξήγησις,
2879 4139 2925 4197 ὦ
2976 4144 3258 4215 παρθένοι,
3308 4145 3516 4213 γίνεται
3556 4145 3705 4199 κατὰ

2120 4238 2243 4292 νοῦν
2274 4238 2372 4309 τῆς
2403 4238 2643 4310 Γραφῆς,
2673 4237 2833 4289 ὁπότε
2884 4238 2918 4306 ἡ
2961 4235 3059 4306 μὲν
3098 4237 3465 4306 ’Λποκάλυψις
3494 4237 3706 4309 ἄρσενα

2124 4333 2221 4403 τὴν
2265 4331 2588 4402 Ἐκκλησίαν
2621 4329 2911 4402 διορίζεται
2944 4332 3159 4401 γεννᾷν,
3189 4330 3347 4400 ὑμεῖς
3371 4330 3428 4383 δὲ
3456 4330 3565 4382 ἀπὸ
3588 4332 3706 4383 τῶν

2049 4389 2092 4443 D
2116 4389 2530 4494 ἀπολουομένων
2565 4389 2938 4494 παρειλήφατε
2956 4389 3095 4485 ’τὰς’
3110 4389 3473 4493 τελεσφόρους
3500 4422 3704 4487 ὠδῖνας

3658 4508 3687 4533 ς

2121 4515 2289 4585 αὐτῆς
2336 4514 2671 4586 πληροῦσθαι
2721 4513 3047 4584 λουομένας;
3107 4513 3365 4584 λέξομεν·
3434 4514 3597 4579 Ἀλλ’,
3651 4513 3703 4568 ὦ

2122 4606 2384 4675 φιλαίτιε,
2421 4606 2534 4659 ἀλλ’
2569 4605 2692 4659 οὐδέ
2721 4623 2802 4658 σοι
2850 4606 3110 4677 πάρεστιν
3137 4605 3403 4670 ἐπιδεῖξαι
3440 4605 3531 4660 τὸν
3566 4607 3697 4676 Χρι-

2123 4699 2244 4752 στὸν
2288 4698 2448 4752 αὑτὸν
2496 4695 2635 4751 εἶναι
2668 4699 2760 4752 τὸν
2800 4696 3158 4769 γεννώμενον.
3203 4698 3378 4752 Πάλαι
3432 4697 3538 4770 γὰρ
3584 4698 3698 4768 πρὸ

2114 4836 2336 4892 Christo
2382 4844 2738 4891 renascentes
2775 4855 2786 4889 :
2824 4850 2986 4905 quam
3036 4833 3265 4905 proinde
3307 4833 3696 4905 ministrosiel

2116 4908 2474 4963 hierarchiam
2530 4904 2893 4976 perﬁcientem
2948 4904 3231 4975 intelligat,
3279 4920 3378 4976 seu
3437 4904 3695 4960 sacerdo-

2114 4979 2276 5033 talem
2307 4975 2575 5042 ordinem,
2623 4978 2677 5031 in
2732 4975 2994 5046 apostolis
3026 4986 3277 5046 coeptum
3308 4975 3475 5046 inque
3502 4990 3695 5029 eorum

2116 5049 2532 5105 successoribus
2593 5048 2647 5101 in
2686 5045 2846 5102 linem
2891 5063 3065 5118 usque
3115 5045 3317 5118 mundi
3342 5045 3690 5118 duraturum.

2116 5120 2284 5175 Lunae
2311 5121 2417 5175 ista
2459 5119 2774 5188 metaphora
2806 5124 2861 5173 et
2890 5115 3153 5189 ety'mutu
3174 5115 3393 5189 longius
3426 5115 3693 5189 arcessita

2117 5192 2372 5246 videntur
2397 5208 2411 5243 :
2436 5185 2681 5259 planiora
2736 5204 2857 5259 quae
2888 5185 3050 5243 habet
3100 5185 3413 5259 Dionysius,
3454 5186 3532 5259 De
3558 5185 3691 5259 eccl.

2116 5262 2334 5324 hieran,
2377 5256 2499 5332 cap.
2537 5262 2591 5322 5,
2629 5256 2860 5332 aliique,
2886 5274 3166 5332 exponens
3211 5256 3360 5332 quod
3394 5259 3469 5332 ita
3512 5256 3691 5332 bapti-

2117 5349 2269 5389 smus
2322 5328 2495 5386 lumen
2537 5328 2786 5394 vocatur,
2816 5328 3048 5399 ejusriue
3079 5328 3604 5392 ritus’illuminatio,
3633 5337 3693 5399 et

2115 5404 2209 5475 qui
2228 5405 2320 5457 illo
2353 5403 2715 5475 intinguntur,
2742 5398 2916 5455 recens
2938 5398 3248 5475 illuminari,
3275 5399 3461 5475 Graece
3492 5398 3690 5475 νεοφάμ

2111 5468 2301 5539 τιστοι,
2340 5468 2609 5544 quod—est
2642 5480 3045 5544 sacramentum
3091 5470 3215 5544 lidei
3244 5472 3529 5544 primaque
3562 5468 3691 5521 illu-

2110 5539 2375 5608 minutio;
2393 5551 2446 5598 et
2476 5558 2583 5612 qua
2606 5541 2672 5595 ad
2694 5544 2934 5612 reliquas
2964 5542 3141 5595 idonei
3177 5539 3483 5605 reddimur;
3509 5539 3563 5592 in
3592 5553 3691 5592 cu-

429 5605 595 5688 ιξεως.
630 5607 841 5666 Fclellit
867 5605 928 5665 τδ
962 5605 1219 5679 πίστεως,
1251 5618 1407 5688 quasi
1433 5605 1493 5673 ea
1529 5632 1662 5672 voce
1697 5605 2002 5673 Methodius
2105 5618 2198 5687 jus
2237 5605 2410 5688 ipsius
2433 5605 2523 5688 rei
2564 5605 2868 5688 symbolum
2916 5628 3078 5688 super
3102 5612 3443 5688 baptizandis
3476 5612 3689 5688 lampas

432 5675 554 5757 ﬁdei
584 5693 900 5757 assensum,
940 5698 1049 5757 non
1074 5675 1223 5755 ipsos
1266 5675 1438 5756 inagis
1480 5687 1665 5742 ﬁdeles
1710 5690 1997 5757 signiliccl,

426 5763 492 5804 ea
522 5748 779 5822 baptismi
806 5748 1149 5821 intinctione,
1185 5748 1701 5828 quasiparturiente
1729 5748 1993 5825 Ecclesia,

2111 5680 2447 5749 accenditur,
2482 5680 2609 5739 sive
2631 5684 2795 5739 etiam
2840 5680 3100 5753 gesta—uda
3144 5680 3251 5735 illis
3286 5682 3539 5737 traditur.
3579 5680 3689 5737 Sed

2110 5758 2225 5814 haec
2249 5756 2473 5814 alterius
2496 5755 2593 5812 otii
2625 5762 2789 5827 atque
2821 5770 3016 5827 operae.
3055 5753 3344 5812 Cosanus.
3536 5766 3543 5769 ν
