3964 6206
243 266 345 324 M9

1333 265 1713 322 CONVIVIUM
1754 263 1984 321 DECEM
2023 262 2380 320 VIBCINUM.

3378 266 3479 321 150

237 381 345 451 τῆς
387 378 802 449 Ἀποκαλὺψεως
829 379 1185 452 ἐπεπλήρωτο
1216 382 1511 452 μυστήριον
1535 382 1633 450 τῆς
1665 383 1808 435 ἐναν-

1918 377 2215 448 Scriptura:
2240 376 2418 432 verbis
2442 383 2628 446 partus
2657 376 2940 434 referatur.
2968 375 3177 432 Dudum
3213 379 3480 449 siquidem

242 469 578 541 θρωπήσεως
603 467 696 520 τοῦ
729 469 926 538 Λόγου.
967 471 1026 522 Ὀ
1054 469 1110 522 δὲ
1153 469 1426 540 Ἰωάννης,
1462 471 1589 540 περὶ
1616 470 1808 540 παρόν-

1916 479 2041 526 ante
2071 469 2451 541 Apocalypsim
2484 469 2764 540 impletum
2797 479 2881 526 est
2901 469 3294 528 incarnationis
3319 470 3479 527 Verbi

242 578 354 614 των
385 560 478 612 καὶ
515 559 813 628 μελλόντων
867 557 1150 630 θεσμῳδεῖ.
1209 559 1268 612 '0
1309 559 1364 612 δὲ
1413 560 1669 631 Χριστὸς,
1710 560 1815 614 πά-

243 653 328 705 λαι
370 651 617 724 κυηθεὶς,
653 654 754 724 οὐχ
789 653 1068 725 ήρπάσθη,
1099 653 1258 708 ὁπότε
1291 653 1508 726 ἐτέχθη,
1545 654 1679 726 πρὸς
1721 655 1813 710 τὸν

239 743 427 814 θρόνον
468 743 567 796 τοῦ
625 745 783 808 Θεοῦ,
825 745 973 815 φόϐῳ
1016 745 1110 800 τοῦ
1157 744 1231 816 μὴ
1277 745 1617 817 λυμήνασθαι
1653 747 1814 800 αὑτὸν

231 836 326 888 τὸν
369 837 529 904 ὅφιν·
575 837 711 890 ἀλλὰ
757 836 845 890 διὰ
885 836 1039 891 τοῦτο
1081 838 1365 910 ἐγεννήθη,
1411 839 1503 892 κα)⁸
1547 840 1812 911 κατῆλθεν

236 927 404 992 αὐτὸς
433 928 542 982 ἀπὸ
569 928 676 982 τῶν
707 929 911 1000 θρόνων
937 930 1030 986 τοῦ
1058 931 1289 1003 Πατρὸς,
1318 933 1406 986 ἵνα
1435 933 1524 986 τὸν
1549 934 1814 1008 δράκοντα

235 1021 597 1092 χειρὼσηται,
638 1020 828 1092 μείνας
884 1022 1237 1094 ἐπιτρέχοντα
1296 1025 1361 1094 τῇ
1419 1027 1600 1096 σαρκί.
1652 1026 1812 1079 Ὥστε

231 1110 449 1180 ἀνάγκη
495 1111 784 1180 ὁμολογεῖν
813 1111 878 1183 δὴ
923 1113 1019 1166 καὶ
1063 1113 1142 1178 σὲ,
1169 1112 1266 1185 τὴν
1311 1113 1634 1183 Ἐκκλησίαν
1674 1110 1812 1168 εἶναι

228 1202 328 1273 τήν
378 1201 684 1257 ὠδίνουσαν
723 1204 818 1256 καὶ
875 1203 1148 1271 γεννῶσαν
1201 1207 1330 1268 τοὺς
1379 1206 1812 1277 ἀπολουτρουμέ-

225 1311 352 1356 νους
392 1293 511 1362 (18)
539 1312 553 1324 ·
597 1294 676 1358 ῶς
702 1313 804 1348 που
846 1296 938 1350 καὶ
967 1298 1026 1349 ὲν
1071 1296 1265 1375 Ἠσαίᾳ
1298 1298 1360 1350 τὸ
1391 1298 1615 1369 Πνεῦμά
1644 1316 1807 1369 φησιο

222 1387 378 1452 Πρὶν
404 1385 528 1454 τὴν
567 1387 911 1442 ὠδίνουσαν
945 1387 1139 1441 τεκεῖν
1176 1387 1274 1441 καί
1304 1389 1446 1456 πρὶν
1473 1390 1672 1444 ἐλθεῖν
1707 1391 1812 1444 τὸν

222 1478 421 1530 πόνον
468 1477 593 1531 τῶν
625 1479 888 1545 ὠδίνων,
927 1480 1202 1549 ἐξέφυγε,
1229 1482 1326 1534 καὶ
1371 1481 1576 1535 ἔτεκεν
1600 1482 1807 1550 ἄρσεν.

229 1570 323 1634 Τις
349 1568 597 1636 ἤκουσε
627 1571 895 1633 τοιοῦτο;
931 1573 1029 1625 καὶ
1073 1573 1165 1638 τίς
1199 1574 1458 1641 ἑώρακεν
1497 1573 1715 1639 οὗτως;
1741 1575 1811 1626 El

219 1659 443 1713 ὤδινεν
475 1662 516 1729 ἡ
549 1661 628 1731 γῆ
653 1664 722 1716 ἐν
745 1662 846 1731 μιᾷ
870 1663 1080 1732 ἡμέρᾳ,
1099 1665 1193 1718 καί
1212 1667 1263 1717 εἰ
1287 1665 1616 1735 ἐγέννησεν
1635 1665 1810 1730 ἔθνος

1913 563 2254 633 mysterium.
2279 558 2450 614 Porro
2477 558 2717 616 Joannes
2755 561 2824 616 de
2860 561 2928 617 iis
2965 561 3204 631 loquitur
3239 579 3358 632 quae
3399 563 3481 618 vel

1915 660 2046 728 tunc
2067 653 2259 709 fierent
2281 653 2364 708 vel
2385 667 2504 723 qua:
2538 652 2664 706 olim
2687 659 2948 708 eventura
2984 662 3189 710 essent.
3213 650 3480 710 Praeterea

1912 745 2188 809 Christus,
2213 745 2417 801 dudum
2441 752 2757 814 conceptus,
2785 753 3070 815 postquam
3094 745 3287 802 deinde
3320 755 3480 800 natus

1913 847 2015 905 est,
2051 854 2160 893 non
2193 847 2278 893 est
2302 847 2486 907 raptus
2512 836 2578 891 ad
2613 835 2867 890 thronum
2907 835 3024 901 Dei,
3066 845 3212 891 metu
3252 854 3319 892 ne
3348 839 3479 908 quid

1915 931 1994 984 illi
2022 946 2177 984 noxa:
2208 928 2480 1000 serpentis
2510 928 2635 982 dolo
2675 926 2969 983 inferretur
2995 947 3008 981 :
3041 928 3170 999 quin
3202 930 3383 999 potius
3423 931 3480 984 in

1915 1022 2017 1078 hoc
2039 1023 2216 1092 ipsum
2247 1028 2406 1077 natus
2431 1029 2536 1085 est,
2564 1027 2618 1074 et
2643 1036 2673 1076 e
2698 1018 2876 1076 Patris
2905 1020 3022 1090 ipse
3038 1021 3235 1076 throno
3253 1021 3481 1077 descen-

1914 1113 2014 1177 dit,
2059 1120 2118 1165 ut
2146 1111 2403 1166 draconis
2429 1113 2484 1166 in
2516 1126 2736 1166 carnem
2768 1120 3022 1180 suscepto
3063 1112 3268 1166 insultu
3297 1128 3360 1166 ac
3391 1118 3477 1168 to-

1916 1204 2106 1268 lerato,
2147 1203 2404 1258 draconis
2435 1203 2722 1272 potiretur.
2765 1201 2946 1270 Quare
2986 1210 3038 1258 te
3066 1219 3282 1274 quoque
3320 1202 3478 1258 fateri

1915 1310 2136 1350 necesse
2167 1305 2286 1358 est,
2318 1293 2615 1349 Ecclesiam
2647 1309 2770 1350 esse
2802 1309 2924 1364 quae
2962 1294 3197 1364 parturit
3235 1310 3299 1350 ac
3339 1297 3481 1366 parit

1912 1403 2010 1444 eos
2036 1389 2127 1457 qui
2156 1404 2221 1442 ex
2272 1389 2488 1441 lavacro
2535 1388 2910 1458 suscipiuntur
2934 1427 2949 1452 ,
3007 1390 3085 1442 uti
3144 1389 3303 1444 etiam
3337 1390 3481 1459 apud

1913 1481 2106 1535 Isaiam
2165 1479 2398 1550 Spiritus
2437 1481 2671 1551 quodam
2719 1480 2840 1535 loco
2876 1480 3009 1536 dicit
3037 1482 3122 1535 ⁵²ε
3158 1481 3482 1550 Priusquam

1912 1571 2200 1639 parturiret
2227 1611 2241 1633 ,
2301 1572 2528 1640 peperit;
2581 1581 2630 1625 et
2667 1582 2945 1642 antequam
2993 1573 3222 1626 venirent
3274 1572 3480 1627 dolores

1912 1675 2118 1734 partus,
2151 1666 2366 1736 effugit,
2394 1676 2443 1721 et
2491 1666 2689 1734 peperit
2739 1665 3051 1722 masculum.
3105 1668 3236 1732 Quis
3281 1667 3482 1722 audivit

221 1751 494 1817 εἰσάπαξ
501 1753 612 1818 ,ὅτι
622 1755 732 1808 ὡδί
733 1770 882 1823 νησε
897 1757 1066 1817 Σιὼν,
1087 1757 1183 1810 καὶ
1197 1758 1400 1811 ἔτεκεν
1414 1757 1663 1825 ἅρσενα;
1679 1759 1808 1810 Τίνα

1915 1774 2148 1827 unquam
2189 1757 2330 1813 tale?
2371 1768 2462 1810 aut
2489 1759 2604 1828 quis
2640 1757 2768 1810 vidit
2799 1759 2920 1812 huic
2957 1760 3173 1816 simile?
3226 1759 3481 1830 Nunquid

223 1844 494 1914 ἐξέφυγεν
516 1863 532 1911 ;
558 1841 708 1917 Mal.
725 1846 788 1916 ἢ)
814 1848 1027 1912 πάντως
1048 1848 1137 1902 τὸν
1153 1849 1439 1920 δράκοντα,
1466 1850 1551 1903 ἵνα
1571 1851 1805 1921 γεννήσῃ

1913 1851 2164 1917 parturiit
2189 1859 2332 1904 terra
2365 1851 2418 1903 in
2441 1849 2526 1904 die
2558 1855 2709 1906 una?
2735 1868 2796 1904 ac
2820 1853 2866 1905 si
2890 1861 3090 1922 gentem
3135 1853 3293 1906 simul
3329 1867 3482 1922 pepa

220 1935 311 1988 τὸν
341 1936 478 1991 λαὸν
507 1939 543 2010 ἡ
587 1938 749 2010 νοητὴ
783 1939 940 2004 Σιὼν,
969 1941 1060 1993 τὸν
1105 1941 1328 2012 ἄρσενα,
1361 1941 1452 1995 τὸν
1482 1943 1591 1996 τῶν
1628 1958 1808 2011 γυναι-

223 2029 390 2082 κείων
424 2030 624 2085 παθῶν
659 2033 750 2085 καὶ
783 2033 882 2103 τῆς
913 2033 1183 2096 ὲκλύσεως
1211 2037 1290 2098 εἰς
1325 2035 1424 2106 τὴν
1456 2035 1682 2106 ἑνότητα
1709 2033 1806 2087 τοῦ

224 2123 433 2194 Κυρίου
453 2127 874 2196 καταντήσαντα
895 2127 985 2180 καὶ
1002 2126 1461 2199 ἀπαρσενωθέντα
1489 2129 1554 2199 τῇ
1581 2125 1804 2196 σπουδῇ.

1912 1945 2076 2007 rerit,
2138 1943 2265 2012 quia
2305 1943 2554 2010 parturiit
2605 1941 2766 2007 Sion,
2807 1954 2855 1998 et
2905 1946 3100 2014 peperit
3140 1946 3478 2002 masculum?

1913 2031 2085 2098 Quem
2125 2031 2355 2104 effugit?
2393 2048 2502 2088 non
2556 2049 2688 2090 sane
2725 2035 2889 2089 alium
2929 2051 3091 2105 quam
3149 2037 3481 2103 draconem,

1913 2134 1974 2180 ut
2028 2125 2287 2196 p0pulum
2347 2127 2650 2181 masculum
2715 2134 2929 2195 pareret
2986 2127 3248 2198 spiritalis
3307 2129 3477 2196 Sion;

215 2219 317 2288 qui
382 2221 654 2274 nimirum
701 2238 767 2276 ex
811 2224 1166 2279 muliebribus
1225 2223 1374 2279 vitiis
1423 2222 1642 2293 vitaque
1699 2220 1962 2277 solutiore
2003 2219 2072 2275 ad
2114 2218 2328 2276 Domini
2397 2221 2661 2276 unitatem
2722 2220 3295 2292 necessitudinemque
3351 2237 3481 2278 eva-

219 2314 399 2379 serit,
425 2331 492 2372 ac
518 2318 745 2372 virtutis
770 2327 1120 2375 concertante
1144 2319 1329 2374 studio
1354 2319 1588 2374 masculi
1609 2320 1805 2374 robore
1834 2316 2190 2388 promoverit.

691 2430 820 2486 CAP.
843 2430 978 2486 Vlll.
1012 2431 1220 2489 Fideles
1245 2434 1299 2488 in
1331 2434 1590 2503 baptismo
1618 2449 1811 2500 mares,
1845 2430 2059 2488 Christo
2102 2431 2437 2502 conﬁgurati.
2473 2432 2678 2498 Sancti,
2704 2434 2803 2502 ipsi
2825 2432 3044 2489 Christi.

297 2547 566 2619 Λέγωμεν
596 2543 690 2602 οῦν
714 2550 871 2605 πάλιν
903 2550 960 2616 ἐξ
987 2552 1160 2624 ἀρχῆς
1187 2553 1671 2618 ὲπαναποδίσασαι,
1711 2552 1806 2624 μέ-

217 2658 426 2712 χριπερ
455 2640 524 2694 ἂν
561 2641 795 2712 καθεξῆς
842 2644 977 2712 πρὸς
1018 2645 1078 2697 τὸ
1108 2645 1259 2709 τέλος
1292 2645 1555 2716 ἔλθωμεν,
1584 2643 1809 2714 ἐξηγού-

219 2749 383 2802 μεναι
403 2731 474 2785 τά
502 2733 626 2803 είρη
636 2732 787 2803 μένα.
824 2734 1021 2786 Σκόπει
1053 2730 1145 2788 οῦν
1175 2735 1268 2788 έάν
1297 2752 1410 2798 πως
1435 2736 1530 2788 καὶ⁹
1563 2735 1643 2788 σοὶ
1677 2733 1806 2804 δοκῇ

218 2825 360 2895 πρὸς
403 2825 652 2890 εὐδοξίαν
703 2827 731 2878 ό
783 2826 937 2895 λόγος
982 2827 1334 2899 πληροῦσθαι.
1384 2825 1526 2896 Ἐγὼ
1569 2826 1676 2898 γὰρ
1719 2826 1809 2878 τὸν

218 2920 429 2991 ἄρσενα
471 2918 648 2990 ταύτῃ
681 2921 873 2990 γεννᾷν
906 2921 1155 2992 εἰρῆσθαι
1193 2921 1396 2992 νομίζω
1433 2920 1530 2992 τὴν
1574 2920 1805 2994 Ἐκκλη-

219 3011 382 3063 σίαν·
431 3011 622 3082 ἐπειδὴ
666 3012 790 3075 τοὺς
827 3013 1175 3085 χαρακτῆρας
1223 3013 1314 3066 καὶ
1363 3014 1462 3086 τὴν
1495 3015 1806 3072 ὲκτύπωσιν

220 3103 330 3158 καὶ
365 3104 464 3173 τὴν
506 3103 853 3174 ἀρῤενωπίαν
906 3103 1000 3158 τοῦ
1032 3105 1264 3173 Χριστοῦ
1300 3105 1805 3177 προσλαμϐάνουσιν

1978 2550 2237 2608 Dicamus
2271 2567 2400 2624 ergo
2439 2552 2552 2608 haec
2587 2568 2780 2609 rursus
2805 2552 3016 2616 eadem,
3041 2559 3096 2608 et
3118 2552 3187 2607 ab
3207 2552 3360 2607 initio
3393 2567 3481 2606 re-

1911 2651 2212 2710 sumentes,
2242 2645 2500 2700 continua
2526 2644 2666 2702 serie
2691 2645 2760 2700 ad
2785 2645 2944 2700 linem
2977 2660 3148 2715 usque
3167 2644 3484 2700 distinctius

1910 2737 2263 2794 deducamus.
2303 2735 2535 2792 Attende
2583 2736 2778 2808 igitur,
2861 2752 3040 2790 annon
3124 2737 3203 2791 sic
3262 2736 3359 2790 tibi
3415 2734 3483 2788 ad

1910 2838 2114 2886 rectam
2146 2839 2199 2886 et
2230 2828 2562 2901 probabilem
2594 2828 2918 2884 sententiam
2952 2829 3106 2884 locus
3154 2829 3243 2883 hic
3284 2826 3481 2897 exponi

1913 2922 2180 2978 videatur.
2207 2921 2319 2993 Ego
2362 2921 2507 2977 enim
2548 2920 2650 2975 hac
2677 2920 2744 2976 de
2802 2935 2965 2975 causa
3006 2920 3206 2974 dictum
3232 2920 3483 2975 existimo

1911 3015 2056 3088 gigni
2088 3030 2292 3070 marem
2316 3015 2384 3070 ab
2408 3013 2667 3081 Ecclesia,
2703 3013 2845 3083 quod
2881 3029 3073 3082 nempe
3093 3013 3129 3066 ii
3164 3014 3257 3082 qui
3284 3014 3482 3068 illumi-

1912 3114 2134 3168 nantur,
2163 3107 2366 3162 Christi
2425 3105 2746 3160 liueamenta
2779 3102 3112 3174 effigiemque
3153 3120 3217 3159 ac
3271 3105 3480 3160 virilem

219 3195 282 3246 οἱ
314 3194 692 3266 φωτιζόμενοι,
720 3196 817 3267 τῆς
845 3194 964 3248 καθ’
994 3195 1250 3266 ὁμοίωσιν
1281 3199 1496 3270 μορφῆς
1533 3199 1591 3253 ὲν
1625 3200 1807 3265 αὐτοῖς

1913 3214 2036 3254 vere
2063 3199 2304 3253 animum
2339 3205 2728 3268 aspectumque
2759 3204 3066 3260 assumunt,
3093 3195 3248 3251 Verbi
3280 3197 3476 3262 forma,

221 3289 647 3358 ἐκτυπουμένης
677 3287 770 3341 τοῦ
799 3289 970 3357 Λόγου
991 3328 1006 3352 ,
1041 3289 1134 3342 καὶ
1168 3290 1224 3342 έν
1251 3291 1433 3354 αὐτοῖς
1463 3292 1809 3364 γεννωμένης

220 3377 375 3432 κατὰ
397 3379 494 3450 τήν
525 3379 726 3450 ἀκριϐῆ
753 3379 950 3446 γνῶσιν
983 3379 1075 3433 καὶ
1100 3380 1279 3434 πίστιν
1301 3398 1317 3412 ο
1339 3380 1481 3436 ῶστε
1508 3385 1565 3436 ἐν
1598 3384 1811 3456 ἑκάστῳ

222 3471 526 3540 γεννᾶσθαι
581 3471 673 3524 τὸν
716 3472 949 3542 Χριστὸν
985 3471 1210 3542 νοητῶς.
1257 3472 1366 3526 Καὶ
1419 3473 1508 3527 διὰ
1563 3474 1720 3528 τοῦτο
1774 3477 1807 3546 ἡ

233 3561 544 3633 Ἐκκλησία
583 3564 806 3634 σπαργᾷ
838 3564 931 3616 καὶ
961 3563 1160 3628 ὡδίνει,
1197 3554 1467 3638 μέχριπερ
1499 3564 1564 3620 ἂν
1607 3567 1636 3620 ό
1677 3568 1811 3639 Χρι-

143 3721 151 3728 .
225 3653 362 3716 στος
385 3657 440 3708 ἐν
466 3657 604 3724 ήμῖν
651 3654 911 3725 μορφωθῇ
934 3655 1234 3726 γεννηθεὶς,
1261 3657 1409 3720 ὅπως
1447 3657 1674 3722 ἕκαστος
1703 3657 1811 3712 τῶν

223 3748 426 3814 ἁγίων,
456 3747 537 3819 τῷ
564 3748 812 3820 μετέχειν
842 3750 1100 3821 Χριστοῦ,
1137 3752 1368 3822 Χριστὸς
1395 3753 1650 3825 γεννηθῇ.
1673 3754 1809 3808 Καθ’

223 3838 293 3890 ὃν
324 3837 476 3906 λόγον
534 3838 629 3890 καὶ
675 3837 732 3890 έν
782 3855 885 3890 τινι
919 3839 1108 3911 Γραφῇ
1159 3840 1412 3911 φέρεται·
1452 3839 1546 3909 Μὴ
1574 3841 1813 3909 ᾶψησθε

228 3929 346 3984 τῶν
384 3929 650 3999 χριστῶν
669 3948 811 4000 μου,
839 3930 936 3984 καὶ
967 3932 1037 3984 ἐν
1066 3931 1190 3998 τοῖς
1220 3931 1550 4001 προφήταις
1583 3949 1701 4000 μου
1723 3931 1810 4000 μὴ

229 4025 668 4092 xor-11981311008.
715 4024 892 4076 Οίονεὶ
935 4023 1166 4094 χριστῶν
1205 4025 1503 4092 γεγονότων
1534 4023 1640 4076 τῶν
1672 4022 1811 4076 κατὰ

236 4116 529 4187 μετουσίαν
564 4114 660 4168 τοῦ
708 4113 1025 4185 Πνεύματος
1065 4117 1144 4177 εἰς
1182 4113 1414 4188 Χριστὸν
1444 4113 1810 4184 βεϐαπτισμέ-

230 4228 368 4265 νωνο
417 4208 834 4280 συμϐαλλούσης
865 4207 1098 4260 ἐνταῦθα
1131 4207 1226 4278 τὴν
1262 4209 1318 4260 ἐν
1365 4206 1444 4278 τῷ
1485 4207 1642 4278 Λόγῳ
1683 4206 1812 4278 τρά-

232 4321 392 4357 νωσιν
435 4303 552 4373 (19)
601 4302 780 4356 αὐτῶν
827 4303 919 4356 καὶ
971 4301 1389 4372 μεταμόρφωσιν
1440 4301 1540 4372 τῆς
1586 4299 1812 4370 Ἐκκλη-

237 4395 371 4458 the.
410 4394 635 4447 Βεϐαιοί
673 4393 730 4446 δὲ
761 4395 852 4446 καὶ
892 4391 1065 4446 ταῦτα
1106 4389 1344 4454 Παῦλος,
1377 4390 1623 4462 φανερῶς
1665 4389 1810 4445 διδάη

241 4503 401 4552 σκων,
435 4485 571 4538 ἔνθα
617 4484 776 4557 φησί·
815 4483 1037 4538 Τούτου
1079 4483 1255 4552 χάριν
1300 4481 1543 4552 κάμπτω
1589 4482 1663 4537 τὰ
1709 4482 1808 4552 τό·

1914 3305 2034 3360 qua:
2084 3290 2381 3345 secundum
2418 3288 2828 3344 similitudinem
2875 3297 2979 3352 est,
3038 3288 3145 3344 illis
3192 3289 3478 3359 impressa,

1911 3391 1967 3440 et
1994 3398 2088 3453 per
2114 3391 2319 3438 certam
2363 3382 2646 3438 scientiam
2682 3381 2950 3452 fidemque
2976 3382 3031 3436 in
3062 3385 3142 3438 eis
3177 3383 3480 3452 progenita,

1914 3477 1988 3531 ita
2024 3484 2082 3530 ut
2118 3476 2173 3530 in
2203 3489 2530 3546 unoquoque
2554 3474 2874 3543 spiritaliter
2928 3483 3184 3529 nascatur
3207 3475 3480 3532 Christus.

1911 3567 1989 3622 Ac
2019 3578 2300 3638 propterea
2352 3565 2595 3621 Ecclesia
2651 3566 2799 3620 velut
2853 3566 3022 3620 fervet
3076 3574 3361 3637 turgetque
3417 3581 3481 3621 ac

1911 3659 2145 3730 parturit
2173 3659 2240 3725 ⁵⁸,
2263 3658 2436 3712 donec
2487 3655 2752 3711 formetur
2790 3655 2846 3709 in
2893 3655 3052 3711 nobis
3082 3657 3295 3726 genitus
3323 3657 3484 3711 Chri-

1913 3762 2031 3810 stus
2059 3770 2070 3804 :
2099 3769 2208 3823 quo
2238 3751 2494 3809 nimirum
2525 3751 2756 3820 quisque
2779 3756 3116 3813 sanctorum,
3139 3764 3246 3819 qua
3272 3749 3484 3807 ratione

1910 3844 2114 3901 Christi
2177 3842 2446 3913 particeps
2508 3850 2620 3905 est,
2676 3840 2929 3894 Christus
2985 3849 3262 3893 nascatur.
3318 3837 3482 3893 Juxta

1914 3951 2073 4004 quem
2104 3948 2325 3989 sensum
2351 3933 2404 3986 in
2433 3932 2667 4002 quadam
2695 3929 2978 4000 Scriptura
3009 3929 3211 3985 dicitur
3241 3929 3289 3962 ⁵⁸
3322 3949 3335 3985 :
3373 3928 3484 3983 No-

1915 4029 2006 4082 lite
2028 4038 2236 4097 tangere
2269 4026 2489 4080 christos
2516 4039 2677 4088 meos,
2699 4032 2750 4078 et
2775 4024 2829 4076 in
2858 4022 3118 4093 prophetis
3159 4023 3287 4077 meis
3324 4022 3484 4077 nolite

1914 4119 2216 4189 malignari.
2249 4116 2531 4186 Tanquam
2581 4115 2771 4171 christi
2805 4115 3098 4180 evaserint,
3134 4112 3367 4184 Spiritus
3399 4114 3483 4169 in-

1911 4211 2062 4266 dulto
2085 4208 2434 4272 commercio,
2462 4207 2554 4277 qui
2584 4205 2637 4261 iu
2690 4204 2965 4262 Christum
3016 4204 3270 4275 baptizau
3317 4211 3480 4271 sunt;

1913 4318 2042 4358 suas
2075 4302 2162 4356 hic
2191 4299 2434 4355 Ecclesia
2486 4297 2801 4354 conferente
2846 4305 3026 4366 partes
3078 4296 3147 4350 ad
3175 4311 3365 4351 eorum
3424 4296 3481 4349 in

1913 4391 2090 4448 Verbo
2118 4391 2264 4446 clara
2295 4389 2530 4460 imagine
2552 4387 2779 4458 elligiem
2833 4397 2888 4442 et
2919 4385 3481 4442 transformationem.

1911 4483 2210 4540 Confirmat
2259 4489 2438 4536 autem
2466 4490 2521 4537 et
2545 4481 2659 4536 haec
2689 4479 2889 4535 Paulus
2909 4522 2924 4546 ,
2952 4479 3130 4550 palam
3176 4477 3378 4534 docens
3411 4478 3481 4524 "’-

237 4549 394 4630 rani
412 4597 537 4648 μου
561 4549 712 4645 πρὸξ-
739 4576 846 4630 τὸν
878 4576 1026 4632 Θεὸν
1053 4549 1168 4630 έὰι
1180 4549 1429 4642 Πατέρα,
1460 4575 1528 4638 ἐξ
1552 4571 1624 4630 οὗ
1646 4549 1808 4630 πάσα

1917 4572 2091 4643 Hujus
2116 4573 2188 4626 rei
2217 4572 2393 4642 gratia
2421 4571 2573 4640 ﬂecto
2602 4587 2770 4641 genua
2793 4586 2907 4624 mea
2938 4549 3006 4622 ad
3052 4567 3217 4623 Deum
3245 4569 3480 4631 Patrem,

241 4670 447 4738 πατριὰ
493 4670 567 4723 ἐν
607 4666 842 4737 οὐρανῷ
875 4667 976 4722 καὶ
1020 4667 1119 4722 ἐπὶ
1157 4666 1268 4738 γῆς
1308 4664 1676 4735 ὀνομάζεται,
1710 4666 1808 4720 ἵνα

1916 4679 1981 4717 ex
2005 4678 2106 4734 quo
2148 4662 2316 4716 omnis
2340 4661 2628 4730 paternitas
2655 4661 2708 4713 in
2734 4660 2874 4713 cretis
2898 4668 2946 4714 et
2974 4660 3030 4712 in
3055 4668 3197 4712 terra
3240 4658 3482 4712 nomina-

238 4760 324 4826 δῷ
361 4763 521 4830 ὑμῖν,
554 4761 708 4816 κατὰ
764 4761 873 4816 τὸν
921 4761 1187 4817 πλοῦτον
1249 4757 1356 4827 τῆς
1402 4761 1808 4828 χρηστότητος

1918 4767 2042 4810 tur:
2075 4763 2130 4808 ut
2156 4754 2240 4808 det
2263 4752 2404 4808 vobis
2428 4751 2710 4807 secundum
2732 4751 2944 4806 divitias
2967 4750 3216 4806 bonitatis
3246 4765 3356 4804 sua:
3377 4749 3481 4802 νεγ-

321 4903 364 4932 ⁸¹
405 4900 514 4958 lsa.
542 4919 690 4967 uvl,
719 4902 770 4966 7,
794 4902 848 4957 8.
924 4901 970 4933 ⁸⁸
1011 4900 1132 4956 Gal.
1166 4916 1238 4963 Iv,
1279 4899 1364 4952 l9.
1475 4897 1520 4928 ”
1557 4895 1704 4952 Psal.
1733 4912 1840 4960 ειν,
1873 4897 1958 4951 l5.
2035 4894 2081 4926 ³⁵
2123 4889 2314 4960 Ephes.
2352 4903 2434 4954 ιιι,
2461 4887 2645 4943 14-17.

1916 5053 2077 5093 mam.
2113 5033 2204 5090 Sic
2246 5047 2376 5103 ergo
2402 5031 2578 5103 _hi_c,_i1
2615 5030 2673 5103 έν
2703 5029 2861 5100 Λόγῳ
2891 5031 3158 5103 τράνωσις
3197 5029 3290 5103 καὶ
3315 5045 3484 5097 μετα-
3516 5061 3519 5065 ι

1915 5108 2217 5180 μόρφωσις,
2251 5097 2415 5180 verpa
2451 5097 3163 5180 imit'atio,__qua_ejusoclare
3191 5097 3516 5180 (διατόρῳ-ς

1906 5166 2003 5234 res
2022 5166 2323 5238 reddimus,
2355 5172 2639 5241 formaque
2668 5166 2814 5226 illius
2845 5166 3166 5241 imbuimur.
3197 5166 3482 5226 Possinius

1911 5247 2195 5302 transitum
2256 5245 2309 5298 in
2375 5238 2600 5297 Verbum
2651 5243 2860 5304 reddit;
2905 5239 3099 5294 viderit
3155 5238 3271 5308 ipse
3317 5256 3482 5308 quam

325 5042 435 5112 (18)
464 5040 1088 5112 Ἀπολουτρουμένους.
1106 5038 1357 5105 Allatius,
1375 5037 1635 5110 άπολυτρ.
1661 5036 1808 5096 Cou-

249 5129 433 5255 ηῧζ)
469 5187 511 5239 Τ
507 5183 582 5252 ἢν
601 5183 671 5238 ἐν
692 5181 779 5255 τῷ
815 5180 984 5255 ᾼότῳ
1032 5178 1346 5255 τράνωσιν.
1390 5177 1499 5255 Leo
1529 5177 1697 5255 Allata
1721 5177 1808 5255 vi-

248 5248 424 5310 detur'
460 5248 658 5326 legisse
706 5248 1004 5326 τελείωσιν,
1047 5265 1170 5326 cum
1194 5249 1564 5326 perfectionem
1605 5248 1805 5326 reddit,

247 5327 365 5407 etsi.
386 5320 736 5407 repracseth
775 5331 831 5378 et
856 5323 972 5405 ipse
1000 5321 1286 5407 τράνωσιν,
1316 5336 1435 5407 nec.
1454 5321 1618 5407 varia:
1644 5320 1807 5407 ullius

255 5390 491 5452 lectionis
516 5394 786 5457 meminit,
826 5395 905 5448 uti
945 5390 1046 5448 nec
1078 5391 1276 5460 Lupar.
1315 5390 1574 5446 Methodii
1607 5390 1805 5444 editor.

251 5463 486 5522 Placeret
532 5467 664 5520 illud
710 5464 1008 5525 τελείωσιν,
1040 5463 1085 5517 si
1114 5462 1328 5518 codices
1354 5460 1803 5531 sulfragarentur,

251 5545 306 5588 et
352 5538 452 5592 nisi
511 5537 660 5592 brevi
722 5542 847 5606 post
874 5533 1086 5606 eadem
1113 5547 1242 5586 voce
1271 5531 1462 5606 eodem
1496 5531 1605 5606 fere
1640 5547 1806 5606 sensu

254 5615 406 5676 alque
432 5609 522 5663 hic
544 5601 808 5668 uteretur,
834 5605 932 5675 τήν
964 5602 1266 5656 ὲκτύπωσιν
1288 5605 1381 5658 καὶ
1413 5602 1508 5676 τήν
1529 5601 1803 5676 ἐκτράνω-

256 5674 337 5727 σιν
377 5677 470 5731 τοῦ
527 5677 702 5744 Λόγου
728 5717 742 5738 ,
787 5674 1166 5743 expressionem
1226 5684 1272 5727 et
1320 5674 1802 5742 manifestationem

273 5747 430 5812 Verbi,
456 5749 545 5806 ubi
578 5749 807 5804 Allatius
835 5745 1110 5815 imaginem
1135 5744 1328 5813 reddit,
1360 5744 1642 5801 Possiuius
1695 5745 1802 5811 for—

1909 5329 2076 5373 recte.
2109 5315 2224 5369 Vox
2253 5312 2446 5384 τρανός
2475 5321 2530 5385 et
2564 5310 2894 5385 τρανωτικός
2921 5324 2985 5385 ac
3008 5309 3216 5380 τρανόω
3240 5309 3311 5385 in_
3330 5319 3342 5362 1
3344 5312 3484 5385 _heo-
3520 5320 3521 5323 ‘

1911 5389 2070 5457 logia
2109 5379 2368 5457 Gregorio
2393 5379 2646 5457 ‘aliisque
2696 5379 2980 5457 familiaris
3015 5379 3224 5457 :utque
3262 5381 3484 5457 γλῶσσα

1913 5449 2128 5540 τράνός,
2154 5449 2341 5536 .lin'gua
2368 5449 2590 5536 diserta}
2616 5468 2734 5520 quae
2763 5449 2960 5529 mentis
2990 5465 3149 5540 sensa
3179 5451 3325 5540 clar‘e
3354 5454 3480 5507 red-

1914 5520 2028 5591 dit,
2053 5520 2133 5582 sic
2154 5527 2209 5579 in
2239 5520 2474 5594 imagine
2505 5532 2559 5577 et
2588 5521 2944 5594 expressione
2983 5520 3254 5591 ductaque
3285 5522 3482 5588 forma,

1912 5601 1973 5653 τὸ
2003 5597 2196 5668 τρανόν
2225 5607 2279 5652 et
2309 5591 2595 5669 τράνωσις,
2649 5591 2813 5646 semel
2850 5597 2904 5669 et
2935 5591 3129 5669 iterum
3163 5604 3484 5662 usurpatum

1913 5661 2222 5794 Μειιίοιιιο,1
2265 5661 2424 5738 quasi
2468 5667 2615 5721 clara
2643 5661 2923 5734 expressio
2960 5663 3246 5734 lucidaque
3279 5661 3479 5735 repren-

1913 5748 2161 5794 sentatio.
2225 5755 2276 5794 ι).

1912 5741 2161 5799 seutatio.
2202 5741 2276 5794 la.
