3964 6226
462 184 557 241 i5!

1423 194 1483 253 s.
1526 197 1857 258 usruoon
1901 192 2215 254 EPISCOPI
2258 173 2344 239 ET
2382 192 2745 254 MARTYRIS

3616 206 3725 261 153

456 316 570 362 tute
620 307 961 387 corroborari
1011 328 1102 383 per
1132 311 1390 385 Spiritum
1443 294 1611 387 ipsius
1649 320 1703 374 in
1732 322 2013 375 interioren

2133 309 2341 382 αὐτοῦ,
2370 296 2623 389 δυνάμει
2652 318 3080 390 κραταιωθῆναι
3108 318 3205 375 διὰ
3238 319 3347 379 τοῦ
3371 321 3721 391 ﬂuctuaret;

454 399 750 467 hominem;
799 402 1040 461 habitare
1073 403 1341 463 Christum
1380 424 1471 478 per
1504 411 1660 480 ﬁdem
1684 410 1746 465 in
1789 412 2032 467 cordibus

454 496 665 551 vestris.
691 490 902 550 Etenim
940 512 1169 557 necesse
1196 509 1311 567 est,
1363 501 1416 557 in
1445 514 1885 575 regeneratorum
1914 506 2033 559 ani-

456 587 583 654 mis,
618 587 781 642 veluti
812 589 978 662 sigilli
1014 593 1143 658 ritu,
1166 591 1403 649 Verbum
1439 596 1683 653 veritatis
1723 598 1949 669 exprimi
1980 605 2033 654 et

452 675 675 733 eﬂ'orma
684 680 724 734 ri
735 722 746 733 .

2136 406 2326 463 αὐτοῦ
2372 413 2461 475 εἷς
2512 411 2621 464 τὸν
2670 410 2790 466 ἔσω
2833 410 3165 480 ἄνθρωπον,
3201 410 3558 480 κατοικῆσαι
3606 414 3720 467 τὸν

2136 500 2398 571 Χριστὸν
2418 501 2518 557 διὰ
2557 500 2669 573 τῆς
2697 486 2953 570 πἰστεως
2980 504 3050 557 ἐν
3071 502 3199 570 ταῖς
3228 505 3494 573 καρδίαις
3519 502 3713 574 ὑμῶν.

2142 596 2239 659 Εἰς
2304 593 2413 667 γὰρ
2478 592 2579 658 τὰς
2644 594 3099 666 ἀναγεννωμένων
3171 593 3346 665 ψυχὰς
3412 596 3719 666 ἀναγκαῖον

2142 686 2607 759 ἐξομοργνύμενον
2653 684 3016 740 ἐκτυποῦσθαι
3070 684 3164 740 τὸν
3211 684 3384 755 Λόγον
3420 683 3523 757 τῆς
3573 685 3718 760 ἀλη-

2140 776 2311 840 θείας.

813 886 943 959 (ζΑν.
977 886 1068 943 IX.
1101 887 1279 944 Filius
1316 889 1435 956 Dei,
1458 892 1549 963 qui
1574 892 1683 960 ipse
1703 908 1903 962 semper
1930 900 2023 959 stt,
2048 891 2202 947 hodie
2232 891 2467 964 gignitur
2487 893 2540 945 in
2574 890 2768 943 animis
2804 905 3057 959 sensuque
3092 888 3349 959 ﬁdelium.

524 1007 767 1068 Videtur.
780 1020 960 1067 autem
995 1013 1078 1067 vel
1108 1016 1342 1071 maxime
1364 1031 1667 1087 congruere
1712 1032 1839 1071 cum
1870 1017 2033 1073 dictis

452 1094 614 1177 eique
644 1106 801 1161 afline
846 1123 991 1173 esse,
1025 1109 1170 1178 quod
1217 1125 1281 1163 ex
1315 1123 1547 1178 persona
1602 1109 1781 1167 Patris
1809 1109 2032 1167 Christo

451 1200 691 1255 venienti
721 1200 791 1255 ad
816 1198 1108 1256 Iordanem
1141 1210 1201 1255 ut
1254 1217 1395 1272 aqua
1449 1204 1798 1267 lustraretur,
1825 1219 1857 1259 e
1888 1205 2030 1259 casio

450 1291 732 1345 oraculum
764 1290 1024 1353 defertur,
1056 1290 1234 1348 Filius
1285 1310 1428 1348 meus
1473 1311 1528 1348 es
1583 1303 1638 1347 tu
1669 1310 1687 1348 :
1742 1293 1853 1365 Ego
1879 1294 2032 1349 hodie

446 1381 603 1452 genui
627 1392 675 1435 te
708 1382 773 1435 ⁵⁸.
806 1380 1218 1438 Observandum
1276 1384 1419 1439 enim
1449 1393 1553 1450 est,
1584 1384 1778 1439 Filium
1810 1386 2028 1456 quidem

447 1485 609 1526 suum
636 1485 759 1526 esse
789 1471 1069 1527 indefinite
1092 1472 1497 1542 pronuntiasse,
1526 1479 1581 1528 et
1606 1474 1724 1528 sine
1757 1472 1866 1526 ulla
1901 1483 2032 1527 tem-

446 1563 598 1636 poris
645 1564 1150 1623 determinatione:
1201 1583 1256 1622 es
1313 1566 1480 1630 enim,
1530 1566 1629 1631 ait,
1680 1580 1791 1620 non
1846 1573 2027 1620 autem

2205 1016 2389 1070 Ἐοικε
2416 1014 2473 1068 δὲ
2497 1016 2610 1078 τοῖς
2635 1012 2945 1086 εἰρημένοις
2975 1012 3068 1067 καὶ
3098 1012 3258 1066 τοῦτο
3284 1012 3516 1084 μάλιστα
3541 1032 3720 1088 προσ-

2130 1106 2367 1161 εοικέναι
2397 1106 2492 1160 καὶ
2534 1108 2865 1177 συμφωνεῖν,
2887 1105 2948 1158 τὸ
2981 1104 3471 1177 χρησμῳδούμενον
3501 1106 3715 1162 ἄνωθεν

2130 1198 2191 1264 ἐξ
2219 1198 2385 1254 αὑτοῦ
2415 1198 2509 1252 τοῦ
2558 1198 2770 1270 Πατρδς
2820 1196 2900 1268 τῷ
2932 1196 3155 1269 Χριστῷ
3185 1196 3280 1250 ἐπὶ
3306 1196 3398 1251 τὸν
3444 1198 3713 1271 ἁγνισμὸν

2128 1292 2317 1360 ἥκοντι
2350 1289 2444 1344 τοῦ
2494 1289 2691 1354 ὓδατος
2720 1287 2831 1360 (20)
2878 1290 2936 1342 ὲν
2975 1287 3054 1361 τῷ
3102 1288 3372 1361 Ἰορδάνῃ·
3417 1291 3551 1357 Υιός
3588 1308 3715 1361 μου

2127 1378 2187 1435 εἷ
2217 1380 2329 1435 σὺ·
2366 1379 2483 1451 ἐγὼ
2516 1380 2785 1451 σήμερον
2816 1376 3147 1449 γεγέννηκά
3175 1394 3268 1433 σε.
3285 1380 3716 1454 Παρατηρητὲον

2127 1474 2256 1545 γὰρ,
2284 1474 2363 1528 ὅτι
2386 1474 2446 1527 τὸ
2479 1474 2578 1544 μὲν
2608 1474 2735 1527 Υἱδν
2762 1471 2927 1527 αὑτοῦ
2948 1467 3087 1526 εἶναι
3111 1470 3377 1544 ἀορίστως
3396 1474 3716 1545 ἀπεφήνατο

2128 1568 2222 1621 καὶ
2253 1566 2527 1639 ἀχρόνως⁸
2555 1566 2629 1620 EI
2675 1565 2785 1638 γὰρ
2839 1564 2988 1637 αὐτῷ
3033 1564 3159 1636 ἔφη,
3199 1564 3295 1619 καὶ
3331 1566 3404 1635 ςοὺ
3437 1566 3708 1636 Γέγοναςο

446 1656 622 1724 fuisti,
659 1666 752 1713 aut
781 1658 956 1715 factus
979 1675 1069 1727 es;
1128 1658 1475 1731 significans,
1531 1672 1630 1713 nec
1673 1672 1799 1712 cum
1832 1671 2013 1713 recent

2130 1658 2410 1730 ἐμφαίνων
2460 1658 2611 1733 μήτε
2671 1658 2981 1731 πρόσφατον
3040 1657 3202 1714 αὑτὸν
3258 1660 3539 1730 τετυχέναι
3609 1662 3713 1734 τῆς

443 1758 610 1816 esset,
659 1750 715 1804 in
768 1749 1109 1821 adoptionem
1162 1764 1287 1804 eum
1334 1747 1458 1803 Filii
1515 1747 1737 1804 venisse
1786 1765 1802 1803 :
1854 1760 2031 1816 neque

443 1858 641 1899 rursus
674 1858 798 1898 cum
829 1850 955 1897 ante
977 1842 1302 1905 exstitisset,
1335 1841 1683 1913 postmodum
1724 1838 1887 1895 linem
1933 1853 2028 1894 ac-

442 1938 657 2009 cepisse
688 1955 701 1991 :
735 1937 829 1993 sed
858 1937 952 2008 qui
996 1943 1123 1991 ante
1151 1936 1369 2007 genitus
1400 1937 1489 1999 sit,
1547 1936 1798 1993 eumdem
1825 1941 1880 1990 et
1915 1932 2031 1989 fore

440 2038 495 2086 et
521 2045 663 2086 esse.
691 2028 845 2096 Quod
868 2043 997 2084 vero
1022 2029 1194 2093 addit,
1223 2028 1334 2099 Ego
1354 2028 1509 2084 hodie
1526 2030 1681 2100 genui
1702 2037 1768 2093 te,
1789 2028 1893 2083 hoc
1922 2026 2029 2083 sibi

440 2121 597 2178 vult:
629 2118 734 2187 Qui
766 2128 894 2175 ante
925 2120 1127 2177 saecula
1187 2120 1408 2190 illisque
1462 2118 1741 2191 antiquior
1782 2117 1836 2171 in
1871 2115 2028 2172 caelis

439 2232 584 2281 eras,
618 2217 766 2272 volui
799 2225 853 2274 et
902 2214 1110 2270 mundo
1153 2214 1413 2287 gignere:
1442 2214 1548 2269 hoc
1594 2220 1700 2278 est,
1757 2212 1850 2283 qui
1900 2217 2027 2267 ante

440 2310 661 2379 ignotus
700 2324 859 2374 eras,
912 2308 969 2362 in
1007 2308 1289 2363 hominum
1332 2306 1702 2376 cognitionem
1753 2303 2026 2360 adducere

438 2410 604 2473 teque
630 2402 738 2458 illis
765 2400 1139 2457 manifestare.
1181 2399 1427 2472 Denique
1480 2399 1681 2470 quibus
1708 2397 2024 2453 hominibus

439 2496 670 2551 necdum
716 2508 915 2550 sensus
965 2493 1148 2549 illatus
1190 2500 1275 2548 est
1328 2489 1684 2546 multiformis
1743 2486 2022 2559 sapientiae

439 2584 556 2649 Dei,
588 2587 655 2642 iis
683 2586 918 2641 necdum
943 2585 1196 2640 Christus
1227 2591 1390 2639 natus
1414 2588 1519 2647 est,
1538 2581 1781 2636 nondum
1811 2580 2021 2636 scilicet

436 2682 690 2753 cognitus
718 2688 823 2744 est,
856 2680 1096 2734 nondum
1133 2677 1540 2741 manifestatus,
1572 2674 1815 2731 nondum
1853 2691 2021 2746 appa-

434 2772 569 2827 ruit.
597 2771 653 2826 Si
691 2789 822 2826 vero
852 2772 1123 2827 senserint
1156 2778 1211 2825 et
1264 2771 1367 2841 ipsi
1425 2769 1743 2840 mysterium
1793 2769 2015 2840 gratiae,

435 2872 569 2920 tunc
596 2874 649 2920 et
677 2864 805 2927 illis,
825 2879 949 2918 cum
981 2861 1445 2917 fuerintconversi
1468 2859 1736 2931 fidemque
1768 2875 2018 2931 suscepe-

433 2960 567 3021 rint,
614 2971 719 3027 qua
753 2956 980 3011 scientia
1006 2970 1070 3009 ac
1114 2952 1468 3024 intelligentia
1497 2951 1793 3016 donantur,
1826 2951 2013 3007 nasci-

2132 1750 2423 1817 υἱοθεσίας,
2453 1751 2591 1823 μήτε
2616 1746 2683 1805 αὖ
2716 1749 3160 1824 προῦπάρξαντα,
3194 1751 3331 1822 μετὰ
3361 1751 3533 1807 ταῦτα
3556 1754 3713 1818 τέλος

2128 1841 2451 1914 ἐσχηκέναι·
2508 1841 2647 1897 ἀλλὰ
2697 1841 3132 1916 προγεννηθέντα
3153 1882 3170 1907 ,
3222 1842 3317 1897 καὶ
3347 1842 3569 1898 ἔσεσθαι
3615 1846 3714 1899 καὶ

2128 1930 2267 1989 εἶναι
2296 1934 2389 1989 τὸν
2420 1935 2602 1990 αὐτόν.
2636 1936 2710 1989 Τὸ
2755 1936 2833 2000 δὲ,
2874 1936 3025 2005 Ἐγὼ
3063 1936 3335 2006 σήμερον
3376 1936 3713 2008 γεγέννηκά

2126 2042 2221 2091 σε,
2252 2026 2335 2080 ὃτι
2367 2025 2610 2099 Προόντα
2643 2025 2741 2098 ήδη
2772 2026 2877 2099 πρὸ
2906 2025 3018 2080 τῶν
3048 2025 3262 2103 αἰώνων
3299 2030 3357 2082 ὲν
3391 2031 3504 2093 τοῖς
3539 2029 3711 2102 οὐρα-

2125 2120 2257 2184 νοῖς,
2292 2117 2589 2189 ἐϐουλήθην
2621 2118 2715 2172 καὶ
2753 2116 2830 2189 τῷ
2864 2118 3055 2191 κόσμῳ
3089 2120 3373 2191 γεννῆσαι·
3402 2120 3430 2174 δ
3460 2120 3525 2193 δή
3563 2123 3709 2187 ἐστι,

2127 2209 2361 2282 πρόσθεν
2382 2210 2743 2281 ἀγνοούμενον
2768 2210 3053 2283 γνωρίσαι.
3092 2212 3309 2282 Ἀμέλει
3330 2214 3442 2276 τοῖς
3478 2212 3708 2283 μηδέπω

2124 2304 2233 2358 τῶν
2266 2303 2568 2373 ἀνθρώπων
2602 2302 3030 2375 συνῃσθημένοις
3056 2304 3158 2377 τὴν
3192 2303 3577 2360 πολυποίκιλον
3616 2322 3708 2359 σου

2124 2396 2252 2466 φὶαν
2295 2395 2391 2449 τοῦ
2419 2395 2555 2449 Θεοῦ
2581 2398 2610 2449 ὁ
2646 2397 2877 2466 Χριστὸς
2918 2396 3131 2450 οὐδέπω
3162 2397 3517 2470 γεγέννηται·
3566 2399 3709 2472 ὅπερ

2122 2487 2304 2552 ἐστὶν,
2334 2487 2546 2540 οὐδέπω
2583 2485 2863 2558 ἐγνώσθη,
2897 2486 3107 2540 οὐδέπω
3145 2487 3567 2559 πεφανέρωται,
3607 2488 3705 2542 οὒ-

2120 2577 2268 2635 δέπω
2300 2579 2493 2651 ἐφάνη.
2525 2579 2587 2633 El
2619 2578 2675 2633 δὲ
2712 2579 2984 2634 αἴσθοιντο
3024 2579 3120 2634 καὶ
3161 2574 3306 2635 οὗτοι
3350 2581 3450 2652 τῆς
3481 2580 3710 2653 χάριτος

2118 2672 2179 2726 τὸ
2216 2674 2548 2746 μυστήριον,
2582 2671 2702 2725 τότε
2754 2670 2818 2742 δὴ
2858 2671 2954 2725 καὶ
3000 2671 3211 2735 αὐτοῖς,
3239 2671 3402 2725 ὁπότε
3445 2670 3709 2743 ἐπέστρε-

2116 2763 2225 2834 ψαν
2257 2765 2349 2818 καὶ
2383 2765 2728 2828 ἐπίστευσαν,
2764 2762 2905 2816 κατὰ
2937 2762 3036 2835 τὴν
3070 2762 3271 2833 γνῶσιν
3305 2764 3400 2817 καὶ
3431 2764 3529 2836 τὴν
3576 2763 3708 2818 σύν-

2117 2873 2232 2910 εσιν
2254 2857 2525 2926 γεννᾶται.
2553 2855 2645 2908 Διὸ
2684 2855 3072 2929 προσηκόντως
3104 2854 3354 2909 ἐντεῦθεν
3388 2858 3420 2928 ἡ
3465 2856 3701 2928 Ἐκκλη-

2119 2951 2211 3004 σία
2232 2949 2322 3003 τὸν
2345 2949 2548 3021 ἄρσενα
2576 2948 2746 3018 Λόγον
2780 2951 2837 3003 ἐν
2882 2951 2995 3012 τοῖς
3031 2947 3407 3021 ἀγνιζομένοις
3433 2951 3522 3004 ἀεὶ
3563 2968 3702 3023 μορο

436 3058 545 3104 tur.
576 3047 754 3115 Quare
785 3047 912 3101 hinc
943 3045 1329 3101 convenienter
1358 3043 1623 3109 Ecclesia,
1669 3041 1725 3097 iu
1761 3041 1870 3097 illis
1916 3041 2010 3113 qui

2119 3042 2251 3114 φοῦν
2291 3020 2505 3113 λέγεται
2551 3044 2646 3097 καὶ
2692 3042 2908 3113 γεννᾷν.
2942 3042 3051 3095 Καὶ
3090 3042 3158 3096 τὰ
3190 3020 3289 3113 μὲν
3328 3042 3393 3114 δὴ
3429 3020 3704 3117 περὶήτιίῖιν

434 3143 737 3197 lustrantur
767 3139 877 3214 (qui
903 3141 1100 3195 scilicet
1138 3139 1397 3209 baptismo
1449 3138 1743 3209 tinguntur)
1766 3134 2007 3197 Verbum

2119 3136 2319 3192 ὠδίνων
2362 3136 2529 3208 αὐτῆς
2576 3138 2655 3201 εἰς
2682 3135 2909 3209 δύναμιν
2941 3136 3187 3209 εἴρηται·
3230 3137 3299 3191 τὰ
3339 3138 3396 3192 δὲ
3427 3139 3555 3211 περὶ
3599 3138 3702 3197 τοῦ

431 3234 734 3291 masculum
766 3248 981 3303 semper
1024 3234 1263 3288 formare
1291 3247 1355 3286 ac
1384 3233 1606 3303 gignere
1658 3231 1882 3286 dicitur.
1941 3227 2009 3283 Et

2119 3228 2407 3300 δράκοντος
2439 3226 2533 3280 καὶ
2565 3226 2673 3280 τῶν
2694 3226 2869 3282 ἄλλων
2900 3227 3026 3300 τῇδε
3064 3226 3448 3299 μεταϐλητέον.
3486 3228 3703 3285 Οὐκοῦν

432 3328 649 3395 quidem
683 3328 948 3381 hactenus
980 3326 1047 3381 de
1101 3326 1249 3382 illius
1287 3334 1447 3397 partu
1488 3342 1588 3397 pro
1624 3325 1885 3381 facultate
1925 3322 2011 3378 di-

2119 3318 2438 3393 πειρὼμεθα
2464 3319 2625 3373 πάλιν
2656 3318 2829 3383 ἄλλως
2861 3319 2925 3388 γέ
2954 3337 3071 3384 πως
3093 3319 3307 3393 δηλοῦν,
3329 3316 3374 3375 ὧ
3414 3322 3700 3395 παρθένοι,

432 3428 579 3474 ctum
606 3420 698 3474 sit.
748 3418 1012 3489 Deinceps
1060 3419 1125 3474 de
1158 3420 1416 3487 dracone,
1448 3419 1623 3491 deque
1656 3420 1781 3477 aliis
1827 3420 1883 3475 in
1917 3418 2010 3474 illa

2119 3412 2285 3485 μηδὲν
2325 3411 2707 3466 ἁποδειλιῶσαι
2740 3413 2875 3483 πρὸς
2912 3413 2973 3466 τὸ
3024 3413 3253 3485 μέγεθος
3290 3416 3399 3469 τῶν
3440 3418 3700 3489 αἰνιγμά-

434 3508 717 3580 Scriptura
769 3513 1103 3576 memoratis,
1155 3511 1286 3567 fides
1339 3512 1621 3567 liberanda
1683 3520 1788 3567 est.
1829 3493 2009 3578 Quare

2119 3522 2223 3560 των
2254 3504 2357 3577 τῆς
2403 3505 2661 3577 Γραφῆςο
2697 3507 2746 3559 ει
2777 3505 2834 3559 δέ
2887 3523 2941 3559 τι
2981 3505 3238 3561 δύσκολον
3280 3509 3542 3580 ὲμπὶπτει
3581 3514 3700 3576 τοῖς

431 3602 630 3658 iterum
680 3618 941 3659 conemur
995 3619 1101 3669 ea,
1159 3621 1193 3661 o
1246 3606 1524 3676 virgines,
1594 3606 1789 3675 quovis
1846 3603 2007 3659 modo

2119 3599 2293 3668 λόγοις
2317 3640 2332 3664 ,
2391 3598 2501 3668 ἐγὼ
2554 3598 2715 3654 πάλιν
2764 3600 2907 3672 ὑμᾶς
2969 3598 3158 3674 ὥσπερ
3208 3604 3463 3675 ποταμὸν
3519 3603 3700 3659 διαδι-

430 3706 721 3762 exponere,
755 3692 888 3747 nihil
922 3693 1270 3763 aenigmatum
1301 3694 1674 3765 magnitudine
1697 3702 1790 3749 aut
1810 3693 2007 3750 obscu-
2116 3693 2289 3747 ϐάσω.

431 3786 592 3841 ritate
632 3786 937 3876 ‘deterritaa.
989 3787 1146 3855 Quod
1201 3788 1247 3844 si
1293 3788 1425 3860 quid
1478 3789 1795 3860 perplexum
1842 3796 1937 3844 aut
1984 3786 2209 3843 difllcile
2267 3785 2565 3852 inciderit,
2619 3801 2721 3860 ego
2764 3803 2987 3844 rursum
3040 3790 3196 3847 vobis
3249 3793 3408 3862 quasi
3466 3798 3695 3863 pontem

431 3887 693 3947 sternam,
751 3890 843 3938 aut
890 3884 1170 3955 portitoris
1216 3885 1373 3956 quasi
1429 3885 1606 3940 olIicio
1639 3896 1791 3942 trans
1822 3900 2037 3941 amnem
2067 3882 2288 3939 veham.

429 3999 561 4055 CAP.
601 3998 667 4055 X.
704 4000 899 4065 Draco,
927 4000 1191 4059 diabolus.
1220 4000 1424 4068 Stellw,
1455 4000 1705 4058 draconis
1735 4003 1909 4088 cauda
1930 4003 2058 4088 creto
2098 4017 2357 4061 excussae,
2388 4000 2645 4057 hwretici.
2681 3999 2962 4059 Trinitatis
2991 4003 3218 4068 numeri,
3244 4002 3300 4058 id
3336 4013 3412 4059 est
3447 4019 3693 4074 persona

1598 4083 1888 4130 numerata:
1910 4092 1929 4131 :
1958 4083 2102 4129 circa
2129 4090 2242 4137 eas,
2273 4088 2494 4127 errores.

500 4186 678 4243 Draco
711 4189 823 4258 ille,
857 4205 1109 4262 magnus,
1141 4192 1319 4257 rufus,
1353 4201 1629 4259 versutus,
1678 4193 1999 4260 multifidus,

2187 4192 2248 4246 '0
2278 4190 2514 4263 δράκων,
2557 4194 2587 4246 ό
2626 4193 2835 4265 μέγας,
2866 4195 2895 4247 ὁ
2933 4194 3169 4267 πυρρὸς,
3203 4195 3232 4247 ό
3265 4192 3625 4266 πολύτροπος,
3657 4195 3693 4247 6

430 4278 719 4353 septiccps,
747 4284 1021 4355 corniger,
1053 4284 1270 4341 tertiam
1303 4287 1528 4343 trahens
1564 4288 1846 4343 stellarum
1879 4303 2008 4359 ρει-ρ

2119 4283 2456 4355 πολυσχιδὴς,
2495 4285 2525 4336 ὁ
2557 4285 2953 4356 ὲπτακέφαλος,
2980 4287 3010 4339 ὁ
3051 4286 3410 4359 κερασφόρος,
3446 4287 3476 4339 ὁ
3504 4284 3689 4358 σύρων

428 4385 562 4439 tem,
592 4376 648 4428 in
670 4374 888 4432 insidiis
914 4376 1137 4433 latitans
1174 4385 1236 4432 ut
1264 4378 1510 4435 mulieris
1537 4380 1894 4450 parturientis
1935 4379 2000 4436 li-

496 4526 545 4560 "
579 4524 733 4582 Psal.
762 4545 822 4596 ιι,
850 4529 940 4589 l7.

2105 4380 2169 4434 τὸ
2198 4380 2378 4451 τρίτον
2405 4378 2512 4434 τῶν
2552 4379 2820 4452 ἀστέρων,
2859 4380 2918 4443 ὃς
2946 4380 3091 4435 ἐστιν
3124 4378 3451 4451 ἐφεδρεύων,
3497 4379 3582 4434 ἵνα
3620 4376 3691 4433 τὸ

499 4682 1997 4777 (.99).???9395deesset:eiéactsczﬁslie“sum
2031 4696 2070 4748 υ
2102 4701 2249 4777 emt-
2309 4690 2493 4777 πρεπο.
2530 4710 2613 4777 ιιιν
2665 4695 2854 4777 arma
2901 4712 2985 4758 τις
3021 4694 3254 4777 γεννηθῇ
3303 4692 3540 4777 War:
3582 4694 3675 4777 alii

427 4753 532 4830 hoc
568 4753 899 4827 μνημονικόν
927 4753 1199 4813 Methodio
1236 4759 1388 4830 dare,
1422 4760 1579 4829 quasi
1608 4760 1771 4814 verba
1797 4753 1933 4830 p'salI
1958 4778 1994 4814 ιι

427 4824 545 4895 ipsa
571 4824 894 4897 evangelica
949 4829 1379 4897 putaverit:sed
1430 4824 1610 4883 malim
1664 4830 1764 4885 sibi
1797 4824 1999 4886 'indul-

428 4899 591 4963 sisse,
616 4904 677 4953 ut
732 4899 1051 4969 prophetica
1087 4901 1276 4965 verba,
1307 4901 1374 4956 de
1396 4900 1617 4956 Christo
1646 4903 1727 4957 sic
1748 4903 1906 4969 quasi
1930 4918 1993 4956 ex

428 4980 567 5042 aqua
600 4978 879 5042 nascente,
914 4981 1230 5040 exponeret,
1260 4972 1534 5042 quomodo
1563 4972 1724 5025 etiam
1754 4973 1997 5029 Ecclesia

427 5036 483 5090 in
513 5037 631 5107 ejus
684 5040 850 5095 natali
897 5056 958 5095 ea
984 5036 1235 5111 usurpat,
1278 5036 1427 5098 velut
1470 5042 1538 5096 de
1576 5058 1643 5097 eo
1680 5044 1824 5098 dicta
1864 5045 1995 5109 sint,

425 5117 792 5184 aeternamque
815 5112 933 5182 ejus
949 5113 1283 5184 nativitatem
1304 5124 1358 5184 et
1376 5115 1750 5184 temporalem,
1773 5124 2004 5184 paterno

424 5180 1065 5257 quasioraculo‘sonent.
1103 5183 1197 5247 Tb,
1229 5183 1431 5257 ἄνωθεν
1478 5180 1988 5257 γρησμῳδοῦμενον,

427 5251 568 5329 quod
600 5251 778 5329 reddit
799 5252 1116 5329 _Possinius,
1145 5255 1426 5329 oraculum
1461 5251 1756 5329 antiquum,
1797 5251 1988 5329 parum

424 5320 566 5395 mihi
606 5324 1050 5395 ecclesiasticum
1105 5327 1319 5381 videtur
1378 5336 1430 5379 et
1466 5320 1813 5395 appositum:
1854 5327 1987 5381 Nam

426 5389 567 5463 quod
597 5392 797 5463 ἄνωθεν
826 5395 963 5449 dixit
989 5396 1312 5459 Methodius,
1338 5396 1388 5450 id
1412 5389 1599 5450 Matth.
1626 5398 1921 5463 tn,ctMar.
1949 5413 1987 5459 ι.

504 5460 764 5541 οὐρανῶν.
803 5464 947 5541 _Luc.
1004 5482 1090 5541 tn,
1123 5469 1180 5535 ἐξ
1216 5466 1469 5541 οὐρανοῦ,
1495 5485 1523 5521 e
1550 5460 1713 5533 caelis,
1749 5470 1812 5523 de
1838 5470 1987 5533 creto,

424 5532 699 5595 dixerunt,
727 5535 957 5609 indeque
984 5532 1299 5609 delapsam'
1339 5539 1558 5594 Christo
1584 5548 1863 5609 paternam
1894 5532 1992 5595 vo?-

424 5615 540 5681 cem
565 5611 668 5681 ;_ut
699 5606 777 5681 sit
812 5606 1140 5681 adverbium
1162 5611 1286 5671 loci,
1329 5623 1435 5662 non
1460 5606 1741 5681 temporis,
1776 5625 1839 5665 ac
1869 5611 1993 5665 ἀντὶ

423 5673 865 5744 ςοῦ,οὑρανόίὶεν,
892 5686 952 5730 ιιι
995 5678 1079 5732 hic
1123 5681 1374 5744 sumitur,
1400 5679 1542 5749 quod
1574 5673 1623 5734 et
1648 5681 1736 5735 alii
1768 5690 1989 5737 notave~

2099 4765 2288 4825 denuo,
2311 4764 2425 4827 alii,
2452 4763 2606 4835 forte
2652 4763 2871 4829 melius,
2906 4783 2934 4821 e
2986 4763 3253 4835 supernis,
3294 4768 3410 4820 sive
3452 4764 3515 4819 de
3545 4767 3679 4821 creto

2099 4834 2357 4904 (superna
2387 4834 2597 4890 scilicet
2628 4844 2683 4890 et
2709 4851 2774 4891 ex
2799 4837 2984 4891 divino
3007 4834 3214 4907 semine
3242 4836 3545 4907 nativitate)
3578 4851 3675 4892 ex-

2098 4912 2400 4978 posuerunt
2437 4921 2449 4956 :
2478 4906 2589 4978 ubi;
2624 4916 2803 4961 tamen
2867 4907 3006 4961 ratio
3053 4906 3233 4977 aliqua
3267 4908 3468 4978 estsic
3501 4906 3671 4978 expo-

2099 4975 2371 5047 nendi,id
2426 4985 2511 5032 est
2556 4976 2747 5039 denuo,
2798 4978 2943 5047 quod
2992 4978 3065 5032 ita
3125 4975 3312 5033 crasse
3344 4975 3675 5035 Nicodeinus

2099 5045 2379 5101 Dominica
2431 5047 2595 5102 verba
2657 5045 3003 5112 intellexerit,
3053 5062 3117 5103 ac

2099 5064 2379 5101 uomtmca
2431 5064 2595 5102 verna
2657 5064 3003 5112 intellexerit,
3053 5064 3117 5103 ac
3156 5064 3314 5172 ﬂuam
3358 5064 3554 5104 novam
3604 5065 3671 5105 ex

2099 5126 2255 5190 utero
2286 5117 2435 5172 senis
2488 5118 2726 5172 hominis
2769 5119 3122 5190 nativitatem
3196 5119 3385 5182 iceret,
3418 5135 3528 5175 non
3553 5134 3674 5190 qua:

2094 5203 2162 5242 ex
2198 5187 2307 5242 Deo
2346 5195 2491 5244 esset
2523 5203 2604 5260 _ae
2652 5190 2945 5258 spiritalis;
2982 5188 3125 5260 quod
3159 5192 3237 5245 sic
3276 5190 3537 5246 adverbio
3566 5187 3670 5247 loci

2098 5274 2197 5328 pro
2215 5265 2403 5332 nostra
2440 5258 3201 5332 τιιὰιιοῑθεριυίιξειιιιιθῖᾔνίιιο
3235 5264 3479 5326 oraculo,
3507 5264 3674 5332 expli-

2097 5345 2222 5384 care
2251 5329 2516 5399 cogimur.
2548 5328 2656 5383 Nec
2684 5328 2924 5387 Joannes
2945 5330 3091 5388 aliud
3118 5333 3347 5386 voluerit
3376 5328 3670 5390 Dominum

2097 5402 2302 5457 dixisse
2320 5400 2836 5474 eam_nativitatem
2864 5419 3026 5472 quam
3054 5401 3199 5473 quod
3232 5403 3349 5474 ipse
3378 5420 3496 5459 eam
3530 5406 3670 5460 dixit

2097 5487 2216 5546 cap.
2243 5488 2280 5537 ι,
2315 5472 2379 5524 ἐκ
2400 5471 2493 5524 τοῦ
2518 5470 2673 5531 Θεοῦ,
2699 5485 2763 5546 ex
2790 5470 2939 5537 Deo;
2973 5470 3094 5544 (ιιιιὲ
3126 5470 3513 5546 ἰρδειέοοιιιιάιι
3547 5477 3669 5546 qui-

2098 5544 2219 5597 dem
2250 5550 2406 5617 estet
2434 5557 2599 5598 nova:
2631 5542 2725 5617 sed
2759 5558 2822 5595 ea
2859 5542 3013 5617 voce,
3049 5542 3161 5599 non
3187 5544 3241 5599 id
3270 5546 3446 5617 primo
3475 5542 3652 5617 imper

2102 5622 2217 5686 tare
2243 5612 2478 5686 videtur,
2502 5612 2646 5686 quod
2672 5613 2908 5686 secunda
2932 5623 2986 5670 et
3007 5630 3146 5670 nova
3170 5612 3283 5680 est,
3300 5612 3567 5686 sedquod
3588 5629 3640 5670 ta

2102 5685 2167 5739 lis
2191 5682 2418 5755 originis
2445 5681 2531 5755 (ex
2556 5681 2664 5741 Deo
2689 5685 2898 5742 scilicet
2922 5693 2975 5741 et
2995 5701 3026 5743 e
3047 5686 3224 5760 cmlis)
3247 5693 3347 5744 cst.
3373 5681 3646 5743 coneris

3196 5048 3314 5103 nasi
3358 5063 3554 5104 novam
3604 5065 3671 5105 ex
