  <div class='ocr_page' id='page_1' title='image "/cluster/home/n/w/nwhite01/storage/ocr_20150623/18/hvd.32044073501207/082.png"; bbox 0 0 3964 6226; ppageno 0'>
   <div class='ocr_carea' id='block_1_1' title="bbox 232 215 355 275">
    <p class='ocr_par' dir='ltr' id='par_1_1' title="bbox 232 215 355 275">
     <span class='ocr_line' id='line_1_1' title="bbox 232 215 355 275; baseline 0.008 -1"><span class='ocrx_word' id='word_1_1' title='bbox 232 215 355 275; x_wconf 72' lang='grc'><strong>133.</strong></span> 
     </span>
    </p>
   </div>
   <div class='ocr_carea' id='block_1_2' title="bbox 1248 236 2359 307">
    <p class='ocr_par' dir='ltr' id='par_1_2' title="bbox 1248 236 2359 307">
     <span class='ocr_line' id='line_1_2' title="bbox 1248 236 2359 307; baseline 0.006 -15"><span class='ocrx_word' id='word_1_2' title='bbox 1248 268 1257 277; x_wconf 92' lang='lat'><strong>-</strong></span> <span class='ocrx_word' id='word_1_3' title='bbox 1303 236 1690 296; x_wconf 73' lang='grc' dir='ltr'>εοΝνινιωι</span> <span class='ocrx_word' id='word_1_4' title='bbox 1731 237 1960 296; x_wconf 69' lang='lat' dir='ltr'><strong>DECEM</strong></span> <span class='ocrx_word' id='word_1_5' title='bbox 1998 238 2359 307; x_wconf 61' lang='lat' dir='ltr'><strong>VIRGINUK.</strong></span> 
     </span>
    </p>
   </div>
   <div class='ocr_carea' id='block_1_3' title="bbox 3394 255 3499 313">
    <p class='ocr_par' dir='ltr' id='par_1_3' title="bbox 3394 255 3499 313">
     <span class='ocr_line' id='line_1_3' title="bbox 3394 255 3499 313; baseline 0.029 -3"><span class='ocrx_word' id='word_1_6' title='bbox 3394 255 3499 313; x_wconf 63' lang='lat'><strong>{3|</strong></span> 
     </span>
    </p>
   </div>
   <div class='ocr_carea' id='block_1_4' title="bbox 225 335 1780 430">
    <p class='ocr_par' dir='ltr' id='par_1_4' title="bbox 225 335 1780 430">
     <span class='ocr_line' id='line_1_4' title="bbox 225 335 1780 430; baseline 0.016 -44"><span class='ocrx_word' id='word_1_7' title='bbox 225 335 425 430; x_wconf 52' lang='grc' dir='ltr'>τέκνον</span> <span class='ocrx_word' id='word_1_8' title='bbox 459 338 553 409; x_wconf 65' lang='grc' dir='ltr'>τῆς</span> <span class='ocrx_word' id='word_1_9' title='bbox 582 339 879 413; x_wconf 75' lang='grc' dir='ltr'>ὡδινούσης</span> <span class='ocrx_word' id='word_1_10' title='bbox 904 348 1161 415; x_wconf 80' lang='grc' dir='ltr'>γυναικὸς</span> <span class='ocrx_word' id='word_1_11' title='bbox 1184 352 1499 428; x_wconf 76' lang='grc' dir='ltr'><strong>καταφάγῃ,</strong></span> <span class='ocrx_word' id='word_1_12' title='bbox 1530 357 1559 409; x_wconf 86' lang='grc' dir='ltr'><strong>ό</strong></span> <span class='ocrx_word' id='word_1_13' title='bbox 1582 356 1780 410; x_wconf 75' lang='grc' dir='ltr'>διάῦολι</span> 
     </span>
    </p>
   </div>
   <div class='ocr_carea' id='block_1_5' title="bbox 1886 335 3504 430">
    <p class='ocr_par' dir='ltr' id='par_1_5' title="bbox 1886 357 3504 430">
     <span class='ocr_line' id='line_1_5' title="bbox 1886 357 3504 430; baseline 0.012 -20"><span class='ocrx_word' id='word_1_14' title='bbox 1886 357 2056 418; x_wconf 62' lang='grc' dir='ltr'>,Ιὶιιω</span> <span class='ocrx_word' id='word_1_15' title='bbox 2085 357 2327 426; x_wconf 88' lang='lat' dir='ltr'><strong>devoret,</strong></span> <span class='ocrx_word' id='word_1_16' title='bbox 2356 358 2611 416; x_wconf 81' lang='lat' dir='ltr'><strong>diabolus</strong></span> <span class='ocrx_word' id='word_1_17' title='bbox 2649 359 2741 418; x_wconf 87' lang='lat' dir='ltr'><strong>hic</strong></span> <span class='ocrx_word' id='word_1_18' title='bbox 2792 369 2899 429; x_wconf 87' lang='lat' dir='ltr'><strong>est,</strong></span> <span class='ocrx_word' id='word_1_19' title='bbox 2948 363 3006 420; x_wconf 87' lang='lat' dir='ltr'><strong>in</strong></span> <span class='ocrx_word' id='word_1_20' title='bbox 3054 365 3158 422; x_wconf 79' lang='lat' dir='ltr'><strong>hoc</strong></span> <span class='ocrx_word' id='word_1_21' title='bbox 3190 366 3407 426; x_wconf 86' lang='lat' dir='ltr'><strong>locatus</strong></span> <span class='ocrx_word' id='word_1_22' title='bbox 3437 386 3504 430; x_wconf 83' lang='lat' dir='ltr'><strong>ac</strong></span> 
     </span>
    </p>
   </div>
   <div class='ocr_carea' id='block_1_6' title="bbox 225 425 1813 518">
    <p class='ocr_par' dir='ltr' id='par_1_6' title="bbox 225 425 1813 518">
     <span class='ocr_line' id='line_1_6' title="bbox 225 425 1813 518; baseline 0.013 -37"><span class='ocrx_word' id='word_1_23' title='bbox 225 425 394 494; x_wconf 70' lang='grc' dir='ltr'>οὗτός</span> <span class='ocrx_word' id='word_1_24' title='bbox 434 435 579 485; x_wconf 77' lang='grc' dir='ltr'>ἐστιν</span> <span class='ocrx_word' id='word_1_25' title='bbox 616 435 645 486; x_wconf 84' lang='grc' dir='ltr'>ὁ</span> <span class='ocrx_word' id='word_1_26' title='bbox 686 434 1002 508; x_wconf 79' lang='grc' dir='ltr'>ἐνεδρεύων,</span> <span class='ocrx_word' id='word_1_27' title='bbox 1037 441 1066 494; x_wconf 88' lang='grc' dir='ltr'><strong>ό</strong></span> <span class='ocrx_word' id='word_1_28' title='bbox 1101 441 1275 514; x_wconf 82' lang='grc' dir='ltr'>λοχῶν</span> <span class='ocrx_word' id='word_1_29' title='bbox 1314 425 1657 518; x_wconf 67' lang='grc' dir='ltr'>λυμήνασθαι</span> <span class='ocrx_word' id='word_1_30' title='bbox 1703 446 1813 501; x_wconf 85' lang='grc' dir='ltr'><strong>τῶν</strong></span> 
     </span>
    </p>
   </div>
   <div class='ocr_carea' id='block_1_7' title="bbox 228 522 1811 611">
    <p class='ocr_par' dir='ltr' id='par_1_7' title="bbox 228 522 1811 611">
     <span class='ocr_line' id='line_1_7' title="bbox 228 522 1811 611; baseline 0.014 -39"><span class='ocrx_word' id='word_1_31' title='bbox 228 522 611 593; x_wconf 74' lang='grc' dir='ltr'>φωτισθέντων</span> <span class='ocrx_word' id='word_1_32' title='bbox 653 523 745 577; x_wconf 81' lang='grc' dir='ltr'>τὸν</span> <span class='ocrx_word' id='word_1_33' title='bbox 776 529 1171 601; x_wconf 83' lang='grc' dir='ltr'>χριστόληπτον</span> <span class='ocrx_word' id='word_1_34' title='bbox 1203 535 1347 602; x_wconf 74' lang='grc' dir='ltr'>νοῦν,</span> <span class='ocrx_word' id='word_1_35' title='bbox 1384 538 1479 591; x_wconf 77' lang='grc' dir='ltr'>καὶ</span> <span class='ocrx_word' id='word_1_36' title='bbox 1513 539 1614 611; x_wconf 82' lang='grc' dir='ltr'>τὴν</span> <span class='ocrx_word' id='word_1_37' title='bbox 1647 538 1811 593; x_wconf 80' lang='grc' dir='ltr'>ὲκτύ-</span> 
     </span>
    </p>
   </div>
   <div class='ocr_carea' id='block_1_8' title="bbox 226 615 1810 700">
    <p class='ocr_par' dir='ltr' id='par_1_8' title="bbox 226 615 1810 700">
     <span class='ocr_line' id='line_1_8' title="bbox 226 615 1810 700; baseline 0.011 -32"><span class='ocrx_word' id='word_1_38' title='bbox 226 627 405 669; x_wconf 77' lang='grc' dir='ltr'>πῶσιν</span> <span class='ocrx_word' id='word_1_39' title='bbox 431 615 524 668; x_wconf 77' lang='grc' dir='ltr'><strong>καὶ</strong></span> <span class='ocrx_word' id='word_1_40' title='bbox 562 617 833 688; x_wconf 86' lang='grc' dir='ltr'>τράνωσιν</span> <span class='ocrx_word' id='word_1_41' title='bbox 864 621 962 694; x_wconf 82' lang='grc' dir='ltr'>τὴν</span> <span class='ocrx_word' id='word_1_42' title='bbox 991 626 1049 678; x_wconf 81' lang='grc' dir='ltr'>ὲν</span> <span class='ocrx_word' id='word_1_43' title='bbox 1089 626 1273 691; x_wconf 79' lang='grc' dir='ltr'>αὐτοῖς</span> <span class='ocrx_word' id='word_1_44' title='bbox 1300 627 1690 700; x_wconf 85' lang='grc' dir='ltr'>ἀποτεχθεῖσαν</span> <span class='ocrx_word' id='word_1_45' title='bbox 1714 630 1810 685; x_wconf 81' lang='grc' dir='ltr'>τοῦ</span> 
     </span>
    </p>
   </div>
   <div class='ocr_carea' id='block_1_9' title="bbox 218 706 1811 795">
    <p class='ocr_par' dir='ltr' id='par_1_9' title="bbox 218 706 1811 795">
     <span class='ocr_line' id='line_1_9' title="bbox 218 706 1811 795; baseline 0.012 -35"><span class='ocrx_word' id='word_1_46' title='bbox 218 706 402 775; x_wconf 78' lang='grc' dir='ltr'>Λόγου</span> <span class='ocrx_word' id='word_1_47' title='bbox 423 721 439 737; x_wconf 82' lang='lat'>&#39;</span> <span class='ocrx_word' id='word_1_48' title='bbox 470 707 587 761; x_wconf 78' lang='grc' dir='ltr'>ἀλλ’</span> <span class='ocrx_word' id='word_1_49' title='bbox 614 710 835 787; x_wconf 83' lang='grc' dir='ltr'>ἀστοχεῖ</span> <span class='ocrx_word' id='word_1_50' title='bbox 860 715 954 768; x_wconf 78' lang='grc' dir='ltr'>καὶ</span> <span class='ocrx_word' id='word_1_51' title='bbox 999 717 1294 787; x_wconf 77' lang='grc' dir='ltr'><strong>σφάλλεται</strong></span> <span class='ocrx_word' id='word_1_52' title='bbox 1337 721 1437 793; x_wconf 80' lang='grc' dir='ltr'>τῆς</span> <span class='ocrx_word' id='word_1_53' title='bbox 1464 722 1662 795; x_wconf 80' lang='grc' dir='ltr'><strong>ἄγρας,</strong></span> <span class='ocrx_word' id='word_1_54' title='bbox 1697 723 1811 779; x_wconf 82' lang='grc' dir='ltr'>ἄνω</span> 
     </span>
    </p>
   </div>
   <div class='ocr_carea' id='block_1_10' title="bbox 217 797 1810 889">
    <p class='ocr_par' dir='ltr' id='par_1_10' title="bbox 217 797 1810 889">
     <span class='ocr_line' id='line_1_10' title="bbox 217 797 1810 889; baseline 0.014 -40"><span class='ocrx_word' id='word_1_55' title='bbox 217 797 362 870; x_wconf 70' lang='grc' dir='ltr'>πρὸς</span> <span class='ocrx_word' id='word_1_56' title='bbox 413 797 551 869; x_wconf 64' lang='grc' dir='ltr'>ὕψος</span> <span class='ocrx_word' id='word_1_57' title='bbox 590 800 989 876; x_wconf 77' lang='grc' dir='ltr'><strong>ἁρπαζομένων</strong></span> <span class='ocrx_word' id='word_1_58' title='bbox 1018 808 1126 863; x_wconf 84' lang='grc' dir='ltr'><strong>τῶν</strong></span> <span class='ocrx_word' id='word_1_59' title='bbox 1166 811 1624 885; x_wconf 82' lang='grc' dir='ltr'>ἀναγεννωμένων</span> <span class='ocrx_word' id='word_1_60' title='bbox 1672 816 1810 889; x_wconf 84' lang='grc' dir='ltr'>πρὸς</span> 
     </span>
    </p>
   </div>
   <div class='ocr_carea' id='block_1_11' title="bbox 213 890 1807 981">
    <p class='ocr_par' dir='ltr' id='par_1_11' title="bbox 213 890 1807 981">
     <span class='ocr_line' id='line_1_11' title="bbox 213 890 1807 981; baseline 0.012 -38"><span class='ocrx_word' id='word_1_61' title='bbox 213 890 312 943; x_wconf 76' lang='grc' dir='ltr'>τὸν</span> <span class='ocrx_word' id='word_1_62' title='bbox 348 890 543 964; x_wconf 79' lang='grc' dir='ltr'><strong>θρόνον</strong></span> <span class='ocrx_word' id='word_1_63' title='bbox 590 894 686 948; x_wconf 81' lang='grc' dir='ltr'><strong>τοῦ</strong></span> <span class='ocrx_word' id='word_1_64' title='bbox 729 895 886 952; x_wconf 80' lang='grc' dir='ltr'>Θεοῦ.</span> <span class='ocrx_word' id='word_1_65' title='bbox 935 900 1001 953; x_wconf 79' lang='lat'><strong>‘0</strong></span> <span class='ocrx_word' id='word_1_66' title='bbox 1044 899 1106 973; x_wconf 87' lang='grc' dir='ltr'><strong>δή</strong></span> <span class='ocrx_word' id='word_1_67' title='bbox 1140 903 1319 970; x_wconf 80' lang='grc' dir='ltr'>ἐστιν,</span> <span class='ocrx_word' id='word_1_68' title='bbox 1372 904 1486 960; x_wconf 80' lang='grc' dir='ltr'><strong>ἀνω</strong></span> <span class='ocrx_word' id='word_1_69' title='bbox 1531 907 1659 980; x_wconf 75' lang='grc' dir='ltr'>περὶ</span> <span class='ocrx_word' id='word_1_70' title='bbox 1707 908 1807 981; x_wconf 82' lang='grc' dir='ltr'>τὴν</span> 
     </span>
    </p>
   </div>
   <div class='ocr_carea' id='block_1_12' title="bbox 215 979 1808 1073">
    <p class='ocr_par' dir='ltr' id='par_1_12' title="bbox 215 979 1808 1073">
     <span class='ocr_line' id='line_1_12' title="bbox 215 979 1808 1073; baseline 0.016 -40"><span class='ocrx_word' id='word_1_71' title='bbox 215 979 378 1035; x_wconf 83' lang='grc' dir='ltr'>θείαν</span> <span class='ocrx_word' id='word_1_72' title='bbox 422 983 616 1055; x_wconf 74' lang='grc' dir='ltr'>εδραν,</span> <span class='ocrx_word' id='word_1_73' title='bbox 656 988 751 1041; x_wconf 80' lang='grc' dir='ltr'>καὶ</span> <span class='ocrx_word' id='word_1_74' title='bbox 783 990 886 1065; x_wconf 63' lang='grc' dir='ltr'><strong>τιν</strong></span> <span class='ocrx_word' id='word_1_75' title='bbox 927 992 1349 1051; x_wconf 87' lang='grc' dir='ltr'>ἀσκανδάλιστον</span> <span class='ocrx_word' id='word_1_76' title='bbox 1394 979 1659 1055; x_wconf 80' lang='grc' dir='ltr'>ὑπόϐασιν</span> <span class='ocrx_word' id='word_1_77' title='bbox 1708 979 1808 1073; x_wconf 68' lang='grc' dir='ltr'>τῆς</span> 
     </span>
    </p>
   </div>
   <div class='ocr_carea' id='block_1_13' title="bbox 213 1073 1802 1161">
    <p class='ocr_par' dir='ltr' id='par_1_13' title="bbox 213 1073 1802 1161">
     <span class='ocr_line' id='line_1_13' title="bbox 213 1073 1802 1161; baseline 0.016 -35"><span class='ocrx_word' id='word_1_78' title='bbox 213 1073 504 1146; x_wconf 75' lang='grc' dir='ltr'>ἀληθείας,</span> <span class='ocrx_word' id='word_1_79' title='bbox 529 1078 746 1151; x_wconf 75' lang='grc' dir='ltr'>αἴρεται</span> <span class='ocrx_word' id='word_1_80' title='bbox 774 1082 837 1136; x_wconf 80' lang='grc' dir='ltr'>τὸ</span> <span class='ocrx_word' id='word_1_81' title='bbox 862 1085 1117 1158; x_wconf 80' lang='grc' dir='ltr'>φρόνημα</span> <span class='ocrx_word' id='word_1_82' title='bbox 1146 1089 1252 1144; x_wconf 81' lang='grc' dir='ltr'><strong>τῶν</strong></span> <span class='ocrx_word' id='word_1_83' title='bbox 1289 1091 1802 1161; x_wconf 70' lang='grc' dir='ltr'>ἀνακαινισθὲντων,</span> 
     </span>
    </p>
   </div>
   <div class='ocr_carea' id='block_1_14' title="bbox 210 1163 1801 1256">
    <p class='ocr_par' dir='ltr' id='par_1_14' title="bbox 210 1163 1801 1256">
     <span class='ocr_line' id='line_1_14' title="bbox 210 1163 1801 1256; baseline 0.016 -41"><span class='ocrx_word' id='word_1_84' title='bbox 210 1163 282 1216; x_wconf 68' lang='grc' dir='ltr'>τὰ</span> <span class='ocrx_word' id='word_1_85' title='bbox 306 1166 431 1218; x_wconf 72' lang='grc' dir='ltr'>ἐκεῖ</span> <span class='ocrx_word' id='word_1_86' title='bbox 460 1166 683 1236; x_wconf 81' lang='grc' dir='ltr'>βλέπειν</span> <span class='ocrx_word' id='word_1_87' title='bbox 716 1174 813 1226; x_wconf 74' lang='grc' dir='ltr'><strong>καὶ</strong></span> <span class='ocrx_word' id='word_1_88' title='bbox 849 1174 917 1228; x_wconf 71' lang='grc' dir='ltr'><strong>τὰ</strong></span> <span class='ocrx_word' id='word_1_89' title='bbox 948 1176 1065 1231; x_wconf 76' lang='grc' dir='ltr'>ἐκεῖ</span> <span class='ocrx_word' id='word_1_90' title='bbox 1111 1178 1479 1248; x_wconf 70' lang='grc' dir='ltr'><strong>φαντάζεσθαι</strong></span> <span class='ocrx_word' id='word_1_91' title='bbox 1526 1185 1801 1256; x_wconf 85' lang='grc' dir='ltr'>παιδαγω-</span> 
     </span>
    </p>
   </div>
   <div class='ocr_carea' id='block_1_15' title="bbox 209 1258 1800 1352">
    <p class='ocr_par' dir='ltr' id='par_1_15' title="bbox 209 1258 1800 1352">
     <span class='ocr_line' id='line_1_15' title="bbox 209 1258 1800 1352; baseline 0.016 -43"><span class='ocrx_word' id='word_1_92' title='bbox 209 1258 526 1352; x_wconf 76' lang='grc' dir='ltr'>γουμένων,</span> <span class='ocrx_word' id='word_1_93' title='bbox 556 1262 647 1317; x_wconf 86' lang='grc' dir='ltr'>ἴνα</span> <span class='ocrx_word' id='word_1_94' title='bbox 674 1264 752 1335; x_wconf 79' lang='grc' dir='ltr'><strong>μὴ</strong></span> <span class='ocrx_word' id='word_1_95' title='bbox 773 1267 1027 1341; x_wconf 75' lang='grc' dir='ltr'>ἀπατηθῇ</span> <span class='ocrx_word' id='word_1_96' title='bbox 1051 1270 1188 1342; x_wconf 84' lang='grc' dir='ltr'>πρὸς</span> <span class='ocrx_word' id='word_1_97' title='bbox 1221 1272 1315 1327; x_wconf 81' lang='grc' dir='ltr'>τοῦ</span> <span class='ocrx_word' id='word_1_98' title='bbox 1355 1275 1647 1347; x_wconf 84' lang='grc' dir='ltr'>δράκοντος</span> <span class='ocrx_word' id='word_1_99' title='bbox 1687 1278 1800 1352; x_wconf 70' lang='grc' dir='ltr'><strong>βρί⁴</strong></span> 
     </span>
    </p>
   </div>
   <div class='ocr_carea' id='block_1_16' title="bbox 209 1351 1800 1439">
    <p class='ocr_par' dir='ltr' id='par_1_16' title="bbox 209 1351 1800 1439">
     <span class='ocr_line' id='line_1_16' title="bbox 209 1351 1800 1439; baseline 0.016 -36"><span class='ocrx_word' id='word_1_100' title='bbox 209 1351 402 1416; x_wconf 64' lang='lat' dir='ltr'><strong>Bon-0;</strong></span> <span class='ocrx_word' id='word_1_101' title='bbox 431 1355 605 1411; x_wconf 84' lang='grc' dir='ltr'>κάτω.</span> <span class='ocrx_word' id='word_1_102' title='bbox 641 1358 716 1411; x_wconf 93' lang='grc' dir='ltr'><strong>Οὐ</strong></span> <span class='ocrx_word' id='word_1_103' title='bbox 744 1358 853 1433; x_wconf 80' lang='grc' dir='ltr'><strong>γὰρ</strong></span> <span class='ocrx_word' id='word_1_104' title='bbox 883 1362 1032 1434; x_wconf 85' lang='grc' dir='ltr'>αὐτῷ</span> <span class='ocrx_word' id='word_1_105' title='bbox 1060 1364 1218 1437; x_wconf 79' lang='grc' dir='ltr'>θέμις</span> <span class='ocrx_word' id='word_1_106' title='bbox 1248 1360 1376 1433; x_wconf 70' lang='grc' dir='ltr'><strong>⁸ιῗοὺς</strong></span> <span class='ocrx_word' id='word_1_107' title='bbox 1404 1369 1516 1424; x_wconf 80' lang='grc' dir='ltr'>ἄνω</span> <span class='ocrx_word' id='word_1_108' title='bbox 1548 1351 1800 1439; x_wconf 82' lang='grc' dir='ltr'>νεύοντας</span> 
     </span>
    </p>
   </div>
   <div class='ocr_carea' id='block_1_17' title="bbox 208 1446 1800 1540">
    <p class='ocr_par' dir='ltr' id='par_1_17' title="bbox 208 1446 1800 1540">
     <span class='ocr_line' id='line_1_17' title="bbox 208 1446 1800 1540; baseline 0.016 -44"><span class='ocrx_word' id='word_1_109' title='bbox 208 1446 303 1497; x_wconf 71' lang='grc' dir='ltr'>καὶ</span> <span class='ocrx_word' id='word_1_110' title='bbox 333 1446 644 1517; x_wconf 73' lang='grc' dir='ltr'>βλέποντας</span> <span class='ocrx_word' id='word_1_111' title='bbox 667 1453 946 1522; x_wconf 75' lang='grc' dir='ltr'><strong>ἀφανίσαι.</strong></span> <span class='ocrx_word' id='word_1_112' title='bbox 975 1460 1037 1511; x_wconf 77' lang='lat' dir='ltr'><strong>Oi</strong></span> <span class='ocrx_word' id='word_1_113' title='bbox 1069 1458 1127 1512; x_wconf 88' lang='grc' dir='ltr'>δὲ</span> <span class='ocrx_word' id='word_1_114' title='bbox 1152 1459 1380 1535; x_wconf 82' lang='grc' dir='ltr'><strong>ἀστέρες</strong></span> <span class='ocrx_word' id='word_1_115' title='bbox 1408 1463 1567 1528; x_wconf 79' lang='grc' dir='ltr'>είσὶν,</span> <span class='ocrx_word' id='word_1_116' title='bbox 1598 1464 1693 1530; x_wconf 83' lang='grc' dir='ltr'>οὓς</span> <span class='ocrx_word' id='word_1_117' title='bbox 1722 1468 1800 1540; x_wconf 76' lang='grc' dir='ltr'><strong>τῷ</strong></span> 
     </span>
    </p>
   </div>
   <div class='ocr_carea' id='block_1_18' title="bbox 206 1538 1798 1631">
    <p class='ocr_par' dir='ltr' id='par_1_18' title="bbox 206 1538 1798 1631">
     <span class='ocr_line' id='line_1_18' title="bbox 206 1538 1798 1631; baseline 0.016 -43"><span class='ocrx_word' id='word_1_118' title='bbox 206 1538 305 1608; x_wconf 70' lang='grc' dir='ltr'>τῆς</span> <span class='ocrx_word' id='word_1_119' title='bbox 336 1539 517 1611; x_wconf 75' lang='grc' dir='ltr'>οὐρᾶς</span> <span class='ocrx_word' id='word_1_120' title='bbox 538 1542 693 1615; x_wconf 76' lang='grc' dir='ltr'>ἄκρῳ</span> <span class='ocrx_word' id='word_1_121' title='bbox 724 1546 863 1601; x_wconf 83' lang='grc' dir='ltr'><strong>κατά</strong></span> <span class='ocrx_word' id='word_1_122' title='bbox 905 1551 1149 1622; x_wconf 80' lang='grc' dir='ltr'>κορυφῆς</span> <span class='ocrx_word' id='word_1_123' title='bbox 1179 1553 1552 1626; x_wconf 70' lang='grc' dir='ltr'><strong>ἐφαπτόμενος</strong></span> <span class='ocrx_word' id='word_1_124' title='bbox 1595 1558 1673 1623; x_wconf 89' lang='grc' dir='ltr'><strong>είς</strong></span> <span class='ocrx_word' id='word_1_125' title='bbox 1700 1538 1798 1631; x_wconf 82' lang='grc' dir='ltr'>τὴν</span> 
     </span>
    </p>
   </div>
   <div class='ocr_carea' id='block_1_19' title="bbox 205 1633 1797 1723">
    <p class='ocr_par' dir='ltr' id='par_1_19' title="bbox 205 1633 1797 1723">
     <span class='ocr_line' id='line_1_19' title="bbox 205 1633 1797 1723; baseline 0.018 -41"><span class='ocrx_word' id='word_1_126' title='bbox 205 1633 309 1704; x_wconf 76' lang='grc' dir='ltr'>γῆν</span> <span class='ocrx_word' id='word_1_127' title='bbox 346 1638 632 1707; x_wconf 75' lang='grc' dir='ltr'>κατασπᾷ,</span> <span class='ocrx_word' id='word_1_128' title='bbox 663 1637 774 1692; x_wconf 83' lang='grc' dir='ltr'><strong>τῶν</strong></span> <span class='ocrx_word' id='word_1_129' title='bbox 800 1640 1064 1711; x_wconf 76' lang='grc' dir='ltr'><strong>αἱρέσεων</strong></span> <span class='ocrx_word' id='word_1_130' title='bbox 1084 1645 1142 1696; x_wconf 82' lang='grc' dir='ltr'><strong>αἱ</strong></span> <span class='ocrx_word' id='word_1_131' title='bbox 1182 1647 1501 1718; x_wconf 87' lang='grc' dir='ltr'>συστροφαί.</span> <span class='ocrx_word' id='word_1_132' title='bbox 1538 1649 1797 1723; x_wconf 80' lang='grc' dir='ltr'>Ἀστὲρας</span> 
     </span>
    </p>
   </div>
   <div class='ocr_carea' id='block_1_20' title="bbox 1920 449 3501 533">
    <p class='ocr_par' dir='ltr' id='par_1_20' title="bbox 1920 449 3501 533">
     <span class='ocr_line' id='line_1_20' title="bbox 1920 449 3501 533; baseline 0.009 -28"><span class='ocrx_word' id='word_1_133' title='bbox 1920 449 2186 517; x_wconf 83' lang='lat' dir='ltr'><strong>insidens,</strong></span> <span class='ocrx_word' id='word_1_134' title='bbox 2216 459 2275 506; x_wconf 94' lang='lat' dir='ltr'><strong>ut</strong></span> <span class='ocrx_word' id='word_1_135' title='bbox 2301 467 2490 507; x_wconf 90' lang='lat' dir='ltr'><strong>eorum</strong></span> <span class='ocrx_word' id='word_1_136' title='bbox 2516 453 2609 524; x_wconf 89' lang='lat' dir='ltr'><strong>qui</strong></span> <span class='ocrx_word' id='word_1_137' title='bbox 2645 454 2938 533; x_wconf 88' lang='lat' dir='ltr'><strong>illuminati</strong></span> <span class='ocrx_word' id='word_1_138' title='bbox 2991 466 3121 513; x_wconf 89' lang='lat' dir='ltr'><strong>sunt</strong></span> <span class='ocrx_word' id='word_1_139' title='bbox 3148 459 3370 518; x_wconf 75' lang='lat' dir='ltr'><strong>Christo</strong></span> <span class='ocrx_word' id='word_1_140' title='bbox 3414 464 3501 518; x_wconf 86' lang='lat' dir='ltr'><strong>af-</strong></span> 
     </span>
    </p>
   </div>
   <div class='ocr_carea' id='block_1_21' title="bbox 1918 544 3500 620">
    <p class='ocr_par' dir='ltr' id='par_1_21' title="bbox 1918 544 3500 620">
     <span class='ocr_line' id='line_1_21' title="bbox 1918 544 3500 620; baseline 0.01 -24"><span class='ocrx_word' id='word_1_141' title='bbox 1918 544 2100 599; x_wconf 82' lang='lat' dir='ltr'><strong>ﬁatam</strong></span> <span class='ocrx_word' id='word_1_142' title='bbox 2125 546 2373 603; x_wconf 73' lang='lat' dir='ltr'><strong>destruat</strong></span> <span class='ocrx_word' id='word_1_143' title='bbox 2401 556 2671 616; x_wconf 85' lang='lat' dir='ltr'><strong>mentem,</strong></span> <span class='ocrx_word' id='word_1_144' title='bbox 2721 547 2994 620; x_wconf 84' lang='lat' dir='ltr'><strong>Verbique</strong></span> <span class='ocrx_word' id='word_1_145' title='bbox 3041 551 3100 607; x_wconf 88' lang='lat' dir='ltr'><strong>in</strong></span> <span class='ocrx_word' id='word_1_146' title='bbox 3147 553 3230 608; x_wconf 85' lang='lat' dir='ltr'><strong>eis</strong></span> <span class='ocrx_word' id='word_1_147' title='bbox 3278 566 3500 612; x_wconf 87' lang='lat' dir='ltr'><strong>enatam</strong></span> 
     </span>
    </p>
   </div>
   <div class='ocr_carea' id='block_1_22' title="bbox 1918 634 3500 712">
    <p class='ocr_par' dir='ltr' id='par_1_22' title="bbox 1918 634 3500 712">
     <span class='ocr_line' id='line_1_22' title="bbox 1918 634 3500 712; baseline 0.01 -23"><span class='ocrx_word' id='word_1_148' title='bbox 1918 634 2149 691; x_wconf 84' lang='lat' dir='ltr'><strong>formam</strong></span> <span class='ocrx_word' id='word_1_149' title='bbox 2208 651 2272 692; x_wconf 92' lang='lat' dir='ltr'><strong>ac</strong></span> <span class='ocrx_word' id='word_1_150' title='bbox 2322 636 2550 709; x_wconf 83' lang='lat' dir='ltr'><strong>efﬁgiem</strong></span> <span class='ocrx_word' id='word_1_151' title='bbox 2603 639 2922 712; x_wconf 90' lang='lat' dir='ltr'><strong>lucidosque</strong></span> <span class='ocrx_word' id='word_1_152' title='bbox 2970 642 3091 712; x_wconf 85' lang='lat' dir='ltr'><strong>ejus</strong></span> <span class='ocrx_word' id='word_1_153' title='bbox 3151 643 3500 706; x_wconf 85' lang='lat' dir='ltr'><strong>characteres</strong></span> 
     </span>
    </p>
   </div>
   <div class='ocr_carea' id='block_1_23' title="bbox 1916 726 3500 807">
    <p class='ocr_par' dir='ltr' id='par_1_23' title="bbox 1916 726 3500 807">
     <span class='ocr_line' id='line_1_23' title="bbox 1916 726 3500 807; baseline 0.011 -27"><span class='ocrx_word' id='word_1_154' title='bbox 1916 726 2151 784; x_wconf 90' lang='lat' dir='ltr'><strong>aholeat.</strong></span> <span class='ocrx_word' id='word_1_155' title='bbox 2178 727 2378 784; x_wconf 86' lang='lat' dir='ltr'><strong>Verum</strong></span> <span class='ocrx_word' id='word_1_156' title='bbox 2408 730 2615 789; x_wconf 78' lang='lat' dir='ltr'><strong>frustra</strong></span> <span class='ocrx_word' id='word_1_157' title='bbox 2669 742 2771 801; x_wconf 92' lang='lat' dir='ltr'><strong>est,</strong></span> <span class='ocrx_word' id='word_1_158' title='bbox 2804 734 3115 807; x_wconf 67' lang='lat' dir='ltr'><strong>praedaeque</strong></span> <span class='ocrx_word' id='word_1_159' title='bbox 3162 737 3239 792; x_wconf 88' lang='lat' dir='ltr'><strong>illi</strong></span> <span class='ocrx_word' id='word_1_160' title='bbox 3268 750 3500 799; x_wconf 86' lang='lat' dir='ltr'><strong>conatus</strong></span> 
     </span>
    </p>
   </div>
   <div class='ocr_carea' id='block_1_24' title="bbox 1915 819 3499 899">
    <p class='ocr_par' dir='ltr' id='par_1_24' title="bbox 1915 819 3499 899">
     <span class='ocr_line' id='line_1_24' title="bbox 1915 819 3499 899; baseline 0.011 -26"><span class='ocrx_word' id='word_1_161' title='bbox 1915 819 1970 873; x_wconf 90' lang='lat' dir='ltr'><strong>in</strong></span> <span class='ocrx_word' id='word_1_162' title='bbox 2014 835 2232 877; x_wconf 89' lang='lat' dir='ltr'><strong>cassum</strong></span> <span class='ocrx_word' id='word_1_163' title='bbox 2273 822 2495 888; x_wconf 89' lang='lat' dir='ltr'><strong>cedunt,</strong></span> <span class='ocrx_word' id='word_1_164' title='bbox 2561 826 2705 895; x_wconf 92' lang='lat' dir='ltr'><strong>quod</strong></span> <span class='ocrx_word' id='word_1_165' title='bbox 2746 825 2799 881; x_wconf 92' lang='lat' dir='ltr'><strong>hi</strong></span> <span class='ocrx_word' id='word_1_166' title='bbox 2846 826 2941 896; x_wconf 89' lang='lat' dir='ltr'><strong>qui</strong></span> <span class='ocrx_word' id='word_1_167' title='bbox 2998 841 3406 899; x_wconf 84' lang='lat' dir='ltr'><strong>regenerantur,</strong></span> <span class='ocrx_word' id='word_1_168' title='bbox 3437 833 3499 891; x_wconf 88' lang='lat' dir='ltr'><strong>in</strong></span> 
     </span>
    </p>
   </div>
   <div class='ocr_carea' id='block_1_25' title="bbox 1913 910 3495 991">
    <p class='ocr_par' dir='ltr' id='par_1_25' title="bbox 1913 910 3495 991">
     <span class='ocr_line' id='line_1_25' title="bbox 1913 910 3495 991; baseline 0.011 -28"><span class='ocrx_word' id='word_1_169' title='bbox 1913 910 2145 967; x_wconf 88' lang='lat' dir='ltr'><strong>sublime</strong></span> <span class='ocrx_word' id='word_1_170' title='bbox 2171 912 2459 983; x_wconf 88' lang='lat' dir='ltr'><strong>rapiuntur</strong></span> <span class='ocrx_word' id='word_1_171' title='bbox 2479 915 2548 970; x_wconf 87' lang='lat' dir='ltr'><strong>ad</strong></span> <span class='ocrx_word' id='word_1_172' title='bbox 2585 913 2679 972; x_wconf 90' lang='lat' dir='ltr'><strong>Dei</strong></span> <span class='ocrx_word' id='word_1_173' title='bbox 2716 916 2991 974; x_wconf 83' lang='lat' dir='ltr'><strong>thronum.</strong></span> <span class='ocrx_word' id='word_1_174' title='bbox 3025 918 3140 975; x_wconf 82' lang='lat' dir='ltr'><strong>Hoc</strong></span> <span class='ocrx_word' id='word_1_175' title='bbox 3165 929 3271 991; x_wconf 88' lang='lat' dir='ltr'><strong>est,</strong></span> <span class='ocrx_word' id='word_1_176' title='bbox 3304 938 3495 981; x_wconf 88' lang='lat' dir='ltr'><strong>eorum</strong></span> 
     </span>
    </p>
   </div>
   <div class='ocr_carea' id='block_1_26' title="bbox 1910 1007 3496 1090">
    <p class='ocr_par' dir='ltr' id='par_1_26' title="bbox 1910 1007 3496 1090">
     <span class='ocr_line' id='line_1_26' title="bbox 1910 1007 3496 1090; baseline 0.011 -32"><span class='ocrx_word' id='word_1_177' title='bbox 1910 1018 2067 1060; x_wconf 89' lang='lat' dir='ltr'><strong>mens</strong></span> <span class='ocrx_word' id='word_1_178' title='bbox 2096 1014 2151 1059; x_wconf 90' lang='lat' dir='ltr'><strong>et</strong></span> <span class='ocrx_word' id='word_1_179' title='bbox 2179 1007 2439 1078; x_wconf 77' lang='lat' dir='ltr'><strong>cogitatio</strong></span> <span class='ocrx_word' id='word_1_180' title='bbox 2485 1009 2580 1079; x_wconf 86' lang='lat' dir='ltr'><strong>qui</strong></span> <span class='ocrx_word' id='word_1_181' title='bbox 2634 1011 2879 1066; x_wconf 83' lang='lat' dir='ltr'><strong>renovati</strong></span> <span class='ocrx_word' id='word_1_182' title='bbox 2942 1020 3109 1080; x_wconf 86' lang='lat' dir='ltr'><strong>sunt,</strong></span> <span class='ocrx_word' id='word_1_183' title='bbox 3139 1015 3496 1090; x_wconf 75' lang='lat' dir='ltr'><strong>ccelestiaque</strong></span> 
     </span>
    </p>
   </div>
   <div class='ocr_carea' id='block_1_27' title="bbox 1911 1096 3496 1168">
    <p class='ocr_par' dir='ltr' id='par_1_27' title="bbox 1911 1096 3496 1168">
     <span class='ocr_line' id='line_1_27' title="bbox 1911 1096 3496 1168; baseline 0.012 -18"><span class='ocrx_word' id='word_1_184' title='bbox 1911 1096 2095 1152; x_wconf 90' lang='lat' dir='ltr'><strong>animo</strong></span> <span class='ocrx_word' id='word_1_185' title='bbox 2118 1096 2416 1155; x_wconf 82' lang='lat' dir='ltr'><strong>informare</strong></span> <span class='ocrx_word' id='word_1_186' title='bbox 2440 1100 2696 1167; x_wconf 87' lang='lat' dir='ltr'><strong>instituti,</strong></span> <span class='ocrx_word' id='word_1_187' title='bbox 2729 1104 2836 1160; x_wconf 88' lang='lat' dir='ltr'><strong>alte</strong></span> <span class='ocrx_word' id='word_1_188' title='bbox 2867 1105 3076 1161; x_wconf 89' lang='lat' dir='ltr'><strong>circum</strong></span> <span class='ocrx_word' id='word_1_189' title='bbox 3133 1107 3372 1165; x_wconf 87' lang='lat' dir='ltr'><strong>divinam</strong></span> <span class='ocrx_word' id='word_1_190' title='bbox 3404 1127 3496 1168; x_wconf 89' lang='lat' dir='ltr'><strong>se-</strong></span> 
     </span>
    </p>
   </div>
   <div class='ocr_carea' id='block_1_28' title="bbox 1910 1186 3495 1267">
    <p class='ocr_par' dir='ltr' id='par_1_28' title="bbox 1910 1186 3495 1267">
     <span class='ocr_line' id='line_1_28' title="bbox 1910 1186 3495 1267; baseline 0.011 -25"><span class='ocrx_word' id='word_1_191' title='bbox 1910 1186 2033 1244; x_wconf 86' lang='lat' dir='ltr'><strong>dem</strong></span> <span class='ocrx_word' id='word_1_192' title='bbox 2067 1204 2133 1245; x_wconf 92' lang='lat' dir='ltr'><strong>ac</strong></span> <span class='ocrx_word' id='word_1_193' title='bbox 2162 1190 2487 1247; x_wconf 78' lang='lat' dir='ltr'><strong>inoffensam</strong></span> <span class='ocrx_word' id='word_1_194' title='bbox 2516 1195 2763 1251; x_wconf 85' lang='lat' dir='ltr'><strong>veritatis</strong></span> <span class='ocrx_word' id='word_1_195' title='bbox 2809 1197 3018 1264; x_wconf 84' lang='lat' dir='ltr'><strong>basim,</strong></span> <span class='ocrx_word' id='word_1_196' title='bbox 3079 1201 3367 1267; x_wconf 87' lang='lat' dir='ltr'><strong>attollitur,</strong></span> <span class='ocrx_word' id='word_1_197' title='bbox 3420 1219 3495 1260; x_wconf 82' lang='lat' dir='ltr'><strong>ne</strong></span> 
     </span>
    </p>
   </div>
   <div class='ocr_carea' id='block_1_29' title="bbox 1908 1279 3493 1357">
    <p class='ocr_par' dir='ltr' id='par_1_29' title="bbox 1908 1279 3493 1357">
     <span class='ocr_line' id='line_1_29' title="bbox 1908 1279 3493 1357; baseline 0.011 -24"><span class='ocrx_word' id='word_1_198' title='bbox 1908 1279 2166 1338; x_wconf 88' lang='lat' dir='ltr'><strong>draconis</strong></span> <span class='ocrx_word' id='word_1_199' title='bbox 2192 1282 2246 1337; x_wconf 89' lang='lat' dir='ltr'><strong>in</strong></span> <span class='ocrx_word' id='word_1_200' title='bbox 2282 1294 2484 1339; x_wconf 88' lang='lat' dir='ltr'><strong>terram</strong></span> <span class='ocrx_word' id='word_1_201' title='bbox 2518 1288 2795 1357; x_wconf 84' lang='lat' dir='ltr'><strong>gravantis</strong></span> <span class='ocrx_word' id='word_1_202' title='bbox 2837 1304 2902 1345; x_wconf 91' lang='lat' dir='ltr'><strong>ac</strong></span> <span class='ocrx_word' id='word_1_203' title='bbox 2962 1291 3257 1349; x_wconf 91' lang='lat' dir='ltr'><strong>detinentis</strong></span> <span class='ocrx_word' id='word_1_204' title='bbox 3300 1294 3493 1353; x_wconf 83' lang='lat' dir='ltr'><strong>fraude</strong></span> 
     </span>
    </p>
   </div>
   <div class='ocr_carea' id='block_1_30' title="bbox 1907 1371 3493 1448">
    <p class='ocr_par' dir='ltr' id='par_1_30' title="bbox 1907 1371 3493 1448">
     <span class='ocr_line' id='line_1_30' title="bbox 1907 1371 3493 1448; baseline 0.012 -22"><span class='ocrx_word' id='word_1_205' title='bbox 1907 1371 2143 1445; x_wconf 89' lang='lat' dir='ltr'><strong>doloque</strong></span> <span class='ocrx_word' id='word_1_206' title='bbox 2167 1375 2530 1448; x_wconf 88' lang='lat' dir='ltr'><strong>decipiantur.</strong></span> <span class='ocrx_word' id='word_1_207' title='bbox 2557 1378 2674 1434; x_wconf 87' lang='lat' dir='ltr'><strong>Non</strong></span> <span class='ocrx_word' id='word_1_208' title='bbox 2704 1380 2850 1436; x_wconf 87' lang='lat' dir='ltr'><strong>enim</strong></span> <span class='ocrx_word' id='word_1_209' title='bbox 2902 1381 2985 1438; x_wconf 85' lang='lat' dir='ltr'><strong>fas</strong></span> <span class='ocrx_word' id='word_1_210' title='bbox 3015 1384 3092 1438; x_wconf 85' lang='lat' dir='ltr'><strong>illi</strong></span> <span class='ocrx_word' id='word_1_211' title='bbox 3128 1392 3213 1441; x_wconf 88' lang='lat' dir='ltr'><strong>est</strong></span> <span class='ocrx_word' id='word_1_212' title='bbox 3263 1395 3321 1441; x_wconf 89' lang='lat' dir='ltr'><strong>ut</strong></span> <span class='ocrx_word' id='word_1_213' title='bbox 3364 1388 3493 1446; x_wconf 78' lang='lat' dir='ltr'><strong>illos</strong></span> 
     </span>
    </p>
   </div>
   <div class='ocr_carea' id='block_1_31' title="bbox 1905 1467 3489 1539">
    <p class='ocr_par' dir='ltr' id='par_1_31' title="bbox 1905 1467 3489 1539">
     <span class='ocr_line' id='line_1_31' title="bbox 1905 1467 3489 1539; baseline 0.008 -18"><span class='ocrx_word' id='word_1_214' title='bbox 1905 1467 2120 1538; x_wconf 89' lang='lat' dir='ltr'><strong>perdat,</strong></span> <span class='ocrx_word' id='word_1_215' title='bbox 2146 1469 2237 1539; x_wconf 90' lang='lat' dir='ltr'><strong>qui</strong></span> <span class='ocrx_word' id='word_1_216' title='bbox 2273 1470 2500 1529; x_wconf 88' lang='lat' dir='ltr'><strong>intentis</strong></span> <span class='ocrx_word' id='word_1_217' title='bbox 2530 1486 2750 1528; x_wconf 90' lang='lat' dir='ltr'><strong>sursum</strong></span> <span class='ocrx_word' id='word_1_218' title='bbox 2781 1472 2978 1529; x_wconf 88' lang='lat' dir='ltr'><strong>animis</strong></span> <span class='ocrx_word' id='word_1_219' title='bbox 3000 1473 3069 1528; x_wconf 86' lang='lat' dir='ltr'><strong>ad</strong></span> <span class='ocrx_word' id='word_1_220' title='bbox 3097 1476 3341 1532; x_wconf 74' lang='lat' dir='ltr'><strong>cmlestia</strong></span> <span class='ocrx_word' id='word_1_221' title='bbox 3369 1478 3489 1533; x_wconf 88' lang='lat' dir='ltr'><strong>eni-</strong></span> 
     </span>
    </p>
   </div>
   <div class='ocr_carea' id='block_1_32' title="bbox 1906 1560 3490 1637">
    <p class='ocr_par' dir='ltr' id='par_1_32' title="bbox 1906 1560 3490 1637">
     <span class='ocr_line' id='line_1_32' title="bbox 1906 1560 3490 1637; baseline 0.009 -23"><span class='ocrx_word' id='word_1_222' title='bbox 1906 1567 2119 1618; x_wconf 85' lang='lat' dir='ltr'><strong>tuntur.</strong></span> <span class='ocrx_word' id='word_1_223' title='bbox 2145 1560 2327 1619; x_wconf 65' lang='lat' dir='ltr'><strong>Stellae</strong></span> <span class='ocrx_word' id='word_1_224' title='bbox 2359 1581 2513 1631; x_wconf 90' lang='lat' dir='ltr'><strong>vero,</strong></span> <span class='ocrx_word' id='word_1_225' title='bbox 2536 1581 2674 1637; x_wconf 90' lang='lat' dir='ltr'><strong>quas</strong></span> <span class='ocrx_word' id='word_1_226' title='bbox 2704 1580 2918 1621; x_wconf 86' lang='lat' dir='ltr'><strong>summa</strong></span> <span class='ocrx_word' id='word_1_227' title='bbox 2963 1567 3138 1623; x_wconf 88' lang='lat' dir='ltr'><strong>cauda</strong></span> <span class='ocrx_word' id='word_1_228' title='bbox 3162 1568 3328 1627; x_wconf 84' lang='lat' dir='ltr'><strong>draco</strong></span> <span class='ocrx_word' id='word_1_229' title='bbox 3353 1586 3490 1628; x_wconf 89' lang='lat' dir='ltr'><strong>con-</strong></span> 
     </span>
    </p>
   </div>
   <div class='ocr_carea' id='block_1_33' title="bbox 1906 1651 3489 1728">
    <p class='ocr_par' dir='ltr' id='par_1_33' title="bbox 1906 1651 3489 1728">
     <span class='ocr_line' id='line_1_33' title="bbox 1906 1651 3489 1728; baseline 0.009 -24"><span class='ocrx_word' id='word_1_230' title='bbox 1906 1651 2142 1723; x_wconf 86' lang='lat' dir='ltr'><strong>tingens,</strong></span> <span class='ocrx_word' id='word_1_231' title='bbox 2196 1655 2252 1709; x_wconf 91' lang='lat' dir='ltr'><strong>in</strong></span> <span class='ocrx_word' id='word_1_232' title='bbox 2300 1663 2503 1711; x_wconf 86' lang='lat' dir='ltr'><strong>terram</strong></span> <span class='ocrx_word' id='word_1_233' title='bbox 2551 1657 2857 1728; x_wconf 65' lang='lat' dir='ltr'><strong>praecipites</strong></span> <span class='ocrx_word' id='word_1_234' title='bbox 2899 1657 3159 1725; x_wconf 89' lang='lat' dir='ltr'><strong>detrahit,</strong></span> <span class='ocrx_word' id='word_1_235' title='bbox 3215 1661 3489 1719; x_wconf 69' lang='lat' dir='ltr'><strong>baeresum</strong></span> 
     </span>
    </p>
   </div>
   <div class='ocr_carea' id='block_1_34' title="bbox 202 1724 1780 1823">
    <p class='ocr_par' dir='ltr' id='par_1_34' title="bbox 202 1724 1780 1812">
     <span class='ocr_line' id='line_1_34' title="bbox 202 1724 1780 1812; baseline 0.013 -37"><span class='ocrx_word' id='word_1_236' title='bbox 202 1724 314 1797; x_wconf 71' lang='grc' dir='ltr'><strong>γὰρ</strong></span> <span class='ocrx_word' id='word_1_237' title='bbox 351 1731 689 1795; x_wconf 78' lang='grc' dir='ltr'>σκοτεινούς,</span> <span class='ocrx_word' id='word_1_238' title='bbox 723 1732 1000 1805; x_wconf 77' lang='grc' dir='ltr'><strong>ἀμυδροὺς</strong></span> <span class='ocrx_word' id='word_1_239' title='bbox 1047 1736 1141 1790; x_wconf 80' lang='grc' dir='ltr'>καὶ</span> <span class='ocrx_word' id='word_1_240' title='bbox 1168 1743 1665 1812; x_wconf 86' lang='grc' dir='ltr'>ταπεινοστρεφεῖς,</span> <span class='ocrx_word' id='word_1_241' title='bbox 1700 1742 1780 1805; x_wconf 64' lang='grc' dir='ltr'><strong>τὰς</strong></span> 
     </span>
    </p>
   </div>
   <div class='ocr_carea' id='block_1_35' title="bbox 1886 1724 3484 1823">
    <p class='ocr_par' dir='ltr' id='par_1_35' title="bbox 1900 1724 3484 1823">
     <span class='ocr_line' id='line_1_35' title="bbox 1900 1724 3484 1823; baseline 0.01 -27"><span class='ocrx_word' id='word_1_242' title='bbox 1900 1758 2170 1814; x_wconf 68' lang='lat' dir='ltr'><strong>perversae</strong></span> <span class='ocrx_word' id='word_1_243' title='bbox 2232 1758 2395 1803; x_wconf 57' lang='lat' dir='ltr'><strong>secta;</strong></span> <span class='ocrx_word' id='word_1_244' title='bbox 2448 1724 2597 1804; x_wconf 79' lang='lat' dir='ltr'><strong>sunt.</strong></span> <span class='ocrx_word' id='word_1_245' title='bbox 2657 1724 2856 1805; x_wconf 73' lang='lat' dir='ltr'><strong>Stellas</strong></span> <span class='ocrx_word' id='word_1_246' title='bbox 2906 1759 3087 1806; x_wconf 89' lang='lat' dir='ltr'><strong>autem</strong></span> <span class='ocrx_word' id='word_1_247' title='bbox 3139 1754 3484 1823; x_wconf 84' lang='lat' dir='ltr'><strong>tenebrosas,</strong></span> 
     </span>
    </p>
   </div>
   <div class='ocr_carea' id='block_1_36' title="bbox 204 1818 1796 1907">
    <p class='ocr_par' dir='ltr' id='par_1_36' title="bbox 204 1818 1796 1907">
     <span class='ocr_line' id='line_1_36' title="bbox 204 1818 1796 1907; baseline 0.013 -38"><span class='ocrx_word' id='word_1_248' title='bbox 204 1818 703 1885; x_wconf 74' lang='grc' dir='ltr'>ἔπισυνόδουςτῶν</span> <span class='ocrx_word' id='word_1_249' title='bbox 739 1825 1062 1896; x_wconf 72' lang='grc' dir='ltr'>ἑτεροδόξων</span> <span class='ocrx_word' id='word_1_250' title='bbox 1100 1823 1239 1883; x_wconf 80' lang='grc' dir='ltr'>εἶναι</span> <span class='ocrx_word' id='word_1_251' title='bbox 1273 1832 1573 1903; x_wconf 82' lang='grc' dir='ltr'>φραστέον·</span> <span class='ocrx_word' id='word_1_252' title='bbox 1607 1834 1796 1907; x_wconf 78' lang='grc' dir='ltr'>ἐπειδὴ</span> 
     </span>
    </p>
   </div>
   <div class='ocr_carea' id='block_1_37' title="bbox 202 1910 1796 1998">
    <p class='ocr_par' dir='ltr' id='par_1_37' title="bbox 202 1910 1796 1998">
     <span class='ocr_line' id='line_1_37' title="bbox 202 1910 1796 1998; baseline 0.013 -34"><span class='ocrx_word' id='word_1_253' title='bbox 202 1910 314 1965; x_wconf 80' lang='grc' dir='ltr'><strong>τῶν</strong></span> <span class='ocrx_word' id='word_1_254' title='bbox 369 1914 642 1985; x_wconf 83' lang='grc' dir='ltr'>οὐρανίων</span> <span class='ocrx_word' id='word_1_255' title='bbox 682 1919 1043 1991; x_wconf 77' lang='grc' dir='ltr'>ἐπιστήμονες</span> <span class='ocrx_word' id='word_1_256' title='bbox 1091 1917 1232 1978; x_wconf 80' lang='grc' dir='ltr'>εῖναι</span> <span class='ocrx_word' id='word_1_257' title='bbox 1273 1924 1338 1998; x_wconf 83' lang='grc' dir='ltr'>δὴ</span> <span class='ocrx_word' id='word_1_258' title='bbox 1380 1926 1658 1997; x_wconf 81' lang='grc' dir='ltr'>βούλονται</span> <span class='ocrx_word' id='word_1_259' title='bbox 1701 1929 1796 1984; x_wconf 82' lang='grc' dir='ltr'>καὶ</span> 
     </span>
    </p>
   </div>
   <div class='ocr_carea' id='block_1_38' title="bbox 201 2003 1796 2094">
    <p class='ocr_par' dir='ltr' id='par_1_38' title="bbox 201 2003 1796 2094">
     <span class='ocr_line' id='line_1_38' title="bbox 201 2003 1796 2094; baseline 0.012 -37"><span class='ocrx_word' id='word_1_260' title='bbox 201 2003 388 2065; x_wconf 73' lang='grc' dir='ltr'>αὐτοὶ,</span> <span class='ocrx_word' id='word_1_261' title='bbox 416 2007 511 2059; x_wconf 84' lang='grc' dir='ltr'>καὶ</span> <span class='ocrx_word' id='word_1_262' title='bbox 543 2008 624 2072; x_wconf 88' lang='grc' dir='ltr'><strong>είς</strong></span> <span class='ocrx_word' id='word_1_263' title='bbox 647 2009 882 2080; x_wconf 83' lang='grc' dir='ltr'>Χριστὸν</span> <span class='ocrx_word' id='word_1_264' title='bbox 913 2016 1358 2085; x_wconf 72' lang='grc' dir='ltr'><strong>πεπιστευκέναι,</strong></span> <span class='ocrx_word' id='word_1_265' title='bbox 1389 2019 1484 2073; x_wconf 80' lang='grc' dir='ltr'>καὶ</span> <span class='ocrx_word' id='word_1_266' title='bbox 1511 2020 1611 2093; x_wconf 83' lang='grc' dir='ltr'>τὴν</span> <span class='ocrx_word' id='word_1_267' title='bbox 1632 2020 1796 2094; x_wconf 74' lang='grc' dir='ltr'>ἕδραν</span> 
     </span>
    </p>
   </div>
   <div class='ocr_carea' id='block_1_39' title="bbox 202 2093 1795 2185">
    <p class='ocr_par' dir='ltr' id='par_1_39' title="bbox 202 2093 1795 2185">
     <span class='ocr_line' id='line_1_39' title="bbox 202 2093 1795 2185; baseline 0.013 -38"><span class='ocrx_word' id='word_1_268' title='bbox 202 2093 355 2165; x_wconf 67' lang='grc' dir='ltr'>ἔχειν</span> <span class='ocrx_word' id='word_1_269' title='bbox 401 2099 503 2169; x_wconf 79' lang='grc' dir='ltr'>τῆς</span> <span class='ocrx_word' id='word_1_270' title='bbox 533 2098 714 2173; x_wconf 74' lang='grc' dir='ltr'>ψυχῆς</span> <span class='ocrx_word' id='word_1_271' title='bbox 745 2104 805 2157; x_wconf 86' lang='grc' dir='ltr'>ἐν</span> <span class='ocrx_word' id='word_1_272' title='bbox 851 2108 964 2171; x_wconf 80' lang='grc' dir='ltr'>τοῖς</span> <span class='ocrx_word' id='word_1_273' title='bbox 1017 2107 1300 2179; x_wconf 79' lang='grc' dir='ltr'>οὐρανοῖς,</span> <span class='ocrx_word' id='word_1_274' title='bbox 1346 2111 1439 2165; x_wconf 79' lang='grc' dir='ltr'>καὶ</span> <span class='ocrx_word' id='word_1_275' title='bbox 1475 2093 1795 2185; x_wconf 70' lang='grc' dir='ltr'>πλησιάζειν</span> 
     </span>
    </p>
   </div>
   <div class='ocr_carea' id='block_1_40' title="bbox 200 2189 1790 2277">
    <p class='ocr_par' dir='ltr' id='par_1_40' title="bbox 200 2189 1790 2277">
     <span class='ocr_line' id='line_1_40' title="bbox 200 2189 1790 2277; baseline 0.014 -39"><span class='ocrx_word' id='word_1_276' title='bbox 200 2190 321 2250; x_wconf 74' lang='grc' dir='ltr'>τοῖς</span> <span class='ocrx_word' id='word_1_277' title='bbox 353 2189 590 2261; x_wconf 69' lang='grc' dir='ltr'>ἄστροις,</span> <span class='ocrx_word' id='word_1_278' title='bbox 620 2192 697 2257; x_wconf 84' lang='grc' dir='ltr'><strong>ὡς</strong></span> <span class='ocrx_word' id='word_1_279' title='bbox 728 2194 910 2263; x_wconf 82' lang='grc' dir='ltr'>φωτὸς</span> <span class='ocrx_word' id='word_1_280' title='bbox 950 2198 1137 2255; x_wconf 83' lang='grc' dir='ltr'>τέκνα.</span> <span class='ocrx_word' id='word_1_281' title='bbox 1183 2201 1343 2255; x_wconf 84' lang='grc' dir='ltr'>Ἀλλά</span> <span class='ocrx_word' id='word_1_282' title='bbox 1368 2204 1790 2277; x_wconf 86' lang='grc' dir='ltr'>κατασύρονται,</span> 
     </span>
    </p>
   </div>
   <div class='ocr_carea' id='block_1_41' title="bbox 203 2277 1789 2372">
    <p class='ocr_par' dir='ltr' id='par_1_41' title="bbox 203 2277 1789 2372">
     <span class='ocr_line' id='line_1_41' title="bbox 203 2277 1789 2372; baseline 0.015 -41"><span class='ocrx_word' id='word_1_283' title='bbox 203 2277 300 2332; x_wconf 73' lang='grc' dir='ltr'>τοῦ</span> <span class='ocrx_word' id='word_1_284' title='bbox 349 2279 637 2351; x_wconf 82' lang='grc' dir='ltr'>δράκοντος</span> <span class='ocrx_word' id='word_1_285' title='bbox 695 2288 1068 2355; x_wconf 83' lang='grc' dir='ltr'>ὲκσεισθέντες</span> <span class='ocrx_word' id='word_1_286' title='bbox 1104 2296 1222 2358; x_wconf 86' lang='grc' dir='ltr'>ταῖς</span> <span class='ocrx_word' id='word_1_287' title='bbox 1274 2294 1528 2361; x_wconf 82' lang='grc' dir='ltr'>πλοκαῖς,</span> <span class='ocrx_word' id='word_1_288' title='bbox 1579 2298 1661 2352; x_wconf 85' lang='grc' dir='ltr'>ὃτι</span> <span class='ocrx_word' id='word_1_289' title='bbox 1715 2299 1789 2372; x_wconf 81' lang='grc' dir='ltr'><strong>μὴ</strong></span> 
     </span>
    </p>
   </div>
   <div class='ocr_carea' id='block_1_42' title="bbox 197 2369 1789 2460">
    <p class='ocr_par' dir='ltr' id='par_1_42' title="bbox 197 2369 1789 2460">
     <span class='ocr_line' id='line_1_42' title="bbox 197 2369 1789 2460; baseline 0.015 -38"><span class='ocrx_word' id='word_1_290' title='bbox 197 2369 312 2423; x_wconf 81' lang='grc' dir='ltr'><strong>τῶν</strong></span> <span class='ocrx_word' id='word_1_291' title='bbox 338 2372 617 2443; x_wconf 77' lang='grc' dir='ltr'>τριγώνων</span> <span class='ocrx_word' id='word_1_292' title='bbox 636 2379 768 2432; x_wconf 83' lang='grc' dir='ltr'>εἴσω</span> <span class='ocrx_word' id='word_1_293' title='bbox 789 2379 891 2450; x_wconf 77' lang='grc' dir='ltr'>τῆς</span> <span class='ocrx_word' id='word_1_294' title='bbox 912 2382 1195 2449; x_wconf 79' lang='grc' dir='ltr'>εὐσεϐείας</span> <span class='ocrx_word' id='word_1_295' title='bbox 1215 2386 1450 2448; x_wconf 83' lang='grc' dir='ltr'>ἔστησαν</span> <span class='ocrx_word' id='word_1_296' title='bbox 1472 2369 1789 2460; x_wconf 68' lang='grc' dir='ltr'>σχημάτων,</span> 
     </span>
    </p>
   </div>
   <div class='ocr_carea' id='block_1_43' title="bbox 200 2463 1783 2553">
    <p class='ocr_par' dir='ltr' id='par_1_43' title="bbox 200 2463 1783 2553">
     <span class='ocr_line' id='line_1_43' title="bbox 200 2463 1783 2553; baseline 0.015 -40"><span class='ocrx_word' id='word_1_297' title='bbox 200 2463 533 2553; x_wconf 74' lang='grc' dir='ltr'>πταίσαντες</span> <span class='ocrx_word' id='word_1_298' title='bbox 581 2468 752 2542; x_wconf 84' lang='grc' dir='ltr'>αὐτῆς</span> <span class='ocrx_word' id='word_1_299' title='bbox 800 2475 928 2547; x_wconf 81' lang='grc' dir='ltr'>περὶ</span> <span class='ocrx_word' id='word_1_300' title='bbox 976 2475 1077 2548; x_wconf 81' lang='grc' dir='ltr'>τὴν</span> <span class='ocrx_word' id='word_1_301' title='bbox 1124 2477 1402 2551; x_wconf 78' lang='grc' dir='ltr'>ὀρθόδοξον</span> <span class='ocrx_word' id='word_1_302' title='bbox 1455 2479 1783 2553; x_wconf 60' lang='grc' dir='ltr'>θρησκείαν</span> 
     </span>
    </p>
   </div>
   <div class='ocr_carea' id='block_1_44' title="bbox 195 2552 1787 2646">
    <p class='ocr_par' dir='ltr' id='par_1_44' title="bbox 195 2552 1787 2646">
     <span class='ocr_line' id='line_1_44' title="bbox 195 2552 1787 2646; baseline 0.015 -40"><span class='ocrx_word' id='word_1_303' title='bbox 195 2552 327 2609; x_wconf 73' lang='grc' dir='ltr'>ὅθεν</span> <span class='ocrx_word' id='word_1_304' title='bbox 357 2558 455 2611; x_wconf 69' lang='grc' dir='ltr'>καὶ</span> <span class='ocrx_word' id='word_1_305' title='bbox 486 2560 670 2631; x_wconf 86' lang='grc' dir='ltr'>τρίτον</span> <span class='ocrx_word' id='word_1_306' title='bbox 701 2563 808 2619; x_wconf 81' lang='grc' dir='ltr'><strong>τῶν</strong></span> <span class='ocrx_word' id='word_1_307' title='bbox 840 2568 1087 2641; x_wconf 81' lang='grc' dir='ltr'>ἀστέρων</span> <span class='ocrx_word' id='word_1_308' title='bbox 1114 2570 1424 2643; x_wconf 78' lang='grc' dir='ltr'>ἐκλήθησαν</span> <span class='ocrx_word' id='word_1_309' title='bbox 1459 2552 1645 2646; x_wconf 78' lang='grc' dir='ltr'>μέρος,</span> <span class='ocrx_word' id='word_1_310' title='bbox 1676 2566 1787 2631; x_wconf 74' lang='grc' dir='ltr'>οἷον</span> 
     </span>
    </p>
   </div>
   <div class='ocr_carea' id='block_1_45' title="bbox 197 2650 1783 2739">
    <p class='ocr_par' dir='ltr' id='par_1_45' title="bbox 197 2650 1783 2739">
     <span class='ocr_line' id='line_1_45' title="bbox 197 2650 1783 2739; baseline 0.015 -39"><span class='ocrx_word' id='word_1_311' title='bbox 197 2650 331 2722; x_wconf 55' lang='lat' dir='ltr'><strong>api.</strong></span> <span class='ocrx_word' id='word_1_312' title='bbox 380 2650 479 2705; x_wconf 74' lang='grc' dir='ltr'>ἕνα</span> <span class='ocrx_word' id='word_1_313' title='bbox 513 2652 621 2707; x_wconf 84' lang='grc' dir='ltr'><strong>τῶν</strong></span> <span class='ocrx_word' id='word_1_314' title='bbox 658 2656 909 2730; x_wconf 78' lang='grc' dir='ltr'>ἀριθμῶν</span> <span class='ocrx_word' id='word_1_315' title='bbox 954 2662 1053 2733; x_wconf 80' lang='grc' dir='ltr'><strong>τῆς</strong></span> <span class='ocrx_word' id='word_1_316' title='bbox 1110 2661 1338 2735; x_wconf 86' lang='grc' dir='ltr'>Τριάδος</span> <span class='ocrx_word' id='word_1_317' title='bbox 1374 2664 1783 2739; x_wconf 81' lang='grc' dir='ltr'>διεσφαλμένοι,</span> 
     </span>
    </p>
   </div>
   <div class='ocr_carea' id='block_1_46' title="bbox 190 2743 1783 2826">
    <p class='ocr_par' dir='ltr' id='par_1_46' title="bbox 190 2743 1783 2826">
     <span class='ocr_line' id='line_1_46' title="bbox 190 2743 1783 2826; baseline 0.013 -30"><span class='ocrx_word' id='word_1_318' title='bbox 190 2743 282 2796; x_wconf 82' lang='grc' dir='ltr'><strong>ὁτὲ</strong></span> <span class='ocrx_word' id='word_1_319' title='bbox 325 2745 429 2816; x_wconf 80' lang='grc' dir='ltr'><strong>μὲν</strong></span> <span class='ocrx_word' id='word_1_320' title='bbox 456 2746 549 2800; x_wconf 80' lang='grc' dir='ltr'><strong>τδν</strong></span> <span class='ocrx_word' id='word_1_321' title='bbox 598 2749 691 2803; x_wconf 83' lang='grc' dir='ltr'><strong>τοῦ</strong></span> <span class='ocrx_word' id='word_1_322' title='bbox 726 2752 975 2826; x_wconf 79' lang='grc' dir='ltr'>Πατρδς,</span> <span class='ocrx_word' id='word_1_323' title='bbox 1008 2755 1084 2820; x_wconf 87' lang='grc' dir='ltr'>ὡς</span> <span class='ocrx_word' id='word_1_324' title='bbox 1138 2756 1455 2824; x_wconf 79' lang='grc' dir='ltr'>Σαϐέλλιος,</span> <span class='ocrx_word' id='word_1_325' title='bbox 1486 2760 1647 2814; x_wconf 79' lang='grc' dir='ltr'>αὐτὸν</span> <span class='ocrx_word' id='word_1_326' title='bbox 1691 2763 1783 2816; x_wconf 78' lang='grc' dir='ltr'>τὸν</span> 
     </span>
    </p>
   </div>
   <div class='ocr_carea' id='block_1_47' title="bbox 189 2832 1780 2913">
    <p class='ocr_par' dir='ltr' id='par_1_47' title="bbox 189 2832 1780 2913">
     <span class='ocr_line' id='line_1_47' title="bbox 189 2832 1780 2913; baseline 0.015 -27"><span class='ocrx_word' id='word_1_327' title='bbox 189 2832 625 2911; x_wconf 64' lang='grc' dir='ltr'>Παποκράτορα</span> <span class='ocrx_word' id='word_1_328' title='bbox 648 2840 946 2913; x_wconf 53' lang='lat' dir='ltr'><strong>(Siluani;</strong></span> <span class='ocrx_word' id='word_1_329' title='bbox 970 2847 1297 2904; x_wconf 82' lang='grc' dir='ltr'>πεπονθέναι</span> <span class='ocrx_word' id='word_1_330' title='bbox 1317 2866 1331 2880; x_wconf 76' lang='grc' dir='ltr'><strong>ο</strong></span> <span class='ocrx_word' id='word_1_331' title='bbox 1367 2851 1456 2905; x_wconf 81' lang='grc' dir='ltr'><strong>ὁτὲ</strong></span> <span class='ocrx_word' id='word_1_332' title='bbox 1484 2851 1539 2906; x_wconf 85' lang='grc' dir='ltr'>δὲ</span> <span class='ocrx_word' id='word_1_333' title='bbox 1570 2854 1661 2908; x_wconf 87' lang='grc' dir='ltr'>τὸν</span> <span class='ocrx_word' id='word_1_334' title='bbox 1685 2856 1780 2911; x_wconf 85' lang='grc' dir='ltr'>τοῦ</span> 
     </span>
    </p>
   </div>
   <div class='ocr_carea' id='block_1_48' title="bbox 189 2926 1779 3021">
    <p class='ocr_par' dir='ltr' id='par_1_48' title="bbox 189 2926 1779 3021">
     <span class='ocr_line' id='line_1_48' title="bbox 189 2926 1779 3021; baseline 0.015 -41"><span class='ocrx_word' id='word_1_335' title='bbox 189 2926 347 2993; x_wconf 57' lang='lat' dir='ltr'><strong>Tua-3,</strong></span> <span class='ocrx_word' id='word_1_336' title='bbox 381 2929 463 2994; x_wconf 85' lang='grc' dir='ltr'>ὡς</span> <span class='ocrx_word' id='word_1_337' title='bbox 504 2933 798 3005; x_wconf 78' lang='grc' dir='ltr'>Ἀρτεμᾶς,</span> <span class='ocrx_word' id='word_1_338' title='bbox 834 2937 928 2991; x_wconf 64' lang='grc' dir='ltr'><strong>καὶ⁸</strong></span> <span class='ocrx_word' id='word_1_339' title='bbox 957 2940 1007 2992; x_wconf 90' lang='grc' dir='ltr'><strong>οί</strong></span> <span class='ocrx_word' id='word_1_340' title='bbox 1049 2939 1268 3014; x_wconf 86' lang='grc' dir='ltr'>δοκήσει</span> <span class='ocrx_word' id='word_1_341' title='bbox 1300 2944 1463 2999; x_wconf 79' lang='grc' dir='ltr'>αὐτὸν</span> <span class='ocrx_word' id='word_1_342' title='bbox 1494 2946 1779 3021; x_wconf 87' lang='grc' dir='ltr'>ἀποφηνά-</span> 
     </span>
    </p>
   </div>
   <div class='ocr_carea' id='block_1_49' title="bbox 190 3025 1847 3139">
    <p class='ocr_par' dir='ltr' id='par_1_49' title="bbox 190 3025 1847 3139">
     <span class='ocr_line' id='line_1_49' title="bbox 190 3025 1847 3139; baseline 0.014 -66"><span class='ocrx_word' id='word_1_343' title='bbox 190 3036 349 3089; x_wconf 78' lang='grc' dir='ltr'>μενοι</span> <span class='ocrx_word' id='word_1_344' title='bbox 386 3025 728 3092; x_wconf 74' lang='grc' dir='ltr'>πεφυκέναιο</span> <span class='ocrx_word' id='word_1_345' title='bbox 772 3030 862 3083; x_wconf 83' lang='grc' dir='ltr'><strong>ὁτὲ</strong></span> <span class='ocrx_word' id='word_1_346' title='bbox 903 3030 961 3084; x_wconf 84' lang='grc' dir='ltr'>δὲ</span> <span class='ocrx_word' id='word_1_347' title='bbox 1010 3034 1139 3106; x_wconf 63' lang='grc' dir='ltr'><strong>περὶ⁵</strong></span> <span class='ocrx_word' id='word_1_348' title='bbox 1184 3035 1276 3091; x_wconf 85' lang='grc' dir='ltr'>τὸν</span> <span class='ocrx_word' id='word_1_349' title='bbox 1303 3037 1398 3092; x_wconf 85' lang='grc' dir='ltr'>τοῦ</span> <span class='ocrx_word' id='word_1_350' title='bbox 1437 3040 1776 3113; x_wconf 83' lang='grc' dir='ltr'>Πνεύματος,</span> <span class='ocrx_word' id='word_1_351' title='bbox 1805 3080 1847 3139; x_wconf 76' lang='lat' dir='ltr'><strong><em>C</em></strong></span> 
     </span>
     <span class='ocr_line' id='line_1_50' title="bbox 190 3111 1668 3139; baseline 0 0"><span class='ocrx_word' id='word_1_352' title='bbox 190 3111 266 3139; x_wconf 62' lang='grc' dir='ltr'><strong>ἐ.-</strong></span> <span class='ocrx_word' id='word_1_353' title='bbox 334 3113 616 3139; x_wconf 64' lang='grc' dir='ltr'><strong>’Πε---...9--</strong></span> <span class='ocrx_word' id='word_1_354' title='bbox 713 3120 768 3139; x_wconf 74' lang='lat' dir='ltr'><strong>1P</strong></span> <span class='ocrx_word' id='word_1_355' title='bbox 826 3121 891 3139; x_wconf 72' lang='lat' dir='ltr'><strong>nu</strong></span> <span class='ocrx_word' id='word_1_356' title='bbox 1089 3125 1102 3139; x_wconf 78' lang='grc' dir='ltr'><strong>ι</strong></span> <span class='ocrx_word' id='word_1_357' title='bbox 1371 3131 1383 3139; x_wconf 86' lang='grc'><strong>.</strong></span> <span class='ocrx_word' id='word_1_358' title='bbox 1657 3135 1668 3139; x_wconf 89' lang='grc'><strong>-</strong></span> 
     </span>
    </p>
   </div>
   <div class='ocr_carea' id='block_1_50' title="bbox 184 3111 1779 3205">
    <p class='ocr_par' dir='ltr' id='par_1_50' title="bbox 184 3111 1779 3205">
     <span class='ocr_line' id='line_1_51' title="bbox 184 3111 1779 3205; baseline 0.015 -40"><span class='ocrx_word' id='word_1_359' title='bbox 184 3111 266 3175; x_wconf 77' lang='grc' dir='ltr'>ὡς</span> <span class='ocrx_word' id='word_1_360' title='bbox 334 3113 653 3184; x_wconf 79' lang='grc' dir='ltr'>Ἑσιοναίοι,</span> <span class='ocrx_word' id='word_1_361' title='bbox 709 3120 768 3185; x_wconf 80' lang='grc' dir='ltr'>ἐξ</span> <span class='ocrx_word' id='word_1_362' title='bbox 824 3121 956 3187; x_wconf 75' lang='grc' dir='ltr'>ιδίας</span> <span class='ocrx_word' id='word_1_363' title='bbox 988 3125 1255 3197; x_wconf 88' lang='grc' dir='ltr'>κινήσεως</span> <span class='ocrx_word' id='word_1_364' title='bbox 1304 3131 1432 3195; x_wconf 86' lang='grc' dir='ltr'>τοὺς</span> <span class='ocrx_word' id='word_1_365' title='bbox 1495 3111 1779 3205; x_wconf 77' lang='grc' dir='ltr'>προφήτας</span> 
     </span>
    </p>
   </div>
   <div class='ocr_carea' id='block_1_51' title="bbox 181 3203 1776 3297">
    <p class='ocr_par' dir='ltr' id='par_1_51' title="bbox 181 3203 1776 3297">
     <span class='ocr_line' id='line_1_52' title="bbox 181 3203 1776 3297; baseline 0.015 -40"><span class='ocrx_word' id='word_1_366' title='bbox 181 3203 550 3278; x_wconf 78' lang='grc' dir='ltr'>λελαληκέναι</span> <span class='ocrx_word' id='word_1_367' title='bbox 608 3212 1055 3282; x_wconf 75' lang='grc' dir='ltr'>φιλονεικοῦντες.</span> <span class='ocrx_word' id='word_1_368' title='bbox 1114 3220 1441 3293; x_wconf 80' lang='grc' dir='ltr'>Μαρκίωνος</span> <span class='ocrx_word' id='word_1_369' title='bbox 1509 3203 1616 3297; x_wconf 79' lang='grc' dir='ltr'>γὰρ</span> <span class='ocrx_word' id='word_1_370' title='bbox 1667 3203 1776 3280; x_wconf 78' lang='grc' dir='ltr'><strong>καὶ</strong></span> 
     </span>
    </p>
   </div>
   <div class='ocr_carea' id='block_1_52' title="bbox 181 3300 1772 3388">
    <p class='ocr_par' dir='ltr' id='par_1_52' title="bbox 181 3300 1772 3388">
     <span class='ocr_line' id='line_1_53' title="bbox 181 3300 1772 3388; baseline 0.016 -36"><span class='ocrx_word' id='word_1_371' title='bbox 181 3300 571 3371; x_wconf 82' lang='grc' dir='ltr'>οὐαλεντίνου,</span> <span class='ocrx_word' id='word_1_372' title='bbox 594 3308 688 3361; x_wconf 84' lang='grc' dir='ltr'><strong>καὶ</strong></span> <span class='ocrx_word' id='word_1_373' title='bbox 706 3309 816 3364; x_wconf 85' lang='grc' dir='ltr'><strong>τῶν</strong></span> <span class='ocrx_word' id='word_1_374' title='bbox 845 3313 974 3386; x_wconf 61' lang='grc' dir='ltr'><strong>περὶ⁸</strong></span> <span class='ocrx_word' id='word_1_375' title='bbox 994 3314 1086 3369; x_wconf 79' lang='grc' dir='ltr'>τὸν</span> <span class='ocrx_word' id='word_1_376' title='bbox 1114 3315 1422 3373; x_wconf 83' lang='grc' dir='ltr'>Ἑλκεσαῖον</span> <span class='ocrx_word' id='word_1_377' title='bbox 1445 3321 1538 3374; x_wconf 76' lang='grc' dir='ltr'>καὶ</span> <span class='ocrx_word' id='word_1_378' title='bbox 1559 3321 1772 3388; x_wconf 77' lang='grc' dir='ltr'>ἄλλους,</span> 
     </span>
    </p>
   </div>
   <div class='ocr_carea' id='block_1_53' title="bbox 180 3391 948 3472">
    <p class='ocr_par' dir='ltr' id='par_1_53' title="bbox 180 3391 948 3472">
     <span class='ocr_line' id='line_1_54' title="bbox 180 3391 948 3472; baseline 0.021 -28"><span class='ocrx_word' id='word_1_379' title='bbox 180 3391 351 3446; x_wconf 72' lang='grc' dir='ltr'>καλὸν</span> <span class='ocrx_word' id='word_1_380' title='bbox 383 3395 522 3465; x_wconf 77' lang='grc' dir='ltr'>μηδὲ</span> <span class='ocrx_word' id='word_1_381' title='bbox 558 3401 948 3472; x_wconf 81' lang='grc' dir='ltr'>μνημονεῦσαι.</span> 
     </span>
    </p>
   </div>
   <div class='ocr_carea' id='block_1_54' title="bbox 1897 1833 3491 1908">
    <p class='ocr_par' dir='ltr' id='par_1_54' title="bbox 1897 1833 3491 1908">
     <span class='ocr_line' id='line_1_55' title="bbox 1897 1833 3491 1908; baseline 0.009 -21"><span class='ocrx_word' id='word_1_382' title='bbox 1897 1833 2183 1901; x_wconf 85' lang='lat' dir='ltr'><strong>obscuras,</strong></span> <span class='ocrx_word' id='word_1_383' title='bbox 2232 1837 2289 1891; x_wconf 90' lang='lat' dir='ltr'><strong>in</strong></span> <span class='ocrx_word' id='word_1_384' title='bbox 2322 1837 2549 1893; x_wconf 89' lang='lat' dir='ltr'><strong>humilia</strong></span> <span class='ocrx_word' id='word_1_385' title='bbox 2585 1838 2846 1908; x_wconf 72' lang='lat' dir='ltr'><strong>deiectas,</strong></span> <span class='ocrx_word' id='word_1_386' title='bbox 2895 1843 3272 1899; x_wconf 87' lang='lat' dir='ltr'><strong>conventicula</strong></span> <span class='ocrx_word' id='word_1_387' title='bbox 3331 1843 3491 1901; x_wconf 87' lang='lat' dir='ltr'><strong>hete-</strong></span> 
     </span>
    </p>
   </div>
   <div class='ocr_carea' id='block_1_55' title="bbox 1895 1922 3497 2005">
    <p class='ocr_par' dir='ltr' id='par_1_55' title="bbox 1895 1922 3497 2005">
     <span class='ocr_line' id='line_1_56' title="bbox 1895 1922 3497 2005; baseline 0.01 -28"><span class='ocrx_word' id='word_1_388' title='bbox 1895 1922 2226 1979; x_wconf 79' lang='lat' dir='ltr'><strong>rodoxorum</strong></span> <span class='ocrx_word' id='word_1_389' title='bbox 2257 1935 2404 1981; x_wconf 88' lang='lat' dir='ltr'><strong>recte</strong></span> <span class='ocrx_word' id='word_1_390' title='bbox 2432 1925 2733 1984; x_wconf 78' lang='lat' dir='ltr'><strong>dixerimus</strong></span> <span class='ocrx_word' id='word_1_391' title='bbox 2777 1948 2790 1983; x_wconf 91' lang='lat'><strong>:</strong></span> <span class='ocrx_word' id='word_1_392' title='bbox 2841 1932 3063 2002; x_wconf 91' lang='lat' dir='ltr'><strong>quando</strong></span> <span class='ocrx_word' id='word_1_393' title='bbox 3113 1942 3168 1989; x_wconf 90' lang='lat' dir='ltr'><strong>et</strong></span> <span class='ocrx_word' id='word_1_394' title='bbox 3215 1935 3320 2005; x_wconf 84' lang='lat' dir='ltr'><strong>ipsi</strong></span> <span class='ocrx_word' id='word_1_395' title='bbox 3366 1951 3497 2003; x_wconf 8' lang='grc' dir='ltr'>οων,</span> 
     </span>
    </p>
   </div>
   <div class='ocr_carea' id='block_1_56' title="bbox 1895 2013 3484 2091">
    <p class='ocr_par' dir='ltr' id='par_1_56' title="bbox 1895 2013 3484 2091">
     <span class='ocr_line' id='line_1_57' title="bbox 1895 2013 3484 2091; baseline 0.01 -23"><span class='ocrx_word' id='word_1_396' title='bbox 1895 2013 2113 2071; x_wconf 90' lang='lat' dir='ltr'><strong>lestium</strong></span> <span class='ocrx_word' id='word_1_397' title='bbox 2176 2031 2360 2072; x_wconf 91' lang='lat' dir='ltr'><strong>rerum</strong></span> <span class='ocrx_word' id='word_1_398' title='bbox 2421 2018 2524 2073; x_wconf 83' lang='lat' dir='ltr'><strong>sibi</strong></span> <span class='ocrx_word' id='word_1_399' title='bbox 2589 2022 2874 2076; x_wconf 90' lang='lat' dir='ltr'><strong>scientiam</strong></span> <span class='ocrx_word' id='word_1_400' title='bbox 2932 2024 3239 2091; x_wconf 86' lang='lat' dir='ltr'><strong>vindicant,</strong></span> <span class='ocrx_word' id='word_1_401' title='bbox 3305 2035 3361 2082; x_wconf 91' lang='lat' dir='ltr'><strong>et</strong></span> <span class='ocrx_word' id='word_1_402' title='bbox 3425 2030 3484 2085; x_wconf 88' lang='lat' dir='ltr'><strong>in</strong></span> 
     </span>
    </p>
   </div>
   <div class='ocr_carea' id='block_1_57' title="bbox 1892 2107 3483 2191">
    <p class='ocr_par' dir='ltr' id='par_1_57' title="bbox 1892 2107 3483 2191">
     <span class='ocr_line' id='line_1_58' title="bbox 1892 2107 3483 2191; baseline 0.009 -28"><span class='ocrx_word' id='word_1_403' title='bbox 1892 2107 2173 2166; x_wconf 88' lang='lat' dir='ltr'><strong>Christum</strong></span> <span class='ocrx_word' id='word_1_404' title='bbox 2206 2126 2267 2168; x_wconf 90' lang='lat' dir='ltr'><strong>se</strong></span> <span class='ocrx_word' id='word_1_405' title='bbox 2300 2111 2605 2170; x_wconf 86' lang='lat' dir='ltr'><strong>credidisse</strong></span> <span class='ocrx_word' id='word_1_406' title='bbox 2629 2116 2957 2187; x_wconf 77' lang='lat' dir='ltr'><strong>gloriantur,</strong></span> <span class='ocrx_word' id='word_1_407' title='bbox 2991 2119 3395 2191; x_wconf 81' lang='lat' dir='ltr'><strong>stationemque</strong></span> <span class='ocrx_word' id='word_1_408' title='bbox 3424 2121 3483 2178; x_wconf 90' lang='lat' dir='ltr'><strong>in</strong></span> 
     </span>
    </p>
   </div>
   <div class='ocr_carea' id='block_1_58' title="bbox 1892 2200 3483 2275">
    <p class='ocr_par' dir='ltr' id='par_1_58' title="bbox 1892 2200 3483 2275">
     <span class='ocr_line' id='line_1_59' title="bbox 1892 2200 3483 2275; baseline 0.009 -20"><span class='ocrx_word' id='word_1_409' title='bbox 1892 2200 2049 2256; x_wconf 65' lang='lat' dir='ltr'><strong>caelis</strong></span> <span class='ocrx_word' id='word_1_410' title='bbox 2079 2200 2281 2257; x_wconf 88' lang='lat' dir='ltr'><strong>habere</strong></span> <span class='ocrx_word' id='word_1_411' title='bbox 2323 2212 2489 2274; x_wconf 91' lang='lat' dir='ltr'><strong>atque</strong></span> <span class='ocrx_word' id='word_1_412' title='bbox 2538 2205 2681 2261; x_wconf 89' lang='lat' dir='ltr'><strong>inter</strong></span> <span class='ocrx_word' id='word_1_413' title='bbox 2733 2214 2883 2263; x_wconf 88' lang='lat' dir='ltr'><strong>astra</strong></span> <span class='ocrx_word' id='word_1_414' title='bbox 2934 2210 3183 2275; x_wconf 87' lang='lat' dir='ltr'><strong>versari,</strong></span> <span class='ocrx_word' id='word_1_415' title='bbox 3235 2220 3294 2266; x_wconf 91' lang='lat' dir='ltr'><strong>ut</strong></span> <span class='ocrx_word' id='word_1_416' title='bbox 3340 2213 3483 2270; x_wconf 86' lang='lat' dir='ltr'><strong>lucis</strong></span> 
     </span>
    </p>
   </div>
   <div class='ocr_carea' id='block_1_59' title="bbox 1892 2293 3483 2364">
    <p class='ocr_par' dir='ltr' id='par_1_59' title="bbox 1892 2293 3483 2364">
     <span class='ocr_line' id='line_1_60' title="bbox 1892 2293 3483 2364; baseline 0.011 -16"><span class='ocrx_word' id='word_1_417' title='bbox 1892 2294 2052 2351; x_wconf 91' lang='lat' dir='ltr'><strong>ﬁlios.</strong></span> <span class='ocrx_word' id='word_1_418' title='bbox 2089 2293 2290 2351; x_wconf 80' lang='lat' dir='ltr'><strong>Verum</strong></span> <span class='ocrx_word' id='word_1_419' title='bbox 2329 2296 2694 2354; x_wconf 87' lang='lat' dir='ltr'><strong>detrahuntur</strong></span> <span class='ocrx_word' id='word_1_420' title='bbox 2746 2302 3004 2360; x_wconf 81' lang='lat' dir='ltr'><strong>draconis</strong></span> <span class='ocrx_word' id='word_1_421' title='bbox 3055 2305 3272 2363; x_wconf 77' lang='lat' dir='ltr'><strong>excussi</strong></span> <span class='ocrx_word' id='word_1_422' title='bbox 3326 2306 3483 2364; x_wconf 79' lang='lat' dir='ltr'><strong>flexi-</strong></span> 
     </span>
    </p>
   </div>
   <div class='ocr_carea' id='block_1_60' title="bbox 1890 2388 3480 2469">
    <p class='ocr_par' dir='ltr' id='par_1_60' title="bbox 1890 2388 3480 2469">
     <span class='ocr_line' id='line_1_61' title="bbox 1890 2388 3480 2469; baseline 0.009 -26"><span class='ocrx_word' id='word_1_423' title='bbox 1890 2388 2015 2453; x_wconf 88' lang='lat' dir='ltr'><strong>bus,</strong></span> <span class='ocrx_word' id='word_1_424' title='bbox 2045 2389 2190 2459; x_wconf 91' lang='lat' dir='ltr'><strong>quod</strong></span> <span class='ocrx_word' id='word_1_425' title='bbox 2220 2390 2367 2445; x_wconf 89' lang='lat' dir='ltr'><strong>intra</strong></span> <span class='ocrx_word' id='word_1_426' title='bbox 2391 2391 2755 2464; x_wconf 87' lang='lat' dir='ltr'><strong>triangulares</strong></span> <span class='ocrx_word' id='word_1_427' title='bbox 2776 2396 2998 2466; x_wconf 89' lang='lat' dir='ltr'><strong>pietatis</strong></span> <span class='ocrx_word' id='word_1_428' title='bbox 3027 2396 3230 2469; x_wconf 85' lang='lat' dir='ltr'><strong>ﬁguras</strong></span> <span class='ocrx_word' id='word_1_429' title='bbox 3262 2415 3371 2455; x_wconf 89' lang='lat' dir='ltr'><strong>non</strong></span> <span class='ocrx_word' id='word_1_430' title='bbox 3416 2417 3480 2458; x_wconf 84' lang='lat' dir='ltr'><strong>se</strong></span> 
     </span>
    </p>
   </div>
   <div class='ocr_carea' id='block_1_61' title="bbox 1887 2479 3479 2558">
    <p class='ocr_par' dir='ltr' id='par_1_61' title="bbox 1887 2479 3479 2558">
     <span class='ocr_line' id='line_1_62' title="bbox 1887 2479 3479 2558; baseline 0.008 -22"><span class='ocrx_word' id='word_1_431' title='bbox 1887 2479 2299 2546; x_wconf 89' lang='lat' dir='ltr'><strong>continuerunt,</strong></span> <span class='ocrx_word' id='word_1_432' title='bbox 2326 2482 2678 2552; x_wconf 86' lang='lat' dir='ltr'><strong>prolabentes</strong></span> <span class='ocrx_word' id='word_1_433' title='bbox 2702 2501 2769 2541; x_wconf 83' lang='lat' dir='ltr'><strong>ex</strong></span> <span class='ocrx_word' id='word_1_434' title='bbox 2804 2486 2924 2558; x_wconf 90' lang='lat' dir='ltr'><strong>ipsa</strong></span> <span class='ocrx_word' id='word_1_435' title='bbox 2976 2494 3032 2543; x_wconf 83' lang='lat' dir='ltr'><strong>et</strong></span> <span class='ocrx_word' id='word_1_436' title='bbox 3061 2504 3126 2544; x_wconf 82' lang='lat' dir='ltr'><strong>ex</strong></span> <span class='ocrx_word' id='word_1_437' title='bbox 3166 2490 3479 2548; x_wconf 75' lang='lat' dir='ltr'><strong>orthodoxa</strong></span> 
     </span>
    </p>
   </div>
   <div class='ocr_carea' id='block_1_62' title="bbox 1886 2566 3480 2651">
    <p class='ocr_par' dir='ltr' id='par_1_62' title="bbox 1886 2566 3480 2651">
     <span class='ocr_line' id='line_1_63' title="bbox 1886 2566 3480 2651; baseline 0.01 -30"><span class='ocrx_word' id='word_1_438' title='bbox 1886 2566 1983 2625; x_wconf 87' lang='lat' dir='ltr'><strong>Dei</strong></span> <span class='ocrx_word' id='word_1_439' title='bbox 2013 2570 2162 2625; x_wconf 91' lang='lat' dir='ltr'><strong>cultu</strong></span> <span class='ocrx_word' id='word_1_440' title='bbox 2188 2572 2589 2629; x_wconf 80' lang='lat' dir='ltr'><strong>exorbitantes.</strong></span> <span class='ocrx_word' id='word_1_441' title='bbox 2629 2572 2784 2631; x_wconf 89' lang='lat' dir='ltr'><strong>Unde</strong></span> <span class='ocrx_word' id='word_1_442' title='bbox 2812 2568 2867 2632; x_wconf 88' lang='lat' dir='ltr'><strong>et</strong></span> <span class='ocrx_word' id='word_1_443' title='bbox 2915 2579 3078 2634; x_wconf 89' lang='lat' dir='ltr'><strong>tertia</strong></span> <span class='ocrx_word' id='word_1_444' title='bbox 3121 2595 3249 2651; x_wconf 88' lang='lat' dir='ltr'><strong>pars</strong></span> <span class='ocrx_word' id='word_1_445' title='bbox 3289 2582 3480 2637; x_wconf 84' lang='lat' dir='ltr'><strong>stella-</strong></span> 
     </span>
    </p>
   </div>
   <div class='ocr_carea' id='block_1_63' title="bbox 1885 2663 3475 2733">
    <p class='ocr_par' dir='ltr' id='par_1_63' title="bbox 1885 2663 3475 2733">
     <span class='ocr_line' id='line_1_64' title="bbox 1885 2663 3475 2733; baseline 0.011 -19"><span class='ocrx_word' id='word_1_446' title='bbox 1885 2676 2009 2715; x_wconf 87' lang='lat' dir='ltr'><strong>rum</strong></span> <span class='ocrx_word' id='word_1_447' title='bbox 2039 2663 2218 2718; x_wconf 84' lang='lat' dir='ltr'><strong>vocati</strong></span> <span class='ocrx_word' id='word_1_448' title='bbox 2249 2669 2401 2731; x_wconf 88' lang='lat' dir='ltr'><strong>sunt,</strong></span> <span class='ocrx_word' id='word_1_449' title='bbox 2432 2666 2599 2721; x_wconf 84' lang='lat' dir='ltr'><strong>veluti</strong></span> <span class='ocrx_word' id='word_1_450' title='bbox 2649 2667 2800 2724; x_wconf 88' lang='lat' dir='ltr'><strong>circa</strong></span> <span class='ocrx_word' id='word_1_451' title='bbox 2846 2680 3029 2725; x_wconf 90' lang='lat' dir='ltr'><strong>unum&#39;</strong></span> <span class='ocrx_word' id='word_1_452' title='bbox 3063 2686 3129 2727; x_wconf 81' lang='lat' dir='ltr'><strong>ex</strong></span> <span class='ocrx_word' id='word_1_453' title='bbox 3185 2670 3475 2733; x_wconf 84' lang='lat' dir='ltr'><strong>Trinitatis</strong></span> 
     </span>
    </p>
   </div>
   <div class='ocr_carea' id='block_1_64' title="bbox 1885 2755 3474 2834">
    <p class='ocr_par' dir='ltr' id='par_1_64' title="bbox 1885 2755 3474 2834">
     <span class='ocr_line' id='line_1_65' title="bbox 1885 2755 3474 2834; baseline 0.008 -25"><span class='ocrx_word' id='word_1_454' title='bbox 1885 2755 2133 2814; x_wconf 91' lang='lat' dir='ltr'><strong>numeris</strong></span> <span class='ocrx_word' id='word_1_455' title='bbox 2189 2757 2528 2816; x_wconf 86' lang='lat' dir='ltr'><strong>deerrantes.</strong></span> <span class='ocrx_word' id='word_1_456' title='bbox 2580 2760 2890 2831; x_wconf 84' lang='lat' dir='ltr'><strong>Aliquando</strong></span> <span class='ocrx_word' id='word_1_457' title='bbox 2924 2764 3144 2834; x_wconf 86' lang='lat' dir='ltr'><strong>quidem</strong></span> <span class='ocrx_word' id='word_1_458' title='bbox 3187 2763 3474 2822; x_wconf 72' lang='lat' dir='ltr'><strong>circa’Pa-</strong></span> 
     </span>
    </p>
   </div>
   <div class='ocr_carea' id='block_1_65' title="bbox 1882 2853 3473 2933">
    <p class='ocr_par' dir='ltr' id='par_1_65' title="bbox 1882 2853 3473 2933">
     <span class='ocr_line' id='line_1_66' title="bbox 1882 2853 3473 2933; baseline 0.007 -26"><span class='ocrx_word' id='word_1_459' title='bbox 1882 2853 2007 2927; x_wconf 85' lang='lat' dir='ltr'><strong>tris,</strong></span> <span class='ocrx_word' id='word_1_460' title='bbox 2044 2863 2105 2909; x_wconf 90' lang='lat' dir='ltr'><strong>ut</strong></span> <span class='ocrx_word' id='word_1_461' title='bbox 2135 2853 2427 2920; x_wconf 87' lang='lat' dir='ltr'><strong>Sabellius,</strong></span> <span class='ocrx_word' id='word_1_462' title='bbox 2452 2860 2547 2927; x_wconf 88' lang='lat' dir='ltr'><strong>qui</strong></span> <span class='ocrx_word' id='word_1_463' title='bbox 2582 2857 2760 2929; x_wconf 90' lang='lat' dir='ltr'><strong>ipsum</strong></span> <span class='ocrx_word' id='word_1_464' title='bbox 2787 2856 3222 2930; x_wconf 90' lang='lat' dir='ltr'><strong>Omnipotentem</strong></span> <span class='ocrx_word' id='word_1_465' title='bbox 3248 2876 3473 2933; x_wconf 88' lang='lat' dir='ltr'><strong>passum</strong></span> 
     </span>
    </p>
   </div>
   <div class='ocr_carea' id='block_1_66' title="bbox 1882 2946 3472 3018">
    <p class='ocr_par' dir='ltr' id='par_1_66' title="bbox 1882 2946 3472 3018">
     <span class='ocr_line' id='line_1_67' title="bbox 1882 2946 3472 3018; baseline 0.005 -19"><span class='ocrx_word' id='word_1_466' title='bbox 1882 2946 2158 3015; x_wconf 88' lang='lat' dir='ltr'><strong>asseruit;</strong></span> <span class='ocrx_word' id='word_1_467' title='bbox 2188 2947 2484 3018; x_wconf 89' lang='lat' dir='ltr'><strong>aliquando</strong></span> <span class='ocrx_word' id='word_1_468' title='bbox 2505 2964 2634 3005; x_wconf 84' lang='lat' dir='ltr'><strong>vero</strong></span> <span class='ocrx_word' id='word_1_469' title='bbox 2664 2949 2812 3004; x_wconf 78' lang='lat' dir='ltr'><strong>circa</strong></span> <span class='ocrx_word' id='word_1_470' title='bbox 2839 2947 2983 3017; x_wconf 82' lang='lat' dir='ltr'><strong>Filii,</strong></span> <span class='ocrx_word' id='word_1_471' title='bbox 3018 2957 3078 3003; x_wconf 92' lang='lat' dir='ltr'><strong>ut</strong></span> <span class='ocrx_word' id='word_1_472' title='bbox 3104 2950 3377 3017; x_wconf 83' lang='lat' dir='ltr'><strong>Artemas,</strong></span> <span class='ocrx_word' id='word_1_473' title='bbox 3414 2959 3472 3009; x_wconf 89' lang='lat' dir='ltr'><strong>et</strong></span> 
     </span>
    </p>
   </div>
   <div class='ocr_carea' id='block_1_67' title="bbox 1882 3039 3473 3112">
    <p class='ocr_par' dir='ltr' id='par_1_67' title="bbox 1882 3039 3473 3112">
     <span class='ocr_line' id='line_1_68' title="bbox 1882 3039 3473 3112; baseline 0.008 -20"><span class='ocrx_word' id='word_1_474' title='bbox 1882 3039 1974 3110; x_wconf 90' lang='lat' dir='ltr'><strong>qui</strong></span> <span class='ocrx_word' id='word_1_475' title='bbox 2020 3039 2171 3096; x_wconf 90' lang='lat' dir='ltr'><strong>nudo</strong></span> <span class='ocrx_word' id='word_1_476' title='bbox 2195 3044 2416 3111; x_wconf 89' lang='lat' dir='ltr'><strong>spect&#39;ro</strong></span> <span class='ocrx_word' id='word_1_477' title='bbox 2447 3056 2547 3097; x_wconf 90' lang='lat' dir='ltr'><strong>seu</strong></span> <span class='ocrx_word' id='word_1_478' title='bbox 2581 3042 2902 3112; x_wconf 87' lang='lat' dir='ltr'><strong>apparentia</strong></span> <span class='ocrx_word' id='word_1_479' title='bbox 2954 3056 3077 3097; x_wconf 90' lang='lat' dir='ltr'><strong>eum</strong></span> <span class='ocrx_word' id='word_1_480' title='bbox 3115 3052 3302 3099; x_wconf 88' lang='lat' dir='ltr'><strong>natum</strong></span> <span class='ocrx_word' id='word_1_481' title='bbox 3345 3059 3473 3105; x_wconf 78' lang='lat' dir='ltr'><strong>esse</strong></span> 
     </span>
    </p>
   </div>
   <div class='ocr_carea' id='block_1_68' title="bbox 1880 3129 3468 3204">
    <p class='ocr_par' dir='ltr' id='par_1_68' title="bbox 1880 3129 3468 3204">
     <span class='ocr_line' id='line_1_69' title="bbox 1880 3129 3468 3204; baseline 0.004 -19"><span class='ocrx_word' id='word_1_482' title='bbox 1880 3129 2180 3200; x_wconf 86' lang='lat' dir='ltr'><strong>dixerunt;</strong></span> <span class='ocrx_word' id='word_1_483' title='bbox 2228 3132 2557 3204; x_wconf 86' lang='lat' dir='ltr'><strong>quandoque</strong></span> <span class='ocrx_word' id='word_1_484' title='bbox 2616 3133 2766 3189; x_wconf 86' lang='lat' dir='ltr'><strong>circa</strong></span> <span class='ocrx_word' id='word_1_485' title='bbox 2832 3131 3075 3203; x_wconf 87' lang='lat' dir='ltr'><strong>Spiritus</strong></span> <span class='ocrx_word' id='word_1_486' title='bbox 3136 3134 3349 3199; x_wconf 86' lang='lat' dir='ltr'><strong>sancti,</strong></span> <span class='ocrx_word' id='word_1_487' title='bbox 3406 3143 3468 3191; x_wconf 83' lang='lat' dir='ltr'><strong>ut</strong></span> 
     </span>
    </p>
   </div>
   <div class='ocr_carea' id='block_1_69' title="bbox 1880 3221 3471 3295">
    <p class='ocr_par' dir='ltr' id='par_1_69' title="bbox 1880 3221 3471 3295">
     <span class='ocr_line' id='line_1_70' title="bbox 1880 3221 3471 3295; baseline 0.002 -18"><span class='ocrx_word' id='word_1_488' title='bbox 1880 3221 2144 3289; x_wconf 70' lang='lat' dir='ltr'><strong>Ebionaai,</strong></span> <span class='ocrx_word' id='word_1_489' title='bbox 2188 3226 2281 3295; x_wconf 90' lang='lat' dir='ltr'><strong>qui</strong></span> <span class='ocrx_word' id='word_1_490' title='bbox 2317 3225 2611 3295; x_wconf 89' lang='lat' dir='ltr'><strong>prophetas</strong></span> <span class='ocrx_word' id='word_1_491' title='bbox 2642 3231 2792 3279; x_wconf 90' lang='lat' dir='ltr'><strong>motu</strong></span> <span class='ocrx_word' id='word_1_492' title='bbox 2838 3223 3060 3294; x_wconf 86' lang='lat' dir='ltr'><strong>proprio</strong></span> <span class='ocrx_word' id='word_1_493' title='bbox 3102 3223 3316 3280; x_wconf 91' lang='lat' dir='ltr'><strong>locutos</strong></span> <span class='ocrx_word' id='word_1_494' title='bbox 3344 3239 3471 3281; x_wconf 89' lang='lat' dir='ltr'><strong>esse</strong></span> 
     </span>
    </p>
   </div>
   <div class='ocr_carea' id='block_1_70' title="bbox 1880 3314 3466 3377">
    <p class='ocr_par' dir='ltr' id='par_1_70' title="bbox 1880 3314 3466 3377">
     <span class='ocr_line' id='line_1_71' title="bbox 1880 3314 3466 3377; baseline -0.001 -5"><span class='ocrx_word' id='word_1_495' title='bbox 1880 3316 2240 3373; x_wconf 88' lang='lat' dir='ltr'><strong>contendunt.</strong></span> <span class='ocrx_word' id='word_1_496' title='bbox 2297 3316 2594 3373; x_wconf 83' lang='lat' dir='ltr'><strong>Marcionis</strong></span> <span class='ocrx_word' id='word_1_497' title='bbox 2643 3316 2790 3372; x_wconf 91' lang='lat' dir='ltr'><strong>enim</strong></span> <span class='ocrx_word' id='word_1_498' title='bbox 2840 3323 2894 3372; x_wconf 86' lang='lat' dir='ltr'><strong>et</strong></span> <span class='ocrx_word' id='word_1_499' title='bbox 2940 3314 3251 3377; x_wconf 86' lang='lat' dir='ltr'><strong>Valentini,</strong></span> <span class='ocrx_word' id='word_1_500' title='bbox 3310 3314 3466 3370; x_wconf 85' lang='lat' dir='ltr'><strong>Elce-</strong></span> 
     </span>
    </p>
   </div>
   <div class='ocr_carea' id='block_1_71' title="bbox 1880 3407 3465 3480">
    <p class='ocr_par' dir='ltr' id='par_1_71' title="bbox 1880 3407 3465 3480">
     <span class='ocr_line' id='line_1_72' title="bbox 1880 3407 3465 3480; baseline -0.001 -15"><span class='ocrx_word' id='word_1_501' title='bbox 1880 3409 2084 3479; x_wconf 58' lang='lat' dir='ltr'><strong>satique</strong></span> <span class='ocrx_word' id='word_1_502' title='bbox 2122 3418 2176 3465; x_wconf 91' lang='lat' dir='ltr'><strong>et</strong></span> <span class='ocrx_word' id='word_1_503' title='bbox 2208 3408 2471 3476; x_wconf 88' lang='lat' dir='ltr'><strong>aliorum,</strong></span> <span class='ocrx_word' id='word_1_504' title='bbox 2504 3408 2773 3480; x_wconf 85' lang='lat' dir='ltr'><strong>optimum</strong></span> <span class='ocrx_word' id='word_1_505' title='bbox 2820 3407 2987 3465; x_wconf 87' lang='lat' dir='ltr'><strong>fuerit</strong></span> <span class='ocrx_word' id='word_1_506' title='bbox 3033 3424 3102 3465; x_wconf 91' lang='lat' dir='ltr'><strong>ne</strong></span> <span class='ocrx_word' id='word_1_507' title='bbox 3146 3407 3465 3464; x_wconf 85' lang='lat' dir='ltr'><strong>meminisse</strong></span> 
     </span>
    </p>
   </div>
   <div class='ocr_carea' id='block_1_72' title="bbox 1879 3502 2122 3574">
    <p class='ocr_par' dir='ltr' id='par_1_72' title="bbox 1879 3502 2122 3574">
     <span class='ocr_line' id='line_1_73' title="bbox 1879 3502 2122 3574; baseline -0.004 -14"><span class='ocrx_word' id='word_1_508' title='bbox 1879 3502 2122 3574; x_wconf 87' lang='lat' dir='ltr'><strong>quidem.</strong></span> 
     </span>
    </p>
   </div>
   <div class='ocr_carea' id='block_1_73' title="bbox 183 3610 3458 3722">
    <p class='ocr_par' dir='ltr' id='par_1_73' title="bbox 183 3610 3458 3722">
     <span class='ocr_line' id='line_1_74' title="bbox 183 3610 3458 3722; baseline 0.008 -55"><span class='ocrx_word' id='word_1_509' title='bbox 183 3610 319 3670; x_wconf 68' lang='lat' dir='ltr'><strong>Cn.</strong></span> <span class='ocrx_word' id='word_1_510' title='bbox 358 3614 694 3722; x_wconf 34' lang='lat' dir='ltr'><strong>[XlzoMulier</strong></span> <span class='ocrx_word' id='word_1_511' title='bbox 716 3639 844 3707; x_wconf 80' lang='lat' dir='ltr'><strong>cum_</strong></span> <span class='ocrx_word' id='word_1_512' title='bbox 872 3624 988 3695; x_wconf 76' lang='lat' dir='ltr'><strong>ﬁlio</strong></span> <span class='ocrx_word' id='word_1_513' title='bbox 1037 3632 1275 3686; x_wconf 81' lang='lat' dir='ltr'><strong>masculo</strong></span> <span class='ocrx_word' id='word_1_514' title='bbox 1325 3632 1382 3687; x_wconf 83' lang='lat' dir='ltr'><strong>in</strong></span> <span class='ocrx_word' id='word_1_515' title='bbox 1410 3633 1637 3701; x_wconf 79' lang='lat' dir='ltr'><strong>deserto,</strong></span> <span class='ocrx_word' id='word_1_516' title='bbox 1668 3636 1933 3695; x_wconf 78' lang='lat' dir='ltr'><strong>Ecclesia.</strong></span> <span class='ocrx_word' id='word_1_517' title='bbox 1975 3640 2272 3713; x_wconf 86' lang='lat' dir='ltr'><strong>Virginum,</strong></span> <span class='ocrx_word' id='word_1_518' title='bbox 2317 3636 3458 3722; x_wconf 43' lang='lat' dir='ltr'><strong>sanctorumqurdesertum..Nunierorum</strong></span> 
     </span>
     <span class='ocr_line' id='line_1_75' title="bbox 251 3699 2812 3722; baseline 0 0"><span class='ocrx_word' id='word_1_519' title='bbox 251 3702 352 3722; x_wconf 66' lang='grc' dir='ltr'><strong>σικ</strong></span> <span class='ocrx_word' id='word_1_520' title='bbox 383 3704 435 3722; x_wconf 74' lang='grc' dir='ltr'><strong>ΔΑ·</strong></span> <span class='ocrx_word' id='word_1_521' title='bbox 462 3706 514 3722; x_wconf 73' lang='lat' dir='ltr'><strong>In</strong></span> <span class='ocrx_word' id='word_1_522' title='bbox 538 3706 601 3722; x_wconf 63' lang='lat' dir='ltr'><strong><em>nn</em></strong></span> <span class='ocrx_word' id='word_1_523' title='bbox 628 3705 996 3722; x_wconf 56' lang='lat' dir='ltr'><strong>mon-ln-nn-n...</strong></span> <span class='ocrx_word' id='word_1_524' title='bbox 1059 3699 1265 3722; x_wconf 64' lang='lat' dir='ltr'><strong>L&#39;,-.._--!!</strong></span> <span class='ocrx_word' id='word_1_525' title='bbox 1304 3719 1358 3722; x_wconf 35' lang='grc' dir='ltr'><strong>..Α</strong></span> <span class='ocrx_word' id='word_1_526' title='bbox 1452 3705 1508 3722; x_wconf 72' lang='grc' dir='ltr'><strong>ιο-</strong></span> <span class='ocrx_word' id='word_1_527' title='bbox 1642 3718 1652 3722; x_wconf 82' lang='grc'><strong>-</strong></span> <span class='ocrx_word' id='word_1_528' title='bbox 1781 3709 1799 3722; x_wconf 67' lang='grc' dir='ltr'><strong><em>ι</em></strong></span> <span class='ocrx_word' id='word_1_529' title='bbox 1865 3711 1896 3722; x_wconf 65' lang='lat' dir='ltr'><strong>.u</strong></span> <span class='ocrx_word' id='word_1_530' title='bbox 2013 3710 2045 3722; x_wconf 65' lang='grc' dir='ltr'><strong>Α</strong></span> <span class='ocrx_word' id='word_1_531' title='bbox 2185 3714 2198 3722; x_wconf 93' lang='grc'>.</span> <span class='ocrx_word' id='word_1_532' title='bbox 2300 3713 2312 3722; x_wconf 83' lang='grc'><em>.</em></span> <span class='ocrx_word' id='word_1_533' title='bbox 2385 3710 2442 3722; x_wconf 71' lang='grc' dir='ltr'><strong>Α.</strong></span> <span class='ocrx_word' id='word_1_534' title='bbox 2495 3713 2505 3722; x_wconf 79' lang='grc' dir='ltr'><strong>ι</strong></span> <span class='ocrx_word' id='word_1_535' title='bbox 2549 3720 2554 3722; x_wconf 34' lang='grc' dir='ltr'><em>Α</em></span> <span class='ocrx_word' id='word_1_536' title='bbox 2745 3713 2757 3722; x_wconf 89' lang='grc'>.</span> <span class='ocrx_word' id='word_1_537' title='bbox 2803 3719 2812 3722; x_wconf 85' lang='grc'><strong>-</strong></span> 
     </span>
    </p>
   </div>
   <div class='ocr_carea' id='block_1_74' title="bbox 251 3691 3460 3781">
    <p class='ocr_par' dir='ltr' id='par_1_74' title="bbox 251 3691 3460 3781">
     <span class='ocr_line' id='line_1_76' title="bbox 251 3691 3460 3781; baseline 0.003 -28"><span class='ocrx_word' id='word_1_538' title='bbox 251 3691 514 3756; x_wconf 70' lang='grc' dir='ltr'>Ρεΐίετιίο</span> <span class='ocrx_word' id='word_1_539' title='bbox 536 3691 1019 3781; x_wconf 46' lang='grc' dir='ltr'>αῇηιξιειεςίοηιμπ.</span> <span class='ocrx_word' id='word_1_540' title='bbox 1052 3699 1265 3781; x_wconf 72' lang='lat' dir='ltr'><strong>Senarii</strong></span> <span class='ocrx_word' id='word_1_541' title='bbox 1292 3705 1575 3781; x_wconf 63' lang='lat' dir='ltr'><strong>aequalitas</strong></span> <span class='ocrx_word' id='word_1_542' title='bbox 1604 3691 1653 3762; x_wconf 66' lang='lat' dir='ltr'><strong>et</strong></span> <span class='ocrx_word' id='word_1_543' title='bbox 1677 3691 1952 3781; x_wconf 67' lang='lat' dir='ltr'><strong>perfectio.</strong></span> <span class='ocrx_word' id='word_1_544' title='bbox 1985 3691 2272 3768; x_wconf 59' lang='grc' dir='ltr'><strong>’ὲέῖἇὲὲὶὶῖ</strong></span> <span class='ocrx_word' id='word_1_545' title='bbox 2294 3691 2903 3766; x_wconf 54' lang='grc' dir='ltr'><strong>ίὶιῖιίεξῑᾱὴῖἲειαίιὶέ.</strong></span> <span class='ocrx_word' id='word_1_546' title='bbox 2926 3691 3156 3763; x_wconf 10' lang='lat' dir='ltr'><strong>Exiltoc</strong></span> <span class='ocrx_word' id='word_1_547' title='bbox 3201 3691 3325 3764; x_wconf 73' lang='lat' dir='ltr'><strong>item</strong></span> <span class='ocrx_word' id='word_1_548' title='bbox 3357 3691 3460 3764; x_wconf 58' lang='grc' dir='ltr'><strong>τὼς</strong></span> 
     </span>
    </p>
   </div>
   <div class='ocr_carea' id='block_1_75' title="bbox 248 3762 1632 3845">
    <p class='ocr_par' dir='ltr' id='par_1_75' title="bbox 248 3762 1632 3845">
     <span class='ocr_line' id='line_1_77' title="bbox 248 3762 1632 3845; baseline 0.017 -35"><span class='ocrx_word' id='word_1_549' title='bbox 248 3774 403 3812; x_wconf 68' lang='lat' dir='ltr'><strong>mro</strong></span> <span class='ocrx_word' id='word_1_550' title='bbox 435 3762 623 3815; x_wconf 85' lang='lat' dir='ltr'><strong>mundi</strong></span> <span class='ocrx_word' id='word_1_551' title='bbox 640 3766 837 3819; x_wconf 78' lang='lat' dir='ltr'><strong>creatio</strong></span> <span class='ocrx_word' id='word_1_552' title='bbox 862 3778 911 3819; x_wconf 84' lang='lat' dir='ltr'><strong>et</strong></span> <span class='ocrx_word' id='word_1_553' title='bbox 931 3766 1211 3826; x_wconf 82' lang='lat' dir='ltr'><strong>harmonia</strong></span> <span class='ocrx_word' id='word_1_554' title='bbox 1239 3762 1632 3845; x_wconf 60' lang='lat' dir='ltr'><strong>tota&#39;conﬂata.</strong></span> 
     </span>
    </p>
   </div>
   <div class='ocr_carea' id='block_1_76' title="bbox 256 3871 1768 3966">
    <p class='ocr_par' dir='ltr' id='par_1_76' title="bbox 256 3871 1768 3966">
     <span class='ocr_line' id='line_1_78' title="bbox 256 3871 1768 3966; baseline 0.018 -41"><span class='ocrx_word' id='word_1_555' title='bbox 256 3873 329 3927; x_wconf 81' lang='grc' dir='ltr'><strong>Ἦ</strong></span> <span class='ocrx_word' id='word_1_556' title='bbox 365 3871 423 3927; x_wconf 81' lang='grc' dir='ltr'>δὲ</span> <span class='ocrx_word' id='word_1_557' title='bbox 473 3878 717 3944; x_wconf 79' lang='grc' dir='ltr'>γεννῶσα</span> <span class='ocrx_word' id='word_1_558' title='bbox 751 3883 846 3935; x_wconf 74' lang='grc' dir='ltr'>καὶ</span> <span class='ocrx_word' id='word_1_559' title='bbox 886 3886 1195 3957; x_wconf 80' lang='grc' dir='ltr'>γεννήσασα</span> <span class='ocrx_word' id='word_1_560' title='bbox 1227 3889 1318 3945; x_wconf 82' lang='grc' dir='ltr'>τὸν</span> <span class='ocrx_word' id='word_1_561' title='bbox 1350 3892 1670 3966; x_wconf 66' lang='grc' dir='ltr'>ἀρρενωπὴν</span> <span class='ocrx_word' id='word_1_562' title='bbox 1706 3898 1768 3951; x_wconf 79' lang='grc' dir='ltr'>ὲν</span> 
     </span>
    </p>
   </div>
   <div class='ocr_carea' id='block_1_77' title="bbox 175 3967 1767 4063">
    <p class='ocr_par' dir='ltr' id='par_1_77' title="bbox 175 3967 1767 4063">
     <span class='ocr_line' id='line_1_79' title="bbox 175 3967 1767 4063; baseline 0.017 -45"><span class='ocrx_word' id='word_1_563' title='bbox 175 3970 297 4030; x_wconf 78' lang='grc' dir='ltr'>ταῖς</span> <span class='ocrx_word' id='word_1_564' title='bbox 332 3967 591 4040; x_wconf 78' lang='grc' dir='ltr'>καρδίαις</span> <span class='ocrx_word' id='word_1_565' title='bbox 617 3971 726 4026; x_wconf 83' lang='grc' dir='ltr'><strong>τῶν</strong></span> <span class='ocrx_word' id='word_1_566' title='bbox 761 3978 1125 4034; x_wconf 81' lang='grc' dir='ltr'>πιστευόντων</span> <span class='ocrx_word' id='word_1_567' title='bbox 1150 3982 1341 4053; x_wconf 89' lang='grc' dir='ltr'>Λόγον,</span> <span class='ocrx_word' id='word_1_568' title='bbox 1372 3987 1467 4040; x_wconf 79' lang='grc' dir='ltr'><strong>καὶ</strong></span> <span class='ocrx_word' id='word_1_569' title='bbox 1501 3988 1767 4063; x_wconf 81' lang='grc' dir='ltr'>ἄχραντος</span> 
     </span>
    </p>
   </div>
   <div class='ocr_carea' id='block_1_78' title="bbox 176 4060 1766 4153">
    <p class='ocr_par' dir='ltr' id='par_1_78' title="bbox 176 4060 1766 4153">
     <span class='ocr_line' id='line_1_80' title="bbox 176 4060 1766 4153; baseline 0.016 -41"><span class='ocrx_word' id='word_1_570' title='bbox 176 4060 268 4113; x_wconf 62' lang='grc' dir='ltr'>καὶ</span> <span class='ocrx_word' id='word_1_571' title='bbox 295 4060 544 4133; x_wconf 71' lang='grc' dir='ltr'>ἀϐλαϐὴς</span> <span class='ocrx_word' id='word_1_572' title='bbox 576 4064 682 4118; x_wconf 73' lang='grc' dir='ltr'>ἀπὸ</span> <span class='ocrx_word' id='word_1_573' title='bbox 707 4067 801 4121; x_wconf 78' lang='grc' dir='ltr'><strong>τοῦ</strong></span> <span class='ocrx_word' id='word_1_574' title='bbox 823 4066 988 4142; x_wconf 81' lang='grc' dir='ltr'>θηρὸς</span> <span class='ocrx_word' id='word_1_575' title='bbox 1012 4073 1113 4145; x_wconf 82' lang='grc' dir='ltr'>τῆς</span> <span class='ocrx_word' id='word_1_576' title='bbox 1136 4075 1306 4147; x_wconf 86' lang='grc' dir='ltr'>ὀργῆς</span> <span class='ocrx_word' id='word_1_577' title='bbox 1328 4079 1409 4143; x_wconf 86' lang='grc' dir='ltr'><strong>είς</strong></span> <span class='ocrx_word' id='word_1_578' title='bbox 1438 4078 1538 4151; x_wconf 81' lang='grc' dir='ltr'><strong>τήν</strong></span> <span class='ocrx_word' id='word_1_579' title='bbox 1560 4060 1766 4153; x_wconf 65' lang='grc' dir='ltr'>ἔρημον</span> 
     </span>
    </p>
   </div>
   <div class='ocr_carea' id='block_1_79' title="bbox 177 4153 1765 4235">
    <p class='ocr_par' dir='ltr' id='par_1_79' title="bbox 177 4153 1765 4235">
     <span class='ocr_line' id='line_1_81' title="bbox 177 4153 1765 4235; baseline 0.019 -19"><span class='ocrx_word' id='word_1_580' title='bbox 177 4153 713 4227; x_wconf 60' lang='grc' dir='ltr'>πραγεγενημένην</span> <span class='ocrx_word' id='word_1_581' title='bbox 747 4159 781 4228; x_wconf 79' lang='grc' dir='ltr'><strong>ἡ</strong></span> <span class='ocrx_word' id='word_1_582' title='bbox 818 4159 1002 4232; x_wconf 83' lang='grc' dir='ltr'>μήτηρ</span> <span class='ocrx_word' id='word_1_583' title='bbox 1034 4162 1192 4234; x_wconf 78' lang='grc' dir='ltr'>ἡμῶν</span> <span class='ocrx_word' id='word_1_584' title='bbox 1239 4167 1418 4233; x_wconf 63' lang='grc' dir='ltr'><strong>ἐστιν,</strong></span> <span class='ocrx_word' id='word_1_585' title='bbox 1453 4169 1530 4235; x_wconf 80' lang='grc' dir='ltr'><strong>ὡς</strong></span> <span class='ocrx_word' id='word_1_586' title='bbox 1572 4172 1765 4226; x_wconf 84' lang='grc' dir='ltr'>ἀποδε-</span> 
     </span>
    </p>
   </div>
   <div class='ocr_carea' id='block_1_80' title="bbox 173 4245 1764 4338">
    <p class='ocr_par' dir='ltr' id='par_1_80' title="bbox 173 4245 1764 4338">
     <span class='ocr_line' id='line_1_82' title="bbox 173 4245 1764 4338; baseline 0.016 -40"><span class='ocrx_word' id='word_1_587' title='bbox 173 4245 456 4319; x_wconf 73' lang='grc' dir='ltr'>δώκαμεν,</span> <span class='ocrx_word' id='word_1_588' title='bbox 487 4252 522 4320; x_wconf 90' lang='grc' dir='ltr'><strong>ή</strong></span> <span class='ocrx_word' id='word_1_589' title='bbox 559 4250 875 4325; x_wconf 88' lang='grc' dir='ltr'>Ἐκκλησία.</span> <span class='ocrx_word' id='word_1_590' title='bbox 914 4257 980 4311; x_wconf 83' lang='grc' dir='ltr'><em>Ἢ</em></span> <span class='ocrx_word' id='word_1_591' title='bbox 1002 4258 1060 4312; x_wconf 85' lang='grc' dir='ltr'>δὲ</span> <span class='ocrx_word' id='word_1_592' title='bbox 1081 4258 1308 4333; x_wconf 79' lang='grc' dir='ltr'>ἔρημος,</span> <span class='ocrx_word' id='word_1_593' title='bbox 1339 4266 1421 4329; x_wconf 87' lang='grc' dir='ltr'><strong>είς</strong></span> <span class='ocrx_word' id='word_1_594' title='bbox 1442 4265 1508 4338; x_wconf 80' lang='grc' dir='ltr'>ἢν</span> <span class='ocrx_word' id='word_1_595' title='bbox 1532 4266 1764 4323; x_wconf 76' lang='grc' dir='ltr'>ἐλθοῦσα</span> 
     </span>
    </p>
   </div>
   <div class='ocr_carea' id='block_1_81' title="bbox 173 4340 1758 4433">
    <p class='ocr_par' dir='ltr' id='par_1_81' title="bbox 173 4340 1758 4433">
     <span class='ocr_line' id='line_1_83' title="bbox 173 4340 1758 4433; baseline 0.033 -55"><span class='ocrx_word' id='word_1_596' title='bbox 173 4340 441 4433; x_wconf 56' lang='grc' dir='ltr'>τρέφεται</span> <span class='ocrx_word' id='word_1_597' title='bbox 469 4341 773 4433; x_wconf 29' lang='grc' dir='ltr'>τάςᾉχιλίας</span> <span class='ocrx_word' id='word_1_598' title='bbox 811 4349 904 4402; x_wconf 79' lang='grc' dir='ltr'>καὶ</span> <span class='ocrx_word' id='word_1_599' title='bbox 936 4350 1216 4419; x_wconf 82' lang='grc' dir='ltr'>διακοσίας</span> <span class='ocrx_word' id='word_1_600' title='bbox 1250 4355 1462 4427; x_wconf 77' lang='grc' dir='ltr'>ἡμέρας</span> <span class='ocrx_word' id='word_1_601' title='bbox 1492 4359 1587 4413; x_wconf 72' lang='grc' dir='ltr'><strong>καὶ</strong></span> <span class='ocrx_word' id='word_1_602' title='bbox 1631 4358 1758 4433; x_wconf 70' lang='grc' dir='ltr'>ἑξή-</span> 
     </span>
    </p>
   </div>
   <div class='ocr_carea' id='block_1_82' title="bbox 174 4431 1759 4522">
    <p class='ocr_par' dir='ltr' id='par_1_82' title="bbox 174 4431 1759 4522">
     <span class='ocr_line' id='line_1_84' title="bbox 174 4431 1759 4522; baseline 0.017 -44"><span class='ocrx_word' id='word_1_603' title='bbox 174 4441 359 4522; x_wconf 71' lang='grc' dir='ltr'>κοντα,</span> <span class='ocrx_word' id='word_1_604' title='bbox 380 4431 418 4500; x_wconf 78' lang='grc' dir='ltr'><strong>ἡ</strong></span> <span class='ocrx_word' id='word_1_605' title='bbox 452 4431 637 4484; x_wconf 83' lang='grc' dir='ltr'>κακῶν</span> <span class='ocrx_word' id='word_1_606' title='bbox 661 4432 758 4506; x_wconf 76' lang='grc' dir='ltr'>ἔρη</span> <span class='ocrx_word' id='word_1_607' title='bbox 767 4453 865 4505; x_wconf 81' lang='grc' dir='ltr'>μσς</span> <span class='ocrx_word' id='word_1_608' title='bbox 886 4438 1101 4511; x_wconf 86' lang='grc' dir='ltr'>ἀληθῶς</span> <span class='ocrx_word' id='word_1_609' title='bbox 1123 4445 1216 4497; x_wconf 78' lang='grc' dir='ltr'><strong>καὶ</strong></span> <span class='ocrx_word' id='word_1_610' title='bbox 1239 4446 1431 4514; x_wconf 79' lang='grc' dir='ltr'>ἄγονος</span> <span class='ocrx_word' id='word_1_611' title='bbox 1452 4448 1543 4501; x_wconf 71' lang='grc' dir='ltr'><strong>καὶ</strong></span> <span class='ocrx_word' id='word_1_612' title='bbox 1572 4431 1759 4522; x_wconf 83' lang='grc' dir='ltr'>στείρα</span> 
     </span>
    </p>
   </div>
   <div class='ocr_carea' id='block_1_83' title="bbox 175 4519 1758 4605">
    <p class='ocr_par' dir='ltr' id='par_1_83' title="bbox 175 4519 1758 4605">
     <span class='ocr_line' id='line_1_85' title="bbox 175 4519 1758 4605; baseline 0.015 -35"><span class='ocrx_word' id='word_1_613' title='bbox 175 4519 407 4591; x_wconf 71' lang='grc' dir='ltr'>φθορᾶς,</span> <span class='ocrx_word' id='word_1_614' title='bbox 445 4524 540 4576; x_wconf 81' lang='grc' dir='ltr'>καὶ</span> <span class='ocrx_word' id='word_1_615' title='bbox 579 4524 932 4598; x_wconf 85' lang='grc' dir='ltr'>δυσπρόσιτος</span> <span class='ocrx_word' id='word_1_616' title='bbox 966 4532 1059 4586; x_wconf 69' lang='grc' dir='ltr'>καὶ</span> <span class='ocrx_word' id='word_1_617' title='bbox 1090 4533 1355 4600; x_wconf 78' lang='grc' dir='ltr'>δύσϐατος</span> <span class='ocrx_word' id='word_1_618' title='bbox 1381 4540 1496 4602; x_wconf 84' lang='grc' dir='ltr'>τοῖς</span> <span class='ocrx_word' id='word_1_619' title='bbox 1525 4519 1758 4605; x_wconf 67' lang='grc' dir='ltr'>πολλοῒς,</span> 
     </span>
    </p>
   </div>
   <div class='ocr_carea' id='block_1_84' title="bbox 174 4609 1762 4699">
    <p class='ocr_par' dir='ltr' id='par_1_84' title="bbox 174 4609 1762 4699">
     <span class='ocr_line' id='line_1_86' title="bbox 174 4609 1762 4699; baseline 0.014 -37"><span class='ocrx_word' id='word_1_620' title='bbox 174 4609 459 4683; x_wconf 71' lang='grc' dir='ltr'>εὐκαρπος</span> <span class='ocrx_word' id='word_1_621' title='bbox 491 4614 570 4679; x_wconf 79' lang='grc' dir='ltr'>δὲ,</span> <span class='ocrx_word' id='word_1_622' title='bbox 600 4618 693 4670; x_wconf 70' lang='grc' dir='ltr'>καὶ</span> <span class='ocrx_word' id='word_1_623' title='bbox 738 4619 976 4687; x_wconf 82' lang='grc' dir='ltr'>εὐὸοτος,</span> <span class='ocrx_word' id='word_1_624' title='bbox 1024 4626 1119 4678; x_wconf 63' lang='grc' dir='ltr'><strong>καλ⁸</strong></span> <span class='ocrx_word' id='word_1_625' title='bbox 1156 4626 1407 4699; x_wconf 79' lang='grc' dir='ltr'>εὐθαλὴς,</span> <span class='ocrx_word' id='word_1_626' title='bbox 1443 4629 1538 4683; x_wconf 76' lang='grc' dir='ltr'>καὶ</span> <span class='ocrx_word' id='word_1_627' title='bbox 1579 4630 1762 4685; x_wconf 87' lang='grc' dir='ltr'>εὐεπί-</span> 
     </span>
    </p>
   </div>
   <div class='ocr_carea' id='block_1_85' title="bbox 175 4700 1760 4794">
    <p class='ocr_par' dir='ltr' id='par_1_85' title="bbox 175 4700 1760 4794">
     <span class='ocr_line' id='line_1_87' title="bbox 175 4700 1760 4794; baseline 0.018 -40"><span class='ocrx_word' id='word_1_628' title='bbox 175 4700 334 4794; x_wconf 40' lang='lat' dir='ltr'><strong>cum;</strong></span> <span class='ocrx_word' id='word_1_629' title='bbox 364 4705 564 4774; x_wconf 78' lang='grc' dir='ltr'>ἁγίοις,</span> <span class='ocrx_word' id='word_1_630' title='bbox 594 4710 687 4763; x_wconf 79' lang='grc' dir='ltr'>καὶ</span> <span class='ocrx_word' id='word_1_631' title='bbox 715 4712 994 4783; x_wconf 84' lang='grc' dir='ltr'>πλήθουσα</span> <span class='ocrx_word' id='word_1_632' title='bbox 1028 4720 1219 4788; x_wconf 84' lang='grc' dir='ltr'>σοφίας</span> <span class='ocrx_word' id='word_1_633' title='bbox 1247 4722 1341 4775; x_wconf 78' lang='grc' dir='ltr'>καὶ</span> <span class='ocrx_word' id='word_1_634' title='bbox 1388 4723 1760 4794; x_wconf 86' lang='grc' dir='ltr'>βλαστάνουσα</span> 
     </span>
    </p>
   </div>
   <div class='ocr_carea' id='block_1_86' title="bbox 176 4790 1759 4883">
    <p class='ocr_par' dir='ltr' id='par_1_86' title="bbox 176 4790 1759 4883">
     <span class='ocr_line' id='line_1_88' title="bbox 176 4790 1759 4883; baseline 0.019 -38"><span class='ocrx_word' id='word_1_635' title='bbox 176 4790 342 4868; x_wconf 70' lang='grc' dir='ltr'>ζωὴν,</span> <span class='ocrx_word' id='word_1_636' title='bbox 375 4798 511 4851; x_wconf 87' lang='grc' dir='ltr'>αὐτὸ</span> <span class='ocrx_word' id='word_1_637' title='bbox 549 4800 613 4874; x_wconf 76' lang='grc' dir='ltr'>δὴ</span> <span class='ocrx_word' id='word_1_638' title='bbox 639 4802 799 4857; x_wconf 76' lang='grc' dir='ltr'>τοῦτο</span> <span class='ocrx_word' id='word_1_639' title='bbox 820 4806 921 4878; x_wconf 81' lang='grc' dir='ltr'>τῆς</span> <span class='ocrx_word' id='word_1_640' title='bbox 962 4809 1187 4883; x_wconf 85' lang='grc' dir='ltr'>Ἀρετῆς</span> <span class='ocrx_word' id='word_1_641' title='bbox 1219 4813 1335 4867; x_wconf 76' lang='grc' dir='ltr'>ἐστι</span> <span class='ocrx_word' id='word_1_642' title='bbox 1474 4818 1759 4874; x_wconf 83' lang='grc' dir='ltr'>κάλλιστον</span> 
     </span>
    </p>
   </div>
   <div class='ocr_carea' id='block_1_87' title="bbox 173 4887 1756 4978">
    <p class='ocr_par' dir='ltr' id='par_1_87' title="bbox 173 4887 1756 4978">
     <span class='ocr_line' id='line_1_89' title="bbox 173 4887 1756 4978; baseline 0.019 -40"><span class='ocrx_word' id='word_1_643' title='bbox 173 4888 266 4939; x_wconf 69' lang='grc' dir='ltr'><strong>καὶ</strong></span> <span class='ocrx_word' id='word_1_644' title='bbox 305 4887 681 4964; x_wconf 84' lang='grc' dir='ltr'>καλλίδενδρον</span> <span class='ocrx_word' id='word_1_645' title='bbox 709 4895 805 4949; x_wconf 70' lang='grc' dir='ltr'>καὶ</span> <span class='ocrx_word' id='word_1_646' title='bbox 851 4898 1176 4957; x_wconf 89' lang='grc' dir='ltr'>καλλίπνουν</span> <span class='ocrx_word' id='word_1_647' title='bbox 1206 4906 1433 4978; x_wconf 87' lang='grc' dir='ltr'>χωρίον·</span> <span class='ocrx_word' id='word_1_648' title='bbox 1469 4909 1611 4966; x_wconf 77' lang='grc' dir='ltr'>ἔνθα,</span> <span class='ocrx_word' id='word_1_649' title='bbox 1632 4912 1756 4978; x_wconf 83' lang='grc' dir='ltr'><strong>Ἐξ·</strong></span> 
     </span>
    </p>
   </div>
   <div class='ocr_carea' id='block_1_88' title="bbox 171 4979 1756 5072">
    <p class='ocr_par' dir='ltr' id='par_1_88' title="bbox 171 4979 1756 5072">
     <span class='ocr_line' id='line_1_90' title="bbox 171 4979 1756 5072; baseline 0.019 -41"><span class='ocrx_word' id='word_1_650' title='bbox 171 4979 391 5072; x_wconf 52' lang='grc' dir='ltr'>ηγ-ἐρθη</span> <span class='ocrx_word' id='word_1_651' title='bbox 428 4987 461 5037; x_wconf 85' lang='grc' dir='ltr'><em>ὀ</em></span> <span class='ocrx_word' id='word_1_652' title='bbox 500 4986 699 5052; x_wconf 85' lang='grc' dir='ltr'>νότος,</span> <span class='ocrx_word' id='word_1_653' title='bbox 748 4990 848 5043; x_wconf 82' lang='grc' dir='ltr'><strong>καὶ</strong></span> <span class='ocrx_word' id='word_1_654' title='bbox 892 4991 1255 5051; x_wconf 80' lang='grc' dir='ltr'>ὃιέπνευσεν</span> <span class='ocrx_word' id='word_1_655' title='bbox 1304 5003 1337 5053; x_wconf 86' lang='grc' dir='ltr'><strong>ό</strong></span> <span class='ocrx_word' id='word_1_656' title='bbox 1355 5000 1603 5072; x_wconf 78' lang='grc' dir='ltr'>βορῤἇς,</span> <span class='ocrx_word' id='word_1_657' title='bbox 1656 5004 1756 5059; x_wconf 79' lang='grc' dir='ltr'><strong>καί</strong></span> 
     </span>
    </p>
   </div>
   <div class='ocr_carea' id='block_1_89' title="bbox 164 5068 1754 5168">
    <p class='ocr_par' dir='ltr' id='par_1_89' title="bbox 164 5068 1754 5168">
     <span class='ocr_line' id='line_1_91' title="bbox 164 5068 1754 5168; baseline 0.019 -47"><span class='ocrx_word' id='word_1_658' title='bbox 164 5068 381 5168; x_wconf 61' lang='grc' dir='ltr'>ῥέουσι</span> <span class='ocrx_word' id='word_1_659' title='bbox 412 5074 489 5128; x_wconf 83' lang='grc' dir='ltr'>τὰ</span> <span class='ocrx_word' id='word_1_660' title='bbox 533 5075 841 5147; x_wconf 82' lang='grc' dir='ltr'>ἀρώματα,</span> <span class='ocrx_word' id='word_1_661' title='bbox 895 5086 989 5138; x_wconf 70' lang='grc' dir='ltr'><strong>καὶ</strong></span> <span class='ocrx_word' id='word_1_662' title='bbox 1047 5088 1225 5143; x_wconf 87' lang='grc' dir='ltr'>πάντα</span> <span class='ocrx_word' id='word_1_663' title='bbox 1273 5090 1382 5144; x_wconf 85' lang='grc' dir='ltr'><strong>τῶν</strong></span> <span class='ocrx_word' id='word_1_664' title='bbox 1432 5068 1754 5168; x_wconf 72' lang='grc' dir='ltr'>ἀμϐροσίων</span> 
     </span>
    </p>
   </div>
   <div class='ocr_carea' id='block_1_90' title="bbox 174 5164 1753 5261">
    <p class='ocr_par' dir='ltr' id='par_1_90' title="bbox 174 5164 1753 5261">
     <span class='ocr_line' id='line_1_92' title="bbox 174 5164 1753 5261; baseline 0.021 -48"><span class='ocrx_word' id='word_1_665' title='bbox 174 5164 532 5261; x_wconf 76' lang='grc' dir='ltr'>πεπλήρωται</span> <span class='ocrx_word' id='word_1_666' title='bbox 560 5169 791 5243; x_wconf 85' lang='grc' dir='ltr'>δρόσων,</span> <span class='ocrx_word' id='word_1_667' title='bbox 827 5175 1093 5259; x_wconf 77' lang='grc' dir='ltr'>ἀθανάτου</span> <span class='ocrx_word' id='word_1_668' title='bbox 1123 5181 1269 5254; x_wconf 81' lang='grc' dir='ltr'>ζωῆς</span> <span class='ocrx_word' id='word_1_669' title='bbox 1308 5164 1569 5254; x_wconf 77' lang='grc' dir='ltr'>βλάσταις</span> <span class='ocrx_word' id='word_1_670' title='bbox 1607 5189 1753 5261; x_wconf 79' lang='grc' dir='ltr'>ἀμα-</span> 
     </span>
    </p>
   </div>
   <div class='ocr_carea' id='block_1_91' title="bbox 172 5254 1751 5350">
    <p class='ocr_par' dir='ltr' id='par_1_91' title="bbox 172 5254 1751 5350">
     <span class='ocr_line' id='line_1_93' title="bbox 172 5254 1751 5350; baseline 0.018 -44"><span class='ocrx_word' id='word_1_671' title='bbox 172 5254 388 5323; x_wconf 71' lang='grc' dir='ltr'>ράντοις</span> <span class='ocrx_word' id='word_1_672' title='bbox 416 5265 856 5335; x_wconf 84' lang='grc' dir='ltr'>κατεστεμμένα,</span> <span class='ocrx_word' id='word_1_673' title='bbox 886 5270 966 5333; x_wconf 86' lang='grc' dir='ltr'><strong>είς</strong></span> <span class='ocrx_word' id='word_1_674' title='bbox 992 5254 1021 5324; x_wconf 79' lang='grc' dir='ltr'><strong>δ</strong></span> <span class='ocrx_word' id='word_1_675' title='bbox 1051 5273 1218 5345; x_wconf 80' lang='grc' dir='ltr'>ἐσμεν</span> <span class='ocrx_word' id='word_1_676' title='bbox 1242 5276 1404 5346; x_wconf 86' lang='grc' dir='ltr'><strong>ήμείς</strong></span> <span class='ocrx_word' id='word_1_677' title='bbox 1431 5254 1751 5350; x_wconf 71' lang='grc' dir='ltr'>ἀνθολογοῦ-</span> 
     </span>
    </p>
   </div>
   <div class='ocr_carea' id='block_1_92' title="bbox 236 5412 731 5485">
    <p class='ocr_par' dir='ltr' id='par_1_92' title="bbox 236 5412 731 5485">
     <span class='ocr_line' id='line_1_94' title="bbox 236 5412 731 5485; baseline 0.026 -21"><span class='ocrx_word' id='word_1_678' title='bbox 236 5412 284 5443; x_wconf 83' lang='grc'><strong>⁸⁷</strong></span> <span class='ocrx_word' id='word_1_679' title='bbox 324 5412 491 5471; x_wconf 80' lang='lat' dir='ltr'><strong>Cant.</strong></span> <span class='ocrx_word' id='word_1_680' title='bbox 520 5433 607 5485; x_wconf 76' lang='lat' dir='ltr'><strong>IV,</strong></span> <span class='ocrx_word' id='word_1_681' title='bbox 641 5420 731 5477; x_wconf 75' lang='grc'>16.</span> 
     </span>
    </p>
   </div>
   <div class='ocr_carea' id='block_1_93' title="bbox 200 5570 1737 5651">
    <p class='ocr_par' dir='ltr' id='par_1_93' title="bbox 200 5570 1737 5651">
     <span class='ocr_line' id='line_1_95' title="bbox 200 5570 1737 5651; baseline 0.014 -24"><span class='ocrx_word' id='word_1_682' title='bbox 200 5570 354 5651; x_wconf 39' lang='grc'><strong>,(21)</strong></span> <span class='ocrx_word' id='word_1_683' title='bbox 385 5575 859 5651; x_wconf 64' lang='grc' dir='ltr'>Πᾳντωςρὰτορα.</span> <span class='ocrx_word' id='word_1_684' title='bbox 901 5579 991 5636; x_wconf 91' lang='lat' dir='ltr'><strong>Sic</strong></span> <span class='ocrx_word' id='word_1_685' title='bbox 1049 5581 1282 5640; x_wconf 78' lang='lat' dir='ltr'><strong>Allatius</strong></span> <span class='ocrx_word' id='word_1_686' title='bbox 1331 5594 1383 5641; x_wconf 91' lang='lat' dir='ltr'><strong>et</strong></span> <span class='ocrx_word' id='word_1_687' title='bbox 1430 5583 1737 5648; x_wconf 76' lang='lat' dir='ltr'><strong>Possinius.</strong></span> 
     </span>
    </p>
   </div>
   <div class='ocr_carea' id='block_1_94' title="bbox 1939 3899 3456 3973">
    <p class='ocr_par' dir='ltr' id='par_1_94' title="bbox 1939 3899 3456 3973">
     <span class='ocr_line' id='line_1_96' title="bbox 1939 3899 3456 3973; baseline 0.003 -17"><span class='ocrx_word' id='word_1_688' title='bbox 1939 3899 2072 3967; x_wconf 65' lang='lat' dir='ltr'><strong>Quae</strong></span> <span class='ocrx_word' id='word_1_689' title='bbox 2098 3908 2278 3956; x_wconf 87' lang='lat' dir='ltr'><strong>autem</strong></span> <span class='ocrx_word' id='word_1_690' title='bbox 2313 3901 2455 3972; x_wconf 88' lang='lat' dir='ltr'><strong>parit</strong></span> <span class='ocrx_word' id='word_1_691' title='bbox 2479 3901 2796 3973; x_wconf 83' lang='lat' dir='ltr'><strong>peperitque</strong></span> <span class='ocrx_word' id='word_1_692' title='bbox 2828 3899 2884 3953; x_wconf 92' lang='lat' dir='ltr'><strong>in</strong></span> <span class='ocrx_word' id='word_1_693' title='bbox 2919 3900 3156 3956; x_wconf 90' lang='lat' dir='ltr'><strong>ﬁdelium</strong></span> <span class='ocrx_word' id='word_1_694' title='bbox 3196 3902 3456 3961; x_wconf 76' lang='lat' dir='ltr'><strong>cordibus</strong></span> 
     </span>
    </p>
   </div>
   <div class='ocr_carea' id='block_1_95' title="bbox 1869 3988 3457 4063">
    <p class='ocr_par' dir='ltr' id='par_1_95' title="bbox 1869 3988 3457 4063">
     <span class='ocr_line' id='line_1_97' title="bbox 1869 3988 3457 4063; baseline 0.006 -18"><span class='ocrx_word' id='word_1_695' title='bbox 1869 3988 2108 4047; x_wconf 86' lang='lat' dir='ltr'><strong>Verbum</strong></span> <span class='ocrx_word' id='word_1_696' title='bbox 2139 3992 2465 4056; x_wconf 86' lang='lat' dir='ltr'><strong>masculum,</strong></span> <span class='ocrx_word' id='word_1_697' title='bbox 2500 3991 2870 4063; x_wconf 89' lang='lat' dir='ltr'><strong>inviolataque</strong></span> <span class='ocrx_word' id='word_1_698' title='bbox 2922 4000 2975 4048; x_wconf 90' lang='lat' dir='ltr'><strong>et</strong></span> <span class='ocrx_word' id='word_1_699' title='bbox 3005 3993 3173 4049; x_wconf 66' lang='lat' dir='ltr'><strong>illaesa</strong></span> <span class='ocrx_word' id='word_1_700' title='bbox 3202 4009 3230 4047; x_wconf 90' lang='lat' dir='ltr'><strong>a</strong></span> <span class='ocrx_word' id='word_1_701' title='bbox 3265 3994 3457 4054; x_wconf 64' lang='lat' dir='ltr'><strong>bestia</strong></span> 
     </span>
    </p>
   </div>
   <div class='ocr_carea' id='block_1_96' title="bbox 1866 4082 3455 4151">
    <p class='ocr_par' dir='ltr' id='par_1_96' title="bbox 1866 4082 3455 4151">
     <span class='ocr_line' id='line_1_98' title="bbox 1866 4082 3455 4151; baseline 0.004 -13"><span class='ocrx_word' id='word_1_702' title='bbox 1866 4082 1949 4138; x_wconf 89' lang='lat' dir='ltr'><strong>ira</strong></span> <span class='ocrx_word' id='word_1_703' title='bbox 1991 4083 2047 4137; x_wconf 91' lang='lat' dir='ltr'><strong>in</strong></span> <span class='ocrx_word' id='word_1_704' title='bbox 2079 4082 2358 4139; x_wconf 89' lang='lat' dir='ltr'><strong>desertum</strong></span> <span class='ocrx_word' id='word_1_705' title='bbox 2382 4083 2608 4149; x_wconf 87' lang='lat' dir='ltr'><strong>secedit,</strong></span> <span class='ocrx_word' id='word_1_706' title='bbox 2663 4092 2841 4139; x_wconf 88' lang='lat' dir='ltr'><strong>mater</strong></span> <span class='ocrx_word' id='word_1_707' title='bbox 2869 4093 3057 4141; x_wconf 89' lang='lat' dir='ltr'><strong>nostra</strong></span> <span class='ocrx_word' id='word_1_708' title='bbox 3110 4094 3215 4151; x_wconf 87' lang='lat' dir='ltr'><strong>est,</strong></span> <span class='ocrx_word' id='word_1_709' title='bbox 3251 4087 3329 4142; x_wconf 90' lang='lat' dir='ltr'><strong>uti</strong></span> <span class='ocrx_word' id='word_1_710' title='bbox 3355 4104 3455 4144; x_wconf 80' lang='lat' dir='ltr'><strong>ex-</strong></span> 
     </span>
    </p>
   </div>
   <div class='ocr_carea' id='block_1_97' title="bbox 1867 4174 3450 4252">
    <p class='ocr_par' dir='ltr' id='par_1_97' title="bbox 1867 4174 3450 4252">
     <span class='ocr_line' id='line_1_99' title="bbox 1867 4174 3450 4252; baseline 0.005 -22"><span class='ocrx_word' id='word_1_711' title='bbox 1867 4174 2175 4246; x_wconf 84' lang='lat' dir='ltr'><strong>posuimus,</strong></span> <span class='ocrx_word' id='word_1_712' title='bbox 2222 4176 2277 4230; x_wconf 90' lang='lat' dir='ltr'><strong>id</strong></span> <span class='ocrx_word' id='word_1_713' title='bbox 2308 4182 2393 4231; x_wconf 89' lang='lat' dir='ltr'><strong>est</strong></span> <span class='ocrx_word' id='word_1_714' title='bbox 2420 4174 2685 4233; x_wconf 87' lang='lat' dir='ltr'><strong>Ecclesia.</strong></span> <span class='ocrx_word' id='word_1_715' title='bbox 2721 4176 3008 4235; x_wconf 86' lang='lat' dir='ltr'><strong>Desertum</strong></span> <span class='ocrx_word' id='word_1_716' title='bbox 3039 4194 3170 4234; x_wconf 89' lang='lat' dir='ltr'><strong>vero</strong></span> <span class='ocrx_word' id='word_1_717' title='bbox 3199 4181 3254 4234; x_wconf 90' lang='lat' dir='ltr'><strong>in</strong></span> <span class='ocrx_word' id='word_1_718' title='bbox 3301 4182 3450 4252; x_wconf 88' lang='lat' dir='ltr'><strong>quod</strong></span> 
     </span>
    </p>
   </div>
   <div class='ocr_carea' id='block_1_98' title="bbox 1866 4266 3451 4345">
    <p class='ocr_par' dir='ltr' id='par_1_98' title="bbox 1866 4266 3451 4345">
     <span class='ocr_line' id='line_1_100' title="bbox 1866 4266 3451 4345; baseline 0.006 -25"><span class='ocrx_word' id='word_1_719' title='bbox 1866 4266 2089 4328; x_wconf 89' lang='lat' dir='ltr'><strong>veniens</strong></span> <span class='ocrx_word' id='word_1_720' title='bbox 2116 4267 2361 4338; x_wconf 89' lang='lat' dir='ltr'><strong>pascitur</strong></span> <span class='ocrx_word' id='word_1_721' title='bbox 2386 4268 2503 4324; x_wconf 87' lang='lat' dir='ltr'><strong>dies</strong></span> <span class='ocrx_word' id='word_1_722' title='bbox 2523 4270 2669 4345; x_wconf 73' lang='lat' dir='ltr'><strong>mille</strong></span> <span class='ocrx_word' id='word_1_723' title='bbox 2700 4269 2967 4327; x_wconf 87' lang='lat' dir='ltr'><strong>ducentos</strong></span> <span class='ocrx_word' id='word_1_724' title='bbox 2991 4271 3294 4343; x_wconf 83' lang='lat' dir='ltr'><strong>sexaginta,</strong></span> <span class='ocrx_word' id='word_1_725' title='bbox 3322 4289 3451 4331; x_wconf 85' lang='lat' dir='ltr'><strong>vere</strong></span> 
     </span>
    </p>
   </div>
   <div class='ocr_carea' id='block_1_99' title="bbox 1866 4358 3452 4435">
    <p class='ocr_par' dir='ltr' id='par_1_99' title="bbox 1866 4358 3452 4435">
     <span class='ocr_line' id='line_1_101' title="bbox 1866 4358 3452 4435; baseline 0.006 -22"><span class='ocrx_word' id='word_1_726' title='bbox 1866 4373 1897 4413; x_wconf 91' lang='lat' dir='ltr'><strong>a</strong></span> <span class='ocrx_word' id='word_1_727' title='bbox 1921 4358 2079 4415; x_wconf 90' lang='lat' dir='ltr'><strong>malis</strong></span> <span class='ocrx_word' id='word_1_728' title='bbox 2102 4359 2381 4416; x_wconf 89' lang='lat' dir='ltr'><strong>desertum</strong></span> <span class='ocrx_word' id='word_1_729' title='bbox 2410 4369 2464 4416; x_wconf 90' lang='lat' dir='ltr'><strong>et</strong></span> <span class='ocrx_word' id='word_1_730' title='bbox 2487 4361 2876 4418; x_wconf 88' lang='lat' dir='ltr'><strong>infecundum:</strong></span> <span class='ocrx_word' id='word_1_731' title='bbox 2904 4363 3110 4420; x_wconf 86' lang='lat' dir='ltr'><strong>sterilis</strong></span> <span class='ocrx_word' id='word_1_732' title='bbox 3140 4366 3452 4435; x_wconf 89' lang='lat' dir='ltr'><strong>corruptio-</strong></span> 
     </span>
    </p>
   </div>
   <div class='ocr_carea' id='block_1_100' title="bbox 1860 4450 3448 4525">
    <p class='ocr_par' dir='ltr' id='par_1_100' title="bbox 1860 4450 3448 4525">
     <span class='ocr_line' id='line_1_102' title="bbox 1860 4450 3448 4525; baseline 0.006 -20"><span class='ocrx_word' id='word_1_733' title='bbox 1860 4450 1970 4515; x_wconf 91' lang='lat' dir='ltr'><strong>nis,</strong></span> <span class='ocrx_word' id='word_1_734' title='bbox 2005 4465 2106 4507; x_wconf 91' lang='lat' dir='ltr'><strong>nec</strong></span> <span class='ocrx_word' id='word_1_735' title='bbox 2137 4450 2290 4507; x_wconf 82' lang='lat' dir='ltr'><strong>ferax</strong></span> <span class='ocrx_word' id='word_1_736' title='bbox 2325 4459 2471 4507; x_wconf 88' lang='lat' dir='ltr'><strong>terra</strong></span> <span class='ocrx_word' id='word_1_737' title='bbox 2501 4453 2788 4509; x_wconf 81' lang='lat' dir='ltr'><strong>noxiorum</strong></span> <span class='ocrx_word' id='word_1_738' title='bbox 2819 4456 3157 4525; x_wconf 83' lang='lat' dir='ltr'><strong>germinum;</strong></span> <span class='ocrx_word' id='word_1_739' title='bbox 3210 4455 3448 4515; x_wconf 82' lang='lat' dir='ltr'><strong>diﬁlcilis</strong></span> 
     </span>
    </p>
   </div>
   <div class='ocr_carea' id='block_1_101' title="bbox 1862 4542 3444 4618">
    <p class='ocr_par' dir='ltr' id='par_1_101' title="bbox 1862 4542 3444 4618">
     <span class='ocr_line' id='line_1_103' title="bbox 1862 4542 3444 4618; baseline 0.005 -22"><span class='ocrx_word' id='word_1_740' title='bbox 1862 4542 2013 4598; x_wconf 88' lang='lat' dir='ltr'><strong>aditu</strong></span> <span class='ocrx_word' id='word_1_741' title='bbox 2044 4546 2257 4609; x_wconf 89' lang='lat' dir='ltr'><strong>eadem,</strong></span> <span class='ocrx_word' id='word_1_742' title='bbox 2282 4559 2384 4601; x_wconf 88' lang='lat' dir='ltr'><strong>nec</strong></span> <span class='ocrx_word' id='word_1_743' title='bbox 2413 4544 2698 4602; x_wconf 90' lang='lat' dir='ltr'><strong>commode</strong></span> <span class='ocrx_word' id='word_1_744' title='bbox 2729 4547 2865 4603; x_wconf 87' lang='lat' dir='ltr'><strong>satis</strong></span> <span class='ocrx_word' id='word_1_745' title='bbox 2912 4548 3073 4618; x_wconf 85' lang='lat' dir='ltr'><strong>vulgo</strong></span> <span class='ocrx_word' id='word_1_746' title='bbox 3126 4549 3444 4616; x_wconf 89' lang='lat' dir='ltr'><strong>calcabilis;</strong></span> 
     </span>
    </p>
   </div>
   <div class='ocr_carea' id='block_1_102' title="bbox 1861 4627 3447 4703">
    <p class='ocr_par' dir='ltr' id='par_1_102' title="bbox 1861 4627 3447 4703">
     <span class='ocr_line' id='line_1_104' title="bbox 1861 4627 3447 4703; baseline 0.004 -20"><span class='ocrx_word' id='word_1_747' title='bbox 1861 4636 2114 4684; x_wconf 59' lang='lat' dir='ltr'><strong>caeterum</strong></span> <span class='ocrx_word' id='word_1_748' title='bbox 2143 4627 2395 4701; x_wconf 81' lang='lat' dir='ltr'><strong>frugibus</strong></span> <span class='ocrx_word' id='word_1_749' title='bbox 2426 4627 2810 4702; x_wconf 89' lang='lat' dir='ltr'><strong>fructibusque</strong></span> <span class='ocrx_word' id='word_1_750' title='bbox 2831 4631 2982 4694; x_wconf 81' lang='lat' dir='ltr'><strong>felix,</strong></span> <span class='ocrx_word' id='word_1_751' title='bbox 2999 4632 3134 4703; x_wconf 90' lang='lat' dir='ltr'><strong>quin</strong></span> <span class='ocrx_word' id='word_1_752' title='bbox 3151 4639 3206 4686; x_wconf 89' lang='lat' dir='ltr'><strong>et</strong></span> <span class='ocrx_word' id='word_1_753' title='bbox 3223 4631 3447 4701; x_wconf 82' lang='lat' dir='ltr'><strong>pascuis</strong></span> 
     </span>
    </p>
   </div>
   <div class='ocr_carea' id='block_1_103' title="bbox 1862 4726 3442 4798">
    <p class='ocr_par' dir='ltr' id='par_1_103' title="bbox 1862 4726 3442 4798">
     <span class='ocr_line' id='line_1_105' title="bbox 1862 4726 3442 4798; baseline 0.001 -18"><span class='ocrx_word' id='word_1_754' title='bbox 1862 4727 2167 4791; x_wconf 89' lang='lat' dir='ltr'><strong>abundans,</strong></span> <span class='ocrx_word' id='word_1_755' title='bbox 2199 4736 2254 4782; x_wconf 93' lang='lat' dir='ltr'><strong>et</strong></span> <span class='ocrx_word' id='word_1_756' title='bbox 2278 4740 2493 4782; x_wconf 72' lang='lat' dir='ltr'><strong>ammne</strong></span> <span class='ocrx_word' id='word_1_757' title='bbox 2520 4726 2722 4783; x_wconf 87' lang='lat' dir='ltr'><strong>ﬂorens</strong></span> <span class='ocrx_word' id='word_1_758' title='bbox 2756 4728 3054 4798; x_wconf 86' lang='lat' dir='ltr'><strong>perviaque</strong></span> <span class='ocrx_word' id='word_1_759' title='bbox 3090 4726 3318 4790; x_wconf 88' lang='lat' dir='ltr'><strong>sanctis,</strong></span> <span class='ocrx_word' id='word_1_760' title='bbox 3343 4741 3442 4782; x_wconf 89' lang='lat' dir='ltr'><strong>co-</strong></span> 
     </span>
    </p>
   </div>
   <div class='ocr_carea' id='block_1_104' title="bbox 1858 4817 3443 4890">
    <p class='ocr_par' dir='ltr' id='par_1_104' title="bbox 1858 4817 3443 4890">
     <span class='ocr_line' id='line_1_106' title="bbox 1858 4817 3443 4890; baseline 0.001 -17"><span class='ocrx_word' id='word_1_761' title='bbox 1858 4823 1947 4889; x_wconf 89' lang='lat' dir='ltr'><strong>pia</strong></span> <span class='ocrx_word' id='word_1_762' title='bbox 1980 4819 2293 4874; x_wconf 87' lang='lat' dir='ltr'><strong>redundans</strong></span> <span class='ocrx_word' id='word_1_763' title='bbox 2328 4819 2627 4890; x_wconf 72' lang='lat' dir='ltr'><strong>sapientize,</strong></span> <span class='ocrx_word' id='word_1_764' title='bbox 2665 4835 2728 4873; x_wconf 88' lang='lat' dir='ltr'><strong>ac</strong></span> <span class='ocrx_word' id='word_1_765' title='bbox 2777 4819 3090 4890; x_wconf 88' lang='lat' dir='ltr'><strong>germinans</strong></span> <span class='ocrx_word' id='word_1_766' title='bbox 3108 4819 3312 4874; x_wconf 88' lang='lat' dir='ltr'><strong>vitam:</strong></span> <span class='ocrx_word' id='word_1_767' title='bbox 3350 4817 3443 4874; x_wconf 89' lang='lat' dir='ltr'><strong>hic</strong></span> 
     </span>
    </p>
   </div>
   <div class='ocr_carea' id='block_1_105' title="bbox 1861 4911 3444 4984">
    <p class='ocr_par' dir='ltr' id='par_1_105' title="bbox 1861 4911 3444 4984">
     <span class='ocr_line' id='line_1_107' title="bbox 1861 4911 3444 4984; baseline 0.002 -18"><span class='ocrx_word' id='word_1_768' title='bbox 1861 4912 1979 4984; x_wconf 88' lang='lat' dir='ltr'><strong>ipse</strong></span> <span class='ocrx_word' id='word_1_769' title='bbox 2000 4919 2085 4969; x_wconf 91' lang='lat' dir='ltr'><strong>est</strong></span> <span class='ocrx_word' id='word_1_770' title='bbox 2108 4913 2164 4967; x_wconf 92' lang='lat' dir='ltr'><strong>in</strong></span> <span class='ocrx_word' id='word_1_771' title='bbox 2183 4927 2292 4983; x_wconf 92' lang='lat' dir='ltr'><strong>quo</strong></span> <span class='ocrx_word' id='word_1_772' title='bbox 2322 4927 2536 4971; x_wconf 86' lang='lat' dir='ltr'><strong>sumus.</strong></span> <span class='ocrx_word' id='word_1_773' title='bbox 2569 4911 2993 4982; x_wconf 88' lang='lat' dir='ltr'><strong>pulcherrimus,</strong></span> <span class='ocrx_word' id='word_1_774' title='bbox 3018 4911 3444 4982; x_wconf 87' lang='lat' dir='ltr'><strong>speciosissimis</strong></span> 
     </span>
    </p>
   </div>
   <div class='ocr_carea' id='block_1_106' title="bbox 1860 5003 3438 5075">
    <p class='ocr_par' dir='ltr' id='par_1_106' title="bbox 1860 5003 3438 5075">
     <span class='ocr_line' id='line_1_108' title="bbox 1860 5003 3438 5075; baseline 0.001 -16"><span class='ocrx_word' id='word_1_775' title='bbox 1860 5005 2153 5061; x_wconf 87' lang='lat' dir='ltr'><strong>umbrosus</strong></span> <span class='ocrx_word' id='word_1_776' title='bbox 2219 5004 2373 5060; x_wconf 88' lang='lat' dir='ltr'><strong>silvis</strong></span> <span class='ocrx_word' id='word_1_777' title='bbox 2423 5004 2877 5075; x_wconf 87' lang='lat' dir='ltr'><strong>suavissimisque</strong></span> <span class='ocrx_word' id='word_1_778' title='bbox 2934 5004 3126 5059; x_wconf 88' lang='lat' dir='ltr'><strong>halans</strong></span> <span class='ocrx_word' id='word_1_779' title='bbox 3177 5003 3438 5070; x_wconf 85' lang='lat' dir='ltr'><strong>floribus,</strong></span> 
     </span>
    </p>
   </div>
   <div class='ocr_carea' id='block_1_107' title="bbox 1858 5095 3435 5167">
    <p class='ocr_par' dir='ltr' id='par_1_107' title="bbox 1858 5095 3435 5167">
     <span class='ocr_line' id='line_1_109' title="bbox 1858 5095 3435 5167; baseline 0.001 -20"><span class='ocrx_word' id='word_1_780' title='bbox 1858 5096 2095 5152; x_wconf 83' lang='lat' dir='ltr'><strong>Virtutis</strong></span> <span class='ocrx_word' id='word_1_781' title='bbox 2122 5097 2335 5154; x_wconf 84' lang='lat' dir='ltr'><strong>hortus.</strong></span> <span class='ocrx_word' id='word_1_782' title='bbox 2361 5095 2463 5163; x_wconf 87' lang='lat' dir='ltr'><strong>lbi,</strong></span> <span class='ocrx_word' id='word_1_783' title='bbox 2493 5098 2725 5151; x_wconf 75' lang='lat' dir='ltr'><strong>surrexit</strong></span> <span class='ocrx_word' id='word_1_784' title='bbox 2746 5097 2958 5164; x_wconf 77' lang='lat' dir='ltr'><strong>Auster,</strong></span> <span class='ocrx_word' id='word_1_785' title='bbox 2984 5105 3033 5151; x_wconf 84' lang='lat' dir='ltr'><strong>et</strong></span> <span class='ocrx_word' id='word_1_786' title='bbox 3056 5096 3206 5165; x_wconf 84' lang='lat' dir='ltr'><strong>ﬂavit</strong></span> <span class='ocrx_word' id='word_1_787' title='bbox 3224 5096 3435 5167; x_wconf 78' lang='lat' dir='ltr'><strong>Aquilo,</strong></span> 
     </span>
    </p>
   </div>
   <div class='ocr_carea' id='block_1_108' title="bbox 1853 5183 3440 5259">
    <p class='ocr_par' dir='ltr' id='par_1_108' title="bbox 1853 5183 3440 5259">
     <span class='ocr_line' id='line_1_110' title="bbox 1853 5183 3440 5259; baseline 0 -16"><span class='ocrx_word' id='word_1_788' title='bbox 1853 5197 1903 5243; x_wconf 83' lang='lat' dir='ltr'><strong>et</strong></span> <span class='ocrx_word' id='word_1_789' title='bbox 1932 5183 2124 5257; x_wconf 75' lang='lat' dir='ltr'><strong>ﬂuunt</strong></span> <span class='ocrx_word' id='word_1_790' title='bbox 2169 5201 2414 5243; x_wconf 80' lang='lat' dir='ltr'><strong>aromata</strong></span> <span class='ocrx_word' id='word_1_791' title='bbox 2437 5188 2517 5257; x_wconf 66' lang='lat'><strong>&#39;7;</strong></span> <span class='ocrx_word' id='word_1_792' title='bbox 2556 5189 2954 5259; x_wconf 88' lang='lat' dir='ltr'><strong>ambrosiisque</strong></span> <span class='ocrx_word' id='word_1_793' title='bbox 2981 5188 3161 5243; x_wconf 90' lang='lat' dir='ltr'><strong>omnia</strong></span> <span class='ocrx_word' id='word_1_794' title='bbox 3219 5188 3440 5243; x_wconf 83' lang='lat' dir='ltr'><strong>roribus</strong></span> 
     </span>
    </p>
   </div>
   <div class='ocr_carea' id='block_1_109' title="bbox 1855 5279 3439 5351">
    <p class='ocr_par' dir='ltr' id='par_1_109' title="bbox 1855 5279 3439 5351">
     <span class='ocr_line' id='line_1_111' title="bbox 1855 5279 3439 5351; baseline -0.001 -15"><span class='ocrx_word' id='word_1_795' title='bbox 1855 5282 2099 5349; x_wconf 90' lang='lat' dir='ltr'><strong>madent,</strong></span> <span class='ocrx_word' id='word_1_796' title='bbox 2145 5281 2469 5337; x_wconf 89' lang='lat' dir='ltr'><strong>immortalis</strong></span> <span class='ocrx_word' id='word_1_797' title='bbox 2520 5281 2645 5338; x_wconf 71' lang='lat' dir='ltr'><strong>vitae</strong></span> <span class='ocrx_word' id='word_1_798' title='bbox 2699 5295 2915 5351; x_wconf 86' lang='lat' dir='ltr'><strong>semper</strong></span> <span class='ocrx_word' id='word_1_799' title='bbox 2942 5279 3248 5336; x_wconf 88' lang='lat' dir='ltr'><strong>virentibus</strong></span> <span class='ocrx_word' id='word_1_800' title='bbox 3280 5295 3439 5335; x_wconf 88' lang='lat' dir='ltr'><strong>coro-</strong></span> 
     </span>
    </p>
   </div>
   <div class='ocr_carea' id='block_1_110' title="bbox 3464 5424 3475 5519">
    <p class='ocr_par' dir='ltr' id='par_1_110' title="bbox 3464 5424 3475 5519">
     <span class='ocr_line' id='line_1_112' title="bbox 3464 5424 3475 5519; baseline 0 0"><span class='ocrx_word' id='word_1_801' title='bbox 3464 5424 3475 5519; x_wconf 69' lang='grc' dir='ltr'>ἰ</span> 
     </span>
    </p>
   </div>
   <div class='ocr_carea' id='block_1_111' title="bbox 1853 5593 3427 5665">
    <p class='ocr_par' dir='ltr' id='par_1_111' title="bbox 1853 5593 3427 5665">
     <span class='ocr_line' id='line_1_113' title="bbox 1853 5593 3427 5665; baseline 0.005 -17"><span class='ocrx_word' id='word_1_802' title='bbox 1853 5593 2021 5652; x_wconf 91' lang='lat' dir='ltr'><strong>tutius</strong></span> <span class='ocrx_word' id='word_1_803' title='bbox 2067 5610 2191 5654; x_wconf 88' lang='lat' dir='ltr'><strong>esse</strong></span> <span class='ocrx_word' id='word_1_804' title='bbox 2242 5596 2543 5665; x_wconf 77' lang='lat' dir='ltr'><strong>legendum</strong></span> <span class='ocrx_word' id='word_1_805' title='bbox 2596 5594 2831 5652; x_wconf 86' lang='lat' dir='ltr'><strong>advertit</strong></span> <span class='ocrx_word' id='word_1_806' title='bbox 2867 5597 2920 5652; x_wconf 90' lang='lat' dir='ltr'><strong>in</strong></span> <span class='ocrx_word' id='word_1_807' title='bbox 2973 5597 3332 5658; x_wconf 88' lang='lat' dir='ltr'><strong>emendandis</strong></span> <span class='ocrx_word' id='word_1_808' title='bbox 3359 5599 3427 5656; x_wconf 79' lang='lat' dir='ltr'><strong>ad</strong></span> 
     </span>
    </p>
   </div>
   <div class='ocr_carea' id='block_1_112' title="bbox 166 5636 2931 5725">
    <p class='ocr_par' dir='ltr' id='par_1_112' title="bbox 166 5636 2931 5725">
     <span class='ocr_line' id='line_1_114' title="bbox 166 5636 2931 5725; baseline 0.011 -31"><span class='ocrx_word' id='word_1_809' title='bbox 166 5636 356 5725; x_wconf 65' lang='lat' dir='ltr'><strong>Neque</strong></span> <span class='ocrx_word' id='word_1_810' title='bbox 385 5647 554 5725; x_wconf 68' lang='lat' dir='ltr'><strong>aliam</strong></span> <span class='ocrx_word' id='word_1_811' title='bbox 586 5636 780 5725; x_wconf 53' lang='lat' dir='ltr'><strong>fuisse:</strong></span> <span class='ocrx_word' id='word_1_812' title='bbox 830 5653 1116 5725; x_wconf 71' lang='lat' dir='ltr'><strong>lectionem</strong></span> <span class='ocrx_word' id='word_1_813' title='bbox 1147 5656 1353 5712; x_wconf 85' lang='lat' dir='ltr'><strong>codicis</strong></span> <span class='ocrx_word' id='word_1_814' title='bbox 1384 5636 1738 5718; x_wconf 64' lang='lat' dir='ltr'><strong>Mazariniaui</strong></span> <span class='ocrx_word' id='word_1_815' title='bbox 1849 5636 2211 5725; x_wconf 60' lang='lat' dir='ltr'><strong>i333.</strong></span> <span class='ocrx_word' id='word_1_816' title='bbox 2240 5636 2520 5724; x_wconf 51' lang='grc' dir='ltr'><strong>ιῖιῖέίανίἰ</strong></span> <span class='ocrx_word' id='word_1_817' title='bbox 2545 5667 2738 5724; x_wconf 67' lang='grc' dir='ltr'>κονίη.</span> <span class='ocrx_word' id='word_1_818' title='bbox 2762 5667 2931 5725; x_wconf 56' lang='grc' dir='ltr'>(λιιι.</span> 
     </span>
    </p>
   </div>
   <div class='ocr_carea' id='block_1_113' title="bbox 174 5715 1739 5803">
    <p class='ocr_par' dir='ltr' id='par_1_113' title="bbox 174 5715 1739 5803">
     <span class='ocr_line' id='line_1_115' title="bbox 174 5715 1739 5803; baseline 0.015 -40"><span class='ocrx_word' id='word_1_819' title='bbox 174 5723 351 5770; x_wconf 77' lang='lat' dir='ltr'><strong>monet</strong></span> <span class='ocrx_word' id='word_1_820' title='bbox 370 5716 552 5772; x_wconf 85' lang='lat' dir='ltr'><strong>editor</strong></span> <span class='ocrx_word' id='word_1_821' title='bbox 586 5715 878 5789; x_wconf 87' lang='lat' dir='ltr'><strong>Lupareus.</strong></span> <span class='ocrx_word' id='word_1_822' title='bbox 919 5722 1277 5783; x_wconf 84' lang='lat' dir='ltr'><strong>Combeﬁsius</strong></span> <span class='ocrx_word' id='word_1_823' title='bbox 1308 5735 1488 5787; x_wconf 78' lang='lat' dir='ltr'><strong>tamen</strong></span> <span class='ocrx_word' id='word_1_824' title='bbox 1520 5715 1739 5803; x_wconf 60' lang='grc' dir='ltr'>Πατέρα</span> 
     </span>
    </p>
   </div>
  </div>
