3964 6226
437 293 545 354 155

1385 293 1443 351 S.
1487 293 1818 351 METHODII
1857 287 2168 348 EPISCOPI
2203 278 2293 343 ET
2331 289 2700 348 MARTYRIS

3556 259 3684 351 πεδ’

435 423 558 470 nata
587 411 807 485 plantis.
835 410 954 479 Quo
980 412 1037 468 in
1065 411 1224 469 horto
1248 413 1358 482 jam
1383 430 1482 470 nos
1515 431 1702 486 sumus
1725 415 1887 469 flores
1915 393 1991 468 le-

2096 431 2184 466 σαι
2215 409 2325 466 ’νῦν
2375 412 2468 466 καὶ
2521 413 2808 466 πλέκουσαι
2841 415 2908 485 τῇ
2949 411 3228 484 βασιλίσσῃ
3274 411 3367 466 τὸν
3422 410 3666 485 ἁλουργῆ

433 512 644 576 gentes,
676 512 729 560 et
758 521 828 560 ex
872 505 940 560 iis
981 519 1304 574 purpuream
1357 503 1622 574 longeque
1664 505 1999 574 splendidam

435 597 735 668 impollutis
761 597 941 668 digitis
967 595 1164 666 reginae
1211 603 1454 650 terentes
1476 595 1802 666 virginitatis
1843 611 2002 650 coro-

429 704 584 746 nam.
624 688 790 744 Verbi
822 689 962 744 enim
1004 701 1226 756 sponsa,
1264 685 1482 740 virtutis
1523 695 1752 742 ornatur
1805 686 1999 741 fructi-

433 783 560 838 bus.
593 782 736 838 Mille
795 796 956 852 porro
985 779 1204 834 ducenti
1261 778 1540 848 sexaginta
1574 778 1690 834 dies
1731 796 1824 849 per
1861 782 2000 850 qhos

436 878 527 932 hic
558 891 863 938 versamur,
894 874 1071 928 Patris
1097 881 1202 942 est,
1233 888 1266 927 ο
1293 872 1551 941 virgines,
1581 879 1634 925 et
1659 869 1778 924 Filii
1800 877 1854 925 et
1877 869 1999 940 Spi-

436 971 577 1027 ritus
611 970 781 1026 sancti
815 969 952 1021 citra
991 980 1205 1019 omnem
1237 964 1512 1034 ambagem
1539 969 1726 1016 exacta
1767 964 1998 1032 Optima-

437 1080 544 1135 que
573 1059 947 1131 intelligentia,
979 1071 1084 1127 qua
1119 1055 1314 1125 gaudet
1347 1062 1519 1110 mater
1542 1063 1744 1118 nostra,
1775 1071 1870 1126 per
1895 1055 1997 1109 hoc

437 1167 651 1226 tempus
681 1165 978 1222 augescens
1015 1155 1177 1218 atque
1204 1148 1504 1211 exsultans,
1531 1147 1657 1201 dum
1692 1149 1746 1201 in
1777 1148 1998 1201 restitu-

436 1249 584 1304 tione
633 1259 891 1300 novorum
933 1241 1272 1302 saaculorum,
1333 1241 1386 1294 in
1419 1241 1734 1294 concionem
1779 1255 1896 1309 qua:
1941 1241 1995 1293 in

433 1341 588 1396 ctelis
614 1346 696 1393 est
725 1336 967 1397 veniens,
1007 1349 1113 1388 non
1146 1333 1257 1403 jam
1284 1349 1379 1403 per
1409 1333 1647 1386 rationes
1692 1333 1996 1400 mentisque

433 1429 772 1484 contentioso
822 1434 1019 1480 conatu
1053 1424 1106 1478 id
1141 1425 1279 1495 quod
1308 1434 1408 1489 est,
1463 1423 1850 1485 considerabit,
1900 1421 1992 1476 sed

432 1525 577 1577 clare
605 1529 658 1575 et
687 1519 996 1588 conspicue,
1033 1533 1139 1572 una
1193 1532 1316 1570 cum
1367 1515 1588 1571 Christo
1636 1514 1702 1567 ad
1738 1513 1994 1568 interiora

432 1609 690 1671 admissa,
722 1607 1065 1677 inspectabit.
1109 1604 1445 1660 Millenarius
1476 1605 1692 1674 quippe,
1719 1620 1780 1658 ex
1810 1610 1994 1657 cente-

432 1702 587 1756 nario
635 1699 815 1753 decies
848 1699 1204 1768 multiplicato
1231 1705 1510 1758 constans,
1544 1695 1839 1766 perfectum
1890 1711 1992 1748 nu-

2102 504 2364 574 στέφανον
2412 506 2506 558 καὶ
2568 505 2876 576 ἔκλαμπρον
2923 506 3020 576 τῆς
3075 505 3365 576 παρθενίας
3419 505 3668 568 ἀθίκτοις

2097 591 2401 656 δακτύλοις.
2442 593 2667 664 Ἀρετῆς
2704 593 2810 663 γὰρ
2843 595 3121 662 κοσμεῖται
3154 597 3379 664 καρποῖς
3407 595 3439 665 ή
3474 591 3667 664 νύμφη

2097 685 2192 740 τοῦ
2227 687 2422 755 Λόγου.
2467 687 2534 739 Αἱ
2581 686 2638 739 δὲ
2676 686 2840 756 χίλιαι
2885 687 2978 740 καὶ
3017 686 3280 740 διακόσιαι
3330 686 3530 757 ἡμέραι
3567 686 3667 740 καὶ

2099 777 2378 850 ἐξήκοντα,
2404 777 2469 843 ἀς
2497 779 2684 832 ἐνθάδε
2715 779 2879 848 ἐσμὲν
2905 781 2984 842 είς
3009 777 3315 848 ἐπιδημίαν,
3344 779 3377 848 ή
3412 777 3538 849 περὶ
3565 777 3664 831 τοῦ

2097 869 2310 940 Πατρός
2342 872 2520 936 ἐστιν,
2567 863 2612 923 ὧ
2646 869 2934 942 παρθένοι,
2975 871 3068 923 καὶ
3113 868 3206 922 τοῦ
3257 869 3384 922 Υἱοῦ
3419 870 3511 922 καὶ
3565 869 3666 922 τοῦ

2097 961 2412 1032 Πνεύματος
2461 964 2580 1016 κατ’
2614 963 2827 1016 εὐθεῖαν
2878 961 3107 1032 ἀκριϐὴς
3154 961 3260 1031 (‘22)
3317 962 3411 1014 καὶ
3459 961 3662 1032 ἀρίστη

2098 1053 2328 1117 σύνεσις,
2427 1053 2658 1124 γέγηθεν
2698 1053 2914 1125 ἡμῶνή
2957 1045 3132 1124 μήῑῆρ
3173 1050 3526 1122 αὐξανομένη,
3567 1051 3665 1105 καὶ

2094 1144 2386 1212 ἀγάλλεται
2432 1147 2643 1199 τουτονὶ
2687 1147 2778 1199 τὸν
2837 1146 3064 1216 χρόνον,
3121 1144 3386 1217 μέχριπερ
3429 1142 3494 1196 ἂν
3560 1144 3662 1214 τῆς

2095 1236 2586 1300 ἀποκαταστάσεως
2616 1237 2726 1310 (23)
2771 1237 2880 1290 τῶν
2930 1222 3152 1290 καινῶν”
3174 1235 3414 1298 αἰώνων,
3449 1237 3528 1298 είς
3561 1237 3664 1306 τὴν

2093 1329 2287 1399 ἄγυριν
2312 1328 2538 1382 ἐλθοῦσα
2570 1329 2710 1400 κατά
2740 1329 2863 1392 τοὺς
2894 1330 3171 1400 οὐρανοὺς,
3215 1329 3405 1398 μηκέτι
3435 1328 3502 1380 δι’
3536 1329 3662 1380 ἐπι-

2095 1423 2308 1493 στήμης
2353 1425 2797 1492 κατασκέπτηται
2860 1421 2924 1475 τὸ
2959 1423 3079 1486 Ὃν,
3131 1420 3261 1474 ἀλλά
3301 1420 3508 1491 τρανῶς
3557 1420 3661 1472 ἐπ-

2092 1514 2327 1586 οπτεύσῃ
2361 1516 2581 1587 Χριστῷ
2615 1515 2958 1568 συνεισϐᾶσα.
2993 1515 3073 1567 Τά
3111 1515 3218 1586 γὰρ
3250 1513 3410 1584 χίλια,
3448 1516 3503 1566 έν
3531 1515 3663 1567 ἑκα-

2091 1605 2306 1659 τοντάσι
2383 1605 2950 1669 δεκαπλασιασθέντα,
3017 1604 3215 1659 τέλειον
3267 1604 3494 1676 ἀριθμὸν
3565 1605 3662 1657 καὶ

2093 1696 2273 1769 πλήρη
2335 1697 2608 1769 περιέχει·
2664 1697 2693 1749 6
2743 1697 2807 1768 δή
2873 1700 2986 1750 ἐστι
3041 1696 3303 1768 σύμϐολον
3355 1695 3520 1750 αὐτοῦ
3561 1697 3657 1750 τοῦ

431 1807 639 1848 merum
689 1799 742 1846 et
796 1792 1012 1860 plenum
1043 1791 1282 1844 continet
1315 1808 1328 1844 :
1363 1790 1504 1860 quod
1553 1797 1635 1842 est
1688 1788 1989 1858 symbolum

2093 1787 2322 1857 Πατρδς,
2356 1788 2448 1840 τοῦ
2479 1787 2571 1856 ἀφ’
2604 1787 2800 1841 ἑαυτοῦ
2834 1787 3328 1859 δημιουργήσαντος
3355 1788 3447 1840 καὶ
3478 1788 3659 1858 ἑαυτῷ

430 1885 627 1948 Patris,
660 1883 752 1953 qui
805 1899 872 1937 ex
922 1898 981 1938 se
1011 1883 1128 1951 ipso
1177 1897 1358 1936 rerum
1410 1883 1550 1936 hanc
1592 1880 1994 1935 universitatem

429 1975 694 2040 condidit,
747 1983 800 2029 et
831 1974 884 2026 in
911 1988 970 2026 se
996 1973 1114 2042 ipso
1160 1973 1400 2027 continet
1447 1989 1510 2026 ac
1542 1978 1846 2026 conservat.
1882 1968 1994 2023 Du-

429 2074 588 2122 centa
616 2081 767 2131 vero,
795 2081 858 2118 ex
886 2063 1097 2118 duobus
1130 2062 1382 2132 perfectis
1417 2079 1675 2118 numerus
1702 2060 1992 2124 conﬂatus,

431 2159 736 2231 symbolum
763 2166 847 2212 est
882 2157 1116 2226 Spiritus
1140 2157 1312 2210 sancti
1337 2196 1350 2218 ,
1375 2164 1643 2225 quatenus
1677 2156 1722 2210 is
1751 2155 1871 2210 Filii
1897 2172 1984 2209 no-

432 2256 516 2309 bis
547 2268 609 2306 ac
636 2251 813 2305 Patris
835 2249 1036 2304 notitia;
1066 2255 1254 2302 auctor
1281 2248 1515 2302 exsistit.
1548 2247 1786 2316 Denique
1831 2263 1991 2302 sexa-

430 2346 579 2416 ginta
603 2344 876 2398 senarium
902 2356 1186 2395 numerum
1222 2340 1274 2392 in
1296 2340 1590 2394 decadihus
1625 2339 1994 2407 habet,eoque

431 2435 734 2506 symbolum
761 2432 960 2488 Christi
991 2440 1074 2487 est
1110 2451 1124 2488 :
1161 2431 1366 2486 idcirco
1401 2430 1654 2484 nimirum
1676 2472 1690 2496 ,
1725 2430 1867 2500 quod
1901 2446 1993 2486 se-

431 2527 617 2581 narius
647 2541 907 2579 numerus
941 2539 1008 2577 cx
1031 2523 1237 2576 unitate
1268 2521 1637 2592 progrediens,
1661 2536 1727 2575 ex
1757 2521 1992 2592 propriis

429 2615 774 2685 componitur
795 2613 1061 2683 partibus,
1080 2611 1152 2666 ita
1185 2619 1244 2665 ut
1275 2611 1326 2665 in
1347 2627 1412 2665 eo
1435 2612 1566 2665 nihil
1596 2610 1810 2666 deficiat
1833 2620 1992 2667 autve

431 2705 692 2760 redundet
727 2725 740 2760 :
777 2707 829 2759 in
877 2720 1004 2759 suas
1046 2704 1186 2758 enim
1232 2711 1413 2772 partes
1443 2705 1716 2759 resolutus
1754 2705 1992 2774 comple-

430 2804 538 2850 tur.
582 2796 845 2850 Nimirum
897 2796 942 2850 si
979 2811 1072 2850 sex
1112 2799 1167 2848 in
1209 2795 1344 2848 alios
1382 2804 1543 2864 atque
1593 2794 1728 2850 alios
1756 2795 1992 2864 mquales

429 2904 686 2944 numeros
720 2889 1014 2952 dividatur,
1065 2903 1290 2942 necesse
1317 2895 1498 2943 estex
1546 2887 1737 2942 iisdem
1793 2887 1989 2941 iterum

424 2981 632 3050 junctis
653 2983 944 3052 segmentis
965 2981 1212 3035 eumdem
1259 2996 1539 3034 numerum
1571 2980 1831 3050 reparari.
1872 2979 1992 3033 Pri-

429 3089 576 3128 mum
606 3074 820 3144 quidem
854 3073 899 3128 si
929 3074 1138 3128 medius
1169 3072 1457 3137 dividatur,
1487 3073 1589 3127 tria
1623 3073 1820 3140 eﬂicit;
1872 3088 1993 3126 rur-

429 3185 525 3224 sus
547 3170 593 3223 si
627 3169 682 3223 in
713 3177 827 3222 tres
853 3177 1036 3238 partes
1063 3167 1356 3230 dividatur,
1403 3164 1566 3220 ellicit
1607 3164 1749 3231 duo;
1799 3164 1845 3219 si
1897 3163 1992 3218 de-

429 3261 594 3330 nique
652 3261 705 3314 in
741 3276 834 3315 sex
868 3267 1049 3329 partes
1081 3259 1468 3320 distribuatur,
1502 3255 1793 3326 unicuique
1849 3254 1990 3325 parti

430 3354 606 3409 solum
641 3354 822 3408 unitas
842 3354 1118 3422 competit;
1152 3353 1402 3422 idemque
1433 3366 1624 3406 rursus
1661 3351 1717 3404 in
1750 3351 1991 3418 seipsum

429 3445 722 3514 colligitur.
744 3443 878 3498 Nam
902 3445 956 3498 in
983 3445 1066 3498 bis
1101 3445 1226 3512 tria,
1256 3454 1336 3498 tcr
1355 3444 1484 3506 duo,
1510 3442 1687 3498 sexies
1713 3457 1877 3495 unum
1908 3439 1994 3494 di-

431 3536 602 3600 visus,
626 3536 932 3605 conjunctis
967 3535 1104 3589 inter
1145 3551 1203 3589 se
1233 3535 1407 3588 tribus
1442 3544 1494 3587 et
1543 3533 1756 3587 duobus
1785 3541 1836 3585 et
1861 3545 1990 3593 uno,

432 3642 623 3682 rursus
653 3626 925 3696 senarium
957 3626 1222 3695 integrum
1257 3625 1485 3695 perlicit.
1511 3623 1810 3677 Perfectum
1846 3621 1990 3674 enim

432 3718 742 3773 necessario
770 3725 874 3780 est,
897 3715 1159 3787 quidquid
1189 3730 1360 3783 neque
1387 3715 1493 3768 alio
1531 3712 1599 3767 ad
1643 3711 1726 3766 sui
1755 3711 1993 3781 comple-

431 3820 670 3864 mentum
699 3818 836 3881 eget,
874 3825 973 3864 nec
1002 3823 1237 3879 unquam
1278 3806 1541 3863 redundat
1591 3804 1872 3874 majusque
1906 3818 1992 3856 se-

432 3902 550 3970 ipso
615 3910 720 3956 est.
780 3901 1025 3954 Aliorum
1098 3907 1277 3954 autem
1348 3911 1696 3951 numerorum
1771 3893 1992 3964 quidam

431 3995 554 4064 plus
586 4009 748 4063 quam
800 3994 1027 4061 perfecti
1067 4000 1228 4058 sunt,
1259 4000 1318 4046 ut
1365 3988 1752 4044 duodenarius.
1817 3985 1993 4040 Media

428 4085 630 4153 quippe
664 4099 790 4153 pars
819 4083 937 4151 ejus
958 4083 1208 4138 senarius
1237 4091 1341 4145 est,
1367 4080 1523 4135 tertia
1552 4095 1677 4133 vero
1703 4084 1995 4147 quaterna-

428 4179 565 4238 rius,
593 4183 784 4244 quarta
824 4174 1113 4236 ternarius,
1167 4181 1321 4230 sexta
1370 4171 1636 4234 binarius,
1676 4168 1994 4222 duodecima

427 4267 630 4322 unitas.
686 4265 810 4319 Haec
840 4273 1017 4319 autem
1050 4265 1104 4318 in
1136 4280 1256 4334 quae
1285 4262 1650 4318 duodenarius
1682 4267 1858 4329 potest
1910 4258 1994 4312 di-

2096 1877 2520 1950 συγκρατοῦντος
2557 1878 2616 1932 τὺ
2653 1881 2791 1932 πᾶνο
2829 1880 2898 1932 τά
2942 1880 2999 1933 δὲ
3049 1879 3296 1933 διακόσια
3339 1880 3429 1932 τὸν
3462 1882 3526 1932 ὲκ
3564 1880 3660 1933 δύο

2091 1967 2308 2021 τελείων
2335 1968 2579 2040 ἀριθμῶν
2608 1969 3050 2040 συνεζευγμένον,
3090 1969 3118 2022 ὃ
3144 1971 3206 2040 δή
3236 1971 3349 2023 ἐστι
3391 1969 3659 2040 σύμϐολον

2092 2061 2186 2114 τοῦ
2219 2062 2372 2130 ἁγίου
2416 2062 2760 2133 Πνεύματος,
2794 2063 2931 2116 καθὸ
2973 2063 3070 2134 τῆς
3114 2062 3368 2132 γνώσεώς
3414 2066 3530 2117 ἐστι
3562 2064 3657 2118 τοῦ

2094 2153 2222 2206 Υίοῠ
2284 2154 2440 2207 τοῦτο
2497 2156 2590 2207 καὶ
2639 2155 2732 2208 τοῦ
2783 2155 2995 2226 Πατρὸς
3047 2157 3406 2227 περιεκτικόν.
3459 2158 3539 2211 Τά
3597 2157 3655 2211 δὲ

2093 2246 2373 2318 ἑξήκοντα,
2397 2249 2486 2300 τὸν
2520 2247 2579 2312 ἒξ
2605 2248 2835 2320 ἀριθμὸν
2866 2251 2924 2302 ὲν
2953 2249 3172 2302 δεκάσιν
3207 2251 3342 2321 ἔχει,
3367 2251 3395 2304 6
3437 2251 3501 2323 δή
3539 2253 3657 2305 ἐστι

2095 2340 2356 2411 σύμϐολον
2407 2341 2500 2394 τοῦ
2551 2341 2818 2413 Χριστοῦ·
2855 2343 3148 2414 ἐπειδήπερ
3205 2347 3233 2397 6
3283 2342 3390 2396 τῶν
3434 2342 3493 2406 ἒξ
3549 2343 3658 2397 ἀπὸ

2095 2434 2317 2505 μονάδος
2364 2433 2568 2506 προῖὼν
2622 2435 2852 2507 ἀριθμὸς
2907 2438 2972 2489 ἐκ
3003 2426 3109 2488 τῶν
3165 2436 3307 2490 ἰδίων
3354 2437 3659 2490 συντίθεται

2095 2527 2294 2600 μερῶν,
2326 2527 2464 2580 ὥστε
2493 2528 2629 2598 μήτε
2671 2528 2878 2581 λείπειν
2915 2530 2972 2582 ὲν
3010 2512 3184 2600 ἑαυτῷ
3217 2547 3290 2594 τι,
3329 2530 3461 2600 μήτε
3498 2529 3661 2582 πλεο-

2091 2618 2298 2684 νάζειν·
2331 2621 2410 2682 είς
2441 2619 2508 2672 τὰ
2556 2619 2747 2672 ἑαυτοῦ
2777 2620 2886 2691 γὰρ
2924 2621 3063 2693 μέρη
3113 2621 3472 2691 ἀναλυόμενος
3521 2637 3663 2690 συμ-

2093 2711 2412 2782 πληροῦται.
2446 2706 2570 2764 Οἷον
2596 2710 2686 2764 τὸν
2711 2710 2770 2776 ἒξ
2801 2714 2879 2775 είς
2915 2712 3003 2764 ῐσα
3041 2713 3178 2784 μέρη
3218 2712 3275 2779 ἐξ
3300 2712 3428 2765 ἴσων
3467 2713 3663 2784 τεμνό-

2096 2821 2251 2876 μενον
2307 2802 2515 2875 μερῶν,
2545 2803 2755 2875 ἀνάγκη
2807 2803 2907 2872 τὴν
2950 2805 3116 2874 αὐτὴν
3154 2806 3217 2858 ἐκ
3253 2805 3361 2859 τῶν
3412 2807 3663 2876 διαμερι-

2095 2896 2326 2950 σθέντων
2389 2896 2692 2966 τμημάτων
2758 2895 2919 2948 πάλιν
2975 2898 3244 2968 ποσότητα
3298 2897 3658 2969 πληροῦσθαι.

2093 2987 2314 3058 Πρῶτον
2339 2987 2447 3058 γάρ
2492 2986 2686 3057 μέρος,
2730 2986 2870 3040 κατά
2928 2986 3088 3056 μέσον
3119 2986 3490 3058 διαιρούμενος
3517 2990 3666 3039 ποιεῖ

2091 3081 2181 3134 τὸν
2207 3081 2361 3152 τρίαο
2398 3075 2516 3133 εἶτα
2544 3081 2622 3142 είς
2647 3078 2772 3151 τρία
2804 3077 3175 3149 διαιρούμενος
3203 3079 3365 3151 μέρη,
3400 3084 3542 3133 ποιεῖ
3567 3081 3662 3135 τὸν

2091 3171 2218 3225 δύοι
2245 3169 2362 3224 εἶτα
2395 3173 2473 3234 είς
2497 3171 2555 3237 ἒξ
2587 3171 2880 3242 μερισθεὶς,
2924 3173 3068 3224 ποιεῖ
3100 3171 3191 3224 τὸν
3219 3170 3334 3234 ἕνα,
3379 3173 3472 3225 καὶ
3518 3189 3662 3243 συμ-

2092 3261 2390 3335 πληροῦται
2447 3261 2607 3316 πάλιν
2639 3265 2718 3326 είς
2762 3263 2969 3316 ἑαυτόν.
3003 3264 3096 3327 Εἰς
3128 3263 3235 3335 γὰρ
3277 3264 3360 3328 δὶς
3399 3263 3522 3335 τρία
3562 3265 3664 3321 καὶ

2091 3355 2209 3424 τρὶς
2232 3353 2324 3406 δύο
2355 3353 2447 3406 καὶ
2481 3352 2666 3417 ἑξάκις
2714 3353 2771 3405 ἓν
2811 3352 3216 3426 διαιρούμενος,
3263 3354 3663 3425 συντιθεμένων

2092 3445 2198 3498 τῶν
2229 3445 2394 3516 τριῶν
2413 3447 2505 3497 καὶ
2535 3445 2643 3498 τῶν
2671 3445 2762 3498 δύο
2783 3446 2987 3498 καὶτοῦ
3011 3445 3147 3510 ἑνὸς,
3171 3446 3332 3500 πάλιν
3359 3446 3665 3519 ἀναπληροῖ

2091 3537 2182 3589 τὸν
2210 3536 2287 3600 ἒξ.
2308 3536 2520 3589 Τέλειον
2550 3537 2604 3589 δὲ
2624 3539 2730 3590 πᾶν
2752 3537 2812 3601 ὲξ
2838 3538 3079 3608 ἀνάγκης
3108 3539 3222 3592 ἐστὶ
3245 3539 3304 3592 τὸ
3330 3541 3464 3610 μήτε
3487 3557 3660 3610 προσ-

2091 3627 2341 3698 δεόμενον
2372 3629 2451 3690 είς
2500 3627 2893 3698 συμπλήρωσιν
2927 3627 3114 3700 ἐτέρου
3135 3667 3151 3694 ,
3187 3629 3324 3699 μήτε
3366 3628 3663 3690 πλεονάζον

2092 3719 2282 3772 ἑαυτοῦ
2336 3719 2572 3773 πώποτε.
2632 3719 2751 3773 Τῶν
2805 3720 2862 3773 δὲ
2914 3721 3085 3776 ἄλλων
3143 3721 3393 3794 ἀριθμῶν
3447 3724 3496 3774 οἱ
3557 3723 3663 3793 μὲν

2094 3813 2422 3884 ύπερτέλειοί
2471 3815 2624 3877 είσιν,
2668 3813 2743 3878 ῶς
2775 3815 2803 3867 6
2834 3811 3061 3868 δώδεκα.
3097 3814 3170 3866 T6
3210 3815 3318 3887 γὰρ
3345 3815 3456 3868 ἴσον
3489 3814 3659 3872 αὑτοῦ

2097 3905 2258 3976 μέρος
2291 3904 2367 3978 7τά
2397 3905 2475 3972 ἒξ,
2510 3906 2602 3958 καὶ
2647 3906 2707 3959 τὸ
2742 3907 2921 3977 τρίτον
2952 3906 3021 3960 τά
3059 3908 3320 3978 τέσσαρα,
3354 3909 3447 3960 καὶ
3485 3909 3546 3960 τὸ
3569 3908 3665 3961 τέ-

2091 3977 2298 4068 ταρτον.
2319 3997 2388 4050 τὰ
2430 3997 2577 4069 τρία,
2623 3998 2717 4052 καὶ
2747 3997 2807 4050 τὸ
2839 3997 2994 4051 ἕκτον
3023 3999 3090 4052 τά
3123 3977 3240 4062 δύο,
3269 3999 3362 4052 καὶ
3409 3999 3472 4052 τὸ
3495 3999 3664 4054 δωδέ-

2093 4104 2255 4140 κατον
2286 4087 2347 4140 τὸ
2393 4087 2470 4141 ἓν.
2504 4089 2597 4151 Et;
2628 4087 2664 4142 ἃ
2691 4088 2910 4141 δύναται
2957 4086 3301 4160 μερίζεσθαι,
3338 4089 3661 4145 συντεθέντα

2094 4177 2485 4248 ὑπερϐάλλουσι
2537 4179 2626 4232 τὸν
2677 4178 2881 4234 δώδεκα
2905 4219 2920 4244 ,
2969 4180 3031 4232 ού
3081 4181 3417 4251 τηρήσαντος
3465 4180 3660 4236 ἑαυτὸν

2095 4270 2207 4322 ίσον
2237 4272 2349 4332 τοῖς
2376 4269 2539 4324 αὐτοῦ
2575 4270 2814 4340 μέρεσιν,
2846 4270 2921 4334 ὡς
2966 4272 2994 4324 6
3025 4270 3105 4338 ἐξ.
3137 4273 3200 4324 Οἱ
3243 4272 3300 4325 δὲ
3334 4272 3659 4339 ὑποτέλειοι,

427 4359 562 4421 vidi,
593 4358 637 4412 si
672 4374 864 4413 rursus
888 4357 942 4410 in
969 4373 1029 4411 se
1059 4355 1762 4427 componantur,excedunt
1789 4350 1991 4407 duode-

2093 4360 2168 4423 ὼς
2193 4361 2401 4416 όόκτώ.
2433 4362 2504 4414 Τὸ
2544 4361 2652 4433 γὰρ
2677 4363 2846 4433 ἥμισυ
2877 4361 3040 4415 αὐτοῦ
3073 4361 3139 4415 τά
3165 4364 3424 4435 τέσσαρα,
3469 4366 3564 4418 κα)⁵
3596 4365 3662 4419 τὸ

429 4450 665 4508 narium,
714 4452 808 4519 qui
843 4465 901 4504 se
940 4449 1164 4520 proinde
1205 4464 1310 4503 non
1352 4455 1529 4501 servat
1570 4445 1828 4515 mqualem
1875 4442 1991 4498 suis

2095 4451 2349 4524 τέταρτον
2373 4453 2440 4506 τά
2465 4452 2576 4517 δύο,
2608 4453 2702 4506 καὶ
2727 4452 2788 4505 τὸ
2818 4452 3000 4521 ὃγδοον
3025 4453 3084 4506 τὸ
3112 4454 3188 4507 ἓν.
3221 4455 3314 4518 Εἰς
3338 4455 3373 4508 ἃ.
3399 4456 3659 4526 τέμνεται

430 4539 696 4609 partibus,
731 4541 873 4595 sicut
912 4542 1180 4595 senarius.
1228 4538 1331 4593 Alii
1371 4537 1670 4606 imperfecti
1694 4579 1708 4603 ,
1745 4546 1802 4590 ut
1839 4544 1991 4590 octo-

429 4632 635 4687 narius.
666 4631 836 4702 Hujus
861 4633 1003 4687 enim
1025 4632 1327 4696 dimidium,
1358 4630 1768 4701 quateruarius;
1801 4638 1990 4698 quarta

430 4739 558 4782 vero
606 4738 752 4795 pars,
785 4725 1068 4793 binarius;
1112 4732 1324 4788 octava,
1373 4723 1572 4779 unitas.
1622 4723 1680 4776 ln
1733 4736 1870 4792 quas
1904 4721 1990 4776 di-

500 4878 613 4950 (22)
629 4883 764 4934 Κατ’
779 4880 1013 4935 εὐθεῖαν
1035 4880 1301 4947 ἀκριϐής.
1322 4879 1487 4945 Quasi
1511 4890 1651 4932 rrcla
1679 4893 1741 4931 ac
1775 4879 1988 4950 directe,

428 4949 519 5013 ac,
549 4952 693 5019 quod
731 4952 1040 5013 reddebam,
1087 4953 1221 5004 citra
1247 4967 1447 5004 omnem
1473 4951 1763 5072 ambafem.
1788 4949 1991 5018 Nempe

428 5021 548 5072 κατ’
578 5021 810 5072 εὐθεῖαν.
849 5022 1400 5072 ειὼαυιιί.γοαμμήν.
1426 5019 1478 5072 id
1507 5028 1590 5072 est
1649 5021 1854 5072 ineam:
1882 5035 1991 5072 non

427 5021 810 5092 κατέὐθεῖαν,
849 5022 1400 5092 ειὼθιιιίί,γραμμήν,
1426 5019 1590 5092 idest
1611 5019 1815 5092 tineam
1830 5036 1854 5092 ί
1882 5035 1991 5092 non

428 5090 572 5155 quod
587 5089 892 5154 Possinius,
907 5088 1188 5146 secundum
1207 5088 1397 5145 rectam
1415 5090 1590 5159 ﬁdem.
1608 5088 1804 5143 Dicunt
1817 5090 1988 5144 Graeci

432 5159 588 5240 fidem
614 5161 1065 5283 (iptiqvnbincque
1107 5161 1232 5241 illis.
1264 5161 1578 5232 όρθοτομεῐν
1605 5170 1656 5214 et
1689 5160 1985 5232 όρθοδοξία,

432 5243 492 5280 ac
524 5245 568 5282 SI
615 5247 730 5283 οιιι(
779 5231 1046 5283 eiusmodi
1080 5240 1185 5283 est.
1222 5247 1443 5283 mseuue
1489 5231 1624 5283 adeo
1661 5231 1984 5283 Apostolus:

379 5280 396 5304 .t
429 5229 578 5304 ac‘si
615 5229 744 5300 quid
779 5229 1064 5304 ejusmodi
1080 5240 1185 5294 est,
1222 5229 1624 5300 ipseque‘adeo
1661 5229 1984 5301 Apostolus:

365 5299 396 5368 ;’
431 5297 666 5371 εὐθεῖαν,
698 5297 994 5371 nunquam.
1026 5297 1322 5371 Conteris.

495 5367 606 5437 (9.3)
624 5367 935 5439 Μέχριπερ.
946 5411 959 5424 .
969 5409 982 5423 .
1001 5370 1105 5439 τῆς
1116 5370 1671 5437 ἀποκαταστάσεως.
1688 5369 1778 5424 Sic
1791 5371 1988 5440 ubique

431 5434 620 5491 Patres
648 5434 1094 5495 άπόκατᾶστασιν
1128 5452 1344 5505 vocant,
1385 5443 1544 5511 quasi
1591 5434 1986 5510 reparationem

431 5514 628 5569 status,
657 5517 712 5562 et
748 5511 802 5582 i_n
837 5513 1101 5582 integrum
1134 5512 1568 5582 restitutionem;
1601 5527 1736 5565 sano
1767 5511 1984 5582 quidem

431 5591 618 5638 sensu,
678 5580 770 5646 qui
827 5580 970 5634 sana
1014 5583 1148 5644 fide,
1197 5585 1405 5650 lapsum
1440 5581 1656 5649 quidem
1711 5581 1984 5635 hominem

431 5656 754 5719 agnoscunt,
791 5651 895 5719 sed
947 5651 1136 5704 Adami
1184 5651 1646 5718 praevaricatione,
1679 5666 1784 5719 qua
1829 5651 1984 5704 nobis

434 5715 634 5773 amissa
671 5718 934 5778 rcctitudo
974 5715 1235 5778 naturalis
1279 5729 1331 5776 et
1362 5720 1452 5776 Dei
1484 5719 1653 5790 gratia
1687 5715 1883 5792 jusque
1917 5721 1982 5775 ad

2098 4542 2259 4614 μέρη,
2305 4544 2625 4597 συντεθέντα
2679 4545 2821 4596 ποιεῖ
2862 4543 2951 4597 τὸν
2983 4543 3160 4610 έπτά,
3196 4547 3290 4600 καὶ
3345 4547 3657 4618 προσδεῖται

2097 4632 2320 4701 μονάδος
2355 4634 2435 4696 είς
2462 4633 2558 4704 τὴν
2603 4633 2796 4686 ἑαυτοῦ
2836 4634 3256 4706 συμπλήρωσιν·
3293 4638 3392 4708 οὐχ
3423 4639 3500 4702 ὡς
3536 4641 3564 4690 6
3594 4637 3658 4702 ἒξ

2095 4722 2360 4786 παντοίως
2383 4721 2557 4792 ἑαυτῷ
2589 4722 2876 4793 σύμφωνος
2902 4720 2996 4777 ὥν.
3023 4725 3112 4777 Διὸ
3136 4723 3228 4776 καὶ
3262 4724 3538 4796 ἀναφορὰν
3573 4726 3654 4790 είς

2093 4879 2318 4951 gloriam
2347 4895 2626 4951 ;7quorum
2666 4879 2903 4951 perfecta
2935 4878 3231 4951 restitutio,
3269 4879 3497 4950 ipsaque
3536 4880 3646 4951 glo-

2092 4949 2172 5004 ria
2203 4966 2265 5003 ac
2297 4949 2389 5003 Dei
2418 4949 2693 5019 possessio
2715 4953 2769 5003 in
2803 4950 2905 5017 fine
2940 4950 3097 5003 nobis
3130 4949 3513 5017 exspectetur;
3544 4949 3654 5006 non

2091 5020 2961 5091 Origenianodelirio,cujusque
2992 5019 3460 5091 propriodelicto,
3503 5029 3656 5076 ante-

2091 5089 2251 5162 quam
2274 5089 2440 5162 animi
2468 5090 2790 5162 corporibus
2813 5089 3186 5159 alligarentur.
3229 5089 3346 5143 Non
3385 5098 3510 5161 apte
3525 5107 3655 5162 ergo

2090 5159 2395 5222 Possinius,
2447 5159 2608 5213 donec
2660 5161 3007 5213 instituantur
3037 5176 3167 5212 nova
3200 5159 3442 5224 swcula,‘
3496 5159 3650 5213 resti-

2092 5241 2308 5285 tuantur
2336 5228 2587 5292 dixisset,
2643 5230 2793 5300 nullo
2829 5230 3070 5298 periculo
3109 5228 3367 5284 Methodii
3411 5231 3652 5300 phrasim

2089 5310 2333 5360 secutus,
2367 5315 2471 5369 qua
2517 5299 2719 5354 Christi
2755 5303 2925 5368 gratia
2955 5299 3258 5368 reparativa
3309 5309 3362 5354 et
3403 5299 3652 5355 sanativa

2090 5375 2222 5440 (non
2257 5371 2373 5438 ipsa
2410 5369 2621 5437 prima,
2671 5371 2954 5438 primaque
3003 5369 3095 5424 Dei
3141 5370 3466 5425 liberalitate
3513 5385 3654 5424 con-

2089 5441 2265 5511 cessa)
2284 5440 2512 5511 ejusque
2542 5440 2807 5494 terminus
2841 5440 3142 5494 indicatur:
3176 5456 3276 5495 nec
3304 5456 3405 5496 nos
3437 5441 3657 5510 sapien-

2089 5508 2256 5564 tiores
2284 5508 2541 5563 Patribus
2592 5526 2802 5573 sumus,
2830 5519 2887 5564 ut
2917 5527 3106 5564 eorum
3139 5511 3469 5579 theologiras
3494 5508 3656 5566 voces

2089 5580 2362 5652 communi
2417 5595 2516 5633 usu
2575 5580 2728 5634 tritas
2760 5621 2773 5642 ,
2829 5596 2928 5634 nec
2974 5580 3230 5635 Ecclesia:
3272 5596 3524 5652 USquam
3553 5581 3657 5634 im-

2090 5650 2366 5720 prdbatas,
2416 5665 2770 5720 respuamus,
2832 5661 3158 5720 nostrasque
3203 5653 3310 5707 illis
3355 5650 3658 5707 Substitua-
3739 5709 3744 5713 ,

2091 5717 2228 5776 inus.
2263 5717 2339 5776 lo.
