3964 6226
209 282 320 340 157

1289 291 1674 350 CONVIVIUM
1715 291 1947 348 DECEM
1988 289 2350 347 VIRGINUM.

3363 289 3469 345 158

204 408 301 466 τὸν
336 411 464 466 Υἱὺν
507 413 764 485 ἀνείληφε
818 412 912 467 τοῦ
944 411 1100 478 Θεοῦ,
1133 412 1242 467 ἀπὺ
1270 414 1364 467 τοῦ
1423 414 1786 487 πληρώματος

1904 415 2043 469 visus
2071 422 2256 484 partes
2303 413 2351 467 si
2398 426 2594 468 rursus
2623 427 2692 468 ex
2745 411 2880 484 ipsis
2905 419 3285 485 componatur,
3333 415 3470 468 nihil

209 505 312 574 τῆς
345 504 590 575 θεότητος
621 508 701 570 είς
735 506 828 559 τὸν
861 505 974 576 βίον
1007 505 1342 576 ἐληλυθότος.
1379 509 1652 572 Κενωθεὶς
1679 507 1787 580 γὰρ

212 599 307 650 γαὶ
355 597 452 667 τὴν
515 598 726 670 μορφήν
773 597 866 650 τοῦ
925 597 1110 651 δούλου
1155 597 1508 670 προσλαϐὼν,
1562 601 1640 662 εἰς
1692 599 1789 670 τὴν

213 688 406 742 ἑαυτοῦ
431 688 757 760 τελειότητα,
773 689 934 742 πάλιν
960 687 1317 759 ἀνεπληρώθη
1354 690 1448 741 καὶ
1477 689 1576 760 τὴν
1608 688 1786 754 ἀξίαν.

208 779 380 842 Αὐτὸς
410 779 521 850 γὰρ
549 781 608 832 ἐν
630 781 804 851 ἑαυτῷ
833 780 1201 852 σμικρυνθεὶς,
1226 780 1320 832 καὶ
1349 781 1407 832 ὲν
1437 782 1549 842 τοῖς
1596 779 1788 832 ἑαυτοῦ

205 869 436 940 μέρεσιν
468 871 774 938 άναλυθεὶς,
806 875 868 925 ὲκ
901 873 999 942 τῆς
1040 867 1227 926 ἑαυτοῦ
1284 872 1642 944 σμικρότητος
1695 871 1790 924 καὶ⁹

202 960 314 1012 τῶν
351 962 543 1014 ἑαυτοῦ
576 963 758 1034 μερῶν
789 965 868 1026 είς
926 963 1025 1034 τὴν
1050 960 1436 1032 συμπλήρωσιν
1482 963 1642 1015 πάλιν
1689 962 1790 1033 τὴν

203 1053 407 1107 ἑαυτοῦ
435 1056 528 1108 καὶ
549 1055 610 1106 τὸ
645 1055 873 1125 μέγεθος
913 1055 1170 1127 κατέστη,
1194 1057 1444 1111 οὐδέποτε
1469 1055 1564 1109 τοῦ
1587 1056 1789 1117 τέλειος

202 1140 349 1198 εἶναι
387 1146 663 1216 μειωθείς.

1893 507 1999 561 nisi
2035 505 2402 576 septenarium
2451 504 2632 560 reddit
2675 523 2689 558 :
2733 506 2984 577 indigens
3017 507 3247 570 unitate,
3299 517 3359 561 ut
3399 507 3469 562 ad

1893 598 1975 651 sui
2004 597 2462 665 complementum
2498 595 2815 666 perveniat:
2853 613 2960 651 non
3018 599 3175 666 plane
3208 613 3275 652 ex
3320 599 3497 667 omni,

1892 695 2044 754 parte
2067 686 2172 740 sibi
2198 685 2300 755 ipsi
2341 700 2673 749 consonans,
2716 695 2775 739 ιιι
2825 689 3096 740 senarius.
3128 672 3503 758 Quapropter‘i

1893 777 1983 831 hic
2030 777 2097 830 ad
2128 777 2326 831 Filium
2351 776 2447 832 Dei
2494 777 2749 842 refertur,
2801 777 2893 847 qui
2935 785 2964 830 a
3000 778 3335 847 plenitudine
3381 778 3469 832 di-

1894 869 2137 924 vinitatis
2190 869 2245 922 in
2282 870 2545 924 mundum
2584 870 2812 924 venerit.
2866 869 3188 925 Exinanitus
3233 871 3378 924 enim
3416 880 3473 924 et

1895 961 2068 1014 forma
2126 961 2266 1015 servi
2329 968 2583 1032 suscepta
2622 962 2690 1027 ⁵⁸,
2759 962 2815 1016 in
2875 977 3031 1015 suam
3092 977 3287 1018 rursus
3347 977 3473 1030 per-
3554 999 3558 1002 ι

1897 1051 2182 1106 lectionem
2223 1068 2288 1106 ac
2325 1053 2642 1124 dignitatem
2676 1054 2994 1124 plenissime
3039 1055 3329 1110 restitutus
3358 1062 3464 1110 est.

1895 1142 2015 1214 Ipse
2041 1145 2186 1199 enim
2227 1146 2283 1200 in
2323 1162 2384 1202 se
2420 1146 2541 1214 ipso
2577 1145 2903 1213 diminutus,
2943 1153 2998 1202 et
3030 1147 3086 1201 in
3118 1154 3302 1217 partes
3339 1162 3470 1203 suas

204 1238 486 1292 resolutus
517 1255 580 1293 ex
611 1255 710 1294 sua
742 1239 1104 1295 diminutione
1159 1240 1385 1311 suisque
1432 1240 1700 1310 partibus,
1754 1240 1810 1292 in
1847 1238 2243 1308 plenitudinem
2298 1255 2495 1297 rursus
2549 1241 2786 1312 priorem
2816 1257 2880 1298 ac
2921 1241 3348 1312 magnitudinem
3384 1258 3496 1299 re-'

201 1342 432 1404 paratus
457 1343 542 1390 est
566 1354 581 1390 :
617 1351 894 1406 nunquam
918 1337 1239 1400 diminutus,
1266 1346 1324 1391 ut
1341 1336 1614 1408 perfectus
1639 1352 1745 1391 non
1773 1344 1938 1391 esset.

292 1433 464 1486 Ἀλλά
485 1434 578 1487 καὶ
605 1436 636 1505 ή
661 1433 755 1488 τοῦ
781 1436 985 1504 κόσμου
1012 1436 1187 1498 κτίσις
1224 1438 1288 1488 ὲκ
1328 1434 1520 1487 τούτου
1548 1434 1797 1504 φαίνεται

200 1529 356 1580 πᾶσα
389 1526 720 1598 συγκειμένη
745 1525 839 1579 τοῦ
874 1525 1110 1598 ἀριθμοῦ
1149 1527 1244 1578 καὶ
1284 1527 1382 1598 τῆς
1415 1526 1701 1598 ἁρμονίας,
1737 1527 1794 1579 ὲν

201 1619 262 1683 ἒξ
292 1619 536 1690 ἡμέραις
561 1619 890 1689 ποιήσαντος
922 1618 1015 1671 τοῦ
1042 1617 1177 1670 Θεοῦ
1205 1619 1294 1670 τὸν
1321 1619 1545 1688 οὐρανὸν
1575 1618 1667 1671 καὶ
1693 1616 1792 1687 τὴν
1824 1653 1866 1707 Β

203 1713 332 1783 γῆν,
365 1715 460 1766 καῖ.
491 1712 557 1765 τὰ
591 1713 648 1765 ὲν
679 1714 894 1776 αὐτοῖς·
929 1713 1029 1783 τῆς
1066 1713 1350 1782 ποιητικῆς
1381 1711 1661 1782 δυνάμεως
1693 1710 1786 1764 τοῦ

203 1804 384 1871 Λόγου
409 1804 500 1855 τὸν
521 1802 581 1868 ἒξ
608 1802 1025 1874 ἐμπεριέχοντος
1045 1802 1295 1873 ἀριθμὸν,
1327 1801 1450 1855 καθ’
1481 1801 1539 1854 ὃν
1573 1803 1606 1872 ή
1636 1801 1791 1872 τριὰς

205 1896 479 1966 σωμάτων
506 1896 622 1947 ἐστὶ
651 1897 928 1966 ποιητική.
963 1895 1153 1966 Μῆκος
1184 1895 1292 1966 γὰρ
1335 1895 1429 1947 καὶ⁸
1457 1893 1656 1957 πλάτος
1698 1894 1792 1946 καὶ

203 1991 373 2062 βάθος
408 1991 569 2062 σῶμα
599 1992 910 2062 ἐργάζεται.
947 1992 1007 2044 Ὁ
1055 1991 1112 2043 δὲ
1155 1989 1215 2053 ἓξ
1260 1991 1324 2042 ὲκ
1373 1988 1480 2041 τῶν
1511 1986 1792 2060 τριγώνων

200 2085 326 2137 ἐστὶ
373 2084 748 2154 συγκείμενος.
797 2087 907 2138 Καὶ
952 2083 1080 2153 περὶ
1134 2082 1231 2153 μὲν
1281 2080 1486 2134 τούτων
1529 2081 1630 2133 οὐκ
1675 2080 1792 2133 ἔστι

203 2176 400 2246 καιρὸς
436 2176 661 2246 πρέπων
705 2178 764 2229 ὲν
799 2175 876 2246 τῷ
922 2175 1148 2248 παρόντι
1199 2172 1485 2240 διεξελθεῖν
1523 2172 1592 2225 δι’
1634 2173 1792 2242 ἀκρι-

201 2268 385 2331 6είας,
422 2268 508 2320 ἵνα
543 2267 637 2340 μὴ,
666 2269 728 2322 τὸ
748 2268 1116 2341 προκείμενον
1138 2268 1418 2334 ἐάσαντες,
1437 2266 1504 2320 τά
1538 2266 1790 2336 πάρεργα

204 2361 554 2431 ιονκοττιῖ.ιι.ιι.εν.⁸

1977 1433 2083 1488 Sed
2112 1441 2168 1488 et
2199 1434 2389 1490 mundi
2424 1436 2631 1491 creatio
2657 1445 2712 1491 et
2758 1437 3042 1491 harmonia
3090 1453 3157 1492 ex
3214 1437 3318 1492 hoc
3348 1437 3472 1491 'nu—

1900 1540 2053 1580 mero
2087 1533 2201 1579 tota
2224 1525 2458 1580 conﬂata
2487 1527 2724 1583 videtur.
2766 1527 2873 1583 Sex
2903 1530 3106 1598 quippe
3134 1527 3345 1582 dierum
3375 1541 3474 1582 nu-

1900 1631 2052 1670 mero
2085 1616 2228 1672 Deus
2260 1619 2458 1672 caalum
2483 1628 2537 1674 et
2570 1627 2773 1673 terram
2804 1620 3049 1674 condidit
3087 1627 3141 1674 et
3166 1634 3228 1674 ea
3269 1634 3390 1688 quae
3413 1618 3471 1672 in

1895 1708 1977 1763 eis
2010 1715 2174 1775 sunt;
2206 1711 2482 1764 senarium
2507 1711 2564 1763 in
2598 1726 2657 1766 se
2677 1726 2964 1766 numerum
2995 1711 3310 1765 continente
3325 1724 3476 1764 ert-av

1899 1798 2056 1854 tricis
2084 1799 2306 1856 virtutis
2350 1800 2588 1867 ratione,
2621 1801 2678 1854 in
2703 1816 2811 1870 qua
2853 1802 3130 1856 ternarius
3177 1815 3472 1870 corporum

1899 1890 2122 1946 ell‘ector
2153 1907 2217 1946 ac
2247 1907 2448 1962 parens
2508 1901 2782 1948 censetur.
2816 1892 3123 1963 Longitudo
3157 1894 3357 1964 quippe
3417 1899 3474 1948 et

1897 1981 2128 2036 latitudo
2183 1989 2239 2037 et
2304 1981 2654 2052 profunditas
2712 1999 2912 2054 corpus
2976 1983 3234 2040 elliciunt.
3299 1984 3474 2041 Porro

1899 2073 2150 2128 senarius
2197 2089 2264 2129 ex
2308 2073 2542 2144 trigonis
2609 2083 2693 2130 est
2741 2075 3099 2144 compositus.
3153 2075 3231 2129 Ac
3273 2076 3340 2130 de
3386 2077 3474 2132 his

1897 2164 2120 2235 quidem
2159 2166 2304 2222 haud
2357 2174 2726 2238 opportunum
2777 2168 2834 2222 in
2882 2183 3125 2237 prazsens
3177 2176 3474 2238 aptumque

1896 2257 2211 2314 accuratius
2266 2259 2576 2316 disserendi
2625 2270 2878 2330 tempus;
2936 2276 3006 2315 ne
3065 2259 3272 2315 omisso
3325 2261 3472 2328 quod

1905 2347 1983 2402 rei
2016 2357 2180 2419 caput
2208 2365 2273 2404 ac
2289 2351 2592 2420 principale
2624 2357 3002 2422 argumentum
3025 2359 3130 2414 est,
3173 2348 3231 2402 in
3264 2349 3330 2403 iis
3354 2364 3476 2418 quae

1901 2441 2140 2496 secunda
2191 2451 2319 2496 sunt
2359 2458 2424 2498 ac
2471 2451 2830 2499 consectanea
2873 2442 3112 2498 studium
3141 2456 3476 2513 operamque

1902 2539 2167 2591 teramus.

281 2648 414 2701 Car.
452 2647 566 2702 XII.
597 2649 681 2702 Ad
707 2651 1060 2706 imitationem
1088 2651 1338 2708 Ecclesia:
1368 2653 1423 2706 in
1451 2650 1735 2706 solitudine
1753 2648 1987 2720 degentis
2019 2663 2069 2706 et
2091 2654 2377 2710 draconem
2409 2658 2729 2727 superantis,
2752 2664 3106 2725 provocamur
3139 2653 3382 2724 virgines.

277 2760 493 2813 Οὐκοῦν
521 2761 679 2832 δεῦρο
705 2766 783 2826 εἰς
828 2763 928 2836 τὴν
959 2766 1162 2837 ἔρημον
1193 2767 1422 2820 ἐλθοῦσα
1459 2766 1665 2837 ταύτην
1699 2763 1792 2816 καὶ

203 2851 406 2919 ἄγονον
449 2854 636 2906 κακῶν
687 2857 720 2924 ή
768 2855 1064 2928 Ἐκκλησία
1115 2858 1408 2930 τρέφεται,
1451 2858 1790 2928 πτερουμένη

201 2948 320 3008 τοῖς
357 2946 751 3019 οὐρανοπόροις
783 2951 882 3021 τῆς
923 2953 1222 3024 παρθενίας
1253 2955 1494 3023 πτεροῖς,
1523 2951 1587 3014 ἃς
1613 2951 1792 3005 ἀετοῦ

1969 2767 2027 2820 In
2058 2769 2200 2825 hanc
2224 2771 2389 2842 igitur
2412 2774 2681 2826 malorum
2720 2772 2960 2827 sterilem
2992 2769 3343 2826 solitudinem
3381 2785 3476 2824 ve-

1900 2862 2058 2916 niens
2089 2861 2334 2919 Ecclesia
2384 2866 2651 2936 pascitur,
2685 2865 2942 2932 celsaque
2994 2864 3119 2918 caeli
3163 2861 3474 2933 petentibus

1899 2956 2208 3024 grandescit
2252 2958 2584 3029 virginitatis
2631 2959 2754 3023 alis,
2796 2973 2934 3028 quas
2968 2955 3252 3026 Scriptura
3291 2957 3336 2987 ⁸⁸
3360 2971 3476 3008 ma-

198 3037 480 3106 μετάλου
510 3040 808 3111 πτέρυγας
843 3045 871 3094 ὁ
899 3045 1056 3113 λόγος
1084 3045 1208 3116 ἔφη,
1231 3047 1497 3117 νικήσασα
1537 3046 1628 3098 τὸν
1649 3045 1790 3114 ὅφιν,

1904 3062 2012 3116 gnte
2042 3048 2234 3116 aquila:
2265 3049 2385 3103 alas
2441 3049 2818 3119 nuncupavit:
2853 3055 3008 3119 parta
3060 3047 3174 3118 jam
3229 3047 3298 3102 de
3351 3061 3469 3104 ser-

208 3132 309 3184 καὶ
336 3131 442 3201 τῆς
476 3133 880 3208 πληροσελήνου
915 3139 1016 3208 τῆς
1056 3139 1257 3209 ὲαυτῆς
1294 3138 1391 3202 τὰς
1426 3138 1654 3207 νεφέλας
1695 3138 1794 3202 τὰς

203 3221 609 3294 δυσχειμέρους
631 3227 1018 3298 ἁπεωσαμὲνη.
1037 3228 1256 3282 Τούτων
1281 3229 1389 3299 γὰρ
1412 3229 1568 3299 χάριν
1591 3225 1794 3299 μεταξὺ

205 3314 417 3377 πάντες
443 3312 592 3369 οὗτοι
623 3318 1044 3392 παρηνέχθησαν
1061 3321 1230 3389 λόγοι,
1260 3320 1600 3383 διδάσκοντες
1631 3321 1793 3390 ὑμᾶς,

207 3398 260 3458 ὦ
307 3407 768 3478 καλλιπάρθενοι,
804 3412 944 3466 κατὰ
984 3414 1183 3484 κράτος
1226 3413 1509 3485 μιμεῖσθαι
1554 3413 1652 3485 τὴν
1696 3429 1798 3484 μη-

211 3497 368 3568 τέρα,
412 3499 489 3569 μὴ
529 3500 908 3559 ὲπιθολοῦσθαι
941 3504 998 3557 δὲ
1020 3508 1141 3569 ταῖς
1167 3505 1424 3578 άχθηδόσι
1450 3506 1544 3559 καὶ¹
1571 3508 1799 3578 τροπαῖς

212 3591 309 3642 καὶ
341 3591 556 3662 θλίψεσι
587 3594 682 3647 τοῦ
730 3596 867 3666 βίου,
889 3581 994 3651 ’ἴνα
1038 3599 1408 3672 συνεισέλθητε
1442 3598 1636 3670 γαῦροι
1681 3598 1798 3669 μετ’

212 3684 392 3754 αὐτῆς
423 3687 506 3749 εἰς
531 3686 624 3739 τὸν
651 3690 913 3758 νυμφῶνα
932 3729 948 3753 ,
984 3681 1425 3762 παραφαίνουσαι
1457 3694 1555 3758 τὰς
1578 3695 1798 3764 λαμπά-

213 3774 327 3839 δας.
358 3777 450 3847 Μὴ
477 3772 572 3830 οὖν
608 3780 1020 3852 ἀποδειλιάσητε
1062 3784 1200 3856 πρὸς
1227 3785 1327 3849 τὰς
1376 3786 1655 3856 μεθοδείας
1707 3787 1801 3840 καὶ

208 3867 474 3932 ᾰαὸολὰς
514 3870 610 3924 τοῦ
651 3873 849 3945 θηρὸς,
892 3875 1025 3929 ἀλλὰ
1074 3878 1358 3950 καρτερῶς
1401 3879 1799 3933 ὲνσκευάσασθε

209 3962 355 4031 πρὸς
387 3963 493 4033 τὴν
523 3964 726 4036 μάχην,
779 3967 879 4038 τὴν
911 3968 1076 4040 κόρυν
1123 3969 1218 4023 τοῦ
1253 3971 1521 4043 σωτηρίου
1569 3972 1664 4025 καὶ
1709 3971 1802 4025 τὸν

209 4052 446 4126 θώρακα
501 4058 599 4111 καὶ
645 4061 745 4123 τὰς
804 4062 1070 4132 κνημῖδας
1113 4060 1534 4135 ὲξωπλισμέναι.
1583 4064 1803 4136 Μυρίαν

213 4146 326 4217 γάρ
357 4147 512 4217 αὑτῷ
556 4151 898 4221 κατάπληξιν
944 4152 1218 4224 παράξετε
1253 4155 1392 4226 μετὰ
1424 4155 1620 4209 πολλοῦ
1661 4156 1802 4228 λήμ-

216 4255 389 4307 ματος
425 4241 522 4293 καὶ
554 4241 817 4311 εὐψυχίας
867 4243 1334 4313 προσϐάλλουσαν
1377 4246 1499 4298 οὐδὲ
1545 4249 1803 4318 στήσεται

1899 3149 2056 3210 pcnte
2079 3140 2331 3207 victoria,
2364 3157 2428 3196 ac
2469 3158 2569 3198 suo
2608 3142 2908 3212 plenilunio
2940 3141 3279 3196 brumalibus
3311 3141 3473 3195 nubi-

1900 3231 2004 3286 bus
2038 3232 2364 3303 infestisque
2393 3233 2662 3304 disjectis.
2707 3233 2912 3288 Horum
2946 3235 3090 3288 enim
3117 3233 3314 3303 gratia,
3334 3248 3473 3302 quos

1898 3319 2167 3374 hactenus
2203 3321 2592 3392 impendimus,
2628 3339 2820 3379 omnes
2856 3323 2910 3376 hi
2941 3339 2970 3376 a
3008 3323 3167 3378 nobis
3193 3339 3475 3380 sermones

1900 3410 2096 3481 prolati
2129 3418 2258 3465 sunt
2288 3430 2300 3465 :
2337 3411 2690 3468 adhortantes
2719 3431 2838 3480 vos,
2862 3430 2895 3468 o
2936 3416 3167 3486 egregiae
3211 3415 3473 3484 virgines.

1902 3510 1961 3558 ut
1986 3504 2115 3558 totis
2140 3503 2350 3559 viribus
2379 3510 2611 3560 matrem
2642 3505 2954 3572 imitemini,
2986 3522 3087 3562 nec
3124 3507 3314 3561 mundi
3346 3523 3466 3562 nio-

1899 3597 2074 3653 Iestiis
2125 3597 2403 3667 variisque
2443 3604 2496 3653 et
2545 3597 2761 3652 amictis
2809 3598 2934 3653 vita:
2984 3599 3228 3664 casibus,
3274 3600 3474 3654 mentis

1901 3704 2156 3744 serenum
2187 3689 2449 3757 turbelis;
2489 3697 2550 3744 ut
2590 3705 2698 3744 una
2735 3704 2860 3743 cum
2894 3690 2984 3742 illa
3019 3691 3377 3754 exsultantes,
3410 3704 3475 3744 ac

1901 3782 2147 3837 lucentes
2176 3781 2526 3853 praeferentes
2545 3782 2845 3853 lampades,
2865 3782 2922 3836 in
2950 3782 3247 3834 thalamum
3277 3779 3479 3851 Sponsi

1902 3875 2166 3932 subeatis.
2195 3875 2273 3930 Ne
2326 3890 2457 3946 ergo
2510 3885 2734 3946 propter
2777 3874 2958 3929 varias
3007 3873 3279 3944 serpentis
3329 3881 3476 3928 artes

1901 3965 2131 4034 ejusque
2159 3964 2461 4018 calumnias
2491 3964 2733 4018 animum
2767 3962 3173 4032 despondeatis,
3205 3961 3301 4017 sed
3338 3976 3479 4031 prae-

1902 4066 2090 4131 parate
2121 4074 2216 4112 vos
2239 4059 2439 4113 acriter
2467 4057 2533 4112 ad
2570 4073 2828 4130 pugnam,
2862 4058 3069 4128 galeam
3103 4057 3295 4112 salutis
3319 4065 3373 4113 et
3394 4057 3478 4113 lo-

1902 4147 2096 4215 ricam,
2127 4157 2241 4204 tum
2280 4164 2505 4204 crurum
2544 4149 2924 4219 remorumque
2969 4164 3120 4203 arma
3161 4137 3358 4204 bellica
3392 4149 3478 4204 in-

1903 4244 2131 4298 duta“.
2177 4241 2558 4297 Incredibilem
2601 4232 2748 4297 enim
2779 4242 2854 4297 illi
2900 4251 3181 4312 stuporem
3211 4240 3475 4308 ati‘eretis.

214 4330 462 4394 πάντως,
487 4332 553 4384 ὲκ
576 4331 668 4384 τοῦ
698 4334 1006 4404 κρείττονος
1033 4334 1299 4406 ὀρῶνξτὰς
1331 4338 1652 4404 ἀντιπάλους
1697 4358 1797 4394 πα-

1905 4336 2035 4392 dum
2069 4352 2266 4408 magno
2288 4337 2343 4390 in
2379 4337 2556 4407 ipsum
2588 4335 2771 4390 animo
2805 4336 3138 4406 robustaque
3165 4335 3474 4390 constantia

218 4424 670 4494 ρατεταγμέναςο
731 4425 845 4479 ἀλλ’
910 4427 1139 4482 αὐτόθεν
1201 4428 1435 4500 ἄρασθαι
1485 4430 1594 4484 τῶν
1657 4433 1797 4486 ἑπτὰ

218 4515 621 4586 παλαισμάτων
645 4518 788 4590 ὑμᾶς
823 4523 1164 4594 συγχωρήσει
1198 4521 1268 4576 τά
1305 4524 1551 4594 ἀριστεῖα
1573 4527 1602 4578 ὁ
1634 4527 1796 4582 πολυ-

222 4607 459 4676 κέφαλος
494 4608 590 4662 καὶ
617 4611 1044 4684 πολυπρόσωπος
1083 4611 1207 4684 θήρ.

1905 4429 2147 4486 irruetis.
2200 4428 2388 4499 Neque
2442 4427 2667 4483 omnino
2717 4427 3008 4482 sustinebit
3061 4428 3347 4502 impetum,
3380 4426 3475 4497 qui

1906 4524 2001 4578 Dei
2026 4523 2186 4594 jussu
2219 4521 2494 4592 ductuque
2532 4520 2830 4576 instructas
2869 4527 3031 4590 atque
3065 4521 3341 4575 accinctas
3374 4519 3474 4574 ad-

1904 4631 2123 4675 versum
2155 4631 2215 4671 se
2247 4615 2545 4686 procedere
2574 4613 2722 4668 acies
2766 4611 2968 4668 videat.
3002 4610 3111 4668 Sed
3152 4613 3335 4667 statim
3368 4612 3475 4665 tol-

228 4703 335 4759 lere
369 4719 473 4757 vos
531 4703 890 4758 certaminum
948 4710 1155 4774 septem
1215 4704 1397 4774 Opima
1432 4707 1604 4776 spolia
1636 4713 1988 4784 praemiaque,
2044 4708 2330 4777 multiceps
2381 4714 2436 4760 et
2479 4704 2793 4759 multifrons
2831 4703 3008 4760 bestia
3055 4702 3244 4759 volens
3281 4703 3474 4760 nolens

225 4796 383 4851 feret.

190 4889 209 4965 :—
296 4932 532 4999 Πρόσθε
552 4929 708 4984 λέων
727 4929 860 5000 (‘24),
892 4930 1099 4985 ὄπιθεν
1131 4930 1200 4983 δὲ
1225 4930 1475 4999 δράκων,
1497 4931 1701 5000 μέσση
1737 4934 1805 4987 δὲ

295 5073 507 5127 Acir-er
541 5073 958 5126 ἀποπνείουσα
988 5074 1176 5142 πυρὸς
1198 5073 1381 5141 μένος
1413 5001 1765 5142 άὶξὲἰιιὲἕίῖο.

295 5144 411 5197 Καὶ
437 5142 552 5212 τὴν
570 5142 686 5212 μὲν
719 5143 1134 5213 κατέπεφνενό
1159 5144 1648 5268 Βελλεροφῆντῃε
1667 5145 1803 5268 ᾗόν

1529 5232 1601 5268 τη

1493 5212 1644 5286 [τὴν

1939 4937 2138 4992 Fronte
2164 4937 2264 5004 leo,
2295 4934 2567 5005 caudaque
2584 4931 2767 4996 draco,
2798 4929 3067 5000 mediaque
3086 4929 3335 4983 chimaera

1942 5075 2046 5130 Ore
2073 5088 2280 5127 vomens
2309 5070 2459 5124 struis
2489 5066 2732 5122 incendia
2762 5066 2939 5120 lurida
2959 5065 3192 5135 ﬂammis
3216 5079 3234 5118 :

1941 5144 2011 5198 Et
2039 5145 2190 5198 illam
2235 5139 2443 5212 quidem
2479 5137 2829 5208 Bellerophon
2872 5134 3090 5193 sustulit
3121 5150 3140 5189 :
3175 5134 3311 5188 hanc
3355 5148 3474 5187 vero

294 5373 342 5403 ⁸³
381 5370 530 5424 Phil.
557 5386 621 5438 tt,
645 5371 698 5424 '7.
777 5370 822 5401 "
861 5367 1050 5424 Ezeclt.
1078 5384 1212 5434 xvn,
1253 5370 1306 5426 5.
1384 5370 1430 5401 ⁶⁰
1474 5369 1665 5440 Ephes.
1699 5385 1775 5433 Vl,
1813 5369 1901 5424 17.

299 5531 412 5604 (2-5)
442 5533 682 5600 Πρόσθε
716 5535 778 5587 λ.
812 5531 968 5588 Hom.
1035 5531 1198 5588 Iliad.
1239 5531 1299 5597 Ζ,
1333 5531 1457 5591 181.
1506 5530 1628 5585 190.
1659 5530 1792 5584 Ceu

235 5615 398 5657 nens.

245 5740 257 5742 _
301 5674 413 5740 (9.5)
450 5672 835 5742 Κατέπεφνεν
873 5678 904 5727 o’
949 5674 1450 5741 Βελλεριρώ-οτης.
1487 5670 1696 5742 Leonis
1717 5669 1805 5742 Al-

244 5740 349 5799 latii
380 5739 699 5811 lectionem,
726 5745 900 5816 ipsam
929 5739 1288 5812 laborantem,
1309 5742 1456 5813 quod
1484 5743 1605 5800 loco
1632 5743 1660 5796 ό
1685 5739 1810 5794 Βελ-

1909 5523 2235 5597 λεροφόντης
2255 5527 2421 5586 esset,
2438 5523 2466 5574 ὁ
2495 5519 2758 5593 Περσεύς,
2780 5517 2997 5589 przelixa
3025 5517 3188 5598 etiam
3209 5514 3475 5596 particula

1909 5597 2039 5641 πηίν
2074 5595 2137 5641 nd
2175 5592 2497 5641 ertilendum
2537 5598 2803 5641 tnetl'um.
2838 5591 2918 5641 sic
2948 5588 3093 5641 nulla
3127 5604 3198 5641 Vt.
3224 5593 3475 5641 exmente

1909 5592 2139 5668 np'iv‘ad
2175 5592 2497 5660 explendum
2537 5592 2803 5653 metrum,
2838 5592 2918 5645 sic
2948 5592 3093 5642 nulla
3127 5592 3198 5651 vi,
3224 5592 3477 5666 exigente

1913 5667 2090 5722 fabula
2117 5680 2210 5720 seu
2245 5663 2495 5725 historia,
2535 5661 2834 5716 emendavi.
2872 5658 3052 5730 Longe
3076 5658 3242 5730 enim
3268 5655 3475 5730 distans

1915 5737 2146 5797 Perseus
2176 5743 2230 5792 et
2250 5733 2623 5804 Bellerophon,
2655 5731 2958 5802 diversique
2979 5727 3196 5787 illorum
3229 5727 3467 5786 labores,
