3964 6226
480 279 550 339 ‘39
1399 280 1458 340 5.
1501 279 1831 338 ΜΕΤΗΟΒΙΙ
1863 279 2172 340 EPlSCOPl
2210 271 2299 332 ET
2327 272 2691 336 MABTYRIS

3593 263 3699 331 itm

472 397 719 457 Christus
743 415 834 455 rex
856 415 876 455 :
900 398 1082 454 multis
1105 400 1292 470 quippe
1313 400 1478 454 exilio
1517 399 1642 470 fuit.
1674 417 1766 455 nec
1795 399 2010 470 ferendo

2183 393 2442 464 Χριστὸς
2471 393 2624 461 ἄναξ
2648 411 2661 425 ·
2701 391 2969 458 πολλοὺς
3021 392 3132 464 γὰρ
3178 390 3514 470 ἀπώᾀεσετ,
3539 389 3699 470 Δοὐδέ

1665 474 1744 525 uis
1765 482 1876 525 erat

1665 474 1744 525 uis
1765 482 1876 525 erat

473 539 650 607 Quam
682 556 747 595 ea:
777 540 921 611 genis
956 555 1171 595 noxiam
1196 555 1434 609 spumam
1458 471 1760 606 eructifimi;
1886 512 1900 535 ’

439 677 544 734 nisi
577 675 915 749 proﬂigatam
944 675 1196 730 Christus
1214 675 1368 744 prius
1390 671 1736 734 debellasset,
1758 686 2016 741 prorsus-

436 787 544 841 que
592 770 867 825 infirmam
919 777 1082 840 atque
1120 773 1488 836 contemptam
1519 764 1704 832 .nobis
1737 763 2012 820 reddidis-

437 873 542 920 set.

3313 460 3419 532 [τις
3453 462 3622 528 ἔτλη.

2185 537 2424 606 Λοίγιον
2475 536 2543 589 ἐκ
2592 535 2820 606 γενύων
2858 533 3050 603 ἀφρὸν
3093 531 3527 602 ἐρευγομένην·

2121 675 2171 727 εί
2205 671 2281 745 μὴ
2324 673 2588 746 πρότερον
2637 672 2872 736 ἐκλύσας
2915 671 3082 744 αὐτὴν
3123 671 3546 743 κατειργάσατο,
3599 669 3698 722 καὶ

2121 764 2322 836 ἀσθενῆ
2355 766 2450 820 καὶ
2476 765 2952 837 εὐκαταφρόνητον
2977 765 3107 835 ἡμῖν
3147 761 3434 825 παντελῶς
3469 761 3698 832 ἐποίησε

2121 857 2378 930 Χριστός.
2708 851 2721 865 ’

436 981 569 1038 CAP.
597 979 738 1039 XIII.
768 981 963 1038 Bestia:
985 981 1292 1036 diademata
1320 989 1539 1051 septem,
1566 980 1778 1051 victrice
1807 978 2060 1051 castitate
2115 977 2370 1034 tollenda.
2408 979 2670 1034 Draconis
2697 995 2897 1034 cornua
2931 977 3126 1042 decem,
3160 974 3421 1047 Decalogo
3453 974 3699 1044 opposita

1524 1052 1673 1107 vitia.
1707 1049 1836 1104 Fati
1860 1050 2056 1118 opinio,
2089 1051 2292 1103 malum
2323 1051 2635 1106 maximum.

508 1165 689 1234 Quare
721 1167 965 1222 masculo
995 1166 1290 1238 sobrioque
1339 1174 1622 1237 assumpto
1655 1167 1858 1232 animo,
1896 1165 2011 1220 fru-

435 1267 550 1316 stra
584 1258 818 1330 ringenti
847 1259 1037 1313 belluae
1067 1273 1130 1312 ac
1151 1261 1379 1314 tumenti
1403 1274 1554 1313 arma
1586 1259 1862 1329 opponite.
1880 1257 2010 1329 Ejus

436 1351 571 1406 nihil
605 1350 1100 1420 oppugnationibus
1122 1351 1316 1413 cedite,
1350 1359 1510 1405 autve
1535 1351 1661 1405 hinc
1690 1352 2007 1417 turbemini,

436 1443 580 1512 quod
613 1441 962 1496 ferocientem
991 1440 1244 1496 videatis.
1281 1438 1556 1494 Inﬁnitam
1588 1441 1734 1496 enim
1759 1441 2009 1500 referetis

437 1533 687 1604 g'oriam,
724 1533 769 1587 si
801 1533 1026 1586 victoria
1052 1531 1256 1602 potitae,
1282 1547 1420 1603 quas
1449 1540 1625 1604 gestat
1668 1542 1876 1605 septem
1908 1549 2006 1590 co-

438 1639 604 1678 ronas
627 1638 691 1678 ac
719 1623 1051 1687 diademata,
1074 1624 1142 1678 ab
1178 1623 1269 1677 illa
1301 1623 1674 1690 abstuleritis;
1710 1625 1778 1681 de
1807 1626 2006 1696 quibus

437 1715 596 1769 nobis
626 1723 903 1771 certamen
940 1730 1003 1769 ac
1033 1715 1178 1769 lucta
1218 1716 1497 1786 pr0posita
1527 1725 1632 1783 est,
1658 1723 1717 1771 ut
1752 1718 2013 1788 magister

437 1817 623 1864 noster
642 1806 844 1863 Paulus
871 1807 1054 1864 tradit.
1087 1808 1221 1875 Qua:
1248 1810 1394 1864 enim
1415 1810 1686 1866 debellato
1713 1813 1866 1880 prius
1893 1811 2013 1866 dia-

433 1897 580 1961 bolo.
613 1909 817 1970 septem
862 1900 1039 1970 capita
1072 1904 1365 1966 necaverit,
1394 1910 1600 1973 septem
1643 1903 1862 1958 virtutis
1917 1919 2013 1959 co-

435 2007 600 2047 ronas
641 1992 997 2062 adipiscetur,
1033 2001 1237 2063 septem
1287 1993 1498 2064 magnis
1526 1993 1810 2064 perfuncta
1843 1995 2012 2050 casti-

435 2083 564 2138 tatis
585 2084 1005 2139 certaminibus.
1039 2083 1218 2154 Caput
1240 2085 1385 2140 enim
1417 2085 1678 2142 draconis
1707 2095 1792 2142 est
1816 2087 2011 2142 intem-

435 2177 683 2246 perantia
713 2184 766 2232 et
798 2177 994 2242 luxus;
1019 2177 1111 2248 qui
1135 2177 1238 2232 hoc
1265 2186 1430 2249 caput
1460 2179 1814 2251 confregerit,
1845 2181 2013 2237 casti-

434 2269 562 2323 tatis
587 2283 790 2322 corona
814 2270 1120 2324 ornabitur.
1156 2271 1328 2341 Caput
1358 2279 1442 2328 est
1464 2279 1517 2326 et
1549 2271 1784 2342 ignavia,
1824 2271 2014 2326 fracti—

435 2373 542 2429 que
572 2361 741 2414 animi
772 2361 1004 2416 imbellis
1032 2377 1234 2432 pavor;
1277 2364 1372 2431 qui
1421 2363 1525 2418 hoc
1575 2364 1711 2434 pede
1758 2380 2012 2435 premens

435 2450 664 2517 eliserit,
695 2465 952 2506 coronam
977 2451 1188 2508 auferet
1221 2453 1488 2524 martyrii.
1532 2452 1708 2524 Caput
1743 2465 1828 2510 est
1851 2463 1904 2509 et
1928 2455 2013 2509 in-

437 2541 670 2597 fidelitas
702 2550 757 2597 et
787 2545 1041 2609 stultitia,
1066 2554 1120 2600 et
1161 2545 1370 2616 reliqua
1402 2545 1456 2600 id
1485 2562 1658 2618 genus
1688 2549 2014 2618 improbita-

435 2627 507 2690 tis
537 2642 816 2694 monstra:
847 2636 940 2706 qui
965 2651 1028 2690 ea
1065 2635 1361 2693 confecerit
1383 2653 1448 2692 ac
1478 2639 1798 2709 perdiderit,
1829 2641 2010 2710 opima

432 2723 501 2779 de
533 2725 641 2782 illis
671 2727 911 2782 victoria:
942 2730 1165 2797 praemia
1187 2731 1511 2803 reportabit,
1545 2733 1844 2790 multifarie
1877 2751 2010 2791 con-

329 2885 335 2893 .
435 2829 556 2874 tusa
582 2821 824 2888 potentia
862 2821 1140 2878 draconis.
1178 2823 1311 2887 Nam
1337 2833 1390 2880 et
1421 2825 1606 2883 decem
1644 2843 1851 2884 cornua
1885 2845 2013 2885 acu—

434 2910 612 2981 leique
636 2917 757 2982 quae
782 2913 836 2968 in
868 2915 1138 2984 capitibus
1163 2915 1305 2972 ferre
1328 2917 1496 2974 draco
1527 2919 1709 2975 dictus
1748 2928 1854 2986 est,
1877 2937 2009 2976 con-

2187 1165 2306 1231 Διὸ,
2341 1165 2513 1237 θυμὸν
2539 1166 2744 1238 ἄρρενα
2771 1163 3032 1217 λαϐοῦσαι
3061 1161 3156 1214 καὶ
3184 1161 3441 1230 νήφοντα,
3476 1159 3700 1214 ἐναντία

2117 1257 2275 1311 θέσθε
2319 1255 2396 1327 τῷ
2429 1255 2558 1328 θηρὶ
2598 1255 2893 1326 σφριγῶντι
2933 1253 3000 1306 τά
3041 1252 3209 1304 ὅπλα·
3249 1249 3369 1321 μηδ’
3410 1251 3701 1322 ὑποχωρῇ.

2117 1368 2249 1423 σητε
2299 1350 2359 1403 τδ
2391 1349 2609 1403 σύνολον
2633 1389 2647 1410 ,
2693 1350 2777 1417 ἐφ’
2819 1341 2901 1410 οἷς
2947 1345 3272 1417 θρασύνεται
3305 1343 3694 1415 ταραχθεῖσαιο

2121 1442 2312 1514 μυρίον
2342 1441 2452 1512 γὰρ
2475 1439 2624 1506 ἕξετε
2650 1439 2828 1504 κλέος,
2859 1439 2954 1492 ὲάν
2989 1436 3224 1507 ἀφέλητε
3255 1437 3542 1508 νικήσασαι
3567 1437 3698 1500 τοὺς

2114 1537 2199 1589 ἐπ’
2227 1533 2390 1589 αὐτοῦ
2421 1533 2718 1602 στεφάνους
2747 1530 2907 1595 ὲπτά,
2941 1530 3010 1583 δι’
3039 1528 3134 1592 οὒς
3160 1531 3188 1582 6
3217 1526 3365 1597 ἀγὼν
3398 1530 3529 1598 ἡμῖν
3563 1529 3699 1600 πρό-

2114 1645 2291 1682 κειται
2318 1627 2414 1680 καὶ
2444 1629 2478 1699 ἡ
2503 1626 2670 1697 πάλη,
2703 1623 2843 1678 κατά
2869 1623 2962 1676 τὸν
2993 1621 3311 1676 διδάσκαλον
3354 1621 3584 1675 Παῦλον.
3630 1623 3696 1676 Ἦ

2114 1722 2222 1793 γὰρ
2271 1718 2756 1789 καταγωνισαμένη
2809 1715 2900 1770 τοῦ
2947 1714 3193 1770 διαϐόλου
3253 1715 3548 1787 πρότερον,
3599 1715 3698 1769 καὶ

2113 1811 2437 1884 νεκρώσασα
2468 1809 2566 1874 τὰς
2604 1808 2744 1862 me
2781 1807 3045 1878 κεφαλὰς,
3080 1807 3187 1860 τῶν
3234 1806 3373 1860 ἑπτὰ
3413 1808 3696 1875 στεφάνων

2111 1905 2211 1974 τῆς
2262 1904 2466 1975 ἀρετῆς
2516 1901 2788 1974 ἐγκρατὴς
2845 1901 3086 1969 γίνεται,
3146 1899 3416 1971 μεγάλους
3476 1899 3697 1967 ἀγῶνας

2111 1994 2446 2066 διαθλήσασα
2469 1993 2563 2064 τῆς
2599 1985 2842 2061 ἁγνείας.
2873 1992 3098 2062 Κεφαλὴ
3126 1993 3233 2063 γάρ
3266 1991 3360 2044 τοῦ
3403 1991 3697 2065 δράκοντός

2113 2089 2260 2140 ἐστιν
2297 2089 2330 2158 ἡ
2359 2085 2599 2158 ἀκρασία
2637 2086 2732 2139 καὶ
2761 2087 2795 2156 ή
2843 2087 3022 2158 τρυφή
3050 2101 3063 2115 ·
3099 2087 3128 2139 6
3154 2085 3358 2156 ταύτην
3395 2085 3698 2150 συνθλάσας

2113 2179 2386 2234 ἀναδεῖται
2438 2180 2528 2233 τὸν
2573 2172 2836 2249 στέφανον
2890 2179 2992 2250 τῆς
3040 2169 3409 2250 σωφροσύνης.
3463 2179 3693 2250 Κεφαλή

2112 2274 2228 2325 ἐστι
2263 2274 2356 2327 καὶ
2386 2275 2418 2343 ή
2451 2271 2622 2326 δειλία
2656 2273 2750 2326 καῆ
2780 2273 2813 2344 ἡ
2857 2271 3053 2344 θρύψις
3074 2288 3088 2302 ·
3133 2273 3162 2324 6
3196 2269 3400 2343 ταύτην
3443 2271 3697 2343 πατήσας

2110 2365 2201 2418 τὸν
2225 2366 2486 2434 στέφανον
2517 2367 2819 2436 ἀναιρεῖται
2847 2365 2938 2420 τοῦ
2976 2365 3293 2437 μαρτυρίου.
3321 2365 3542 2438 Κέφαλὴ
3573 2366 3698 2419 ἐστι

2111 2458 2206 2510 καὶ
2231 2459 2263 2527 ἡ
2293 2457 2519 2510 ἀπιστία
2551 2457 2700 2528 καὶή
2730 2456 2903 2525 ἄνοια,
2933 2458 3026 2511 καὶ
3047 2456 3115 2510 τὰ
3145 2457 3277 2510 ἄλλα
3303 2457 3559 2521 ὡσαύτως
3592 2457 3696 2528 τῆς

2112 2551 2371 2622 πονηρίας
2417 2549 2893 2622 πλεονεκτήματα·
2930 2551 2958 2602 6
2991 2548 3162 2603 ταῦτα
3213 2549 3698 2621 κατεργασάμενος

2111 2645 2206 2699 καὶ
2235 2641 2438 2697 ἀνελὼν
2465 2642 2566 2706 τάς
2597 2643 2683 2696 ἐπ’
2726 2643 2910 2706 αὐτοῖς
2939 2641 3104 2713 τιμὰς
3139 2641 3494 2714 ἀποφέρεται,
3529 2642 3702 2696 πολυ-

2108 2737 2326 2809 τρόπως
2367 2735 2830 2806 ὲκκεραῖζομὲνης
2870 2733 2966 2787 τοῦ
3013 2734 3304 2806 δράκοντος
3347 2735 3446 2806 τῆς
3486 2735 3692 2806 ἰσχύος.

2110 2829 2221 2884 Καὶ
2244 2828 2352 2901 γὰρ
2391 2827 2484 2881 καὶ
2504 2825 2573 2880 τά
2603 2826 2735 2879 δέκα
2777 2825 2982 2896 κέρατα
3029 2825 3120 2878 καὶ
3156 2825 3380 2897 κέντρα,
3417 2824 3560 2896 άπερ
3598 2823 3699 2880 ἐπὶ

2107 2926 2228 2988 ταῖς
2252 2920 2510 2991 κεφαλαῖς
2537 2919 2732 2991 ἐλέχθη
2761 2918 2967 2990 φέρειν,
2985 2919 3039 2970 αἱ
3061 2917 3192 2972 δέκα
3212 2916 3509 2979 ἀντιθέσεις
3531 2916 3693 2980 εἰσίν,

433 3003 604 3056 traria
626 3004 812 3060 decem
849 3005 1117 3078 Decalogo
1145 3019 1466 3080 argumenta
1497 3019 1645 3076 sunt,
1676 3027 1708 3067 ο
1734 3014 2008 3084 praeclara:

2114 3010 2153 3070 ὧ
2186 3011 2622 3084 καλλιπάρθενοι,
2661 3009 2754 3063 τοῦ
2792 3009 3117 3077 Δεκαλόγου,
3159 3003 3244 3071 αἷς
3280 3007 3695 3079 ἀνακερατίζειν

435 3094 696 3165 virgines,
724 3099 922 3168 quibus
961 3101 1194 3156 arietare
1242 3103 1532 3174 acriusque
1564 3113 1747 3175 petere
1774 3120 1838 3161 ac
1873 3107 2011 3176 deji-

435 3201 560 3242 cere
593 3189 949 3258 plurimorum
1007 3194 1218 3249 animos
1265 3197 1590 3263 consuevit;
1634 3214 1828 3268 nempe
1875 3199 2006 3254 huic

435 3290 704 3351 prmeepto
734 3301 746 3336 :
783 3282 976 3354 Diliges
1013 3285 1295 3340 Dominum
1320 3287 1481 3341 Deum
1517 3300 1663 3342 tuum
1692 3291 1758 3355 ⁸⁸,
1789 3307 1851 3346 ac
1881 3292 2011 3345 reli-

435 3373 558 3442 quis
575 3372 831 3444 deinceps
862 3378 1133 3433 mandatis
1162 3381 1437 3434 contraria
1469 3382 1687 3452 sapiens
1712 3383 1849 3453 ipse,
1867 3384 2012 3439 aliis-

432 3480 542 3534 que
590 3467 881 3523 obtrudere
933 3479 1206 3541 satagens.
1258 3470 1390 3526 Vide
1450 3475 1596 3528 enim
1648 3476 1795 3529 illius
1836 3491 2009 3529 cornu

436 3557 558 3626 igne
583 3574 874 3616 accensum
899 3577 962 3616 ac
996 3566 1417 3630 amarulentum,
1439 3566 1877 3630 fornicationem,
1897 3584 2006 3639 quo

436 3648 862 3720 intemperantes
892 3653 1013 3708 ferit
1045 3675 1057 3709 :
1095 3657 1214 3711 vide
1243 3657 1594 3723 adulterium,
1632 3659 1752 3715 vide
1783 3660 2007 3716 menda-

2115 3107 2270 3161 εἴωθε
2321 3106 2415 3159 καὶ
2463 3102 2675 3173 βάλλειν
2726 3101 2821 3164 τάς
2871 3100 2978 3153 τῶν
3038 3100 3301 3153 πλείστων
3348 3100 3550 3170 ψυχάς·
3584 3102 3691 3168 τῇ,

2129 3197 2510 3270 Ἀγαπήσεις,
2545 3194 2756 3265 ἐντολῇ,
2789 3193 2892 3247 τὸν
2924 3193 3142 3260 Κύριόν
3177 3209 3292 3247 σου
3312 3233 3326 3254 ,
3371 3193 3438 3246 τά
3471 3192 3694 3246 ἐναντία

2118 3291 2326 3365 φρονῶν
2359 3290 2452 3344 καὶ
2493 3288 2926 3357 τεκταινόμενος,
2955 3285 3050 3340 καὶ
3082 3288 3194 3350 τοῖς
3235 3285 3360 3356 ἑξῆς
3400 3285 3696 3358 νομοθετὴ-

2120 3401 2272 3457 μασι.
2325 3382 2420 3436 Ἰδὲ
2449 3381 2558 3452 γάρ
2606 3381 2770 3451 κέρας
2821 3377 2984 3431 αὐτοῦ
3038 3377 3298 3448 διάπυρον
3331 3380 3425 3432 καὶ
3472 3379 3692 3451 πικρὸν,

2115 3476 2213 3548 τὴν
2249 3473 2537 3546 πορνείαν,
2670 3471 2794 3534 τοὺς
2839 3469 3154 3540 ἀκράτορας
3206 3468 3416 3538 βάλλει·
3473 3470 3544 3524 ἰδὲ
3591 3469 3695 3526 τὴν

2110 3571 2379 3643 μοιχείαν,
2409 3567 2485 3620 ἰδὲ
2514 3565 2574 3618 τὸ
2604 3563 2818 3635 ψεῦδος,
2846 3562 2920 3616 ίδὲ
2947 3561 3453 3634 τὴνφιλαργυρίαν,
3490 3563 3563 3615 ἰδὲ
3589 3563 3695 3634 τὴν

2106 3660 2332 3733 κλοπὴν,
2379 3659 2473 3713 καὶ
2503 3657 2573 3710 τὰ
2601 3656 2755 3711 ⁸ἄλλα
2798 3653 3009 3718 τούτοις
3048 3653 3253 3724 ἀδελφά
3292 3654 3386 3708 καὶ
3429 3655 3689 3725 συγγενῆ,

432 3742 602 3806 cium,
636 3743 759 3799 vide
803 3748 1103 3814 avaritiam,
1145 3750 1268 3806 vide
1321 3751 1550 3817 furtum,
1587 3761 1749 3823 atque
1794 3754 2006 3825 reliqua

2114 3756 2277 3809 5πόσα
2347 3748 2766 3823 ὑπερισχύουσιν
2829 3746 2974 3818 ἀμφλ⁵
3033 3749 3156 3810 ταῖς
3201 3745 3459 3815 κεφαλαῖς
3520 3743 3690 3800 αὑτοῦ

433 3831 520 3888 his
547 3849 803 3905 germana
829 3847 883 3892 et
923 3838 1134 3908 afliuia,
1163 3849 1366 3912 quanta
1414 3843 1562 3898 circa
1603 3845 1748 3901 illius
1782 3844 2010 3915 parrici-

2114 3845 2224 3906 ταῖς
2274 3837 2738 3914 ἀνθρωποκτόνοις
2798 3835 3116 3906 πεφυκότα⁶
3174 3834 3242 3899 ἃς
3274 3836 3428 3906 ὑμεῖς
3468 3852 3690 3906 συμμα-

507 3981 552 4014 ⁶¹
591 3980 750 4036 Deut.
783 3997 859 4048 vt,
884 3983 940 4038 5.

435 4138 518 4193 vel
549 4139 684 4202 veri,
711 4139 795 4217 vel
826 4139 966 4195 ﬁcti:
1004 4155 1106 4217 nec
1134 4148 1282 4217 tanta
1329 4141 1582 4217 Methodii
1625 4143 1998 4217 ἀνιστορησία,

437 4218 497 4264 ut
518 4227 636 4283 qua:
659 4211 820 4283 unius
845 4220 974 4265 sunt
1007 4214 1087 4281 (re
1106 4213 1184 4283 sic
1205 4213 1353 4276 trita,
1384 4223 1436 4267 et
1472 4215 1526 4268 in
1550 4217 1746 4283 patria,
1774 4211 2002 4283 cui'ipse

438 4281 653 4355 prwluit
694 4282 1005 4355 cpiscopus)
1058 4282 1350 4355 tribuerit:
1385 4283 1478 4338 sed
1526 4281 1813 4355 antiquarii
1853 4281 1998 4339 istud

440 4352 676 4424 plagiam
702 4350 915 4424 l'uit,ut
943 4350 998 4424 et
1027 4353 1169 4424 quod
1195 4350 1490 4424 Vaticanus
1506 4350 2000 4424 antiquarius,ipse

443 4421 749 4506 ridiculus;
765 4422 1007 4506 subdidit
1020 4421 1052 4485 ,ί
1085 4421 1442 4506 [ἐατέπεφνεξ-
1478 4421 1689 4504 ῌατρδς
1713 4421 2001 4506 τεράτεσσι
2036 4452 2079 4506 D

444 4489 679 4571 πιθήσας
707 4491 938 4571 Χριστὸς
980 4491 1162 4571 eius;
1197 4489 1352 4562 quasi
1386 4489 1636 4571 Christus
1665 4489 1800 4571 vere
1831 4497 2004 4571 ipsius

443 4560 713 4632 chimaera:
739 4560 975 4618 domitor
999 4562 1159 4618 fuerit
1187 4560 1414 4632 eamque
1443 4565 1725 4628 occiderit,
1756 4560 1869 4620 non
1883 4567 2003 4620 dia-

446 4630 628 4706 bolum
675 4638 730 4685 et
761 4633 1078 4706 draconem,
1117 4638 1276 4702 cuius
1305 4630 1392 4689 ille
1418 4644 1544 4706 typo
1569 4637 1882 4690 chimaeram
1914 4652 2004 4691 as-

443 4703 613 4777 sumit
641 4722 654 4758 :
680 4704 780 4777 qui
802 4720 996 4777 sensus
1025 4706 1394 4774 perabsurdus
1423 4703 1526 4777 est,
1559 4723 1668 4777 quo
1696 4706 1860 4761 etiam
1897 4707 2007 4760 hiat

441 4775 638 4845 oratio,
671 4773 978 4830 desiderata
1002 4773 1169 4830 altera
1195 4786 1347 4845 parte
1381 4773 1704 4831 adversante
1731 4795 1742 4830 :
1778 4793 1900 4830 nam
1923 4777 2005 4841 τὸ,

441 4846 542 4920 τὴν
572 4843 830 4920 μὲνῇτὴν
853 4846 907 4900 δέ
927 4848 1162 4917 postulat
1184 4843 1298 4901 sive
1321 4847 1484 4920 etiam
1514 4847 1603 4900 τὸν
1630 4848 1882 4920 δέλφιού
1913 4848 2009 4900 ha-

447 4915 625 4988 buerit
654 4915 834 4971 Allatii
857 4915 1061 4985 codex;
1095 4928 1284 4986 estque
1323 4918 1545 4977 indicio.
1588 4919 1731 4988 quod
1760 4915 2004 4972 'mascu.

446 4986 559 5060 lino
579 5003 774 5056 genere
806 4989 1161 5060 ἐρευγόμενον
1195 4991 1375 5051 habet,
1401 4990 1556 5057 quasi
1588 4986 1874 5044 referendo
1918 4989 2008 5041 τὸν

443 5058 714 5127 δράκοντα
746 5067 800 5113 et
825 5058 1132 5114 diabolum:
1170 5075 1332 5129 quam
1365 5061 1650 5116 lectionem
1678 5061 1858 5114 minus
1884 5076 2010 5129 pro-

449 5129 543 5184 bat
569 5129 746 5182 editor
778 5129 1004 5199 Lupar.,
1054 5146 1153 5200 ego
1185 5131 1356 5198 magis
1401 5131 1592 5199 probo,
1622 5132 1914 5200 malimqne
1942 5131 2008 5184 ad

451 5214 569 5272 eam
602 5201 789 5272 omnia,
813 5203 1084 5272 componi,
1115 5201 1214 5272 etsi
1250 5202 1503 5272 feminine
1529 5202 1656 5256 ferri
1686 5209 2007 5272 potest,qua

449 5269 732 5325 Chimaerae
767 5269 958 5340 figura,
990 5271 1190 5327 Christi
1229 5271 1295 5325 de
1331 5271 1564 5326 dracone
1600 5283 1652 5327 et
1687 5269 1902 5326 diabolo
1920 5269 2010 5325 ’νί-

454 5342 683 5413 ctoriam
715 5342 996 5409 describit,
1031 5343 1122 5413 qui
1167 5342 1238 5396 sit
1268 5344 1498 5412 mystica
1527 5343 1811 5398 Chimaera.
1840 5342 2011 5396 Porro

451 5412 719 5484 Chimaro
775 5428 931 5484 mons
959 5412 1122 5470 est’in
1173 5413 1332 5484 Lycia
1388 5414 1714 5483 ignivomus.
1758 5415 1812 5467 in
1857 5415 2011 5483 cujus

455 5483 737 5554 cacumine
773 5483 954 5540 leones
984 5485 1320 5547 habitarent,
1361 5484 1413 5538 in
1454 5485 1630 5538 medio
1671 5486 1760 5539 ubi
1793 5485 2011 5554 pascuis

459 5552 717 5625 abundat,
741 5569 917 5625 capra-
942 5573 957 5619 ;
991 5556 1046 5609 in
1076 5553 1370 5618 radicibus,
1399 5552 2012 5625 serpentes,queniBel-

459 5622 717 5695 lerophon
766 5623 1113 5695 habitabilem
1163 5626 1456 5680 reddiderit
1481 5622 1507 5690 ξ
1554 5622 1789 5695 hincque
1840 5625 2011 5694 poetis

459 5693 766 5765 edomuisse
788 5693 1109 5750 Chimaeram
1123 5703 1425 5750 monstrum
1447 5711 1542 5765 per
1569 5693 1804 5749 fabulam
1832 5693 2010 5749 dictus

463 5767 552 5823 sit.
588 5764 829 5820 Meminit
855 5766 1016 5820 etiam
1046 5766 1164 5836 ejus
1199 5765 1399 5822 montis
1423 5764 1677 5836 ignivomi
1708 5765 2010 5823 ilcthodius

2111 4144 2252 4212 apud
2281 4141 2645 4213 Epiphaniam
2691 4138 2734 4213 Ι.
2762 4139 2850 4213 De
2892 4138 3293 4213 resurrectione,
3352 4138 3688 4213 plantasque

2110 4208 2255 4284 haud
2292 4208 2480 4284 procul
2514 4214 2583 4284 ab
2608 4211 3145 4284 ebttllientibusejtts
3179 4208 3687 4284 ﬂammistniratur.

2110 4282 2248 4338 Nota
2277 4279 2382 4338 alia
2415 4283 2481 4338 de
2515 4282 2951 4352 BellerOphonte,
2989 4281 3241 4349 datisque
3283 4279 3478 4335 litteris
3499 4286 3558 4334 tit
3585 4296 3689 4335 oc-

2110 4354 2402 4418 cideretur,
2464 4370 2587 4408 cum
2633 4352 2960 4423 impudicam
3004 4353 3286 4405 mulierem
3340 4366 3368 4402 a
3425 4366 3483 4404 se
3522 4367 3688 4420 repu-

2113 4425 2305 4496 lisset;
2358 4439 2464 4496 qua
2503 4435 2684 4479 tamen
2731 4423 3343 4496 molitionesieclarus
3389 4427 3682 4496 evaserit;

2111 4495 2254 4566 haud
2280 4492 2504 4566 proinde
2529 4495 2879 4566 importunus
2906 4494 2991 4548 vel
3016 4493 3222 4566 Christi
3251 4492 3478 4566 figuneL
3492 4493 3575 4546 vel
3617 4495 3688 4547 lio

2109 4565 2190 4618 bri
2224 4561 2542 4635 argumento
2571 4561 2636 4619 de
2663 4565 2971 4635 virginitate
2999 4573 3051 4620 et
3078 4561 3426 4635 castimonia.
3448 4561 3685 4620 Perseus

2111 4637 2245 4690 nihil
2274 4607 2563 4706 Ejusmodi,
2583 4704 2595 4706 4
2616 4637 2731 4705 ipse
2746 4607 2977 4690 1bariaes
3006 4650 3069 4690 ac
3101 4633 3252 4706 Jovis
3305 4641 3494 4706 stupro
3544 4649 3681 4706 conf

2109 4703 2320 4776 ceptus,
2352 4719 2404 4762 et
2429 4708 2518 4777 qui
2550 4703 2854 4777 Medusam,
2873 4721 3034 4777 unam
3065 4722 3130 4762 ex
3160 4705 3522 4775 Gorgonibus,
3557 4703 3678 4759 orci

2109 4774 2491 4848 clypeotectus
2508 4777 2786 4832 occiderit.
2813 4775 2915 4832 Ubi
2941 4774 3094 4832 Jovis
3114 4774 3454 4848 assumptum
3478 4789 3681 4848 nomen

2111 4846 2174 4902 ad
2203 4846 2486 4919 tegendam
2514 4849 2662 4918 proci
2701 4863 3013 4919 personam,
3042 4848 3136 4916 qui
3165 4847 3283 4900 auri
3319 4847 3365 4919 vi
3401 4846 3679 4919 corruptis

2110 4917 2452 4980 custodibus,
2505 4917 2556 4971 in
2600 4917 2782 4973 arcem
2834 4935 2940 4989 qua
2980 4917 3166 4972 Danae
3213 4917 3518 4989 tenebatur,
3573 4917 3681 4971 sibi

2111 4991 2250 5042 viam
2287 4990 2473 5044 fecerit
2497 4986 3195 5059 puellamquecorruperit.
3237 4986 3680 5056 Facessantergo

2112 5059 2462 5130 impudicitia:
2485 5060 2754 5130 exempla,
2792 5077 2858 5115 ne
2878 5077 2984 5114 non
3010 5059 3270 5114 illustrari
3296 5059 3550 5130 splendor
3573 5061 3682 5110 vir-

2115 5128 2358 5200 ginitatis
2386 5128 2890 5201 peroranteThecla
2911 5131 3122 5200 virgine
3149 5144 3448 5199 earumque
3472 5129 3680 5201 princi-

2112 5198 2198 5269 pe,
2231 5198 2497 5266 videatur,
2531 5201 2626 5256 sed
2673 5199 2864 5255 icedari
2904 5221 2916 5257 :
2953 5198 3316 5269 nfaneantque
3361 5198 3486 5270 qua:
3521 5198 3680 5252 forti-

2112 5271 2320 5326 tudinis
2336 5288 2488 5342 azque
2501 5287 2565 5324 ac
2582 5272 2849 5327 castitatis
2865 5273 3076 5327 illustre
3099 5271 3372 5342 specimen
3414 5271 3673 5342 habeant,

2112 5343 2161 5397 ei
2191 5339 2418 5412 prorsus
2458 5342 2692 5413 gemina,
2726 5343 2872 5411 quod
2919 5345 2984 5397 de
3038 5339 3224 5396 divino
3267 5339 3524 5413 .iosepho,
3555 5341 3679 5408 ipso

2113 5411 2312 5468 Christi
2342 5411 2509 5484 figura
2541 5413 2820 5484 prgenobili
2845 5454 2860 5478 ,
2903 5414 3076 5468 sacris
3111 5412 3349 5484 oraculis
3393 5411 3680 5484 olim_:njo-

2113 5484 2284 5538 ditum
2312 5480 2401 5540 est
2430 5502 2444 5539 :
2479 5480 2624 5553 quod
2686 5483 2861 5554 ipsum
2899 5485 3034 5538 forte
3062 5484 3233 5538 (Ξῖ-ιερὶ
3267 5483 3321 5536 in
3351 5495 3450 5536 suo
3503 5480 3678 5535 Belle-

2114 5555 2378 5623 rophonte
2403 5563 2792 5624 reprrcsenlare
2826 5556 3118 5617 voluerint,
3146 5562 3202 5606 ut
3235 5561 3362 5607 sunt
3405 5559 3592 5624 nostra
3622 5560 3678 5606 et

2114 5641 2269 5680 sacra
2303 5623 2728 5695 longe’profanis
2751 5624 3063 5680 Graecorum
3095 5624 3424 5694 antiquiora,
3457 5623 3677 5692 illisque

2117 5697 2443 5765 przeiverunt
2477 5715 2489 5750 :
2519 5711 2624 5765 qua
2663 5696 2729 5750 de
2771 5712 2829 5750 re
2859 5711 2982 5750 cum
3013 5705 3226 5750 veteres
3257 5704 3369 5749 tum
3401 5700 3453 5751 et
3479 5708 3675 5750 recen-

2114 5768 2280 5824 tiores
2304 5769 2604 5824 lueuienter
2635 5774 2956 5825 tractavere.
2987 5765 3276 5823 Contraria.
