3964 6226
473 266 586 323 165

1417 257 1477 316 S.
1514 256 1845 316 Μετιωυιι
1877 252 2188 314 EPISCOPI
2229 247 2316 306 ΕΤ
2355 253 2714 312 MARTYRlS

3602 264 3709 319 ισι

472 379 558 437 ris
582 378 676 443 sit,
703 375 932 434 servatis
961 390 1173 445 semper
1198 373 1391 430 iisdem
1422 375 1663 445 partium
1708 373 2031 439 intervallis,

2138 371 2353 444 ἀνάγκη
2376 412 2394 438 ,
2448 373 2619 442 φασὶ,
2674 373 2810 427 κατά
2859 373 2958 438 τὰς
2997 373 3187 445 ὁμοίας
3248 374 3553 440 διαστάσεις
3599 376 3711 431 τῶν

476 472 713 527 mediam
757 467 988 538 hujusce
1025 482 1204 522 rerum
1239 466 1611 522 universitatis
1631 475 1833 521 terram
1856 465 2043 521 consi-

478 563 612 619 dere
657 575 880 615 necesse
907 567 1013 625 est,
1043 559 1192 613 circa
1220 573 1385 629 quam
1414 558 1533 627 ipso
1564 557 1835 613 seniorem
1878 554 2044 609 verti-

475 656 572 706 tur
596 649 813 704 catum.
869 646 1004 700 Nam
1054 647 1102 702 si
1157 662 1223 702 ex
1262 653 1464 717 puncto
1494 653 1549 701 et
1594 652 1784 701 centro
1827 651 2045 700 constat

452 743 702 816 1sphaerae
730 738 1177 803 circumductus,‘
1207 739 1303 809 qui
1343 739 1530 809 utique
1562 738 1716 794 orbis
1747 752 1871 794 esse
1894 737 2045 794 vide-

449 814 465 895 ί
477 814 572 891 tur
600 840 656 889 et
685 832 958 889 circulus:
983 846 1107 885 cum
1138 829 1253 885 ﬁeri
1284 845 1390 885 non
1414 830 1588 900 possit
1613 838 1672 884 ut
1699 830 1819 886 sine
1840 837 2044 901 puncto

474 926 720 981 circulus
754 923 1120 987 describatur,
1157 936 1258 976 nec
1288 921 1531 978 circulus
1558 936 1681 977 esse
1710 923 1885 993 possit
1915 924 2044 979 abs-

474 1033 583 1089 que
631 1025 856 1088 puncto,
896 1003 1151 1085 quinam‘
1176 1013 1293 1068 ﬁeri
1348 1020 1560 1084 potest,
1596 1013 1771 1079 aiunt,
1814 1021 1876 1067 ut
1932 1029 2042 1069 non

475 1108 732 1163 omnibus
760 1107 910 1177 prior
940 1112 1085 1160 terra
1108 1105 1400 1168 exstiterit,
1425 1104 1655 1175 ejusque
1682 1105 1853 1174 ipsius
1874 1104 2041 1160 chaos

473 1207 532 1254 et
557 1198 923 1270 profundum?
948 1196 1113 1251 Plane
1135 1195 1280 1250 enim
1316 1195 1369 1250 in
1403 1198 1607 1252 erroris
1638 1195 1967 1266 profundum
1988 1204 2043 1252 et

474 1291 646 1347 chaos
675 1290 861 1346 miseri
901 1287 1142 1359 prolapsi
1195 1298 1340 1343 sunt.
1378 1288 1533 1354 Quod
1582 1305 1699 1342 cum
1750 1288 1911 1343 Deum
1949 1305 2040 1342 co-

473 1385 796 1456 gnovissent,
824 1401 929 1438 non
966 1384 1102 1438 sicut
1138 1382 1301 1436 Deum
1333 1383 1780 1453 gloriﬁcauerunt.
1804 1394 1895 1437 aut
1915 1400 2041 1454 gra-

479 1478 585 1531 tias
617 1474 978 1547 egerunt;sed
1017 1483 1337 1528 evanuerunt
1376 1475 1430 1527 in
1475 1475 1875 1545 cogitationibus
1903 1477 2036 1540 suis,

475 1575 529 1620 et
558 1566 895 1620 obscuratum
940 1572 1017 1617 est
1054 1562 1304 1631 insipiens
1352 1579 1442 1615 cor
1477 1579 1657 1616 eorum
1677 1564 1755 1627 “;
1804 1564 1888 1619 vel
1937 1563 2039 1620 hoc

477 1657 719 1712 maxime
747 1657 892 1726 quod
924 1672 1114 1712 eorum
1164 1654 1442 1725 sapientes
1467 1654 1603 1707 nihil
1633 1670 1756 1710 esse
1805 1653 2038 1710 terrenis

2144 465 2325 521 αὐτῶν
2367 466 2537 520 ὄντων
2580 466 2960 539 διαστημάτων
2976 507 2992 530 ,
3026 467 3198 538 μέσην
3239 466 3332 520 τοῦ
3384 469 3585 532 παντὸς
3611 471 3713 541 τὴν

2144 562 2250 631 γῆν
2282 559 2590 630 τυγχάνειν,
2624 561 2752 630 περί
2805 560 2870 631 ἢν
2900 562 2929 612 6
2958 560 3185 631 οὐρανὸς
3216 560 3541 632 περιδίνεται
3574 579 3712 634 προ-

2143 652 2469 724 γενεστέραν
2498 648 2684 706 οὖσαν.
2726 653 2791 704 Εἰ
2820 652 2927 724 γὰρ
2964 654 3029 706 ἐκ
3076 652 3300 723 σημείου
3345 653 3439 706 καὶ
3481 652 3714 724 κέντρου

2145 743 2467 817 περιφέρεια
2500 744 2849 814 συνέστηκεν,
2882 742 2911 796 ὃ
2934 742 2997 814 δὴ
3022 743 3218 807 κύκλος
3240 743 3350 814 (29)
3383 740 3521 797 εἶναι
3562 744 3717 798 δοκεῖ

2146 836 2423 907 (ἀδύνατον
2466 836 2523 890 δὲ
2568 836 2738 907 χωρὶς
2781 836 3004 906 σημείου
3052 836 3451 908 περιγραφῆναι
3487 835 3711 900 κύκλον,

2143 928 2342 983 κύκλον
2385 928 2430 981 δ’
2458 927 2676 981 ἔσεσθαι
2716 926 2974 981 ἀδύνατον
3017 927 3142 980 ἄνευ
3191 926 3463 998 σημείου),
3493 926 3613 991 πῶς
3645 928 3713 982 οὐ

2144 1019 2252 1091 πρὸ
2273 1020 2488 1075 πάντων
2516 1022 2549 1091 ή
2573 1020 2665 1090 γῆ,
2685 1020 2837 1089 φησὶ,
2861 1018 3175 1087 συνέστηκε,
3197 1017 3372 1071 καὶτὸ
3397 1018 3518 1072 κατ’
3541 1017 3715 1091 αὐτὴν

2143 1112 2274 1183 χάος
2299 1110 2393 1165 καὶ
2414 1110 2611 1182 βάθος;
2641 1111 2734 1174 Εἰς
2760 1109 2922 1180 βάθος
2948 1110 3057 1181 γὰρ
3089 1109 3183 1162 καὶ
3214 1108 3344 1179 χάος
3375 1110 3545 1174 ὄντως
3573 1127 3713 1164 κατ-

2142 1201 2446 1272 ωλίσθησαν
2460 1202 2508 1255 οἰ
2522 1201 2752 1272 σχέτλιοι
2764 1200 2989 1271 πλάνης.
3007 1198 3074 1253 Οἳ
3087 1198 3184 1269 (al.
3203 1200 3328 1267 ὅτι),
3341 1201 3588 1270 γνόντες
3604 1201 3717 1255 τὸν

2145 1295 2319 1359 Θεὸν,
2353 1295 2465 1363 οὐχ
2503 1295 2585 1361 ὡς
2618 1292 2766 1348 Θεὸν
2794 1292 3099 1357 ἐδόξασαν
3144 1292 3184 1361 ἢ
3226 1294 3716 1362 εὐχαρίστησαν,

2140 1384 2279 1439 ἀλλ’
2324 1381 2776 1452 ἐματαιώθησαν
2812 1381 2882 1433 ἐν
2932 1378 3058 1446 τοῖς
3114 1379 3558 1449 διαλογισμοῖς,
3610 1379 3714 1434 καὶ

2138 1476 2462 1543 ἐσκοτίσθη
2495 1475 2534 1543 ή
2559 1474 2854 1540 ἀσύνετος
2883 1470 3080 1527 αὐτῶν
3122 1470 3335 1538 καρδία
3350 1488 3365 1501 σ
3413 1472 3509 1525 καὶ
3536 1471 3717 1525 ταῦτα.

2140 1568 2236 1621 καὶ
2277 1567 2386 1621 τῶν
2416 1568 2548 1639 παρ’
2579 1566 2764 1630 αὐτοῖς
2816 1564 3112 1637 εἰρηκότων
3155 1563 3334 1632 σοφῶν
3355 1607 3370 1629 ,
3422 1565 3498 1628 ὼς
3557 1563 3717 1619 οὐδὲν

2154 1658 2462 1730 Ὀλυμπίων
2522 1658 2868 1729 ἐντιμότερον
2931 1654 3161 1727 γηγενὲς
3209 1653 3243 1724 ἢ
3318 1654 3712 1727 πρεσϐύτερον.

474 1746 533 1802 in
550 1747 715 1803 rebus
735 1723 1049 1804 cinlestibus
1072 1723 1312 1802 nobilius
1343 1753 1437 1799 aut
1461 1746 1732 1816 antiquius
1758 1747 2034 1802 dixerunt.

2143 1723 2302 1802 Ὅθεν
2331 1748 2429 1801 οὐκ
2469 1747 2557 1800 ἀεὶ
2593 1723 2791 1810 παῖδες.
2815 1723 3063 1811 ὅντωςγοὶ
3105 1748 3338 1819 Χριστὸν
3362 1723 3713 1816 {mntiri-3;,

472 1836 643 1896 Plane
676 1841 842 1911 igitur
867 1855 978 1895 non
1010 1855 1228 1910 semper
1251 1838 1403 1909 pueri
1443 1838 1534 1905 qui
1571 1838 1851 1894 Christum
1875 1854 2040 1910 agno—

473 1946 627 1997 vere,
655 1931 805 1986 velut
835 1929 1009 1986 Graeci
1038 1930 1133 2001 qui
1179 1928 1378 1984 fabulis
1408 1930 1590 1998 potius
1628 1944 1693 1984 ac
1748 1928 2039 2000 ﬁgmentis,

472 2037 638 2093 quam
674 2020 1002 2079 eruditionis
1040 2029 1160 2077 arte
1193 2021 1300 2076 ulla
1331 2028 1425 2074 aut
1458 2020 1713 2077 facundia
1755 2023 2040 2079 veritatem

475 2112 807 2177 obruentes,
840 2110 1596 2186 humanasquecalamitates
1634 2112 1789 2167 caelis
1832 2112 2043 2169 adscri-

473 2201 687 2269 bentes,
720 2217 821 2258 nec
841 2202 1192 2267 erubescunt,
1208 2202 1336 2257 dum
1358 2209 1519 2257 terrae
1547 2202 1808 2257 ambitum
1832 2218 2043 2273 geome-

472 2295 631 2351 tricis
674 2295 912 2351 inventis
940 2294 1239 2365 ﬁgurisque
1270 2293 1677 2362 describentes,
1700 2294 1897 2350 cmlum
1940 2295 2042 2351 do-

470 2394 621 2453 cent,
664 2389 954 2444 volucrum
985 2387 1406 2457 natatiliumque
1447 2402 1509 2441 ac
1548 2370 1888 2443 terrestrium
1918 2378 2038 2442 ani-

478 2481 706 2535 malium
755 2480 1066 2536 simulacris
1128 2488 1381 2533 ornatum
1432 2494 1589 2542 esse,
1650 2478 2039 2550 stellarumque

470 2572 765 2644 qualitates
793 2575 876 2627 'ex
919 2571 1222 2643 priscorum
1269 2570 1547 2624 hominum
1582 2569 1828 2626 cladibus
1860 2586 1923 2626 ac
1952 2572 2037 2626 iu-

410 2704 421 2717 .
470 2664 731 2720 fortuniis
762 2663 1020 2719 habuisse
1064 2667 1242 2718 ortam
1273 2681 1285 2716 :
1317 2662 1451 2717 adeo
1482 2670 1540 2716 ut
1577 2677 1644 2718 ex
1690 2662 1881 2715 horum
1921 2680 2041 2721 sen-

470 2755 663 2820 tentia,
689 2755 792 2826 ipsi
821 2755 1158 2826 planetarum
1190 2761 1370 2809 motus
1407 2768 1474 2808 ex
1506 2753 1775 2823 ejusmodi
1802 2757 2041 2827 corpori-

471 2844 577 2901 bus
597 2845 888 2916 pendeant.
914 2844 1121 2916 Gyrare
1150 2842 1401 2898 videlicet
1432 2844 1579 2897 circa
1604 2846 1886 2916 signorum
1910 2849 2041 2901 duo-

471 2938 650 2994 decim
690 2943 938 2991 uaturam
961 2935 1147 2991 stellas
1179 2936 1350 2997 aiunt,
1390 2935 1578 3004 rapida
1609 2937 1819 2993 zodiaci
1845 2938 2037 2994 circuli

458 3037 680 3085 tractas
723 3027 1032 3099 vertigine:
1080 3035 1245 3096 atque
1282 3041 1348 3080 ex
1397 3026 1589 3081 harum
1650 3031 2036 3099 temperatione

472 3119 745 3191 provideri
781 3133 903 3189 quae
930 3118 1090 3187 vulgo
1119 3123 1379 3171 eventura
1416 3124 1544 3171 sunt
1577 3134 1590 3170 :
1619 3132 1718 3186 pro
1737 3133 1921 3172 earum
1952 3121 2036 3174 in—
2061 3096 2103 3151 (ἶ

471 3217 557 3266 ter
582 3225 640 3266 se
667 3210 884 3265 diversa
910 3207 1256 3273 cohaerentia,
1289 3207 1505 3277 alioque
1551 3212 1607 3262 et
1651 3208 1760 3263 alio
1806 3209 2035 3281 inﬂuxu,

470 3307 704 3370 ortuque
731 3307 786 3355 et
809 3314 1036 3354 occasu.

540 3391 678 3447 Cum
705 3391 852 3447 enim
880 3391 1081 3446 coelum
1129 3403 1291 3445 omne
1344 3389 1401 3444 in
1431 3388 1619 3445 orbem
1649 3391 2033 3461 conglobatum

469 3482 563 3549 sit,
609 3491 907 3554 centroque
950 3498 1015 3537 ac
1044 3489 1249 3552 puncto
1282 3489 1427 3535 terra
1455 3488 1660 3547 utatur,
1702 3489 1762 3535 ut
1803 3482 1883 3535 illi
1917 3481 2035 3536 exi-

469 3574 718 3638 stimant,
746 3572 893 3643 quod
924 3587 1114 3628 omnes
1142 3570 1299 3627 lineae
1324 3578 1486 3626 rectae
1505 3570 1574 3624 ab
1602 3554 1809 3625 ambitu
1842 3571 1896 3624 in
1924 3582 2030 3626 ter-

469 3679 588 3718 ram
628 3664 955 3730 incidentes,
984 3664 1130 3720 inter
1167 3678 1227 3719 se
1260 3661 1502 3732 aequales
1534 3661 1664 3729 sint,
1698 3663 1767 3716 ab
1797 3663 2033 3717 ambien—

467 3755 617 3811 tibus
652 3756 829 3826 ipsum
878 3758 1101 3814 circulis
1157 3758 1403 3814 dominio
1454 3761 1709 3830 pravalet
1753 3774 2030 3831 :quorum

467 3847 803 3904 meridianus
831 3848 974 3906 inter
995 3851 1260 3907 maximos
1293 3855 1547 3909 emineat.
1591 3853 1673 3909 Ab
1706 3853 1809 3908 hoc
1838 3867 2033 3908 secun-

467 3938 572 3995 dus
603 3940 695 4005 sit,
721 3939 815 4011 qui
850 3948 905 3995 et
954 3940 1069 4011 ipse
1115 3943 1170 3996 in
1219 3952 1403 4013 partes
1445 3946 1681 4016 aequales
1710 3945 2025 4000 universum

465 4041 635 4097 secet,
661 4048 821 4102 quem
852 4032 1189 4087 horizontem
1227 4035 1306 4106 (id
1351 4046 1436 4091 est
1473 4038 1757 4108 ﬁnitorem)
1787 4045 2021 4092 vocant:

470 4123 665 4179 tertius
699 4123 799 4181 hos
821 4125 1178 4190 intersecans,
1202 4126 1618 4196 aequinoctialis.
1650 4127 1879 4184 Istorum
1905 4143 2028 4198 por-

470 4228 534 4269 ro
571 4214 699 4269 hinc
740 4213 864 4271 inde
894 4214 961 4269 ad
1006 4215 1178 4271 latera
1208 4217 1401 4286 trepici
1437 4217 1567 4284 duo,
1600 4220 1824 4274 aestivus
1861 4227 1915 4273 et
1945 4219 2026 4272 hi-

471 4303 706 4371 bernus;
741 4304 828 4360 hic
854 4321 886 4360 a
919 4304 1322 4377 Septentrione,
1342 4308 1433 4363 ille
1461 4309 1531 4363 ah
1563 4308 1785 4366 Austro.
1817 4310 1899 4364 Ad
1923 4310 2024 4364 hos

539 4456 772 4511 “Rom.
802 4475 843 4526 ι,
870 4460 962 4517 21.

2140 1836 2388 1909 καθάπερ
2413 1836 2689 1906 Ἕλληνες,
2719 1836 2793 1899 οἳ,
2823 1835 3012 1907 μύθοις
3043 1836 3239 1907 μᾶλλον
3273 1838 3365 1891 καὶ
3397 1837 3715 1907 πλάσμασιν

2140 1927 2174 2000 ἢ
2210 1928 2371 1999 τέχνῃ
2404 1928 2512 1982 τῶν
2539 1927 2711 1997 λόγων
2741 1927 2839 1999 τὴν
2863 1928 3117 2000 ἀλήθειαν
3144 1929 3440 1999 χώσαντες,
3465 1930 3561 1984 καὶ
3592 1933 3714 1993 τοῖς

2138 2022 2386 2093 οὐρανοῖς
2418 2020 2516 2087 τὰς
2544 2020 2652 2073 τῶν
2696 2019 2997 2092 ἀνθρώπων
3042 2021 3524 2094 προσαρμόσαντες
3569 2039 3715 2094 συμ-

2140 2112 2339 2184 φορὰς,
2397 2112 2548 2165 οὐδὲν
2594 2111 2935 2199 αἰσχύνονται
2968 2114 3410 2186 καταγράφοντες
3457 2114 3557 2187 τὴν
3604 2114 3713 2183 τῆς

2138 2204 2460 2276 οἰκουμένης
2490 2202 2792 2277 περιφορὰν
2817 2208 3207 2276 γεωμετρικοῖς
3246 2205 3559 2278 θεωρήμασι
3609 2207 3712 2259 καὶ

2141 2299 2403 2366 σχήμασι,
2437 2296 2534 2348 καὶ
2569 2296 2662 2348 τὸν
2700 2295 2927 2366 οὐρανὸν
2953 2294 3190 2360 εἰδώλοις
3227 2296 3445 2367 πτηνῶν
3476 2296 3570 2350 καί⁸
3608 2313 3711 2366 νη..

2138 2384 2283 2438 κτῶν
2316 2385 2410 2439 καὶ
2436 2386 2703 2457 χερσαίων
2744 2386 3119 2457 εἰσηγούμενοι
3168 2387 3573 2459 κεκοσμῆσθαι,
3611 2386 3714 2440 καὶ

2140 2475 2238 2539 τὰς
2274 2477 2562 2547 ποιότητας
2606 2477 2715 2530 τῶν
2755 2478 3000 2551 ἀστέρων
3033 2479 3097 2532 ὲκ
3125 2478 3231 2531 τῶν
3281 2475 3407 2550 περί
3431 2477 3556 2542 τοὺς
3603 2479 3709 2549 ἁρ-

2137 2566 2324 2636 χαίους
2368 2566 2683 2636 ἀνθρώπους
2729 2569 3018 2641 συμφορῶν
3056 2568 3515 2634 κατεσκευάσθαι,
3558 2568 3709 2621 ὥστε

2136 2658 2235 2722 τὰς
2261 2659 2367 2712 τῶν
2390 2658 2673 2731 πλανητῶν
2701 2659 2882 2723 αὐτοῖς
2906 2662 3145 2733 κινήσεις
3167 2662 3234 2715 ἐκ
3252 2661 3506 2714 τοιούτων
3533 2662 3695 2733 ἠρτῆ-

2140 2748 2263 2803 σθαι
2298 2752 2595 2822 σ’ωι.ι.σίθιτων⁸
2629 2751 2956 2806 εἰλίσσεσθαι
2989 2754 3094 2824 γὰρ
3137 2754 3266 2825 περὶ
3305 2752 3403 2824 τὴν
3450 2753 3556 2806 τῶν
3601 2753 3712 2806 δὼ-

2137 2842 2262 2898 δεκα
2299 2841 2502 2907 ζωδίων
2535 2841 2694 2910 φύσιν
2728 2842 2862 2910 φασὶ
2917 2843 3045 2907 τοὺς
3076 2845 3333 2917 ἀστέρας,
3380 2844 3708 2914 ἑλκομένους

2137 2930 2230 2983 τοῦ
2273 2928 2535 2994 ζωδιακοῦ
2565 2929 2765 2983 κύκλου
2804 2932 2870 3002 τῇ
2911 2933 3071 3003 φορᾷ,
3099 2932 3176 2996 ὡς
3208 2933 3302 2986 καὶ
3336 2932 3424 2986 διὰ
3458 2935 3733 3005 συγκράτ

2140 3037 2276 3083 σεως
2312 3019 2487 3072 αὐτῶν
2538 3020 2762 3093 ὁρᾶσθαι
2791 3022 2858 3075 τὰ
2901 3023 3265 3077 ἀποϐαίνοντα
3299 3023 3533 3089 πολλοῖς,
3559 3026 3707 3079 κατά

2135 3111 2234 3173 τὰς
2280 3111 2417 3181 πρὸς
2444 3110 2704 3182 ἀλλήλους
2732 3112 2912 3167 αὐτῶν
2965 3115 3257 3184 συναφείας
3295 3132 3355 3168 τε
3397 3115 3490 3169 καὶ
3527 3117 3708 3189 ἀτοορ-

2135 3203 2305 3274 ροίας,
2332 3202 2595 3268 ἀνατολάς
2624 3221 2683 3258 τε
2710 3204 2805 3258 καὶ
2834 3204 3030 3270 δύσεις.

2199 3386 2552 3459 Σφαιροειδὴς
2605 3385 2713 3458 γάρ
2759 3385 3018 3457 ὑπάρχων
3065 3387 3094 3440 6
3140 3388 3249 3450 πᾶς
3285 3387 3514 3459 οὐρανὸς
3534 3431 3551 3452 ,
3605 3391 3707 3442 καὶ

2131 3480 2341 3554 κέντρῳ
2395 3481 2487 3534 καὶ
2528 3480 2738 3551 σημείῳ
2783 3481 2902 3533 κατ’
2943 3481 3139 3544 αὐτοὺς
3174 3484 3241 3551 τῇ
3286 3484 3357 3553 γῇ
3399 3481 3701 3553 χρώμενος,

2131 3572 2218 3626 διὰ
2241 3572 2301 3624 τὸ
2323 3572 2500 3635 πάσας
2538 3571 2644 3624 ἀπὸ
2672 3571 2770 3642 τῆς
2805 3572 3159 3644 περιφερείας
3185 3572 3292 3643 (50)
3331 3572 3429 3637 τὰς
3462 3590 3702 3645 προσπι-

2136 3666 2372 3729 πτούσας
2424 3665 2634 3729 εὐθείας
2678 3665 2770 3718 ἐπὶ
2798 3664 2896 3736 τὴν
2930 3666 3035 3736 γῆν
3073 3668 3193 3730 ἴσας
3232 3667 3490 3739 ἀλλήλαις
3536 3664 3701 3731 εἶναι,

2136 3761 2245 3815 ἀπὸ
2269 3758 2377 3813 τῶν
2414 3757 2774 3829 περιεχόντων
2803 3757 2965 3812 αὐτὸν
3014 3758 3294 3830 διακρατεῖ
3341 3760 3557 3815 κύκλων
3577 3778 3590 3790 ·
3621 3755 3702 3816 ὧν

2140 3850 2340 3922 μείζων
2397 3848 2493 3921 μὲν
2536 3850 2565 3901 6
2618 3848 2982 3920 μεσημερινὸς
3022 3849 3201 3902 δοκεῖ’
3240 3848 3332 3904 καὶ
3375 3850 3621 3924 δεύτερος
3669 3854 3703 3905 6

2132 3944 2211 4006 εἰς
2245 3942 2334 3995 ῐσα
2361 3942 2570 4010 τέμνων
2607 3940 2767 4011 μέρη,
2799 3939 3130 4009 καλούμενος
3161 3942 3357 4013 ὁρίζων
3379 3959 3392 3973 ·
3428 3945 3609 4014 τρίτος
3639 3945 3702 3998 δὲ

2133 4037 2163 4088 6
2199 4035 2419 4096 τούτους
2459 4030 2772 4101 ἐπιδιαιρῶν
2812 4031 3150 4103 ἰσημερινόςθ
3196 4034 3327 4105 παρ’
3369 4034 3602 4107 ἑκάτερα
3641 4035 3702 4088 δὲ

2132 4125 2320 4180 τούτου
2368 4125 2616 4196 τροπικοί
2649 4122 2761 4186 δύο,
2793 4122 3002 4195 θερινὸς
3038 4125 3132 4177 καὶ
3160 4126 3497 4197 χειμερινός⁶
3541 4126 3635 4186 καὶ
3671 4129 3702 4180 ὀ

2136 4217 2232 4288 μὲν
2279 4215 2415 4285 πρὸς
2459 4217 2570 4278 τοῖς
2600 4213 2862 4284 ἁρκτίοις,
2887 4216 2917 4267 6
2956 4213 3013 4267 δὲ
3039 4214 3178 4286 πρὸς
3222 4218 3334 4279 τοῖς
3364 4217 3559 4281 νοτίοις
3603 4216 3704 4287 μὲ-

2134 4324 2193 4378 ρε
2201 4324 2270 4361 σι.
2290 4305 2503 4361 Τούτων
2519 4307 2548 4359 6
2568 4304 2854 4376 λεγόμενος
2868 4303 3031 4372 ἄξων,
3050 4306 3178 4377 περὶ
3203 4306 3261 4360 ὃν
3287 4307 3426 4361 αἵτε
3449 4309 3699 4380 Ἀρκτοι,

467 4576 613 4652 enim
631 4584 784 4652 certe
814 4594 1009 4637 sensus
1036 4578 1292 4652 postulat,
1319 4573 1808 4652 habebatqueVat.
1837 4582 1890 4652 et
1916 4582 2031 4652 red-
2060 4588 2106 4648 ο
2132 4576 2477 4652 συνέστηκεν,
2511 4578 2580 4634 ad
2619 4580 2847 4652 alterum
2874 4579 3016 4652 quod
3050 4595 3174 4635 mox
3203 4577 3698 4652 subsequitur,_i_n-

468 4647 605 4702 didit
631 4646 936 4714 Possinius,
971 4645 1075 4707 etsi
1108 4651 1268 4718 longo
1302 4648 1591 4702 verborum
1625 4645 2023 4718 circumductu,

469 4719 606 4773 nihil
635 4719 755 4789 ipso
784 4723 1112 4777 necessario.
1149 4715 1508 4789 Al'latioivero
1542 4718 1636 4789 qui
1662 4715 1924 4787 γηγενοῦς
1952 4717 2027 4770 Ie-

469 4798 580 4912 ᾗσι,
605 4787 722 4842 ἀντὶ
743 4790 836 4843 τοῦ
856 4791 1105 4862 γηγενές,
1132 4787 1440 4846 contrarius
1468 4787 1689 4841 omnino
1708 4802 1901 4841 sensus
1922 4796 2026 4852 est,

530 4859 623 4912 ihil
643 4870 814 4912 rerum
832 4862 1116 4912 cmlestium
1142 4860 1359 4912 terrenis
1385 4873 1495 4912 este
1522 4859 1799 4912 pretiosius
1818 4866 1907 4909 aut
1930 4873 2026 4910 an-

530 4859 623 4913 ihil
643 4870 814 4914 rerum
832 4859 1116 4915 cwlestium
1142 4860 1359 4914 terrenis
1385 4873 1495 4912 esse
1522 4859 1799 4927 pretiosius
1818 4866 1907 4909 aut
1930 4873 2029 4910 an-

470 4931 700 5001 tiquius;
733 4933 878 5001 quod
913 4932 1097 4986 nescio
1129 4947 1197 4985 an
1231 4931 1325 4984 ulli
1356 4925 1632 5001 sapientia:
1666 4925 1821 5001 laude
1848 4927 2027 5001 aliqua

469 4998 674 5056 Graacis
704 4998 976 5057 celebrato
1011 5001 1068 5055 in
1109 5009 1343 5056 mentem
1386 4999 1614 5060 venerit,
1648 5004 1742 5051 aut
1780 4998 1853 5050 ita
1886 4998 2026 5051 scri-

507 5071 659 5126 serit.
686 5070 846 5127 Certe
872 5089 982 5126 non
1004 5070 1237 5135 Platoni,
1266 5085 1376 5123 non
1402 5068 1675 5123 Aristoteli
1703 5067 1890 5122 aliisve
1916 5067 2029 5137 phi-

490 5141 749 5210 osophis;
781 5158 880 5197 nec
909 5158 1008 5211 par
1049 5140 1283 5203 videtur,
1320 5138 1424 5211 levi
1475 5141 1557 5195 vel
1605 5137 1897 5211 antiquarii
1940 5139 2023 5193 vel

467 5208 826 5283 exsc‘ribentis
856 5208 1031 5283 lapsu,
1068 5219 1161 5283 aut
1191 5211 1350 5265 etiam
1379 5208 1804 5283 fallente_oeu_lo,
1830 5209 1885 5262 in
1913 5216 2023 5283 tam

468 5281 624 5352 devia
647 5278 995 5351 interpretem
1025 5282 1131 5352 agi,
1162 5291 1255 5334 aut
1276 5296 1339 5336 ea
1360 5280 1570 5352 magnis
1587 5279 1838 5352 Patribus
1859 5278 2026 5333 ascri-

469 5348 609 5421 bere
623 5367 743 5421 quae
768 5348 927 5407 nemo
947 5348 1093 5407 sani:
1115 5348 2018 5421 mentissomniaverit.Coueeris.

536 5418 659 5491 (g9;
695 5423 754 5473 Ὃ
787 5421 862 5490 δὴ
895 5424 1135 5490 κύκλος,
1163 5440 1217 5476 κ.
1244 5438 1295 5476 τ.
1322 5420 1371 5475 λ.
1414 5418 1671 5491 Suppleta
1713 5420 1800 5473 hic
1836 5420 2023 5472 mutila

466 5488 790 5544 ex'Leontio
819 5488 874 5547 et
894 5488 1103 5548 Joanne
1129 5492 1321 5547 Rerum
1352 5488 1626 5547 sacrarum
1659 5491 1750 5545 lib.
1788 5506 1841 5543 ιι.
1880 5491 2024 5543 Alla-

466 5559 576 5633 tius
595 5568 648 5633 et
664 5559 947 5633 Possinius
964 5578 1031 5617 ex
1053 5562 1345 5633 cod._Yat.,
1370 5563 1690 5633 περιφέρεια
1707 5559 2020 5633 συνέστηκε,

467 5629 641 5703 καὶτὸ
666 5630 783 5683 κατ’
802 5631 981 5703 αὐτὴν
1006 5632 1156 5702 χάος.
1178 5629 1454 5687 Nimirum
1474 5629 1729 5687 librarius
1756 5630 1903 5683 illius
1929 5645 2022 5703 co-

460 5698 607 5781 ‘dicis
634 5698 959 5771 exscriptor,
996 5698 1184 5775 oculos
1223 5711 1541 5759 convertens
1582 5717 1612 5754 a
1644 5704 1823 5770 priore
1858 5701 2020 5755 verbo

2131 4647 2389 4722 tennedia
2415 4652 2693 4722 prateriit.
2726 4647 2979 4722 Idemque
3007 4652 3197 4705 vitium
3232 4651 3286 4704 in
3316 4647 3558 4722 codicem
3582 4647 3701 4722 Ma-

2128 4718 2469 4791 zarinianum
2518 4721 2802 4791 irrepsisse
2845 4718 3059 4791 videtur
3090 4740 3103 4775 :
3133 4736 3307 4791 neque
3350 4721 3495 4775 enim
3531 4719 3701 4789 hujus

2128 4788 2440 4861 omissionis
2464 4788 2708 4861 meminit
2736 4791 2912 4846 editor
2945 4788 3239 4861 Lupareus'.
3266 4791 3343 4845 In.
3608 4788 3615 4789 7
3728 4851 3732 4855 ,

2162 4863 2165 4867 ’
2200 4858 2311 4928 (50)
2353 4859 2485 4912 Ἀπὸ
2507 4859 2613 4928 τῆς
2634 4858 3043 4931 περιφερείαςῖ
3057 4860 3120 4915 Ει
3138 4863 3225 4916 hic
3252 4860 3590 4930 ineptissime
3611 4878 3702 4915 11'8-

2130 4931 2359 5000 ριφορᾶς
2387 4940 2537 5002 erat,
2556 4932 2797 5001 mihique
2832 4933 3151 4986 mutandum
3174 4932 3406 5002 indulsi:
3435 4932 3701 5002 graviori—

2128 5015 2233 5068 que
2250 5000 2446 5075 mendo
2461 5000 2691 5057 Allatius
2714 5000 2895 5065 πάσας
2922 5002 3019 5067 τὰς
3042 5001 3361 5075 περιφοράς,
3385 5000 3526 5075 ac_si
3552 5019 3704 5073 περι-

2129 5067 2294 5142 (ροραί
2321 5069 2476 5123 linea:
2500 5079 2704 5134 essent,
2731 5087 2851 5141 quae
2874 5075 2954 5127 sic
2980 5067 3139 5127 recta}
3163 5067 3403 5142 aequales
3428 5071 3561 5138 sint,
3588 5067 3700 5135 non

2129 5139 2423 5213 circulares
2455 5142 2555 5209 ipsi
2585 5139 2765 5198 motus
2785 5151 2838 5197 et
2870 5143 3119 5198 lationes.
3158 5139 3245 5196 Εἰ
3264 5158 3329 5197 eo
3359 5142 3526 5213 igitur
3552 5143 3700 5211 quod

2128 5210 2209 5263 sic
2242 5210 2389 5262 circa
2424 5218 2621 5265 terram
2652 5222 2711 5265 ut
2743 5221 2988 5267 centrum
3018 5214 3215 5267 emlum
3250 5210 3413 5267 omne
3441 5210 3698 5274 volvitur.

2127 5278 2285 5354 cujus
2297 5281 2489 5354 ineant
2511 5289 2569 5354 ut
2588 5282 2660 5354 ad
2688 5289 2933 5354 centrum
2953 5285 3187 5354 aequales
3209 5284 3319 5338 sint
3335 5284 3509 5347 lineaa,
3536 5290 3703 5352 atque

2128 5350 2264 5427 adeo
2287 5349 2606 5427 inﬂuentite,
2627 5351 2745 5427 ’ἀπὸ
2771 5353 2884 5427 τῶνΔ
2910 5349 3268 5427 περιεχόντων
3290 5354 3450 5427 αὐτὸν
3470 5349 3702 5427 διακραο

2128 5423 2211 5473 τεῖ
2237 5419 2447 5495 κύκλων
2478 5421 2645 5495 (quod
2672 5423 2850 5492 ipsum
2873 5424 2943 5477 ita
2971 5419 3254 5479 emendavi
3286 5424 3413 5495 ὑπό)
3443 5419 3697 5495 continet,

2130 5492 2456 5564 dominatur,
2481 5492 2772 5564 inﬂuentiis
2794 5495 2944 5564 regit,
2967 5512 2999 5547 a
3020 5495 3232 5548 circulis
3262 5492 3432 5561 ipsum
3462 5493 3703 5547 ambieno

2126 5562 2307 5617 tibus:
2334 5576 2455 5630 quae
2487 5562 2992 5618 mathematicorum
3032 5565 3280 5619 doctrina
3330 5572 3438 5618 tam
3486 5564 3701 5619 erudite

2126 5631 2400 5706 Methodio
2435 5632 2726 5706 explicata,
2775 5648 2937 5706 quam
2989 5637 3189 5693 misere
3218 5634 3483 5690 Vaticano
3525 5635 3704 5690 inter-

2125 5703 2262 5773 preti
2291 5701 2585 5773 discerpta.
2627 5704 2700 5757 In.
2792 5701 2810 5706 “
3591 5742 3595 5747 .
3705 5720 3711 5735 ι
