3964 6226
224 291 252 348 Ι
260 301 334 356 65
1285 303 1664 362 CONVIVIUM
1696 303 1932 381 DECEM
1972 304 2330 364 VIRGINUM.
3092 317 3104 331 '
3359 310 3466 368 166

219 423 251 476 ὃ
296 439 362 475 τε
401 421 657 494 ἀρκτικὸς
690 423 888 490 ἔξωθεν
937 424 1075 495 ἔχων
1131 425 1224 478 τὸν
1266 427 1542 497 τροπικόν.
1592 425 1699 481 Καὶ
1745 444 1778 480 α

1904 429 2138 497 pertinet
2183 429 2276 499 qui
2334 428 2453 482 axis
2500 429 2719 493 dicitur,
2749 428 2897 485 circa
2950 445 3109 501 quem
3142 438 3466 502 torquentur

225 513 332 584 μὲν
369 515 609 585 ’Δρκτοι,
656 517 784 587 περὶ
812 515 978 578 αὐτὰς
1010 516 1367 587 στρεφόμεναι
1399 517 1493 570 καὶ
1516 517 1776 588 βρίθουσα

1902 517 2055 575 Ursae
2085 536 2149 575 ac
2179 521 2419 576 circulus
2455 522 2716 585 arcticus,
2747 529 2901 576 extra
2936 537 3096 593 quem
3137 528 3350 593 positus
3382 531 3467 578 est

218 605 317 658 τὸν
345 606 432 659 διὰ
469 607 577 660 τῶν
609 607 786 662 πόλων
827 607 1010 674 ἄξονα,
1041 609 1141 680 τὴν
1186 609 1281 662 τοῦ
1320 609 1522 673 παντὸς
1553 611 1778 682 ἀπεργά-

1898 612 2161 679 tropicus.
2199 611 2265 664 Et
2309 610 2458 666 Ursa:
2491 611 2709 681 quidem
2766 628 2888 667 sese
2931 622 3122 667 mutuo
3163 630 3297 685 gyro
3342 630 3466 684 per»

220 697 407 761 ζονται
452 699 667 770 κίνησιν
717 700 920 770 κόσμου
944 739 960 765 ,
1022 701 1164 756 κατὰ
1203 701 1300 764 τὰς
1345 700 1589 773 ἀλλήλων
1644 701 1778 766 ἰξύας

1899 710 2064 773 petuo
2098 711 2412 774 sequentes,
2452 705 2612 774 quasi
2663 704 2877 774 pondus
2924 707 3065 760 mole
3109 722 3208 762 sua
3255 716 3462 762 motum

216 787 446 858 ἔχουσαι
481 790 578 854 τὰς
615 791 878 860 κεφαλὰς,
911 793 1008 847 καὶ
1059 794 1315 866 ἄχραντοι
1346 794 1440 849 τοῦ
1484 794 1606 849 καθ’
1647 797 1778 866 ἡμᾶς

1896 795 2016 850 orbi
2075 797 2333 852 universo
2387 796 2727 866 imprimunt,
2782 796 2941 866 cujus
2991 800 3139 853 velut
3195 800 3464 868 gravitate

215 882 499 952 ὁρίζοντος
528 878 705 937 οὖσαι.

1895 888 2044 945 circa
2077 890 2261 959 polum
2291 904 2555 960 axemque
2578 900 2791 946 rotatur
2820 909 2833 945 :
2859 907 3054 962 nempe
3089 893 3279 958 altera,
3305 893 3462 962 juxta

217 978 452 1034 alterius
480 979 595 1046 ilia,
621 981 804 1051 capita
846 980 1111 1038 habentes
1136 999 1152 1050 ;
1188 982 1410 1038 intacta:
1437 996 1592 1054 aeque
1616 982 1788 1038 amba
1816 998 1848 1038 a
1881 984 2209 1054 pervadeute
2231 985 2417 1040 orbem
2441 985 2529 1040 cui
2553 1000 2656 1040 nos
2707 985 3034 1052 insistimus,
3087 985 3295 1042 circulo
3344 985 3464 1040 fini-

217 1081 366 1130 tore.

289 1169 399 1221 Τὸν
426 1169 692 1235 ζωδιακὸν
714 1171 771 1224 δὲ
805 1172 1020 1227 πάντων
1051 1152 1386 1242 ἐφάπτεσθαι
1415 1174 1524 1228 τῶν
1551 1173 1784 1240 κύκλων,

211 1258 379 1330 λοξὴν
421 1263 740 1334 ποιούμενον
788 1266 886 1337 τήν
940 1269 1180 1337 κίνησιν·
1233 1263 1373 1322 εἶναί
1421 1287 1480 1321 τε
1529 1271 1587 1322 ὲν
1641 1268 1788 1339 αὐτῷ

211 1353 430 1416 ζωδίων
459 1356 710 1427 ἀριθμὸν,
741 1359 777 1412 ἃ
807 1359 1049 1414 καλεῖται
1083 1360 1528 1432 δωδεκατημόρια
1562 1360 1786 1425 δώδεκα,

211 1446 330 1499 ἀπὸ
375 1447 548 1517 Κριοῦ
574 1448 670 1519 τὴν
713 1450 888 1522 ἀρχὴν
922 1451 1113 1523 ἔχοντα
1147 1453 1307 1524 μέχρι
1341 1454 1447 1506 τῶν
1487 1455 1725 1524 Ἰχθύων,
1754 1454 1792 1508 ἃ

210 1538 641 1609 κατηστερίσθαι
695 1545 1020 1614 παριστᾶσιν
1073 1545 1356 1615 ὲχεμύθοις
1417 1547 1647 1610 αἰτίαις·
1697 1546 1790 1600 τὸν

215 1619 328 1697 μὲν⁸
350 1630 522 1698 Κριὸν
551 1631 849 1700 φάσκοντες
868 1635 959 1688 τὸν
985 1636 1086 1707 τὴν
1115 1637 1312 1709 Ἕλλην
1340 1633 1600 1710 εἶναιτὴν
1638 1638 1790 1692 Ἀθά-

215 1736 427 1789 μαντος
458 1721 845 1793 διακομίσαντα
873 1729 967 1780 καὶ
993 1726 1198 1799 Φρύξον
1242 1731 1323 1793 εἰς
1362 1729 1591 1794 Σκύθας·
1623 1731 1686 1784 τὸ
1731 1731 1788 1784 δὲ

215 1810 528 1882 Βούκρανον
560 1815 639 1878 εἰς
665 1815 828 1887 τιμὴν
857 1819 999 1882 Διὸς,
1030 1819 1123 1872 τοῦ
1151 1819 1248 1891 τὴν
1274 1820 1542 1892 Εὐρώπην
1571 1822 1786 1894 Ταύρου

208 1902 716 1974 διατεραιώσαντος
747 1911 826 1972 εἰς
853 1909 949 1981 τὴν
980 1913 1232 1984 Κρήτην·
1265 1913 1357 1966 καὶ
1393 1914 1486 1968 τὸν
1517 1915 1786 1986 καλούμε-

211 2012 306 2048 νον
334 1997 396 2049 δὲ
427 1997 689 2063 Γαλαξίαν
718 2000 934 2066 κύκλον,
973 2003 1031 2067 ὃς
1060 2005 1160 2076 τὴν
1191 2005 1366 2076 ἀρχὴν
1410 2006 1518 2059 ἀπὸ
1544 2006 1636 2060 τοῦ
1663 2023 1787 2060 συν-

210 2089 418 2160 δεσμου
465 2091 572 2144 τῶν
625 2093 844 2163 Ἰχθύων
874 2094 966 2147 ἐπὶ
1009 2094 1101 2148 τὸν
1136 2095 1305 2167 Κριὸν
1349 2099 1512 2160 ποιεῖ,
1542 2097 1650 2150 ἀπὸ
1676 2098 1784 2151 τῶν

207 2175 311 2245 τῆς
351 2177 534 2248 Ἥρας
581 2179 769 2248 μαζῶν
812 2181 1068 2252 Ἠρακλεῖ
1100 2183 1436 2253 προχὺθῆναι
1467 2184 1622 2253 λόγος
1661 2185 1782 2250 Διὸς

205 2269 430 2334 ταγαῖς.
468 2270 627 2322 Ὥστε
661 2270 781 2322 κατ’
812 2272 1007 2336 αὐτοὺς
1037 2273 1142 2344 πρὸ
1167 2274 1264 2344 τῆς
1288 2273 1557 2346 Εὐρώπης
1584 2275 1616 2346 ἢ
1642 2276 1782 2346 Φρύ-

207 2357 328 2424 ﬁcu,
373 2359 467 2411 καὶ
515 2363 626 2413 τοῖν
668 2361 1030 2434 Διοσκούροιν,
1061 2365 1154 2416 καὶ
1185 2363 1295 2417 τῶν
1337 2363 1510 2418 ἄλλων
1553 2365 1776 2432 ξωδίων,

205 2446 321 2499 τῶν
359 2447 418 2513 ἐξ
473 2448 788 2518 ἀνθρώπων.
838 2453 932 2504 καὶ
980 2451 1161 2524 θηρῶν
1225 2456 1777 2526 καταστερισθέντων,

205 2540 372 2595 οὗπω
421 2543 634 2611 γένεσις
679 2540 781 2616 ἦν·
826 2546 962 2600 ἀλλὰ
1017 2548 1185 2619 χωρὶς
1240 2549 1504 2617 γενέσεως
1549 2550 1780 2603 ἐϐίωσαν

207 2634 373 2702 ἡμῶν
406 2636 456 2686 οἱ
499 2635 854 2706 παλαιότεροι.
900 2639 1301 2711 Ἐπιχειρητέον
1333 2641 1441 2730 γὰρ
1485 2643 1682 2712 μήπως
1717 2641 1780 2694 τὸ

1959 1171 2078 1226 Jam
2131 1171 2408 1227 zodiacum
2442 1188 2540 1244 per
2565 1187 2756 1229 omnes
2796 1188 2855 1228 se
2881 1174 3160 1244 porrigere
3185 1179 3422 1232 Circulos
3441 1217 3458 1243 ,

1891 1277 2093 1333 eosque
2125 1262 2375 1332 amplexu
2402 1263 2734 1332 contingere,
2758 1263 2978 1332 obliquo
3000 1264 3107 1318 late
3131 1273 3312 1320 meatu
3331 1281 3460 1338 pro.

1893 1355 2172 1409 cedentem
2204 1373 2218 1407 :
2263 1369 2493 1424 esseque
2528 1355 2581 1408 in
2618 1355 2708 1408 illo
2732 1354 3051 1408 animalium
3083 1355 3324 1426 insignes
3348 1357 3460 1412 for-

1893 1460 2034 1511 mas,
2064 1461 2182 1515 quae
2213 1445 2366 1516 signa
2392 1445 2679 1500 duodecim
2724 1452 3006 1510 vocantur,
3043 1446 3110 1500 ab
3152 1447 3332 1502 Ariete
3356 1449 3458 1502 du-

1891 1545 1980 1592 cto
2009 1538 2278 1607 principio
2301 1538 2353 1590 in
2377 1536 2562 1592 Pisces
2594 1537 2896 1592 desinentia
2926 1556 2940 1592 :
2991 1553 3111 1608 qua:
3130 1538 3184 1591 in
3218 1539 3458 1593 siderum

1888 1629 2198 1700 pervenisse
2219 1644 2441 1683 censum
2469 1635 2714 1696 narrant,
2734 1628 2995 1683 fabulosis
3015 1644 3079 1683 ex
3097 1629 3300 1682 causis.
3320 1627 3458 1682 Nam

1886 1720 2124 1776 Arietem
2159 1722 2308 1775 illum
2351 1721 2529 1791 ipsum
2571 1735 2694 1776 esse
2739 1720 2891 1774 aiunt
2923 1720 3014 1789 qui
3053 1719 3240 1775 Hellen
3287 1721 3461 1774 Atha-

1888 1813 2088 1868 mantis
2133 1811 2294 1866 ftliam
2322 1828 2446 1866 cum
2494 1812 2710 1883 Phryxo
2735 1828 2832 1884 per
2861 1812 3017 1867 Ponti
3047 1812 3241 1868 fretum
3273 1820 3458 1868 trans—

1891 1905 2036 1959 vexit
2083 1907 2152 1958 ad
2211 1905 2461 1976 Scythas.
2508 1905 2673 1959 Tauri
2707 1912 2906 1975 caput,
2937 1904 3087 1960 Jovis
3127 1907 3302 1976 gratia
3328 1907 3456 1960 cmli

1891 1996 2097 2052 honore
2144 2011 2209 2051 ac
2254 1999 2488 2052 statione
2535 1997 2794 2051 donatum
2831 2037 2846 2062 ,
2883 1998 3029 2067 quod
3067 1999 3114 2052 is
3159 1999 3250 2051 illa
3282 1998 3456 2052 forma

1887 2084 2139 2159 Europen
2173 2090 2228 2143 in
2258 2088 2475 2143 Cretam
2508 2090 2800 2158 trajecerit.
2825 2088 3082 2144 Lacteum
3110 2105 3328 2159 quoque
3349 2091 3458 2143 cir-

1887 2181 2070 2235 culum
2105 2181 2319 2235 initium
2353 2179 2644 2236 ducentem
2669 2197 2699 2234 a
2723 2181 2867 2236 nodo
2895 2180 3154 2245 Piscium,
3175 2181 3304 2234 hinc
3334 2197 3457 2236 sese

1885 2275 2123 2330 Arietem
2170 2291 2362 2330 versus
2409 2274 2795 2344 porrigentem,
2840 2288 2870 2326 a
2918 2271 3148 2326 Junonis
3195 2271 3456 2326 uberibus

1885 2367 2175 2422 candorem
2231 2367 2432 2420 habere
2476 2371 2800 2428 memorant,
2843 2378 2968 2416 cum
3017 2365 3131 2416 haec
3168 2360 3454 2417 Herculem

1886 2458 2090 2514 lactare
2110 2457 2262 2512 Jovis
2298 2456 2544 2526 imperiis
2577 2455 2767 2509 adacta
2797 2463 2960 2511 esset.
2997 2453 3355 2524 ltaquejuxta
3384 2453 3453 2506 il-

1886 2550 1988 2615 los,
2031 2557 2157 2604 ante
2191 2549 2444 2618 Europen
2469 2557 2524 2603 et
2548 2547 2821 2618 Phryxum
2850 2556 2901 2602 et
2928 2548 3206 2610 Castores,
3239 2547 3456 2616 aliaque

1888 2650 2077 2712 postea
2108 2641 2164 2696 in
2208 2641 2492 2695 zodiacum
2513 2656 2580 2694 ex
2611 2639 2924 2694 hominibus
2951 2645 3045 2691 aut
3089 2637 3276 2693 bestiis
3321 2653 3458 2691 con—

206 2723 407 2793 ψξῦδος
460 2726 790 2799 ἰσχύσωμεν,
833 2728 1018 2801 ὥσπερ
1074 2731 1263 2803 ἰατροὶ,
1307 2719 1618 2805 φαρμάκοις
1667 2734 1776 2788 τῶν

1885 2734 2120 2798 stellata,
2155 2734 2304 2788 nulla
2337 2733 2515 2786 adhuc
2547 2739 2665 2786 erat
2693 2732 2890 2786 natalis
2912 2719 3176 2797 fatalitas;
3230 2737 3285 2785 et
3335 2730 3454 2783 sine
3519 2727 3546 2756 ⁸

203 2814 390 2881 λόγων
418 2817 790 2888 άμὸλύναντες
808 2822 1068 2893 ἰατρικοῖς
1088 2823 1297 2888 σϐέσαι,
1322 2825 1446 2893 τῇδε
1477 2825 1772 2880 σκοποῦσαι

1884 2823 2100 2878 fortuna
2155 2823 2417 2878 nascendi
2455 2822 2706 2876 vixerunt
2740 2821 2900 2892 primi
2944 2820 3018 2874 illi
3054 2819 3228 2874 nostri
3259 2832 3452 2889 proge-

204 2907 307 2978 τήν
338 2907 618 2980 ἀλήθειαν.

1884 2918 2101 2973 nitores.
2130 2917 2326 2984 Quaeso
2355 2917 2522 2981 enim,
2547 2915 2884 2986 argumentis
2912 2921 3204 2974 tentemus,
3247 2908 3293 2965 si
3338 2924 3464 2978 quo

201 3000 377 3054 modo
406 3001 568 3054 liceat
588 3001 921 3057 medicorum
957 3017 1108 3058 more
1137 3003 1447 3060 salubribus
1485 3019 1796 3061 sermonum
1834 3008 2113 3074 remediis,
2162 3007 2432 3063 mendacii
2496 3005 2605 3060 vim
2663 3018 3032 3074 compressam
3067 3002 3450 3070 exstinguere,

199 3095 338 3150 hinc
371 3093 486 3149 fere
511 3095 824 3151 adoriendo.

197 3211 341 3267 Cn.
367 3211 485 3268 XV.
518 3213 837 3282 Argumenta
866 3232 900 3269 a
930 3214 1032 3284 fati
1072 3223 1123 3270 et
1162 3233 1406 3289 geneseos
1435 3218 1684 3340 n’qvitate.
1717 3217 1948 3272 Aureum
1979 3231 2160 3340 gelngs,
2195 3214 2358 3283 prisci
2393 3213 2647 3266 homines.
2675 3211 3001 3280 Argumenta
3032 3207 3285 3261 adversus
3330 3223 3470 3260 θεαί

1444 3299 1462 3340 t
1500 3299 1770 3340 emancos.
1801 3304 1929 3340 sane
1969 3303 2068 3340 δοι
2108 3304 2160 3338 a.

1444 3299 1745 3342 thematicos
1755 3329 1770 3353 ,
1801 3304 1929 3343 sane
1969 3299 2160 3340 souaa.

272 3403 347 3456 Εἰ
373 3405 626 3474 κρεῖσσον
653 3399 720 3475 ἦν
752 3405 810 3457 τὸ
843 3405 947 3459 ὑπὸ
975 3405 1186 3474 γένεσιν
1215 3401 1352 3460 εἶναι
1396 3409 1521 3470 τοὺς
1571 3406 1778 3478 ἀνθρώ-

1955 3405 2011 3459 Si
2042 3403 2237 3459 melius
2271 3409 2406 3467 erat,
2443 3417 2476 3456 ο
2507 3399 2719 3464 miseri,
2747 3399 2899 3454 nasci
2918 3398 3167 3453 homines
3199 3397 3449 3453 subditos

203 3513 368 3560 τους,
416 3491 465 3550 ὧ
513 3498 768 3567 σχέτλιοι,
801 3497 895 3550 τοῦ
945 3499 1020 3569 μὴ
1056 3495 1214 3562 εἶναι,
1243 3500 1310 3554 δι’
1345 3501 1411 3571 ἢν
1450 3501 1630 3554 αἰτίαν
1677 3501 1780 3554 οὐκ

201 3588 461 3652 αὐτόθεν,
513 3588 606 3657 ἀφ’
653 3583 826 3658 οὗπερ
863 3587 964 3656 ἔφυ
1013 3588 1072 3641 τὸ
1114 3589 1268 3657 γένος
1296 3590 1404 3642 τῶν
1455 3590 1776 3662 ἀνθρώπων,

199 3683 429 3750 γένεσις
457 3677 558 3750 ἦν;
588 3680 650 3732 Εἰ
682 3678 740 3731 δὲ
769 3675 859 3750 ἦν,
893 3679 977 3743 τίς
1005 3680 1038 3750 ή
1069 3681 1224 3753 χρεία
1248 3679 1354 3730 τῶν
1377 3674 1637 3743 ὑπόγυιον
1652 3692 1776 3728 κατ-

197 3774 644 3845 απερισθέντων
665 3815 682 3839 ,
733 3771 979 3835 Λέοντος,
1013 3772 1310 3843 Καρκίνου,
1340 3771 1605 3842 Διδύμων,
1629 3759 1778 3844 Παρ-

201 3862 387 3928 θένου,
433 3861 670 3933 Ταύρου,
719 3864 914 3933 Ζυγοῦ,
957 3865 1245 3935 Σκορπίου,
1296 3865 1487 3935 Κριοῦ,
1527 3865 1774 3931 Τοξότου,

209 3953 464 4024 Ἰχθύων,
511 3954 812 4026 Λίγόκερω,
859 3955 1164 4026 ’Υδροχόου,
1217 3957 1486 4029 Περσέως,
1537 3959 1777 4010 Κασσιο-

199 4047 387 4111 ait“,
423 4047 678 4117 Κηφέως,
711 4049 988 4117 Πηγάσου,
1027 4050 1248 4120 ”Υδρου,
1303 4049 1570 4120 Κόρακος,
1625 4051 1778 4121 Κρα-

197 4139 390 4210 τῆρος,
437 4139 642 4209 Δύρας,
695 4141 1012 4211 Δράκοντος,
1065 4143 1159 4194 καὶ
1207 4141 1314 4194 τῶν
1359 4141 1554 4205 ἄλλων,
1590 4141 1646 4208 ἐξ
1697 4135 1774 4195 ὧν

200 4229 519 4300 εἰσηγεῖσθε
550 4230 1067 4301 κατακοσμηθέντας
1109 4232 1234 4295 τοὺς
1269 4231 1495 4296 πολλοὺς
1527 4232 1776 4304 κατειλη-

201 4324 359 4390 φέναι
414 4320 516 4392 τὴν
560 4320 942 4392 μαθηματικὴν
991 4319 1214 4391 ταύτην,
1267 4320 1464 4392 μᾶλλον
1506 4321 1563 4374 δὲ
1609 4339 1777 4376 κατα-

199 4410 513 4482 θεματικὴν
550 4411 888 4481 πρόγνωσιν;
935 4411 1091 4463 Ἤτοι
1119 4405 1212 4463 οὖν
1265 4410 1360 4464 καὶ¹
1408 4411 1630 4463 ἐπὶτῶν
1677 4410 1775 4480 ἔμ-

199 4503 443 4574 προσθεν
477 4501 690 4571 γένεσις
712 4498 800 4573 ἦν,
825 4503 918 4555 καὶ
947 4502 1172 4572 μάταιος
1203 4503 1237 4573 ή
1265 4501 1466 4554 τούτων
1492 4501 1770 4563 σύστασις·

198 4594 230 4665 ἢ
267 4598 377 4649 οὐκ
412 4591 506 4666 ἦν,
540 4595 634 4647 καὶ
682 4595 762 4657 εἰς
806 4595 904 4665 τὴν
956 4593 1241 4666 κρείσσονα
1299 4594 1630 4648 κατάστασιν
1679 4593 1773 4646 καὶ

197 4688 479 4759 διαγωγὴν
513 4690 542 4740 ό
569 4687 700 4752 Θεὸς
723 4689 814 4740 τὸν
849 4687 960 4757 βίον
989 4686 1306 4756 μετέστησε,
1332 4685 1439 4738 τῶν
1469 4683 1773 4756 ἔμπροσθεν

1879 3499 2047 3553 natali
2079 3497 2346 3560 fatalitat‘i,
2366 3510 2530 3565 quam
2555 3493 2622 3547 ab
2653 3493 2743 3546 illa
2771 3492 2994 3557 liberos,
3019 3491 3208 3561 quidni
3239 3493 3308 3546 ab
3328 3492 3449 3562 ipso

1877 3592 2128 3663 protinus
2173 3588 2363 3651 initio,
2403 3601 2528 3641 cum
2568 3585 2804 3656 primum
2847 3584 3093 3637 homines
3120 3597 3241 3638 esse
3272 3598 3449 3652 coepe-

1877 3691 2025 3748 runt,
2077 3680 2275 3735 natalis
2323 3679 2414 3732 illa
2453 3677 2566 3747 jam
2612 3675 2848 3730 fatalitas
2887 3675 3029 3727 fuit?
3066 3673 3222 3739 Quod
3245 3674 3290 3727 si
3333 3674 3447 3741 jam

1876 3781 2028 3836 erat,
2061 3772 2190 3842 quid
2221 3771 2330 3825 illis
2362 3785 2530 3840 opus,
2559 3784 2681 3841 quae
2721 3782 2869 3821 nunc
2903 3779 3095 3819 recens
3127 3763 3267 3816 inter
3299 3772 3446 3816 astra

1878 3864 2081 3921 relata:
2113 3862 2240 3927 Leo,
2260 3862 2489 3924 Cancer,
2511 3859 2749 3926 Gemini,
2771 3857 2957 3928 Virgo,
2991 3855 3226 3916 Taurus,
3260 3853 3443 3919 Libra,

1879 3952 2157 4021 Scorpius,
2186 3952 2363 4013 Aries,
2412 3950 2763 4020 Sagittarius,
2801 3948 3010 4009 Pisces,
3042 3944 3441 4013 Capricornus,

1875 4044 2172 4114 Aquarius,
2216 4043 2448 4098 Perseus
2468 4083 2483 4106 ,
2519 4043 2835 4110 Cassiopca,
2867 4039 3137 4109 Cepheus,
3164 4035 3404 4107 Pegasus
3422 4076 3443 4102 ,

1875 4136 2078 4210 Hydra,
2104 4138 2335 4201 Corvus,
2367 4136 2577 4198 Crater,
2613 4135 2774 4205 Lyra,
2801 4132 3008 4195 Draco,
3057 4141 3111 4185 et
3143 4130 3247 4184 alia
3291 4130 3444 4199 ejus-

1874 4229 2055 4292 modi,
2113 4242 2343 4298 quorum
2375 4225 2852 4282 observationibus
2895 4223 3140 4278 eruditos
3171 4238 3281 4276 non
3309 4238 3446 4292 pau-

1874 4334 1969 4374 cos
1995 4319 2204 4373 docetis
2232 4317 2669 4374 mathematicam
2706 4317 2863 4371 istam
2894 4314 3042 4386 (imo
3082 4313 3262 4382 potius
3294 4323 3446 4368 cata-

1871 4411 2215 4466 thematicam
2244 4410 2486 4480 dirisque
2507 4408 2760 4462 omnibus
2791 4405 3194 4476 devovendam)
3226 4420 3443 4476 pramo-
3470 4469 3472 4471 χ

1873 4504 2074 4559 tionem
2118 4512 2308 4558 nactos
2345 4503 2508 4558 esse?
2552 4501 2661 4555 Aut
2699 4501 2863 4572 igitur
2921 4501 3218 4570 primorum
3277 4499 3440 4554 etiam

1871 4596 2182 4650 mortalium
2226 4610 2341 4650 σενο
2369 4594 2568 4650 natalis
2595 4593 2708 4664 jam
2739 4600 2857 4648 erat
2887 4591 3156 4657 fatalitas;
3186 4590 3441 4661 proinde-

1873 4699 1976 4752 qne
2021 4686 2227 4740 inutilis
2268 4685 2369 4739 fuit
2408 4686 2523 4741 lucc
2555 4685 2872 4739 animalium
2905 4685 2961 4739 in
2987 4687 3155 4740 malos
3181 4685 3389 4738 evectio
3421 4701 3436 4736 :

199 4757 766 4851 χείῳναήβιωσάντων
798 4778 1006 4848 χρόνον.
1055 4775 1213 4829 Ἀλλὰ
1259 4775 1538 4846 κρείττους
1581 4775 1630 4826 οἱ
1664 4791 1768 4826 πα-

1884 4782 1964 4828 ιιιῑ
1987 4790 2116 4830 sane
2143 4791 2251 4830 non
2280 4785 2432 4840 erat,
2467 4763 2665 4846 resque
2723 4775 2868 4831 Deus
2919 4777 3184 4830 humanas
3231 4772 3440 4829 meliori

195 4870 476 4940 λαιότεροι
534 4868 644 4921 τῶν
696 4867 820 4920 νῦν·
871 4868 994 4920 ὅθεν
1046 4868 1141 4922 καὶ
1185 4865 1418 4937 χρυσοῦν
1467 4865 1772 4937 ἐκλήθησαν

196 4963 379 5030 γένος.
405 4961 524 5014 Οὐκ
553 4961 658 5032 ἄρα
684 4962 717 5031 ή
749 4958 982 5028 γένεσις.

1874 4872 2016 4920 statu
2042 4867 2271 4922 subinde
2295 4869 2544 4931 mutavit,
2577 4883 2642 4920 ac
2673 4869 2883 4938 potiore
2919 4869 3309 4940 gubernatione
3337 4870 3439 4922 do-

1876 4959 2059 5024 navit,
2107 4975 2231 5014 cum
2267 4960 2434 5029 prisci
2473 4961 2571 5014 αενί
2611 4960 2860 5016 homines
2891 4962 3339 5017 miserabiliorem
3367 4959 3442 5014 vi-

195 5063 311 5109 tam
359 5053 682 5112 duxissent,
731 5052 896 5122 Atqui
940 5051 1150 5107 felicior
1189 5051 1404 5105 illorum
1449 5049 1580 5116 fuit,
1638 5062 1802 5121 quam
1856 5060 2044 5108 nostra
2088 5060 2347 5123 nepotum
2393 5053 2674 5108 conditio:
2726 5053 2869 5108 unde
2900 5061 2954 5108 et
2993 5067 3218 5107 aureum
3269 5063 3441 5120 genus

195 5152 517 5205 audierunt.
545 5146 664 5203 Non
719 5161 851 5218 ergo
887 5155 970 5203 est
999 5147 1192 5202 natalis
1231 5147 1491 5202 fatalitas.

265 5242 334 5293 Ei
383 5241 415 5293 ὁ
459 5239 630 5310 ἥλιος,
675 5238 1030 5292 καθιππεύων
1075 5238 1204 5301 τοὺς
1251 5237 1482 5300 κύκλους
1519 5237 1628 5309 (51)
1673 5239 1770 5292 καὶ

195 5334 667 5406 ἐπιπορευόμενος
714 5332 951 5403 ἐτησίοις
999 5331 1067 5386 τὰ
1110 5332 1274 5396 mea
1327 5333 1616 5403 περιόδοις,
1668 5332 1768 5397 τὰς

263 5471 384 5542 (51)
411 5468 790 5542 Καθιππεύων-
803 5469 928 5542 τοὺς
943 5469 1194 5542 κύκλους.
1213 5467 1575 5542 Perequitans,
1594 5466 1770 5542 obiens

195 5538 388 5596 zonas.
413 5541 619 5620 Insigni
641 5538 923 5620 Possinius
955 5539 1239 5620 μαθήσεως
1265 5538 1518 5620 ακριϐείᾳ
1538 5579 1552 5602 ,
1603 5538 1771 5620 sinsol

191 5609 602 5681 raperequitans
632 5609 897 5681 circulos,
938 5609 1094 5681 quasi
1131 5609 1321 5681 circuli
1344 5616 1397 5662 et
1418 5624 1604 5681 zona},
1639 5609 1771 5662 illis-

191 5678 304 5750 que
331 5678 580 5752 ascripta:
597 5681 783 5745 stellae,
801 5680 902 5752 soli
925 5679 1163 5752 subsint,
1179 5680 1398 5752 hmcque
1421 5678 1502 5732 sol
1525 5680 1576 5752 in
1601 5693 1769 5748 equo-

190 5748 324 5808 rum
356 5748 561 5809 morem
591 5748 898 5821 inscendat,
925 5750 1264 5820 subindeque
1293 5750 1396 5804 alia
1418 5759 1471 5805 et
1500 5749 1607 5804 alia
1643 5764 1767 5804 mu-

1759 5842 1792 5856 π

1945 5232 2003 5287 Si
2025 5234 2106 5288 sol
2123 5233 2469 5304 perequitans
2487 5233 2742 5299 circulos,
2763 5241 2816 5288 et
2831 5231 3027 5286 annuis
3057 5230 3212 5300 signa
3244 5231 3439 5289 obiens

1873 5324 2111 5396 periodis
2131 5365 2146 5390 ,
2180 5324 2508 5380 mutationes
2534 5324 2712 5389 efﬁcit,
2746 5323 3240 5393 conversionesque
3263 5329 3436 5382 statas

1879 5472 1974 5532 tet,
2009 5464 2088 5519 uti
2132 5465 2242 5520 fere
2271 5478 2549 5527 cursores,
2582 5477 2678 5532 per
2706 5462 2843 5516 alias
2877 5462 3118 5532 aliasque
3150 5460 3436 5516 stationes.

1873 5537 1941 5590 At
1961 5530 2086 5605 quis
2105 5537 2271 5590 solem
2291 5536 2558 5605 planelam
2579 5530 2809 5592 nesciat,
2841 5530 3099 5605 stellifero
3126 5532 3244 5605 orbi
3281 5532 3439 5600 longe

1875 5600 2200 5675 subjectum,
2219 5600 2422 5674 quique
2443 5603 2578 5658 adeo
2597 5619 2704 5656 non
2729 5603 3120 5675 superequitet,
3147 5600 3238 5655 sed
3264 5615 3438 5675 magis

1869 5670 2478 5756 subequitet_circulos,
2511 5670 2914 5756 Ipercurratqne
2951 5671 3168 5756 oblique
3209 5670 3312 5724 sub
3355 5673 3438 5727 eis

1872 5743 2114 5821 gyrando
2139 5747 2351 5819 aliaque
2378 5762 2446 5804 ex
2475 5743 2598 5801 aliis
2627 5745 2783 5817 signa
2816 5743 3076 5817 legendo!
3109 5743 3396 5804 Comensis.
