3964 6226
466 302 566 358 167

1391 298 1450 354 S.
1495 299 1823 356 METHODiI
1865 301 2172 359 EPISCOPI
2219 297 2302 357 ΕΤ
2351 303 2713 360 MABTYRIS

3617 301 3726 356 {63

465 426 770 493 temporum
810 418 1050 486 reducit;
1085 393 1309 490 quinam
1335 434 1464 491 ergo
1485 459 1500 483 ,
1531 395 1624 489 qui
1659 428 1950 490 antequam
1975 423 2051 477 si-

2164 401 2460 494 μεέαϐολάς
2495 422 2748 476 ἀποτελεῖ
2776 424 2869 476 καί¹
2900 423 2998 484 τὰς
3028 420 3233 492 τροπάς
3267 417 3374 470 τῶν
3413 415 3642 487 καιρῶν,
3676 415 3728 469 oi

465 527 570 585 gna
596 513 649 567 in
674 513 813 567 caelo
828 512 1251 575 collocarentur,
1282 511 1460 582 iisque
1485 512 1617 566 illud
1636 523 2045 582 perornaretur,

464 606 810 668 exstiterunt,
854 603 1035 658 vivere
1075 613 1400 674 potuerunt;
1433 621 1558 660 cum
1588 606 1819 660 necdum
1852 615 2046 672 testas,

464 705 784 758 autumnus,
819 695 1014 761 hiems,
1043 712 1139 752 ver
1160 696 1396 752 discreta
1412 704 1618 763 essent,
1644 713 1874 766 quorum
1909 705 2051 752 tem-

465 797 722 862 peratura
755 789 1003 860 corporis
1049 789 1260 844 indoles
1287 797 1519 860 augetur
1543 804 1608 844 ac
1659 790 2050 844 conﬁrmatur?

466 882 628 953 Atqui
646 883 919 944 vixerunt,
944 882 1404 953 longzevioresque
1426 897 1490 936 ac
1516 881 1858 937 robustiores
1883 882 2052 936 dura‘

467 984 619 1039 runt,
651 992 814 1048 quam
841 975 936 1045 qui
987 990 1135 1030 nunc
1182 976 1416 1030 vivimus
1445 995 1458 1030 :
1489 975 1653 1030 simili
1685 976 1894 1030 ratione
1937 983 2050 1029 tum

468 1084 686 1140 quoque
718 1068 828 1123 Deo
863 1077 1107 1139 tempora
1135 1068 1474 1138 disponente.
1508 1067 1626 1122 Non
1654 1068 1820 1138 igitur
1851 1067 2051 1122 caelum

468 1160 802 1232 ejuscemodi
823 1160 1012 1231 ﬁguris
1029 1175 1092 1215 ac
1120 1175 1215 1230 per
1232 1176 1325 1215 eas
1348 1159 1685 1225 occasiones,
1709 1159 1938 1215 subinde
1967 1157 2054 1212 in-

471 1253 814 1308 terstinctum
842 1266 906 1306 ac
939 1251 1209 1306 variatum
1240 1252 1360 1307 fuit.

545 1340 602 1396 Si
635 1342 716 1396 sol
745 1349 799 1397 et
826 1341 955 1394 luna
983 1357 1046 1396 ac
1075 1342 1244 1397 stellae
1265 1342 1383 1396 aliae
1403 1350 1682 1413 astraque,
1700 1341 1765 1397 ad
1791 1342 2054 1412 temporis

471 1433 890 1506 distinguendos
940 1433 1350 1503 servandosque
1379 1449 1634 1488 numeros
1651 1435 1718 1497 ⁶³,
1753 1445 1808 1488 ct
1835 1434 1901 1486 ad
1929 1433 2054 1488 ςαξιί

471 1533 726 1583 ornatum
751 1527 1008 1598 vicesque
1038 1533 1422 1596 tempestatum
1449 1525 1785 1580 inducendas
1813 1525 2052 1587 condita,

472 1617 656 1673 divina
690 1627 840 1683 sunt,
879 1629 932 1674 et
964 1634 1127 1688 quam
1161 1634 1259 1687 pro
1303 1618 1540 1671 humana
1582 1618 1895 1672 conditione
1919 1634 2057 1688 prte-

471 1712 773 1778 stantiora;
804 1711 1114 1767 necessario
1136 1711 1211 1776 lit,
1237 1711 1668 1779 praestantiorem
1695 1711 1806 1765 haec
1837 1726 2054 1788 quoque

470 1804 638 1859 vitam
675 1813 730 1859 et
766 1804 980 1859 beatam
1008 1813 1172 1874 atque
1199 1803 1570 1872 tranquillam,
1596 1805 1860 1873 longeque
1884 1803 2051 1872 justi-
2085 1794 2125 1849 Β

471 1897 561 1952 tia!
576 1912 639 1950 ac
657 1897 873 1950 virtutis
895 1898 1136 1962 dotibus,
1162 1905 1353 1952 nostra
1371 1897 1472 1950 hac
1492 1897 1790 1958 meliorem,
1819 1897 2013 1966 degere
2035 1915 2047 1952 :

472 2003 595 2058 qua:
623 1988 926 2056 composito
958 1987 1212 2056 l'elicique
1247 1995 1400 2040 motu
1436 2003 1494 2042 se
1527 1996 1797 2042 moveant.
1833 1986 1928 2041 Sin
1963 2003 2054 2042 au—

473 2087 583 2133 tem
621 2078 949 2135 mortalibus
991 2078 1229 2134 cladium
1272 2078 1651 2148 malorumque
1697 2080 2051 2134 consiliorum

473 2179 724 2227 auctores
745 2181 894 2234 sunt.
926 2181 1231 2242 vacantque
1253 2171 1610 2242 impudicitiis
1641 2188 1706 2227 ac
1727 2175 1850 2228 vitae
1880 2184 2055 2226 mula-

475 2263 716 2320 tionibus
753 2264 1090 2336 tragicisque
1119 2263 1342 2318 casibus
1385 2263 1728 2333 ingerendis;
1763 2266 1922 2335 plane
1953 2265 2057 2319 mi-

474 2357 792 2414 serabiliore
825 2357 1139 2413 hominibus
1165 2364 1311 2411 sorte
1337 2363 1486 2420 sunt,
1519 2373 1640 2426 quae
1663 2358 1716 2412 in
1742 2366 1944 2413 terram
1971 2356 2054 2412 fa-

477 2447 722 2519 talesque
741 2464 804 2503 ac
832 2447 1071 2505 nefarios
1109 2455 1264 2504 actus
1297 2449 1596 2512 attend-ant,
1627 2464 1726 2502 nec
1756 2449 2052 2518 quidquam

477 2541 672 2597 melius
691 2541 850 2598 nobis
873 2541 1036 2595 vitam
1060 2550 1273 2611 regant,
1296 2539 1737 2612 quandoquidem
1766 2541 1835 2596 ab
1862 2556 2050 2597 eorum

473 2629 694 2687 deﬂuxu
721 2648 786 2688 ac
813 2641 965 2688 motu
996 2639 1186 2688 nostra
1215 2632 1484 2703 dependet
1501 2634 1633 2688 vita.

2156 514 2264 586 πρὸ
2309 513 2404 567 τοῦ
2453 512 2942 584 καταστερισθῆναι
2983 511 3050 564 τά
3085 510 3249 574 ζώδια
3281 507 3582 578 γεγονότες,
3632 509 3730 561 καὶ

2151 605 2494 676 κοσμηθῆναι
2538 603 2747 668 τούτοις
2787 605 2877 657 τὸν
2931 603 3176 676 οὐρανὸν,
3245 601 3361 664 πῶς
3407 601 3727 672 διήρκεσαν,

2153 696 2380 768 μηδέπω
2423 696 2634 767 θέρους,
2690 695 3027 768 μετοπώρου,
3081 693 3366 766 χειμῶνος,
3408 692 3570 764 ἔαρος
3613 692 3734 746 δια-

2150 789 2512 862 κεκριμένων,
2547 789 2612 842 δι’
2636 782 2710 842 ὧν
2742 789 2773 858 ὴ
2811 787 2903 842 τοῦ
2940 787 3186 858 σώματος
3219 784 3440 849 αὒξεται
3476 786 3571 838 καὶ
3598 801 3733 853 συγ-

2152 885 2432 954 κρατεῖται
2467 882 2663 951 φύσιες
2719 881 2840 935 Ἀλλ
2891 879 3209 952 ἐξήρκεσαν,
3244 878 3338 932 καὶ
3367 878 3736 950 πολυχρονιώ-

2152 993 2300 1048 τεροι
2338 977 2595 1045 γεγόνασι
2640 976 2750 1029 καῖ’
2785 971 3200 1046 ῥωμαλεώτεροι
3251 970 3403 1043 παρὰ
3448 972 3574 1034 τοὺς
3607 970 3729 1032 νῦν,

2152 1067 2354 1136 ὁμοίως
2387 1067 2482 1119 καὶ
2509 1066 2630 1120 τότε
2653 1065 3022 1128 διευθύναντος
3048 1064 3171 1126 τοὺς
3200 1063 3424 1130 καιροὺς
3447 1062 3540 1115 τοῦ
3568 1061 3731 1115 Θεοῦ.

2155 1160 2269 1212 υύκ
2301 1159 2409 1229 ἄρα
2438 1161 2502 1213 ἐκ
2530 1158 2787 1214 τοιούτων
2818 1161 2846 1212 ὁ
2879 1157 3102 1228 οὐρανὸς
3131 1154 3478 1210 πεποίκιλται
3513 1155 3734 1226 σχημά-

2153 1268 2281 1304 των.

2225 1346 2288 1398 Εἰ
2331 1346 2360 1398 ὁ
2401 1344 2549 1416 ἥλιος
2590 1345 2684 1399 καλ⁸
2716 1347 2749 1417 ἡ
2787 1345 2979 1416 σελήνη
3015 1342 3110 1398 καὶ
3138 1344 3207 1396 τὰ
3253 1343 3390 1398 ἀλλα
3433 1341 3631 1414 ἄστρα.
3664 1342 3738 1396 τά

2155 1439 2234 1502 εἰς
2257 1437 2533 1510 διορισμὸν
2559 1439 2650 1492 καὶ
2679 1437 2922 1510 φυλακὴν
2951 1435 3201 1509 ἀριθμῶν
3221 1436 3410 1506 χρόνου
3444 1435 3735 1503 γεγονότα,

2156 1531 2249 1585 καὶ
2277 1531 2479 1602 κόσμον
2525 1530 2779 1604 ούρανοῦ,
2813 1531 2904 1584 καὶ
2936 1529 3142 1601 τροπάς
3189 1527 3418 1600 καιρῶν,
3451 1527 3571 1580 θεῖά
3614 1528 3739 1580 ἐστι

2156 1625 2250 1678 καὶ
2282 1625 2514 1696 κρείττω
2546 1625 2652 1679 τῶν
2684 1623 2983 1697 ἀνθρώπων
3003 1665 3018 1687 ,
3064 1623 3276 1692 ἀνάγκη
3307 1623 3400 1676 καὶ
3445 1622 3741 1693 κρείττονα

2161 1717 2274 1789 βίον
2324 1719 2416 1771 καὶ
2458 1718 2727 1789 μακάριον
2768 1717 2910 1772 αύτά
2953 1717 3046 1769 καὶ
3088 1714 3386 1786 εἰρηνικὸν,
3421 1714 3515 1767 καὶ
3550 1712 3739 1784 πολλῷ

2153 1808 2246 1862 τοῦ
2277 1809 2542 1881 ἡμετέρου
2568 1810 2682 1880 βίου
2704 1809 3084 1862 διαλλάττοντα
3104 1805 3416 1876 δικαιοσύνῃ
3440 1806 3534 1859 καὶ
3560 1807 3740 1878 ἀρετῇ

2151 1902 2378 1971 διάγειν,
2411 1903 2702 1974 κινούμενα
2731 1903 2946 1974 κίνησιν
2976 1901 3237 1955 εὔτακτον
3282 1900 3375 1952 καὶ
3405 1898 3702 1968 εὐδαίμονα
3721 1914 3738 1927 ⁸

2155 1997 2202 2048 εἰ
2230 1996 2284 2047 δὲ
2308 1995 2416 2048 τῶν
2448 1994 2658 2066 θνητῶν
2690 1993 2975 2065 συμφορὰς
3005 1993 3096 2046 καὶ
3139 1991 3550 2063 κακοφροσύνας
3598 1988 3744 2043 αύτά

2154 2087 2514 2150 τεκταίνεται,
2559 2087 2653 2140 καὶ
2697 2089 2909 2156 ἐνεργεῖ
2951 2086 3078 2158 περὶ
3112 2086 3209 2148 τὰς
3255 2083 3540 2152 ἀσελγείας
3573 2081 3745 2151 ἀσχοο

2154 2178 2409 2249 λούμενα,
2461 2179 2557 2233 καὶ
2596 2177 2693 2242 τὰς
2739 2177 3039 2250 μεταδολάς
3082 2179 3175 2232 καὶ
3208 2177 3410 2247 τροπὰς
3454 2173 3548 2228 τοῦ
3584 2173 3739 2244 βίου,

2157 2270 2265 2341 ἀρα
2310 2268 2613 2342 ἀθλιώτερα
2643 2269 2751 2322 τῶν
2796 2269 3096 2340 ἀνθρώπων
3142 2269 3309 2332 ἐστὶν,
3358 2269 3436 2330 εἰς
3480 2267 3581 2335 τὴν
3628 2263 3742 2332 γῆν

2163 2361 2447 2432 βλέποντα,
2477 2361 2572 2414 καὶ
2603 2361 2702 2424 τὰς
2734 2361 3032 2431 ἐπικήρους
3054 2360 3149 2413 καὶ
3172 2360 3443 2430 ἀθέσμους
3475 2356 3735 2427 πράξεις,

2161 2453 2257 2506 καὶ
2297 2453 2464 2524 μηδὲν
2509 2455 2753 2524 κρεῖττον
2803 2453 2909 2505 τῶν
2947 2451 3252 2522 ἀνθρώπων·
3297 2449 3566 2518 διάγοντα,
3620 2447 3746 2517 εῐγι

2159 2545 2258 2616 τῆς
2286 2545 2506 2599 ἐκείνων
2535 2545 2833 2618 ἀπορροίας
2860 2545 2954 2599 καὶ
2977 2545 3243 2616 κινήσεως
3280 2544 3308 2597 ὁ
3337 2542 3606 2616 ἡμέτερος
3639 2542 3748 2614 ἧρ-

2157 2654 2316 2709 τηται
2348 2637 2479 2708 βίος.

1209 2747 1342 2803 CAP.
1375 2745 1516 2802 XVI.
1546 2747 1674 2801 Alia
1712 2749 1986 2817 complura
2010 2748 2064 2802 in
2092 2751 2299 2807 eosdem
2333 2753 2733 2808 mathematicos
2763 2755 2982 2808 intorta.

549 2841 686 2898 Cum
713 2841 899 2898 nullus
927 2843 1135 2915 absque
1164 2843 1366 2914 praevio
1394 2843 1714 2914 cupiditatis
1739 2842 1932 2899 atl‘ectu
1962 2858 2056 2899 ac-

475 2942 570 2992 tus
599 2933 725 3001 ﬁat,
756 2950 932 3006 neque
955 2951 1087 2991 vero
1127 2936 1402 3007 cupiditas
1441 2934 1661 2990 aliunde
1690 2936 1761 2990 sit
1791 2951 1954 3006 quam
1987 2936 2057 2990 ab

2231 2850 2296 2903 Εἰ
2323 2851 2472 2904 πᾶσα
2507 2849 2706 2923 πρᾶξις
2734 2849 2905 2920 χωρὶς
2933 2847 3226 2918 ἐπιθυμίας
3256 2848 3318 2902 ού
3353 2848 3581 2917 γίνεται,
3612 2849 3743 2904 οὐδὲ

2164 2942 2269 3014 μὴν
2301 2942 2564 3014 ἐπιθυμία
2605 2943 2770 3015 χωρὶς
2803 2943 3044 3005 ἐνδείας⁹
3091 2941 3335 3004 ἀνενδεὲς
3360 2939 3416 2993 δὲ
3447 2939 3508 2994 τὸ
3535 2939 3694 2993 Θείον
3719 2957 3733 2971 ·

477 3024 814 3096 indigentia;
881 3023 1022 3080 Deus
1073 3033 1254 3081 autem
1278 3026 1396 3095 ipse
1456 3025 1662 3080 nullius
1708 3033 1894 3094 egeat,
1956 3039 2054 3080 nec

2164 3035 2478 3107 ἀνεννόητον
2527 3037 2635 3106 ἀρα
2682 3034 2945 3107 πονηρίας
2968 3051 2982 3064 ’
3035 3035 3130 3087 καί⁵
3181 3035 3228 3088 εἰ
3274 3035 3306 3104 ή
3362 3031 3468 3087 τῶν
3516 3033 3740 3106 ἄστρων

475 3115 703 3188 proinde
728 3116 898 3172 ullius
936 3123 1128 3172 auctor
1152 3126 1246 3171 aut
1275 3117 1620 3172 machinator
1653 3117 1936 3187 pravitatis
1963 3134 2058 3172 ex-

475 3209 671 3276 sistat;
692 3223 927 3278 cumque
950 3224 1145 3265 rursus
1173 3209 1414 3264 siderum
1439 3219 1632 3263 natura
1653 3209 1852 3264 divina:
1881 3209 2058 3266 allinis

476 3301 549 3355 sit
583 3300 774 3370 illique
795 3301 1029 3356 vicinior
1057 3304 1278 3372 (nempe
1309 3301 1746 3372 praestandorum
1776 3302 2056 3356 hominum

475 3394 677 3448 virtute
726 3394 1131 3466 praestantior),
1169 3395 1432 3466 nec.ipsa
1477 3397 1619 3450 mala
1652 3396 1942 3452 molientur
1964 3403 2059 3452 aut

476 3486 663 3556 aliquo
691 3485 1035 3558 indigebunt.

545 3575 833 3643 Praeterea,
863 3593 1024 3634 nemo
1047 3592 1236 3635 eorum
1257 3579 1461 3650 quibus
1484 3589 1662 3635 ratum
1692 3590 1777 3637 est
1803 3581 1972 3637 solem
2003 3591 2060 3638 et

475 3667 661 3724 lunam
699 3677 754 3725 et
795 3670 984 3726 stellas
1005 3670 1222 3725 divinas
1251 3685 1340 3726 res
1373 3685 1516 3735 esse,
1548 3680 1636 3726 eat
1668 3671 1912 3740 profecto
1939 3671 2061 3726 infi-

476 3764 602 3829 tias,
627 3765 813 3834 procul
847 3765 1011 3820 etiam
1041 3780 1072 3819 a
1097 3765 1305 3820 malitia
1330 3764 1446 3819 [nec
1469 3764 1784 3828 abhorrere,
1814 3775 1867 3821 et
1895 3781 1924 3818 a
1958 3775 2063 3821 ter-

476 3873 734 3913 renorum
761 3858 976 3913 actibus
1002 3867 1210 3914 remota
1239 3874 1383 3922 esse,
1417 3859 1472 3913 in
1490 3873 1612 3928 quae
1640 3859 1741 3912 nec
1767 3858 2060 3928 voluptatis

476 3950 712 4016 alTectio,
743 3966 846 4007 nec
869 3951 1076 4010 doloris
1097 3952 1259 4008 cadat
1287 3971 1300 4007 :
1335 3969 1437 4009 nec
1459 3954 1604 4008 enim
1627 3953 1939 4008 cmlestibus
1967 3970 2062 4024 pu-

477 4042 658 4099 denda
688 4043 804 4098 hazc
834 4043 1106 4100 desideria
1135 4053 1459 4116 competunt
1489 4054 1543 4101 et
1577 4047 1929 4102 exsecranda:
1971 4063 2064 4117 ap-

479 4135 788 4208 petitioncs.
817 4135 873 4190 Si
905 4145 1086 4192 autem
1111 4145 1265 4193 extra
1288 4155 1352 4194 ea
1377 4151 1525 4202 sunt,
1553 4155 1652 4194 nec
1675 4141 1784 4195 ulla
1811 4141 2064 4195 laborant

475 4237 739 4301 egestate,
765 4231 894 4301 quid
929 4245 1113 4286 causae
1142 4239 1226 4286 est
1257 4247 1356 4286 cur
1388 4234 1714 4289 mortalibus
1745 4250 1933 4290 eorum
1963 4249 2062 4288 au-

475 4332 661 4379 ctores
698 4325 829 4387 sint,
875 4340 996 4395 quae
1029 4340 1132 4379 nec
1175 4325 1283 4380 illis
1334 4326 1611 4382 arrideant
1640 4337 1694 4383 et
1745 4338 1898 4384 extra
1942 4343 2059 4398 quae

478 4413 657 4484 posita
685 4415 954 4470 nobiliore
984 4415 1168 4471 indole
1193 4426 1450 4486 praestent

550 4502 616 4557 Hi
649 4518 814 4574 porro
837 4505 928 4576 qui
954 4505 1227 4560 hominem
1259 4506 1472 4560 arbitrii
1506 4505 1762 4561 facultate
1784 4523 1892 4562 non
1919 4522 2058 4577 prae-

476 4595 651 4653 ditum
683 4610 805 4653 esse
827 4605 1112 4664 statuunt,
1149 4599 1246 4654 sed
1278 4598 1573 4654 inevitabili
1605 4601 1699 4653 fati
1731 4601 2057 4656 necessitate

474 4691 756 4764 iussisque
790 4708 898 4749 non
929 4695 1154 4766 scriptis
1183 4692 1316 4750 ferri
1342 4694 1537 4764 agique
1565 4694 1858 4747 humanam
1887 4694 2053 4747 vitam

479 4785 746 4848 sentiunt,
781 4784 836 4840 in
860 4785 1036 4856 ipsum
1061 4786 1211 4858 impii
1245 4801 1308 4841 ac
1330 4785 1517 4856 injurii
1536 4794 1663 4841 sunt
1681 4784 1870 4850 Deum,
1890 4801 2054 4856 quem

477 4879 751 4935 malorum
811 4880 1177 4936 humanorum
1233 4887 1512 4936 auctorem
1541 4887 1594 4934 et
1620 4880 1930 4936 ell'ectorem
1971 4879 2054 4934 fa-

475 4971 650 5028 ciunt.
695 4969 754 5027 Si
787 4973 933 5028 enim
963 4973 1206 5030 siderum
1234 4975 1554 5030 universum
1585 4973 1908 5028 circularem
1940 4987 2058 5026 mo-

477 5069 630 5127 tum,
682 5061 826 5118 Deus
868 5063 1018 5134 ipse,
1061 5079 1168 5134 qua
1200 5079 1361 5119 nemo
1391 5062 1659 5134 sapientia
1704 5061 1852 5116 dicat
1879 5070 1973 5116 aut
2002 5062 2052 5114 vi

477 5154 677 5209 mentis
703 5154 990 5226 intelligat,
1028 5152 1303 5209 modulate
1333 5152 1639 5224 dispensat,
1673 5151 1913 5207 universi
1941 5151 2055 5204 cla-

477 5263 602 5302 vum
620 5249 926 5304 rectissime
944 5248 1284 5319 gubernans;
1310 5255 1456 5302 astra
1471 5261 1600 5302 vero
1619 5246 1733 5299 vitii
1757 5251 1920 5317 atque
1943 5243 2055 5299 vir-

474 5340 611 5396 tutis
639 5340 933 5410 qualitates
971 5346 1222 5396 humanm
1250 5339 1376 5394 vita:
1411 5339 1685 5409 ingerunt,
1717 5353 1837 5409 quae
1861 5335 2052 5392 videli-

474 5442 562 5487 cet
595 5433 939 5490 necessitatis
958 5432 1194 5488 vinculis
1222 5431 1470 5486 homines
1499 5431 1553 5484 in
1581 5446 1645 5486 ea
1675 5431 1917 5493 trahant,
1944 5429 2046 5482 uti-

476 5540 583 5595 que
640 5526 909 5580 malorum
959 5535 1238 5582 auctorem
1279 5541 1344 5580 ac
1384 5524 1649 5594 originem
1681 5521 1850 5577 Deum
1882 5521 2045 5576 ascri-

477 5614 644 5680 bunt;
685 5615 929 5669 omnium
981 5623 1163 5672 tamen
1193 5615 1437 5686 judicio,
1470 5615 1674 5668 nullius
1725 5627 1878 5666 noxae
1912 5611 2053 5666 Deus

477 5713 670 5761 auctor
703 5712 808 5760 est.
842 5703 1178 5774 Explodatur
1203 5721 1331 5777 ergo
1361 5703 1542 5758 fatalis
1569 5703 1884 5757 necessitas.

547 5823 592 5854 "
623 5820 815 5882 (3911.1,
850 5817 938 5874 17.

2159 3128 2322 3199 φύσις
2364 3129 2642 3200 ἐγγυτέρω
2684 3127 2940 3181 τέτακται
2969 3125 3124 3189 Θεοῦ,
3163 3124 3423 3197 κρείττων
3460 3120 3596 3177 οὖσα
3633 3124 3739 3193 τῆς

2157 3221 2266 3275 τῶν
2292 3219 2616 3292 κρειττόνων
2633 3217 2932 3291 ἀνθρώπων
2957 3216 3158 3288 ἀρετῆς
3173 3232 3185 3245 ·
3217 3213 3510 3283 ἀνεννόητα
3535 3212 3741 3274 κακίας

2159 3313 2276 3367 ἐστὶ
2301 3314 2394 3368 καὶ
2425 3313 2642 3384 ἀνενδεῆ
2676 3312 2744 3365 τά
2774 3312 2966 3382 ἄστρα.

2231 3581 2342 3636 Καὶ
2373 3578 2568 3641 ἄλλως,
2610 3577 2716 3638 πᾶς
2761 3553 2892 3645 ἡμῖν
2933 3571 3257 3642 ὁμολογήσει
3283 3567 3390 3622 τῶν
3425 3567 3743 3638 πεπεισμέ-

2158 3691 2264 3727 νων
2291 3673 2382 3725 τὺν
2427 3669 2577 3741 ἥλιον
2626 3667 2719 3720 καὶ
2761 3665 2859 3736 τὴν
2905 3663 3132 3735 σελήνην
3186 3662 3279 3715 καὶ
3328 3661 3451 3723 τοὺς
3498 3659 3743 3730 ἀστέρας

2160 3762 2297 3820 εἶναι
2327 3764 2465 3827 θεῖα,
2504 3761 2596 3816 καὶ
2638 3757 2853 3830 μακρὰν
2889 3753 3193 3826 ἀπῳκίσθαι
3228 3753 3442 3816 κακίας,
3487 3752 3582 3804 καὶ
3622 3751 3740 3803 τῶν

2159 3854 2407 3927 γηγενῶν
2453 3850 2704 3924 πράξεων
2748 3848 3073 3902 ἀνεπίδεκτα
3116 3845 3320 3907 πάθους
3365 3843 3561 3916 ἡδονῆς
3608 3843 3744 3896 οντα.

2160 3946 2254 3999 καὶ
2277 3943 2478 4014 λύπης·
2510 3943 2572 3996 ού
2596 3940 2705 4012 γὰρ
2734 3941 3013 4011 προσεῖναι
3040 3939 3151 4000 τοῖς
3181 3933 3450 4007 οὐρανίοις
3481 3932 3746 3996 τοιαύτας

2159 4037 2366 4110 ὀρέξεις
2401 4035 2709 4106 βδελυκτάς.
2755 4033 2818 4085 Εἰ
2849 4030 2906 4084 δὲ
2951 4028 3155 4084 τούτων
3198 4027 3356 4090 ἐκτὸς
3387 4026 3480 4079 καὶ
3511 4023 3742 4097 ἀνενδεῆ

2161 4130 2460 4200 πεφύκασι,
2493 4127 2609 4192 πῶς
2640 4129 2752 4190 τοῖς
2780 4121 3106 4196 ἀνθρώποις,
3147 4120 3182 4175 ἃ
3217 4119 3291 4191 μὴ
3329 4119 3482 4172 αύτοί
3518 4116 3748 4188 βούλον-

2159 4240 2270 4286 ται,
2307 4222 2401 4274 καὶ
2431 4212 2504 4272 ὧν
2531 4217 2688 4280 ἐκτός
2715 4217 2840 4278 εἰσι,
2876 4211 3278 4273 τεκταίνονται;

2233 4490 2296 4543 Οί
2326 4488 2381 4540 δὲ
2415 4485 2721 4557 ὁριζόμενοι
2748 4481 2839 4534 τὸν
2870 4479 3153 4550 ἄνθρωπον
3202 4476 3276 4548 μὴ
3313 4471 3450 4528 εἶναι
3485 4472 3748 4538 αίδτεξούε⁹

2166 4599 2298 4643 σιον,
2337 4576 2450 4632 ἀλλ’
2482 4575 2747 4643 ἀνάγκαις
2788 4570 3051 4642 ἀφύκτοις
3096 4567 3451 4640 Εἱμαρμένης
3490 4565 3748 4633 λέγοντες

2163 4668 2496 4736 οἰακίζεσθαι
2536 4668 2630 4721 καὶ
2673 4663 2941 4736 ἀγράφοις
2979 4660 3416 4733 προστάγμασιν,
3465 4658 3542 4720 εἰς
3575 4654 3748 4710 αὑτὸν

2163 4769 2418 4829 ἀσεϐοῦσι
2457 4766 2547 4820 τὸν
2583 4763 2738 4824 Θεὸν,
2788 4757 3118 4832 παρεκτικὸν
3169 4753 3329 4808 αὐτὸν
3375 4750 3480 4806 τῶν
3528 4747 3747 4820 ἀνθρω-

2159 4863 2333 4918 πίνων
2369 4857 2551 4914 κακῶν
2577 4854 2670 4908 καὶ
2705 4850 2932 4924 ποιητὴν
2959 4847 3360 4920 εἰσηγούμενοι.
3398 4844 3460 4896 Εἰ
3492 4840 3602 4913 γὰρ
3629 4839 3747 4892 τῶν

2164 4957 2407 5028 ἀστέρων
2456 4954 2672 5007 ἀπασαν
2715 4944 2979 5015 κυκλικὴν
3027 4942 3236 5012 κίνησιν
3272 4935 3524 5008 ἐμμελῶς
3576 4933 3745 4997 αὐτὸς

2162 5025 2424 5124 ἀφράστῳ
2463 5044 2624 5115 σοφίᾳ⁵
2675 5043 2770 5095 καὶ
2812 5036 3115 5106 ἀνεννοήτῳ
3153 5032 3349 5094 διέπει,
3394 5025 3746 5124 κατευθύνων

2281 5142 2443 5198 οἴακα
2479 5139 2578 5210 τῆς
2609 5133 2933 5206 οἰκουμένης
2953 5148 2966 5160 ο
3000 5130 3051 5182 οἰ
3092 5128 3149 5181 δὲ
3179 5124 3409 5196 ἀστέρες
3452 5121 3552 5185 τὰς
3584 5121 3740 5174 ποιό-

2160 5256 2327 5311 τητας
2357 5237 2457 5306 τῆς
2492 5233 2689 5295 κακίας
2726 5230 2820 5284 καί
2850 5227 2951 5298 τῆς
2981 5223 3182 5296 ἀρετῆς
3211 5218 3490 5274 ἐκτελοῦσι
3508 5215 3589 5287 τῷ
3611 5215 3740 5311 Situ,

2160 5308 2404 5402 ἀνάγκης
2429 5328 2646 5397 δεσμοῖς
2675 5324 2799 5386 τοὺς
2825 5319 2920 5375 ἀνθ
2931 5317 3142 5391 ρώπους
3165 5315 3412 5376 ἕλκοντες
3435 5313 3514 5374 εἰς
3542 5308 3737 5362 ταῦτα·

2158 5426 2329 5480 αἴτιον
2357 5420 2465 5474 τῶν
2495 5416 2677 5472 κακῶν
2709 5415 2798 5468 τὸν
2837 5412 2969 5466 Θεὸν
3007 5408 3398 5479 ἀποφαίνονται
3429 5407 3524 5459 καὶ
3553 5404 3738 5474 δῦτηψ

2160 5517 2274 5570 ἀλλ’
2309 5513 2548 5575 ἀναίτιος
2584 5511 2714 5564 πᾶσι
2749 5507 2928 5579 πάσης
2977 5501 3181 5576 βλάϐης
3214 5503 3242 5556 ὁ
3279 5498 3431 5562 Θεός.
3477 5497 3592 5551 Οὐκ
3631 5495 3745 5570 ἄρα.

2161 5611 2282 5681 γένε
2293 5624 2395 5670 σις.
