3964 6206
270 323 361 380 169

1327 320 1706 383 CONVIVIUM
1746 316 1977 375 DECEM
2014 314 2373 373 VIRGINUM.

3379 323 3481 379 ΠΟ

331 443 439 505 Ili;
466 441 604 502 ὅστις
627 438 732 493 κᾶν
769 437 943 511 βραχὺ
977 436 1195 500 συνετὸς
1214 437 1536 508 ὁμολογήσει
1558 436 1650 491 τὸν
1678 435 1809 491 Θεὸν

1980 428 2238 500 Quisquis
2260 429 2343 483 vel
2371 428 2597 483 minima
2623 429 2754 484 boni
2776 445 2972 488 sensus
3003 434 3265 503 particula
3297 450 3483 508 asper—

268 534 469 602 ἀγαθὸν,
516 532 740 595 δίκαιον,
792 530 973 599 σοφὸν,
1025 527 1219 599 ἀληθῆ,
1255 528 1546 600 ὠφέλιμον,
1578 527 1818 582 ἀναίτιον

270 626 451 686 κακῶν,
476 624 827 695 ἀσύμπλοκον
848 623 1071 688 πάθους,
1100 625 1195 678 καὶ
1222 625 1327 677 πᾶν
1352 624 1404 677 ετ
1428 640 1481 675 τι
1508 622 1617 692 (52)
1638 620 1815 675 τοιοῦ-

264 735 360 774 τον.
385 719 493 772 Καὶ
520 719 567 770 εἰ
592 718 641 769 οί
669 716 868 769 δίκαιοι
896 715 1180 790 κρείσσους
1208 717 1314 769 εἰσὶ
1334 716 1443 770 τῶν
1476 715 1695 777 ἀδίκων,
1724 716 1817 768 καὶ

262 810 392 864 ἐστιν
416 810 599 872 αὐτοῖς
630 810 664 879 ἡ
700 808 884 862 ἀδικία
912 807 1170 877 βδελυκτή
1193 825 1204 837 ·
1237 808 1417 879 χαίρει
1451 807 1508 860 δὲ
1536 807 1564 860 6
1591 805 1722 868 Θεὸς
1748 806 1813 875 τῇ

260 905 558 977 δικαιοσύνῃ
603 901 810 965 δίκαιος
858 900 966 967 ὢν,
1030 901 1269 973 στυγητὴ
1320 899 1467 970 αὐτῷ
1521 901 1556 969 ὴ
1612 898 1813 962 ἀδικία,
1854 952 1859 955 ν

261 996 484 1051 ἐναντίον
522 992 656 1049 οὖσα
697 996 791 1048 καὶ
835 993 1026 1066 ἐχθρὸν
1069 996 1135 1065 τῇ
1176 991 1486 1063 δικαιοσύνῃ
1511 1009 1523 1021 ·
1564 992 1662 1044 οὐκ
1708 991 1815 1062 ἄρα

258 1088 454 1152 ἀδικίας
480 1087 652 1151 αἴτιος
679 1087 709 1141 6
736 1085 888 1150 Θεός.

314 1353 376 1406 ΕΞ
404 1352 465 1405 τὸ
500 1350 744 1419 ὠφελοῦν
774 1351 989 1413 πάντως
1022 1349 1168 1403 ἐστὶν
1195 1349 1425 1418 ἀγαθόν’·
1458 1348 1729 1419 ὠφέλιμον
1757 1348 1813 1402 δὲ

253 1442 567 1515 σωφροσύνη
612 1443 705 1495 καὶ
750 1441 905 1510 οἴκῳ,
955 1442 1049 1495 καὶ
1094 1440 1192 1511 βίῳ
1234 1442 1327 1495 καὶ
1366 1439 1572 1510 φίλοις·
1613 1440 1814 1508 ἀγαθὸν

252 1537 353 1609 ἄρα
373 1537 521 1591 ἐστὶν
548 1538 580 1607 ή
621 1534 963 1607 σωφροσύνη.
1006 1536 1116 1588 Καὶ
1156 1536 1205 1588 εί
1237 1537 1269 1605 ἡ
1304 1532 1622 1606 σωφροσύνη
1655 1533 1813 1602 φύσει

248 1628 462 1697 ἀγαθὸν,
486 1627 750 1680 ἀκολασία
775 1625 831 1678 δὲ
856 1626 1095 1679 ἐναντίον
1130 1626 1467 1698 σωφροσύνῃ·
1493 1626 1554 1679 τὸ
1581 1627 1639 1679 δὲ
1665 1628 1814 1679 ὲναν-

246 1720 351 1776 τίον
390 1720 468 1792 τῷ
500 1718 688 1790 ἀγαθῷ
730 1719 925 1772 κακόν·
972 1718 1140 1772 κακὸν
1181 1717 1287 1791 ἀρα
1320 1720 1352 1790 ἡ
1386 1718 1667 1773 ἀκολασία.
1703 1719 1813 1772 Καὶ

1920 536 2014 576 sus
2028 530 2132 583 est,
2155 519 2412 575 fatebitur
2429 520 2611 575 statim
2630 519 2839 576 Numen
2853 522 3091 579 divinum
3117 526 3316 582 bonum
3338 545 3481 593 esse,

1910 614 2121 683 justum
2141 652 2156 676 ,
2194 612 2413 681 sapiens
2434 651 2450 677 ,
2479 627 2642 667 verax
2665 652 2680 677 ,
2710 629 2893 669 rerum
2932 616 3254 675 utilitatibus
3284 636 3486 677 consu-

1916 704 2055 767 lens,
2092 704 2513 774 haudquaquam
2546 706 2813 760 malorum
2847 714 3122 763 auctorem
3143 752 3159 777 ,
3188 712 3354 768 nullis
3384 714 3486 768 im-

1916 796 2174 865 plicatum
2206 796 2420 849 vitiosis
2452 796 2769 863 affectibus,
2805 814 2867 853 ac
2898 800 2942 854 si
2968 802 3095 870 quid
3125 803 3242 871 ejus
3271 805 3485 872 generis

1916 897 2019 943 est.
2048 886 2165 942 Jam
2194 889 2240 943 si
2263 888 2461 955 etjusti
2480 891 2732 947 meliores
2756 892 2975 962 injustis
3007 904 3153 961 sunt,
3179 898 3367 968 eisque
3390 915 3488 955 ex-

1915 979 2211 1035 secrationi
2243 979 2513 1049 injustitia
2544 978 2825 1050 ‘habetur;
2861 984 3128 1056 Deusque,
3161 990 3358 1059 quippe
3391 992 3485 1061 qui

1910 1070 2093 1139 justus
2116 1071 2209 1135 sit,
2229 1074 2425 1143 gaudet
2450 1075 2695 1143 justitia;
2726 1078 2885 1147 plane
2912 1079 3234 1146 injustitiam
3264 1100 3483 1141 exosam

1916 1162 2101 1225 habet,
2127 1178 2248 1232 qua:
2275 1162 2502 1231 justitia:
2531 1166 2871 1230 adversetur,
2903 1168 3081 1238 sitque
3112 1169 3190 1224 illi
3222 1171 3440 1227 inimica
3468 1189 3483 1226 :

1916 1269 2026 1308 non
2056 1262 2140 1309 est
2175 1255 2339 1325 igitur
2366 1255 2508 1312 Deus
2536 1267 2727 1311 auctor
2762 1260 3062 1329 injustitiai.

1989 1344 2047 1399 Si
2098 1346 2244 1416 quod
2294 1347 2583 1402 utilitatem
2620 1358 2866 1419 pnestat,
2899 1355 3086 1423 utique
3129 1357 3328 1413 bonum
3359 1370 3482 1418 est:

1913 1447 2326 1515 praistatautem
2350 1443 2578 1498 castitas
2600 1453 2654 1499 et
2675 1444 2859 1500 domui
2885 1454 2937 1502 et
2961 1449 3165 1505 mundo
3182 1460 3235 1505 et
3256 1454 3481 1511 amicis:

1915 1530 2059 1585 bona
2108 1532 2295 1603 utique
2341 1542 2425 1589 est
2462 1538 2708 1592 castitas.
2758 1538 2912 1605 Quod
2936 1540 2983 1595 si
3012 1551 3205 1598 natura
3234 1545 3373 1600 bona
3402 1553 3487 1604 est

1913 1622 2157 1688 castitas,
2177 1625 2414 1680 castitati
2436 1642 2566 1682 vero
2583 1627 2793 1683 luxuria
2808 1632 3082 1686 contraria
3105 1642 3207 1700 est,
3227 1636 3278 1691 id
3304 1608 3485 1694 autem

1913 1721 1999 1770 est
2024 1716 2247 1781 malum,
2277 1717 2422 1786 quod
2452 1718 2596 1773 bono
2626 1722 2957 1776 contrarium
2980 1733 3084 1790 est,
3112 1728 3357 1798 sequitur
3372 1745 3490 1784 ma-

245 1814 289 1866 εί
322 1815 356 1878 ἡ
385 1810 655 1866 ἀκολασία
694 1810 855 1881 φύσει
897 1808 1084 1871 κακὸν,
1115 1808 1254 1862 κατά
1280 1807 1574 1863 ἀκολασίαν
1605 1807 1662 1862 δὲ
1699 1826 1813 1879 μοι-

1918 1805 2024 1861 lam
2044 1822 2167 1864 esse
2190 1809 2479 1864 luxuriam.
2499 1809 2654 1876 Quod
2682 1812 2726 1866 si
2757 1813 2971 1869 luxuria
2991 1827 3185 1871 natura
3208 1821 3348 1874 mala
3370 1828 3486 1889 est;

243 1907 378 1978 χεῖαι
442 1905 685 1971 γίνονται
728 1902 822 1957 καὶ
874 1902 1071 1955 κλοπαὶ
1114 1899 1207 1956 καὶ
1255 1900 1416 1974 ὀργαὶ
1474 1901 1568 1955 καὶ
1624 1901 1806 1970 φόνοι·

243 1997 394 2067 φύσει
423 1997 536 2067 ἄρα
566 1994 734 2048 κακόν
759 1996 905 2047 ἐστιν
930 1995 957 2047 6
990 1992 1286 2056 ἀκόλαστος
1315 1991 1447 2061 βίος.
1479 1990 1553 2044 Τὸ
1581 1991 1636 2044 δὲ
1658 1991 1811 2045 Θεῖον

241 2089 422 2143 κακῶν
450 2087 807 2159 ἀσύμπλοκον
837 2085 1098 2155 πέφυκεν.
1135 2084 1247 2137 Οὐκ
1272 2082 1381 2155 ἄρα
1412 2083 1624 2152 γένεσις

303 2269 369 2321 ΕΞ
402 2270 450 2321 οῖ
487 2266 767 2339 σώφρονες
798 2266 1041 2337 βελτίους
1079 2266 1185 2318 εἰσὶ
1229 2264 1657 2338 τῶν-ἀκρατῶν,
1718 2267 1809 2319 καὶ

236 2359 380 2414 ἔστιν
423 2361 611 2422 αὐτοῖς
643 2360 676 2429 ἡ
716 2359 955 2429 ἀκρασία
983 2357 1242 2428 βδελυκτή
1263 2375 1275 2387 ο
1317 2356 1496 2429 χαίρει
1522 2357 1579 2433 δὲ
1620 2357 1648 2409 ὁ
1679 2358 1811 2422 Θεὸς

232 2456 299 2525 τῇ
329 2451 676 2525 σωφροσύνῃ,
708 2450 895 2504 παθῶν
928 2450 1243 2522 ἀνεννόητος
1282 2448 1355 2502 ῶν
1374 2466 1389 2480 ο
1434 2448 1675 2521 στυγητὴ
1700 2449 1811 2522 ἄρα

234 2547 328 2601 καὶ
350 2545 427 2617 τῷ
452 2543 575 2616 Θεῷ
603 2547 637 2615 ἡ
676 2544 938 2615 ἀκρασία.
972 2544 1101 2597 Ὀτι
1127 2544 1185 2597 δὲ
1216 2545 1249 2616 ἡ
1285 2525 1429 2599 κατὰ
1455 2539 1811 2613 σωφροσύνην

233 2635 458 2708 πρᾶξις,
494 2633 668 2707 ἀρετὴ
708 2631 863 2701 οὖσα,
893 2634 1157 2706 κρείττων
1194 2635 1310 2688 ἐστὶ
1340 2634 1439 2704 τῆς
1468 2630 1610 2686 κατά
1641 2632 1811 2702 ἀκρα-

234 2727 373 2791 σίαν,
404 2724 609 2788 κακίας
639 2723 827 2795 ούσης,
866 2723 1058 2795 μαθεῖν
1087 2723 1234 2776 ἐστιν
1258 2722 1365 2776 ἀπὸ
1399 2720 1678 2793 βασιλέων,
1703 2720 1811 2775 ἀπὸ

234 2818 534 2890 ἀρχόντων,
569 2816 682 2869 ἀπὸ
725 2815 1063 2887 στρατηγῶν,
1101 2815 1208 2869 ἀπὸ
1246 2813 1539 2884 γυναικῶν,
1573 2812 1682 2867 ἀπὸ
1720 2812 1809 2865 τέ-

236 2926 398 2973 κνων,
424 2910 537 2963 ἀπὸ
557 2908 811 2972 πολιτῶν,
844 2908 951 2961 ἀπὸ
973 2907 1268 2974 δεσποτῶν,
1298 2907 1405 2962 ἀπὸ
1430 2905 1674 2971 οἰκετῶν,
1702 2905 1810 2959 ἀπὸ

239 3001 623 3071 παιδαγωγῶν,
652 3000 759 3055 ἀπὸ
793 3000 1126 3055 διδασκάλων
1149 3018 1162 3031 ο
1212 3000 1441 3064 ἕκαστος
1466 2999 1574 3072 γὰρ
1603 2998 1808 3053 τούτων

240 3095 337 3148 xal.
356 3094 529 3165 ἑαυτῷ
550 3095 647 3148 καὶ
672 3093 750 3165 τῷ
776 3091 937 3164 κοινῷ
964 3092 1236 3164 ὠφέλιμος
1262 3092 1469 3161 γίνεται
1492 3091 1805 3164 σωφρονῶν

1911 1915 2009 1970 per
2037 1917 2156 1956 eam
2188 1912 2369 1958 autem
2403 1902 2539 1958 fiunt
2591 1904 2859 1959 adulteria
2879 1946 2893 1968 ,
2930 1907 3072 1961 furta
3093 1948 3108 1972 ,
3134 1910 3314 1981 jurgia
3335 1953 3350 1975 ,
3381 1928 3490 1969 cm-

1910 1991 2046 2047 des:
2100 2000 2293 2047 natura
2335 2008 2464 2065 ergo
2519 1996 2720 2051 malum
2762 1999 2986 2053 estvita
3021 2000 3299 2058 luxuriosa
3320 2012 3371 2059 et
3402 2006 3489 2059 in-

1910 2087 2241 2151 temperans.
2294 2081 2547 2138 Divinum
2588 2092 2769 2141 autem
2811 2084 3022 2142 Numen
3053 2091 3209 2145 malis
3241 2092 3486 2162 implica-

1914 2178 2027 2226 tum
2059 2190 2168 2228 non
2200 2182 2305 2231 est.
2334 2173 2671 2244 Explodatur
2699 2191 2832 2247 ergo
2861 2175 3043 2234 fatalis
3073 2184 3392 2240 necessitas.

1986 2261 2041 2317 Si
2068 2266 2207 2319 casti
2243 2266 2496 2322 meliores
2523 2277 2652 2322 sunt
2676 2267 3006 2335 luxuriosis,
3036 2272 3251 2343 illisque
3279 2275 3487 2331 abomi-

1911 2354 2110 2410 nabilis
2151 2366 2235 2412 est
2290 2357 2529 2422 luxuria,
2566 2358 2874 2430 gaudetque
2926 2359 3070 2417 Deus
3102 2366 3384 2431 castitate,
3426 2367 3484 2421 in

1911 2461 2072 2516 quem
2121 2447 2269 2502 nulla
2319 2448 2480 2502 cadat
2509 2431 2817 2525 libidinosa
2851 2466 2914 2505 ac
2945 2453 3074 2508 vitio
3107 2454 3316 2511 haerens
3338 2458 3489 2530 cogi-

1910 2534 2065 2600 tatio,
2118 2551 2284 2591 exosa
2332 2538 2522 2608 utique
2557 2539 2721 2593 etiam
2772 2538 2885 2596 Deo
2933 2541 3328 2599 incontinentia
3377 2555 3483 2604 est.

1910 2625 2083 2681 Porro
2113 2628 2383 2684 actionem
2416 2646 2538 2700 quae
2565 2646 2631 2686 ex
2669 2634 2885 2688 ratione
2923 2638 3193 2694 castitatis
3227 2640 3289 2694 fit
3328 2640 3488 2711 (quae
3526 2700 3539 2719 ι

1910 2726 2055 2773 certe
2093 2719 2268 2775 virtus
2304 2721 2422 2793 est)
2461 2723 2730 2793 potiorem
2764 2740 2889 2780 esse
2920 2726 3010 2779 illa
3037 2743 3156 2796 qua:
3197 2744 3264 2784 ex
3294 2730 3488 2786 incon-

1911 2809 2136 2865 tinentia
2183 2818 2268 2866 est
2306 2819 2361 2867 et
2392 2813 2459 2867 ad
2491 2815 2682 2869 vitium
2713 2817 2951 2884 pertinet
2981 2836 2996 2871 :
3029 2819 3330 2891 intelligere
3359 2823 3485 2881 licet

1909 2916 1976 2956 ex
2004 2902 2244 2972 regibus,
2273 2919 2339 2959 ex
2364 2906 2600 2975 politicis
2616 2914 2670 2962 et
2694 2906 3026 2966 militaribus
3050 2912 3482 2982 magistratibus,

1910 3007 1977 3047 ex
2029 2994 2347 3050 mulieribus
2368 3036 2383 3062 ,
2416 3013 2479 3053 ex
2511 2998 2728 3063 liberis,
2755 3015 2822 3056 ex
2848 3001 3079 3064 civibus,
3107 3019 3174 3059 ex
3209 3004 3355 3061 heris
3375 3045 3392 3071 ,
3418 3022 3486 3062 ex

1912 3081 2152 3152 famulis,
2180 3102 2247 3142 ex
2278 3087 2608 3160 paedagogis,
2648 3106 2713 3145 ex
2743 3093 3021 3164 magistris
3053 3114 3065 3149 :
3106 3098 3486 3170 unusquisque

243 3187 642 3241 ἀκολασταίνων
663 3186 740 3249 δὲ,
777 3186 869 3240 καὶ
894 3182 1070 3257 ἑαυτῷ
1097 3186 1190 3239 καὶ
1213 3185 1290 3258 τῷ
1323 3184 1486 3256 κοινῷ
1519 3183 1801 3258 βλαϐερός.

1917 3178 2058 3233 enim
2108 3179 2303 3235 horum
2358 3189 2464 3235 tam
2517 3182 2621 3237 sibi
2675 3198 2839 3254 quam
2872 3185 3091 3255 publico
3112 3189 3262 3245 utilis
3288 3198 3409 3256 est,
3438 3191 3486 3248 si

240 3279 345 3333 Καὶ
368 3281 417 3332 εί
442 3280 560 3333 ἔστι
593 3277 828 3349 διαφορά
859 3295 943 3341 τις
971 3278 1222 3332 κιναίδων
1251 3278 1344 3331 καὶ
1371 3278 1650 3349 ἀνδρείων,
1680 3277 1813 3330 ἀκο-

237 3367 445 3424 λάστων
494 3369 591 3422 καὶ
638 3368 930 3439 σωφρόνων
955 3384 969 3398 ο
1016 3367 1112 3420 καὶ
1153 3366 1268 3420 ἔστι
1315 3366 1582 3439 κρείσσων
1626 3367 1659 3437 ἡ
1705 3364 1812 3418 τῶν

238 3462 494 3535 ἀνδρείων
530 3462 627 3515 καὶ
662 3459 972 3530 σωφρόνων,
1013 3459 1209 3531 χείρων
1233 3459 1289 3512 δὲ
1322 3458 1486 3529 ἡτῶν
1520 3458 1808 3512 ἐναντίωνο

240 3554 292 3605 οἱ
318 3554 375 3607 δὲ
401 3555 497 3623 τῆς
530 3552 847 3624 κρείσσονος
881 3549 1046 3618 ἐγγύς
1077 3552 1188 3603 εισι
1229 3549 1323 3602 καὶ
1352 3548 1493 3618 φίλοι
1534 3546 1690 3613 Θεοῦ,
1720 3549 1813 3602 καὶ

238 3645 292 3698 οι
320 3645 418 3716 τῆς
442 3645 687 3717 χείρονος
732 3642 947 3715 μακρὰν
976 3643 1070 3696 καὶ
1101 3641 1316 3713 ἐχθροί·
1360 3641 1408 3693 οί
1447 3640 1694 3708 λέγοντες
1722 3640 1815 3710 γὲ-

237 3752 385 3791 νεσιν
408 3739 463 3791 τὸ
492 3737 627 3791 αὐτὸ
658 3737 754 3809 τὴν
788 3735 999 3789 ἀδικίαν
1030 3731 1167 3789 εἶναι
1200 3735 1292 3786 καὶ
1320 3733 1418 3806 τὴν
1446 3733 1809 3804 δικαιοσύνην,

234 3828 296 3882 σύ
322 3829 649 3902 διορίζονται
682 3828 947 3882 κιναιδίαν
977 3828 1068 3881 καὶ
1099 3827 1371 3898 ἀνδρείαν,
1405 3826 1675 3898 ἀκρασίαν
1718 3825 1813 3879 καὶ

238 3922 614 3994 σωφροσύνην,
645 3922 781 3992 ὅπερ
812 3919 1086 3973 ἀδύνατον.
1127 3919 1190 3971 Εἰ
1222 3919 1328 3992 γὰρ
1463 3917 1618 3988 κακῷ
1638 3915 1813 3985 ’τάγα-

235 4010 327 4066 θὸν
361 4015 630 4077 ἐναντίον,
659 4015 722 4066 τὸ
747 4013 805 4066 δὲ
836 4013 1021 4067 ἄδικον
1048 4011 1215 4065 κακόν
1236 4028 1249 4041 ο
1288 4011 1445 4064 τοῦτο
1471 4010 1528 4064 δὲ
1569 4008 1811 4063 ἐναντίον

232 4105 309 4175 τῷ
326 4106 526 4177 δικαίῳ
541 4122 554 4135 ·
583 4104 646 4157 τὸ
664 4105 722 4157 δὲ
741 4104 965 4169 δίκαιον,
996 4103 1216 4174 ἀγαθόν’
1240 4102 1300 4156 τὸ
1314 4102 1369 4156 δὲ
1390 4101 1590 4170 ἀγαθὸν
1618 4098 1811 4171 ἐχθρὸν

231 4197 325 4251 τοῦ
362 4198 537 4252 κακοῦ
555 4215 568 4228 ’
606 4182 859 4267 ἀνόμοιον
897 4195 954 4249 δὲ
982 4196 1042 4248 τὸ
1072 4196 1242 4251 κακὸν
1273 4194 1349 4265 τῷ
1375 4190 1562 4262 ἀγαθῷ
1581 4209 1593 4222 ·
1626 4190 1811 4262 ἕτερον

232 4289 341 4363 ipa
374 4292 435 4344 τὸ
463 4292 676 4343 δίκαιον
705 4284 799 4341 τοῦ
826 4287 1035 4341 ἀδίκου.
1083 4288 1199 4341 Οὐκ
1237 4287 1343 4359 ἄρα
1374 4287 1542 4348 αἴτιος
1569 4282 1754 4337 κακῶν
1782 4284 1811 4337 ὁ

231 4381 390 4447 Θεὸς,
418 4384 544 4437 οὐδὲ
576 4382 759 4453 χαίρει
790 4383 900 4443 τοῖς
924 4383 1133 4445 κακοῖς.
1170 4381 1245 4433 Ού
1279 4380 1587 4449 συνίστησιν
1616 4376 1811 4439 αὐτοὺς

232 4475 260 4528 δ
298 4476 500 4546 Λόγος,
528 4474 737 4543 ἀγαθὸς
768 4472 864 4526 ὢν.
898 4472 968 4526 Εἴ
992 4474 1097 4526 εἱσι
1126 4473 1183 4526 δὲ
1221 4472 1444 4543 πονηροί
1471 4487 1634 4534 τινες,
1670 4466 1810 4522 κατά

1917 3278 2103 3327 castus
2137 3272 2243 3337 sit;
2297 3273 2381 3328 sin
2417 3272 2760 3340 luxuriosus,
2799 3282 2912 3330 tam
2948 3277 3052 3333 sibi
3084 3295 3245 3349 quam
3269 3283 3486 3351 publico

1915 3363 2134 3419 noxius.
2162 3362 2227 3416 Et
2252 3364 2299 3419 si
2328 3372 2411 3420 est
2442 3364 2739 3421 discrimen
2769 3368 3040 3437 quoddam
3075 3371 3217 3429 inter
3248 3360 3488 3435 cinaedos

1915 3454 2171 3526 virosque
2201 3454 2371 3511 fortes
2394 3497 2409 3523 ,
2442 3456 2694 3527 interque
2717 3459 3022 3530 impudicos
3051 3471 3105 3517 et
3138 3473 3344 3533 castos,
3372 3476 3487 3525 est-

1915 3564 2022 3620 que
2046 3552 2237 3607 melior
2268 3551 2488 3606 fortium
2517 3562 2680 3624 atque
2708 3563 2983 3610 castorum
3016 3559 3198 3628 natio,
3247 3559 3488 3617 deterior

1914 3658 2044 3697 vero
2090 3658 2276 3697 eorum
2306 3645 2400 3715 qui
2449 3644 2811 3701 adversantur
2843 3666 2855 3701 :
2892 3649 3159 3717 siquidem
3196 3652 3357 3705 etiam
3388 3654 3482 3723 qui

1913 3736 2085 3803 partis
2117 3737 2358 3792 melioris
2406 3746 2554 3802 sunt,
2604 3738 2714 3794 Deo
2741 3739 2904 3793 vicini
2939 3742 3096 3810 eique
3127 3743 3289 3797 amici
3322 3753 3484 3812 sunt;

1915 3828 2009 3896 qui
2040 3843 2166 3882 vero
2198 3829 2264 3883 ad
2295 3830 2602 3900 sequiorem
2647 3832 2958 3901 pertinent,
3013 3834 3171 3905 longe
3204 3851 3232 3888 a
3266 3834 3377 3891 Deo
3408 3839 3486 3893 di-

1914 3925 2096 3983 stant,
2125 3928 2179 3973 et
2207 3929 2336 3975 sunt
2374 3921 2579 3976 inimici
2613 3941 2625 3976 :
2662 3922 2755 3993 qui
2784 3923 2973 3978 dicunt
3023 3927 3188 3982 natali
3224 3926 3485 3986 fataiitate

1911 4008 2135 4080 perinde
2174 4011 2498 4081 injustitiam
2529 4020 2692 4083 atque
2712 4014 3004 4082 justitiam‘
3022 4016 3215 4081 amari,
3240 4036 3347 4074 non
3371 4021 3487 4077 dis-

1910 4099 2166 4170 tinguunt
2199 4101 2535 4179 cinaedorum
2569 4102 2853 4159 mollitiem
2895 4121 2925 4159 a
2957 4103 3303 4173 fortitudine,
3330 4118 3384 4164 et
3410 4109 3487 4166 lu-

1910 4192 2123 4246 xuriam
2145 4207 2174 4246 a
2210 4195 2493 4250 castitate:
2522 4209 2642 4265 quae
2681 4201 2741 4249 ut
2788 4195 2842 4249 in
2862 4212 3030 4250 unum
3058 4206 3342 4269 cogantur,
3368 4199 3486 4257 ﬁeri

1911 4297 2022 4338 non
2054 4291 2254 4353 potest.
2295 4284 2353 4339 Si
2403 4285 2549 4341 enim
2598 4287 2802 4341 bonum
2828 4288 2971 4343 malo
3001 4292 3340 4346 contrarium
3366 4301 3483 4358 est,
3536 4362 3539 4363 γ

1911 4375 2176 4449 iniustum
2218 4386 2399 4437 autem
2443 4382 2644 4437 malum
2686 4389 2771 4437 est
2806 4402 2818 4437 :
2849 4384 3056 4449 ethoc,
3087 4394 3239 4454 JllSlO
3269 4398 3486 4443 contra-

1910 4470 2053 4525 rium
2082 4490 2093 4526 :
2120 4487 2284 4544 porro
2304 4472 2451 4544 quod
2468 4473 2703 4544 justum,
2728 4474 2871 4529 idem
2899 4475 3132 4532 bonum:
3159 4478 3360 4533 bonum
3388 4496 3483 4535 au-

229 4566 444 4622 ἕνδειαν
502 4566 717 4639 φρενῶν
759 4566 896 4619 εἰσιν
935 4558 1077 4618 οὗτοι
1125 4564 1373 4636 πονηροὶ,
1428 4562 1521 4616 καὶ
1564 4562 1625 4615 ού
1670 4559 1811 4614 κατά

1917 4569 2024 4619 tem
2056 4563 2340 4620 inimicum
2373 4565 2516 4620 malo
2545 4584 2558 4621 :
2608 4565 2872 4622 dissimile
2910 4582 3040 4623 vero
3068 4570 3267 4624 malum
3296 4572 3439 4625 bono
3468 4592 3481 4625 :

228 4659 471 4728 γένεσιν.

1919 4655 2066 4711 aliud
2101 4656 2324 4712 omnino
2345 4657 2450 4713 erit
2477 4658 2744 4730 longeque
2762 4658 3036 4713 diversum
3054 4661 3264 4729 justum
3299 4662 3367 4715 ab
3396 4662 3482 4717 in-

226 4750 408 4822 iusto.
439 4751 554 4807 Non
585 4752 753 4824 igitur
785 4759 978 4805 auctor
1007 4750 1271 4803 malorum
1313 4747 1455 4803 Deus
1477 4787 1492 4811 ,
1529 4764 1629 4804 nec
1654 4748 1812 4803 malis
1846 4747 2166 4806 delectatur'.
2191 4749 2375 4820 Neque
2407 4752 2546 4806 ratio
2576 4752 2697 4808 illos
2741 4753 3115 4820 commendat,
3163 4769 3282 4824 quae
3342 4754 3484 4809 bona

234 4849 341 4903 sit.
379 4847 526 4913 Quod
550 4852 593 4904 si
626 4848 851 4920 quidam
882 4847 1009 4901 mali
1043 4857 1204 4911 sunt,
1262 4845 1459 4901 mentis
1484 4845 1663 4916 inopia
1689 4847 1819 4900 mali
1860 4854 2009 4910 sunt,
2041 4863 2149 4902 non
2181 4849 2347 4903 natali
2371 4848 2479 4902 ulla
2510 4847 2792 4902 fatalitate.

322 4941 553 5011 Σερῇσιν
598 4944 1047 5011 ἀτασθαλίῃσιν
1085 4939 1420 5010 ὑπέρμορον
1452 4938 1613 5010 ἄλγε’
1642 4941 1814 5010 ἕχον-

250 5052 350 5094 tae
384 5038 507 5094 ('53).

308 5057 311 5067 ’
402 5038 468 5092 33
491 5078 507 5094 .

308 5038 485 5183 ἓξ(δέ
506 5131 712 5184 ἀνελεῖν
734 5146 876 5193 τινα,
918 5127 1012 5182 καὶ
1054 5126 1196 5198 φόνῳ
1233 5125 1329 5190 τὰς
1361 5128 1547 5198 χεῖρας
1581 5090 1810 5197 αίμάξαι

240 5220 454 5287 γένεσις
477 5223 771 5293 ἐργάζεται
792 5239 811 5263 ’ς
840 5218 997 5273 τοῦτο
1033 5218 1090 5271 δὲ
1120 5217 1280 5289 νόμος
1308 5215 1533 5289 κωλύει,
1568 5216 1810 5282 κολάζων

249 5311 372 5374 τοὺς
409 5312 732 5385 ἀλάστορας,
779 5310 874 5365 καὶ
915 5309 981 5362 δι’
1028 5307 1255 5379 ἀπειλῆς
1298 5307 1572 5379 ἀπείργων
1601 5306 1670 5360 τὰ
1708 5307 1809 5379 τῆς
1844 5376 1849 5379 _

248 5403 502 5468 γενέσεως
530 5405 774 5475 δόγματα
801 5421 813 5433 ·
859 5397 970 5456 οἷον
1005 5400 1066 5454 τὸ
1097 5400 1369 5472 ἀδικῆσαι,
1402 5396 1807 5471 μοιχεύσασθαι,

253 5493 456 5563 κλέψαι,
483 5494 871 5568 φαρμακεῦσαι
889 5512 902 5526 ο
927 5493 1166 5548 ἐναντίον
1190 5493 1296 5565 ἀρα
1320 5493 1348 5546 6
1380 5492 1539 5563 νόμος
1566 5490 1806 5561 γενέσει.

258 5583 390 5639 Ὅσα
428 5589 521 5658 μὲν
548 5588 661 5660 γὰρ
698 5589 909 5656 γένεσις
946 5586 1132 5657 ὥρισε,
1165 5585 1335 5640 ταῦτα
1373 5585 1533 5656 νόμος
1576 5582 1806 5638 κωλύειν

325 5722 430 5792 (52)
456 5724 523 5781 ΕΙ
546 5742 626 5777 τι.
649 5725 731 5777 Ita
751 5721 918 5777 codex
940 5720 1141 5776 Mazar.
1169 5727 1223 5774 et
1244 5719 1491 5775 Allatius.
1515 5716 1802 5774 Possinius

258 5803 483 5860 rem,“
512 5811 617 5850 ms.
654 5792 803 5857 Vat.,
834 5794 864 5846 ὃ
893 5809 963 5846 τι.
986 5794 1274 5847 ϐοηθείης.

564 5889 843 5953 Ρηειοι..
874 5888 989 5953 Gn.
1025 5887 1254 5949 XVIII.

1994 4939 2257 5012 Nequitiis
2298 4943 2398 4997 sibi
2430 4942 2627 4995 damna
2668 4943 2779 4995 suis
2811 4950 3127 5010 mortemque
3154 4946 3408 4995 creantes.

1989 5120 2047 5176 Si
2089 5121 2361 5178 hominem
2410 5119 2717 5177 interﬁcere
2763 5128 2818 5174 et
2860 5134 3006 5174 caeae
3040 5133 3234 5172 manus
3283 5130 3482 5171 cruen-

1912 5220 2051 5276 tare,
2088 5214 2287 5270 natalis
2320 5214 2558 5270 fatalitas
2588 5213 2789 5285 adigit;
2816 5213 2958 5267 idem
2987 5218 3168 5265 autem
3203 5210 3287 5263 lex
3310 5215 3478 5269 vetat,

1912 5304 2125 5362 sicariis
2153 5306 2419 5376 supplicia
2450 5305 2773 5364 decernens,
2801 5302 3071 5371 minisque
3093 5299 3349 5371 gravibus
3379 5298 3476 5353 de-

1916 5406 2130 5454 terrens
2153 5399 2222 5453 ab
2253 5399 2322 5453 iis
2349 5414 2469 5469 qua:
2508 5397 2708 5452 natalis
2760 5393 2997 5448 fatalitas
3034 5394 3302 5464 injungit;
3348 5400 3479 5461 puta

1916 5490 1983 5545 ab
2009 5490 2208 5560 injuria
2247 5490 2545 5553 inferenda,
2589 5487 2659 5542 ab
2701 5485 2991 5548 adulterio,
3039 5500 3071 5538 a
3106 5484 3277 5548 furto,
3320 5498 3351 5536 a
3390 5498 3482 5540 ve-

1919 5582 2128 5638 neﬁciis
2173 5601 2186 5636 :
2224 5582 2499 5637 contraria
2547 5594 2675 5650 ergo
2722 5576 2920 5632 natalis
2978 5575 3218 5634 fatalitas
3265 5583 3319 5633 et
3368 5576 3484 5636 lex.

1981 5700 2092 5785 (53)
2129 5713 2380 5785 Σφῇσιν.
2430 5713 2635 5769 Ὀδυσσ.
2668 5706 2737 5776 Α,
2772 5706 2823 5767 7.
