3964 6226
491 351 586 406 171

1467 348 1526 406 S.
1568 347 1898 404 METHODII
1937 342 2245 404 EPISCOPI
2283 343 2372 403 ET
2419 344 2776 402 MARTYRIS

3604 347 3714 402 179.

488 469 836 539 Quaecunque
871 468 1012 522 enim
1045 467 1241 523 natalis
1277 465 1518 525 fatalitas
1547 468 1760 533 statuit,
1807 469 1890 524 lex
1923 485 2031 539 pro-

2147 471 2245 524 ὅσα
2277 468 2335 522 δὲ
2369 469 2530 539 νόμος
2554 467 2772 530 κωλύει,
2809 466 2985 522 ταῦτα
3009 467 3218 537 γένεσις
3253 468 3420 520 ποιεῖν
3447 465 3716 536 βιάζεται·

489 561 674 625 hibet;
708 575 1048 631 qumwnque
1081 576 1211 616 vero
1243 561 1330 615 lex
1373 560 1646 630 prohibet,
1683 560 1880 614 natalis
1911 560 2050 614 fata-

487 653 608 708 lilas
637 653 813 706 facere
844 651 1013 722 adigit
1046 670 1059 706 :
1095 652 1410 707 adversaria
1445 667 1572 722 ergo
1601 653 1768 706 natali
1797 653 2046 708 fatalitati

485 747 590 800 lex.
625 745 681 799 Si
710 753 890 800 autem
934 746 1008 799 illi
1054 747 1389 810 adversaria,
1423 760 1533 800 non
1563 744 1731 814 igitur
1762 761 1859 815 per
1892 753 2048 798 nata-

482 838 587 895 lem
645 839 963 894 fatalitatem
1015 839 1400 909 legumlatores
1452 848 1661 910 agunt,
1710 839 1909 909 quippe
1951 839 2044 908 qui

481 930 756 984 contraria
802 929 968 982 natali
1014 929 1269 983 fatalitati
1315 930 1632 992 sanciendo,
1675 929 1920 984 eamdem
1951 928 2047 983 de—

483 1031 724 1078 struunt.
785 1022 892 1076 Aut
949 1022 1114 1093 igitur
1173 1005 1394 1076 natalis.
1430 1021 1736 1076 admittitur
1784 1019 2042 1087 fatalitas,

482 1117 739 1185 nullaque
763 1116 941 1185 legum
966 1122 1083 1169 erat
1107 1114 1409 1170 necessitas
1437 1132 1449 1166 :
1481 1121 1574 1167 aut
1603 1114 1749 1184 leges
1772 1121 1919 1177 sunt,
1947 1129 2045 1168 nec

481 1225 547 1264 ex
582 1210 750 1263 natali
792 1211 883 1262 illa
917 1207 1204 1271 fatalitate,
1238 1214 1291 1260 et
1321 1207 1480 1277 quasi
1528 1206 1619 1260 illa
1649 1215 1870 1261 auctore
1896 1215 2040 1261 sunt.

485 1302 649 1371 Atqui
679 1301 794 1356 ﬁeri
822 1317 928 1354 non
962 1307 1141 1370 potest
1178 1307 1236 1353 ut
1271 1299 1477 1368 absque
1504 1297 1595 1352 illa
1625 1297 1750 1368 quis
1785 1305 2045 1352 nascatur

481 1403 577 1450 aut
611 1394 815 1464 aliquid
846 1403 1120 1462 Operetur.
1158 1390 1291 1444 Nam
1326 1405 1394 1445 ne
1424 1389 1655 1460 digitum
1680 1389 1900 1459 quidem
1925 1390 2044 1445 sine

483 1488 595 1542 fato
625 1504 784 1558 posse
815 1487 1047 1556 aliquem
1081 1499 1297 1539 movere
1340 1484 1513 1538 aiunt.
1549 1483 1624 1537 Ex
1661 1483 1827 1536 natali
1859 1483 2043 1552 itaque

477 1581 745 1636 fatalitate
779 1580 977 1648 illaque
1006 1585 1229 1632 auctore
1265 1576 1375 1630 nati
1411 1575 1814 1646 legumlatores,
1844 1574 2039 1640 Minos,

475 1673 676 1736 Draco,
723 1671 1024 1742 Lycurgus,
1079 1668 1266 1732 Solon,
1318 1667 1606 1731 Zaleucus,
1654 1666 1797 1736 leges
1844 1680 2041 1720 sanxe-

476 1774 608 1820 runt
648 1766 996 1835 prohibentes
1041 1761 1326 1824 adulteria,
1376 1759 1572 1821 credes,
1613 1759 1862 1827 injurias,
1896 1759 2042 1828 rapi-

2155 560 2412 633 πολέμιον
2441 560 2547 632 ἄρα
2566 559 2776 628 γενέσει
2798 559 2977 629 νόμος.
3012 560 3074 612 El
3101 559 3156 612 δὲ
3173 558 3444 629 πολέμιον,
3474 557 3574 610 οὐκ
3602 557 3716 628 ἄρα

2149 651 2289 705 κατὰ
2313 652 2523 720 γένεσιν
2551 651 2600 704 οί
2627 649 2912 720 νομοθέται
2936 667 2949 680 ·
2980 651 3047 704 τὰ
3078 649 3186 722 γὰρ
3214 649 3427 704 ἐναντία
3456 649 3719 718 δογματί-

2149 744 2331 808 ζοντες
2376 743 2609 812 γενέσει,
2645 743 2858 813 γένεσιν
2895 743 3131 796 λύουσιν.
3171 744 3326 795 Ἤτοι
3371 738 3462 795 οὖν
3496 740 3717 810 γένεσίς

2146 839 2281 902 ἐστι,
2320 838 2412 891 καὶ
2451 838 2551 890 οὐκ
2586 837 2753 909 ἐχρῆν
2785 833 2921 891 εἶναι
2947 836 3173 907 νόμους·
3206 836 3239 907 ἦ
3266 839 3370 889 alat
3414 837 3589 905 νόμοι,
3619 836 3716 888 καὶ

2145 931 2244 982 ούκ
2286 930 2390 983 είσὶ
2420 930 2561 984 κατά
2591 931 2822 998 γένεσιν.
2878 929 3014 982 Ἀλλ’
3045 930 3322 1000 ἀμήχανον
3361 929 3531 1000 χωρὶς
3558 928 3716 996 γενέ-

2148 1038 2284 1084 σεως
2313 1021 2476 1090 φῦναί
2508 1039 2648 1082 τινα,
2684 1023 2777 1074 καὶ
2803 1020 3198 1092 διαπράξασθαί
3224 1037 3296 1073 τι·
3321 1019 3440 1073 οὐδὲ
3467 1019 3574 1091 γὰρ
3620 1019 3713 1072 τὸν

2144 1112 2400 1168 δάκτυλον
2450 1112 2646 1178 ἐξεῖναί
2692 1131 2822 1183 φασι
2867 1115 3035 1185 χωρὶς
3090 1111 3443 1186 Εἱμαρμένης
3491 1113 3712 1183 κινῆσαι

2143 1223 2268 1259 τινι.
2303 1206 2460 1260 Κατά
2493 1207 2705 1275 γένεσιν
2734 1207 2841 1278 ἄρα
2883 1207 2978 1260 καὶ
3014 1206 3197 1268 Μίνως
3225 1206 3317 1258 καὶ
3348 1205 3574 1275 Δράκων
3618 1205 3716 1258 καὶ

2143 1298 2454 1369 Λυκοῦργος
2497 1299 2590 1351 καὶ
2618 1299 2791 1352 Σόλων
2829 1299 2921 1351 καὶ
2964 1298 3231 1361 Ζάλευκος
3261 1297 3546 1368 νομοθέται
3580 1297 3714 1366 φύν-

2143 1407 2252 1454 τες,
2274 1391 2585 1457 διετάξαντο
2604 1392 2729 1454 τοὺς
2750 1390 2965 1461 νόμους,
2989 1389 3421 1460 ἀπαγορεύοντες
3446 1389 3711 1461 μοιχείας,

2145 1485 2356 1554 φόνους,
2390 1484 2530 1554 βίας,
2575 1485 2848 1557 ἁρπαγὰς,
2887 1483 3112 1549 κλοπὰς,
3143 1483 3219 1545 ὼς
3249 1483 3347 1535 οὐκ
3390 1483 3558 1536 ὄντων
3589 1480 3714 1535 τού-

2142 1594 2250 1630 των
2278 1578 2371 1629 καὶ
2402 1576 2698 1648 γινομένων
2724 1577 2866 1631 κατά
2891 1577 3123 1645 γένεσιν.
3160 1576 3224 1628 Εἰ
3257 1574 3311 1627 δὲ
3337 1575 3476 1627 κατᾶ
3499 1575 3714 1642 γένεσιν

2143 1669 2234 1721 καὶ
2280 1667 2472 1736 ταῦτα,
2526 1670 2586 1723 οὐ
2633 1669 2773 1722 κατά
2812 1669 3022 1738 γένεσιν
3073 1671 3120 1721 οἱ
3160 1667 3336 1738 νόμοι.
3361 1667 3469 1720 ’ού
3503 1667 3612 1738 γὰρ
3646 1666 3714 1720 ἂν

2142 1761 2279 1833 αὐτὴ
2300 1762 2390 1830 ἀφ’
2422 1762 2622 1832 ἑαυτῆς
2647 1763 2900 1834 ἀνῃρεῖτο
2926 1761 3160 1831 γένεσις,
3190 1761 3326 1832 αὑτὴ
3357 1761 3553 1831 ἑαυτὴν
3578 1761 3718 1813 ἀκυ-

481 1874 602 1921 nas,
637 1858 810 1921 furta;
837 1857 980 1910 haud
1008 1855 1170 1910 dubie
1207 1852 1474 1914 arbitrati,
1501 1866 1676 1921 neque
1697 1866 1838 1915 esse,
1864 1866 2031 1921 neque

2147 1853 2333 1926 ροῦσα,
2368 1855 2462 1908 καὶ
2489 1855 2626 1927 αὑτὴ
2655 1855 2822 1926 ἑαυτῇ
2864 1855 3148 1926 μαχομένη
3167 1871 3180 1884 ⁸
3209 1854 3302 1906 καὶ
3336 1853 3567 1906 ἐνταῦθα
3613 1853 3716 1924 μὲν

480 1951 595 2006 ﬁeri
637 1953 762 2005 talia
792 1966 885 2020 per
926 1949 1161 2004 natalem
1197 1944 1538 2000 fatalitatem.
1571 1942 1667 1998 Sin
1698 1951 1878 1999 autem
1926 1945 2041 1999 haec

479 2060 693 2115 quoque
733 2059 827 2113 per
869 2043 1101 2096 natalem
1141 2039 1459 2094 fatalitatem
1487 2078 1501 2101 ,
1560 2052 1667 2090 non
1719 2045 1848 2093 sunt
1895 2039 2041 2110 leges

478 2151 575 2206 per
603 2137 836 2190 natalem
869 2134 1190 2189 fatalitatem
1222 2151 1235 2188 :
1270 2147 1448 2201 neque
1477 2131 1618 2184 enim
1645 2132 1762 2203 ipsa
1787 2147 1844 2187 se
1868 2132 2039 2201 ipsam

478 2229 676 2284 natalis
710 2228 947 2282 fatalitas
993 2227 1319 2288 destrueret,
1349 2224 1464 2293 ipsa
1513 2223 1615 2277 sibi
1662 2224 2041 2278 auctoritatem

475 2323 789 2384 detrahens,
842 2334 904 2373 ac
933 2333 1116 2374 secum
1167 2317 1284 2386 ipsa
1333 2332 1583 2388 pugnans
1616 2336 1627 2369 :
1658 2316 1784 2369 hinc
1819 2315 2035 2383 quidem

476 2413 620 2484 leges
660 2422 925 2476 statuens,
960 2411 1225 2466 adulteria
1264 2410 1546 2479 caedesque
1579 2409 1946 2478 prohibentes,
1985 2415 2039 2463 et

2143 1947 2604 2018 ἀπαγορευτικοὺς
2632 1946 2876 2018 μοιχείας
2897 1948 2991 2000 καὶ
3016 1947 3189 2016 φόνων
3211 1946 3406 2015 νόμους
3428 1944 3711 2015 τιθεμένη,

2143 2040 2235 2091 καὶ
2255 2039 2636 2111 τιμωρουμένη
2704 2040 2796 2091 καὶ
2843 2039 3242 2110 ὲπεξερχομένη
3302 2040 3428 2101 τοὺς
3483 2037 3708 2101 κακούς·

2143 2130 2375 2184 ἐνταῦθα
2408 2131 2464 2184 δὲ
2499 2132 2689 2201 φόνους
2721 2133 2814 2185 καὶ
2851 2134 3093 2204 μοιχείας
3129 2131 3490 2204 ἐργαζομένη.
3551 2130 3719 2185 Ἀλλά

2142 2225 2299 2278 τοῦτο
2336 2226 2616 2282 ἀδύνατον.
2657 2227 2823 2280 Οὐδὲν
2860 2228 2968 2299 γὰρ
3002 2227 3288 2281 ἀλλόκοτον
3320 2228 3449 2281 αὐτὸ
3493 2224 3713 2289 ἑαυτοῦ,

2143 2319 2235 2370 καὶ
2260 2317 2390 2370 αὐτὸ
2415 2318 2591 2388 ἑαυτῷ
2613 2320 3066 2390 ἀπεχθανόμενον,
3099 2320 3191 2373 καὶ
3217 2319 3344 2373 αὐτὸ
3361 2319 3519 2372 ἑαυτὸ
3543 2335 3718 2372 κατα-

2144 2409 2289 2473 λύον,
2323 2413 2414 2463 καὶ
2444 2411 2767 2482 ἀσύμφωνον
2802 2413 2930 2465 αὐτὸ
2955 2411 3147 2482 ἑαυτῷ.
3177 2413 3289 2466 Οὐκ
3319 2413 3424 2484 ἀρα
3450 2413 3685 2482 γένεσις.

474 2509 746 2563 ulciscens
769 2507 1034 2574 malisque
1058 2505 1328 2558 mulctans
1375 2504 1564 2557 talium
1589 2503 1881 2558 criminum
1932 2517 2055 2558 reos
2095 2523 2106 2557 :
2150 2505 2370 2560 aliunde
2407 2514 2586 2561 autem
2619 2508 2685 2561 ad
2736 2508 2912 2564 cmdes
2946 2518 3108 2578 atque
3155 2509 3418 2564 adulteria
3457 2510 3718 2565 homines

475 2604 732 2674 adigens;
764 2601 908 2674 quod
933 2603 1047 2656 ﬁeri
1072 2603 1222 2655 nullo
1254 2600 1414 2655 modo
1444 2609 1640 2670 potest.
1695 2599 1839 2654 Nihil
1862 2601 2004 2654 enim
2058 2616 2086 2654 a
2119 2618 2176 2656 se
2222 2603 2343 2673 ipso
2391 2604 2626 2659 alienum
2666 2615 2830 2676 atque
2880 2607 3204 2670 abhorrens.
3263 2609 3548 2680 ipsumque
3605 2607 3717 2663 sibi

474 2698 576 2768 ipsi
622 2696 907 2751 adversum
949 2708 1012 2747 ac
1055 2709 1114 2748 se
1152 2691 1461 2754 destruens,
1511 2693 1722 2761 sibique
1771 2690 2200 2747 dissentaneum.
2244 2690 2398 2746 Nulla
2432 2704 2513 2748 est
2550 2695 2714 2765 igitur
2750 2697 2948 2750 natalis
2975 2695 3230 2752 fatalitas.

545 2791 601 2845 Si
653 2807 748 2862 per
789 2789 1022 2844 natalem
1066 2786 1391 2842 fatalitatem
1428 2785 1779 2855 ﬁtquidquid
1819 2785 2037 2839 tandem

473 2893 578 2951 est,
625 2899 726 2938 nec
766 2882 884 2936 sine
927 2880 1020 2934 illa
1063 2879 1356 2950 quidquam
1399 2893 1624 2948 prorsus
1673 2877 1906 2940 exsistit,
1944 2892 2037 2931 nc-

471 2990 626 3030 cesse
655 2980 738 3029 est
763 2980 815 3027 et
848 2973 1018 3042 legem
1052 2972 1142 3025 illa
1183 2978 1405 3026 auctore
1433 2983 1576 3025 esse.
1614 2967 1776 3037 Atqui
1809 2968 1893 3020 lex
1919 2981 2037 3021 eam

2209 2785 2272 2838 Εί
2304 2787 2444 2840 κατά
2487 2789 2696 2858 γένεσιν
2729 2791 2833 2842 πᾶν
2862 2791 2890 2843 ὃ
2911 2808 2962 2842 τι
2983 2790 3176 2843 ποτοῦν
3213 2791 3442 2860 γίνεται,
3472 2794 3565 2846 καὶ
3595 2793 3714 2847 ἐστι

2135 2877 2257 2948 δίχα
2289 2879 2551 2948 γενέσεως
2581 2880 2730 2933 οὐδέν
2750 2899 2762 2913 ·
2803 2882 3013 2954 ἀνάγκη
3050 2883 3142 2936 καὶ
3172 2883 3261 2936 τὸν
3304 2884 3465 2954 νόμον
3499 2886 3715 2953 γενέσει

2135 2973 2437 3042 γεγονέναι.
2499 2973 2658 3028 Ἀλλά
2701 2975 2862 3046 νόμος
2899 2977 3112 3044 γένεσιν
3159 2978 3392 3049 ἀναιρεῖ,
3452 2979 3714 3050 διδακτὴν

471 3069 634 3133 tollit,
668 3082 788 3137 quae
833 3064 1042 3120 addisci
1085 3065 1342 3118 virtutem
1388 3077 1452 3116 ac
1502 3060 1720 3116 suaderi
1752 3075 1913 3129 posse
1941 3058 2031 3112 do-

2147 3067 2401 3121 Ξιδάσκων
2433 3068 2530 3140 τὴν
2574 3069 2792 3141 ἀρετὴν,
2819 3071 2912 3123 καὶ
2961 3068 3020 3134 ἐξ
3064 3071 3377 3141 ἐπιμελείας
3417 3090 3713 3145 προσγινο-

472 3167 612 3225 ceat,
663 3156 1046 3226 diligentiaque
1083 3169 1146 3208 ac
1181 3153 1484 3207 attentione
1529 3166 1647 3206 eam
1695 3151 2031 3223 comparari;

2147 3155 2336 3226 μένηνο
2378 3158 2616 3229 φευκτὴν
2663 3159 2720 3212 δὲ
2755 3158 2852 3230 τὴν
2879 3160 3094 3225 κακίαν,
3127 3163 3218 3214 καὶ
3252 3162 3312 3228 ἐξ
3353 3163 3712 3228 ἀπαιδευσίας

470 3254 633 3312 vitari
677 3268 894 3323 quoque
938 3265 1098 3320 posse
1152 3249 1362 3314 vitium,
1417 3254 1470 3302 et
1519 3263 1587 3300 ex
1631 3244 2035 3315 indisciplinata

469 3355 652 3402 mente
670 3343 948 3414 proﬁcisci
974 3361 989 3408 ;
1025 3340 1174 3395 nulla
1203 3355 1331 3410 ergo
1356 3346 1440 3393 est
1477 3337 1680 3392 natalis
1704 3337 1960 3392 fatalitas.

543 3437 600 3491 Si
630 3446 688 3491 ut
728 3436 818 3490 alii
846 3436 983 3489 alios
1013 3433 1209 3502 injuria
1240 3430 1557 3498 afﬁciamus,
1586 3446 1648 3484 ac
1673 3429 1915 3484 vicissim
1947 3427 2034 3482 af-

471 3530 739 3593 ﬁciamur,
788 3533 1008 3598 praestat
1056 3524 1253 3578 natalis
1310 3521 1586 3587 fatalitas,
1645 3521 1776 3591 quid
1822 3520 2032 3589 legibus

469 3622 649 3694 opus?
683 3621 779 3675 Sin
817 3629 996 3674 autem
1027 3633 1091 3672 eo
1132 3617 1276 3687 leges
1306 3623 1552 3684 spectant
1581 3622 1640 3682 ut
1668 3612 2034 3682 delinquenti-

466 3713 572 3770 bus
601 3728 758 3785 poena
791 3713 1124 3782 imponatur,
1161 3708 1274 3763 Deo
1314 3707 1421 3762 illis
1454 3706 1771 3778 providente
1807 3705 1900 3776 qui
1944 3705 2030 3758 in-

464 3807 611 3877 juria
654 3805 923 3860 laeduntur
963 3821 976 3857 :
1010 3817 1141 3857 sane
1176 3800 1467 3870 praestabat
1509 3797 1661 3852 fatali
1706 3798 2032 3852 necessitate

465 3899 643 3954 malos
673 3913 782 3952 non
809 3897 946 3962 ﬁeri,
978 3909 1138 3966 quam
1171 3893 1262 3947 ubi
1290 3890 1414 3946 facti
1437 3899 1586 3955 sunt,
1612 3885 1822 3961 legibus
1847 3905 2032 3944 emen-

466 3993 608 4051 dari.
641 3991 802 4060 Atqui
843 3987 988 4043 Deus
1030 3988 1205 4040 bonus
1249 3993 1333 4039 est
1371 3991 1424 4038 et
1469 3982 1713 4052 sapiens,
1753 3981 1915 4052 idque
1945 3981 2030 4035 fa-

471 4090 623 4144 ciens
653 4086 796 4158 quod
833 4083 1196 4156 praestabilius
1229 4084 1338 4150 sit;
1366 4082 1514 4136 nulla
1556 4096 1688 4154 ergo
1714 4089 1797 4138 est
1832 4082 2031 4138 natalis

470 4179 726 4233 fatalitas.

497 4279 501 4282 '
537 4273 644 4326 Aut
682 4267 1020 4325 educationis
1067 4282 1236 4337 genus
1265 4268 1642 4338 contractique
1691 4282 1890 4333 mores,
1933 4282 2030 4322 seu

464 4365 673 4419 imbuta
706 4362 937 4422 indoles,
965 4375 1145 4414 causa;
1168 4368 1294 4413 sunt
1319 4373 1699 4428 peccatorum;
1735 4367 1828 4414 aut
1861 4359 2029 4414 animi

465 4453 924 4523 perturbationes,
967 4459 1019 4505 et
1051 4465 1171 4519 quae
1210 4465 1306 4520 per
1335 4465 1535 4520 corpus
1569 4450 1839 4505 desideria
1871 4465 2028 4506 exer-

2139 3247 2434 3318 φυομένην.
2463 3250 2575 3302 Οὐκ
2603 3250 2710 3322 ἄρα
2739 3251 2972 3320 γένεσις.

2206 3433 2269 3486 Et
2309 3435 2370 3487 τὸ
2399 3433 2658 3505 ἀλλήλους
2700 3437 2905 3491 ἀδικεῖν
2944 3439 3037 3492 καὶ
3077 3440 3139 3493 τὸ
3179 3441 3269 3494 ὑπ’
3319 3443 3561 3514 ἀλλήλων
3595 3445 3713 3498 ἀδι-

2136 3525 2348 3578 κεῖσθαι
2380 3525 2592 3595 γένεσις
2637 3532 2801 3595 ποιεῖ,
2846 3530 2928 3594 τίς
2962 3531 3121 3604 χρεία
3164 3534 3474 3606 νόμωνήΕἰ
3514 3536 3570 3588 δὲ
3614 3537 3712 3590 ἴνα

2133 3619 2258 3682 τοὺς
2322 3619 2734 3690 ἁμαρτάνοντας
2797 3622 3130 3693 ἀμύνωνται,
3191 3627 3562 3697 φροντίζοντος
3607 3629 3709 3682 τοῦ

2132 3709 2267 3763 Θεοῦ
2287 3710 2396 3764 τῶν
2427 3712 2793 3785 ἀδικουμένων
2815 3731 2828 3744 ·
2868 3715 3087 3786 ἄμεινον
3119 3713 3186 3788 ἦν
3215 3721 3416 3783 κακοὺς
3442 3719 3515 3790 μὴ
3549 3721 3712 3792 ποιῆ-

2134 3810 2223 3847 σαι
2267 3794 2389 3848 καθ’
2448 3797 2808 3868 εἱμαρμένην,
2847 3799 2881 3870 ἦ
2941 3802 3080 3871 μετά
3126 3802 3187 3854 τὸ
3225 3804 3469 3874 ποιῆσαι,
3515 3805 3707 3874 νόμοις

2133 3887 2581 3959 ἐπανορθοῦσθαι.
2625 3890 2761 3944 Ἀλλ’
2797 3891 3000 3960 ἀγαθὸς
3039 3894 3067 3945 ὀ
3102 3893 3233 3959 Θεὸς
3271 3897 3363 3949 καὶ
3393 3896 3573 3965 σοφὸς,
3603 3895 3702 3950 xa‘

2130 3979 2200 4034 τὰ
2223 3980 2460 4034 κοείσσω
2483 3981 2670 4038 ποιῶν.
2702 3985 2814 4038 Οὐκ
2840 3983 2947 4056 ἀρα
2981 3984 3211 4048 γένεσις.

2205 4271 2360 4323 Ἤτοι
2403 4271 2703 4342 ἀνατροφαὶ
2751 4270 2845 4324 καὶ
2887 4271 2954 4324 τὰ
2994 4269 3090 4342 ἔθη
3133 4271 3241 4324 τῶν
3287 4271 3704 4345 ἁμαρτημάτων

2131 4364 2266 4417 εἰσιν
2289 4363 2458 4427 αἴτια,
2491 4364 2524 4434 ἢ
2555 4361 2622 4415 τὰ
2655 4361 2799 4434 πάθη
2831 4362 2928 4433 τῆς
2959 4361 3159 4433 ψυχῆς,
3190 4364 3283 4415 καὶ
3308 4363 3360 4414 αἱ
3393 4363 3479 4417 διὰ
3508 4362 3701 4435 σώμα-

2131 4477 2222 4524 τος
2260 4460 2561 4530 ἐπιθυμίαι.
2608 4459 2895 4531 Ὃπότερον
2927 4460 2972 4513 δ’
3017 4460 3082 4514 ἂν
3111 4453 3375 4530 τούτωνῇ
3411 4458 3469 4511 τὸ
3497 4458 3696 4521 αἴτιον,

463 4554 677 4608 centur,
735 4559 830 4599 seu
883 4543 1227 4613 cupiditates.
1268 4541 1543 4611 Quidquid
1601 4550 1782 4598 autem
1831 4544 2026 4597 horum

2147 4547 2210 4617 »ἴς
2238 4551 2304 4607 ἂν
2409 4551 2602 4618 αἴτιον,
2627 4551 2758 4614 Θεὸς
2791 4550 3049 4614 ἀναίτιος.

461 4653 629 4694 causa
660 4638 750 4697 sit.
785 4645 931 4692 certe
965 4635 1104 4690 Deus
1127 4643 1318 4690 auctor
1341 4651 1402 4688 ac
1425 4649 1587 4689 causa
1618 4635 1841 4691 minime
1864 4636 1952 4691 sit.

535 4729 594 4787 Si
623 4729 817 4786 melius
847 4731 1154 4800 cstjustum
1185 4744 1306 4784 esse
1328 4742 1489 4797 quam
1515 4727 1806 4796 injustum,
1837 4727 2025 4798 quidni

460 4824 587 4879 talis
636 4823 703 4877 ab
762 4823 879 4892 ipso
932 4823 1184 4893 protinus
1226 4830 1348 4875 ortu
1399 4834 1573 4889 exque
1627 4819 1813 4888 genesi
1865 4819 2027 4874 homo

461 4916 725 4972 creatur?
754 4913 852 4970 Sin
885 4926 1068 4970 autem
1101 4923 1311 4985 postea,
1349 4920 1407 4966 ut
1432 4911 1500 4966 ad
1525 4911 1803 4966 meliorem
1833 4910 2027 4965 evadat

461 5009 695 5079 frugem.
720 5007 1026 5077 disciplinis
1057 5006 1276 5076 cogitur
1299 5014 1462 5076 atque
1486 5003 1697 5074 legibus
1734 5022 1746 5056 :
1776 5003 1936 5072 plane
1967 5010 2027 5057 ut

459 5101 669 5156 arbitrii
699 5100 955 5155 facultate
988 5099 1248 5169 praeditus
1277 5099 1346 5154 iis
1377 5099 1591 5169 cogitur
1623 5103 1676 5151 et
1705 5095 2022 5166 castigatur,

458 5207 567 5246 non
604 5192 749 5246 velut
782 5190 876 5262 qui
904 5192 1078 5245 malus
1107 5205 1137 5244 a
1167 5197 1363 5244 natura
1392 5189 1484 5246 sit.

530 5279 590 5336 Si
613 5282 760 5346 mali,
791 5282 958 5336 natali
991 5280 1275 5344 fatalitate,
1310 5279 1646 5334 ineluctabili
1673 5277 2026 5350 providentiae

458 5372 678 5428 decreto
727 5374 854 5427 mali
896 5382 1220 5436 nascuntur,
1268 5371 1417 5426 omni
1469 5373 1630 5441 culpa
1662 5379 1882 5433 vacant,
1923 5387 2024 5426 nec

457 5463 607 5532 digni
644 5471 773 5520 sunt
816 5465 911 5535 qui
956 5466 1136 5535 legum
1182 5463 1359 5535 pmnis
1394 5472 1782 5532 coerceantur;
1823 5465 2022 5535 quippe

457 5555 550 5623 qui
577 5554 760 5608 vivant
801 5564 862 5609 ut
907 5557 1016 5611 illis
1050 5572 1080 5609 a
1109 5565 1307 5611 natura
1336 5563 1711 5626 comparatum
1739 5565 1859 5619 est;
1894 5571 2018 5610 nam

457 5669 557 5708 nec
590 5668 647 5706 se
671 5653 820 5722 ipsos
844 5663 1053 5708 mutare
1082 5663 1397 5723 potuerunt.
1877 5719 1897 5740 .

527 5744 764 5808 Rursus,
817 5745 862 5800 si
907 5745 1055 5810 boni,
1086 5762 1151 5799 eo
1195 5745 1338 5814 quod
1381 5745 1531 5804 iuxta
1574 5751 1824 5799 naturam
1865 5756 2018 5798 suam

456 5841 576 5894 vitae
608 5839 846 5897 rationes
872 5837 1188 5903 instituunt,
1223 5837 1381 5892 laude
1409 5837 1554 5906 digni
1580 5845 1727 5902 sunt,
1765 5851 1888 5891 cum
1920 5851 2019 5889 na-

725 5930 751 5956 ε

2197 4734 2260 4786 Εἰ
2303 4732 2553 4804 κρεῖσσόν
2593 4732 2708 4785 ἐστι
2745 4729 2805 4783 τὸ
2836 4729 3040 4783 δίκαιον
3076 4724 3212 4782 εἶναι
3239 4726 3333 4780 τοῦ
3369 4725 3573 4788 ἀδίκου,
3603 4722 3696 4776 διὰ

2127 4825 2179 4879 τί
2215 4824 2453 4887 τοιοῦτος
2499 4821 2720 4877 αὐτόθεν
2757 4822 2785 4873 ὁ
2813 4819 3097 4892 ἄνθρωπος
3138 4816 3244 4872 ἀπὸ
3292 4815 3390 4886 τῆς
3428 4812 3696 4883 γενέσεως

2127 4917 2188 4970 ού
2229 4916 2464 4988 γίνεται;
2510 4916 2573 4967 Εἰ
2601 4913 2658 4966 δὲ
2705 4913 2948 4985 ὕστερον,
2990 4913 3136 4972 ὅπως
3178 4910 3415 4981 ἀμείνων
3466 4905 3693 4976 γενηθῇ,

2129 5008 2514 5080 σωφρονίξεται
2561 5006 2842 5078 μαθήμασι
2872 5005 2966 5058 καὶ
3005 5003 3215 5073 νόμοις’
3245 5000 3320 5064 ὡς
3349 4999 3696 5064 αύτεξούσιος

2126 5103 2233 5174 ἀρα
2247 5098 2682 5173 ’σωφρονίζεται,
2711 5098 2806 5152 καὶ
2829 5097 2928 5151 οὐκ
2953 5098 3017 5149 ἐκ
3041 5093 3253 5164 φύσεως
3283 5092 3360 5145 ὢν
3395 5091 3588 5155 κακός.

2196 5284 2259 5336 Εἰ
2284 5284 2332 5334 οἱ
2359 5281 2584 5352 πονηροὶ
2607 5277 2830 5350 πονηροὶ
2853 5276 2993 5331 κατὰ
3016 5277 3225 5345 γένεσιν
3247 5273 3404 5343 φύσει
3427 5270 3696 5352 Προνοίας

2122 5377 2334 5444 ταγαῖς,
2367 5375 2466 5426 οὐκ
2491 5373 2596 5425 εἰσὶ
2637 5370 2872 5441 μεμπτοὶ
2903 5370 2997 5422 καὶ
3029 5367 3167 5434 ἀξιοι
3201 5365 3470 5436 τιμωρίας
3500 5364 3600 5434 τῆς
3630 5365 3698 5415 ἐκ

2123 5469 2231 5523 τῶν
2277 5469 2476 5539 νόμων,
2521 5464 2719 5530 ζῶντες
2761 5465 2878 5518 κατ’
2919 5462 3086 5534 αὐτὴν
3122 5459 3219 5532 τὴν
3261 5459 3468 5513 οἰκείαν
3507 5457 3692 5526 φύσινο
3757 5499 3762 5503 .

2123 5562 2244 5614 ἐπεὶ
2272 5561 2345 5631 μὴ
2374 5557 2682 5629 δεδύνηνται
2711 5555 3125 5627 μεταϐληθῆναι.

2192 5739 2301 5790 Καὶ
2333 5736 2538 5800 ἀλλως’
2568 5735 2617 5788 εἰ
2657 5735 2704 5787 οἱ
2751 5731 2943 5801 ἁγαθοὶ
2981 5729 3122 5785 κατὰ
3149 5729 3248 5802 τὴν
3281 5726 3490 5783 οίκείαν
3529 5724 3695 5797 φύσιν

2123 5832 2322 5898 ζῶντές
2360 5834 2496 5885 εἰσιν
2539 5829 2830 5892 ὲπαινετοὶ,
2866 5825 2966 5896 τῆς
3007 5825 3272 5894 γενέσεως
3311 5820 3476 5892 οῠσης
3510 5819 3693 5882 αἰτίας
