3964 6226
225 374 324 431 Γίῦ

1302 371 1687 429 CONVIVIUM
1725 370 1956 429 DECEM
1996 369 2356 428 VIRGINUM.

3369 368 3473 423 ιτι

225 491 315 547 τοῦ
346 486 483 546 εἶναι
510 491 636 554 τοὺς
670 490 927 558 ἀγαθους
972 490 1098 545 οὐδὲ
1137 492 1189 545 οἱ
1221 492 1448 565 πονηροὶ
1483 492 1613 564 ἄρα,
1659 490 1800 547 κατὰ

1911 490 2032 545 talis
2054 490 2293 545 fatalitas
2330 489 2440 546 illis
2470 498 2663 546 auctor
2687 490 2757 547 sit
2781 498 2843 545 ut
2874 489 3003 546 boni
3031 488 3143 544 sint
3168 500 3183 543 ε
3215 489 3377 559 plane
3410 506 3477 545 ue

229 584 318 658 τὴν
359 585 565 639 οἰκείαν
609 585 771 655 φύσιν
819 584 1041 650 ζῶντες,
1089 584 1351 639 αἰτιατέοι
1402 584 1555 656 παρὰ
1605 585 1799 656 δικαίῳ

231 679 397 750 κριτῇ.
460 676 570 730 Καὶ
626 678 697 729 εἶ’
721 676 826 748 χρὴ
878 675 1174 748 διαρρήδην
1212 678 1405 739 εἰπεῖν,
1452 678 1481 729 ό
1514 676 1655 729 κατὰ
1696 677 1797 749 τὴν

1902 582 2030 636 mali
2056 582 2302 652 quidem,
2337 582 2432 652 qui
2477 581 2581 652 ipsi
2611 597 2830 653 quoque
2861 582 2941 639 sic
2980 583 3168 638 vivant
3199 590 3258 637 ut
3286 597 3477 638 earum

1900 679 2099 727 natura
2129 679 2297 744 atque
2328 674 2544 731 indoles
2574 675 2774 745 poscit,
2806 674 3068 745 culpandi
3093 684 3255 730 erunt
3278 690 3307 728 a
3330 674 3480 744 justo

226 767 525 840 προσοῦσαν
555 767 703 838 αὐτῷ
729 767 888 836 φύσιν
911 766 1018 832 ζῶν
1046 767 1199 821 οὐδὲν
1227 767 1551 841 ἁμαρτάνει.
1591 769 1664 822 Οὐ
1686 767 1796 840 γὰρ

1911 766 2100 831 iudice.
2132 766 2368 831 Etenim,
2405 767 2451 822 si
2491 768 2639 824 clare
2672 768 3005 840 loquendum
3036 774 3144 831 est,
3175 768 3269 839 qui
3298 769 3373 823 ita
3398 768 3483 823 vi~

224 859 408 914 ἑαυτὸν
436 858 659 930 εποίησε
689 857 950 923 τοιοῦτον,
1001 858 1115 913 ἀλλ’
1154 860 1188 930 ἡ
1229 859 1563 932 εἱμαρμένη·
1608 862 1702 914 καὶ
1728 861 1793 933 ζῇ
1856 912 1861 917 .

226 951 361 1005 κατὰ
396 950 495 1022 τὴν
528 951 730 1023 ταύτης
772 951 1007 1022 κίνησιν,
1051 951 1313 1022 ἀγόμενος
1336 950 1597 1020 ἀφύκτοις
1629 952 1795 1022 ἀνάγ-

227 1056 367 1108 καις.
415 1043 602 1108 Οὐδεὶς
646 1038 739 1098 οὖν
789 1043 978 1106 κακός.
1035 1042 1174 1096 Ἀλλ’
1218 1044 1326 1097 εἰσὶ
1379 1044 1568 1098 κακοί·
1608 1047 1722 1099 καὶ
1760 1046 1793 1117 ἠ

228 1136 325 1206 μὲν
362 1134 532 1189 κακία
562 1135 758 1208 ψεκτὴ,
787 1136 882 1190 καὶ
915 1133 1085 1207 ἐχθρὰ
1104 1133 1341 1207 τῷξΘεῷ,
1366 1135 1443 1199 ὼς
1470 1136 1795 1210 συνέστησεν

223 1230 251 1281 ό
271 1228 460 1297 λόγος·
509 1231 543 1300 ή
569 1229 625 1282 δὲ
672 1228 839 1302 ἀρετὴ
869 1228 1170 1301 προσφιλὴς
1204 1229 1301 1282 καὶ
1337 1230 1618 1303 ἐπαινετὴ,
1658 1230 1793 1285 Θεοῦ

223 1320 570 1387 διατάξαντος
604 1320 769 1392 νόμον
798 1321 1040 1392 τιμωρὸν
1076 1319 1282 1374 κακῶν.
1313 1321 1426 1374 Οὐκ
1463 1322 1573 1392 ἄρα
1608 1325 1799 1395 εἵμαρ-

223 1414 382 1486 μένην

1900 858 1974 913 vit
2012 867 2072 914 ut
2113 859 2194 913 illi
2238 875 2306 915 ex
2344 867 2543 915 natura
2583 861 2818 917 inditum
2850 868 2958 929 est,
2995 862 3129 915 nihil
3158 861 3275 932 ipse
3304 860 3484 918 delin-

1901 950 2042 1020 quit.
2073 950 2193 1006 Non
2228 952 2375 1008 enim
2408 952 2524 1023 ipse
2548 969 2608 1009 se
2646 954 2847 1024 ipsum,
2887 954 2983 1010 sed
3010 954 3182 1009 fatum
3205 955 3369 1011 talem
3398 955 3482 1012 fe-

1900 1044 1974 1098 cit
2002 1063 2014 1097 :
2049 1058 2227 1114 exque
2248 1044 2397 1101 illius
2421 1055 2602 1102 motus
2633 1046 3010 1116 compulsione
3031 1049 3183 1117 vivit,
3212 1048 3484 1104 inelucta-

1900 1134 1996 1191 bili
2050 1137 2379 1194 necessitate
2430 1144 2661 1194 tractus.
2701 1137 2874 1195 Nemo
2920 1139 3087 1210 igitur
3142 1148 3228 1196 est
3280 1141 3479 1197 malus.

1901 1228 2067 1299 Atqui
2124 1230 2251 1283 mali
2301 1237 2448 1285 sunt.
2488 1229 2554 1283 Et
2614 1230 2824 1285 malitia
2878 1230 3099 1301 quidem
3151 1231 3482 1302 vituperium

1904 1321 2091 1387 habet,
2123 1336 2189 1376 ac
2227 1319 2338 1377 Deo
2370 1322 2592 1377 inimica
2638 1328 2746 1388 est,
2770 1330 2830 1376 ut
2874 1322 3130 1392 superius
3164 1320 3343 1377 evici:
3375 1320 3483 1376 vir-

1904 1421 1998 1469 tus
2028 1428 2162 1468 vero
2191 1413 2443 1469 amabilis
2478 1420 2535 1469 et
2564 1413 2727 1469 laude
2758 1413 2942 1484 digna,
2982 1428 3109 1469 cum
3141 1412 3285 1469 Deus
3309 1414 3484 1485 legem

1904 1504 2237 1560 ulciscendis
2257 1505 2417 1561 malis
2440 1504 2809 1560 constituerit.
2839 1503 2960 1559 Non
2990 1504 3159 1575 igitur
3178 1512 3263 1560 est
3287 1503 3482 1563 fatum.

890 1616 1019 1675 CAP.
1055 1617 1222 1675 XVII.
1254 1619 1694 1690 Coucupiscentia
1728 1623 1906 1677 carnis
1930 1631 1979 1677 et
2007 1622 2225 1692 spiritus
2251 1639 2268 1676 :
2302 1624 2559 1678 vitiumet
2586 1623 2772 1677 virtus.

288 1737 401 1790 Kal.
425 1738 479 1790 τί
507 1737 760 1792 τοσοῦτον
807 1739 1250 1813 ὲπιδιατρίὸουσα
1287 1743 1398 1799 τοῖς
1425 1740 1688 1811 ἐλέγχοις,
1728 1741 1804 1804 εἰς

1981 1739 2049 1794 At
2088 1741 2218 1809 quid
2273 1756 2372 1811 ego
2430 1739 2763 1810 stringendis
2805 1739 3161 1795 elenchorum
3214 1737 3487 1793 machinis

226 1831 397 1901 μῆκος
425 1829 603 1898 ἐξάγω
626 1830 719 1884 τὸν
749 1830 926 1900 λόγον,
954 1832 1025 1885 τὰ
1048 1832 1446 1905 ἀναγκαιότερα
1472 1835 1608 1906 πρὸς
1632 1833 1804 1887 πειθὼ

225 1924 313 1977 καί
352 1922 754 1990 συγκατάθεσιν
799 1921 894 1977 τοῦ
945 1925 1313 1996 συμφέροντος
1360 1926 1664 1997 ἐκθεμένη;
1709 1926 1805 1979 καὶ

223 2014 490 2086 πρόδηλον
538 2016 692 2078 πᾶσι,
740 2016 835 2068 καὶ
878 2015 937 2080 ἐξ
978 2015 1194 2083 ὀλίγων,
1240 2018 1338 2088 τὴν
1382 2017 1681 2087 διαφωνίαν
1708 2016 1803 2070 τοῦ

222 2108 563 2176 τεχνήματος
595 2107 774 2161 αὐτῶν
803 2108 1235 2181 ὲξεργασαμένη,
1264 2108 1403 2163 ὥστε
1430 2111 1616 2183 διορᾷν
1665 2110 1804 2177 ἐξεῖ-

221 2214 305 2250 ναι
335 2198 432 2251 καὶ
471 2197 900 2253 ὲπαισθάνεσθαι
930 2198 1029 2271 τὴν
1069 2200 1279 2271 πλάνην
1326 2201 1429 2272 ἤδη
1469 2202 1564 2255 καὶ
1589 2201 1802 2273 παιδίῳ,

218 2290 294 2354 ὡς
326 2292 412 2360 ἐφ’
436 2294 571 2363 ἡμῖν
600 2294 715 2345 ἐστι
745 2294 809 2347 τὸ
837 2293 1237 2363 διαπράξασθαι
1263 2294 1325 2347 τὸ
1352 2294 1535 2358 καλὸν,
1572 2294 1605 2366 ἢ
1630 2295 1691 2348 τὸ
1716 2312 1807 2348 κα-

217 2382 336 2445 κὸν,
372 2384 467 2436 καὶ
499 2384 601 2437 οὐκ
646 2387 703 2439 ὲν
738 2386 851 2448 τοῖς
889 2385 1139 2457 ἀστράσι.
1189 2384 1293 2437 Δύο
1335 2383 1443 2455 γὰρ
1492 2387 1710 2456 κινήσεε
1748 2387 1806 2439 ὲν

215 2476 355 2546 ἡμῖν
372 2476 552 2541 ἐστὸν,
577 2477 840 2549 ἐπιθυμία
858 2479 1128 2547 πεφυκότε
1145 2479 1258 2550 (54)
1279 2479 1479 2550 σαρκὸς
1496 2478 1588 2532 καὶ
1602 2478 1802 2549 ψυχῆς,

215 2565 539 2638 διαφέρετον
565 2566 835 2638 ἁλλήλοιψ
865 2568 986 2621 ὅθεν
1021 2569 1116 2621 καὶ
1147 2568 1241 2621 δύο
1269 2567 1500 2638 λαϐέτην
1535 2567 1766 2635 όνόματε
1787 2583 1802 2597 ο

215 2659 251 2731 ἠ
278 2660 382 2729 μὲν
415 2662 529 2731 γὰρ
564 2659 790 2731 ἀρετῆς,
820 2661 854 2731 ή
877 2660 933 2713 δὲ
967 2660 1184 2724 κακίας.
1224 2662 1344 2713 Δεῖν
1369 2659 1425 2711 δὲ
1452 2661 1518 2729 τῇ
1545 2656 1805 2733 καλλίστῃ

215 2754 310 2807 καὶ
358 2756 579 2824 χρηστῇ
625 2754 719 2807 καὶ
766 2753 1049 2808 πείθεσθαι
1091 2754 1195 2825 τῆς
1239 2754 1443 2827 ἀρετῆς
1484 2756 1695 2825 ἀγωγῇ,
1737 2753 1806 2808 τὰ

217 2843 479 2917 βέλτιστα
508 2844 615 2916 πρὸ
646 2845 755 2899 τῶν
798 2845 1015 2915 φαύλων
1042 2846 1424 2917 αἱρουμένους.
1482 2846 1642 2900 Ἀλλὰ
1677 2846 1806 2918 περὶ

216 2936 427 2990 τούτων
458 2936 580 3000 ἃλις
616 2938 741 3009 ἤδη,
774 2938 866 2991 καὶ¹
892 2937 1068 3006 ὲφέξω
1092 2938 1183 2992 τὸν
1211 2938 1387 3010 λόγον.
1418 2937 1678 3009 Αἰδοῦμαι
1697 2937 1805 3010 γὰρ

1907 1832 2118 1886 diutius
2148 1832 2434 1897 immoror,
2487 1848 2613 1886 cum
2646 1832 2714 1887 ad
2746 1832 3087 1888 suadendum
3124 1847 3189 1885 ac
3227 1839 3490 1902 praestan—

1906 1926 2034 1980 dum
2083 1940 2368 1981 assensum
2425 1925 2603 1996 magis
2637 1928 2950 1981 necessaria
2999 1924 3488 1995 commodioraque

1907 2018 2209 2085 ediderim;
2239 2018 2486 2088 artisque
2515 2018 2830 2074 vanissimas
2871 2033 2900 2071 a
2942 2018 3151 2087 seipsa
3184 2017 3488 2074 dissensio-

1906 2127 2053 2177 nem,
2091 2111 2342 2183 quamvis
2365 2112 2556 2182 paucis
2586 2126 2653 2167 ex
2682 2111 2957 2181 capitibus
2993 2110 3201 2164 nemini
3233 2124 3344 2164 non
3367 2124 3488 2163 ma—

1906 2201 2163 2259 nil‘estam
2220 2202 2557 2258 reddiderim
2601 2222 2614 2257 :
2661 2212 2720 2257 ut
2778 2201 2892 2271 jam
2949 2216 3193 2256 errorem
3250 2201 3486 2255 istorum

1908 2296 2071 2366 plane
2108 2296 2314 2351 sentire
2346 2310 2412 2350 ac
2457 2296 2766 2365 perspicere
2805 2295 2891 2350 vel
2921 2293 3074 2364 pueri
3119 2294 3366 2365 possint;
3402 2294 3488 2348 in-

1912 2388 2287 2458 tclligereque,
2318 2391 2375 2441 in
2423 2396 2614 2443 nostra
2652 2386 2879 2441 omnino
2907 2386 3072 2441 situm
3104 2386 3279 2441 libera
3310 2384 3485 2440 facul-

1905 2487 2018 2535 tate
2047 2496 2192 2544 esse,
2219 2496 2327 2535 non
2356 2488 2537 2535 autem
2576 2479 2632 2533 in
2677 2478 2871 2543 stellis,
2910 2478 3115 2533 bonum
3152 2487 3247 2531 aut
3282 2478 3488 2533 malum

1905 2572 2154 2628 ciiicere?
2186 2572 2306 2629 Duo
2334 2573 2536 2643 quippe
2565 2579 2746 2626 motus
2791 2571 2846 2625 in
2878 2571 3039 2626 nobis
3069 2576 3219 2632 sunt,
3252 2576 3485 2640 uterque

1904 2664 2352 2735 concupiscentia
2393 2664 2604 2725 vocati;
2633 2664 2807 2717 altera
2847 2662 3057 2727 carnis,
3105 2662 3279 2717 altera
3323 2662 3490 2732 spiri-

1906 2764 2002 2812 tus
2028 2756 2074 2788 “
2101 2776 2113 2810 :
2151 2756 2296 2812 unde
2328 2762 2383 2812 et
2413 2755 2731 2811 nominibus
2758 2754 3235 2819 discriminantur,
3266 2753 3489 2809 virtutis

1906 2857 2073 2921 atque
2102 2850 2239 2904 vitii.
2268 2847 2460 2920 Operae
2489 2848 2725 2920 pretium
2751 2857 2932 2904 autem
2978 2856 3063 2903 est
3086 2854 3145 2903 ut
3177 2846 3487 2917 pulcherri-

1905 2958 2009 2998 mae
2052 2950 2108 2998 et
2157 2957 2338 3001 aurea:
2374 2942 2816 3012 obtemperernus
2865 2940 3088 2996 virtutis
3131 2938 3488 3002 institutioni.

221 3026 365 3097 μετὰ
405 3030 537 3092 τοὺς
572 3029 671 3100 τῆς
718 3030 939 3098 ἁγνείας
981 3029 1195 3099 λόγους,
1239 3030 1334 3083 καὶ
1369 3029 1803 3101 ἐγκαλύπτομαι,

1911 3034 2115 3105 Optima
2158 3049 2258 3105 pro
2302 3034 2480 3100 malis,
2511 3041 2567 3089 et
2606 3049 2728 3104 quae
2756 3033 2882 3088 vitae
2915 3032 3177 3097 hzereant,
3211 3029 3483 3101 eligendo.

218 3120 328 3197 τὰς
359 3120 473 3174 τῶν
520 3123 938 3196 μετεωρολόγων
979 3123 1013 3195 ἢ
1059 3123 1474 3195 ματαιοσκόπων
1510 3122 1804 3196 ἀνθρώπων

1917 3124 2026 3183 Sed
2051 3125 2119 3182 de
2151 3126 2244 3182 his
2269 3126 2383 3198 jam
2414 3126 2568 3184 satis.
2591 3125 2812 3183 Tenebo
2837 3125 2982 3181 enim
3012 3140 3099 3181 me
3121 3141 3190 3181 ne
3214 3125 3372 3196 plura
3405 3123 3491 3179 di-

223 3213 650 3287 ἀναγκαζομὲνη
690 3214 848 3280 δόξας
884 3214 1277 3288 ἐξηγήσασθαι,
1313 3214 1362 3268 οἳ
1402 3217 1495 3269 τὸν
1530 3215 1631 3286 τῆς
1668 3213 1804 3286 ζωῆς

1917 3232 2059 3283 cam,
2089 3218 2421 3275 verecundia
2453 3218 2689 3291 quadam
2723 3217 2912 3284 ducta,
2944 3233 3014 3273 ne
3046 3218 3312 3274 hactenus
3343 3216 3494 3273 habic

227 3307 343 3377 μετ’
383 3308 617 3380 οἰήσεως
656 3302 1008 3362 ἀναλίσκουσι
1047 3308 1260 3379 χρόνον,
1292 3308 1528 3380 οὐδενὶῆ
1562 3307 1804 3380 μυθικοῖς

1914 3317 2003 3367 tos
2027 3310 2095 3366 de
2121 3310 2438 3382 virginitate
2462 3326 2767 3376 sermones,
2795 3311 2900 3366 hac
2927 3327 3120 3383 parum
3154 3320 3492 3383 congruente

224 3398 653 3473 ἐνδιατρίϐοντες
675 3402 977 3474 πλάσμασι.
1020 3402 1208 3458 Ταῦτά
1245 3422 1325 3458 σοι
1370 3404 1465 3458 καὶ
1494 3404 1602 3457 τῶν
1630 3404 1804 3476 ἡμῶν,

1914 3418 2184 3475 nugarum
2223 3403 2746 3459 commemoratione
2789 3404 3182 3459 containinem.
3234 3401 3300 3456 Et
3345 3411 3494 3457 certe

228 3483 272 3542 ὦ
299 3491 559 3545 δέσποινα
599 3494 815 3566 Ἀρετὴ,
837 3494 942 3547 ἀπὸ
965 3495 1273 3567 θεορῤήτων
1309 3480 1804 3567 συγκαθυφασμένα

1914 3493 2105 3565 pudet,
2135 3492 2284 3565 quod
2328 3493 2616 3549 hominum
2662 3502 3028 3549 meteororum
3077 3494 3494 3563 cwlestiumque

225 3579 419 3653 λόγων,
444 3585 901 3657 προπομιζὲσθω
934 3585 1005 3640 τὰ
1034 3586 1205 3660 δῶρα.
1667 3635 1693 3660 ,

1915 3586 2203 3642 scientiam
2236 3584 2357 3656 (seu
2388 3586 2563 3657 magis
2594 3585 2813 3641 inanem
2861 3586 3326 3658 observationem)
3365 3600 3494 3656 pro-

227 3677 521 3747 ﬂentium,
548 3684 837 3754 opiniones
862 3684 1070 3739 referre
1120 3699 1347 3741 necesse
1404 3683 1727 3752 habuerim;
1764 3683 1861 3754 qui
1908 3682 2165 3739 videlicet
2209 3676 2589 3740 solis'l‘a'bulis
2621 3689 2787 3752 atque
2823 3681 3096 3752 ﬁgmentis
3130 3681 3323 3735 dantes
3362 3694 3496 3751 ope-

224 3790 362 3842 nm,
406 3778 561 3833 inani
609 3777 757 3834 fastu
806 3779 1182 3856 acjactantia,
1217 3782 1342 3837 vitae
1374 3788 1591 3852 tempus
1646 3782 1955 3837 insumunt.
1990 3779 2171 3850 Atque
2197 3778 2314 3835 haec
2343 3778 2444 3834 tibi
2483 3793 2515 3833 a
2540 3777 2721 3843 nobis,
2755 3792 2790 3832 ο
2817 3776 3038 3831 domina
3083 3776 3268 3839 Arete,
3290 3788 3356 3829 ex
3408 3772 3496 3829 dio

222 3871 368 3928 vinis
394 3881 653 3928 contexta
675 3875 1038 3940 sermonibus,
1063 3892 1130 3932 en
1158 3877 1252 3934 tibi
1276 3878 1543 3934 sistantur
1563 3877 1729 3933 dona.

291 3968 595 4023 ΕΥΒΟΥΛ.
679 3970 768 4032 Ὠς
816 3969 937 4023 λίαν
981 3971 1354 4040 ἀγωνιστικῶς
1406 3975 1440 4045 ἡ
1486 3972 1664 4028 Θέκλα
1715 3972 1809 4027 καὶ

223 4057 476 4123 ἐνδόξως.
512 4054 559 4112 ὦ
596 4061 931 4133 Γρηγόριονς

1912 4075 2020 4130 que
2051 4060 2339 4130 magniﬁce
2364 4060 2666 4130 disputavit
2690 4058 2929 4114 Thecla?

289 4150 588 4204 ΓΡΗΓΟΡ.
625 4151 689 4204 Τί
726 4148 840 4215 οὖν,
886 4151 918 4224 ἢ
950 4153 1119 4224 αὐτῆς
1154 4153 1371 4225 ἐκείνης
1399 4154 1675 4226 ἀκηκόεις,
1708 4154 1804 4227 ῥύ-

1984 4150 2191 4207 GREG.
2225 4152 2366 4219 Quid
2418 4152 2464 4207 si
2516 4166 2634 4206 eam
2686 4151 2862 4221 ipsam
2896 4149 3118 4220 copiosa
3142 4150 3495 4222 versatilique

216 4242 315 4314 δην
341 4243 444 4295 καὶ
476 4241 806 4314 εὐτρόχῳ.τῇ
831 4243 1044 4317 γλώττῃ
1076 4244 1212 4316 μετὰ
1239 4244 1438 4316 πολλῆς
1467 4245 1685 4316 χάριτος
1713 4244 1804 4298 καὶ

1912 4244 2244 4315 eloquentia,
2298 4259 2420 4298 cum
2481 4257 2691 4297 summa
2749 4240 2924 4311 gratia
2962 4248 3017 4296 et
3045 4241 3323 4311 voluptate
3361 4256 3496 4296 con-

213 4334 422 4404 ὴδονῆς
462 4333 883 4406 διαλεγομένης;
923 4335 1063 4391 ὥστε
1110 4337 1417 4409 ἁγασθῆναί
1448 4355 1569 4392 τινα
1613 4337 1804 4412 προσέ-

1911 4336 2124 4406 juncta,
2175 4333 2569 4390 edisserentem
2602 4332 2911 4388 audiisses?
2943 4338 3003 4385 ut
3030 4330 3383 4386 admirationi
3410 4337 3494 4385 at-

215 4441 421 4495 χοντα,
451 4424 551 4478 καὶ
588 4426 686 4495 τῆς
732 4427 944 4498 μορφῆς
983 4427 1321 4501 ἐπανθούσης
1351 4432 1466 4492 τοῖς
1505 4430 1701 4499 λόγοις,
1730 4430 1804 4494 ὡς

1911 4427 2260 4482 tendentibus
2274 4435 2439 4491 esset,
2459 4424 2717 4496 splendor
2731 4425 2879 4479 omni
2895 4432 3089 4480 ornatu
3103 4422 3493 4479 emorescentis

214 4515 559 4597 ἐνδιαθέτως
586 4517 678 4569 καὶ
712 4514 788 4585 τῷ
814 4516 927 4571 ὄντι
963 4518 1380 4591 φανταζομένως
1405 4522 1534 4592 περὶ
1561 4515 1636 4576 ὧν
1668 4524 1804 4594 ἀφη-

1915 4518 2206 4585 dictionis;
2241 4519 2318 4573 ita
2361 4533 2429 4573 ex
2461 4517 2645 4572 animo
2695 4532 2760 4573 ac
2809 4517 3010 4574 mentis
3038 4532 3204 4587 penu,
3236 4516 3492 4586 verisque

1986 3964 2239 4021 EUBUL.
2282 3966 2456 4033 Quam
2485 3965 2829 4037 pugnaciter,
2865 3979 2899 4020 ο
2930 3963 3273 4037 Gregorium,
3298 3981 3497 4038 quam-

213 4610 375 4675 τεῖτο
427 4607 680 4673 διετέλει,
738 4610 1272 4685 ὐιιτερυθρσιινοὲλ-ένης
1329 4616 1465 4688 αὐτῇ
1523 4617 1663 4671 αἰδοῖ
1712 4618 1812 4691 τῆς

213 4694 433 4858 ἒξεωςο
478 4695 578 4767 ὅλη
617 4696 726 4770 γὰρ
752 4694 893 4754 εἶναι
928 4701 1137 4771 πέφυκε
1175 4700 1344 4775 λευκὴ
1386 4706 1480 4759 καὶ
1524 4705 1684 4780 σῶμα
1716 4708 1810 4763 καὶ

262 4789 435 4858 υχήν.

262 4806 435 4859 υχ-ην.

290 4967 601 5022 ΕΥΒΟΥΛ.
650 4970 878 5042 Ὀρθῶς,
905 4966 950 5026 ὧ
980 4974 1301 5047 Γρηγόριον,
1337 4977 1509 5032 ταῦτα
1558 4980 1684 5051 φῂς,
1717 4980 1812 5035 7.0.1

411 5060 596 5114 αὐτῶν
619 5061 832 5132 ψεῦδος.
864 5064 1072 5133 Ἔγνων
1102 5065 1210 5138 γὰρ
1238 5067 1331 5119 καὶ
1366 5067 1474 5121 ἀπὸ
1496 5068 1604 5123 τῶν
1638 5070 1814 5125 ἄλλων

218 5150 740 5225 ἀνδραγαθημάτων
787 5154 950 5227 μῆτιν
994 5157 1181 5228 αὐτῆς,
1218 5158 1311 5211 καὶ
1359 5157 1535 5229 λέγειν
1561 5161 1670 5234 ,ὅσα
1721 5164 1814 5217 καὶ

297 5311 348 5341 ⁸⁵
377 5308 505 5366 Gal.
539 5327 597 5376 ν,
624 5311 713 5366 17.

296 5467 415 5542 (ξι)
450 5468 778 5534 Πεερυκότε.
803 5467 905 5542 δίο
931 5468 1223 5540 aliquando
1254 5485 1319 5526 ex
1346 5472 1663 5542 conjectura
1688 5490 1811 5530 cor-

224 5538 551 5611 rigebamus
602 5540 899 5611 πεφυκότες
954 5538 1034 5594 ut‘
1062 5556 1259 5611 genere
1312 5538 1636 5607 congrueret
1683 5560 1808 5600 cum

224 5607 378 5682 duali
414 5609 759 5682 praecedente
786 5607 1205 5682 ἐπιθυμίαξδοιί
1237 5621 1380 5681 post,
1418 5612 1698 5669 Mazarino
1724 5629 1812 5669 eoo

223 5677 349 5751 dice
385 5680 627 5751 et_ipso_
648 5681 918 5749 πεφυκότε
952 5677 1294 5751 praeferente,
1326 5685 1811 5740 animadvertimus

224 5748 506 5824 Eiusmodi
554 5748 920 5824 σολοικοφανῆ
952 5748 1190 5823 antiquis
1229 5769 1336 5824 non
1383 5754 1696 5824 displicere.
1732 5753 1812 5809 ita

226 5813 465 5875 Photius
491 5820 671 5891 primo
701 5813 1038 5878 Bibliotheca:
1070 5813 1182 5878 suae
1214 5823 1401 5881 codice
1430 5813 1621 5881 scribit
1641 5824 1812 5896 αὐξη-

1912 4610 2244 4683 imaginibus
2303 4624 2612 4666 sermonem
2665 4608 3111 4678 exsequebatur,
3168 4607 3237 4662 de
3289 4607 3492 4677 quibus

1914 4706 2283 4762 narrationem
2322 4703 2657 4768 instituerat,
2678 4716 2804 4757 cum
2830 4700 3046 4755 interim
3078 4700 3226 4754 illius
3269 4714 3491 4770 quoque

1911 4799 2080 4854 facies
2108 4797 2179 4853 ob
2209 4795 2596 4853 verecundiam
2627 4794 2829 4849 rubore
2870 4791 3313 4848 suti‘underetur:
3372 4797 3489 4844 tota

1911 4906 2146 4961 namque
2177 4897 2232 4946 et
2258 4904 2489 4961 corpore
2503 4894 2557 4943 et
2584 4886 2767 4940 animo
2789 4885 3027 4942 candore
3054 4882 3379 4941 collucebat.

1983 4980 2234 5037 EUBUL.
2291 4980 2459 5037 Recte
2497 4980 2614 5035 haec
2650 4977 2854 5044 eﬂ‘aris,
2911 4978 3255 5050 Gregorium,
3314 4987 3492 5045 neque

1912 5074 2003 5130 hic
2026 5075 2295 5132 mendacii
2330 5076 2593 5147 prehendi
2622 5075 2848 5145 poteris.
2872 5074 3009 5129 Novi
3039 5072 3181 5129 enim
3206 5078 3263 5125 et
3284 5084 3353 5125 ex
3387 5080 3492 5125 ca-

1913 5166 2050 5222 teris
2072 5165 2307 5223 heroicis
2336 5169 2476 5225 actis
2514 5167 2663 5224 illius
2706 5165 3029 5239 sapientiam
3052 5203 3067 5229 ,
3098 5171 3153 5218 et
3185 5177 3325 5243 .quaa
3353 5176 3491 5231 qua-

1915 5476 2119 5531 θέντων
2152 5478 2520 5549 παραδόσεων.
2554 5481 2725 5548 Quem
2761 5478 2817 5532 in
2850 5477 3028 5531 locum
3062 5473 3405 5530 Hmschelius
3433 5472 3490 5549 in

1911 5546 2461 5622 notis-suissimilia
2504 5546 2857 5622 probatorum
2904 5556 3191 5622 auctorum
3240 5546 3488 5614 exempla

1914 5618 2143 5692 colligit.
2166 5618 2351 5692 _Pau|o
2399 5618 2524 5692 post
2563 5622 2688 5692 δεῖν
2717 5618 2953 5690 positum
2980 5633 3080 5688 pro
3106 5618 3207 5692 δεῖ,
3252 5623 3310 5692 ut
3347 5629 3490 5692 saepe

1914 5682 2135 5746 alias'in
2164 5690 2269 5746 hoc
2304 5682 2468 5763 opc're
2501 5682 2800 5749 inﬁnitivus
2823 5704 2922 5760 pro
2948 5682 3224 5759 praesenti.
3255 5685 3355 5740 En.
3382 5682 3487 5739 Lu-

1915 5774 2038 5815 PAR.
