3964 6226
480 359 581 418 ιῖὔ

1473 366 1531 419 S.
1573 364 1905 422 METHODKI
1949 361 2256 422 EPISCOPI
2296 361 2387 421 ET
2430 367 2796 426 MABTYRIS

3618 377 3727 433 Πϐ

475 486 654 557 liaque
683 485 830 539 illam
855 498 1114 556 perorare
1143 483 1455 553 contigerit,
1486 483 1808 539 excellentis
1837 498 2040 553 semper

2152 476 2243 538 οἷα
2294 484 2679 557 κατώρθωσεν,
2725 489 3163 562 ὑπερϐαλλούσης
3213 490 3428 565 ἀγάπης
3468 493 3730 560 ἐπίδειξιν

475 582 530 635 in
581 579 859 635 Christum
908 577 1195 634 charitatis
1243 580 1571 633 documenta
1614 577 2050 633 luculentissima

469 670 690 728 edenti:
717 676 888 740 utque
911 669 1079 724 decus
1104 683 1211 722 una
1243 668 1560 738 multiplicis
1584 669 1830 741 martyrii
1851 668 2050 738 smpius

472 759 686 816 iteratis
719 759 1021 830 ingentium
1061 758 1421 813 certaminum
1451 759 1618 813 claris
1654 759 1900 815 victoriis
1930 758 2051 829 glo-

470 853 620 909 riose
641 852 848 914 tulerit,
877 852 934 906 in
956 851 1153 922 quibus
1180 857 1236 906 et
1262 850 1684 921 magnanimitas
1702 849 2051 921 aggrediendi

469 953 526 1003 et
556 946 720 1001 ardor
747 960 863 1000 rem
901 944 1145 1016 gerendi,
1183 943 1337 1015 paria
1380 942 1624 1006 fuerunt,
1657 942 2047 1014 magnitudini-

471 1056 578 1110 quc
605 1038 960 1095 consiliorum
991 1046 1047 1092 ct
1078 1037 1296 1101 mentis,
1315 1053 1381 1091 ex
1409 1052 1564 1107 aequo
1586 1051 1802 1107 semper
1828 1050 2051 1106 respou-

470 1133 552 1188 dit
584 1132 813 1188 firmitas
842 1130 1120 1201 roburque
1158 1130 1426 1200 corporis.

542 1222 750 1280 GREG.
786 1223 1086 1280 Verissima
1118 1233 1171 1277 et
1202 1232 1257 1278 tu
1292 1237 1516 1287 narras;
1570 1221 1667 1277 sed
1711 1236 1780 1276 ne
1830 1220 1917 1276 his
1948 1220 2051 1273 im-

470 1335 768 1378 moremur.
802 1317 937 1373 Nam
966 1318 1034 1374 de
1058 1317 1257 1371 talibus
1305 1324 1360 1370 et
1397 1315 1534 1371 alias
1562 1330 1725 1385 saepe,
1757 1329 1884 1370 cum
1915 1313 2048 1369 lice~

465 1413 571 1478 bit,
604 1427 766 1484 agere
814 1412 959 1466 inter
988 1425 1088 1465 nos
1115 1409 1436 1481 poterimus.
1481 1407 1639 1463 Nunc
1683 1414 1810 1463 ante
1864 1405 2049 1461 omnia

467 1504 698 1562 reddere
736 1519 824 1559 me
874 1503 971 1558 tibi
1016 1503 1193 1566 decet,
1228 1516 1368 1572 quos
1409 1500 1668 1572 promisi,
1714 1499 2049 1570 reliquarum

468 1612 687 1670 quoque
722 1596 994 1668 virginum
1041 1609 1343 1663 sermones,
1384 1594 1645 1650 nimirum
1676 1591 1928 1665 Tysianae
1944 1590 2050 1647 Do-

468 1691 816 1762 mninmque:
855 1690 938 1744 hac
966 1688 1234 1759 siquidem
1266 1696 1477 1743 restant
1509 1687 1657 1743 solae.
1686 1683 1755 1740 Ut
1791 1685 1957 1755 igitur
1984 1681 2048 1737 ﬁ-

468 1800 592 1841 nem
616 1782 833 1839 dicendl
858 1781 1059 1837 Theo-la
1083 1781 1232 1844 fecit,
1260 1780 1327 1835 iis
1353 1789 1463 1834 tam
1500 1780 1689 1834 multis
1719 1792 1837 1849 quae
1856 1791 2039 1832 recen-

2155 578 2449 652 ποιουμένη
2506 580 2759 652 Χριστῷ·
2814 582 2908 635 καὶ
2978 582 3054 647 ὡς
3105 583 3407 657 διαπρεπὴς
3468 586 3731 651 πολλάκις

2152 668 2325 741 ἐφάνη
2355 675 2467 736 τοῖς
2506 674 2766 744 μεγάλοις
2799 676 2892 729 καὶ
2925 676 3160 750 πρώτοις
3190 665 3371 741 ἄθλοις
3407 678 3727 745 ὑπαντῶσα,

2150 762 2259 815 τῶν
2300 766 2594 838 μαρτύρων
2635 766 2755 839 ἴσην
2800 771 2866 840 τῇ
2912 768 3189 840 προθυμίᾳ
3221 767 3317 841 τὴν
3353 769 3587 843 σπουδὴν
3633 787 3729 826 κε-

2151 854 2418 925 κτημένη,
2447 856 2540 908 καὶ
2572 858 2636 928 τῇ
2681 858 2830 930 ἀκμῇ
2856 856 2966 911 τῶν
3000 858 3379 931 βουλευμάτων
3401 859 3501 934 τὴν
3532 858 3730 936 ῥώμην

2150 965 2245 1001 του
2277 965 2546 1020 σωματος.
3430 972 3434 983 ·

2220 1235 2507 1289 ΓΡΗΓΟΡ.
2555 1234 2915 1309 Ἀληθέστατα
2952 1237 3045 1291 καὶ
3075 1235 3139 1290 σὺ
3172 1234 3277 1307 φῄς
3296 1251 3310 1266 ·
3332 1233 3469 1289 ἀλλὰ
3500 1232 3576 1307 μὴ
3606 1233 3728 1288 δια-

2149 1325 2443 1399 τρίϐωμεν.
2487 1328 2704 1382 Τούτων
2744 1328 2852 1400 γὰρ
2894 1328 3019 1401 πέρι
3065 1328 3158 1382 καὶ
3203 1327 3311 1381 τῶν
3358 1323 3514 1391 αὖθις
3569 1327 3727 1383 ἔσται

2150 1417 2409 1483 πολλάκις
2439 1422 2585 1491 ἡμᾶς
2613 1420 2972 1485 διαλέξασθαι.
3007 1420 3121 1475 Νῦν
3153 1420 3210 1473 δὲ
3243 1419 3458 1493 πρῶτον
3487 1421 3584 1475 καὶ
3615 1419 3728 1476 τῶν

2150 1509 2277 1582 ἑξῆς
2317 1512 2599 1581 παρθένων
2639 1510 2950 1581 ἐξαγγεῖλαι
2993 1530 3060 1585 με
3091 1512 3174 1566 δεῖ
3210 1528 3293 1565 σοι
3333 1512 3458 1577 τοὺς
3505 1512 3723 1582 λόγους,

2150 1602 2334 1668 καθὼς
2367 1605 2607 1676 ὑπέστην
2626 1622 2639 1634 ·
2679 1603 2876 1675 μᾶλλον
2908 1604 2964 1658 δὲ
2998 1603 3269 1674 Τυσιανῆς
3304 1603 3398 1657 καλ⁵
3423 1602 3720 1677 Δομνίνης·

2149 1688 2308 1752 αὗται
2353 1697 2462 1771 γάρ
2501 1697 2581 1751 ἔτι
2635 1697 3061 1769 περιλείπονται.
3115 1699 3201 1763 Ὠς
3233 1694 3328 1753 οὖν
3367 1697 3727 1753 ἀπεπαύσατο

2149 1791 2245 1846 καὶ
2287 1788 2321 1862 ἡ
2354 1791 2530 1845 Θέκλα
2572 1791 2810 1847 τοσαῦτα
2847 1790 3103 1856 εἰποῦσα,
3140 1790 3244 1863 ἔφη
3280 1790 3580 1861 προστάξαι
3626 1791 3726 1865 τὴν

468 1875 553 1935 sui
587 1874 877 1947 peroratis,
922 1872 1191 1929 referebat
1220 1870 1529 1943 Tbeopatra
1580 1872 1880 1943 imperasse
1909 1870 2040 1925 Are-

2162 1859 2385 1953 Ἀρετην
2423 1884 2457 1953 ἡ
2503 1874 2791 1954 Θεοπάτρα
2839 1884 2905 1953 τῇ
2940 1859 3193 1952 Τυσιανῇή
3230 1859 3446 1950 λέγειν’
3497 1883 3597 1954 τὴν
3643 1859 3724 1949 δέ,

468 1978 561 2026 ten
603 1968 875 2043 Tysianae,
908 1975 966 2023 ut
1001 1967 1181 2022 locum
1237 1964 1429 2021 orandi
1471 1972 1723 2036 caperet;
1754 1964 1889 2019 hanc
1922 1976 2040 2018 vero

2152 1972 2524 2045 μειδιάσασαν,
2559 1972 2867 2047 ἔμπροσθεν
2892 1974 3063 2045 αὐτῆς
3088 1972 3397 2047 παρελθεῖν,
3420 1975 3513 2029 καὶ
3533 1974 3721 2045 φάναι.

468 2061 643 2117 levius
668 2058 1042 2116 subridentem
1068 2064 1195 2112 ante
1215 2056 1391 2129 ipsam
1423 2071 1794 2127 progressam,
1836 2055 1892 2109 in
1934 2053 2048 2109 llaec

465 2153 631 2208 verba
660 2150 885 2208 dixisse.

903 2320 1364 2414 ORATIO
1449 2325 1615 2412 IX.

1092 2448 1418 2506 TYSIANA.

2659 2326 3025 2414 ΛΟΓΟΣ
3082 2327 3192 2417 Θ.

2777 2452 3103 2510 ΤΥΣΙΑΝΗ.

462 2550 595 2607 Car.
620 2546 670 2619 _l.
702 2543 963 2619 Castitas,
994 2538 1109 2619 veri
1138 2540 1473 2619 tabernaculi
1503 2549 1723 2619 ornatus
1750 2539 2195 2619 ριξῳορριιιιδηΑά
2233 2540 2696 2597 tabernaculorum
2732 2543 2926 2619 festum
2956 2544 3345 2610 celebrandum,
3386 2556 3578 2619 septem
3608 2549 3729 2607 dies

536 2617 723 2672 indicti
756 2613 988 2689 Juda'is,
1021 2609 1148 2689 quid
1178 2612 1498 2689 signiﬁcent.
1542 2609 1838 2689 septenarii
1878 2610 2036 2689 hujus
2074 2613 2273 2665 incerta
2313 2627 2522 2666 summa
2551 2629 2570 2667 :
2600 2630 2690 2668 nec
2730 2609 2828 2669 ulli
2861 2617 3042 2688 liquet,
3068 2619 3280 2689 quando
3312 2609 3497 2689 futura
3532 2621 3728 2677 mundi

532 2687 919 2743 consummatio
942 2680 1043 2740 sit;
1067 2680 1254 2736 Mundi
1283 2681 1489 2751 fabrica
1516 2680 1803 2736 etiamnum
1828 2680 2136 2752 completur.

530 2782 577 2838 0
627 2780 830 2845 Arete,
865 2777 1261 2834 amabilissima
1312 2776 1646 2850 virginitatis
1694 2778 2035 2833 amatoribus

458 2873 733 2949 gloriatio,
769 2886 871 2943 ego
899 2885 1116 2942 quoque
1156 2868 1418 2924 auxilium
1444 2876 1597 2923 tuum
1642 2869 1696 2923 in
1730 2880 1842 2924 rem
1873 2883 2036 2939 quam

455 2968 639 3040 jubes,
674 2965 939 3035 imploro:
971 2977 1041 3017 ne
1070 2961 1201 3015 mihi
1224 2959 1372 3032 quod
1391 2959 1567 3014 dicam
1587 2960 1750 3023 desit,
1770 2960 2038 3015 exhausto

2213 2773 2284 2831 Ὦ
2340 2779 2555 2851 Ἀρετὴ,
2600 2781 2899 2854 παρθενίας
2946 2785 3203 2858 ἐρασταῖς
3242 2786 3544 2860 ἐπέραστον
3584 2788 3729 2843 καύ-

2142 2889 2295 2943 χημα
2337 2872 2467 2945 (55),
2501 2874 2655 2944 κάγὼ
2689 2876 3219 2951 συναντιληψομένην
3251 2898 3340 2952 μοι
3372 2882 3726 2955 παραστῆναξ

2146 2982 2200 3018 σε
2248 2967 2570 3036 παρακαλῶ,
2615 2970 2809 3042 μήπως
2838 2971 3103 3044 ἀπορήσω
3146 2972 3341 3043 λόγων,
3372 2974 3467 3028 ἀτε
3511 2974 3728 3029 πολλῶν

458 3068 540 3114 tot
568 3067 791 3130 tamque
834 3054 1075 3128 copiosis
1116 3054 1348 3109 aliorum
1388 3055 1732 3111 orationibus
1778 3054 2039 3125 subjectae

2147 3059 2247 3131 ἤδη
2303 3062 2396 3114 καὶ
2451 3062 2805 3117 παντοδαπῶν
2859 3065 3183 3135 εἰρημένων.
3235 3066 3327 3119 Διὸ
3372 3066 3467 3123 καὶ⁸
3515 3086 3723 3141 παραι-

457 3151 795 3208 laudationis
829 3159 1174 3222 argumento.
1212 3146 1394 3213 Quare
1422 3147 1479 3202 in
1508 3148 1792 3218 prommiis
1831 3160 2041 3202 sermo-

459 3247 653 3317 nisque
690 3243 1158 3301 insinuationibus
1197 3252 1408 3311 tempus
1434 3240 1687 3311 equidem
1712 3254 2043 3311 Operamque

458 3355 568 3397 non
588 3337 835 3410 perdam,
859 3352 928 3391 ne
953 3335 1081 3390 dum
1104 3334 1437 3389 exornandis
1454 3348 1576 3403 qua:
1603 3332 1711 3389 illis
1736 3339 2041 3403 congruant

458 3443 665 3486 moram
697 3434 941 3491 traxero,
971 3425 1115 3497 quod
1148 3424 1482 3495 praecipuum
1508 3430 1592 3479 est
1635 3421 1908 3487 elabatur,
1942 3435 2039 3475 ac-

457 3521 704 3578 cessoria
735 3533 1141 3591 supervacanee
1170 3517 1436 3587 captanti,
1468 3516 1603 3571 adeo
1633 3515 1893 3570 nimirum
1922 3513 2037 3584 glo-

456 3615 627 3679 riosa,
650 3613 1017 3685 praeclaraque
1039 3626 1104 3665 ac
1133 3610 1421 3682 magniﬁca
1452 3624 1543 3664 res
1570 3615 1654 3663 est
1680 3606 1988 3677 virginitas.

527 3706 695 3772 Deus,
730 3720 855 3761 cum
878 3703 1221 3760 celebrandae
1247 3717 1390 3758 verae
1420 3699 1734 3757 festivitatis
1765 3698 2041 3753 Taberna.

455 3799 706 3856 culorum
735 3798 879 3855 veris
904 3796 1167 3854 lsraelitis
1194 3796 1497 3868 legitimum
1520 3795 1686 3850 ritum
1719 3794 1773 3849 in
1794 3793 2039 3850 Levitico

455 3891 858 3962 prmscriberet,
901 3906 1012 3961 prae
1055 3890 1283 3960 reliquis
1315 3888 1692 3945 exornandum
1733 3889 1931 3959 cuique
1956 3894 2039 3942 ta-

457 3983 811 4040 bernaculum
866 3998 1027 4038 suum
1067 3984 1320 4037 castitate
1359 3982 1554 4037 sancit.
1605 3981 1887 4051 Apponam
1919 3981 2037 4053 ipsa

457 4075 756 4148 Scriptura;
775 4076 962 4140 verba,
999 4091 1064 4130 ex
1087 4075 1288 4145 quibus
1314 4076 1434 4131 sine
1457 4076 1566 4130 ulla
1587 4074 1928 4132 dubitatione
1949 4076 2039 4131 de-

455 4169 853 4225 monstrabitur
899 4182 1062 4239 quam
1106 4165 1218 4221 Deo
1271 4167 1604 4225 conveniens
1655 4169 1843 4241 illique
1881 4183 2038 4224 accc.

453 4268 608 4333 ptum
659 4263 731 4318 sit
767 4262 869 4316 hoc
910 4258 1245 4331 virginitatis
1298 4276 1518 4316 munus.
1579 4263 1777 4330 Quinto
1833 4263 2035 4316 decimo

452 4356 540 4412 die
564 4357 755 4411 mensis
768 4358 1001 4426 septimi,
1023 4357 1236 4428 quando
1258 4357 1751 4411 consummaveritis
1766 4357 2034 4427 genimina

2142 3153 2340 3225 τοῦμαι
2367 3154 2435 3209 τά
2458 3155 2792 3228 προοιμιὼδη
2822 3156 2993 3210 ταῦτα
3021 3158 3115 3212 καὶ
3136 3152 3725 3231 προκατασκευαστῆκὰ

2140 3242 2250 3298 τῶν
2282 3245 2475 3313 λόγων,
2509 3247 2594 3301 ἵνα
2624 3247 2721 3320 μὴ,
2766 3247 3087 3328 χρονίζουσα
3124 3252 3469 3323 προσήκοντα
3510 3251 3721 3318 τούτοις

2141 3336 2523 3408 ἐφαρμόττειν,
2545 3338 2720 3391 αὐτῶν
2742 3338 2960 3391 ὲκπέσω
2985 3338 3091 3392 τῶν
3118 3341 3491 3415 προκειμένων
3509 3359 3521 3372 ·
3546 3342 3724 3409 οὕτως

2140 3426 2346 3494 ἔνδοξόν
2378 3429 2524 3481 ἐστιν
2550 3430 2584 3499 ἡ
2619 3428 2886 3502 παρθενία
2916 3430 3009 3484 καὶ
3042 3431 3220 3503 τίμιον
3255 3433 3347 3487 καὶ
3380 3433 3725 3506 μεγαλοπρε-

2141 3516 2261 3581 πὲς.

2222 3698 2280 3752 '0
2328 3698 2462 3763 Θεὸς
2503 3701 2602 3773 τὴν
2651 3701 2845 3774 ἑορτὴν
2891 3702 2990 3774 τῆς
3035 3701 3419 3775 Σκηνοπηγίας
3450 3703 3728 3758 διδάσκων

2138 3792 2237 3864 τῆς
2272 3792 2534 3864 ἀληθινῆς
2562 3794 2688 3858 τοὺς
2722 3792 3023 3873 ἀληθινοὺς
3052 3796 3410 3869 Ἰσραηλίτας,
3452 3798 3569 3863 πῶς
3595 3799 3730 3871 ἑορ-

2138 3886 2321 3953 τάζειν
2369 3889 2450 3943 δεῖ
2492 3890 2585 3943 καὶ
2624 3891 2810 3961 τιμᾷν,
2843 3891 2901 3945 ἐν
2944 3890 3021 3962 τῷ
3065 3891 3351 3960 Λευῖτικῷ
3399 3893 3697 3965 παρίστησι

2142 3983 2341 4056 μᾶλλον
2377 3983 2484 4037 τῶν
2515 3983 2690 4037 ἄλλων
2738 3984 2928 4058 ἁγνείᾳ
2976 3986 3199 4055 φάσκων
3229 3986 3338 4039 δεῖν
3372 3985 3472 4059 τὴν
3515 3988 3720 4042 tauros

2139 4076 2343 4147 σκηνὴν
2387 4075 2618 4129 ἕκαστον
2668 4078 2913 4147 κοσμεῖν.
2960 4076 3356 4149 Παραθήσομαι
3407 4076 3464 4131 δὲ
3512 4077 3608 4131 καὶ
3649 4077 3730 4133 τὰ

2137 4168 2243 4222 ἀπὸ
2263 4169 2362 4239 τῆς
2392 4169 2636 4241 Γραφῇ,
2679 4167 2772 4237 ἀφ’
2800 4164 2874 4224 ὧν
2910 4168 3408 4241 ἀναμφισϐητήτως
3435 4169 3729 4241 δειχθήσε-

2135 4279 2224 4316 ται
2265 4242 2449 4329 πᾶσιν,
2471 4262 2595 4315 ὅσον
2615 4262 2709 4315 καὶ
2740 4260 2860 4332 Θεῷ
2890 4260 3197 4335 πρόσφορόν
3222 4264 3337 4316 ἐστι
3367 4263 3459 4318 καὶ
3485 4280 3728 4336 προσφι-

2135 4354 2225 4419 λὲς
2251 4354 2677 4428 τὸκατόρθωμα
2701 4352 2859 4408 τοῦτο
2888 4354 2987 4425 τῆς
3033 4354 3275 4425 ἁγνείας.
3315 4354 3426 4409 Kal
3462 4354 3539 4425 τῇ
3572 4372 3726 4409 πεν-

453 4458 633 4512 terras,
683 4446 875 4516 festum
915 4448 1247 4503 celebrabitis
1299 4448 1531 4502 Domino
1571 4458 1766 4518 septem
1797 4448 1981 4503 diebus
2014 4465 2033 4504 .'

2147 4446 2524 4516 τεκαιδεκάτῃ
2553 4446 2746 4516 ἡμέρᾳ
2776 4445 2882 4501 τοῦ
2903 4447 3098 4517 μηνὸς
3133 4449 3240 4504 τοῦ
3266 4448 3540 4520 ἑϐδόμου.
3569 4448 3728 4505 ὅταν

451 4547 501 4593 et
524 4536 610 4593 die
634 4547 816 4595 octavo
840 4541 940 4594 erit
969 4543 1190 4612 requies.
1230 4540 1295 4594 Et
1324 4540 1541 4596 sumetis
1574 4540 1658 4593 die
1683 4541 1854 4610 primo
1914 4543 2033 4613 fru-

458 4626 743 4701 ctumligni
760 4634 1072 4701 speciosum,
1088 4644 1138 4689 et
1162 4633 1403 4704 spatulas
1426 4632 1749 4703 palatorum,
1779 4643 1829 4687 et
1851 4649 2029 4689 ramos

452 4720 581 4791 lignt
602 4719 818 4786 densos,
846 4733 896 4778 et
920 4724 1133 4790 salices,
1163 4735 1214 4780 et
1236 4742 1415 4780 ramos
1443 4726 1569 4796 agni
1590 4725 1654 4780 de
1687 4736 1939 4788 torrente,
1960 4725 2030 4779 ad

452 4810 743 4869 lwtandum
774 4830 954 4870 coram
992 4816 1214 4873 Domino
1245 4817 1355 4872 Deo
1383 4828 1554 4872 uestro
1602 4827 1795 4886 septem
1844 4817 2026 4874 diebus

450 4907 579 4960 anni
606 4922 626 4962 :
659 4906 954 4979 legitimum
985 4910 1361 4981 sempiternum
1389 4911 1455 4981 .in
1489 4911 1759 4982 progenies
1802 4920 2025 4966 uestras.

448 4995 630 5055 Hense
657 5000 876 5071 septimo
906 5001 1237 5058 celebrabitis
1267 5002 1653 5077 solemnitatem
1682 5004 1864 5059 istam.
1898 5003 2029 5074 Sep-

2135 4539 2549 4608 συντελέσητε
2586 4539 2659 4594 τὰ
2690 4537 3034 4611 γεννήματα
3065 4537 3174 4609 τῆς
3220 4537 3352 4611 γῆς,
3400 4539 3727 4611 ἐορτάσετε

2135 4632 2330 4701 Κυρίῳ
2358 4632 2511 4688 ἑπτὰ
2531 4631 2784 4704 ἡμέραςο
2819 4633 2919 4687 καὶ
2940 4631 3017 4702 τῇ
3044 4632 3235 4703 ἡμέρᾳ
3262 4631 3337 4701 τῇ
3363 4632 3542 4703 ὀγδόῃ
3568 4632 3727 4687 ἀνά-

2134 4743 2359 4794 παυσις
2417 4728 2608 4784 ἔσται.
2667 4726 2778 4783 Καὶ
2824 4727 3101 4797 λήψεσθε
3150 4726 3225 4796 τῇ
3281 4726 3479 4796 πρώτῃ
3524 4726 3727 4796 ἡμέρᾳ

2132 4819 2369 4889 καρπὸν
2401 4820 2593 4886 ξύλου
2619 4819 2856 4891 ὡραῖον,
2893 4819 2993 4874 καὶ
3024 4819 3372 4888 κάλλυντρα
3405 4819 3719 4889 φοινίκων,

2132 4915 2232 4970 καὶ
2260 4913 2526 4982 κλάδους
2560 4914 2752 4981 ξύλου
2793 4913 3023 4982 δασεῖς,
3065 4913 3164 4969 καὶ
3188 4912 3367 4981 ἰτέας,
3392 4913 3491 4967 καὶ
3528 4912 3723 4984 ἄγνου

2130 5005 2398 5074 κλάδους
2426 5007 2497 5061 ἐκ
2533 5006 2878 5079 χειμάρρου,
2915 5006 3325 5078 εὐφρανθῆναι
3360 5007 3564 5062 ἔναντι
3597 5010 3721 5061 Κυ-

447 5101 550 5146 tem
570 5090 755 5148 diebus
785 5093 841 5148 in
870 5095 1227 5151 tabernaculis
1275 5094 1612 5150 habitabilis.
1645 5093 1839 5151 Omnis
1885 5094 2029 5150 indi-

2147 5100 2263 5154 που
2290 5099 2397 5154 τοῦ
2433 5098 2582 5153 Θεοῦ
2616 5097 2785 5170 ὑμῶν
2815 5098 2967 5154 ἑπτὰ
3004 5098 3230 5171 ἡμέρας
3260 5098 3367 5153 τοῦ
3395 5095 3678 5152 ἐνιαυτοῦ
3700 5113 3738 5193 Ἰ

444 5202 579 5256 gena
615 5187 672 5241 in
701 5186 879 5244 Israel
926 5187 1192 5243 habitabit
1230 5190 1286 5243 in
1317 5188 1675 5244 tabernaculis
1705 5204 1723 5243 :
1755 5198 1813 5242 ut
1856 5188 2027 5243 sciant

443 5282 714 5351 progenies
738 5292 944 5347 vesme,
974 5280 1115 5353 quod
1147 5281 1201 5336 in
1233 5280 1590 5337 tabernaculis
1629 5279 1871 5336 habitare
1894 5282 2029 5352 fece-

446 5373 549 5427 rim
571 5376 713 5444 ﬁlios
737 5374 932 5440 Israel,
955 5391 1075 5431 cum
1096 5375 1368 5430 educerem
1402 5391 1488 5429 eos
1514 5373 1580 5429 de
1601 5383 1746 5428 terra
1781 5373 2024 5447 .Egypti.

448 5462 561 5536 Ego
585 5464 845 5523 Dominus
883 5466 1027 5525 Deus
1050 5477 1216 5523 uester
1248 5465 1315 5521 ⁸⁵.

2129 5192 2385 5261 νόμιμον
2408 5190 2652 5248 αιώνιον
2674 5194 2762 5261 εις
2784 5192 2892 5262 τὰς
2910 5195 3119 5266 γενεὰς
3142 5191 3328 5264 ὑμῶν.
3361 5191 3459 5245 Ἐν
3472 5189 3553 5257 τῷ
3565 5188 3721 5260 μηνὶ

2130 5281 2213 5350 τῷ
2240 5282 2469 5355 ἑϐδόμῳ
2494 5284 2813 5355 ἐορτάσετε
2854 5262 3071 5357 αύτήν.
3103 5262 3206 5342 Ἐν
3223 5282 3482 5355 σκηναῖς
3517 5262 3735 5348 κατίοι-ί

2133 5374 2355 5445 κήσετε
2384 5378 2536 5434 ἑπτὰ
2566 5379 2813 5451 ἡμέρας.
2843 5378 2971 5448 Πᾶς
3007 5380 3318 5450 αὐτόχθων
3353 5378 3426 5433 ἐν
3466 5373 3726 5445 Ἰσραὴλ

2134 5469 2611 5541 κατοικήσουσιν
2647 5473 2719 5527 ἐν
2759 5472 3041 5542 σκηναῖς,
3081 5471 3242 5540 ὅπως
3278 5470 3491 5526 ἴδωσιν
3523 5470 3585 5523 al
3618 5484 3722 5538 τε-

443 5563 574 5616 νεαὶ
606 5562 795 5629 ὑμῶν,
825 5561 914 5618 ὅτι
959 5564 1030 5617 ἐν
1058 5560 1320 5632 σκηναῖς
1350 5560 1655 5628 κατῴκισα
1681 5563 1824 5630 τοὺς
1853 5562 2024 5629 υἱοὺς
2069 5565 2325 5636 Ἰσραὴλ,
2357 5569 2427 5622 ἐν
2446 5568 2770 5641 ’ἐξαγαγεῖν
2795 5587 2872 5641 με
2910 5568 3066 5642 ὑμᾶς
3097 5569 3165 5626 ἐκ
3224 5567 3336 5641 γῆς
3387 5566 3721 5640 Αἰγύπτου.

457 5657 606 5725 Ἐγὼ
635 5659 853 5726 Κύριος
889 5661 922 5712 ό
958 5656 1102 5724 Θεὸς
1138 5656 1322 5727 ὑμῶν.

505 5776 550 5810 ⁸⁸
576 5774 741 5830 Leuit.
776 5787 931 5834 χχιιι.
962 5771 1151 5826 5945.

522 5874 628 5947 ’55)
656 5872 967 5942 Καύχημα.
999 5867 1090 5923 Sic
1122 5868 1373 5924 Allatius.
1406 5864 1529 5922 Vat.
1556 5868 1726 5924 codex
1760 5877 1813 5925 et
1848 5866 2037 5926 Possin

2147 5910 2152 5928 μ
2186 5867 2396 5934 κάλλος.
2431 5867 2721 5927 Counsrts.
