3964 6226
476 255 507 314 ιι
517 256 587 316 79

1466 253 1522 309 S.
1563 251 1888 309 METRODI]
1927 244 2239 307 EPISCOPI
2270 242 2358 302 ΕΤ
2399 245 2755 304 MARTYRIS

3611 244 3719 302 180

477 372 551 429 da
587 371 916 429 substantia.
951 370 1104 426 Tunc
1136 386 1267 427 vero
1281 386 1407 427 cum
1436 378 1812 427 consummata
1844 370 2049 428 fuerint

2159 369 2352 425 τεθῶσιν
2379 372 2431 424 οἰ
2462 371 2665 442 καιροὶ,
2698 371 2790 425 καὶ
2828 369 3099 425 παύσεται
3137 370 3167 423 ό
3196 367 3326 432 Θεὸς
3357 363 3722 439 ἐργαζόμενος

480 472 689 521 statuta
722 472 988 533 tempora,
1022 477 1086 518 ac
1134 464 1430 519 creationis
1477 479 1616 535 opus
1642 464 1745 518 hoc
1783 464 2052 519 adamare

479 556 625 614 Deus
656 555 974 620 cessaverit,
999 554 1229 624 septimo
1253 570 1459 620 mense,
1476 569 1669 624 magna
1693 556 2053 609 resurrectio—

480 648 569 704 nis
595 648 705 711 die,
742 646 940 702 festum
977 644 1207 701 Domino
1250 646 1637 702 celebrandum
1671 645 1930 701 indicitur
1953 662 2053 702 no-

478 747 609 797 stra:
624 736 993 807 Scenopegiaa,
1015 737 1174 807 cujus
1195 738 1439 807 symbola
1466 753 1531 793 ac
1548 738 1752 810 ﬁgurae,
1773 739 1917 793 dicta
1936 739 2050 795 haec

481 833 535 886 in
563 829 836 885 Levitico:
869 844 990 900 quae
1012 830 1201 885 sedulo
1223 830 1633 900 investigantes,
1660 829 1860 885 nudam
1879 830 2051 900 ipsam

481 922 764 979 veritatem
795 920 1229 987 consideremus,
1264 938 1443 992 opera:
1489 925 1720 992 pretium
1776 930 1881 977 est.
1924 921 2051 976 llaec

478 1016 648 1083 enim,
677 1014 852 1086 inquit
876 1014 944 1078 ⁸⁸,
979 1015 1188 1083 sapiens
1218 1013 1459 1080 audiens,
1491 1014 1779 1083 sapientior
1812 1015 1935 1074 erit,
1968 1014 2051 1067 in-

482 1107 774 1177 teIl-igetque
828 1105 1141 1176 parabolam
1168 1114 1218 1159 et
1242 1105 1519 1160 obscurum
1551 1121 1835 1159 sermonem
1858 1122 1876 1159 :
1905 1104 2051 1159 dicta

479 1216 679 1271 quoque
707 1200 1026 1269 sapientium
1050 1208 1098 1253 et
1124 1198 1429 1269 aenigmata.

548 1290 729 1357 Quare
777 1290 975 1361 pudeat
1004 1288 1241 1356 Iudaeos,
1273 1289 1418 1359 quod
1449 1286 1753 1357 profundos
1801 1285 2049 1357 Scriptu-

481 1399 664 1439 rarum
692 1398 890 1439 sensus
915 1398 1025 1437 non
1055 1389 1360 1452 penetrant,
1386 1379 1771 1435 existimantes
1784 1379 1917 1433 nihil
1941 1378 2047 1434 nisi

479 1476 785 1552 corporalia
831 1476 965 1546 legis
998 1490 1062 1528 ac
1096 1474 1481 1544 prophetarum
1524 1473 1765 1527 oraculis
1793 1473 2046 1527 contine-

479 1570 527 1623 ri
560 1569 798 1639 ;quippe
826 1568 1059 1623 terrenis
1080 1567 1183 1637 ipsi
1219 1566 1381 1621 rebus
1404 1565 1705 1627 inhiantes,
1731 1564 2048 1633 potioreque

481 1660 604 1714 loco
642 1659 832 1713 mundi
885 1659 1100 1713 divitias
1126 1697 1140 1721 ,
1173 1672 1334 1728 quam
1370 1656 1538 1710 animi
1570 1656 1886 1711 thesaurum
1919 1670 2048 1708 cen-

2152 461 2355 532 ταύτην
2382 462 2480 534 τὴν
2512 462 2709 526 κτίσιν,
2740 461 2817 533 τῷ
2847 461 3059 533 ἑϐδόμῳ
3088 460 3234 530 μηνὶ,
3269 461 3334 530 τῇ
3381 456 3591 529 μεγάλῃ
3618 453 3725 525 τῆς

2152 554 2502 618 ἀναστάσεως
2541 553 2746 624 ἡμέρᾳ,
2783 553 2943 624 ἑορτὴ
2990 554 3367 623 συγκροτεῖται
3407 548 3485 619 τῷ
3530 545 3725 618 Κυρίῳ

2151 646 2249 715 τῆς
2278 644 2656 717 Σκηνοπηγίας
2687 644 2866 716 ἡμῶν,
2896 639 2962 715 ἧς
2995 644 3129 697 εἰσιν
3167 644 3225 695 ἐν
3252 640 3329 712 τῷ
3357 638 3621 709 Λευῖτικῷ
3652 636 3727 691 τὰ

2151 738 2417 807 λεγόμενα
2457 736 2702 808 σύμϐολα
2740 739 2835 792 ita).
2879 738 3070 791 τύπον
3121 735 3160 790 ἃ
3188 732 3573 805 ὲξιχνεύονταςν
3613 748 3725 803 χρη

2152 832 2293 883 νοεῖν
2322 829 2419 900 τὴν
2461 830 2719 901 ἀλήθειαν
2753 830 2985 901 γυμνήν.
3035 827 3159 883 Τῶν
3188 826 3253 880 δὲ
3288 824 3397 897 γὰρ
3426 826 3721 890 ἀκούσας.

2152 923 2306 993 φησὶ,
2346 920 2559 991 σοφὸς,
2590 920 2928 991 σοφώτερος
2961 919 3161 974 ἔσται·
3201 917 3408 987 νοήσει
3436 933 3500 969 τε
3534 930 3725 982 παρα-

2152 1013 2342 1082 ϐολήν
2391 1014 2489 1069 καὶ
2536 1014 2878 1070 σκοτεινὸν·
2900 1014 3111 1082 λόγον·
3149 1011 3363 1081 ῥήσεις
3407 1028 3473 1066 τε
3510 1008 3725 1080 σοφῶν

2151 1104 2249 1157 καὶ
2258 1105 2607 1185 girl-mata.

2224 1280 2386 1334 Ὅθεν
2430 1278 2869 1350 αἰσχυνέσθωσαν
2908 1280 2957 1332 οἰ
3013 1277 3275 1338 Ἰουδαῖοι,
3318 1275 3387 1329 τὰ
3429 1274 3567 1347 βάθη
3613 1271 3725 1327 τῶν

2151 1372 2379 1444 Γραφῶν
2420 1372 2493 1443 μὴ
2529 1372 2941 1443 συνῃσθημένοι,
2972 1372 3065 1426 καὶ
3108 1370 3284 1424 πάντα
3320 1366 3607 1438 σωματικὰ
3631 1366 3726 1421 τὸν

2150 1465 2311 1535 νόμον
2338 1462 2629 1535 ἡγούμενοι
2669 1464 2762 1516 καί
2804 1464 2930 1525 τοὺς
2962 1461 3246 1533 προφήτας
3281 1459 3584 1530 εἰρηκέναι·
3628 1458 3725 1512 ᾰτε

2151 1556 2257 1608 τῶν
2288 1554 2566 1626 κοσμικῶν
2588 1554 2884 1627 ἐφιέμενοι,
2912 1554 3006 1607 καὶ¹
3034 1554 3125 1606 τὸν
3149 1552 3344 1617 ἔξωθεν
3371 1551 3599 1605 πλοῦτον
3627 1550 3724 1604 τοῦ

2153 1646 2281 1717 περὶ
2330 1644 2509 1715 ψυχὴν
2566 1644 2969 1716 προκρίνοντες.
3018 1642 3415 1713 Διαιρουμένων
3462 1641 3570 1714 γὰρ
3613 1641 3727 1694 τῶν

480 1766 710 1822 sumque
737 1752 1019 1807 habentes.
1050 1751 1184 1806 Cum
1209 1750 1354 1804 enim
1375 1750 1573 1804 divina:
1608 1746 1920 1818 Scriptura,
1945 1747 2049 1802 hoc

2159 1735 2380 1811 Γραφῶν
2408 1737 2487 1799 εἰς
2517 1735 2606 1788 τὸν
2642 1734 2768 1804 περί
2803 1733 2912 1786 τῶν
2947 1731 3353 1804 παρῳχηκότων
3383 1733 3476 1786 καὶ
3506 1732 3730 1803 μελλόν-

478 1842 669 1899 divisa:
720 1844 852 1907 sint,
889 1851 949 1897 ut
981 1843 1101 1898 alia:
1124 1843 1521 1913 praeteritarum
1552 1856 1757 1905 rerum,
1788 1839 1908 1894 aliae
1956 1853 2049 1894 ea-

478 1948 602 1990 rum
642 1951 762 2006 quae
792 1943 921 1991 sunt
951 1934 1144 1989 futurae
1187 1944 1372 2006 typum
1402 1934 1728 1999 exhibeant;
1757 1931 1939 1987 miseri
1972 1931 2048 1986 illi

482 2026 808 2091 resilientes,
837 2025 1143 2081 futurorum
1165 2030 1365 2093 figuras
1387 2033 1573 2098 agunt,
1597 2040 1660 2079 ac
1680 2024 1723 2079 si
1746 2023 1856 2093 jam
1876 2031 2052 2078 trans-

482 2120 693 2175 iisseut.
751 2119 907 2176 Velut
950 2120 1112 2174 etiam
1170 2120 1225 2174 in
1259 2120 1399 2191 Agni
1448 2118 1842 2180 immolatione,
1890 2115 2052 2185 cujus

478 2212 797 2282 mysterium
824 2212 876 2265 in
908 2214 1024 2267 sola
1061 2212 1437 2267 recordatione
1465 2208 1807 2265 liberationis
1835 2214 2050 2277 patrum

478 2315 544 2354 ex
571 2300 806 2373 Egypto
836 2304 1097 2368 sentiunt,
1127 2312 1258 2357 tunc
1301 2302 1462 2365 facta,
1515 2300 1735 2372 quando
1775 2298 2052 2370 percussis

479 2392 858 2464 primogenitis
891 2394 1134 2465 Egypti,
1167 2395 1368 2449 servati
1404 2400 1534 2449 sunt
1579 2392 1704 2463 ipsi,
1738 2390 2054 2461 superlimi-

480 2486 709 2541 naribus
733 2486 1018 2541 domorum
1053 2502 1277 2541 suarum
1301 2486 1567 2555 sanguine
1590 2484 1909 2538 rubricatis.
1942 2481 2053 2537 Nec

480 2576 788 2647 intelligunt
819 2592 883 2632 eo
911 2577 1073 2631 etiam
1114 2578 1430 2647 prmsignari
1466 2591 1657 2631 necem
1693 2574 1920 2637 Christi,
1957 2588 2054 2627 cu-

475 2667 570 2737 jus
598 2666 861 2737 sanguine
895 2668 1239 2723 communita:
1269 2667 1460 2721 animai
1513 2682 1577 2722 ac
1615 2667 1969 2737 consignatae,
1996 2665 2054 2719 in

480 2755 631 2810 orbis
664 2755 1105 2827 conﬂagratione,
1135 2771 1198 2811 ac
1227 2757 1622 2828 primogenitis,
1650 2756 1774 2812 [iliis
1811 2753 2048 2821 Satanm,

484 2846 853 2901 internecione
910 2846 1123 2911 deletis,
1178 2847 1246 2902 ab
1283 2847 1363 2900 ira
1404 2847 1788 2912 servabuntur,
1844 2847 2052 2916 angelis

484 2938 754 2992 ultoribus
785 2940 1162 2994 reverentibus
1211 2940 1380 2994 divini
1418 2938 1704 3009 sanguinis
1729 2939 2051 3009 impressum

487 3030 595 3085 illis
629 3030 891 3101 sigillum.

2148 1844 2253 1880 των
2286 1825 2475 1888 τύπον,
2506 1824 2956 1896 ἀποπηδήσαντες
2987 1823 3039 1875 οἰ
3071 1822 3323 1893 σχέτλιοι,
3357 1823 3465 1876 τῶν
3501 1822 3728 1892 μελλόν-

2148 1936 2255 1971 των
2287 1917 2363 1981 ὡς
2392 1916 2798 1987 παρῳχηκότων
2826 1915 2925 1987 ήδη
2964 1914 3177 1968 τελοῦσι
3207 1916 3330 1979 τοὺς
3358 1915 3591 1978 τύπους*
3627 1932 3731 1968 κα-

2150 2007 2325 2079 θάπερ
2352 2007 2446 2061 καί
2479 2007 2570 2060 ἐπὶ
2596 2006 2693 2077 τῆς
2724 2005 2818 2059 τοῦ
2851 2006 3126 2078 προϐάτου
3159 2008 3391 2079 σφαγῆς,
3418 2008 3726 2081 ἀνάμνησιν

2150 2100 2249 2170 τῆς
2272 2099 2390 2153 κατ’
2426 2098 2697 2167 Αἴγυπτον
2728 2097 2836 2151 τῶν
2868 2099 3118 2171 πατέριον
3148 2099 3324 2153 αὐτῶν
3355 2100 3730 2175 γεγενημένης

2154 2192 2425 2263 σωτηρίας
2455 2189 2748 2262 ἡγούμενοι
2798 2191 2963 2263 μόνην
3010 2187 3149 2245 εἶναι
3188 2190 3250 2244 τὸ
3294 2194 3588 2263 μυστήριον
3630 2192 3728 2247 τοῦ

2152 2284 2425 2356 προϐάτου
2450 2299 2463 2313 ·
2507 2282 2690 2347 ὁπότε,
2742 2284 3171 2354 πατασσομένων
3210 2284 3318 2336 τῶν
3367 2285 3731 2355 πρωτοτόκων

2151 2379 2249 2449 τῆς
2278 2378 2577 2446 Αἰγύπτου,
2608 2375 2762 2429 αὐτοὶ
2783 2375 3138 2447 διεσώθησαν,
3162 2375 3260 2440 τὰς
3281 2376 3439 2447 φλιὰς
3460 2376 3568 2429 τῶν
3599 2393 3734 2445 σφε-

2151 2469 2324 2541 τέρων
2365 2468 2527 2522 οἴκων
2562 2465 2898 2536 φοινίξαντες
2930 2467 3007 2538 τῷ
3040 2468 3231 2539 αἵματι
3256 2484 3270 2497 ο
3306 2469 3407 2521 οὐκ
3437 2468 3515 2521 ἔτι
3543 2468 3600 2521 δὲ
3633 2469 3733 2522 καὶ

2152 2560 2250 2631 τῆς
2279 2560 2487 2629 σφαγῆς
2513 2559 2681 2613 τύπον
2712 2561 2989 2631 ἡγήσαντο
3016 2559 3173 2613 τοῦτο
3206 2559 3607 2632 προδηλωτικὸν
3636 2576 3736 2628 γε-

2152 2652 2362 2722 γονέναι
2404 2650 2659 2722 Χριστοῦ,
2684 2646 2744 2704 οὗ
2781 2654 2837 2705 αἱ
2873 2650 3381 2722 κατησφαλισμέναι
3410 2650 3488 2720 τῷ
3535 2651 3735 2721 αἵματι

2154 2744 2244 2798 καὶ
2283 2742 2695 2815 σφραγισθείσαι
2731 2742 2920 2814 ψυχαὶ,
2960 2743 3056 2813 τῆς
3090 2742 3413 2814 οἰκουμένης
3454 2744 3735 2814 ὲκπυρου-

2159 2835 2343 2907 μένης,
2375 2836 2468 2888 καὶ
2491 2835 2598 2887 τῶν
2646 2835 3005 2906 πρωτοτόκων
3040 2833 3495 2905 όλοθρευομένων,
3521 2834 3736 2888 τέκνων

2154 2927 2247 2981 τοῦ
2291 2927 2503 2981 Σατανᾶ
2549 2925 2683 2997 (58),
2732 2924 3197 2997 περισωθήσονται
3241 2925 3342 2995 τῆς
3387 2924 3578 2995 ὀργῆς,
3619 2923 3735 2975 τῶν

2153 3016 2539 3090 τιμωρητικῶν
2572 3016 2816 3085 ἀγγέλων
2847 3015 3343 3087 ἐκτραπησομένων
3369 3015 3466 3087 τὴν
3496 3015 3604 3070 ἀπὸ
3634 3014 3733 3068 τοῦ

2154 3109 2380 3179 αἵματος
2407 3109 2491 3159 ἐπ’
2520 3108 2701 3169 αὐτοῖς
2731 3106 3186 3177 ὲκτετυπωμένην
3222 3106 3509 3177 σφραγῖδα.

483 3224 612 3282 CAP.
647 3225 710 3280 ll.
741 3226 968 3297 Figura,
1001 3230 1429 3300 imagu;veritas
1462 3251 1480 3287 :
1515 3234 1618 3296 lex,
1655 3234 1853 3303 gratia,
1894 3230 2087 3301 gloria.
2130 3224 2302 3279 Homo
2345 3222 2660 3276 immortalis
2698 3222 2939 3276 conditus
2968 3236 2986 3271 :
3009 3238 3149 3275 mors
3177 3220 3378 3275 ini-ecta
3416 3219 3736 3276 destruendo

1984 3310 2213 3367 peccato.

555 3414 622 3469 Et
649 3416 760 3470 haec
791 3416 1020 3486 exempli
1047 3433 1211 3474 causa
1234 3419 1403 3483 dicta,
1428 3420 1495 3475 ad
1519 3419 2001 3475 demonstrandum
2031 3455 2047 3480 ,

482 3508 700 3564 Judazos
724 3509 852 3564 hinc
882 3510 1137 3565 nimirum
1164 3527 1260 3582 spe
1296 3513 1566 3568 excidisse
1594 3512 1900 3568 futurorum
1955 3514 2052 3590 ho:

486 3617 703 3667 norum,
732 3601 876 3672 quod
904 3616 967 3657 ea
993 3618 1115 3673 quae
1151 3610 1426 3671 tractant,
1469 3604 1669 3676 ﬁguras
1715 3603 2053 3660 solummodo

486 3705 669 3747 rerum
688 3692 800 3763 jam
829 3701 1105 3764 gestarum
1125 3708 1249 3750 esse
1272 3695 1615 3763 existimant;
1639 3696 1767 3750 dum
1796 3711 1897 3751 nec
1919 3697 2055 3767 ligu-

485 3801 597 3846 ras,
630 3786 960 3857 imaginum;
1010 3802 1108 3843 nec
1137 3788 1419 3859 imagines,
1450 3788 1696 3844 veritatis
1726 3790 2057 3860 praenuntias

482 3893 604 3933 esse
631 3888 935 3947 agnoscunt
962 3878 1026 3935 “.
1076 3878 1208 3934 Nam
1239 3881 1323 3935 lex
1351 3880 1569 3951 quidem
1597 3881 1850 3951 imaginis
1884 3883 2051 3953 ligura

482 3980 569 4025 est
599 3978 655 4025 et
707 3972 921 4036 umbra,
973 3987 1166 4042 nempe
1214 3971 1526 4044 Evangelii;
1571 3973 1818 4028 veritatis
1871 3983 2050 4029 autem

483 4061 684 4133 imago,
714 4078 905 4131 nempe
949 4061 1317 4133 Evangelium.
1357 4046 1532 4119 Prisci
1581 4064 1726 4120 enim
1770 4064 1847 4118 illi
1882 4064 2053 4119 homi-

484 4167 581 4208 nes
609 4160 774 4224 atque
804 4153 887 4208 lex
933 4152 1189 4209 Ecclesia:
1233 4154 1393 4209 nobis
1425 4152 1769 4209 characteres
1799 4169 2053 4224 praenun-

482 4243 709 4305 tiavere,
749 4241 992 4298 Ecclesia
1021 4258 1149 4298 vero
1183 4243 1329 4313 ipsas
1384 4252 1737 4313 repraesentat
1786 4259 2051 4298 novorum

487 4336 811 4391 saeculorum
847 4335 1069 4390 formas.
1121 4333 1274 4390 Unde
1324 4344 1379 4391 et
1432 4352 1573 4401 nos,
1633 4337 1724 4407 qui
1772 4335 2052 4391 Christum

484 4421 848 4489 suscepimus,
880 4423 1179 4485 dicentem.
1213 4421 1326 4493 Ego
1361 4440 1477 4478 sum
1511 4424 1763 4481 veritas"
1784 4464 1799 4488 ,
1836 4424 2054 4480 umbras

2223 3412 2333 3467 Καὶ
2373 3409 2543 3464 ταῦτα
2597 3409 2695 3480 μὲν
2735 3408 2811 3473 ὡς
2853 3409 2947 3462 ἐπὶ
2994 3408 3435 3481 παραδείγματος
3469 3409 3739 3482 εἰρήσθω,

2153 3501 2522 3572 δεικνυούσης,
2552 3499 2661 3563 ὅτι,
2696 3500 2763 3554 τὰ
2794 3500 3037 3570 παρόντα
3077 3499 3278 3564 τύπους
3307 3500 3593 3571 ἡγούμενοι
3619 3500 3743 3555 τῶν

2155 3593 2254 3665 ἤδη
2282 3592 2578 3661 γεγονότων
2613 3592 2663 3642 οἰ
2702 3589 2962 3652 Ἰουδαῖοι,
2996 3588 3098 3658 τῆς
3130 3589 3341 3653 ἐλπίδος
3370 3588 3476 3642 τῶν
3508 3588 3738 3659 μελλόν-

2156 3702 2261 3738 των
2304 3680 2592 3747 ἐξώκειλαν
2625 3681 2733 3751 (59)
2764 3680 3002 3750 ἀγαθῶν,
3050 3680 3183 3751 μηδὲ
3221 3682 3346 3744 τοὺς
3389 3680 3588 3745 τύπους
3621 3680 3741 3739 τῶν

2159 3777 2379 3832 εἰκόνων
2415 3773 2765 3844 βουληθέντες
2797 3770 2931 3827 εἶναι
2966 3774 3551 3847 προκαταγγελτικοὺς,
3595 3774 3745 3845 μηδὲ

2156 3871 2252 3934 τὰς
2282 3868 2494 3931 εἰκόνας
2533 3867 2630 3936 τῆς
2653 3865 2927 3937 ἀληθείας.
2970 3868 3026 3921 '0
3066 3869 3161 3938 μὲν
3199 3866 3303 3939 γὰρ
3336 3866 3500 3937 νόμος
3528 3866 3629 3936 τῆς
3661 3869 3745 3920 εἰ-

2158 3963 2310 4026 κόνος
2334 3962 2450 4014 ἐστὶ
2470 3959 2639 4022 τύπος
2667 3959 2759 4014 καὶ
2789 3961 2943 4025 σκιὰ,
2973 3962 3219 4014 τουτέστι
3245 3959 3339 4013 τοῦ
3362 3959 3695 4027 Εὑαγγελίου
3715 3978 3733 3991 ·

2159 4051 2274 4123 ἠδὲ
2317 4048 2501 4114 εἰκὼν,
2536 4048 2595 4101 τὸ
2637 4050 2986 4119 Εύαγγέλιον,
3022 4051 3191 4121 αὐτῆς
3226 4050 3323 4120 τῆς
3362 4049 3639 4119 ἀληθείας.
3672 4051 3743 4103 Ol

2158 4144 2265 4216 γὰρ
2307 4142 2651 4211 παλαιότεροι
2683 4143 2776 4196 καὶ
2801 4144 2830 4194 ό
2877 4141 3040 4212 νόμος
3079 4141 3206 4205 τοὺς
3259 4142 3357 4213 τῆς
3409 4140 3743 4210 Ἐκκλησίας

2159 4234 2583 4307 προεξήγγειλαν
2610 4234 2740 4305 ἡμῖν
2765 4233 3196 4305 προφητεύοντες
3222 4234 3591 4305 χαρακτῆρας
3618 4235 3651 4303 ἠ
3676 4234 3742 4288 δὲ

2171 4328 2467 4399 Ἐκκλησία
2493 4329 2618 4391 τοὺς
2645 4326 2753 4379 τῶν
2784 4326 2984 4380 καινῶν
3016 4325 3248 4381 αἰώνων.
3284 4326 3445 4379 Ὅθεν
3473 4328 3653 4398 ἡμεῖς,
3681 4328 3739 4380 οἱ

2158 4420 2248 4474 τὸν
2292 4419 2513 4474 εἰπόντα
2555 4418 2808 4491 Χριστὸν,
2868 4418 3007 4489 Ἐγώ
3055 4421 3169 4488 εἰμι
3204 4420 3241 4486 ἡ
3275 4418 3547 4491 ἀλήθεια,
3576 4417 3745 4484 δεξά-

484 4509 706 4579 quidem
754 4519 810 4565 et
859 4512 1059 4583 ﬁguras
1100 4512 1304 4570 scimus
1346 4514 1615 4570 desiisse:
1653 4514 1721 4568 ad
1772 4515 2051 4570 veritatem

2163 4530 2332 4584 μενοι,
2363 4512 2460 4577 τὰς
2504 4514 2600 4584 μὲν
2634 4511 2792 4576 σκιὰς
2829 4513 2923 4566 κα)⁸
2952 4513 3077 4576 τοὺς
3100 4512 3300 4577 τύπους
3332 4510 3488 4583 ἴσμεν
3517 4527 3742 4565 πεπαυ-

488 4606 668 4655 autem
688 4599 1031 4665 festinamus,
1060 4602 1301 4659 illustres
1325 4604 1497 4668 ipsius
1520 4605 1782 4674 imagines
1811 4620 2054 4674 praenun-

487 4694 707 4750 tiantes.
738 4692 822 4747 Ea:
847 4705 997 4763 parte
1038 4695 1182 4750 enim
1217 4695 1413 4759 adhuc,
1443 4704 1493 4750 et
1520 4697 1678 4751 veluti
1730 4713 1822 4766 per
1866 4713 2048 4765 specu-

484 4786 597 4841 lum
625 4790 987 4857 cognoscimus
1046 4790 1123 4855 ";
1169 4788 1313 4860 quod
1370 4788 1598 4845 necdum
1656 4789 1863 4845 venerit
1908 4791 2052 4860 quod

548 4963 593 4996 ⁸⁸
622 4962 780 5021 Prov.
805 4980 846 5032 ι,
881 4963 935 5026 5,
963 4963 1018 5021 6.

556 5140 668 5216 (5_8)
704 5142 933 5216 Tener-cor
967 5144 1071 5216 τοῦ
1097 5143 1350 5200 Σατανᾶ.
1380 5143 1454 5199 Ita
1479 5156 1624 5201 recte
1660 5144 1923 5216 Allatius;
1953 5163 2055 5203 nec

483 5210 630 5279 quod
679 5213 835 5269 aliter
884 5214 1114 5271 suadeat
1158 5217 1454 5285 quidquam
1502 5224 1604 5270 est.
1649 5215 1769 5272 Filii
1815 5210 2048 5280 Satanae,

483 5296 678 5361 omnes
721 5285 962 5354 reprobi,
1001 5286 1334 5351 imitatione;
1380 5288 1482 5356 ipsi
1507 5287 1726 5409 Egypti
1772 5304 1834 5343 ac
1867 5289 2051 5346 mundi

485 5355 851 5409 primoueniti.
882 5367 1031 5409 extra
1064 5367 1265 5409 sortem
1310 5357 1543 5409 tiliorum
1625 5362 1674 5409 ei
1701 5360 1927 5409 eiusque
1955 5375 2051 5409 no-

485 5355 871 5432 primogeniti,‘
882 5367 1031 5432 extra
1064 5367 1265 5412 sortem
1310 5355 1543 5432 ﬁliarum
1583 5355 1674 5413 Dei
1701 5360 1927 5432 ejusque
1955 5375 2053 5432 po-

485 5421 633 5502 puli;
674 5421 789 5502 iper
980 5428 1139 5502 iram,
1200 5443 1307 5502 non
1347 5426 1581 5502 Satanaz,
1621 5421 2051 5502 extermi'nan'di;

485 5492 751 5567 quidquid
800 5497 1037 5553 absurde
1086 5497 1369 5554 Possinius
1413 5500 1676 5567 iunxerit,
1719 5500 1813 5553 τοῦ
1844 5492 2055 5555 Σατανᾶ

484 5564 949 5645 περισωθήσονται
969 5568 1277 5645 τῆς-ὀργῆς,
1311 5564 1655 5645 seruabuntur
1685 5569 1749 5645 ab
1780 5572 1868 5645 ira_
1880 5569 2054 5645 _Sa_ta-

485 5646 587 5707 me.
616 5630 777 5692 Nam}
809 5650 961 5705 rogo,
993 5630 1271 5707 q'uis'e'uin'
1294 5640 1500 5707 docuit.
1536 5648 1630 5691 aut
1662 5642 1824 5694 etiam
1851 5639 2056 5693 Metho-

486 5702 659 5770 dium,
687 5702 1161 5763 exterminatorem
1191 5709 1443 5780 angelum
1471 5706 1727 5764 Satanam
1755 5709 1944 5774 fuisse,
1969 5710 2055 5765 vel

1097 4965 1141 4996 ⁶⁹
1174 4963 1335 5018 llebr.
1366 4980 1420 5029 ς,
1452 4966 1502 5019 ι.
1579 4965 1624 4995 ⁷⁸
1649 4962 1809 5019 Joan.
1839 4981 1950 5029 xw,
1989 4963 2073 5018 16.

2161 4604 2381 4676 μένους’
2420 4604 2512 4657 ἐπὶ
2549 4605 2607 4657 δὲ
2641 4604 2737 4675 τὴν
2780 4603 3035 4674 ἀλήθειαν
3079 4602 3399 4672 σπεύδομεν,
3434 4602 3532 4665 τὰς
3570 4604 3741 4673 ἐναρ-

2155 4698 2272 4764 γεῖς
2300 4696 2466 4766 αύτῆς
2497 4696 2710 4759 εἰκόνας
2749 4694 3335 4765 προκαταγγέλλοντες.
3380 4696 3480 4748 Ἐκ
3506 4692 3738 4763 μέρους

2157 4787 2267 4859 γὰρ
2292 4786 2392 4852 ἔτι,
2417 4785 2515 4840 καί
2543 4786 2624 4852 ὠς
2644 4786 2716 4857 δι’
2745 4787 3040 4855 ἐσόπτρου
3069 4785 3455 4857 γινώσκομεν-ο
3485 4785 3606 4838 ἐπεὶ
3633 4803 3742 4859 μη-

2143 4954 2193 4996 “
2232 4964 2258 5017 I
2287 4965 2410 5020 Cor.
2440 4966 2678 5031 xm,12.

2159 5148 2278 5219 ejus
2332 5149 2673 5219 ministrum?
2723 5148 2905 5202 Potuit
2952 5148 3093 5205 Deus
3140 5158 3194 5204 et
3244 5164 3340 5219 per
3390 5163 3488 5205 eos
3522 5146 3734 5219 ulcisci

2170 5218 2488 5290 Aigyptum;
2520 5228 2574 5273 at
2600 5218 2879 5287 Scriptura
2914 5235 3022 5273 non
3052 5220 3294 5289 loquitur
3312 5218 3480 5274 Deum
3510 5218 3732 5283 fecisse,

2162 5305 2262 5343 nec
2305 5292 2372 5344 ad
2414 5290 2743 5344 Methodium
2773 5290 3035 5344 attinebat
3070 5290 3378 5345 istiusmodi
3424 5290 3734 5354 insinuare,

2161 5361 2245 5414 vel
2265 5361 2500 5431 alterius
2526 5375 2688 5429 quam
2720 5357 2833 5431 Dei,
2868 5360 2964 5431 irae
2991 5362 3302 5415 meminisse
3326 5379 3339 5413 :
3369 5375 3475 5431 qua
3502 5361 3620 5429 ipsa
3643 5374 3738 5413 re-

2158 5430 2313 5512 probi
2343 5432 2560 5512 aeternis
2582 5431 2754 5512 pennis
2779 5430 2844 5512 in_
2858 5430 3071 5512 judicio
3096 5430 3435 5512 addicentuir,
3467 5436 3736 5512 evacuato

2156 5500 2440 5572 jamomni
2465 5500 2767 5571 principatu
2799 5510 2852 5555 et
2881 5510 3167 5572 potestate.
3198 5502 3396 5572 singuli
3422 5516 3520 5571 pro
3548 5509 3734 5556 reatus

2161 5570 2354 5624 merito
2385 5570 2679 5638 illi’pmnas
2705 5570 2915 5638 dantes.
2946 5572 3237 5627 CONBEI’IS.

2232 5640 2342 5709 ('59)
2387 5636 2758 5711 Ἐξῶκειλᾳγ.
2794 5636 2957 5696 Vocis
2988 5642 3151 5710 hujus
3178 5643 3263 5696 hic
3286 5644 3430 5698 clara
3458 5641 3729 5711 acceptio,

2160 5706 2331 5781 quam
2372 5725 2534 5781 supra
2575 5706 2938 5779 vindicamus,
2987 5706 3148 5767 ut'sit
3173 5715 3430 5780 excidere,
3465 5706 3730 5769 frustrata
