3964 6226
255 245 344 300 isi
1334 248 1712 306 CONVlVlUM
1757 249 1983 306 DECEM
2023 243 2397 311 VIRGINUM.‘

3379 256 3482 312 {82

251 361 395 416 δὲπω
419 361 477 414 τὸ
505 361 708 414 τέλειον
737 357 869 433 ἦκεν
897 364 915 436 (
957 366 990 436 ἡ
1031 364 1274 435 βασιλεία
1302 365 1409 420 τῶν
1440 368 1682 440 οὐρανῶν
1720 369 1814 422 καὶ⁵

1923 370 2216 438 perfectum
2244 381 2330 428 est
2357 371 2633 442 (nimirum
2663 372 2924 430 caelorum
2952 387 3176 452 regnum
3210 379 3264 428 et
3296 389 3481 428 resur-

252 457 288 525 ἠ
317 453 663 521 άνάστασις,)
698 455 777 518 εἰς
822 457 986 527 ἡμᾶς,
1023 457 1121 511 ὅτε
1167 460 1600 530 natam—nouat
1649 461 1714 516 τὸ
1745 463 1814 516 ἐκ

251 544 486 616 μέρους.
534 546 667 599 Τότε
714 547 823 620 γάρ
874 551 930 603 αἱ
987 552 1183 622 σκηναὶ
1243 554 1541 624 πήγνυνται
1599 555 1814 609 πάντων

257 638 426 710 ἡμῶν,
451 640 634 706 ὁπότε,
661 642 768 697 τῶν
796 643 967 698 ὀστῶν
995 645 1451 720 συγκολλωμένων
1475 650 1570 705 καὶ
1607 668 1817 724 συμπη-

253 729 530 798 τνυμένων
579 733 698 795 ταῖς
739 734 947 805 σαρξὶν,
989 735 1270 792 ἀνίσταται
1321 739 1496 811 σῶμα.
1555 740 1687 794 Τότε
1719 742 1816 814 τὴν

252 819 460 892 ἡμέραν
511 822 611 893 τῆς
660 826 837 895 χαρᾶς
887 827 1215 900 ἑορτάζομεν
1258 831 1447 902 Κυρίῳ
1489 831 1812 906 εἰλικρινῶς,

249 912 409 965 ὁπότε
430 912 528 976 τὰς
554 916 757 986 σκηνάς
780 919 1028 985 αἰωνίους
1055 922 1462 995 ἁποληψόμεθα,
1483 925 1666 979 οὐκέτι
1691 925 1817 997 θνη-

255 1003 483 1074 ξομένας
527 1007 560 1078 ἦ
597 1005 969 1080 λυθησομένας
999 1014 1078 1075 εἰς
1109 1014 1211 1084 γῆν
1259 1015 1532 1086 χώματος.
1564 1014 1675 1094 ξΗν
1708 1018 1816 1090 γὰρ

251 1097 403 1167 ἡμῶν
439 1101 532 1152 και
562 1101 794 1172 πρόσθεν
821 1093 1067 1168 ἄπτωτος
1105 1107 1136 1176 ἡ
1170 1109 1338 1178 σκηνή
1381 1106 1526 1179 (ιο)-
1559 1093 1695 1164 me.
1730 1110 1815 1163 διὰ

249 1189 344 1259 τὴν
398 1191 708 1261 παράϐασιν
744 1195 1006 1268 ἐσαλεύθη
1053 1198 1145 1250 καὶ
1182 1198 1390 1270 ὲκλίθη,
1446 1200 1538 1254 τοῦ
1585 1201 1719 1254 Θεοῦ
1757 1203 1818 1256 τὸ

246 1281 548 1350 ἁμάρτημα
569 1281 824 1348 λύσαντος
849 1284 1080 1356 θανάτῳ,
1107 1288 1190 1340 ἵνα
1217 1288 1312 1360 μὴ,
1337 1288 1617 1354 άθανάτως
1637 1292 1818 1361 ἀμαρ-

245 1375 413 1438 τωλδς
441 1378 468 1429 ὁ
492 1376 774 1448 ἄνθρωπος
803 1377 900 1442 ὢν,
929 1379 1108 1452 ζώσης
1133 1385 1191 1434 ὲν
1219 1382 1366 1453 αὐτῷ
1390 1383 1492 1452 τῆς
1522 1385 1814 1454 ἁμαρτίας,

245 1469 480 1531 αἱωνίως
505 1470 828 1541 κατάκριτος
851 1471 1074 1543 γενηθῇ.
1099 1474 1203 1527 Καὶ
1228 1474 1314 1527 διὰ
1338 1475 1494 1529 τοῦτο
1513 1480 1606 1531 καὶ
1625 1478 1816 1550 τέθνη-

246 1576 337 1612 κεν
375 1559 438 1612 οὺ
482 1562 773 1631 γενόμενος
810 1563 1001 1634 θνητὸς
1047 1565 1079 1636 ἦ
1133 1565 1388 1638 φθαρτὸς,
1435 1570 1529 1623 καὶ
1573 1570 1815 1643 διεκρίθη

244 1652 339 1722 τῆς
372 1653 631 1725 σαρκὺςή
661 1655 828 1726 ψυχὴ,
863 1656 948 1709 ἵνα
974 1659 1220 1730 νεκρωθῇ
1249 1659 1334 1714 διὰ
1373 1661 1464 1714 τοῦ
1499 1661 1728 1717 Θανάτου
1756 1666 1816 1719 τὸ

1914 464 2107 532 rectio)
2139 463 2347 536 quando
2383 465 2721 519 evacuabitur
2750 464 2887 536 quod
2927 481 2990 521 ex
3031 475 3180 533 parte
3203 476 3304 522 est.
3329 465 3483 522 Tunc

1915 557 2058 613 enim
2091 555 2244 611 ﬁrma
2269 557 2389 612 basi
2437 556 2692 627 erigenda
2725 559 2967 612 omnium
2996 564 3245 614 nostrum
3301 559 3484 615 taber-

1915 648 2131 712 nacula,
2169 647 2407 719 quando,
2441 648 2635 703 iterum
2688 648 3036 720 agglutinatis
3091 655 3145 704 et
3182 650 3483 719 compactis

1915 754 2040 796 cum
2080 755 2245 795 carne
2270 740 2509 803 ossibus,
2539 747 2787 810 resurget
2837 753 3057 810 corpus.
3101 738 3254 794 Tunc
3286 740 3480 796 festam

1915 830 2097 902 gaudii
2127 831 2301 887 lucem
2331 833 2543 888 sincere
2581 830 2810 885 Domino
2863 829 3259 886 celebrabimus
3279 872 3296 896 ,
3355 820 3488 885 cum

1914 931 2116 981 aeterna
2145 925 2494 980 tabernacula
2522 926 2911 996 receperimus,
2941 941 3050 980 non
3098 924 3331 995 amplius
3360 937 3482 976 mo-

1915 1015 2088 1070 ritura
2114 1022 2208 1069 aut
2235 1014 2576 1070 dissolvenda
2610 1015 2664 1069 in
2707 1015 2982 1084 pulverem
3039 1014 3233 1068 tumuli
3255 1014 3322 1066 ⁷⁸.
3352 1009 3484 1065 Erat

1914 1108 2058 1162 enim
2091 1113 2336 1161 nostrum
2368 1107 2629 1162 immobili
2657 1108 2808 1177 prius
2854 1115 2997 1162 statu
3034 1106 3198 1160 ﬁxum
3230 1105 3484 1159 taberna-

1915 1199 2096 1252 culum
2129 1219 2141 1252 :
2173 1198 2265 1254 sed
2315 1214 2410 1268 per
2442 1199 2929 1270 transgressionem
2958 1206 3186 1263 motum,
3217 1205 3272 1252 et
3297 1197 3352 1250 in
3378 1204 3485 1252 ter-

1915 1309 2030 1348 ram
2053 1293 2371 1348 inclinatum
2397 1302 2481 1348 est
2501 1311 2526 1360 ;-
2549 1294 2656 1348 Deo
2684 1309 2780 1364 per
2807 1301 3031 1348 mortem
3059 1298 3338 1362 peccatum
3369 1289 3482 1346 dis-

1916 1388 2176 1452 solvente,
2203 1403 2271 1442 ne
2302 1388 2624 1442 immortalis
2662 1388 2824 1442 homo
2862 1394 3116 1458 peccator
3163 1384 3372 1453 vivens,
3401 1384 3483 1438 vi-

1913 1486 2072 1534 vente
2100 1479 2156 1533 in
2181 1494 2246 1534 eo
2277 1488 2499 1550 peccato
2522 1521 2534 1544 ,
2566 1479 2621 1532 in
2651 1479 3040 1550 sempiternum
3070 1474 3358 1530 maledicto
3384 1473 3484 1542 ob-

1916 1569 2112 1625 noxius
2133 1569 2292 1626 foret.
2323 1569 2615 1641 Propterea
2637 1571 2798 1625 etiam
2849 1577 3074 1623 mortem
3125 1565 3297 1628 obiit,
3357 1579 3480 1618 cum

1916 1666 2076 1719 morti
2100 1665 2370 1720 obnoxius
2397 1673 2616 1720 creatus
2643 1678 2750 1717 non
2784 1662 2974 1717 fuisset
2997 1667 3090 1716 aut
3113 1658 3481 1728 corruptioni:

246 1743 616 1814 παράπτωμα,
649 1746 843 1817 μηκέτι
863 1747 1155 1818 δυνάμενον
1179 1751 1275 1822 ζῇν
1318 1753 1375 1805 ὲν
1406 1754 1482 1825 τῷ
1513 1755 1812 1828 τεθνηκότι.

1923 1760 2272 1831 sejunctaque
2297 1769 2380 1816 est
2408 1775 2438 1812 a
2467 1773 2632 1813 carne
2658 1757 2858 1819 anima,
2876 1763 2935 1808 ut
2961 1753 3207 1808 interiret
3231 1767 3326 1822 per
3346 1745 3486 1806 mor?

249 1833 430 1894 Ὅθεν.
453 1834 814 1901 ἀποθανόντος
843 1838 936 1892 τοῦ
973 1842 1414 1914 παραπτώματος
1436 1848 1530 1900 καὶ
1559 1849 1814 1921 διεφθαρ-

249 1925 429 1995 μένου,
455 1928 613 1981 πάλιν
633 1929 896 1998 ἀθάνατος
917 1935 1002 1988 ἀνί
1009 1955 1228 2010 σταμαι,
1258 1931 1358 1994 καῖ
1377 1941 1528 2012 ὑμνῶ
1547 1943 1638 1995 τὸν
1659 1943 1811 2008 Θεὸν,

246 2019 331 2072 τὸν
358 2021 448 2074 διά
479 2022 710 2078 Θανάτου
743 2027 811 2080 τά
849 2028 1011 2083 τέκνα
1041 2034 1104 2084 ὲκ
1145 2033 1376 2087 Θανάτου
1417 2033 1681 2099 σώζοντα·
1720 2037 1813 2091 καὶ

244 2112 487 2183 ἑορτάζω
515 2117 760 2187 νομίμως
783 2120 950 2190 αὐτῷ,
980 2124 1301 2194 κοσμήσασα
1325 2126 1423 2196 τὴν
1460 2127 1664 2197 σκηνήν
1689 2144 1810 2197 μου,

243 2203 337 2274 τὴν
371 2207 567 2278 σάρκα,
603 2213 714 2273 τοῖς
756 2211 956 2276 καλοῖς,
985 2213 1172 2287 ὥσπερ
1190 2217 1352 2270 κάκεῖ
1381 2219 1500 2281 ταῖς
1535 2218 1816 2288 πενταφώ-

240 2312 356 2361 τοις
382 2301 436 2352 αἱ
472 2302 730 2372 παρθένοι
763 2305 1040 2377 λαμπάσιν
1075 2307 1205 2378 (41).

1918 1863 2023 1908 tem
2059 1859 2362 1924 peccatum,
2395 1866 2503 1906 non
2536 1849 2723 1904 valens
2750 1847 2982 1917 amplius
3012 1847 3066 1900 in
3091 1844 3374 1900 demortuo
3404 1843 3488 1898 vi-

1921 1963 2062 2004 vere.
2098 1946 2250 2002 Unde
2276 1955 2490 2002 mortuo
2523 1952 2746 2015 peccato
2777 1952 2831 1998 et
2855 1948 3132 2012 corrupto,
3163 1953 3355 1994 rursus
3382 1937 3486 1991 im-

1918 2043 2166 2096 mortalis
2191 2056 2440 2110 resurgo,
2468 2039 2746 2110 Deumque
2775 2039 2936 2093 laudo
2957 2076 2972 2099 ,
2994 2036 3088 2105 qui
3126 2049 3222 2104 per
3252 2037 3484 2086 mortem

1917 2133 2056 2189 ﬁlios
2087 2149 2118 2187 a
2152 2143 2326 2189 morte
2355 2132 2588 2187 liberet:
2619 2133 2780 2202 inque
2807 2130 2926 2200 ejus
2955 2129 3217 2182 honorem
3247 2125 3486 2196 legitime

1916 2226 2060 2281 diem
2097 2225 2294 2281 festum
2320 2225 2570 2288 celebro,
2615 2239 2817 2278 ornans
2861 2220 3271 2276 tabernaculum
3305 2230 3485 2272 meum

1917 2320 2158 2389 (carnem
2191 2318 2420 2388 scilicet)
2443 2317 2696 2387 operibus
2728 2316 2906 2377 bonis,
2927 2322 2985 2368 ut
3012 2321 3066 2368 et
3088 2312 3199 2367 illic
3223 2311 3484 2382 virgines,

1918 2414 2158 2486 quinque
2187 2414 2530 2468 lucernarum
2555 2411 2802 2466 accensis
2833 2406 3177 2477 lampadibus
3205 2404 3272 2460 ⁷³.

701 2546 842 2603 Car.
871 2547 957 2603 Ill.
993 2551 1267 2618 Quomodo
1295 2568 1350 2606 se
1378 2552 1593 2624 quisque
1620 2553 1687 2606 ad
1719 2553 1957 2622 futuram
1994 2552 2426 2607 resurrectionem
2457 2566 2762 2620 comparare
2791 2547 2992 2602 debeat.

339 2680 720 2755 Εξεταζομένη
760 2687 824 2755 τῇ
866 2688 1058 2761 πρώτῃ
1097 2688 1196 2758 τῆς
1231 2689 1577 2753 ἀναστάσεως
1613 2689 1816 2762 ἡμέρᾳ,

243 2777 289 2828 εί
316 2777 470 2846 φέρω
499 2774 567 2827 τὰ
605 2778 1051 2848 προστεταγμένα
1071 2796 1084 2809 ·
1118 2781 1165 2832 εξ
1195 2766 1544 2851 κεκόσμημαι
1574 2783 1688 2844 τοῖς
1718 2779 1820 2850 τῆς

245 2867 446 2938 ἀρετῆς
501 2870 760 2936 καρποῖς·
810 2870 857 2921 εί
904 2871 1014 2933 τοῖς
1061 2870 1273 2934 κλάδοις
1316 2873 1412 2942 τῆς
1461 2872 1682 2942 ἁγνείας
1721 2889 1816 2925 κα-

243 2958 631 3029 τασκιάξομαι.
657 2959 783 3011 Νόει
814 2959 922 3032 γάρ
961 2978 1049 3031 μοι
1089 2961 1186 3032 τὴν
1218 2962 1514 3017 ἀνάστασιν
1543 2959 1679 3017 εἶναι
1716 2963 1814 3034 τὴν

243 3052 640 3123 σκηνοπηγίαν.
672 3051 800 3104 Νόει
838 3069 924 3123 μοι
965 3055 1058 3106 καὶ
1088 3053 1157 3106 τὰ
1185 3055 1264 3117 εἰς
1295 3055 1391 3126 τὴν
1423 3055 1668 3108 σύνθεσιν
1709 3073 1813 3108 πα-

1994 2691 2174 2744 Prima
2208 2688 2626 2746 resurrectionis
2654 2686 2743 2742 die
2774 2685 2827 2740 in
2868 2699 3096 2740 examen
3131 2683 3385 2750 adducta,
3417 2698 3489 2739 an

1923 2794 1986 2834 ea
2020 2779 2238 2835 aﬁeram
2267 2795 2387 2851 qua:
2409 2787 2539 2835 sunt
2563 2780 2823 2848 imperata
2851 2795 2864 2829 :
2897 2791 2968 2830 an
2991 2775 3208 2830 virtutis
3230 2775 3486 2844 operibus

1922 2871 2175 2926 decorata
2210 2871 2342 2934 sim,
2379 2887 2447 2926 an
2494 2870 2661 2925 ramis
2702 2868 2974 2924 castitatis
3014 2882 3228 2938 opacer.
3277 2865 3486 2936 Reputa

1920 2963 2062 3017 enim
2090 2963 2566 3026 resurrectionem,
2596 2960 2930 3015 tabernaculi
2987 2960 3314 3014 erectionem
3344 2973 3483 3013 esse.

1920 3053 2127 3124 Reputa
2151 3070 2268 3125 quae
2287 3055 2341 3110 in
2367 3053 2696 3109 tabernaculi
2723 3051 3174 3122 compositionem
3200 3066 3490 3106 assumun-

242 3143 699 3215 ραλαμϐανὸμενα
743 3146 840 3215 τῆς
885 3146 1093 3217 σκηνῆς
1129 3145 1228 3210 τὰς
1253 3147 1500 3219 ⁸πράξεις
1543 3145 1679 3202 εἶναι
1722 3150 1817 3220 τῆς

1923 3153 2030 3210 tur,
2053 3145 2278 3216 iustitia:
2300 3161 2420 3201 esse
2444 3161 2625 3216 opera.
2665 3143 2831 3198 Sumo
2859 3144 3025 3215 igitur
3047 3143 3220 3214 prima
3255 3142 3343 3196 die
3365 3158 3485 3211 qua:

237 3233 605 3306 δικαιοσύνης.
646 3236 922 3306 Λαμϐάνω
954 3232 1046 3290 οὖν
1083 3241 1148 3308 τῇ
1193 3239 1372 3312 ἡμέρᾳ
1409 3244 1482 3316 τῇ
1529 3241 1719 3314 πρώτῃ
1744 3241 1813 3294 τὰ

240 3325 692 3397 ὗτυοτεταγμένα’
723 3329 884 3381 οἱονεὶ
923 3331 986 3400 τῇ
1027 3329 1214 3401 ἡμέρᾳ
1323 3333 1598 3402 κρίνομαι,
1634 3335 1680 3385 εἰ
1717 3333 1815 3404 τὴν

243 3418 448 3488 σκηνὴν
478 3418 764 3490 ὲκόσμησά
798 3435 899 3489 μου
932 3424 1045 3485 τοῖς
1075 3423 1564 3495 προστεταγμένοις
1585 3440 1598 3453 °
1646 3426 1694 3477 εί
1727 3426 1818 3478 εὑ-

246 3511 524 3577 ρίσκονται
565 3511 734 3563 ταῦτα
763 3513 819 3564 ἐν
865 3513 1025 3584 αὐτῇ,
1069 3515 1211 3586 άπερ
1256 3515 1487 3570 ἐνταῦθα
1524 3517 1620 3587 μὲν
1652 3518 1710 3571 ὲν
1741 3517 1818 3588 τῷ

245 3602 435 3671 κόσμῳ
466 3603 773 3672 κτήσασθαι
812 3607 1294 3677 προστασσόμεθα·
1329 3610 1442 3662 ἐκεῖ
1479 3610 1534 3663 δὲ
1579 3610 1817 3682 προσφέ-

245 3709 358 3761 ρειν
381 3693 461 3763 τῷ
668 3697 775 3748 Ἴτε
814 3695 941 3767 γάρ,
971 3697 1074 3749 ’καὶ
1107 3697 1175 3750 τά
1217 3698 1342 3768 ἑξῆς
1375 3699 1815 3770 ἐπισκεψώμεθα.

310 3786 426 3840 Kal
453 3787 728 3854 ,λήψεσθε
759 3789 992 3856 ἑαυτοῖς
1021 3788 1095 3858 τῇ
1136 3791 1352 3859 πρώτῃ,
1391 3793 1574 3864 φησὶν,
1610 3791 1814 3862 ἡμέρῃ,

240 3884 482 3947 καρπὸν
507 3879 699 3944 ξύλου
719 3881 955 3948 ὡραῖον,
977 3881 1077 3935 καὶ
1101 3883 1366 3950 κλάδους
1393 3884 1584 3948 ξύλου
1611 3884 1818 3951 δασεῖς

239 3971 335 4025 καὶ
376 3971 560 4036 ἰτέας,
597 3972 696 4024 καὶ
735 3971 919 4040 ἄγνου
950 3973 1216 4040 κλάδους
1251 3976 1318 4029 ἐκ
1345 3975 1683 4046 χειμάῤῥου,
1721 3979 1818 4031 εὑ-

236 4063 581 4132 ρρανθῆναι
606 4064 880 4117 ἐναντίον
907 4065 1127 4132 Κυρίου
1154 4067 1257 4120 τοῦ
1283 4068 1429 4122 Θεοῦ
1457 4067 1640 4137 ὑμῶν.
1675 4071 1820 4140 Καρ-

236 4155 336 4209 ab»:
373 4155 712 4226 ὡραιότατον
753 4155 909 4220 ξύλου
957 4159 1005 4210 οἱ
1047 4158 1144 4228 τὴν
1192 4159 1417 4229 καρδίαν
1459 4160 1818 4233 ἀπερίτμητοι

247 4247 498 4300 Ἰουδαῖοι
528 4247 615 4300 διά
646 4247 707 4300 τὸ
743 4249 970 4319 μέγεθος
997 4251 1059 4303 τὸ
1093 4253 1300 4323 κίτριον
1336 4252 1592 4324 ἡγοῦνται
1623 4255 1820 4324 τυγχά-

235 4357 382 4393 νειν⁸
424 4339 550 4393 οὐδὲ
583 4340 1012 4408 ὲγκαλὺπτονται
1051 4333 1242 4415 κιτρίῳ
1275 4343 1366 4397 τὸν
1401 4345 1531 4398 Θεὸν
1572 4345 1817 4414 λέγοντες

233 4431 530 4502 τιμᾶσθαι,
655 4431 723 4484 τὰ
758 4434 1062 4506 τετράποδα
1093 4435 1268 4488 πάντα
1296 4435 1394 4506 τῆς
1429 4437 1530 4508 γῆς
1558 4438 1657 4490 οὐκ
1681 4439 1818 4492 εἰσὶν

1919 3239 2260 3304 subduntur,
2301 3253 2492 3307 nempe
2521 3254 2629 3308 quo
2651 3237 2739 3293 die
2769 3239 2821 3291 iu
2856 3235 3065 3306 judicio
3095 3236 3280 3298 sistor,
3331 3235 3376 3288 si
3406 3243 3490 3286 ta-

1919 3332 2270 3388 bernaculum
2299 3347 2479 3386 meum
2516 3332 2796 3401 praeceptis
2821 3329 3008 3384 ornavi
3037 3349 3048 3383 :
3084 3329 3129 3383 si
3162 3329 3276 3382 lucc
3306 3329 3361 3380 in
3393 3327 3488 3380 illo

1919 3423 2273 3477 inveniuntur
2303 3437 2422 3492 qua:
2441 3420 2529 3475 hic
2561 3422 2612 3474 in
2637 3422 2837 3476 saeculo
2870 3435 3189 3490 comparare
3209 3419 3486 3488 jubemur,

1921 3529 1984 3568 ac
2007 3514 2081 3568 ibi
2109 3513 2301 3570 oll‘erre
2333 3514 2459 3570 Deo.
2487 3512 2642 3584 Agite
2675 3514 2841 3579 enim,
2874 3521 2926 3568 et
2965 3529 3084 3583 quae
3115 3512 3374 3582 deinceps
3402 3525 3491 3566 se-

1920 3623 1989 3677 qu
1999 3617 2159 3662 untur
2189 3606 2622 3664 consideremus.

1992 3790 2238 3852 Sumetis,
2273 3787 2479 3859 inquit,
2531 3787 2673 3842 vobis
2731 3789 2904 3858 prima
2944 3787 3030 3842 die
3075 3786 3306 3856 fructum
3359 3784 3488 3854 ligni

1920 3886 2231 3950 speciosum,
2262 3893 2310 3938 et
2339 3901 2512 3938 ramos
2535 3883 2663 3954 ligni
2695 3881 2882 3936 densos
2904 3922 2919 3946 ,
2959 3890 3009 3936 et
3033 3881 3218 3935 salices
3238 3919 3252 3942 ,
3281 3888 3328 3933 et
3366 3879 3489 3948 agni

1921 3993 2096 4031 ramos
2123 3978 2185 4032 de
2223 3987 2466 4046 torrente,
2506 3978 2574 4032 ad
2599 3975 2884 4031 (astundam
2911 3992 3086 4030 coram
3113 3975 3337 4028 Domino
3379 3973 3488 4027 Deo

1921 4078 2089 4124 vestro
2121 4070 2187 4124 ⁷³.
2211 4069 2467 4127 Fructum
2506 4072 2638 4144 ligni
2667 4071 3088 4142 pulcherrimum
3120 4067 3490 4124 incircumcisi

1921 4159 2086 4215 corde
2116 4158 2308 4226 Iudici,
2337 4162 2405 4216 ob
2427 4162 2511 4217 sui
2545 4161 2992 4234 magnitudinem,
3021 4162 3220 4216 citrum
3248 4177 3369 4216 esse
3400 4175 3490 4213 ar-

1921 4254 2222 4322 bitrantur;
2274 4271 2450 4327 neque
2497 4273 2591 4313 eos
2645 4257 2810 4328 pudet
2867 4255 3077 4320 dicere,
3129 4255 3296 4310 Deum
3349 4254 3492 4309 citro

1921 4346 2071 4401 coli:
2104 4347 2191 4402 cui
2240 4363 2309 4403 ne
2357 4349 2534 4404 omnia
2567 4349 2784 4420 quidem
2836 4356 2995 4404 terra:
3046 4346 3394 4417 quadrupeda
3435 4345 3492 4400 in

1921 4438 2300 4494 holocaustum
2347 4441 2466 4510 ipso
2492 4440 2714 4512 dignum
2752 4439 3084 4506 suﬁ‘ecerint,
3120 4445 3215 4494 aut
3253 4439 3382 4494 thus
3433 4435 3496 4494 in

302 4588 357 4619 "
387 4586 534 4642 Dan.
572 4603 669 4652 xu,
695 4586 748 4640 2.
792 4590 837 4620 ⁷³
863 4586 1058 4643 Matth.
1091 4607 1214 4656 xxv,
1247 4591 1298 4646 7.
1377 4591 1606 4646 “Leuit.
1633 4609 1792 4658 χχιιι,
1829 4593 1918 4649 40.

235 4744 458 4799 scilicet
489 4759 605 4814 spe,
633 4745 945 4820 metaphora
975 4746 1188 4820 illorum
1217 4747 1308 4818 qui
1340 4763 1399 4803 se
1429 4758 1642 4818 portum
1669 4763 1819 4805 asse-
1851 4752 1897 4812 D
1923 4752 2019 4814 νάς
2048 4748 2398 4820 recipiemus,
2443 4762 2665 4816 corpora
2694 4749 2748 4801 in
2786 4748 3156 4820 sempiternum
3188 4745 3490 4820 conjuncta,

236 4823 401 4888 culos
424 4822 702 4888 putantes,
738 4817 830 4888 illo
855 4817 1164 4886 impingunt
1185 4817 1248 4872 ac
1275 4817 1524 4888 pereunt,
1556 4835 1652 4875 seu
1683 4836 1822 4874 nau-

238 4887 485 4954 tragiung
510 4884 738 4940 iaciunt.
795 4884 1082 4943 Comicus.

310 4952 426 5025 (ιο)
461 4952 573 5009 Ἦν
600 4955 868 5024 ἇπτωτος
906 4961 944 5027 ὴ
985 4957 1206 5026 σκηνή.
1237 4957 1422 5013 Refert
1451 4958 1558 5014 Leo
1586 4959 1820 5018 Allatius

241 5027 528 5082 Michaelis
565 5027 746 5099 Glycae
775 5030 1083 5099 epistolam.
1127 5045 1232 5098 qua
1269 5030 1344 5084 ait
1372 5033 1604 5098 probare
1634 5033 1818 5088 multis

237 5104 564 5173 sanctorum
591 5098 984 5173 _dictis,_l'uisse
1011 5099 1280 5173 hominem
1307 5101 1487 5173 animo
1512 5110 1566 5173 et
1589 5117 1819 5173 corpore

236 5177 491 5240 creatum
515 5166 914 5240 immortalem,
964 5169 1164 5239 quibus
1207 5171 1323 5240 ipse
1355 5166 1818 5226 Methodium'ad-

232 5238 445 5308 jungit.
476 5236 534 5308 id
564 5238 710 5294 clare
746 5240 851 5293 hoc
898 5236 1020 5293 loco
1060 5236 1413 5296 asseréntem.
1470 5241 1537 5294 Et
1583 5252 1732 5298 certe
1765 5243 1820 5298 id

236 5305 460 5384 docere
485 5305 821 5384 Methodium
866 5311 1053 5384 negari
1089 5327 1211 5384 non
1228 5319 1434 5380 potest;
1480 5321 1536 5365 at
1570 5330 1676 5384 qua
1712 5315 1816 5367 im-

238 5377 602 5450 mortalitate,
639 5396 738 5433 nec
767 5381 883 5450 ipse
910 5377 1045 5436 satis
1073 5377 1327 5450 explicat,
1356 5398 1455 5436 nec
1485 5377 1814 5439 alii'Patres.

238 5446 385 5522 Sane
418 5449 742 5522 εἰάπτωτος
765 5446 805 5522 η’
834 5452 1028 5522 σκηνή,
1077 5446 1219 5506 υιῖόε
1248 5453 1391 5520 quod
1427 5455 1672 5508 corruit?
1711 5455 1816 5510 nisi

235 5520 385 5590 quod
403 5519 653 5596 subjecta
667 5519 856 5596 adami
871 5519 1226 5596 arbi‘trioejus
1241 5519 1638 5588 immortalitas,
1653 5541 1814 5596 quam

235 5597 488 5665 servaret
517 5590 565 5644 si
599 5591 787 5665 vellet,
817 5601 874 5665 ut
895 5600 949 5646 et
979 5591 1124 5647 fecit.
1155 5591 1272 5646 Non
1297 5602 1411 5647 erat
1441 5610 1572 5665 ergo
1597 5590 1818 5651 iminor—

236 5662 429 5733 talitas
465 5660 627 5730 quasi
671 5662 924 5730 positiva,
969 5670 1022 5717 et
1056 5678 1122 5716 ex
1154 5665 1436 5733 principiis
1479 5660 1814 5728 intrinsecis,

236 5731 424 5801 qualis
444 5733 552 5788 erit
582 5747 614 5784 a
646 5734 1066 5799 resurrectione,
1101 5731 1194 5803 per
1219 5731 1379 5804 quain
1404 5737 1654 5801 αἰωνίους
1688 5754 1818 5808 σκη-

1930 4836 2030 4875 nec
2058 4816 2296 4891 unquam
2333 4820 2761 4891 intermoritura,
2784 4820 2874 4891 sed
2903 4818 3056 4886 quasi
3084 4824 3270 4887 parata
3293 4816 3497 4891 extrin-

1929 4907 2054 4946 sece
2086 4886 2283 4962 Deique
2314 4891 2672 4962 munere,qui
2707 4889 2978 4942 hominem
3011 4886 3289 4962 creaverat
3310 4895 3368 4940 ut
3394 4886 3498 4962 im-

1927 4962 2174 5016 mortalis
2196 4955 2378 5027 esset;
2409 4967 2463 5014 et
2494 4955 2736 5029 qui'ipse
2772 4970 2990 5012 mortem
3025 4976 3126 5012 non
3156 4960 3298 5027 fecit,
3332 4965 3389 5029 ut
3412 4955 3497 5009 di-

1928 5033 2071 5088 citur
2121 5031 2247 5102 Sap.
2297 5046 2336 5093 ι,
2385 5031 2470 5084 13.
2515 5028 2901 5100 Congruentia
2952 5030 3201 5102 Methodii
3259 5028 3497 5082 inductae

1919 5104 2133 5162 mortis,
2165 5101 2224 5156 ut
2253 5117 2315 5156 ea
2340 5107 2623 5170 peccatum
2659 5111 2984 5163 moreretur,
3007 5102 3061 5154 in
3098 5101 3150 5153 vi
3183 5112 3495 5170 congruen-

1918 5175 2007 5228 tiae
2040 5173 2201 5236 valet,
2253 5167 2364 5226 non
2399 5172 2629 5226 rationis
2662 5186 2783 5242 quae
2823 5181 3002 5241 cogat,
3053 5185 3176 5242 cum
3223 5167 3497 5242 praecipue

1917 5251 2102 5299 reatus
2141 5243 2315 5313 culpa:
2354 5257 2462 5295 non
2497 5242 2551 5295 in
2585 5237 2812 5312 corpore
2844 5237 2936 5306 sit,
2963 5241 3069 5313 sed
3105 5241 3160 5294 i-u
3188 5237 3371 5294 animo
3399 5237 3495 5309 qui

1918 5312 2344 5368 immortalis’est
2363 5329 2376 5377 ;
2395 5320 2448 5366 et
2468 5328 2628 5380 quem
2651 5315 2826 5382 ipsum
2850 5312 3052 5366 aboleri
3076 5327 3302 5367 necesse
3323 5316 3492 5375 esset,

1921 5393 1979 5438 ut
2017 5384 2173 5454 quasi
2213 5383 2416 5437 abolito
2454 5385 2722 5451 subjecto,
2757 5384 2962 5438 aboleri
2993 5391 3272 5454 peccatum
3306 5395 3497 5454 cense-

1923 5451 2074 5510 retu‘r
2124 5469 2188 5508 ac
2237 5454 2484 5524 deiicere.
2533 5454 2649 5508 Alia
2677 5469 2807 5524 ergo
2837 5451 3126 5522 quaerenda
3159 5451 3493 5524 pecca-tiide-

1924 5525 2175 5588 structio,
2227 5523 2393 5578 animi
2446 5525 2501 5579 in
2543 5525 2710 5579 Deum
2747 5523 3105 5579 conversione
3131 5533 3184 5579 et
3222 5523 3498 5578 inlusione

1924 5597 2131 5721 ggatliaa,
2157 5605 2329 5719 Iextra
2373 5609 2534 5664 quam
2578 5597 2724 5650 nulla
2758 5597 3004 5664 corporis
3037 5611 3184 5650 mors
3211 5601 3494 5666 peccatum

1925 5683 1953 5720 a
1995 5675 2122 5721 oet.
2180 5682 2232 5719 ο.

1925 5668 2122 5722 abolet.
2157 5668 2232 5719 In.

1995 5739 2107 5808 (Η)
2144 5737 2276 5804 Ταῖς
2304 5736 2771 5807 πενταφώτοις...
2806 5738 3096 5808 λαμπάσι.
3138 5735 3340 5807 Nempe
3378 5748 3497 5790 om-
