3964 6226
469 223 574 308 £83

1419 240 1477 296 S.
1516 226 1844 294 METHODII
1879 229 2185 290 EPISCOPI
2232 220 2314 281 ΕΤ
2360 222 2721 282 MARTYRIS

3591 207 3699 266 ιιι

464 364 775 421 incensum.
792 362 1153 434 Prorsusque,
1182 376 1216 417 o
1260 359 1396 416 dura
1418 374 1483 415 ac
1509 358 1686 414 ferrea
1708 358 1952 423 pectora!
1983 356 2029 412 si

2135 354 2212 416 εις
2233 347 2599 404 ὁλοκαύτωσιν
2627 344 2804 411 ἱκανὰ,
2829 341 2921 396 καὶ
2946 342 2976 394 ὁ
3000 338 3213 402 λίϐανος
3238 337 3316 399 εἰς
3339 331 3533 388 καῦσιν

464 454 639 511 citrus
670 455 894 526 pulcher
919 456 1076 512 vobis
1104 454 1347 518 videtur,
1383 451 1575 523 quidni
1612 462 1666 507 et
1716 466 1821 505 uva
1851 450 2031 523 potius

464 546 728 619 pulchra?
749 546 937 618 quidni
967 554 1023 603 et
1046 547 1247 601 malum
1274 549 1556 615 granatum
1603 541 1892 611 caeterique
1942 555 2032 594 ar—

464 642 659 696 borum
692 639 907 697 l‘ructus
950 651 1003 696 et
1052 654 1211 710 poma
1257 637 1427 693 multo
1449 636 1588 691 citro
1617 632 2033 704 praestantiora?

465 732 612 789 Sane
642 735 695 788 in
719 734 948 789 Cantico
968 733 1304 789 canticorum
1327 732 1373 764 ⁷⁸
1392 730 1663 794 Salomon,
1692 729 1885 781 horum
1914 740 2032 779 om—

464 827 614 882 nium
646 827 996 898 pulchrorum
1040 826 1312 881 fructuum
1342 822 1612 878 mentione
1634 820 1773 876 facta
1797 861 1812 884 ,
1858 833 2029 873 unum

464 917 725 973 duntaxat
757 919 955 972 malum
987 917 1178 971 citrum
1204 914 1421 970 silentio
1448 912 1727 984 praeteriit.
1778 909 1884 966 Sed
1924 910 2030 964 hoc

465 1010 839 1082 imprudentes
867 1006 1237 1079 decipit,quod
1254 1022 1362 1061 non
1394 1006 1791 1069 intellexerunt,
1821 1004 2026 1075 lignum

463 1103 589 1159 vitae
609 1103 754 1175 quod
791 1103 942 1172 prius
972 1099 1257 1171 paradisus
1300 1097 1504 1154 ferebat
1534 1098 1601 1162 ⁷⁸,
1632 1111 1780 1151 nunc
1828 1095 2025 1149 iterum

466 1196 767 1253 Ecclesiam
800 1195 1053 1250 omnibus
1081 1193 1433 1264 germinasse,
1457 1189 1603 1261 quod
1638 1188 1927 1260 pulchrum
1962 1203 2027 1241 ac

466 1290 725 1344 decorum
756 1287 876 1342 ﬁdei
901 1286 1132 1340 fructum
1164 1283 1341 1338 faciat.
1438 1309 1446 1317 -

533 1381 715 1436 Talem
744 1395 843 1434 nos
864 1378 1100 1433 fructum
1130 1377 1195 1430 ad
1222 1375 1457 1429 tribunal
1475 1373 1680 1430 Christi
1704 1372 2027 1428 accedentes

465 1473 657 1528 aﬂ‘erre
684 1487 907 1527 necesse
954 1479 1039 1527 est
1086 1469 1263 1540 primo
1288 1466 1648 1522 solemnitatis
1684 1466 1809 1521 die:
1840 1480 1950 1535 quo
1979 1467 2025 1520 si

463 1580 563 1619 nos
586 1579 802 1634 quoque
850 1560 1233 1625 destituamur,
1264 1574 1375 1613 non
1413 1558 1712 1628 poterimus
1756 1572 1881 1611 cum
1916 1555 2029 1611 Deo

462 1654 668 1723 ieriari,
691 1669 793 1710 nec
813 1661 1018 1724 partem
1041 1651 1441 1712 nanciscemur,
1469 1655 1529 1704 ut
1551 1660 1741 1704 auctor
1756 1656 1840 1705 est
1861 1647 2028 1703 Joan-

2133 446 2242 499 Καὶ
2263 442 2400 507 ὅλως
2438 442 2487 493 εἰ
2516 440 2579 494 τὸ
2614 437 2840 509 κίτριον,
2867 429 2913 489 ὦ
2945 431 3269 504 ἀτεράμονες
3292 430 3310 480 ι
3338 427 3533 497 ὡραῖον
3560 423 3693 494 (45),

2129 540 2268 596 διατί
2299 538 2372 611 μὴ
2406 538 2498 593 καὶ
2527 538 2561 607 ἡ
2596 532 2839 604 σταφυλὴ
2869 530 3068 602 μᾶλλον
3097 525 3306 597 (inputa;
3335 519 3475 576 διατι
3501 518 3575 590 μὴ
3601 517 3700 571 καὶ

2132 638 2166 707 ἡ
2196 632 2318 707 ῥοιά
2336 649 2350 697 ;
2370 630 2510 685 διατὶ
2533 628 2608 700 μὴ
2636 626 2730 681 καὶ
2752 624 2814 678 τὸ
2848 621 3009 695 μῆλον
3042 621 3135 673 καὶ
3157 617 3224 671 τὰ
3246 611 3697 707 ἄλλαᾼὼιρύδρυα,

2128 700 2208 780 τὰ.
2250 722 2444 796 μᾶλλον
2497 718 2815 790 διαφέροντα
2856 714 2948 769 τοῦ
2986 712 3226 783 κιτρίου;
3269 705 3479 778 Ἀμέλει
3524 705 3583 757 ὲν
3618 700 3702 771 τῷ

2134 819 2372 890 ’ᾼσματι
2403 816 2510 870 τῶν
2548 813 2810 887 ᾀσμάτων
2829 851 2844 875 ,
2882 809 3095 863 πάντων
3138 806 3167 858 ὀ
3204 800 3450 872 Σολομῶν
3493 797 3699 852 τούτων

2128 911 2345 986 ὡραίων
2381 908 2779 983 μνημονεύσας,
2804 906 2864 960 τὸ
2901 904 3102 976 κίτριον
3134 895 3482 966 ἀπεσιώπησε
3517 892 3695 964 μόνον.

2142 983 2302 1058 Ἀλλὰ
2329 1000 2536 1056 τούτων
2565 994 3080 1068 ἀπεϐουκολήθησαν
3114 992 3164 1045 οἱ
3189 991 3436 1061 ἄφρονες,
3474 983 3549 1057 μὴ
3576 983 3700 1054 νοή-

2132 1113 2322 1159 σαντες
2360 1095 2420 1148 τὸ
2452 1092 2609 1161 ξύλον
2640 1091 2742 1161 τῆς
2784 1088 2951 1158 ζωῆς,
2984 1086 3014 1139 ὃ
3036 1082 3277 1156 ,πρόσθεν
3322 1080 3417 1151 μὲν
3448 1079 3478 1130 ὁ
3523 1072 3705 1144 παρά-

2126 1186 2300 1248 δεισος
2324 1183 2506 1254 ἔφερε,
2534 1181 2627 1235 νῦν
2652 1180 2707 1234 δὲ
2724 1180 2887 1234 πᾶσιν
2910 1172 3358 1244 ἀνεϐλάστησενὴ
3389 1165 3702 1234 Ἐκκλησία,

2129 1278 2218 1331 τὸν
2248 1277 2445 1348 ὡραῖον
2474 1274 2570 1328 καὶ
2596 1271 2843 1344 εὐπρεπῆ
2874 1269 2973 1339 τῆς
2999 1267 3232 1328 πίστεως
3257 1260 3439 1315 ποιοῦν
3467 1258 3700 1331 καρπόν.

2197 1368 2448 1423 Τοιοῦτον
2481 1365 2805 1436 ἐληλυθότας
2832 1360 3043 1431 καρπὸν
3072 1361 3139 1430 τῇ
3170 1356 3361 1428 πρώτῃ
3382 1354 3481 1423 τῆς
3510 1350 3704 1421 ἑορτῆς

2129 1461 2310 1533 ἡμέρα
2331 1462 2410 1524 εἰς
2434 1460 2494 1513 τὸ
2517 1459 2863 1529 δικαστήριον
2902 1457 3049 1524 ἡμᾶς
3074 1450 3317 1522 κομίζειν
3340 1448 3417 1501 δεῖ
3441 1442 3700 1518 Χριστοῦ.

2128 1556 2222 1610 ἐὰν
2250 1556 2323 1627 μὴ
2357 1554 2594 1609 τοιοῦτον
2620 1551 2837 1622 σχῶμεν
2867 1549 2961 1603 καὶ
2990 1548 3152 1617 ἡμεῖς
3184 1542 3416 1615 καρπὸν,
3451 1540 3511 1593 οὐ
3539 1538 3705 1607 δυνη-

2131 1646 2333 1718 σόμεθα
2373 1644 2727 1717 συνεορτάσαι
2779 1640 2897 1712 Θεῷ
2919 1658 2931 1671 ’
2982 1639 3043 1693 οὐ
3079 1634 3377 1706 τευξόμεθα
3397 1673 3411 1697 ,
3442 1633 3585 1686 κατὰ
3615 1629 3705 1681 τὸν

463 1760 562 1802 nes
580 1745 648 1811 '",
682 1747 736 1800 in
758 1745 1136 1799 resurrectione
1158 1743 1348 1810 prima.
1383 1740 1613 1811 Lignum
1638 1740 1783 1796 enim
1805 1741 1932 1795 vitae
1945 1748 2029 1797 est

2147 1715 2420 1811 Ἰωάννην,
2448 1715 2558 1806 τῆς·
2592 1736 2830 1805 πρώτης
2860 1732 3269 1797 ἀναστάσεως.
3305 1728 3378 1780 Τὸ
3422 1726 3530 1796 γὰρ
3553 1721 3708 1789 ξύλον

462 1837 706 1892 omnium
737 1836 1089 1909 primogenita
1125 1833 1398 1905 Sapientia
1420 1852 1432 1887 :
1454 1832 1673 1904 Lignunt
1706 1835 1826 1889 vita:
1855 1843 1933 1888 est
1962 1834 2029 1889 iis

461 1933 551 2003 qui
589 1930 1020 2002 apprehenderint
1051 1946 1188 1991 eam,
1217 1929 1294 1983 ait
1321 1927 1585 1999 propheta
1606 1967 1622 1990 ,
1658 1936 1709 1981 et
1728 1928 1804 1983 eis
1831 1928 1921 1999 qui
1949 1928 2032 1981 in-

464 2023 705 2076 nituntur
728 2037 885 2089 super
909 2021 1077 2090 ipsam
1097 2019 1251 2089 quasi
1277 2033 1430 2085 super
1451 2016 1737 2073 Dominum
1758 2035 1944 2073 secura
1962 2020 2029 2073 ⁷⁸.

461 2114 688 2185 Lignum
730 2114 1028 2185 plantatum
1056 2129 1203 2168 secus
1242 2112 1493 2168 decursus
1545 2127 1840 2182 aquarum,
1893 2110 2031 2183 quod

460 2207 691 2275 fructum
720 2223 874 2262 suum
895 2205 1041 2259 dabit
1073 2208 1128 2260 in
1161 2216 1387 2277 tempore
1423 2221 1519 2260 suo
1558 2205 1603 2238 ⁷⁹
1630 2224 1643 2260 :
1675 2204 1923 2260 doctrina
1946 2213 2032 2261 est

460 2307 516 2355 et
537 2300 778 2356 cbaritas
813 2310 868 2357 et
915 2299 1200 2371 prudentia
1225 2340 1240 2365 ,
1283 2309 1528 2371 tempore
1564 2306 1872 2370 opportuno
1921 2298 2032 2353 illis

461 2390 746 2461 dispertita
774 2392 867 2464 qui
893 2391 961 2447 ad
981 2407 1151 2461 aquas
1178 2390 1569 2461 redemptionis
1598 2390 1888 2446 accedunt.

532 2567 637 2635 Qui
676 2584 784 2623 non
805 2568 1037 2623 credidit
1064 2568 1313 2633 Christo,
1362 2584 1537 2639 neque
1566 2583 1689 2623 eum
1721 2583 1844 2623 esse
1879 2567 2032 2639 prin-

456 2660 661 2730 cipium
691 2670 749 2715 et
767 2660 972 2731 lignum
1003 2660 1125 2713 vita:
1145 2660 1431 2722 intellexit,
1456 2660 1505 2716 is
1544 2675 1670 2715 cum
1699 2676 1809 2715 non
1860 2660 2035 2730 possit

458 2749 570 2805 Deo
591 2751 878 2805 ostendere
900 2750 1309 2805 tabernaculum
1341 2767 1499 2807 suum
1532 2750 1888 2822 pulchrorum
1919 2750 2034 2806 fru-

459 2853 646 2899 ctuum
680 2843 1091 2912 speciosissimo
1123 2851 1400 2907 ornatum,
1425 2844 1698 2914 quomodo
1727 2846 1927 2901 festum
1951 2861 2034 2902 co-

460 2935 728 2994 lebrahit?
757 2937 1028 3006 quomodo
1071 2937 1377 2993 laetabitur?
1408 2934 1498 2993 Vis
1535 2951 1700 2993 nosse
1743 2938 2033 3008 pulchrum

455 3029 585 3099 ligni
601 3027 834 3083 fructum
851 3028 1183 3085 ?Considera
1201 3045 1481 3086 sermones
1491 3028 1703 3086 Domini
1722 3031 1891 3087 nostri
1902 3029 2033 3087 Jesu

455 3120 681 3186 Christi,
713 3130 770 3174 ut
798 3131 926 3177 sunt
955 3124 1175 3190 speciosi
1202 3121 1376 3191 [arma
1401 3139 1512 3193 prie
1533 3123 1659 3186 ﬁliis
1681 3122 1947 3178 hominum
1962 3124 2030 3178 ⁸⁸.

455 3210 689 3267 Pulcher
733 3212 943 3269 fructus
992 3214 1313 3285 germinavit
1366 3229 1460 3284 per
1500 3214 1739 3286 Moysem
1765 3257 1781 3283 ,
1839 3230 2034 3287 nempe

457 3305 575 3374 lex;
603 3305 698 3362 sed
735 3322 844 3363 non
882 3306 958 3361 ita
999 3307 1226 3378 pulcher
1256 3317 1314 3362 ut
1336 3306 1704 3380 Evangelium.
1735 3308 1844 3364 Lex
1885 3309 2033 3364 enim

530 3483 576 3514 ⁷³
600 3482 758 3539 Cant.
795 3501 867 3547 tv,
913 3485 997 3539 15.
1073 3487 1119 3517 ⁷⁸
1156 3484 1283 3542 Cen.
1323 3501 1383 3550 ll,
1408 3487 1463 3542 9.
1540 3488 1586 3519 ⁷⁷
1612 3487 1778 3555 Apoc.
1806 3504 1899 3551 xx,
1926 3485 1981 3539 6.

458 3666 622 3722 nibus
668 3665 922 3721 sensibus
966 3664 1022 3719 in
1068 3680 1275 3736 morem
1320 3666 1629 3736 lampadum
1683 3667 1933 3723 accensis
1971 3667 2028 3720 in

459 3739 663 3793 cultum
693 3736 1056 3807 virginitatis;
1082 3736 1155 3788 ita
1185 3735 1393 3791 scilicet
1418 3735 1474 3790 ut
1497 3736 1694 3806 singuli
1723 3737 1800 3791 illi
1829 3752 2027 3794 sensus

460 3809 733 3867 studeant,
767 3807 1010 3877 nihilque
1040 3807 1390 3860 libidinosum
1424 3814 1517 3860 aut
1545 3807 1845 3862 abhorrens
1874 3824 1905 3862 a
1935 3822 2028 3861 ea-

458 3876 663 3933 stitatis
694 3878 903 3947 legibus
933 3893 1032 3932 sua
1074 3878 1308 3947 quisque
1351 3878 1668 3945 operatione
1713 3878 2025 3945 admittant,

458 3951 536 4004 uti
569 3949 625 4002 in
653 3948 1025 4018 superioribus
1050 3947 1353 4003 Methodius
1379 3949 1495 4018 ipse
1518 3949 1790 4017 exposuit,
1812 3949 2030 4005 debuit-

496 4036 565 4075 ue
600 4019 914 4073 meminisse
940 4017 1223 4090 Possinius
1250 4034 1318 4073 ne
1339 4017 1709 4088 παντοφὼτοις
1738 4020 1936 4090 legeret
1964 4035 2029 4075 ac

457 4037 565 4144 que
600 4037 914 4073 meminisse
941 4037 1223 4073 rossmlus
1250 4037 1318 4073 ne
1339 4037 1709 4088 παντοφωτοις
1738 4037 1936 4090 tegeret
1964 4037 2023 4075 ac

458 4096 807 4215 Cil:;g;l':l‘el
831 4127 846 4151 ,
910 4088 1057 4152 plene
1122 4088 1412 4143 lucentibus
1435 4129 1450 4154 ,
1522 4097 1582 4144 ut
1650 4090 1767 4161 ipse
1825 4090 2023 4146 reddit.

505 4174 751 4214 OIIBEFIS.

530 4230 640 4300 (ιε)
672 4230 782 4284 Καὶ
814 4234 847 4284 ό
864 4230 1108 4293 λίϐανος
1129 4231 1217 4300 εἰς
1245 4228 1485 4300 καῦσιν.
1512 4230 1668 4285 Κατὰ
1691 4230 1893 4295 κοινοῦ,
1921 4232 2029 4294 πᾶς

455 4301 486 4354 ὁ
510 4298 726 4371 λ’ίὸανος
756 4300 856 4371 τῆς
887 4301 1009 4371 γῆς.
1034 4298 1319 4371 Quidquid
1351 4300 1517 4355 thuris
1546 4311 1595 4355 et
1637 4302 1833 4355 incensi
1876 4301 2029 4355 habet

456 4379 621 4441 terra,
654 4370 731 4422 uti
763 4369 830 4423 de.
877 4369 1176 4441 pecudibus
1229 4369 1495 4441 dixerat;
1523 4380 1814 4441 utrumque
1858 4387 2029 4441 genus

454 4439 794 4494 ohlationum
824 4440 1160 4510 signiﬁcans,
1194 4445 1423 4510 utroque
1454 4440 1632 4503 altari.
1680 4439 2029 4496 holocaustu-

454 4524 578 4563 rum
609 4515 663 4562 et
697 4507 1103 4577 thymiamatum
1150 4523 1269 4578 quae
1302 4507 1356 4562 in
1387 4507 1486 4580 ραι
1504 4510 1730 4580 cultum,
1762 4510 2026 4580 quidquid

454 4579 986 4650 demumioﬂ‘eratur,
1017 4577 1294 4650 nunquam
1320 4577 1604 4650 sumciant.
1640 4577 1794 4644 Quod
1816 4577 1928 4645 jani
1950 4581 2026 4633 illi

454 4650 639 4705 omnia
668 4649 883 4716 debita;
906 4658 960 4706 et
989 4650 1057 4705 ab
1088 4648 1173 4714 eo,
1201 4663 1300 4717 pro
1337 4648 1456 4715 ejus
1483 4648 1787 4717 majestate,
1823 4650 2028 4702 inlinite

453 4727 685 4776 remota.
715 4720 805 4785 At,
840 4722 973 4791 quid
1001 4719 1326 4775 Possinius?
1363 4718 1627 4791 Libanum
1666 4719 1895 4791 ejusque
1931 4734 2029 4773 ne-

454 4806 610 4847 mora
638 4791 743 4848 sibi
768 4790 1111 4847 commentus
1138 4799 1243 4851 est.
1284 4790 1376 4859 qui
1410 4791 1525 4859 ipse
1559 4790 1613 4843 in
1647 4790 1818 4844 altare
1846 4797 2026 4859 verte-

453 4871 628 4930 retur,
654 4872 708 4918 et
739 4862 882 4918 unde
906 4863 973 4917 ad
1004 4858 1433 4918 comburenilum
1462 4859 1784 4930 holocausto
1812 4858 2026 4915 sullice-

453 4929 654 4991 retur:
686 4936 767 4990 sic
810 4935 954 4989 enim
996 4933 1169 4987 amica
1215 4929 1786 5001 paraphrasi.sa3pius
1816 4931 2028 4983 auctori

454 5006 638 5061 minus
667 5004 908 5060 oliiciosa
954 5001 1120 5071 Cujus
1143 5000 1291 5057 mons
1324 5000 1465 5055 totus
1497 5000 1733 5054 Libanus
1762 5001 1950 5062 altare,
1976 5010 2027 5054 et

452 5084 654 5130 cunctae
670 5077 817 5131 illius
841 5076 1009 5139 silvas,
1033 5090 1177 5144 pyra:
1199 5073 1390 5142 forent.
1407 5073 1495 5138 At,
1520 5072 1650 5143 quid
1671 5071 1880 5144 Libano
1900 5086 2026 5144 cum

452 5147 633 5212 altari,
674 5164 861 5218 queeve
900 5147 1021 5215 ejus
1056 5143 1262 5214 religio.
1304 5152 1399 5198 aut
1430 5160 1551 5218 qua:
1588 5146 1644 5198 in
1676 5143 1769 5197 illo
1799 5143 2028 5218 antiquo

452 5218 582 5278 ritu,
615 5213 796 5272 oblata
839 5213 948 5272 Deo
992 5213 1331 5280 holocausta,
1374 5224 1433 5269 ut
1471 5216 1552 5270 sic
1579 5231 1644 5271 ex
1676 5229 1742 5269 eo
1780 5213 2029 5268 debuerit

455 5288 762 5344 Methodius
794 5289 1102 5357 exemplum
1135 5295 1338 5358 petere.
1371 5295 1425 5341 et
1460 5300 1567 5340 non
1597 5301 1665 5358 ex
1704 5284 1819 5341 suis
1849 5283 2029 5358 Lyciae

452 5358 684 5427 aliisque
736 5355 1093 5413 viciniorihus
1136 5355 1445 5419 montibus,
1495 5357 1697 5427 quibus
1738 5370 1840 5427 nec
1878 5355 2028 5427 silvae

451 5424 661 5495 desint;
696 5431 805 5485 etsi
836 5429 974 5484 forte
1000 5430 1151 5485 deest
1185 5428 1332 5490 thus,
1366 5429 1443 5482 uti
1465 5424 1773 5491 et'Libano;
1809 5424 2028 5481 Sabaeo-

451 5513 573 5551 rum
614 5501 836 5569 regione
882 5501 1225 5569 proveniens,
1288 5514 1411 5569 non
1439 5498 1647 5553 Libano
1678 5505 1889 5569 monte;
1925 5496 2029 5549 mi-

452 5567 705 5639 rumque,
731 5567 898 5638 quod
916 5587 1081 5625 tinum
1110 5570 1340 5624 attendit
1366 5568 1690 5632 Methodius,
1724 5567 1832 5622 ﬁdo
1860 5568 2028 5639 inter-

452 5635 907 5710 νοοιῖὁμωνυμίᾳ
934 5641 1180 5708 decepto,
1210 5656 1309 5695 nec
1339 5640 1394 5710 iu
1424 5648 1664 5710 mentem
1680 5641 1916 5694 venisse.
1946 5635 2024 5693 lu.

522 5710 634 5781 {45)
669 5711 736 5765 El
782 5710 845 5762 τὸ
884 5709 1174 5777 κίτριον...
1230 5709 1465 5777 ὡραῖον.
1521 5709 1822 5775 Possinius,
1878 5710 2025 5778 quod

2054 3487 2103 3518 ’1.

2133 1834 2276 1903 ζωῆς
2317 1833 2465 1885 ἐστιν
2519 1833 2552 1903 ἡ
2600 1829 2945 1901 πρωτότοκος
3002 1826 3217 1880 πάντων
3266 1820 3454 1890 σοφία’
3507 1816 3709 1872 Ξύλον

2133 1922 2282 1992 ζωῆς
2308 1923 2439 1977 ἐστι
2473 1921 2595 1988 τοῖς
2621 1918 3045 1989 ἀντεχομένοις
3080 1915 3289 1986 αὐτῆς,
3320 1915 3482 1986 φησὶν
3512 1916 3541 1968 ὁ
3575 1929 3712 1985 προ-

2134 2017 2330 2089 φήτης,
2359 2016 2456 2070 καὶ
2480 2014 2603 2082 τοῖς
2634 2012 3110 2083 ἐπερειδομένοις
3148 2011 3239 2065 ἐπ’
3263 2008 3475 2078 αὐτὴν,
3504 2008 3585 2074 ὠς
3607 2005 3708 2060 ἐπὶ

2132 2108 2368 2177 Κύριον,
2403 2108 2706 2178 ἀσφαλής.
2739 2107 2941 2161 Ξύλον
2962 2104 3119 2173 παρὰ
3145 2101 3250 2169 τὰς
3282 2099 3586 2165 διεξόδους
3605 2114 3712 2152 πε-

2133 2202 2509 2273 φυτευμένον
2555 2198 2675 2254 τῶν
2721 2198 2976 2261 ὑδάτων,
3025 2197 3055 2251 ὃ
3100 2195 3208 2250 τὸν
3248 2192 3482 2262 καρπὸν
3520 2189 3711 2246 αὐτοῦ

2133 2296 2310 2349 δώσει
2359 2295 2430 2349 ἐν
2476 2292 2658 2361 καιρῷ
2703 2290 2926 2355 αὑτοῦ,
2978 2288 3298 2344 διδασκαλία
3345 2285 3441 2341 καὶ
3495 2283 3711 2346 σύνεσις

2134 2389 2299 2451 ἐστιν,
2355 2388 2413 2440 ὲν
2446 2384 2624 2456 καιρῷ
2658 2384 2986 2456 προσήκοντι
3025 2383 3138 2444 τοῖς
3170 2381 3268 2450 τῆς
3312 2380 3403 2431 ἐπὶ
3430 2376 3498 2430 τὰ
3539 2374 3712 2430 ὕδατα

2132 2476 2560 2548 ἀπολυτρώσεως
2589 2473 3006 2545 ἀφικνουμένοις
3030 2471 3300 2542 διδομένη.

2214 2572 2272 2624 '0
2307 2570 2382 2642 μὴ
2426 2567 2726 2631 πιστεύσας
2755 2565 2998 2640 Χριστῷ,
3041 2565 3177 2637 μηδὲ
3207 2564 3304 2635 τὴν
3335 2561 3507 2633 ἀρχὴν
3538 2559 3712 2630 αὐτὴν

2133 2658 2271 2716 εἶναι
2313 2662 2407 2715 καὶ
2434 2662 2495 2714 τὸ
2537 2659 2693 2727 ξύλον
2738 2658 2839 2730 τῆς
2884 2659 3029 2729 ζωῆς
3069 2656 3397 2728 ᾐσθημένος,
3436 2654 3537 2707 ούκ
3570 2652 3713 2723 ἔχων

2132 2756 2299 2823 δεῖξαι
2341 2753 2420 2826 τῷ
2463 2753 2582 2824 Θεῷ
2614 2752 2693 2824 τῷ
2736 2751 3050 2825 ὼραιοτέρῳ
3078 2749 3187 2805 τῶν
3229 2748 3446 2821 ὡραίων
3483 2742 3714 2817 napi:th

2132 2850 2230 2921 τὴν
2256 2848 2458 2920 σκηνὴν
2486 2846 2651 2902 αὑτοῦ
2677 2846 3119 2917 κεκοσμημένην,
3138 2841 3256 2908 πῶς
3281 2842 3560 2915 ἐορτάσει;
3593 2838 3716 2904 πῶς

2134 2940 2598 3013 εὐφρανθήσεται;
2644 2939 2831 3002 Θέλεις
2876 2938 3080 3007 γνῶναι
3126 2936 3219 2990 τὸν
3268 2935 3467 3008 ὡραῖον
3499 2931 3715 3004 καρπὸν

2132 3032 2227 3087 τοῦ
2259 3030 2451 3098 ξύλου;
2489 3031 2784 3102 ὲπίσκεψον
2816 3032 2941 3095 τοὺς
2968 3030 3158 3100 λόγους
3188 3028 3283 3083 τοῦ
3316 3025 3520 3098 Κυρίου
3552 3027 3584 3096 ἡ
3595 3023 3714 3096 μῶν

2147 3123 2321 3195 Ἰησοῦ
2348 3122 2608 3195 Χριστοῦ,
2639 3122 2756 3195 πῷς
2794 3124 2930 3175 εἰσιν
2960 3119 3158 3189 ὡραῖοι
3188 3119 3348 3188 παρὰ
3376 3118 3520 3184 τοὺς
3542 3116 3715 3183 υἱοὺς

2137 3191 2257 3272 των
2299 3191 2642 3285 ἀνθρώπων.
2690 3191 2930 3287 ’Ὡραῖος
2992 3213 3204 3286 καρπὸς
3266 3212 3566 3283 ἐϐλάστησε
3619 3210 3716 3265 διὰ

2138 3309 2433 3374 Μωῡσέως,
2462 3310 2490 3361 ὁ
2521 3309 2704 3380 νόμοςο
2740 3307 2852 3361 ἀλλ’
2885 3308 2982 3377 οὐχ
3008 3307 3180 3371 οὕτως
3218 3302 3285 3378 ἧν
3318 3305 3517 3377 ὡραῖος
3552 3301 3627 3367 ὡς
3651 3302 3716 3357 τὸ

2132 3485 2292 3542 Prov.
2320 3504 2401 3550 tu,
2437 3486 2522 3542 i8.
2598 3487 2642 3519 ⁷⁸
2673 3485 2822 3541 Psal.
2860 3503 2895 3551 ι,
2921 3487 3004 3541 5..
3038 3487 3083 3518 ³ο
3121 3485 3268 3539 Psai.
3296 3501 3440 3550 κων,
3477 3484 3529 3539 5.

2138 3667 2339 3737 ubique
2387 3674 2570 3737 textus
2613 3681 2791 3727 sacer,
2837 3672 2892 3719 ct
2937 3666 3261 3737 interpretes
3302 3671 3356 3737 et
3398 3662 3713 3719 Methodius

2136 3735 2371 3791 fructum
2407 3736 2615 3801 dicunt,
2654 3737 2874 3795 citrum,
2910 3745 3129 3806 repente
3164 3736 3218 3789 in
3252 3735 3498 3790 arborem
3535 3743 3714 3787 muta-

2136 3808 2245 3872 vit;
2279 3815 2338 3862 ut
2370 3814 2425 3862 ct
2462 3807 2746 3877 sequentia
2790 3806 2989 3876 quibus
3030 3808 3153 3860 aliis
3191 3814 3557 3874 comparatur,
3585 3821 3712 3877 qua:

2133 3878 2423 3934 videantur
2450 3876 2781 3947 velimquare
2812 3878 2895 3931 vel
2952 3878 3112 3931 etiam
3150 3891 3411 3946 superare
3435 3878 3556 3945 ejus
3588 3876 3715 3945 pul-

2133 3948 2528 4015 chritudinem;
2580 3962 2735 4011 uvas,
2786 3948 3176 4017 malogranata,
3227 3947 3369 4001 mala
3409 3961 3712 4017 pomaque;

2137 4035 2275 4074 nova
2307 4018 2805 4089 certeLnimiteque
2842 4019 2895 4071 in
2924 4019 3237 4089 interprete
3270 4018 3501 4073 licentia:
3535 4026 3715 4089 metae

2137 4091 2437 4159 morphosi.
2484 4087 2741 4142 Fructum
2786 4087 3117 4158 speciosum,
3173 4091 3287 4143 sive
3314 4090 3499 4154 etiam,
3528 4094 3587 4139 ut
3610 4088 3711 4159 alii

2136 4161 2365 4226 malunt,
2390 4160 2600 4214 arboris
2624 4159 2903 4229 speciosae.
2933 4160 3105 4229 citrus
3132 4167 3238 4222 est,
3263 4166 3322 4211 ut
3342 4158 3715 4229 communiter

2135 4231 2356 4284 tradunt
2378 4230 2620 4295 Hebraei;
2646 4227 3020 4299 pmiveritque
3043 4227 3300 4297 Targum.
3325 4227 3583 4293 Oukelos,
3613 4228 3711 4298 qui

2137 4299 2269 4353 illud
2299 4298 2508 4355 Hebraei
2534 4298 2734 4365 textus,
2764 4298 2993 4369 fructum
3020 4300 3150 4370 ligni
3176 4299 3403 4361 decoris.
3439 4314 3712 4370 exposue-

2136 4370 2240 4432 rit,
2282 4370 2512 4441 fructum
2553 4371 2680 4441 ligni
2721 4367 2863 4424 citri.
2909 4367 3193 4425 Muna'ltem
3225 4377 3279 4425 et
3314 4367 3535 4427 Gerund
3564 4367 3711 4424 Rab-

2135 4440 2267 4510 hini,
2315 4440 2489 4509 ipsam
2524 4440 2711 4495 volunt
2750 4442 3023 4504 arborem,
3058 4442 3219 4510 cujus
3248 4456 3345 4503 esu
3376 4441 3585 4495 Adamn
3632 4441 3717 4495 in-

2136 4509 2634 4582 terdictum,penes
2654 4527 2794 4582 quos
2821 4513 2890 4566 sit
2917 4512 3051 4567 (ldes
3074 4532 3086 4567 :
3118 4509 3243 4566 nam
3266 4513 3390 4582 quis
3419 4512 3715 4582 revelavit?

2133 4580 2370 4654 {iuream
2386 4581 2626 4654 arborem
2650 4580 2807 4654 vocat
2831 4583 3099 4654 interpres
3120 4580 3408 4639 Arabibus.
3439 4581 3714 4653 Josephus

2132 4649 2197 4700 ἐκ
2229 4649 2610 4723 φοινίκωνκαὶ
2637 4653 2879 4723 κιτρίων,
2903 4649 3186 4723 eat—palmis
3217 4663 3265 4707 et
3285 4654 3457 4717 citris,
3488 4649 3712 4723 (quibus

2132 4720 2377 4792 conferta
2412 4719 3030 4792 Palaestinalinstruere
3067 4724 3261 4781 solitos
3294 4724 3461 4779 refert
3488 4719 3712 4780 Judazos

2134 4804 2233 4869 sua
2278 4789 2391 4843 haec
2436 4789 2786 4869 tabernacula
2822 4805 2910 4869 :et
2960 4797 3122 4850 modo
3160 4796 3461 4869 instruunt,
3507 4796 3712 4866 quibus

2135 4860 2268 4914 locis
2294 4876 2393 4914 suo
2420 4862 2527 4937 ritu
2558 4864 2812 4937 sinuntur
2844 4868 3046 4931 vivere,
3079 4867 3369 4921 ambitioso
3390 4860 3717 4937 sane—appa-

2132 4941 2274 4992 ratu,
2315 4930 2496 5007 quoad
2528 4948 2623 5002 per
2666 4933 2977 5007 facultatem
3025 4938 3166 4992 licet.
3203 4936 3532 5000 Methodius,
3563 4930 3710 5007 quod

2132 5015 2333 5080 negare
2374 5001 2641 5080 vidcturt
2662 5005 2901 5080 fructum
2944 5008 3096 5080 illum
3137 5007 3359 5080 ὡραῖον,
3389 5001 3708 5080 speciosum,

2132 5072 2216 5125 vel
2259 5074 2342 5134 (ut
2377 5073 2845 5148 εειιοιλ.)λένδοξον,
2891 5072 3206 5148 gloriosum,
3258 5072 3432 5135 fuisse
3482 5079 3710 5143 citrum,

2130 5157 2245 5217 rem
2273 5157 2378 5197 non
2406 5145 2624 5217 coniicit
2652 5164 2663 5199 :
2696 5148 2791 5203 sed
2819 5145 2965 5217 quod
2992 5148 3163 5203 Juda-i
3197 5164 3304 5203 non
3337 5150 3443 5205 alio
3473 5157 3711 5205 mentem

2134 5212 2331 5292 ierant,
2364 5230 2465 5292 nec
2498 5215 2800 5292 intelligant
2834 5212 3037 5292 aliquid
3066 5220 3311 5289 spiritale
3341 5219 3537 5292 horum
3562 5235 3713 5292 sym‘

2133 5283 2255 5357 bolo
2284 5285 2578 5357 designari.
2600 5283 2951 5345 Coinmodior
2974 5283 3113 5345 citri'
3132 5298 3360 5345 ornatus
3395 5283 3717 5345 tabernacu-

2133 5355 2206 5416 lo,
2235 5355 2535 5431 quatn'vel
2564 5372 2809 5422 uvarum,
2840 5362 2941 5431 vel
2978 5363 3208 5415 aliorum
3240 5376 3362 5431 qua:
3397 5362 3487 5416 ille
3520 5362 3711 5427 refert,

2131 5429 2277 5495 quod
2312 5428 2427 5501 ipsa
2457 5428 2622 5481 arbor
2658 5438 2712 5501 et
2758 5430 2885 5483 l'olia
2921 5432 3168 5501 ramique
3201 5428 3311 5486 non
3357 5431 3516 5488 facile
3565 5447 3713 5485 mar-

2131 5511 2377 5571 cescant,
2413 5499 2639 5571 ipsaque
2667 5498 2918 5555 decorem
2949 5498 3095 5555 malo
3129 5513 3384 5571 augeant,
3423 5513 3475 5559 et
3508 5503 3579 5557 ab
3617 5503 3714 5555 illo

2132 5570 2389 5643 hauriant
2420 5588 2433 5622 :
2466 5570 2719 5638 quodque
2763 5571 2939 5640 ipsum
2986 5574 3186 5626 malum
3210 5570 3339 5629 dies
3371 5590 3478 5629 non
3504 5585 3718 5643 paucos

2131 5642 2399 5712 integrum
2433 5647 2742 5711 perseveret
2771 5650 2826 5697 et
2854 5643 3160 5699 odoratum.
3191 5643 3264 5698 lu.
