3964 6226
212 200 314 259 183

1264 202 1648 263 CONYIVIUM
1685 203 1921 263 DECEM
1950 203 2311 264 VIRGINUM.

3375 207 3477 267 186

206 324 567 411 Ebanﬂtcv:
615 325 851 390 Ἐκεῖνος
877 323 977 397 μὲν
1007 324 1119 399 γάρ
1138 326 1310 393 τύπος
1337 346 1423 393 τις
1447 324 1517 401 ἦν
1545 328 1640 384 καὶ
1667 346 1757 384 σκι

1868 330 2071 403 ,θκυιιο
2114 331 2367 403 quaedam
2408 337 2531 388 erat
2579 340 2635 387 et
2667 330 2860 387 umbra
2901 330 3210 387 futurarum
3256 346 3473 402 rerum;

204 416 321 472 τῶν
377 416 677 489 μελλόντων
718 416 1060 489 πραγμάτων
1084 432 1101 446 ’
1142 417 1303 473 τοῦτο
1339 418 1398 473 δὲ
1427 419 1658 492 ἀλήθεια
1697 437 1760 474 κα

1894 425 2245 496 Evangelium
2280 431 2461 480 autem
2494 425 2697 480 veritas
2727 433 2832 489 est,
2863 433 2919 481 et
2952 424 3077 480 vita:
3118 425 3315 496 gratia.
3346 422 3476 480 Pul-

203 510 362 583 ζωῆς
403 512 582 582 χάρις.
646 510 860 583 Ὠραῖος
896 508 964 584 ἦν
996 511 1106 567 τῶν
1153 512 1449 586 προφητῶν
1490 515 1520 567 ὁ
1549 515 1788 587 καρπόςο

1893 516 2025 571 cher
2054 523 2172 572 erat
2192 515 2579 587 prophetarum
2612 514 2959 581 frnctus,sed
2992 531 3100 570 non
3133 516 3206 570 ita
3225 516 3472 587 pulcher,

200 606 327 661 ἀλλ’
357 605 460 673 οὐχ
491 604 663 667 οὕτως
702 604 922 675 ὡραῖος,
955 604 1032 670 ὡς
1062 608 1092 661 ό
1123 605 1184 671 ἐξ
1227 605 1394 661 αὑτοῦ
1440 606 1760 680 γεωργούμε

1894 621 1954 666 ut
1983 613 2076 682 qui
2126 625 2193 666 ex
2249 611 2372 681 ipso
2413 611 2635 682 legitur,
2663 610 3090 680 incorruptionir
3124 609 3357 670 fructus.

197 710 314 759 νος,
346 694 453 764 τῆς
485 692 816 765 ἀφθαρσίας.

193 811 330 869 Cn.
365 812 461 869 IV.
495 813 646 870 Mens
672 814 977 888 depurgatis
999 818 1139 872 vitiis
1164 821 1536 887 perspicacior.
1582 821 1762 874 Animi
1786 828 2005 874 ornatus
2030 836 2092 873 ac
2116 820 2365 873 virtutum
2399 818 2578 872 series.
2609 816 2860 888 Charitas
2883 816 3047 872 densa
3074 826 3125 873 et
3146 818 3467 888 constipata;

737 885 996 953 Cas'titas,
1027 885 1260 944 omnium
1285 885 1585 960 postremus
1614 901 1855 946 ornatus.
1897 889 2017 959 Ipse
2037 890 2368 944 matrimonii
2409 887 2755 959 castigandus
2786 905 2938 944 usus.

267 999 387 1053 Kal
415 998 692 1069 λήψεσθε
717 1002 953 1070 ἑαυτοῖς
980 1001 1055 1071 τῇ
1091 1003 1289 1074 πρώτῃ
1331 1004 1522 1075 ἡμέρᾳ
1550 1004 1782 1074 καρπὸν

189 1092 395 1159 ξύλου
432 1094 670 1164 ὡραῖον,
703 1096 801 1150 καὶ
859 1095 1206 1166 κὰλλυντρα
1254 1099 1567 1166 φοινίκων·
1609 1097 1782 1167 λέγων

185 1184 290 1257 τὴν
317 1185 556 1258 ἄσκησιν
583 1187 690 1240 τῶν
720 1186 879 1241 θείων
910 1186 1267 1260 μαθημάτων,
1288 1182 1369 1252 οἷς
1394 1187 1783 1261 ἐκκαθαίρεται

189 1280 288 1332 καὶ
325 1281 616 1349 κοσμεῖται
660 1279 803 1352 ψυχὴ
836 1279 1043 1334 νικῶσα
1082 1280 1151 1335 τά
1196 1280 1363 1351 πάθη,
1401 1281 1782 1352 ἀποσαρουμέ-

186 1388 296 1424 νων
322 1371 436 1443 (Li)
471 1370 530 1437 ἐξ
561 1373 730 1446 αὐτῆς
770 1374 865 1427 καὶ
906 1373 1314 1446 ἐκϐαλλομένων
1361 1375 1470 1429 τῶν
1530 1376 1781 1448 ἁμαρτη-

190 1464 406 1533 μάτων.
436 1466 532 1518 Δεῖ
566 1466 675 1538 γάρ
708 1466 981 1540 καθαροὺς
1020 1467 1115 1522 καὶ
1145 1469 1594 1540 κεκοσμημένους
1624 1469 1780 1539 ἣκειν

186 1557 268 1619 εἰς
296 1557 400 1629 τὴν
433 1557 651 1630 ἑορτὴν,
689 1558 876 1631 ὥσπερ
912 1562 1211 1634 κοσμήτρῳ
1239 1565 1355 1625 ταῖς
1387 1563 1651 1634 ἀσκήσεσι
1685 1563 1779 1616 καὶ

1922 1018 1923 1021 ‘
1960 1004 2028 1061 Et
2073 1005 2287 1059 sumetis
2326 1003 2470 1058 vobis
2499 1004 2673 1072 prima
2707 1003 2791 1058 die
2843 1004 3073 1073 fructum
3109 1007 3239 1078 tigni
3269 1007 3470 1077 specio-

1888 1113 2036 1158 sum,
2068 1106 2116 1150 et
2149 1095 2394 1164 spatulas
2447 1095 2749 1163 palmarum
2796 1095 2862 1149 εί.
2918 1094 3121 1168 Nempe
3155 1097 3465 1156 divinarum

1888 1186 2301 1256 disciplinarum
2361 1185 2806 1241 exercitationem
2862 1187 3220 1257 significans,
3265 1191 3465 1260 quibus

1887 1279 2218 1334 emnndatur
2239 1285 2293 1331 et
2316 1285 2543 1331 ornatur
2570 1278 2786 1332 animus
2814 1278 3066 1332 vitiorum
3084 1279 3279 1343 victor,
3303 1297 3464 1338 eveh-

1887 1371 2008 1426 ritis
2038 1386 2104 1424 ex
2131 1374 2248 1440 ipsa
2271 1370 2571 1440 ejectisque
2591 1370 2848 1441 peccatis.
2872 1369 3103 1426 Mundus
3129 1372 3274 1426 enim
3299 1383 3465 1445 atque

1886 1471 2111 1519 ornatos
2139 1463 2207 1516 ad
2256 1463 2455 1517 festum
2492 1464 2679 1518 venire
2741 1477 2967 1518 necesse
3019 1470 3141 1530 est,
3201 1471 3460 1536 tanquam

1883 1557 2176 1627 mangonio
2209 1557 2445 1627 quodam
2470 1597 2484 1621 ,
2543 1554 2818 1627 religiosis
2847 1556 3108 1626 operibus
3135 1556 3463 1627 virtutisque

189 1647 453 1718 μελέταις
497 1649 601 1720 τῆς
630 1650 832 1722 ἀρετῆς
876 1652 1467 1725 πεφιλοπονουμένουςσ
1497 1656 1578 1708 ὅτι
1628 1654 1755 1727 μελέ

1883 1649 2159 1706 exercitiis
2184 1650 2469 1721 magniﬁce
2496 1658 2743 1721 comptos
2772 1666 2836 1706 ac
2867 1652 3155 1722 expolitos.
3194 1651 3458 1708 Laborio-

184 1755 308 1803 ταις
352 1741 640 1807 ἐπιπόνοις
691 1745 786 1798 καὶ
833 1745 1096 1816 ἀσκήσεσι
1150 1746 1543 1819 καθαιρόμενος
1580 1750 1608 1801 ὁ
1655 1746 1760 1811 νοῦς

1880 1742 1957 1798 sis
1986 1743 2133 1798 enim
2162 1741 2216 1796 id
2265 1758 2438 1813 genus
2469 1744 2911 1800 exercitamentis
2939 1743 3238 1817 depurgata
3264 1761 3419 1802 mens
3442 1786 3458 1813 ,

187 1834 293 1887 τῶν
348 1836 833 1891 ὲπικαλυπτόντων
887 1839 1050 1892 αὑτὸν
1093 1837 1317 1894 ἀλλοίων
1362 1840 1760 1912 διανοημάτων

1878 1854 1908 1894 a
1939 1839 2278 1893 diversarum
2307 1839 2699 1910 cogitationum
2733 1839 2879 1892 illam
2926 1838 3342 1894 obtundentium
3376 1837 3463 1893 of-

185 1924 470 1998 ὀξυδερκεῖ
509 1928 648 1999 πρὸς
701 1929 802 2000 τὴν
832 1929 1109 2001 ἀλήθειαν.
1147 1930 1414 2005 Καθάπερ
1437 1934 1530 1986 καὶ
1568 1936 1599 2005 η
1633 1935 1760 2007 χήρα

1877 1930 1998 1986 fusa
2030 1930 2247 1997 nebula,
2277 1938 2437 1985 acute
2452 1932 2731 1985 veritatem
2763 1932 2958 1986 cernit.
2995 1930 3085 1985 Uti
3105 1932 3266 1986 etiam
3294 1930 3461 1986 vidua

186 2019 276 2072 τὸν
294 2020 604 2092 κοδράντην
624 2022 681 2073 ἐν
707 2025 822 2085 τοῖς
852 2022 1203 2092 Εὐαγγελίοις
1230 2022 1519 2096 ἀνεύρατο,
1553 2025 1690 2095 μετὰ
1713 2025 1760 2078 τί

1877 2022 1930 2077 in
1964 2022 2270 2094 Evangeliis
2300 2022 2344 2054 ⁸²
2381 2023 2740 2092 quadrantem
2794 2023 3030 2085 invenit,
3082 2038 3206 2077 cum
3234 2023 3459 2079 domum

187 2112 437 2184 σαρῶσαι
470 2113 562 2167 τὸν
589 2108 736 2167 οἷκον
766 2113 862 2170 καὶ
897 2115 1050 2186 ῥίψαι
1081 2114 1150 2170 τά
1180 2115 1403 2187 κόπρια,
1447 2115 1515 2169 τὰ
1553 2117 1760 2169 ἐπισκο-

1874 2115 2169 2171 everrisset
2197 2123 2252 2169 et
2280 2116 2473 2170 sordes
2521 2115 2805 2184 ejecissct;
2856 2115 2985 2168 vitia
3017 2116 3228 2171 scilicet
3256 2117 3457 2172 obscu-

180 2205 384 2260 τοῦντα
415 2208 511 2260 καὶ
541 2206 883 2263 καλύπτοντα
909 2208 1055 2281 πάθη
1081 2209 1180 2282 τὴν
1211 2208 1407 2282 ψυχὴν,
1441 2208 1510 2262 τὰ
1538 2209 1646 2263 ἀπὸ
1671 2208 1760 2281 τῆς

1871 2210 2051 2263 rantia
2084 2208 2324 2263 animum
2364 2222 2428 2282 ac
2473 2208 2845 2271 obnubentia,
2895 2225 3017 2279 qua:
3065 2225 3161 2280 per
3210 2217 3453 2264 nostram

182 2298 436 2371 θρύψεως
466 2301 628 2373 ημῶν
660 2302 756 2356 καὶ
782 2302 883 2375 τῆς
915 2303 1172 2375 ἀμελείας
1204 2302 1559 2375 πληθύνοντα.

251 2485 370 2539 Καὶ
399 2486 583 2541 τοίνυν
608 2489 637 2541 ό
668 2486 982 2552 σπουδάζων
1012 2491 1092 2553 είς
1135 2489 1233 2559 τὴν
1265 2490 1455 2561 ἑορτὴν
1486 2489 1594 2542 τῶν
1628 2490 1768 2560 Σκη-

180 2578 289 2631 ultu
327 2580 559 2635 ἐκείνων
582 2581 805 2650 φθάσαι,
838 2582 932 2636 καὶ
960 2586 1071 2647 τοῖς
1106 2583 1284 2652 ἁγίοις
1328 2581 1769 2655 συγκαταλεχθῆ-

178 2687 304 2736 ναι,
339 2672 565 2743 πρῶτον
593 2674 682 2728 τὸν
716 2674 915 2747 ὡραῖον
950 2676 1050 2748 τὴν
1093 2675 1275 2730 πίστιν
1310 2676 1601 2748 κτησάσθω
1633 2694 1768 2750 καρ-

179 2764 280 2817 πόν
304 2781 319 2794 ·
357 2761 483 2819 εἶτα
507 2765 576 2820 τά
620 2766 949 2840 κάλλυντρα,
978 2767 1076 2841 τὴν
1122 2770 1352 2841 ἄσκησιν
1395 2770 1487 2822 καὶ
1538 2768 1766 2842 μελέτην

178 2857 289 2910 τῶν
323 2857 595 2929 Γραςρῶν·
636 2855 757 2915 εἶτα
786 2861 915 2926 τοὺς
966 2861 1255 2934 ἐριθηλέας
1303 2861 1499 2935 ἐφεξῆς
1537 2863 1766 2928 κλάδους

181 2946 277 3018 τῆς
306 2948 536 3020 ἀγάπης
558 2951 654 3003 καὶ
693 2950 894 3017 δασεῖς,
928 2951 1021 3016 οὓς
1051 2953 1143 3006 καὶ
1177 2953 1315 3024 μετά
1354 2953 1424 3007 τά
1455 2953 1764 3027 κάλλυντρα

185 3042 474 3112 παρεγγυᾷ
512 3040 919 3113 Μμὸάνεσθαι,
963 3043 1190 3109 κλάδους
1233 3044 1413 3110 δασεῖς
1458 3046 1760 3102 εύθυϐολώ-

170 3148 342 3213 πειτα,
368 3133 471 3204 τὴν
495 3134 718 3205 ἀγάπην
748 3134 961 3205 φράσας
983 3152 997 3166 ο
1025 3136 1087 3189 τὸ
1114 3135 1223 3209 γὰρ
1242 3136 1376 3192 δασὺ
1407 3140 1761 3211 κατάκαρπον

187 3223 300 3277 ελον
337 3225 457 3278 ἐστί
478 3222 596 3279 ’καὶ
638 3226 859 3292 πυκνὸν,
891 3227 1055 3298 μηδὲν
1084 3227 1296 3301 ψιλὸνῆ
1336 3229 1579 3285 διάκενον
1616 3230 1758 3302 ἔχον,

191 3317 317 3371 ἀλλά
342 3319 523 3373 πάντα
574 3319 1001 3392 πεπληρωμένον
1025 3362 1040 3386 ,
1077 3323 1173 3376 καὶ¹
1222 3325 1347 3387 τοὺς
1378 3325 1627 3396 ὄρπηκας
1666 3326 1761 3379 καὶ

193 3408 255 3462 τά
278 3410 524 3483 στελέχη.
557 3405 810 3466 Τοιοῦτον
837 3412 943 3485 γάρ
975 3413 1175 3487 ἐστινὴ
1205 3415 1414 3486 ἀγάπη,
1454 3415 1761 3489 μηδαμόθεν

193 3501 444 3566 ύπόκενος
468 3502 502 3574 ἢ
533 3502 782 3575 ἄκαρπος
811 3500 964 3558 οὖσα.
989 3501 1069 3559 Ἧ
1103 3507 1231 3578 γὰρ,
1261 3508 1371 3562 ἐὰν
1401 3509 1665 3579 πωλήσω
1689 3510 1762 3565 τὰ

188 3594 533 3664 ὑπάρχοντά
560 3613 701 3665 μου,
733 3596 830 3650 καὶ
864 3596 1037 3651 δώσω
1077 3599 1367 3669 πτωχοῖςυ
1402 3601 1501 3655 καὶ
1546 3602 1655 3657 ἐὰν
1693 3602 1761 3656 τὸ

181 3689 345 3760 σῶμά
387 3708 510 3761 μου
551 3692 694 3760 πυρὶ
748 3692 1075 3762 παραδώσω
1100 3733 1115 3758 ,
1166 3694 1264 3748 καὶ
1306 3696 1415 3750 ἐὰν
1456 3698 1762 3767 τοσαύτην

180 3784 409 3851 πίστιν,
430 3781 589 3837 ὥστε
611 3783 718 3854 ὅρη
738 3782 1051 3854 μεθιστᾷν,
1078 3785 1405 3858 κτήσωμαι,
1428 3786 1667 3857 ἀγάπην
1692 3786 1761 3841 δὲ

173 3879 250 3948 μὴ
282 3880 412 3950 ἔχω
433 3916 448 3940 ,
503 3877 683 3932 οὐδέν
715 3881 850 3949 εἰμι.
900 3879 1111 3951 Ἀγάπη
1165 3880 1275 3953 ἄρα
1312 3880 1373 3934 τὸ
1404 3882 1758 3951 κατάκαρπον

175 3973 283 4025 ἐστι
322 3972 429 4025 καὶ
467 3969 766 4024 δασύτατον
817 3970 971 4035 ξύλον
1009 3973 1248 4039 πάντων,
1282 3975 1315 4046 ἡ
1374 3972 1621 4045 γέμουσα
1665 3975 1758 4029 καὶ

176 4063 587 4136 πεπληρωμένη
621 4063 728 4117 τῶν
755 4066 1016 4138 χαρίτων.

234 4240 378 4296 Εἶτα
416 4241 477 4293 τί
513 4242 1037 4315 παραλαμϐάνεσθαι
1088 4244 1335 4315 βούλεται
1386 4261 1481 4298 και
1529 4242 1753 4316 ἓτερονς

1872 2302 2155 2357 mollitiem
2187 2316 2252 2357 ac
2282 2301 2589 2357 socordiam
2622 2302 2830 2373 ingenti
2869 2302 3028 2357 nobis
3059 2308 3241 2374 segete
3290 2317 3451 2373 auge-

1871 2404 2050 2451 SCIIDL

1941 2484 2045 2552 Qui
2096 2485 2260 2557 igitur
2308 2484 2375 2540 ad
2410 2483 2915 2541 Tabernaculorum
2971 2486 3189 2540 illorum
3252 2485 3452 2542 festino

1868 2580 2020 2650 cupit
2072 2579 2340 2644 evadere,
2404 2579 2571 2650 inque
2620 2587 2933 2635 sanctorum
2975 2595 3199 2636 censum
3255 2577 3467 2637 referri.

1867 2673 2069 2737 studet,
2096 2674 2332 2743 primum
2373 2674 2680 2744 Speciosum
2711 2672 2949 2727 fructum
2978 2712 2993 2737 ,
3043 2672 3096 2727 id
3144 2678 3229 2728 cst
3264 2671 3449 2739 ﬁdem,

1868 2762 1973 2818 sibi
2027 2772 2307 2834 comparet
2345 2784 2357 2821 :
2418 2772 2533 2818 tum
2598 2763 2886 2834 spatulas,
2928 2771 3191 2817 attentam
3240 2763 3489 2819 scilicet

1869 2856 2280 2927 Scripturarum
2313 2857 2714 2913 meditationem
2754 2873 2819 2912 ac
2858 2857 2913 2910 in
2959 2857 3039 2911 eis
3091 2855 3448 2910 exercitatio-

1868 2965 2029 3004 nem:
2070 2956 2260 3019 postea
2308 2949 2414 3005 late
2450 2949 2768 3005 frondentes
2799 2948 3107 3019 densosque
3165 2946 3448 3003 cbaritatis

1865 3057 2070 3106 ramos,
2103 3057 2243 3113 quos
2276 3049 2395 3113 post
2422 3043 2665 3113 spatulas
2696 3041 2849 3112 jubet
2877 3042 3051 3107 sumi;
3094 3055 3279 3095 ramos
3309 3039 3445 3095 den-

1864 3149 1957 3190 sos
1980 3135 2264 3206 aptissime
2291 3134 2613 3190 charitatcm
2650 3150 2889 3201 vocans;
2925 3133 3070 3205 quod
3103 3135 3246 3188 enim
3273 3134 3441 3190 dense

1862 3228 2021 3293 viret,
2056 3228 2168 3283 fere
2197 3226 2340 3284 idem
2367 3229 2588 3298 copiose
2632 3228 2975 3284 fructuosum
3011 3235 3296 3298 totumque
3322 3227 3440 3282 fru-

1864 3320 2094 3392 giferum
2124 3328 2229 3384 est,
2252 3319 2392 3374 nihil
2442 3322 2583 3377 exile
2631 3335 3039 3391 exsuccumque
3072 3320 3310 3385 habens,
3344 3318 3443 3377 scd

1863 3417 2044 3472 omnia
2080 3416 2261 3486 plena,
2285 3426 2339 3471 et
2365 3429 2548 3469 ramos
2583 3423 2637 3469 et
2668 3422 2915 3469 truncos.
2945 3412 3096 3469 Talis
3127 3414 3329 3483 quippe
3358 3420 3445 3470 est

1861 3509 2136 3572 Charitas,
2177 3509 2326 3563 nulla
2361 3516 2513 3578 parte
2553 3521 2725 3561 vacua
2762 3513 2856 3560 aut
2890 3506 3250 3562 infructuosa.
3303 3506 3442 3560 Nam

1862 3604 1909 3657 si
1938 3602 2213 3658 vendidero
2252 3617 2429 3656 omnes
2453 3600 2734 3671 facultates
2759 3615 2903 3653 meas
2925 3639 2939 3662 ,
2973 3610 3022 3653 ct
3048 3599 3365 3653 distribuere
3386 3601 3442 3654 in

1861 3696 2001 3750 cibos
2027 3710 2355 3765 pauperum;
2387 3702 2438 3747 et
2468 3695 2516 3748 si
2544 3709 2735 3763 corpus
2767 3708 2938 3746 meum
2986 3693 3093 3761 igni
3127 3690 3440 3755 tradidero;

1859 3797 1909 3842 et
1932 3789 1980 3842 si
2009 3796 2212 3841 tantam
2258 3787 2419 3858 [idem
2456 3786 2686 3841 habuero
2727 3795 2783 3839 ut
2841 3794 3041 3839 montes
3072 3787 3436 3854 transieram,

1860 3880 2168 3935 clmritatem
2205 3890 2379 3935 autem
2406 3897 2510 3934 non
2545 3879 2798 3945 habuero,
2829 3878 2961 3932 nihil
2990 3894 3108 3932 sum
3140 3878 3207 3932 ⁸³.
3236 3877 3437 3932 Cbari~

1859 3985 1942 4030 tas
1978 3975 2142 4046 igitur
2170 3974 2336 4030 arbor
2371 3981 2457 4030 est
2490 3974 2760 4028 fructibus
2809 3973 2967 4042 longe
3012 3971 3288 4026 uberrima
3317 3984 3439 4024 om-

1858 4067 2118 4136 niumque
2174 4066 2537 4133 densissima;
2598 4066 2792 4137 gratiis
2825 4065 3037 4121 scilicet
3065 4064 3282 4120 abunde
3315 4077 3440 4119 sca-

1857 4167 1980 4215 tens
2012 4158 2189 4229 iisque
2217 4160 2396 4229 plena.

1878 4276 1886 4285 ~
1930 4248 2137 4303 Exinde
2165 4249 2297 4319 quid
2325 4256 2380 4305 et
2409 4249 2556 4304 aliud
2587 4264 2689 4305 nos
2733 4256 2851 4306 vult
2883 4250 3204 4306 assumere?
3229 4247 3436 4308 Ramos

171 4338 289 4401 τοὺς
322 4335 560 4400 κλάδους
604 4338 848 4402 ίτεῖνους,
899 4340 1055 4409 φησι,
1093 4337 1191 4409 τὴν
1235 4337 1577 4409 δικαιοσύνην
1626 4336 1757 4391 κλά-

1868 4342 2070 4398 scilicet
2101 4342 2329 4397 salicum
2353 4382 2367 4405 ,
2417 4343 2525 4397 isto
2552 4342 2799 4413 symbolo
2823 4343 3092 4413 justitiam
3140 4343 3433 4413 indicans;

171 4428 286 4495 ὼυς
334 4431 572 4494 ἰτεϊνους
614 4430 952 4502 κικλήσκων,
987 4429 1104 4485 ἀνθ’
1134 4423 1209 4484 ὧν
1253 4431 1305 4484 οἱ
1337 4430 1565 4497 δίκαιοι,
1612 4430 1753 4485 κατὰ

172 4523 256 4576 τὸν
281 4524 604 4595 προφήτην,
638 4524 721 4590 ὡς
757 4521 1065 4592 ἁναμέσον
1097 4522 1314 4591 ὕδατος
1344 4524 1751 4579 ἀνατέλλουσι

172 4623 404 4688 χόρτος,
432 4619 531 4672 καί
560 4618 638 4684 ὡς
663 4616 787 4674 ίτέα
806 4616 904 4671 ἐπὶ
921 4618 1255 4687 παραρρέον
1275 4617 1451 4686 ὕδωρ,
1469 4617 1751 4682 θάλλοντες

172 4710 245 4781 τῷ
272 4711 445 4781 λόγῳ.
468 4710 578 4763 Καὶ
599 4708 693 4763 ἐπὶ
714 4711 869 4774 πᾶσι,
891 4712 1015 4774 τοὺς
1042 4708 1291 4779 ἀγνίνους
1320 4708 1751 4780 ὲπικοσμοῦντας

173 4796 266 4868 τὴν
306 4796 519 4869 σκηνὴν
570 4797 1000 4869 παρακελεύεται
1049 4798 1452 4871 προσφέρεσθαι
1501 4799 1747 4865 κλάδους,

290 4953 334 4986 ⁶¹
368 4952 542 5008 Leuit.
574 4970 733 5020 uni,
756 4955 847 5009 40.

258 5070 351 5141 ιι)
390 5072 949 5142 Ἀποσιιρουμένων.
986 5071 1084 5127 Hic
1121 5073 1270 5141 item,
1317 5088 1436 5128 meo
1473 5072 1740 5143 periculo,

177 5143 319 5197 Vocis
364 5151 675 5215 monstrum
710 5144 895 5212 cjicio,
940 5144 1085 5215 quod
1135 5147 1327 5215 attinet
1370 5143 1447 5215 ad,
1486 5143 1743 5215 Methodii

179 5213 1086 5287 ρωρεοδὶιυιῃ,ἀποσαρκουμένων.
1115 5214 1313 5287 Conati
1359 5214 1585 5287 quidem
1620 5213 1743 5287 red-

181 5285 293 5339 dere
322 5282 440 5338 Leo
464 5283 718 5350 Allatins,
752 5282 786 5337 a
824 5282 934 5340 suis
970 5288 1216 5340 carnibus
1261 5282 1524 5351 divu’lsis;
1559 5283 1744 5339 Possi-

182 5356 314 5437 nius,
338 5353 563 5407 evulsis.
597 5352 799 5408 Verum
833 5372 941 5436 non
966 5358 1079 5412 lucc
1111 5358 1258 5437 illius
1287 5357 1437 5437 vocis
1466 5357 1740 5437 acceptio,

179 5425 259 5478 sed
282 5427 336 5476 in
372 5440 590 5476 carnem
623 5426 898 5483 concretis.
935 5436 994 5482 ut
1026 5444 1150 5482 cum
1173 5427 1400 5483 creatrix
1429 5425 1741 5488 obducitur,

177 5502 221 5547 et
245 5509 380 5568 caro
411 5494 699 5568 enascitur
722 5516 734 5550 :
760 5496 904 5566 quod
931 5514 1090 5553 nemo
1116 5514 1223 5552 non
1246 5498 1413 5565 videt,
1439 5512 1605 5568 quam
1625 5512 1743 5568 non

176 5564 865 5638 aptejnngaturiejectioui
897 5576 1264 5637 peccatorum.
1307 5569 1401 5624 Est
1444 5564 1576 5638 ergo
1610 5567 1745 5620 ἀπο-

177 5636 541 5709 σιρουμένῳν,
580 5637 657 5689 ita
689 5646 743 5689 ut
773 5636 1078 5692 everrantur
1097 5648 1310 5709 peccata
1336 5649 1386 5695 et
1416 5636 1741 5709 ejiciuntur;

175 5706 278 5762 sive
298 5706 547 5763 everritis
579 5709 856 5780 ejectisque
883 5706 1146 5779 peccatis;
1176 5710 1339 5781 quam
1394 5706 1742 5781 pesunodum

957 4957 1003 4988 ⁸³
1037 4954 1209 5012 Marc.
1249 4972 1349 5021 ιιι,
1380 4956 1471 5012 42.
1550 4955 1596 4989 ⁸³
1637 4954 1667 5010 1
1708 4956 1836 5013 Cor.

1858 4434 2065 4489 ideirco
2116 4433 2376 4488 nimirum
2427 4435 2570 4505 quod
2613 4433 2787 4503 justi,
2847 4442 2905 4489 ut
2939 4443 3130 4490 auctor
3179 4442 3263 4492 est
3305 4451 3435 4508 pro-

1858 4526 2021 4597 pheta
2061 4526 2139 4588 3‘,
2188 4527 2325 4582 velut
2355 4544 2572 4598 gramen
2616 4528 2752 4582 inter
2789 4544 2953 4599 aquas
2997 4530 3336 4599 germinant,
3384 4540 3434 4585 et

1856 4615 2011 4685 quasi
2035 4616 2174 4669 salix
2193 4616 2355 4685 juxta
2388 4616 2829 4685 praeterﬂuentem
2857 4634 3050 4689 aquam
3071 4659 3085 4683 ,
3133 4620 3301 4674 verbo
3333 4619 3435 4675 do-

1858 4708 2143 4779 ctrinaque
2176 4709 2451 4764 ﬂorentes.
2485 4709 2738 4764 Omnium
2771 4710 3005 4781 denique
3041 4710 3279 4778 cumulo,
3305 4710 3432 4782 agni

1857 4800 2071 4857 arboris
2091 4816 2275 4856 ramos
2303 4802 2369 4856 ad
2394 4802 2808 4856 tabernaculum
2831 4803 3308 4859 condecorandum
3334 4805 3430 4872 ju-

1868 4972 1990 5022 xm,
2021 4956 2076 5022 2,
2108 4957 2161 5012 5.
2243 4959 2292 4989 ⁸⁵
2320 4957 2436 5011 Isa.
2475 4973 2622 5024 κων,
2651 4957 2706 5011 4.

1848 5088 2035 5128 vocem
2058 5088 2124 5127 ex
2154 5070 2447 5142 Evangclio
2484 5071 2539 5127 in
2565 5072 2741 5127 viduae
2765 5072 3013 5141 exemplo
3038 5071 3256 5137 repetit,
3285 5068 3437 5142 μετά

1848 5144 1908 5214 το
1937 5142 2179 5214 σαρῶσαι
2210 5138 2524 5214 τὸνόἷκονς
2561 5152 2837 5211 postquam
2884 5138 3096 5194 domum
3129 5138 3424 5214 everrisset.

1852 5211 1951 5266 Ubi
1985 5211 2100 5283 pari
2131 5214 2344 5268 inscitia
2376 5214 2430 5267 in
2459 5211 2743 5283 Vulgatam
2784 5214 3076 5283 irrepserat
3100 5212 3312 5283 evertit1
3330 5226 3429 5283 pro

1848 5280 2073 5355 ever-rvit.
2096 5285 2190 5339 scd
2217 5285 2530 5355 emendavit
2561 5280 2909 5355 sequentium
2952 5281 3239 5355 sedulitas.
3273 5280 3428 5336 Facit
3488 5318 3494 5323 ~

1850 5353 1996 5423 quod
2027 5352 2334 5409 Mctbodius
2363 5355 2431 5409 ad
2460 5352 2654 5409 voceni
2680 5354 2987 5424 κάλλυντρα
3015 5353 3229 5415 alludit,
3259 5368 3425 5423 quant

1853 5424 2158 5496 ilesycbius
2197 5424 2398 5496 aliique
2432 5425 2645 5489 σπάθας
2687 5435 2985 5496 exponunt.
3018 5425 3176 5496 quasi
3216 5439 3424 5496 scopas.

1852 5492 2179 5568 Plutarchus
2214 5496 2270 5568 in
2300 5495 2550 5568 Dionys.,
2593 5492 2838 5567 σαίρουσι
2876 5495 2932 5548 δὲ
2963 5494 3277 5568 καλλύντρῳ
3314 5492 3427 5568 τινὶ

1852 5568 1951 5638 τὴ)
1973 5565 2172 5638 οἰκίαν,
2208 5564 2637 5638 domum'scopis
2681 5564 2910 5638 uerrunt.
2949 5565 3111 5638 Clara
3142 5564 3271 5638 ergo
3313 5564 3420 5619 Me-

1851 5637 2025 5692 thodii
2054 5652 2230 5700 mens,
2265 5637 2355 5691 cui
2384 5637 2465 5693 sic
2508 5638 2679 5695 illusit
2717 5637 2969 5694 inﬁcetus
2998 5637 3182 5695 scriba
3207 5637 3425 5706 alioque

1853 5708 2102 5765 detorsit.
2141 5706 2429 5765 Constans.
