3972 6212
527 204 635 265 187

1472 221 1532 275 S.
1577 220 1908 281 METHODII
1946 226 2262 287 EPISCOPI
2286 227 2377 288 ET
2416 233 2773 296 MARTYBIS

3681 245 3788 301 188

525 323 621 397 bet
641 327 845 397 afferri,
872 333 1017 403 quod
1038 349 1232 407 nempe
1262 338 1428 396 arbor
1458 341 1575 399 haec
1606 345 1727 417 ipso
1754 351 1976 407 nomine
2007 368 2094 407 ca-

2205 354 2296 410 διὰ
2335 358 2398 411 τὸ
2431 358 2752 433 φερώνυμον
2781 358 2920 418 εἶναι
2963 364 3024 419 τὸ
3054 362 3267 436 δένδρον
3306 364 3405 435 τῆς
3441 364 3698 432 ἁγνείας,
3741 360 3789 434 ᾧ

529 418 844 476 stimoniam
906 422 1141 492 referat;
1202 428 1364 499 cujus
1413 440 1887 494 auctoramentum
1943 442 2107 500 dictis

526 511 756 582 reliquis
793 525 1173 572 ornamentum
1202 533 1267 575 ac
1295 520 1463 579 decus
1505 536 1746 596 praestat.
1807 530 1947 588 Eant
1992 535 2106 606 jam

527 601 716 659 lascivi
739 606 853 677 qui,
880 622 1104 664 suarum
1151 611 1439 671 libidinum
1487 620 1632 676 foeda
1677 625 1951 696 mancipia
1970 601 2110 694 ,vca-

529 696 770 752 stitatem
794 698 1070 770 rcjiciunt.
1103 704 1207 770 Qui
1236 708 1381 764 enim
1407 710 1497 765 fiat
1535 721 1592 766 ut
1618 729 1743 769 cum
1774 716 1998 775 Christo
2037 723 2108 778 ad

527 787 726 844 festum
756 790 1166 863 ingrediantur,
1223 802 1316 871 qui
1354 805 1626 862 castitatis
1667 811 1838 868 ramis
1891 813 2105 884 (deihca

527 877 619 935 illa
654 880 920 954 beataque
969 888 1189 963 arbore)
1224 893 1638 955 tabernaculum
1685 917 1844 959 suum
1871 877 1982 961 non
2015 924 2108 962 or-

526 973 814 1029 naverint?
842 992 949 1048 qua
978 995 1170 1039 omnes
1202 983 1525 1064 festinantes
1571 992 1639 1047 ad
1679 994 1826 1049 illam
1884 978 2109 1055 celebri-

526 1070 692 1119 tatem
725 1081 790 1121 ac
832 1072 1075 1140 nuptiale
1117 1076 1427 1132 convivium
1481 1084 1725 1155 succingi
1771 1097 1986 1157 oportet
2040 1108 2106 1149 ac

526 1154 744 1214 lumbos
766 1159 1113 1220 obumbrare.
1164 1167 1324 1238 Agite
1356 1171 1522 1236 enim,
1552 1154 2062 1253 pulchrae—virgines
2086 1223 2101 1249 ,

528 1244 869 1319 Scripturam
899 1252 1076 1323 ipsam
1120 1264 1173 1312 et
1206 1260 1459 1316 mandata
1479 1267 1850 1340 considerate;
1880 1244 1988 1346 qua
2015 1244 2104 1333 ra;

523 1338 676 1396 tione
692 1342 760 1397 ad
783 1359 972 1400 earum
996 1363 1118 1418 quae
1145 1350 1305 1407 dictae
1333 1362 1463 1409 sunt
1486 1356 1751 1417 virtutum
1773 1338 2103 1426 oiﬁciorum-

525 1450 635 1506 que
664 1440 1002 1508 coronidem,
1037 1446 1348 1503 castitatem
1392 1450 1611 1510 divinus
1656 1472 1838 1515 sermo
1888 1476 2104 1521 assum-

522 1532 716 1603 pserit,
751 1535 1045 1593 ostendens
1076 1554 1241 1608 quam
1273 1540 1363 1597 illa
1393 1543 1584 1601 deceat
1599 1555 2058 1614 resurrectionem
2083 1599 2098 1625 ,

523 1640 800 1697 quamque
819 1626 887 1681 ad
911 1627 1057 1682 illam
1090 1631 1403 1715 expetibilis
1428 1637 1500 1692 sit
1527 1656 1539 1692 :
1570 1654 1635 1695 ac
1665 1643 1784 1699 sine
1807 1644 1899 1700 illa
1925 1650 2100 1707 nemi-

524 1732 649 1773 nem
688 1725 993 1790 compotem
1040 1720 1179 1777 forte
1211 1727 1641 1794 promissionum
1670 1753 1683 1790 :
1712 1751 1874 1807 quam
1903 1740 2100 1796 eximie

522 1809 757 1868 colimus
801 1830 906 1871 nos
956 1818 1325 1890 virginitatem
1383 1828 1683 1898 professae,
1715 1839 1770 1888 et
1820 1833 2098 1894 oii‘erimus

522 1899 775 1965 Domino.
813 1904 1088 1979 Usurpant
1110 1929 1358 1986 quoque,
1408 1920 1501 1990 qui
1530 1936 1654 1977 cum
1686 1925 1802 1981 suis
1833 1927 2099 1985 uxoribus

521 2004 674 2052 caste
703 1998 914 2065 vivunt,
943 2010 996 2057 et
1031 2007 1197 2060 veluti
1224 2009 1369 2065 circa
1400 2021 1675 2081 truncum,
1718 2016 1950 2075 humiles
1979 2020 2098 2091 ejus

519 2089 776 2147 castitate
804 2092 1042 2151 nitentes
1075 2096 1259 2154 ferunt
1284 2106 1535 2162 surculos
1560 2147 1575 2173 ,
1628 2108 1774 2165 haud
1831 2089 2096 2181 valentes,

520 2185 979 2254 quemadmodum
1030 2205 1151 2256 nos,
1189 2191 1256 2246 ad
1295 2198 1541 2254 excelsos
1585 2215 1919 2274 magnosque
1952 2205 2098 2263 illius

520 2291 706 2333 ramos
740 2279 993 2344 evadere,
1026 2297 1089 2337 ac
1114 2285 1197 2339 vel
1230 2301 1324 2341 eos
1351 2292 1710 2363 contingere:
1747 2299 1961 2355 tametsi
1994 2301 2097 2354 mi-

518 2382 722 2437 nores,
751 2380 805 2427 et
828 2371 930 2443 ipsi
957 2373 1191 2430 oil'erunt
1222 2378 1492 2436 castitatis
1534 2385 1807 2442 surculos.
1862 2388 1930 2442 At
1975 2390 2098 2445 libi-

520 2461 721 2529 dinosi,
747 2465 921 2522 emlso
973 2468 1176 2538 impetu
1209 2469 1552 2543 indulgentes
1580 2477 1849 2544 lasciviae,
1879 2483 2098 2539 etiamsi

521 2571 628 2611 non
666 2555 1028 2627 fornicentur,
1059 2563 1152 2617 sed
1178 2562 1344 2619 licitis
1372 2567 1865 2645 quidemlegitimaa
1885 2577 2093 2641 uxoris,

520 2645 800 2704 indomitae
843 2660 1021 2707 tamen
1045 2651 1504 2728 concupiscentia:
1550 2674 1720 2727 testu,
1757 2666 2097 2737 amplexibus

519 2736 758 2794 assidui:
795 2744 1071 2809 quomodo
1099 2745 1241 2802 diem
1261 2749 1457 2805 festum
1487 2754 1679 2823 agent?
1703 2758 1977 2825 quomodo
2004 2759 2096 2814 la:-

516 2827 820 2885 tabuntur?
861 2835 955 2903 qui
987 2837 1399 2896 tabernaculum
1441 2858 1625 2910 suum,
1657 2844 1711 2899 id
1744 2854 1851 2912 est,
1877 2863 2096 2904 carnem

521 2934 700 2986 suam,
734 2926 859 2993 agni
889 2929 1091 2995 ramis,
1137 2931 1329 2989 habitu
1368 2935 1578 2993 scilicet
1628 2939 1936 3006 castitatis,
1988 2958 2125 3009 non,

517 3018 945 3088 exornaverint;
978 3038 1155 3092 neque
1200 3026 1473 3084 audierint
1522 3038 1868 3098 monentem,
1904 3043 1963 3088 ut
2006 3035 2097 3105 qui

518 3103 707 3161 habent
730 3125 942 3182 uxores,
976 3122 1227 3187 tanquam
1260 3134 1354 3174 nos
1393 3119 1641 3177 habentes
1671 3125 1776 3179 sint
1813 3125 1880 3183 ⁸⁸.

2211 455 2641 522 κατακοσμεῖται
2672 454 2740 509 τὰ
2769 456 3159 528 προειρημένα.
3200 446 3537 529 Ἐρρέτωσαν
3571 459 3622 511 οἱ
3653 460 3789 514 ἀκο-

2209 539 2590 609 λασταίνοντες
2624 545 2749 613 νῦν,
2798 549 2891 601 καὶ¹
2925 548 3013 602 διὰ
3050 548 3150 612 τὰς
3190 548 3397 602 ἑαυτῶν
3447 550 3788 620 ἡδυπαθείας

2209 633 2433 702 ἁγνείαν
2487 637 2964 710 ἁποδιωθούμενοι.
3014 639 3138 704 Πῶς
3181 640 3291 713 γὰρ
3334 642 3412 705 είς
3441 644 3539 713 τὴν
3586 644 3784 716 ἑορτὴν

2212 729 2707 786 συνεισελεύσονται
2754 732 3006 805 Χριστῷ,
3043 732 3116 804 μὴ
3164 736 3537 806 κοσμήσαντες
3568 738 3782 792 ἑαυτῶν

2207 820 2307 893 τὴν
2362 824 2567 895 σκηνὴν
2598 824 2810 889 κλάδοις
2849 825 3089 894 ἁγνείας,
3135 826 3212 897 τῷ
3245 826 3474 899 θεοποιῷ
3521 832 3781 902 μακαρίῳ

2209 914 2394 986 φυτῷς
2416 914 2463 981 ᾧ
2488 918 2613 982 τοὺς
2640 919 2720 982 είς
2743 917 2841 990 τὴν
2869 919 3062 991 ἁγυριν
3091 919 3413 984 σπεύδοντας
3438 921 3655 993 ἐκείνην
3684 922 3782 976 καὶ

2206 1006 2297 1060 τὸν
2325 1008 2500 1080 γάμον
2547 1009 2852 1064 ἀναδεῖσθαι
2896 1010 2976 1064 δεῖ
3028 1010 3122 1064 καὶ
3170 1011 3631 1077 κατασκιάζεσθαι
3682 1014 3781 1078 τὰς

2205 1097 2430 1167 ὀσφύας.
2466 1101 2574 1153 Ἴτε
2604 1101 2732 1173 γὰρ,
2756 1102 3185 1174 καλλιπάρθενοι,
3225 1105 3324 1174 τὴν
3356 1104 3578 1178 Γραφήν
3608 1107 3779 1179 αὐτὴν

2206 1192 2574 1263 ἐπισκέψασθε
2601 1196 2696 1249 καὶ
2721 1195 2819 1260 τὰς
2850 1195 3088 1260 ἐντολάς,
3120 1197 3258 1261 πῶς,
3284 1198 3358 1261 ὡς
3392 1200 3486 1252 ἐπὶ
3528 1201 3780 1275 συμπλη-

2209 1284 2460 1356 ρὼματος
2502 1287 2612 1341 τῶν
2664 1289 3071 1361 προειρημένων
3119 1291 3557 1363 κατορθωμάτων
3601 1292 3777 1365 παρέ-

2204 1377 2365 1432 λαϐεν
2393 1380 2421 1432 ὁ
2453 1380 2610 1450 λόγος
2641 1381 2739 1452 τὴν
2762 1381 3004 1450 ἁγνείαν,
3021 1381 3287 1436 διδάσκων
3315 1384 3440 1438 ὅσον
3466 1385 3776 1460 διαπρεπὴς

2205 1473 2300 1526 καὶ
2354 1472 2679 1544 τριπόθητος
2728 1473 2879 1529 ἔσται
2920 1479 2988 1547 τῇ
3023 1477 3350 1542 ἀναστάσει,
3397 1477 3492 1530 καὶ
3535 1478 3619 1530 ὅτι
3664 1497 3772 1549 χω-

2208 1563 2414 1635 ρὶς-(45)
2433 1564 2601 1635 αὐτῆς
2627 1564 2803 1628 οὐδεὶς
2826 1564 3073 1630 τεύξεται
3101 1566 3209 1619 τῶν
3237 1565 3476 1635 ἐπαγγελ
3486 1564 3690 1637 μάτων·
3707 1565 3775 1638 ἣν

2203 1655 2496 1727 ἐξαιρέτως
2515 1656 2863 1729 γεωργοῦμεν
2888 1659 3049 1728 ἡμεῖς
3090 1659 3145 1711 αί
3175 1657 3635 1730 παρθενεύουσαι,
3665 1657 3778 1718 ⁵καὶ

2135 1728 2174 1784 Β
2204 1750 2586 1821 προσφέρομεν
2634 1728 2845 1823 Κυρίῳ.
2896 1749 3148 1823 Χρῶνται
3191 1728 3380 1804 δὲκαὶ
3406 1752 3457 1803 oi
3499 1750 3638 1821 πρὸς
3674 1748 3778 1813 τὰς

2199 1841 2409 1896 ἑαυτῶν
2463 1841 2779 1911 ἁγνεύοντες
2822 1842 3086 1917 γαμετὰς,
3127 1833 3238 1897 καὶ⁸
3277 1842 3465 1915 ῶσπερ
3513 1843 3656 1914 ἀμφὶ
3714 1840 3778 1895 τὸ

2201 1934 2448 2005 στέλεχος
2480 1933 2690 1999 κλῶνας
2740 1934 2908 2006 αὐτῆς
2951 1934 3174 2007 φέρουσι
3215 1934 3622 2005 βλαστήσαντας
3664 1950 3776 1987 σω-

2200 2028 2493 2101 φροσύνην,
2536 2028 2643 2081 τῶν
2682 2028 2793 2082 ἄνω
2829 2026 2902 2099 μὴ
2958 2027 3334 2099 ἐφικνούμενοι
3384 2028 3479 2082 καὶ
3523 2026 3776 2098 μεγάλων

2199 2121 2368 2192 αὐτῆς
2400 2120 2694 2191 ἐπιψαῦσαι
2734 2120 2964 2185 κλάδων,
2998 2119 3248 2191 καθάπερ
3283 2122 3474 2191 ἡμεῖς’
3513 2120 3685 2190 ὅμως,
3724 2119 3776 2172 εί

2200 2215 2293 2268 καὶ
2327 2213 2575 2285 μικροὺς,
2608 2212 2758 2266 οὐδὲν
2802 2208 2968 2283 ἧσσον
2994 2214 3361 2285 προσφέρουσι
3391 2212 3454 2283 δὴ
3480 2213 3575 2266 καὶ
3618 2212 3778 2266 αὐτοὶ

2198 2307 2411 2373 κλῶνας
2458 2310 2693 2378 ἁγνείας.
2739 2311 2803 2362 υί
2854 2309 2911 2362 δὲ
2947 2306 3490 2380 οίστρηλατούμενοι,
3542 2304 3643 2359 κᾶν
3699 2304 3779 2379 μὴ

2198 2401 2590 2474 πορνεύσωσιν,
2625 2400 2759 2455 ἀλλά
2797 2400 2890 2454 καὶ
2923 2402 3003 2464 είς
3044 2398 3211 2470 μόνην
3252 2398 3348 2450 καὶ
3377 2396 3596 2467 ἔννομον
3625 2396 3780 2448 ἀδιαο

2200 2494 2401 2559 στόλως
2446 2492 2833 2565 ἐπιμίγνυσθαι
2881 2491 3177 2561 θελγόντων
3209 2489 3474 2561 γαμετὴν,
3507 2488 3625 2552 πῶς
3654 2489 3784 2559 ἐορ-

2196 2587 2490 2650 τάσουσιν;
2551 2583 2667 2647 πῶς
2707 2582 3210 2657 εὐφρανθήσονται;
3275 2581 3349 2654 μὴ
3396 2580 3780 2650 κοσμήσαντες

2197 2679 2295 2751 τὴν
2320 2678 2523 2750 σκηνὴν
2543 2675 2750 2730 ἑαυτῶν
2774 2675 2872 2747 τὴν
2897 2675 3076 2748 σάρκα
3100 2678 3212 2738 τοῖς
3234 2673 3447 2737 κλάδοις
3466 2673 3563 2744 τῆς
3581 2673 3779 2740 ἄγνου,

2202 2772 2334 2843 μηδέ
2392 2770 2811 2833 είσακούσαντες
2865 2767 2957 2821 τοῦ
3006 2768 3296 2841 εἰρημένου
3325 2807 3340 2832 ,
3374 2768 3507 2820 Ἵνα
3564 2765 3664 2819 καὶ
3723 2766 3780 2821 οι

2198 2865 2443 2934 ἔχοντες
2475 2861 2786 2935 γυναῖκας,
2817 2862 2897 2927 ὡς
2934 2863 2989 2915 οὶ
3021 2859 3108 2930 μὴ
3133 2857 3378 2929 ἔχοντες
3398 2852 3546 2924 ὦσι;

1614 3239 1742 3297 CAP.
1781 3242 1848 3300 V.
1884 3244 2199 3317 Mystert'um
2225 3246 2712 3302 tabernaculorum.

480 3376 484 3380 _
591 3315 890 3391 Propterea
910 3340 1020 3395 pra:
1048 3327 1274 3400 reliquis
1305 3334 1583 3403 omnibus,
1618 3337 1704 3393 his
1728 3340 1821 3410 qui
1843 3315 2096 3397 certami-

2265 3340 2365 3395 Διά
2387 3339 2546 3394 τοῦτο
2580 3340 2797 3393 πάντων
2828 3336 3061 3410 μάλιστα
3092 3339 3215 3401 τοὺς
3240 3336 3348 3391 τῶν
3372 3335 3594 3405 ἀγώνων
3624 3338 3787 3408 ἐφιε-

517 3412 681 3471 nibus
710 3415 924 3473 inhiant
950 3422 1155 3492 quique
1183 3424 1383 3495 ingenti
1409 3437 1537 3484 sunt
1561 3433 1766 3499 animo,
1792 3434 1932 3490 citra
1969 3449 2090 3490 om-

2199 3433 2410 3505 μένους,
2432 3434 2526 3486 καὶ
2561 3432 2769 3503 μεγάλῃ
2801 3431 3057 3503 φρονήσει
3083 3430 3416 3503 χρωμένους,
3435 3429 3531 3501 τὴν
3552 3428 3786 3498 ἁγνείαν

516 3520 642 3561 nem
683 3512 1084 3569 cunctationem
1113 3516 1395 3573 colendam
1425 3537 1547 3578 esse
1601 3526 1932 3595 castitatem,
1966 3536 2089 3584 tan-

516 3614 681 3670 quam
722 3618 934 3661 summe
961 3608 1146 3664 utilem
1175 3618 1229 3666 et
1256 3612 1581 3683 gloriosam,
1648 3622 1962 3687 pronuntio.
2030 3620 2090 3677 In

518 3706 662 3749 novo
706 3695 850 3751 enim
882 3707 936 3753 et
967 3698 1334 3760 indissolubili
1367 3707 1604 3773 mundo,
1639 3712 1891 3781 quisquis
1924 3715 2091 3770 casti-

515 3785 714 3842 moniae
760 3790 929 3845 ramis
955 3802 1181 3851 ornatus
1218 3809 1466 3867 repertus
1513 3817 1623 3856 non
1654 3802 1838 3871 fuerit,
1870 3820 1971 3861 nec
2003 3822 2092 3861 re-

515 3878 698 3949 quiem
745 3896 1145 3964 consequetur,
1193 3897 1252 3944 ut
1312 3891 1404 3961 qui
1448 3892 1540 3947 Dei
1575 3895 1891 3951 mandatum
1938 3899 2094 3967 juxta

515 3969 687 4042 legem
718 3973 941 4032 minime
964 3976 1303 4050 impleverit;
1337 4000 1515 4056 neque
1548 3986 1604 4041 in
1632 3996 1831 4045 terram
1858 3994 2093 4061 promis-

514 4076 632 4119 sam
659 4064 1014 4137 ingredietur,
1031 4073 1230 4144 quippe
1258 4076 1351 4146 qui
1377 4076 1575 4134 festum
1596 4080 2091 4142 Tabernaculorum

516 4172 625 4212 non
651 4168 778 4215 ante
804 4162 1180 4220 celebraverit.
1221 4168 1301 4222 llli
1349 4173 1495 4226 enim
1543 4174 1810 4232 duntaxat
1837 4178 2092 4249 qui'Sce-

515 4252 800 4322 napegiam
831 4251 1029 4308 festum
1056 4256 1290 4327 egerint,
1314 4260 1383 4316 ab
1407 4262 1476 4317 iis
1509 4279 1630 4334 quae
1675 4277 1874 4324 vocant
1904 4271 2090 4325 taber-

586 4367 635 4402 ³⁸
670 4367 699 4423 1
732 4368 855 4426 Cor.
898 4386 998 4437 vn,
1042 4372 1134 4430 29.

585 4479 699 4550 (45)
734 4483 1151 4558 Χωρὶςηαύτῆς
1183 4489 1382 4557 οὐδεὶς
1410 4493 1698 4558 τεύξεται.
1727 4484 1805 4550 De
1835 4497 2088 4553 castitate

514 4553 861 4634 communitis
905 4556 1048 4611 dicta
1078 4553 1166 4613 hic
1197 4553 1379 4637 sermo
1428 4553 1725 4630 Met'hodio,
1773 4569 1989 4637 qualem
2034 4577 2089 4623 et

515 4622 808 4709 conjugum
840 4640 963 4683 esse
996 4644 1233 4709 necesse
1251 4632 1325 4687 sit
1340 4650 1369 4709 _:
1403 4650 1524 4704 quze
1553 4644 1621 4709 et,
1642 4622 1756 4707 ipsa
1789 4622 1925 4694 'Deo
1962 4622 2085 4709 pla?

2196 3526 2426 3597 ἀμελητί
2462 3543 2604 3597 φημι
2633 3525 2742 3578 δεῖν
2776 3527 2870 3579 καὶ
2901 3527 3088 3597 τιμᾷν,
3112 3525 3187 3587 ὡς
3209 3523 3636 3595 ὠφελιμωτάτην
3678 3524 3784 3578 καὶ

2195 3618 2457 3686 ἐπίδοξον.
2477 3620 2564 3674 Ἐν
2586 3619 2695 3691 γὰρ
2712 3622 2776 3691 τῇ
2798 3621 2956 3690 καινῇ
2981 3620 3074 3672 καὶ
3095 3618 3273 3689 ἀλύτῳ
3290 3617 3464 3671 κτίσει
3477 3616 3610 3689 (46),
3626 3617 3687 3680 ὃς
3704 3615 3781 3671 ἂν

2195 3714 2415 3783 ἁγνείας
2440 3713 2514 3786 μὴ
2537 3714 2732 3785 εὑρεθῇ
2762 3712 2975 3776 κλάδοις
2998 3712 3426 3784 κεκοσμημένος,
3444 3712 3505 3764 οὐ
3525 3710 3785 3776 τεύξεται

2193 3809 2293 3879 τῆς
2324 3807 2705 3871 ἀναπαύσεως,
2727 3807 2801 3878 μὴ
2829 3805 3122 3878 πληρώσας
3153 3806 3252 3875 τὴν
3280 3803 3495 3875 ἐντολὴν
3518 3802 3611 3857 τού
3633 3800 3784 3856 Θεοῦ

2195 3899 2340 3956 κατά
2381 3900 2472 3954 τὸν
2517 3901 2707 3971 νόμονο
2744 3899 2865 3953 οὐδέ
2912 3900 2992 3962 είς
3022 3897 3122 3970 τὴν
3156 3899 3258 3969 γῆν
3289 3896 3613 3968 ἐπιδημήσει
3668 3894 3783 3967 τῆς

2193 3992 2545 4063 ἐπαγγελίας,
2589 3991 2665 4063 μή
2710 3990 2975 4063 ἑορτάσας
3023 3990 3242 4062 πρῶτον
3292 3988 3390 4055 τὰς
3430 3990 3655 4060 σκηνάς.
3705 3990 3781 4042 02

2193 4081 2301 4152 γάρ
2358 4082 2713 4153 ἐορτάσαντες
2762 4082 2912 4152 μόνοι
2965 4079 3063 4152 τὴν
3105 4080 3487 4154 Σκηνοπηγίαν
3540 4082 3620 4144 είς
3669 4079 3779 4152 τὴν

2193 4175 2353 4244 ἁγίαν
2386 4176 2703 4246 καταίρουσι
2736 4176 2858 4245 γῆν,
2889 4174 3280 4245 ἀπαιρούμενοι
3302 4175 3409 4229 ἀπὸ
3438 4173 3545 4227 τῶν
3571 4174 3779 4228 καλου-

2194 4270 2368 4341 μένων
2398 4269 2639 4342 Σκηνῶν,
2671 4267 2780 4322 ἐστ’
2805 4267 2871 4322 ἂν
2903 4269 2982 4330 είς
3002 4268 3093 4322 τὸν
3121 4267 3258 4323 νεὼν
3290 4268 3565 4340 φθάσωσιν
3589 4267 3775 4322 ἐλθεῖν

2191 4496 2397 4555 Christi
2441 4500 2760 4568 thalamum,
2792 4503 2874 4559 vel
2924 4504 3066 4559 inter
3109 4504 3448 4561 concubinas
3487 4512 3585 4560 aut
3632 4505 3771 4563 ado-

2192 4568 2545 4638 lescentulas,
2573 4574 2852 4630 dedeceat.
2879 4573 3168 4630 COIBEFIS.

2263 4640 2375 4714 (46)
2401 4643 2750 4716 Καὶ-ἀλύτῳ
2776 4646 2989 4702 κτίσει.
3027 4646 3092 4699 Ει
3119 4646 3209 4700 hic
3238 4660 3475 4716 quoque,
3500 4646 3644 4700 haud
3668 4660 3768 4701 se-

513 4703 654 4755 ceat,
683 4695 791 4788 ‘etsi
823 4711 933 4752 non
963 4714 1028 4782 ea
1066 4703 1390 4788 excellentia
1413 4695 1537 4788 :qua
1577 4695 1913 4788 virginitas;
1939 4695 2083 4788 jam-
2114 4714 2160 4770 Ι)
2186 4695 2488 4788 cus‘acvt
2524 4695 2970 4788 h‘uij—usvr‘orat.grr.
3004 4725 3121 4772 not.
3154 4695 3382 4781 37,1ita1
3398 4730 3625 4788 repono,
3658 4732 3769 4787 pro

513 4779 622 4850 que
650 4764 820 4820 altera
854 4764 1606 4850 oratione,__quidquid'hinc
1655 4764 1907 4850 s’crupuli
1930 4764 2084 4836 vide-

512 4836 771 4922 batunex
796 4841 1094 4908 superioris
1109 4836 1384 4922 Marcella
1415 4849 1723 4918 profusiore
1752 4836 2082 4922 virginitatis

511 4906 846 4988 laudatione,
859 4906 1188 4988 exemerat;
1220 4906 1520 4988 seduloque
1544 4936 1658 4975 rem
1689 4906 1993 4977 maritalem
2016 4906 2082 4979 ei

515 4976 612 5056 Dei
651 4980 909 5056 mandato
949 4976 1336 5056 et_legitimam
1386 4976 1510 5045 esse
1571 4993 1889 5048 ostenderat
1921 4976 1946 5047 7:
1992 4976 2082 5049 hic

513 5050 689 5127 solum
739 5049 1131 5127 moderandum
1184 5058 1330 5112 illius
1373 5076 1533 5115 usum
1585 5062 1870 5127 admonet,
1913 5080 1982 5121 ne
2028 5075 2082 5121 et

511 5118 623 5202 illis
661 5136 758 5203 pro
782 5137 883 5177 suo
901 5126 1132 5203 _mo:lu_lo
1178 5127 1319 5184 desit
1351 5132 1621 5190 castitatis
1662 5118 2077 5203 ornamentum;—

512 5190 617 5262 sin
635 5200 694 5244 ut
722 5192 835 5261 ipsa
864 5194 973 5247 alta
1003 5196 1185 5262 arbor,
1220 5208 1275 5252 at
1304 5211 1452 5257 certe
1480 5210 1537 5256 ut
1567 5190 1929 5262 adnascentes
1957 5190 2081 5261 sur:

512 5260 643 5344 culi,
678 5260 766 5317 cui
798 5273 852 5344 e_t
884 5264 985 5334 ipsi
1005 5260 1187 5344 animo
1214 5272 1474 5343 conjuges
1504 5260 2085 5344 alliciantur,vet_sieos

507 5324 699 5451 {trgum
739 5324 975 5399 trahere,
1005 5336 1123 5407 ipsa
1152 5324 1334 5397 status
1352 5324 1657 5403 necessitas
1687 5324 1853 5419 cogit,
1877 5357 1931 5405 et
1964 5364 2090 5419 pro-

535 5413 583 5451 IS
626 5415 781 5451 amor
810 5422 824 5451 2
860 5407 941 5451 vel
983 5410 1145 5451 pliam
1178 5414 1341 5451 lnnnrl
1376 5414 1741 5451 inﬁnmnm.mi
1787 5421 1902 5451 tm...
1927 5421 2081 5451 n....:,

626 5415 781 5456 amor
795 5407 943 5488 ,κοινοί
964 5397 1146 5463 etiam
1178 5414 1349 5491 (quod
1375 5397 1904 5491 ittlirmorutnjaipsa
1925 5397 2084 5491 cirtpi-

513 5468 689 5560 ditas;
722 5473 808 5527 cui
840 5476 1087 5560 ipsisne
1110 5468 1931 5560 praescribendilegesjlnervel
1955 5468 2085 5547 edn-

509 5537 713 5621 jugalis
741 5537 1011 5603 castitatis
1041 5537 1217 5609 metas
1234 5537 1523 5621 excedens,
1544 5537 1887 5616 inocll‘reuvem
1918 5562 2079 5616 luxu-

514 5625 665 5694 riant
701 5622 1042 5694 uestrumque
1075 5633 1283 5694 vergat,
1316 5642 1472 5681 novae
1504 5630 1807 5688 creationis
1831 5639 1887 5687 et
1928 5632 2077 5687 inso-

514 5679 700 5737 lubilis
722 5679 1077 5744 tabernaculo
1107 5679 1249 5749 haud
1269 5679 1404 5752 satis
1433 5679 1807 5770 comparatum
1835 5679 1890 5760 et
1914 5679 2074 5774 quale

2182 4782 2396 4855 ἀλύπῳ,
2423 4782 2634 4858 mundo
2687 4786 2978 4858 insolubili,
3031 4803 3129 4843 seu
3176 4782 3479 4850 creatione;
3505 4802 3627 4858 quae
3655 4782 3770 4845 crit

2190 4856 2501 4928 communis
2544 4857 2800 4913 omnibus
2837 4856 3152 4928 judicandis
3186 4878 3198 4913 :
3234 4874 3342 4912 non
3390 4856 3771 4928 ipsa'ﬂumq

2188 4924 2383 5011 κτίσις,
2426 4928 2594 5008 omnia
2635 4943 2819 4999 expers
2840 4924 3054 5011 doloris
3108 4931 3304 5011 creatio
3334 4937 3387 4984 et
3413 4924 3635 5011 status,

2188 4995 2296 5051 illis
2331 4997 2571 5079 propria,
2602 4995 2835 5083 quorum
2877 5000 3501 5083 tabernacula-inventa
3534 5000 3764 5083 fuerint

2186 5076 2381 5155 amata
2412 5069 2692 5151 virtutum.
2707 5069 2880 5155 cultu,
2916 5071 3094 5155 prima
3121 5070 3209 5155 die
3245 5070 3618 5155 Scenopegire,
3646 5070 3764 5155 sive

2185 5134 2645 5215 Resurrectionis.
2681 5140 2734 5215 id
2773 5149 2880 5215 est,
2911 5134 3061 5215 évﬁﬁ
3105 5143 3303 5215 κρίσει,
3336 5143 3389 5195 in
3418 5134 3646 5211 judicio,
3678 5142 3761 5196 uti

2188 5211 2412 5294 erpon‘it
2444 5209 2559 5279 ipse
2587 5209 2912 5294 biethodius.
2952 5209 3079 5294 Yul't
3109 5209 3239 5294 ergo
3266 5209 3461 5268 omnes
3487 5222 3618 5268 tunc
3639 5228 3764 5294 sus-

2192 5279 2467 5343 citandos,
2497 5295 2562 5334 ac
2592 5281 2729 5336 forte
2765 5282 3153 5339 discretionem
3177 5279 3459 5341 'honorum
3493 5302 3525 5340 a
3571 5284 3760 5347 malis,

2193 5348 2515 5433 feriantibus
2556 5351 2713 5436 bonis
2757 5354 3151 5436 cum'Christo
3192 5357 3245 5411 in
3286 5364 3434 5409 terra
3462 5356 3764 5436 hactenus

2191 5422 2529 5495 constitutis,
2560 5421 2732 5476 donec
2775 5425 3066 5495 impleatur
3098 5426 3317 5481 illorum
3359 5426 3757 5495 septenarium,

2188 5493 2343 5563 quasi
2376 5493 2430 5547 in
2454 5492 2903 5579 tabernaculisét
2925 5505 3215 5579 antequam
3248 5492 3437 5579 inﬁci
3450 5496 3670 5579 domum
3704 5502 3762 5550 et

2186 5572 2439 5648 sanctam
2456 5564 2730 5619 civitatem
2765 5566 2843 5648 (id
2877 5573 2961 5648 est
2991 5569 3047 5648 in
3068 5564 3272 5648 'ctelos)
3308 5568 3755 5648 introducantur.

2185 5633 2320 5757 Quale)
2358 5632 2740 5757 ll‘uitlveterum
2765 5632 3076 5711 _Simplicior
3116 5632 3412 5712 theologia,
3465 5654 3578 5696 nou
3619 5634 3761 5693 satis

2185 5720 2281 5757 [ιι-ο
2324 5719 2352 5757 a
2383 5721 2430 5757 a.
2497 5720 2550 5757 ο.

2181 5705 2430 5776 probata.
2472 5705 2550 5762 In.
