3972 6212
1275 251 1656 311 CONVIVIUM
1692 251 1924 310 DECEM
1960 251 2319 310 VIRGINUM.

3355 246 3460 304 {90

223 366 318 420 καὶ
339 365 445 438 τὴν
469 364 623 420 πόλιν
651 363 746 419 τοῦ
773 365 928 432 Θεοῦ,
961 366 1040 431 είς
1068 366 1168 440 τὴν
1198 367 1418 440 μείζονα
1448 370 1543 424 καὶ
1577 369 1786 435 ἐνδοξο-

1899 369 2082 425 nacula
2127 368 2355 439 profecti
2381 406 2397 432 ,
2447 365 2516 422 ad
2561 372 2809 423 sanctam
2847 364 3185 422 contendunt
3218 370 3462 431 terram,

219 458 394 531 τέρεν
426 456 792 528 προκόψαντες
826 456 1022 530 χαράν,
1054 457 1235 523 καθὼς
1265 460 1358 513 καὶ
1384 463 1434 513 oi
1480 461 1640 515 τύποι
1670 479 1793 515 συν-

228 552 464 614 ιστᾶσιν,
496 551 544 604 ot
588 550 869 619 γεγονότες
910 551 1002 604 ἐπὶ
1063 551 1349 605 Ἰουδαίων.
1408 552 1614 625 Ὥσπερ
1645 553 1790 626 γὰρ,

225 641 532 707 ἔξελθόντες
562 642 668 695 τῶν
692 643 832 712 ὅρων
862 642 1084 696 ἐκείνων
1103 642 1200 713 τῆς
1228 641 1526 710 Αἰγύπτου,
1552 643 1793 698 ὥδευσαν

224 732 463 804 πρῶτον,
507 734 602 786 καὶ
641 729 804 805 ἦλθον
836 734 916 796 είς
947 732 1045 796 τὰς
1077 732 1319 803 Σκηνὰς,
1353 734 1606 787 κάκεῖθεν
1652 734 1794 787 ἀπά-

221 842 418 898 ραντες
468 826 645 890 πάλιν,
680 822 843 896 ἦλθον
886 828 968 890 εἰς
1004 825 1101 898 τὴν
1148 827 1252 898 γῆν
1292 828 1391 899 τῆς
1430 825 1790 895 ἐπαγγελίας

219 915 366 971 οὕτω
416 916 482 988 δὴ
531 918 626 970 καὶ
673 920 853 988 ἡμεῖς.
905 919 1200 974 ὀδεύσασα
1244 919 1354 992 γὰρ
1401 919 1649 974 ἐντεῦθεν
1702 921 1796 974 καὶ

218 1008 509 1074 ἐξελθοῦσα
528 1007 684 1078 κάγὼ
706 1011 804 1081 τῆς
824 1009 1098 1079 Αἰγύπτου
1120 1011 1307 1065 τούτου
1336 1011 1431 1065 τοῦ
1468 1011 1606 1083 βίου,
1643 1011 1797 1082 ἐρχο-

221 1117 324 1171 μαι
351 1099 566 1170 πρῶτον
595 1101 677 1163 εἰς
713 1098 810 1171 τὴν
837 1100 1149 1167 ἀνάστασιν,
1184 1103 1283 1174 τὴν
1314 1102 1571 1173 ἀληθινὴν
1599 1102 1798 1172 Σκηνο-

216 1188 454 1259 πηγίαψ
487 1188 647 1242 κάκεῖ
672 1193 783 1254 τοῖς
830 1194 1059 1263 καρποῖς
1092 1192 1190 1263 τῆς
1229 1193 1427 1264 ἀρετῆς
1454 1191 1671 1263 πήξασα
1697 1190 1796 1262 τὴν

218 1281 429 1351 σκηνήν
471 1298 573 1351 μου
626 1284 1084 1355 κεκοσμημένην,
1112 1287 1178 1356 τῇ
1232 1282 1423 1358 πρώτῃ
1462 1285 1564 1355 τῆς
1603 1283 1796 1357 ἑορτῆς

214 1374 571 1438 ἀναστάσεως
599 1375 800 1448 ἡμέρᾳ,
835 1379 902 1448 τῇ
934 1377 1133 1447 κρίσει,
1170 1376 1509 1450 συνεορτάζω
1549 1376 1627 1448 τῷ
1663 1378 1797 1448 Χρι-

216 1466 329 1537 ο·τῷ
362 1466 468 1537 τὴν
497 1468 959 1541 χιλιονταετηρίδα
995 1471 1095 1542 τῆς
1127 1471 1502 1534 ἀναπαύσεως,
1531 1470 1629 1535 τὰς
1657 1470 1798 1524 ἑπτὰ

214 1559 562 1630 καλουμένας
589 1560 840 1632 ἡμέρας,
878 1561 945 1615 τά
978 1562 1225 1617 σάϐϐατα
1276 1562 1344 1617 τὰ
1384 1562 1630 1632 ἀληθινὰ.
1664 1561 1797 1618 Εἶτα

214 1646 375 1714 αὖθις
443 1652 683 1723 ἑπομένη
732 1652 807 1723 τῷ
863 1653 1244 1722 διεληλυθότι
1274 1654 1278 1659 ’
1303 1657 1444 1721 τοὺς
1500 1656 1797 1724 οὐρανοὺς

226 1740 431 1813 Ἰησοῦ,
465 1741 697 1815 ἔρχομαι
738 1744 918 1811 πάλιν,
950 1745 1202 1818 καθάπερ
1233 1747 1492 1813 κάκεῖνοι,
1529 1748 1666 1818 μετὰ
1696 1749 1795 1821 τὴν

212 1833 527 1889 ἀνάπαυσιν
558 1836 660 1908 τῆς
685 1838 1086 1911 Σκηνοπηγίας,
1112 1842 1192 1904 είς
1221 1839 1319 1911 τὴν
1353 1841 1455 1912 γῆν
1487 1841 1586 1912 τῆς
1620 1843 1797 1911 ἐπαγ-

213 1928 406 1998 γελίας
423 1968 438 1991 ,
468 1930 598 1994 τοὺς
625 1931 887 2003 οὐρανοὺς
906 1971 920 1995 ,
960 1932 1019 1985 ὲν
1046 1935 1273 2003 σκηναῖς
1307 1932 1382 2004 μὴ
1414 1933 1760 2004 άπομείνασα
1779 1973 1794 1999 ,

214 2020 468 2073 τουτέστι
529 2020 624 2073 τοῦ
682 2020 1039 2093 σκηνώματός
1092 2040 1193 2093 μου
1268 2023 1343 2095 μὴ
1406 2020 1799 2095 ἀπομείναντος

212 2116 465 2172 τοιούτου
483 2133 499 2146 ⁸
536 2116 673 2189 ἀλλά
705 2118 842 2190 μετὰ
882 2118 979 2190 τὴν
1022 2119 1486 2192 χιλιονταετηρίδα
1528 2119 1799 2192 μεταϐλη-

217 2207 411 2273 θέντος
439 2210 552 2263 ἀπὸ
594 2210 689 2264 τοῦ
717 2212 993 2283 σχήματος
1040 2211 1134 2264 τοῦ
1182 2210 1521 2283 ἀνθρωπίνου
1573 2210 1797 2281 καὶτῆς

212 2300 426 2372 φθορᾶς
451 2301 586 2374 (47),
623 2303 701 2365 είς
727 2302 1012 2372 ἀγγελικὸν
1044 2302 1269 2374 μέγεθος
1293 2303 1387 2357 καὶ
1415 2301 1608 2365 κάλλος
1626 2319 1640 2332 '
1667 2301 1798 2357 ἔνθα

212 2393 402 2447 λοιπὸν
421 2394 546 2448 ἀπὸ
570 2394 677 2448 τοῦ
693 2395 1040 2464 θαυμαστοῦ
1062 2394 1174 2462 τῆς
1192 2393 1432 2464 σκηνῆς
1458 2396 1514 2449 αἱ
1540 2394 1797 2467 παρθένοι

212 2490 444 2549 τόπου,
506 2487 643 2558 μετὰ
676 2486 736 2539 τὺ
798 2486 1250 2559 συμπερασθῆναι
1306 2488 1408 2560 τὴν
1461 2487 1655 2560 ἑορτὴν
1699 2488 1800 2559 τῆς

217 2580 597 2646 ἀναστάσεως,
624 2581 707 2643 εἰς
750 2578 821 2633 τὰ
852 2578 1020 2651 μείζω
1059 2581 1153 2634 καὶ
1184 2581 1415 2652 κρείττω
1451 2580 1796 2653 διερχόμεθα,

215 2673 303 2737 εἰς
334 2671 445 2725 τὸν
491 2668 661 2725 οἶκον
703 2672 890 2726 αὐτόν
939 2672 1324 2727 ἀναϐαίνουσαι
1366 2672 1457 2726 τὸν
1488 2672 1628 2743 ὑπὲρ
1674 2671 1799 2736 τοὺς

215 2761 486 2836 οὐρανοὺς
530 2763 638 2817 τοῦ
685 2764 854 2829 Θεοῦ,
901 2764 971 2818 ἐν
1018 2762 1188 2834 φωνῇ
1237 2763 1651 2834 ἀγαλλιάσεως
1700 2765 1798 2818 καί

219 2855 738 2926 ἐξομολογήσεως,
767 2855 959 2926 ἤχους
987 2856 1365 2926 ὲορτάζοντος
1384 2897 1397 2921 ,
1424 2857 1604 2923 καθώς
1636 2875 1798 2931 φησιν

221 2949 251 3001 6
287 2948 603 3021 ψαλμῳδός.
650 2950 836 3021 Τούτῳ
891 2948 1083 3020 κάγὼ,
1134 2944 1179 3004 ὧ
1240 2951 1464 3022 Ἀρετὴ,
1506 2950 1650 3006 κατὰ
1699 2952 1799 3025 τὴν

1830 1723 1869 1777 Β

1892 461 2065 517 donec
2098 461 2197 516 illo
2225 460 2519 521 evaserint.
2548 469 2609 514 ut
2638 460 2692 513 in
2728 459 2989 530 templum
3033 456 3236 529 Deique
3263 456 3461 512 civita-

1892 561 2000 608 tem
2048 552 2456 624 ingrediantur;
2510 550 2578 606 ad
2639 551 2814 621 majus
2864 550 3073 606 scilicet
3131 549 3462 620 majorisque

1894 646 2163 702 claritatis
2190 646 2446 719 gaudium
2476 645 2820 717 proﬁcientes
2839 683 2854 708 ,
2909 644 3054 699 sicut
3083 642 3268 713 ﬁgura
3319 643 3464 697 indi-

1894 746 2021 794 cant
2044 755 2163 809 quae
2198 739 2252 793 in
2290 737 2491 795 Juclaiis
2527 739 2679 809 prius
2722 744 3135 807 praecesserunt.
3192 734 3463 802 Quemad-

1894 829 2113 884 modum
2144 830 2289 885 enim
2320 828 2575 885 Israelita:
2593 846 2658 885 ex
2679 828 2895 900 Egypti
2925 827 3121 882 ﬁnibus
3145 826 3252 880 illis
3279 839 3463 895 egres-

1896 921 1964 984 si,
1988 929 2241 991 suscepto
2270 922 2506 992 primum
2550 922 2763 984 itinere,
2794 922 2849 974 in
2888 918 3264 975 Tabernacula
3307 904 3463 987 (Soc-

1896 1012 2014 1066 cotlt
2056 1011 2266 1067 Hebmi
2299 1011 2514 1084 vocant)
2569 1019 2836 1067 venerunt
2863 1011 2944 1076 ⁸⁸,
2981 1010 3217 1079 hincque
3267 1022 3464 1063 rursus

1896 1101 2146 1173 profecti,
2180 1110 2446 1158 venerunt
2482 1102 2537 1157 in
2580 1113 2782 1157 terram
2825 1101 3248 1171 promissionis:
3286 1099 3361 1153 ita
3410 1106 3465 1155 et

1897 1211 2017 1250 nos.
2046 1193 2180 1249 Nam
2213 1202 2267 1251 et
2298 1211 2399 1265 ego
2441 1195 2544 1250 iter
2594 1195 2820 1257 habens,
2860 1210 3035 1264 exque
3064 1193 3253 1248 mundi
3296 1192 3464 1262 hujus

1898 1287 2133 1359 Λεωτριο
2164 1302 2406 1357 egressa,
2436 1286 2593 1341 venio
2622 1285 2857 1355 primum
2881 1278 2947 1339 ad
2980 1285 3462 1347 resurrectionem,

1896 1395 2017 1450 qua:
2046 1395 2172 1433 vera
2199 1377 2533 1449 Scenopegia
2565 1383 2648 1432 est
2675 1396 2686 1430 :
2725 1385 2779 1431 et
2826 1377 2899 1431 ibi
2948 1376 3215 1431 fructibus
3247 1376 3467 1431 virtutis

1896 1479 2175 1543 exstructo
2236 1470 2589 1540 specioseque
2656 1475 2850 1521 ornato
2907 1468 3258 1521 tabernaculo
3313 1481 3464 1533 meo,

1897 1564 2073 1633 prima
2114 1561 2235 1616 festi
2266 1560 2681 1618 resurrectionis
2709 1558 2817 1622 die,
2849 1574 2969 1628 quas
2993 1558 3111 1613 dies
3143 1567 3225 1613 est
3248 1558 3464 1627 judicii,

1900 1657 2063 1712 simul
2101 1671 2225 1711 cum
2252 1653 2471 1709 Christo
2499 1653 2862 1707 millenarium
2895 1667 3162 1706 annorum
3216 1652 3465 1720 requiei,

1899 1749 2145 1815 celebro;
2182 1763 2301 1817 qua:
2341 1754 2546 1816 septem
2586 1745 2843 1800 dicuntur
2874 1745 3013 1810 dies,
3043 1759 3172 1798 vera
3209 1742 3468 1796 nimirum

1900 1838 2155 1895 Sabbata.
2206 1839 2336 1894 Inde
2374 1854 2567 1893 rursus
2596 1837 2723 1892 Jcsu
2762 1852 2979 1903 comes,
3037 1836 3127 1907 qui
3178 1834 3469 1900 penetravit

1897 1934 2053 1987 caelos
2081 1934 2125 1964 ⁸⁷
2150 1933 2232 2000 (ut
2262 1939 2316 1987 et
2347 1932 2421 1985 illi
2452 1938 2574 2001 post
2607 1931 2959 2003 Scenopegia:
2996 1930 3241 1999 requiem
3270 1928 3326 1982 in
3359 1936 3471 1982 ter-

1855 2096 1861 2103 .
1896 2041 2013 2080 ram
2036 2025 2437 2096 promissionis)
2461 2026 2514 2078 in
2541 2027 2709 2081 cmlos
2742 2025 2923 2088 venio,
2956 2038 3064 2077 non
3091 2036 3379 2077 remanens
3411 2020 3470 2075 in

1897 2117 2287 2182 tabernaculis,
2314 2116 2418 2171 hoc
2439 2124 2544 2181 est,
2585 2132 2694 2170 non
2718 2122 3031 2171 remanente
3063 2128 3183 2167 meo
3214 2126 3469 2183 corpore,

1898 2213 2057 2284 quale
2085 2211 2239 2283 prius
2284 2217 2438 2267 erat:
2479 2208 2575 2267 sed
2607 2218 2730 2281 post
2759 2209 2905 2263 mille
2932 2222 3198 2261 annorum
3229 2205 3469 2275 spatium

1898 2312 2126 2370 mutato,
2159 2320 2228 2360 ex
2254 2303 2475 2359 humani
2508 2302 2685 2357 forma
2715 2300 2962 2371 corporis
2999 2306 3055 2354 et
3076 2297 3428 2368 corruptione
3449 2335 3468 2360 ,

1899 2398 1954 2452 in
1975 2397 2270 2469 angelicam
2302 2396 2497 2451 molem
2526 2403 2580 2451 et
2602 2393 3061 2465 pulchritudinem
3088 2409 3102 2451 :
3136 2391 3225 2446 ubi
3251 2390 3468 2447 demum

1898 2504 2000 2543 nos
2029 2488 2268 2559 virgines
2316 2505 2347 2542 a
2400 2487 2520 2541 loco
2567 2485 2895 2540 tabernaculi
2926 2482 3293 2546 admirabilis,
3339 2497 3472 2537 con-

1899 2588 2170 2636 summato
2199 2580 2312 2650 jam
2336 2579 2754 2636 resurrectionis
2776 2577 2936 2641 festo,
2967 2575 3034 2631 ad
3057 2576 3263 2645 majora
3284 2582 3339 2630 et
3359 2589 3475 2631 me-

1899 2671 2034 2726 liora
2060 2671 2435 2734 transibimus,
2466 2672 2519 2723 in
2551 2671 2721 2738 ipsam
2755 2668 2969 2722 domum
3000 2666 3097 2720 Dei
3132 2666 3472 2736 supracmle-

1899 2772 2036 2821 stem
2078 2764 2452 2821 ascendentes.
2492 2764 2545 2816 in
2574 2760 3073 2816 voceexsultatt'onis
3104 2768 3151 2812 et
3178 2756 3466 2827 confessio-

1900 2857 2148 2923 nis,-soni
2183 2856 2517 2926 festivitatem
2565 2855 2787 2924 agentis,
2819 2862 2878 2906 ut
2922 2850 3243 2906 Psalmodus
3274 2850 3350 2905 ait
3397 2849 3465 2904 ”.

1900 2949 2015 3005 Hoc
2043 2951 2159 3021 ipsa
2189 2965 2427 3019 quoque,
2450 2965 2484 3003 ο
2512 2947 2732 3002 domina
2762 2949 2943 3008 Arete,
2978 2944 3344 3013 qualicunque
3368 2941 3477 3001 ela-

224 3042 503 3113 ἐμαυτῆς,
571 3041 863 3106 δέσποινα,
927 3040 1187 3113 δύναμιν,
1254 3040 1531 3113 δωροῦμαι
1596 3058 1657 3095 σε
1722 3041 1798 3114 τῷ

1901 3044 2152 3100 boratum
2180 3041 2463 3109 facultate,
2496 3056 2597 3112 pro
2617 3054 2840 3095 munere
2866 3038 3081 3110 peplum
3110 3037 3299 3093 oli‘ero.

226 3129 433 3201 πέπλῳ.

2898 3178 2923 3207 ο

292 3286 342 3320 ⁵⁸
374 3286 546 3344 Nam.
593 3305 757 3351 xxxv,
800 3288 852 3344 5.
929 3290 973 3321 ⁸⁷
1008 3286 1171 3345 ﬂeor.
1201 3304 1276 3357 tv,
1312 3288 1399 3343 M.
1466 3287 1515 3320 ⁸⁸
1542 3285 1698 3343 Ρσαί.
1732 3299 1845 3352 xu,
1881 3286 1936 3343 5.

295 3467 408 3536 (47)
455 3468 567 3523 Kal
610 3468 723 3535 τῆς
763 3466 1007 3537 φθορᾶς.
1062 3465 1287 3523 Videtur
1343 3465 1649 3523 Methodius
1685 3464 1797 3537 fad-

226 3537 442 3593 mittere
466 3541 550 3593 sic.
578 3536 963 3595 suscitatorum
993 3547 1306 3592 sanctorum
1336 3553 1566 3607 corpora
1595 3536 1796 3592 nedum

227 3608 519 3668 malorum.
573 3609 908 3678 corruptioni
942 3608 1174 3663 obnoxia
1200 3648 1213 3670 ,
1246 3616 1302 3678 et
1337 3608 1573 3661 humana
1622 3607 1807 3660 forma

226 3691 345 3743 qua:
386 3679 446 3732 in
487 3676 786 3750 angelicam
818 3679 1047 3733 formam
1082 3676 1341 3750 mutanda
1364 3679 1493 3750 sint,
1519 3683 1797 3750 transacto

221 3746 643 3817 nptenariofet
671 3764 795 3802 cum
828 3752 881 3802 in
912 3756 1173 3817 secretam
1205 3746 1298 3801 Dei
1326 3748 1505 3802 aulam
1532 3747 1607 3815 (id
1629 3753 1711 3817 est
1740 3746 1796 3800 in

222 3816 423 3889 editos)
453 3821 806 3889 recipientur.
830 3818 962 3885 Quae
998 3816 1107 3873 non
1150 3818 1285 3889 satis
1312 3819 1584 3889 cohaerere
1607 3816 1796 3870 viden-

223 3898 313 3942 tnr
343 3886 473 3942 cum
505 3886 898 3959 superioribus,
922 3899 976 3944 et
996 3904 1156 3959 nova
1157 3888 1246 3940 illa
1271 3895 1433 3958 atque
1452 3886 1634 3959 ἀλύτῳ
1647 3900 1800 3939 crea-

221 3961 399 4023 tione,
435 3967 495 4012 ut
520 3956 630 4027 jam
659 3959 1072 4028 explicavimus.
1118 3957 1184 4011 Et
1221 3956 1371 4014 certe
1400 3972 1523 4028 quae
1563 3956 1640 4028 ibi
1670 3970 1795 4010 cor-

221 4032 431 4099 ruptio.
456 4026 582 4083 cum
605 4026 766 4086 nulla:
789 4029 901 4098 jam
934 4038 1092 4084 erunt
1118 4026 1497 4099 generationes
1520 4066 1534 4089 ,
1570 4026 1646 4099 uti
1681 4028 1797 4099 ipse

220 4094 540 4154 Methodius
591 4094 814 4164 indicat,
846 4100 940 4154 sed
966 4094 1180 4154 summa
1210 4101 1449 4169 requies,
1479 4098 1535 4151 in
1564 4096 1678 4169 illis
1702 4094 1795 4169 qui

219 4185 283 4241 ea
312 4171 512 4239 requie
544 4170 693 4241 digni
719 4178 879 4241 erunt
903 4170 925 4223 ?
948 4184 1179 4241 quorum
1202 4165 1514 4241 felicitatem
1529 4165 1795 4241 abjectius

222 4239 365 4295 forte
392 4235 462 4294 ex
496 4235 795 4309 usu'quasi
854 4235 1091 4293 huniano
1147 4238 1414 4294 intellexit
1465 4235 1791 4309 Methodius,

220 4310 460 4366 necdum
490 4310 598 4365 illis
626 4307 768 4365 bona
798 4310 1041 4365 cmlestia
1072 4309 1405 4367 consecutis,
1431 4316 1523 4361 aut
1554 4307 1647 4361 Dei
1661 4321 1795 4360 con-

222 4391 418 4449 spectu
452 4380 695 4447 donatis,
722 4379 867 4450 quod
916 4380 1048 4435 ﬁdes
1102 4395 1209 4450 nou
1252 4378 1490 4433 admittit
1523 4396 1536 4432 :
1570 4391 1695 4432 cum
1725 4375 1798 4430 sit

222 4452 313 4505 ille
346 4459 669 4506 sanctorum
698 4449 891 4516 cretus,
921 4465 1029 4505 non
1067 4450 1154 4505 cui
1179 4449 1421 4505 hrereant
1450 4454 1798 4517 peccatorum

222 4520 440 4584 sordes,
467 4534 568 4589 per
586 4536 678 4600 eas
706 4520 871 4600 ferias
893 4521 1190 4600 expiandae.
1215 4518 1620 4600 Denique'dura
1643 4530 1800 4600 pror-

223 4607 322 4647 sus
373 4586 703 4662 propositio,
738 4591 873 4662 Ἀπὸ
901 4586 995 4662 τοῦ
1028 4595 1304 4662 σχήματος
1334 4586 1795 4662 τοῦ-ᾲνθρωπίνου

221 4664 319 4716 καὶ
598 4664 676 4725 είς
698 4660 984 4729 ἀγγελικὸν
1013 4655 1238 4731 μέλίέθος
1271 4660 1363 4714 καὶ
1390 4655 1620 4731 κάλλος.Δ
1638 4655 1799 4711 Certe

224 4727 375 4802 agre
399 4727 972 4801 intelligitur‘a‘bolita
1015 4727 1240 4802 humani
1287 4728 1533 4802 corporis
1596 4727 1795 4802 forma,

222 4799 471 4858 transire
492 4802 550 4855 in
584 4799 881 4872 angelicam
906 4801 1330 4872 magnitudinem
1348 4809 1408 4872 _et
1427 4799 1645 4858 molem,
1664 4799 1798 4872 quin

227 4874 517 4928 abolentur
539 4867 724 4954 carnis
754 4872 871 4954 ipsa
899 4867 1225 4954 stilistantia.
1252 4879 1307 4927 et
1337 4870 1431 4954 ﬁat
1455 4883 1664 4954 corpus
1690 4867 1796 4922 hu-

228 4957 478 5003 manum,
517 4943 678 5011 quale
708 4940 875 5012 prisci
903 4942 1000 5005 illi,
1024 4943 1314 5012 pluresque
1343 4940 1471 5012 alii,
1489 4940 1796 5010 angelicum

226 5011 722 5079 existimaverunt:
752 5028 950 5081 corpus
988 5012 1147 5065 ἀῡλον
1177 5020 1232 5067 et
1265 5011 1547 5082 spiritale;
1602 5024 1798 5082 nempe

226 5083 673 5147 subtilissimum,
702 5077 826 5137 aere
841 5077 979 5153 puro
1008 5082 1275 5153 igneoque
1290 5077 1629 5153 concretum,
1649 5077 1798 5153 quod

226 5154 413 5223 ipsum
445 5159 614 5207 tanta:
650 5148 1106 5223 molisfetsup'ra
1133 5148 1798 5223 humanaanolem'Me-

226 5220 455 5279 tbodius
482 5223 714 5277 voluerit
751 5242 764 5278 :
794 5222 887 5293 qui
911 5220 1053 5278 forte
1086 5237 1240 5278 error
1275 5222 1389 5293 :l'uit
1418 5220 1798 5293 Eutychiipa-

225 5292 491 5349 triarcha‘.
536 5290 1144 5362 Constantinopolitani,
1179 5307 1243 5347 ex
1278 5292 1365 5347 his
1391 5290 1536 5362 ipsis
1558 5290 1797 5346 fontibus

225 5365 487 5429 haustus,
514 5379 542 5416 a
572 5379 681 5434 quo
708 5361 999 5434 Gregorius
1052 5362 1355 5434 Romanus,
1384 5361 1679 5434 hominem,
1714 5363 1800 5434 ip-

225 5451 351 5492 sum
383 5431 693 5491 sanctitatis
712 5431 840 5490 luce
856 5435 1085 5498 clarum,
1114 5433 1405 5488 revocavit.
1430 5431 1559 5485 Esto
1588 5446 1652 5486 ea
1687 5433 1799 5486 sint

224 5509 551 5576 angelorum
591 5519 841 5574 corpora,
893 5505 1039 5576 quod
1066 5512 1121 5560 et
1149 5501 1388 5576 Joannes
1444 5500 1799 5576 Thessaloni-

226 5572 417 5631 censis
449 5578 508 5628 in
537 5590 611 5628 vn
640 5572 848 5646 synodo
874 5572 1067 5638 sensit,
1106 5582 1270 5643 atque
1304 5573 1431 5627 huic
1455 5572 1614 5642 pictis
1647 5572 1797 5646 colo-

226 5647 409 5712 ribus,
440 5642 821 5716 repraase'ntari
856 5660 1017 5716 posse
1048 5642 1270 5716 angelos
1285 5649 1499 5716 statuit,
1533 5642 1794 5716 necclare

229 5711 779 5773 helenus'Ecclesia
808 5711 1147 5787 proscripsit}
1184 5714 1303 5785 ipso
1336 5712 1568 5770 Doctore
1614 5711 1792 5785 Ange-

1828 4417 1875 4473 D

1905 3464 2011 3519 lico
2034 3469 2257 3518 auctore
2303 3462 2356 3516 in
2416 3461 2757 3532 expositione
2810 3476 2826 3513 ι
2875 3458 3110 3532 Decret.,
3145 3454 3291 3532 unde
3317 3454 3475 3532 _quod

1904 3535 2143 3588 humana
2174 3547 2404 3602 corpora
2431 3527 2531 3600 pro
2565 3533 2780 3602 illorum
2816 3531 2955 3602 mole
2982 3527 3253 3602 fundentia
3285 3527 3395 3602 sint
3420 3532 3473 3581 et

1902 3604 2199 3660 dilatanda.
2228 3596 2400 3657 Erunt
2426 3596 2653 3674 quidem;
2696 3600 2940 3674 illamsuis
2973 3599 3193 3674 dotibus
3227 3596 3472 3674 praedita,

1902 3675 2141 3740 subtilia,
2178 3675 2363 3745 agilia,
2415 3668 2479 3726 ac
2523 3672 2569 3727 si
2603 3671 2758 3729 libet,
2792 3668 2945 3723 Pauli
2976 3668 3181 3737 phrasi,
3232 3668 3476 3786 πνευμα-

1902 3745 2026 3786 τινά
2080 3761 2301 3786 narum-tr
2331 3743 2651 3786 xnirimnlin-
2686 3740 2700 3786 I
2737 3739 2863 3786 Cor-
2891 3754 2978 3786 xv.
3008 3737 3102 3786 sed
3124 3738 3331 3786 integra
3356 3736 3368 3786 ί
3397 3735 3476 3786 Ιο-

1901 3745 2049 3811 τικά,
2080 3735 2302 3814 οόνρόνα
2331 3743 2652 3814 spiritantia,
2685 3740 2703 3792 Ι
2737 3735 2991 3814 ϐοῇ-ξίν,
3008 3737 3102 3792 sed
3124 3738 3331 3814 integra
3356 3735 3476 3788 illo-

1901 3807 2044 3869 ruzn’
2064 3807 2395 3876 substantia,
2431 3829 2558 3867 vere
2590 3813 2706 3881 ipsa
2737 3809 2996 3881 carnibus
3046 3807 3381 3881 _ossibusque
3408 3819 3474 3858 ac

1902 3885 2226 3939 humoribus
2251 3875 2526 3947 concreta,
2563 3875 2822 3948 nulloque
2869 3878 2980 3948 jam
3011 3877 3154 3939 cibo,
3207 3885 3264 3929 ut
3305 3875 3473 3927 vitam

1902 3962 2181 4018 tueantur,
2220 3951 2651 4012 statuminanda,
2702 3947 2866 4017 quam
2914 3947 3055 4001 forte
3105 3947 3321 4018 illorum
3354 3958 3478 3997 cor-

1901 4016 2209 4094 ruptionem
2261 4024 2562 4094 arbitratus
2585 4030 2670 4094 est
2722 4016 3048 4094 Methodius,
3085 4031 3206 4094 ραι
3230 4016 3323 4068 illo
3365 4027 3475 4094 suo

1903 4082 2236 4149 sabbatismo
2262 4102 2314 4147 et
2337 4092 2638 4147 millenaria
2666 4089 2854 4159 requie
2881 4090 2935 4141 in
2965 4082 3132 4159 terra.
3167 4085 3232 4138 Et
3268 4082 3474 4159 certesi

1902 4164 2080 4218 adhuc
2114 4163 2459 4218 necessarius
2484 4161 2591 4215 illis
2609 4152 2786 4223 cibus,
2814 4159 3042 4212 necdum
3066 4156 3223 4226 plene
3250 4152 3475 4226 depulsa

1902 4234 2202 4303 corruptio,
2259 4232 2488 4303 necdum
2534 4245 2828 4303 corporum
2880 4224 3161 4303 beatorum
3194 4224 3473 4278 attributae

1901 4298 2084 4367 dotes,
2137 4303 2316 4357 adhuc
2349 4303 2430 4357 vel
2466 4298 2682 4369 frugum
2713 4299 2797 4354 vel
2833 4298 3190 4369 animantium
3247 4308 3475 4369 genera-

1901 4376 2101 4435 tiones,
2135 4373 2278 4427 unde
2307 4387 2405 4441 pro
2436 4387 2501 4426 eo
2531 4368 2675 4425 statu
2716 4371 2824 4441 illis
2860 4368 3196 4441 _sulliciatur.
3246 4368 3473 4441 Arrepta

1906 4445 2073 4501 semel
2104 4436 2326 4498 humani
2387 4457 2581 4497 sensus
2639 4437 3140 4512 simplicitate__ejus
3168 4436 3479 4512 status_opi-

1906 4516 2092 4577 nione,
2123 4529 2186 4568 ea
2219 4516 2336 4583 ipsa
2368 4513 2609 4581 proclive
2635 4502 2931 4583 fuit-multa
2972 4502 3479 4583 divinare,_quib'us

1903 4600 2006 4641 nos
2040 4573 2266 4640 solidior
2284 4573 2551 4653 theologia
2565 4581 2795 4654 e_xemit;
2828 4592 2947 4648 qua).
2969 4592 3079 4654 nec
3088 4576 3298 4654 angelis
3316 4573 3478 4654 aliam

1902 4656 2109 4711 tribuat
2137 4654 2332 4709 molem
2366 4647 2529 4722 qua'm
2553 4652 2794 4722 virtutis,
2820 4647 3038 4722 qua_eis
3063 4647 3247 4722 liceat,
3274 4647 3474 4722 maiori

1905 4725 2172 4780 minorive
2214 4711 2402 4794 spatio.
2422 4721 2715 4794 applicari;
2776 4711 2877 4772 ne'c
2931 4717 3180 4771 homines
3210 4730 3240 4794 a
3269 4711 3480 4781 judicio

1903 4797 2178 4860 admittat,
2241 4791 2348 4848 nisi
2407 4801 2501 4848 aut
2554 4791 2744 4844 beatos
2793 4802 3023 4856 corpore
3053 4794 3107 4860 et
3141 4791 3325 4838 animo
3351 4795 3480 4833 cum

1902 4866 2124 4922 Christo
2143 4856 2452 4936 regnantes,
2479 4861 2637 4936 eique
2656 4860 2901 4936 _in_caelis
2930 4856 3192 4936 assec‘las,
3234 4860 3331 4936 aut
3352 4865 3479 4903 cum

1904 4937 2123 4993 diabolo
2151 4927 2438 5004 etvangelis
2486 4927 2606 5000 ejus
2654 4928 2882 5004 inferno-
2919 4927 3195 5004 addictos,
3231 4927 3480 5004 utrisque

1905 5009 2016 5062 vita
2045 4997 2363 5062 insolubili:
2393 5003 2440 5059 si
2469 4997 2650 5055 tamen
2687 4999 2799 5054 vita
2830 4997 3308 5057 dicenda,eorum,
3329 5003 3480 5062 _quos

1905 5059 2158 5133 ibim-ars
2183 5059 2461 5144 depascet,
2484 5068 2953 5144 ipsaAimmortalis
2970 5067 3290 5144 nullumque
3317 5059 3479 5144 linem

1904 5148 2158 5202 habitura
2210 5138 2449 5200 miseria.
2506 5138 2868 5210 Ἃνθρώπινον
2917 5138 3104 5208 σχῆμα
3164 5138 3478 5210 oppositum

1907 5220 2167 5289 angelica;
2190 5216 2327 5289 moli
2360 5222 2413 5268 et
2457 5208 2841 5289 magnitudini,
2877 5210 3162 5289 nesciout}
3196 5208 3480 5289 apte‘satns

1907 5276 2147 5341 habitam
2177 5288 2486 5348 humanum,
2518 5276 2831 5350 superiores
2889 5276 3255 5350 reddiderint,
3287 5278 3342 5327 et
3371 5285 3480 5324 non

1904 5357 2360 5423 clarius,humaui
2387 5349 2617 5421 corporis
2643 5350 3028 5427 forma(totum_
3048 5349 3225 5416 ipsum
3253 5355 3477 5427 corpus,

1904 5430 2065 5499 quale
2123 5428 2495 5499 hominis‘est,
2527 5430 2655 5499 ante
2684 5436 2803 5476 eam
2840 5425 3195 5499 mutationem
3232 5429 3297 5494 ac
3321 5425 3479 5480 quasr

1905 5489 2072 5555 totius
2102 5498 2338 5553 hominis
2360 5495 2552 5549 θέωσιν
2572 5496 2603 5565 )7
2625 5507 2657 5545 a
2687 5506 2772 5545 me
2803 5489 3072 5565 redditum
3119 5489 3191 5539 sit
3227 5501 3261 5565 ,Α
3285 5489 3483 5565 innqua

1905 5552 2233 5625 nonﬁvideo
2268 5575 2326 5622 ut
2374 5552 2679 5622 Methodius
2726 5577 2833 5617 non
2883 5555 3289 5616 exorbitaveril.
3335 5552 3482 5608 Coat-

1905 5656 2076 5697 BEFIS.
