3972 6212
508 222 604 282 191

1446 222 1508 284 8.
1548 223 1881 283 ΜΕΤΗΟΒΙΙ
1908 224 2234 285 .EPISCOPI
2266 221 2351 283 ΕΤ
2392 226 2751 285 MARTYBIS

3662 223 3773 280 192

572 343 822 400 EUBUL.
860 343 1088 400 Multum
1116 351 1291 401 aestuo
1307 343 1451 416 apud
1482 360 1592 411 me,
1644 360 1679 402 o
1725 344 2047 418 Gregorium

2252 348 2548 403 ΕΥΒΟΥΛ.
2586 348 2726 402 Δίαν
2751 345 2990 417 ἀγωνιῶ,
3018 337 3065 399 ὦ
3099 342 3417 417 Γρηγόριον,
3447 344 3566 398 κατ’
3594 344 3767 415 ἐμαυ-

500 446 761 508 reputans
789 453 1002 494 mecum
1032 437 1085 492 in
1116 447 1319 510 quanta
1353 440 1554 494 mentis
1577 437 1854 496 anxietate
1881 456 1977 511 per
1999 441 2077 496 is-

502 538 610 584 tam
647 531 958 586 sermonum
1011 530 1185 585 vicem
1212 524 1486 585 Demnina
1510 538 1843 600 versaretur,
1868 532 1985 603 ipsa
2017 533 2074 589 in

500 622 813 693 pramordiis
840 621 1136 684 ﬂuctuans.
1171 640 1236 680 ac
1264 626 1390 694 jure
1415 634 1663 681 metuens
1700 640 1769 680 ne
1800 626 1905 682 sibi
1933 642 2075 698 aqua

498 714 748 775 haereret,
797 715 1153 787 jejuniusque
1206 718 1411 788 aliquid
1464 718 1692 788 reliquis
1746 718 2073 789 virginibus,

496 823 621 863 cum
656 808 761 863 illa:
780 815 929 863 tanta
958 810 1068 880 jam
1097 811 1288 881 sicque
1309 813 1461 866 varia
1492 822 1883 883 occupassent,
1943 830 2075 885 per-

496 914 699 956 oraret.
732 898 793 956 Si
814 917 944 973 ergo
969 918 1080 958 non
1110 903 1478 960 dissimulavit
1516 907 1680 962 talem
1728 908 1875 963 hunc
1904 910 2074 965 animi

496 990 582 1045 sui
616 999 844 1058 motum,
880 1007 979 1064 age
1010 1002 1064 1047 ct
1117 994 1266 1050 istud
1310 1010 1532 1067 quoque
1593 999 1854 1071 transige.
1904 999 2075 1054 Miror

493 1087 638 1139 enim
674 1085 719 1140 si
753 1086 885 1156 quid
909 1086 1162 1142 habuerit
1185 1088 1329 1159 quod
1360 1089 1588 1156 diceret,
1624 1091 1879 1148 ultimum
1908 1102 2074 1149 nacta

492 1174 730 1230 habendi
758 1179 1031 1233 sermonis
1056 1179 1261 1236 locum.

563 1266 769 1324 GREG.
790 1268 1087 1324 Turbatam
1111 1287 1246 1329 sane
1266 1274 1439 1345 ipsam
1461 1276 1724 1346 majorem
1745 1276 1802 1331 in
1824 1277 2070 1345 modum,

491 1375 525 1414 ο
549 1360 864 1429 Euhulium,
888 1365 1024 1420 dixit
1058 1366 1190 1421 mihi
1218 1366 1550 1440 Theopatra,
1583 1386 1695 1425 non
1753 1379 1941 1427 tamen
1991 1372 2075 1426 la-

491 1456 717 1511 borasse
746 1459 972 1527 penuria
1003 1464 1414 1518 sermonum.ln
1442 1479 1562 1520 eam
1590 1481 1741 1536 ergo,
1774 1472 2070 1536 postquam

491 1543 729 1617 Tysiana
761 1548 920 1603 finem
950 1549 1100 1616 fecit,
1139 1552 1341 1622 injecto
1391 1554 1555 1609 Arete
1603 1555 1790 1620 oculo,
1842 1554 1956 1624 Age
2011 1562 2071 1609 tu

2184 445 2286 515 τὴν
2314 442 2426 514 (48)
2458 440 2781 513 ὲννοουμένη
2807 478 2822 504 ,
2855 439 3026 511 ὁποίῳ
3077 436 3292 511 θορύϐῳ
3334 435 3428 491 νῦν
3467 432 3578 508 ἆρα
3611 437 3647 507 ἡ
3675 438 3774 489 Δο-

2188 536 2351 607 μνίνα
2404 530 2496 607 ἦν,
2548 532 2965 606 ταρασσομένης
3019 531 3157 602 αὐτῇ
3208 529 3307 600 τῆς
3362 528 3622 599 καρδίας,
3675 525 3773 580 καὶ

2184 626 2526 697 φοϐουμένης
2555 626 2630 697 μὴ
2666 625 2921 697 ἀπορήσῃ
2966 623 3176 691 λόγων,
3213 623 3306 675 καὶ
3344 619 3686 692 ἐνδεέστερόν
3716 637 3770 675 τι

2182 719 2292 772 τῶν
2322 719 2498 773 ἄλλων
2533 719 2820 791 παρθένων
2875 717 3280 789 άποφθέγξηται
3302 756 3317 782 ,
3358 714 3629 769 τοσούτων
3667 713 3769 786 ἢδη

2184 810 2456 883 ῥηθέντων
2501 812 2583 876 είς
2611 812 2673 865 τὸ
2720 812 3077 885 προκείμενον
3109 812 3203 865 καὶ
3241 808 3517 865 ποικίλων.
3567 808 3633 860 Εἰ
3675 802 3770 861 οὖν

2182 901 2404 971 εὖδηλος
2438 903 2654 972 ἐγένετο
2680 904 3034 975 κεκινημένη,
3057 902 3190 975 φέρε
3216 903 3312 957 καὶ
3340 900 3499 955 τοῦτο
3520 900 3767 972 περαιω-

2185 1012 2295 1049 σον.
2338 995 2613 1067 Θαυμάζω
2638 997 2746 1069 γάρ
2778 995 2833 1050 εί
2861 1014 2914 1049 τι
2942 995 3098 1067 ἔσχεν
3129 997 3325 1060 εἰπεῖν,
3352 994 3637 1049 τελευταῖα
3676 1011 3767 1051 κε·

2182 1088 2533 1161 κληρωμὲνη.

2249 1271 2535 1325 ΓΡΗΓΟΡ.
2579 1270 2919 1342 Τεταράχθαι
2968 1270 3068 1342 μὲν
3098 1269 3303 1342 αὐτὴν,
3340 1263 3386 1323 ὦ
3432 1269 3760 1339 Εὑόούλιον,

2179 1368 2272 1421 καὶ
2302 1367 2525 1437 σφόδρα,
2545 1365 2649 1437 ἔφη
2682 1382 2771 1436 μοι
2800 1366 3164 1437 ήΘεοπάτραο
3197 1365 3259 1418 οὐ
3295 1366 3401 1437 μὴν
3422 1366 3761 1437 ἢπορηκέναι

2178 1456 2370 1525 λόγων.
2407 1456 2562 1510 Μετὰ
2593 1455 2654 1509 τὸ
2688 1455 3001 1511 παύσασθαι
3028 1455 3129 1527 τὴν
3168 1456 3464 1528 Τυσιανὴν,
3491 1459 3525 1527 ἡ
3564 1460 3759 1531 Ἀρετὴ

2178 1548 2267 1603 τὸν
2294 1547 2571 1617 ὀφθαλμὸν
2611 1550 2694 1610 είς
2723 1547 2892 1619 αὐτὴν
2938 1548 3304 1615 ὲπιὸαλοῦσα,
3340 1549 3511 1621 Δεῦρο
3554 1549 3620 1620 δὴ
3666 1549 3762 1604 καὶ

488 1652 728 1708 quoque,
767 1640 865 1705 ait,
922 1640 1054 1705 ﬁlia,
1092 1659 1399 1699 sermonem
1432 1644 1621 1710 redde,
1666 1653 1726 1699 ut
1754 1646 2055 1700 convivium

2179 1638 2440 1713 θύγατερ,
2475 1640 2600 1712 ἔφη,
2644 1640 2736 1694 τὸν
2784 1641 2942 1709 λόγον
2984 1640 3202 1705 ἀπόδος,
3244 1641 3331 1693 ἵνα
3382 1640 3761 1711 πληρώσωμεν

488 1731 637 1785 omni
660 1746 723 1785 ex
762 1740 917 1802 parte
944 1734 1243 1804 perfectum
1280 1738 1673 1807 compleamus.
1727 1736 1826 1794 His
1873 1738 2055 1794 erube

2171 1734 2359 1805 ἐντελῆ
2387 1734 2483 1806 τὴν
2516 1735 2769 1806 εὐωχίαν.
2797 1734 2906 1807 Τὴν
2930 1730 3023 1788 οὖν
3047 1735 3331 1805 Δομνίναν,
3354 1733 3759 1807 ὲρυθριάσασαν

490 1836 654 1877 scens
685 1820 977 1888 Domnina,
1008 1827 1206 1897 vixque
1235 1835 1358 1898 post
1383 1829 1596 1901 longam
1630 1844 1839 1884 moram
1872 1831 2055 1886 oculos

2177 1826 2428 1891 ἐπιπολὺ,
2454 1827 2607 1897 μόλις
2634 1827 2947 1891 ἀνανεῦσαι,
2967 1828 3060 1881 καὶ
3090 1828 3170 1890 είς
3194 1825 3358 1897 εὐχὴν
3384 1825 3759 1890 ὲξαναστᾶσαν

485 1914 806 1987 vultumque
838 1918 1057 1984 tollens,
1094 1935 1508 1993 exsurgensque
1553 1922 1622 1978 ad
1672 1923 1945 1977 orandum
2004 1937 2055 1978 se

2171 1921 2444 1993 τραπῆναι
2470 1960 2485 1983 ,
2542 1922 2635 1975 καὶ⁵
2687 1922 2873 1976 καλεῖν
2906 1922 3006 1993 τὴν
3062 1921 3262 1991 Σοφίαν
3310 1921 3655 1994 παραστῆναί
3706 1923 3757 1974 oi

485 2006 670 2069 vertit,
705 2022 769 2063 ac
802 2006 1095 2078 Sapientiae
1145 2028 1388 2082 praesens
1442 2014 1708 2069 auxilium
1760 2014 2055 2085 impioran-

2171 2006 2385 2085 βοηθόν.
2443 2014 2730 2088 Εὑξαμὲνῃ
2773 2014 2831 2068 δὲ
2880 2015 3042 2087 αὐτῇ,
3092 2015 3291 2086 Θάρσος
3339 2015 3503 2085 φησὶν
3551 2010 3758 2077 εὐθέως

485 2094 635 2151 dum.
670 2095 786 2164 Qua
818 2099 1067 2155 oratione
1103 2103 1420 2169 perfunctze,
1455 2106 1627 2161 visam
1662 2106 1844 2162 aiebat
1878 2108 2055 2163 subito

2170 2106 2482 2175 ἐγγίνεσθαι
2504 2146 2519 2170 ,
2549 2107 2643 2161 καί
2672 2124 2757 2170 τις
2780 2106 2951 2179 αὐτὴν
2983 2106 3100 2160 θεία
3145 2107 3405 2179 ἀνακωχὴ
3443 2103 3718 2160 κατέλαϐε
3736 2142 3753 2170 ,

484 2204 679 2244 novam
728 2201 969 2249 creatam
1027 2196 1333 2260 audaciam,
1385 2207 1441 2255 et
1494 2199 1734 2255 divinam
1767 2199 2064 2271 quamdam

482 2279 746 2339 incidisse
770 2282 1059 2353 ﬁduciam;
1094 2300 1267 2356 eaque
1297 2285 1494 2342 fretam
1518 2288 1753 2345 dixisse.

942 2523 1402 2620 ΟΒΑΊῚΟ
1472 2533 1600 2619 Χη

1097 2670 1429 2728 ΒΟΜΝῘΝΑ.

2169 2199 2262 2253 καὶ
2295 2199 2421 2272 ἔφη.

2691 2533 3057 2620 ΛΟΓΟΣ
3133 2535 3195 2616 L

2780 2682 3114 2736 AOMNINA.

1020 2791 1151 2846 CAP.
1182 2789 1224 2848 1.
1259 2792 1389 2848 Sola
1417 2793 1582 2863 efﬁcit
1605 2813 1669 2851 ac
1691 2808 1914 2867 praestat
1942 2800 2186 2879 castitas,
2220 2812 2279 2857 ut
2300 2803 2483 2857 anima
2514 2777 2883 2859 laudatissime
2907 2804 3245 2875 gubernetur.

549 2904 798 2976 OArete,
831 2911 1054 2968 omissis
1084 2921 1139 2967 et
1176 2928 1276 2983 ego
1309 2913 1662 2972 exordiorum
1697 2920 2044 2993 ambagibus,

2225 2919 2297 2977 Ὦ
2342 2924 2566 2997 Ἀρετὴ,
2601 2925 2789 2993 κάγὼ,
2820 2922 3202 2998 παραλείψασα
3243 2920 3342 2985 τὰς
3378 2921 3750 2995 μακρολογίας

478 3002 729 3071 protinus
758 3018 872 3060 rem
908 3003 1082 3074 ipsam
1117 3002 1337 3073 aggredi
1383 3006 1631 3063 conabor
1664 3024 1765 3078 pro
1813 3010 2050 3077 viribus,

2164 3016 2268 3071 τῶν
2305 3016 2797 3090 προεξηγημάτων,
2834 3019 2914 3080 είς
2945 3015 3087 3069 αὐτὰ
3116 3012 3186 3067 τὰ
3235 3012 3571 3086 προκείμενα
3598 3011 3748 3067 κατὰ

479 3110 547 3151 ne
570 3095 638 3152 iis
668 3096 1010 3154 immorando
1028 3111 1149 3181 qum
1168 3104 1321 3153 extra
1340 3112 1452 3152 rem
1476 3108 1627 3167 sunt,
1658 3103 1874 3174 longius
1890 3120 2055 3175 quam

477 3202 579 3258 pro
625 3204 814 3245 earum
869 3190 1082 3245 ratione
1126 3202 1189 3242 ac
1229 3204 1369 3260 pene
1413 3192 1694 3263 superflue
1746 3197 2056 3252 orationem

477 3282 713 3338 traham.
754 3282 992 3338 Numero
1043 3282 1190 3338 enim
1229 3282 1283 3336 in
1340 3299 1535 3354 magna
1565 3286 1872 3356 prudentiae
1900 3299 2056 3362 parte

476 3389 586 3429 non
619 3375 902 3448 indulgere
924 3375 1107 3431 verbis
1148 3375 1384 3430 inaniter
1432 3392 1595 3434 aures
1652 3382 2049 3447 mulcentibus,

476 3467 816 3543 diﬂ'undique
865 3469 1119 3538 dicendo,
1179 3476 1470 3540 antequam
1522 3472 1590 3528 ad
1649 3484 1817 3546 caput
1872 3477 2055 3548 ipsum

477 3564 689 3633 (ιυωείιὶ
715 3568 1002 3631 veniatur;
1045 3563 1142 3621 sed
1169 3580 1235 3621 ex
1269 3565 1389 3636 ipso
1419 3567 1604 3621 statim
1638 3578 1846 3638 puncto
1901 3587 2054 3642 qum-

477 3657 675 3717 stionis
708 3662 968 3734 incipere.
998 3659 1137 3717 Ilinc
1179 3661 1344 3732 igitur
1381 3662 1570 3718 ordior
1603 3682 1617 3719 :
1656 3672 1872 3736 tempus
1908 3668 2053 3722 enim

473 3759 579 3809 est.

542 3846 689 3903 Nihil
718 3858 827 3905 tam
858 3851 1119 3921 prodesse
1155 3848 1363 3905 homini
1395 3847 1462 3903 ad
1494 3848 1834 3907 honestatem
1860 3868 1924 3908 ac
1943 3854 2056 3909 vir-

475 3942 606 3997 tutis
635 3942 860 4007 bonum,
893 3958 927 3998 o
951 3944 1194 4000 illustres
1223 3942 1480 4012 virgines,
1509 3945 1709 4014 poterit
1738 3962 1903 4016 quam
1960 3964 2053 4004 ca-

471 4033 655 4090 stitas.
695 4035 766 4091 Ut
795 4037 941 4091 enim
973 4052 1188 4093 summa
1242 4037 1530 4091 honestate
1581 4052 1646 4093 ac
1674 4038 2053 4097 laudatissime

471 4126 809 4196 gubernetur
839 4130 1040 4194 anima,
1071 4138 1241 4199 utque
1269 4147 1300 4185 a
1334 4133 1490 4189 malis
1523 4142 1577 4189 et
1616 4134 2051 4205 inquinamentis

471 4231 607 4286 pura
639 4220 843 4274 mundo
879 4224 1124 4278 solvatur
1152 4238 1216 4278 ac
1241 4225 1570 4290 dimittatur,
1606 4228 1722 4284 sola
1750 4230 1866 4283 hanc
1888 4228 2051 4283 ellicit

470 4322 536 4362 ac
564 4319 805 4379 prastat.
835 4312 912 4367 Ex
940 4331 1050 4385 quo
1079 4315 1349 4387 siquidem
1393 4319 1649 4376 Christus
1672 4336 1793 4378 eam
1817 4336 1917 4377 nos
1950 4336 2048 4375 co-

2162 3110 2391 3182 δύναμιν
2429 3111 2603 3164 εἰπεῖν
2651 3109 3017 3182 πειράσομαι·
3053 3109 3141 3161 ἴνα
3170 3106 3234 3178 δὴ
3271 3106 3366 3178 μὴ,
3392 3105 3472 3177 τῷ
3503 3106 3747 3179 μηκύνε-

2162 3204 2284 3258 σθαι
2315 3204 2385 3258 τὰ
2418 3204 2688 3277 πάρεργα,
2725 3203 2947 3257 πλείονα
2968 3202 3159 3277 χρόνον
3188 3194 3263 3254 ὧν
3296 3201 3460 3254 ἕνεκα
3489 3201 3745 3270 λέγονται

2161 3296 2448 3368 παράσχω.
2484 3295 2751 3368 Ἡγοῦμαι
2784 3295 2892 3366 γὰρ
2924 3295 3180 3366 μέγιστον
3217 3292 3382 3364 μέρος
3425 3293 3744 3365 φρονήσεως

2159 3383 2298 3442 εἶναι
2329 3389 2391 3442 τὸ
2426 3389 2500 3461 μὴ
2556 3389 2802 3462 μακροὺς
2834 3390 2897 3441 ἐκ
2932 3387 3193 3459 περιόδων
3224 3387 3329 3459 πρὸ
3377 3387 3484 3439 τῶν
3525 3388 3744 3458 ἐρωτη-

2158 3470 2358 3535 θέντων
2408 3480 2673 3535 ποιεῖσθαι
2707 3482 2833 3545 τοὺς
2876 3480 3087 3550 λόγους,
3121 3479 3421 3551 κηλοῦντας
3465 3479 3533 3534 τὰ
3586 3473 3738 3535 ὧταο

2157 3574 2271 3629 ἀλλ’
2302 3574 2526 3629 αὐτόθεν
2572 3574 2772 3637 εὐθέως
2810 3574 2938 3646 περὶ
2972 3574 3092 3627 ὅτου
3122 3572 3549 3647 τὸ’ὲπερώτημά
3588 3574 3744 3627 ἐστιν

2157 3668 2439 3742 ἄρχεσθαι.
2473 3669 2566 3722 Διὸ
2593 3667 2803 3723 ἐνθένδε
2832 3667 3015 3739 κάγώ’
3051 3668 3241 3741 καιρὸς
3268 3668 3398 3740 γάρ.

2228 3849 2393 3903 Οὐδὲν
2422 3847 2595 3912 οὓτως
2632 3846 2823 3916 ὀνῆσαι
2850 3846 3135 3918 δυνήσεται
3169 3847 3306 3919 πρὸς
3350 3845 3411 3898 τὸ
3450 3845 3613 3899 καλὸν
3642 3845 3741 3902 τὸν

2154 3944 2474 4015 ἄνθρωπον,
2516 3937 2562 3997 ὧ
2619 3941 3072 4014 καλλιπάρθενοι,
3119 3942 3195 4006 ὡς
3240 3940 3449 4011 ἁγνεία.
3502 3941 3576 3995 Τὸ
3623 3941 3740 4015 γάρ

2155 4034 2413 4088 κάλλιστα
2448 4033 2542 4087 καὶ
2570 4032 2770 4105 ἄριστα
2796 4030 3281 4104 διακυϐερνηθῆναι
3304 4030 3400 4102 τὴν
3418 4030 3618 4104 ψυχὴν,
3638 4032 3741 4087 καὶ

2154 4126 2383 4198 κηλίδων
2437 4125 2530 4181 καὶ
2587 4125 2908 4197 μιασμάτων
2946 4122 3194 4195 καθαρὰν
3242 4122 3578 4194 ἀπολυθῆναι
3634 4123 3736 4178 τοῦ

2153 4221 2388 4292 κόσμου,
2443 4220 2578 4291 μόνη
2630 4221 2774 4273 ποιεῖ
2819 4217 2978 4271 τοῦτο
3027 4216 3119 4270 καὶ
3176 4215 3473 4288 ἐργάζεται
3515 4216 3731 4285 ἁγνεία.

2166 4313 2281 4382 Ἀφ’
2308 4296 2369 4365 οὗ
2402 4312 2510 4384 γὰρ
2529 4313 2571 4381 ὁ.
2589 4310 2822 4382 Χριστὸς
2851 4307 3127 4362 ἐδίδασκεν
3155 4307 3325 4379 αὐτὴν
3347 4309 3538 4362 ἀσκεῖν
3560 4309 3731 4379 ἡμᾶς,

471 4396 583 4452 lere
614 4399 819 4464 docuit,
844 4405 1470 4480 excellentissimamque
1499 4411 1648 4466 illius
1673 4411 2044 4482 pulchritudi-

2164 4404 2248 4458 καὶ
2280 4405 2548 4475 ἐμήνυσεν
2591 4404 2720 4474 ἡμῖν
2754 4402 2813 4456 τὸ
2860 4399 3266 4472 ἀνυπέρϐλητον
3296 4401 3493 4466 κάλλος
3536 4401 3732 4474 αὐτῆς,

471 4503 594 4542 nem
639 4492 872 4561 aperuit,
922 4512 1147 4567 regnum
1175 4499 1378 4556 diaboli
1411 4503 1752 4558 destructum
1778 4512 1883 4566 est,
1917 4518 2045 4557 cum

466 4579 622 4652 prius
655 4587 968 4642 universum
1000 4590 1300 4647 ‘hmninum
1335 4610 1507 4665 genus
1538 4596 1813 4666 captivum
1858 4596 2046 4650 trahe-

539 4717 653 4800 (ἥδ)
675 4721 811 4774 Κατ’
834 4722 1115 4791 ἐμαυτήν.
1144 4724 1281 4781 Hinc
1312 4728 1481 4800 liquet
1507 4728 1794 4785 Eubulium
1818 4731 2046 4800 perinde

469 4789 684 4869 feminae
718 4789 1005 4869 personam
1047 4789 1177 4851 esse
1217 4812 1281 4852 ac
1333 4789 1652 4869 Gregorium
1687 4820 1700 4856 :
1736 4789 1855 4855 .nec
1890 4809 2044 4856 tanta

467 4862 703 4941 puellam
731 4863 1074 4941 a_pud_virum
1100 4869 1395 4941 deponere,
1432 4862 1692 4925 decorum
1718 4872 1897 4926 visum
1935 4873 2046 4927 Me-

467 4932 656 5011 thodio
687 4936 777 4987 cui
804 4932 1187 5011 iu‘Symposio'
1207 4932 1498 5010 virginum.
1529 4955 1827 5011 earumque
1858 4943 2047 4998 habito

467 5003 751 5081 relatoque
790 5003 1084 5081 colloquio,
1136 5003 1331 5081 magna
1382 5011 1604 5081 pudoris
1637 5022 1690 5069 et
1732 5003 2040 5070 honestatis

467 5090 633 5129 sexus
664 5073 910 5130 habenda
936 5073 1037 5133 fuit
1069 5073 1546 5139 t'atio.'CousEms.

540 5146 649 5215 (43))
685 5144 781 5215 Μὴ
832 5144 954 5221 τῷν
997 5152 1405 5221 παλαιοτέρων
1451 5153 1603 5208 τινά.
1641 5152 1786 5209 Dura
1821 5155 1933 5210 hmc
1986 5166 2045 5213 ut

468 5224 687 5279 sonant,
722 5232 822 5291 nec
856 5218 1118 5291 Apostolo
1145 5226 1248 5275 'aut
1279 5218 1420 5279 'lidei
1450 5240 1693 5280 consona
1724 5244 1738 5290 ;
1769 5228 2040 5283 neminem

469 5297 714 5343 veterum
772 5287 1229 5367 Deo'placuisse.
1285 5294 1445 5351 Certe
1484 5287 1810 5367 placuerunt
1863 5298 2040 5364 multi,

469 5374 776 5438 magnaque
802 5365 1114 5438 sanctitate
1136 5364 1572 5429 clarueruntfut
1598 5376 1651 5423 et
1686 5369 1790 5429 his,
1817 5369 1908 5438 qui
1939 5370 2042 5425 sub

468 5430 644 5506 gratia
669 5433 876 5506 vivunt,
904 5436 1153 5505 exemplo
1176 5451 1297 5492 esse
1330 5439 1575 5506 possint:
1607 5439 1681 5491 uti
1715 5430 1876 5493 etiam
1902 5438 2045 5493 Pau-

471 5502 575 5577 lus_
573 5503 821 5577 exemplo
838 5502 1109 5577 producit,
1128 5523 1267 5577 quos
1290 5502 1471 5564 tantos
1499 5519 1749 5563 numerat
1774 5510 1840 5563 ad
1875 5510 2034 5565 llehr.

473 5588 514 5649 ιἸ
534 5569 818 5649 Glossema
838 5569 1102 5649 'Possinii,
1135 5569 1277 5649 omni
1321 5593 1385 5631 ea:
1415 5591 1566 5648 parte
1592 5598 1604 5633 :
1649 5581 1796 5634 velut
1824 5580 2042 5649 placue-

468 5644 582 5699 rint
606 5645 839 5722 _quidem
874 5660 939 5701 ac
959 5648 1091 5722 justi
1126 5648 1347 5722 fuerint.
1369 5644 1480 5722 sed
1516 5666 1623 5703 non
1668 5644 1895 5719 prorsus
1928 5653 2042 5722 pla-

464 5717 703 5785 cuerint,
729 5732 791 5772 ac
828 5720 1025 5789 partim
1054 5718 1209 5789 justi,
1240 5718 1439 5789 partim
1494 5717 1808 5790 peccatores
1840 5717 2040 5779 fuerint

2148 4496 2456 4568 ήβασιλεία
2513 4495 2605 4550 τοῦ
2660 4494 2898 4567 πονηροῆ
2949 4492 3227 4567 καθῃρέθη
3252 4533 3268 4558 ,
3325 4494 3591 4566 πρότερον
3642 4493 3738 4548 ἀεὶ

2151 4587 2356 4650 πάντας
2380 4586 2867 4658 αἰχμαλωτίζοντος
2896 4587 2989 4640 καὶ
3010 4585 3387 4657 δουλουμένου⁵
3411 4586 3487 4651 ὠς
3512 4586 3589 4657 μὴ
3609 4585 3731 4656 (49)

2147 4732 2201 4780 et
2222 4725 2369 4790 mali,
2402 4741 2502 4779 nos
2547 4742 2601 4780 in
2648 4726 2765 4795 lege
2796 4726 2987 4796 gratiae
3044 4740 3152 4780 non
3187 4727 3365 4781 simus
3398 4744 3413 4792 ;
3477 4727 3725 4796 antiquis

2148 4797 2355 4851 sanctis
2388 4797 2647 4863 iujurium
2673 4806 2779 4857 est,
2812 4798 3056 4865 nihilque
3102 4796 3541 4852 accommodum.
3574 4796 3725 4853 Νοε-

2146 4883 2310 4936 quam
2338 4868 2420 4921 vel
2446 4868 2554 4922 illis
2579 4869 2661 4921 vel
2688 4869 2847 4921 nobis
2875 4867 3189 4928 defuerunt,
3210 4868 3415 4936 quibus
3431 4885 3540 4923 non
3571 4870 3725 4923 omni

2146 4954 2211 4993 ex
2245 4947 2398 5008 parte
2428 4938 2652 5007 perfecti
2687 4954 2879 4992 sumus
2904 4981 2919 5005 ,
2952 4938 3193 5007 quandiu
3223 4940 3394 4993 vitam
3433 4939 3724 4994 mortalem

2147 5011 2377 5069 vivimus
2407 5028 2418 5063 :
2450 5010 2638 5079 sicque
2668 5024 2767 5063 nec
2796 5008 3031 5080 dilectus
3062 5008 3368 5078 discipulus
3393 5010 3718 5080 placuisset,

2145 5081 2237 5149 qui
2271 5096 2330 5135 se
2358 5082 2472 5149 ipse
2497 5078 2559 5134 ac
2591 5080 2829 5149 reliquos
2863 5078 3047 5135 tideles
3095 5081 3343 5150 agnoscit
3369 5078 3535 5145 ,‘non
3566 5084 3718 5135 omni

2144 5167 2209 5206 ex
2244 5160 2397 5222 parte
2414 5151 2625 5218 justum
2681 5150 2776 5205 sed
2802 5157 3081 5221 peccatum
3139 5152 3378 5216 habere;
3407 5166 3472 5205 ac
3504 5151 3597 5221 qui
3626 5168 3725 5205 ne-

2145 5221 2369 5291 gaverit,
2404 5222 2758 5292 quantumvis
2786 5221 3089 5293 apostolus,
3118 5229 3171 5277 et
3208 5222 3261 5274 in
3296 5223 3563 5293 apostolis
3584 5237 3727 5291 pra:-

2145 5293 2399 5357 dilectus,
2438 5295 2613 5361 ipsum
2648 5307 2707 5347 se
2741 5293 3024 5354 seducere,
3047 5300 3102 5347 et
3122 5294 3403 5348 veritatem
3428 5295 3484 5347 in
3519 5308 3586 5347 eo
3609 5309 3722 5347 non

2145 5380 2267 5419 esse
2312 5365 2478 5419 sentit
2508 5362 2561 5430 (1
2586 5362 2747 5417 Joan.
2782 5381 2819 5429 ι,
2857 5363 2931 5434 8).
2966 5362 3245 5417 Neminem
3293 5379 3423 5430 ergo
3443 5364 3724 5433 placuisse

2143 5435 2341 5489 dixerit
2391 5434 2699 5489 Methodius
2770 5434 3066 5505 Scripturze
3117 5434 3325 5505 pbrasi,
3376 5435 3525 5504 quod
3557 5435 3721 5505 pauci

2145 5508 2474 5577 placuerint,
2506 5507 2761 5575 quodque
2790 5508 2826 5560 ii
2851 5508 2953 5575 ipsi
2975 5505 3068 5575 qui
3098 5507 3447 5576 placuerunt,
3487 5521 3617 5577 non?
3648 5521 3721 5561 ex

2147 5576 2279 5647 legis
2311 5578 2506 5633 merito
2534 5578 2877 5647 placuerunt,
2910 5576 3006 5631 sed
3029 5593 3093 5629 ex
3146 5577 3347 5632 Christi
3376 5579 3573 5646 gratia.
3600 5576 3719 5644 jam

2144 5658 2258 5702 tum
2284 5665 2351 5703 ex
2383 5650 2484 5704 fide
2512 5655 2789 5717 operante,
2823 5649 2909 5702 cui
2932 5655 3115 5703 tantas
3143 5654 3458 5717 sanctorum
3480 5648 3723 5703 virtutes

2146 5736 2209 5777 ac
2242 5717 2486 5777 facinora
2520 5716 2746 5776 ascribit
2781 5717 2984 5775 Paulus
3011 5719 3217 5775 relatus
3248 5718 3316 5774 ad
3346 5716 3629 5782 Hebraeos,
3657 5726 3718 5773 et
