3972 6212
1330 376 1713 435 CONVIVIUM
1745 376 1975 434 DECEM
2007 374 2365 432 VIRGINUM.
3212 374 3219 382 ’
3390 382 3491 439 £94

242 385 343 442 195

240 508 349 562 τῶν
384 504 751 578 παλαιοτέρων
798 504 1092 578 εὐάρεστον
1130 506 1409 576 γεγονέναι
1441 504 1633 576 Κυρίῳ
1660 501 1769 558 τινὰ

1877 542 1888 564 ι
1914 508 1999 557 ret
2029 508 2083 557 et
2111 501 2389 557 addiceret
2444 519 2457 555 :
2512 498 2650 556 adeo
2678 507 2738 555 ut
2769 498 2954 555 nullus
2987 499 3355 571 antiquiorum
3382 500 3490 558 Do-

235 599 369 653 ἀλλὰ
400 599 607 663 πάντας
634 599 1064 673 ἐπικρατηθῆναι
1114 601 1467 670 πταίσμασιν,
1498 599 1562 652 οὐ
1601 597 1767 670 σφόδρ

1912 594 2063 649 mino
2090 594 2381 665 placuerit,
2416 591 2514 649 sed
2543 608 2736 649 omnes
2765 593 2819 648 in
2869 592 3202 652 offensiones
3234 596 3485 653 incurre-

231 691 326 747 τοῦ
362 692 528 763 νόμον
569 692 670 763 τῆς
703 691 907 764 φθορᾶς
942 692 1271 764 ἀρκέσαντος
1312 690 1671 764 ἐλευθερῶσαι
1702 689 1769 762 τὴ

1908 687 2056 756 rint;
2089 703 2213 742 cum
2248 688 2336 742 lex
2367 702 2477 743 non
2507 688 2629 758 ipsa
2661 687 2817 742 valde
2848 687 2917 742 ad
2945 688 3288 744 liberandum
3312 703 3485 760 genus

228 783 657 857 ἀνθρωπότητα,
699 784 890 856 μέχρις
929 785 962 856 ή
996 783 1264 856 παρθενία
1304 782 1661 853 διαδεξαμένη
1708 782 1769 836 τὸ

1908 780 2209 836 humanum
2241 794 2272 834 a
2303 780 2659 851 corruptione
2684 781 2830 851 potis
2859 779 3042 846 fuerit,
3092 779 3267 837 donec
3316 781 3486 853 virgi-

226 877 412 949 νόμον,
445 876 683 950 Χριστοῦ
723 880 921 945 ταγαῖς
956 878 1065 931 τῶν
1098 875 1399 948 ἀνθρώπων
1428 874 1769 928 έῦασίλευσεν

1909 874 2056 930 nitas
2089 873 2193 945 legi
2223 874 2547 938 succedens,
2589 872 2799 929 Christi
2847 873 3109 944 auspiciis
3151 880 3207 930 et
3247 875 3486 931 decretis

226 971 302 1024 οὐ
329 970 443 1042 γὰρ
468 969 533 1022 ἂν
562 968 733 1033 οὕτως
765 972 814 1023 οἱ
866 967 1099 1043 πρόσθεν
1129 971 1208 1032 είς
1248 968 1428 1040 μάχας
1466 969 1561 1022 καὶ
1584 968 1769 1039 φόνους

1908 964 2161 1020 homines
2211 965 2442 1036 imperio
2492 967 2760 1037 regendos
2804 968 3071 1038 suscepit.
3123 966 3311 1039 Neque
3351 983 3485 1024 vero

225 1062 321 1115 καὶ
367 1062 577 1132 ἔρωτας
625 1061 719 1116 καὶ
767 1060 1208 1134 εἰδωλολατρείας
1255 1059 1636 1114 συνελαύνοντο
1672 1059 1769 1113 πολ

1905 1059 2067 1130 primi
2097 1058 2382 1113 hominum
2416 1058 2552 1114 adeo
2586 1060 2642 1114 in
2676 1075 2888 1132 pugnas
2921 1068 2975 1117 et
3015 1061 3212 1130 caules,
3248 1064 3304 1118 in
3332 1079 3483 1121 amo-

220 1153 399 1219 λάκις,
432 1157 481 1208 εἰ
514 1149 583 1226 ἦν
614 1154 799 1217 αὐτοῖς
826 1155 858 1226 ἡ
890 1158 955 1207 ὲκ
986 1153 1094 1207 τῶν
1128 1155 1306 1225 νόμων
1339 1152 1621 1225 αὐτάρκης
1660 1152 1766 1225 πρὸ

1904 1168 1993 1209 res
2046 1160 2101 1208 et
2150 1152 2425 1219 libidines,
2477 1152 2757 1209 idolorum
2793 1156 3240 1226 superstitiosum
3269 1158 3479 1214 cultum

219 1249 497 1319 σωτηρίαν
527 1247 860 1317 δικαιοσύνη.
889 1247 1025 1300 Νυνὶ
1044 1246 1101 1300 δὲ
1124 1247 1246 1300 τότε
1279 1246 1378 1317 μὲν
1405 1245 1669 1316 μεγάλαις
1700 1262 1769 1299 κα

1903 1245 2211 1316 przecipites
2234 1246 2435 1316 saepius
2467 1247 2865 1310 cucurrissent,
2918 1248 2966 1304 si
3007 1247 3224 1318 iustitia
3251 1265 3374 1320 quae
3410 1265 3479 1305 ex

218 1338 442 1402 πολλαῖς
472 1338 730 1403 πολλάκις
766 1337 1087 1409 ἐνεφύροντο
1125 1339 1435 1410 συμφοραῖς
1455 1354 1467 1367 ·
1507 1338 1598 1406 ἀφ’
1636 1329 1697 1390 οὗ
1735 1335 1793 1390 δὲ

212 1429 453 1503 Χριστὸς
479 1429 889 1503 ὲνηνθρώπησε,
919 1430 1015 1484 καὶ
1041 1428 1311 1501 παρθενίᾳ
1353 1428 1452 1500 τὴν
1485 1428 1666 1500 σάρκα
1700 1445 1792 1480 κο-

214 1526 435 1596 σμήσας
459 1524 716 1589 ὥπλισεν,
736 1527 765 1579 ό
791 1523 1172 1597 ὠμοτύραννος
1196 1522 1378 1595 ἄρχων
1405 1521 1506 1593 τῆς
1521 1521 1792 1594 ἀκρασίας

212 1618 403 1689 ᾑρέθη,
440 1618 537 1671 καὶ
582 1620 775 1690 είρήνη
808 1617 903 1670 καὶ
948 1617 1131 1681 πίστις
1181 1618 1408 1688 κρατεῖ,
1449 1614 1631 1668 οὐκέτι
1681 1615 1790 1669 τῶν

212 1708 517 1781 ἀνθρώπων
548 1709 810 1773 ὡσαύτως
833 1708 1186 1781 τρεπομένων
1220 1709 1299 1771 είς
1326 1705 1785 1779 είδωλολατρείαν,

211 1799 400 1874 ὥσπερ
432 1803 527 1857 καὶ
550 1801 739 1856 πάλαι.

1899 1339 2113 1410 legibus
2142 1348 2280 1403 erat,
2309 1338 2583 1396 suillciens
2603 1340 2684 1396 eis
2717 1339 2912 1396 fuisset
2958 1340 3024 1396 ad
3067 1344 3319 1399 salutem.
3352 1342 3475 1399 Jam

1898 1447 2052 1499 vero,
2084 1439 2218 1487 tunc
2242 1431 2463 1502 quidem
2494 1432 2709 1504 magnis
2737 1434 2886 1504 ipsos
2906 1434 3225 1506 crebrisque
3255 1436 3477 1492 calami-

1900 1527 2105 1582 tatibus
2133 1526 2404 1583 immistos
2450 1527 2621 1583 fuisse
2654 1526 2900 1583 videmus
2950 1546 2964 1582 :
3020 1543 3085 1584 ex
3119 1544 3230 1600 quo
3290 1536 3472 1586 autem

1896 1618 2154 1676 Christus
2212 1619 2537 1676 incarnatus
2587 1626 2694 1685 est,
2753 1630 2808 1676 et
2858 1620 3172 1692 virginitate
3219 1629 3472 1677 ornatam

1895 1726 2117 1767 carnem
2150 1713 2416 1780 armavit;
2446 1709 2687 1768 crudelis
2718 1719 2986 1783 tyrannus
3037 1713 3474 1784 intemperantia

1894 1803 2150 1875 princeps
2180 1804 2432 1860 sublatus
2484 1811 2588 1869 est,
2624 1814 2681 1861 et
2722 1820 2828 1876 pax
2859 1805 3102 1876 tidesque
3149 1805 3317 1876 viget,
3358 1819 3470 1859 non

1891 1899 1912 1969 j
1919 1914 2005 1955 am
2018 1905 2077 1955 ut
2091 1906 2217 1955 ante
2232 1899 2286 1954 in
2299 1900 2505 1956 cultum
2524 1900 2790 1956 idolorum
2806 1916 2982 1973 prono
2994 1901 3232 1958 humano
3247 1913 3467 1974 genere.

630 2037 759 2095 Car.
784 2038 850 2095 ll.
877 2037 1049 2094 Locus
1076 2038 1207 2095 Jud.
1239 2057 1316 2106 Ix,
1343 2039 1498 2104 8-15,
1517 2053 1799 2108 expensus.
1842 2034 2109 2092 Arborum
2133 2053 2302 2109 regem
2336 2038 2725 2106 exposcentium
2759 2036 3039 2107 allegoria.

283 2179 430 2235 Ἀλλ’
460 2180 550 2234 ἵνα
596 2179 672 2253 μὴ
701 2178 838 2247 δόξω
879 2196 989 2233 τισι
1026 2177 1373 2250 σοφίζεσθαι,
1405 2179 1500 2234 καὶ
1539 2179 1648 2234 ἀπὸ
1678 2178 1769 2233 τῶι

1964 2173 2075 2232 Sed
2107 2191 2178 2233 ne
2208 2177 2298 2232 cui
2348 2176 2540 2233 videar
2569 2176 2871 2248 sophistica
2904 2179 3145 2249 grassari
3191 2188 3330 2245 arte,
3362 2183 3464 2237 'ex-

201 2275 432 2330 εξκότων
458 2272 854 2346 τεκμαίρεσθαι
893 2271 1066 2327 ταῦτα
1110 2273 1205 2326 καὶ⁹
1242 2272 1546 2344 φληναφᾷν,
1579 2271 1644 2325 ἐκ
1687 2271 1785 2343 τῆς

199 2368 436 2431 παλαιᾶς
463 2367 614 2437 ὑμῖν,
631 2359 676 2418 ὦ
693 2364 978 2438 Παρθένοι,
1005 2363 1160 2433 κάγὼ
1182 2362 1490 2436 παρέξομαι
1511 2360 1785 2434 Διαθήκης

198 2460 474 2533 ἔγγραφον
506 2457 866 2530 προφητείαν,
896 2456 972 2521 ὡς
997 2455 1169 2528 ἀληθῆ
1190 2456 1354 2526 λέγω,
1389 2456 1517 2520 τοὺς
1542 2455 1746 2529 Κριτάς
1764 2472 1778 2486 '

194 2552 325 2606 ἔνθα
363 2550 617 2622 φανερῶς
645 2552 679 2622 ή
724 2548 969 2619 βασιλεία
1013 2548 1113 2619 τῆς
1144 2548 1366 2617 ἁγνείας
1397 2547 1497 2620 ήδη
1542 2564 1782 2619 προκατ-

193 2642 451 2714 ήγγελτο.
483 2640 622 2710 Φησὶ
660 2639 801 2711 γάρ·
837 2638 1215 2708 Πορευόμεγα
1262 2637 1678 2705 ἐπορεύθησαν
1710 2633 1783 2688 τὰ

190 2734 349 2800 ξύλα
376 2732 488 2788 τοῦ
516 2732 724 2802 χρῖσαι
752 2731 844 2801 ἐφ’
869 2729 1097 2785 ἑαυτῶν
1123 2729 1417 2795 βασιλέα·
1463 2727 1561 2782 καὶ
1608 2723 1782 2782 εἷπον

188 2824 267 2896 τῆ
295 2825 539 2892 Ἐλαὶςν
582 2824 969 2878 Βασίλευσον
994 2822 1086 2892 ἐφ’
1117 2820 1292 2892 ἡμᾶς.
1323 2821 1433 2875 Καὶ
1471 2817 1640 2875 εἶπεν
1668 2821 1778 2874 αὑ-

191 2927 315 2994 τοῖς
346 2930 384 2997 ἠ
413 2926 644 2981 Ἐλαία·
678 2924 923 2994 Ἀἱρεῖσα
960 2923 1073 2992 τὴν
1105 2920 1353 2991 πιότητά
1377 2939 1519 2992 μου,
1545 2921 1626 2991 ἣν
1644 2921 1776 2977 ἐδό-

192 3022 384 3084 ξασεν
408 3024 442 3074 ὀ
464 3017 608 3085 Θεὸς
634 3018 732 3072 xal
758 3022 810 3073 οι
831 3016 1146 3085 ἅνθρωποι,
1164 3012 1429 3083 πορευθῶ
1442 3012 1649 3084 ᾅρχειν
1660 3012 1778 3067 τῶν

194 3114 428 3180 fil-lar;
456 3112 555 3167 Kal
584 3108 758 3165 εἷπον
773 3110 845 3164 τὰ
859 3108 1016 3174 ξύλα
1034 3107 1231 3163 πάντα
1252 3106 1327 3177 τῇ
1343 3105 1508 3177 Συκῇ
1522 3124 1535 3136 ·
1570 3106 1772 3176 Δεῦρο,

194 3208 574 3271 βασίλευσον
601 3207 695 3276 ἐφ’
733 3204 909 3276 ἡμᾶς.
939 3205 1048 3260 Kal
1081 3200 1250 3259 εἶπεν
1279 3204 1482 3271 αὐτοῖς
1516 3205 1555 3273 ἡ
1585 3203 1769 3272 Συκῆ’

207 3300 439 3369 Ἀρεῖσα
453 3299 570 3369 τὴν
590 3298 931 3370 γλυκύτητα
946 3317 1066 3370 μου
1082 3298 1181 3352 καὶ
1211 3298 1277 3353 τὸ
1293 3296 1558 3369 gemma
1573 3316 1690 3367 μου
1705 3295 1773 3350 τὸ

194 3392 437 3460 ἀγαθὸν,
465 3391 736 3462 πορευθῶ
773 3392 981 3463 ἄρχειν
1016 3390 1137 3446 τῶν
1178 3392 1422 3456 ξύλων;
1465 3390 1575 3446 Kal
1602 3386 1775 3444 εἷπον

196 3484 261 3537 τὰ
287 3485 451 3549 ξύλα
488 3483 565 3555 τῇ
597 3484 885 3555 Ἀμπέλῳ·
917 3485 1302 3539 Βασιλευσον
1327 3483 1419 3553 ἐφ’
1449 3479 1625 3553 ἡμᾶς.
1660 3481 1771 3537 Kal

1889 2269 2408 2341 que'probabilibus
2463 2270 2579 2325 haec
2636 2270 2959 2340 conjectari,
2997 2286 3061 2326 ac
3090 2286 3228 2344 yana
3255 2273 3466 2343 jactare

1884 2377 1985 2433 pro
2013 2363 2226 2427 solidis,
2261 2378 2330 2420 ex
2368 2364 2537 2419 veteri
2589 2363 2766 2427 vobis,
2798 2378 2833 2419 ο
2862 2364 3125 2435 virgines,
3155 2372 3210 2421 et
3233 2381 3333 2438 ego
3363 2365 3465 2424 Te-

1884 2463 2176 2521 stamento,
2214 2457 2478 2527 scriptam
2503 2456 2872 2527 prophetiam,
2919 2458 3040 2527 ejus
3085 2474 3248 2528 quam
3279 2467 3464 2516 statuo

1880 2547 2131 2603 veritatis
2156 2547 2519 2603 indubitatum
2537 2550 2935 2615 testimonium,
2961 2565 3026 2606 ex
3047 2551 3187 2607 libro
3205 2550 3459 2608 Judicum

1861 2638 2129 2706 ,ail‘eram,
2164 2641 2257 2696 ubi
2288 2642 2436 2697 clare
2466 2639 2737 2700 castitatis
2782 2659 3009 2715 regnum
3045 2645 3174 2701 olim
3212 2644 3458 2701 futurum

1879 2733 2377 2805 praenuntiabatur.
2399 2731 2490 2789 Sic
2516 2736 2662 2791 enim
2688 2736 2887 2807 legitur
2912 2736 2958 2769 ⁸⁸
2995 2755 3008 2791 :
3043 2735 3235 2793 Eundo
3255 2738 3461 2794 inerunt

1881 2826 2047 2897 ligna,
2080 2835 2141 2880 ut
2163 2822 2413 2899 ungerent
2449 2844 2607 2897 super
2630 2844 2686 2884 se
2717 2845 2887 2899 regem
2916 2845 2935 2883 :
2964 2830 3311 2901 dixeruntque
3337 2830 3460 2886 Oli-

1878 2935 1955 2974 va:
1980 2934 1999 2972 :
2032 2917 2213 2991 Regna
2243 2935 2400 2990 super
2420 2937 2540 2977 nos.
2572 2919 2643 2975 Et
2668 2921 2805 2975 dixit
2827 2923 2902 2977 eis
2936 2921 3090 2978 Oliva
3123 2939 3142 2977 :
3201 2921 3459 2995 Nunquid

1878 3012 2245 3078 derelinquens
2303 3012 2670 3084 pinguedinem
2711 3031 2885 3068 meam
2937 3031 3096 3086 quam
3138 3016 3454 3086 gloriﬁcavit

1878 3104 2023 3161 Deus
2046 3116 2096 3161 et
2119 3105 2374 3168 homines.
2397 3106 2483 3161 ibo
2506 3116 2563 3161 ut
2596 3106 2752 3178 lignis
2780 3107 3065 3177 imperem?
3096 3107 3459 3180 Dixeruntque

1878 3198 2023 3267 ligna
2050 3200 2295 3254 universa
2327 3198 2396 3252 ad
2419 3197 2607 3253 Ficum
2640 3215 2659 3253 .'
2698 3198 2846 3264 Veni,
2875 3217 3037 3271 regna
3058 3216 3215 3271 super
3243 3217 3357 3256 nos.
3383 3201 3456 3256 Et

1875 3289 2015 3344 dixit
2046 3292 2121 3346 eis
2150 3289 2312 3346 Ficus
2349 3306 2369 3345 :
2402 3290 2660 3363 Nunquid
2709 3291 3075 3364 derelinquens
3125 3293 3453 3350 dulcedinem

1875 3393 2113 3439 meamet
2144 3384 2383 3454 genimen
2435 3400 2606 3439 meum
2640 3384 2853 3452 bonum,
2887 3385 2971 3441 ibo
3002 3399 3059 3441 ut
3091 3389 3249 3459 lignis
3282 3390 3453 3461 impe-

1876 3477 2029 3531 rem?
2059 3475 2126 3529 Et
2156 3475 2405 3531 dixerunt
2427 3476 2571 3548 ligna
2601 3474 2670 3529 ad
2715 3475 2882 3531 Vitem
2905 3494 2924 3531 :
2949 3476 3126 3549 Regna
3149 3494 3304 3548 super
3332 3498 3449 3537 nos.

189 3572 351 3631 εἶπεν
391 3552 604 3644 αὐτοῖς
630 3552 669 3646 ἦ
696 3579 1016 3648 Ἀμπελος’
1048 3576 1285 3647 Ἀφεῖσα
1312 3552 1418 3629 τὸν
1439 3571 1609 3629 οἷνόν
1626 3592 1768 3644 μου,

1877 3568 1947 3623 Et
2006 3567 2144 3623 dixit
2183 3569 2259 3624 eis
2317 3567 2453 3623 Vitis
2500 3584 2519 3622 :
2567 3566 2825 3638 Nunquid
2860 3568 3223 3640 derelinquens
3273 3572 3450 3627 vinum

188 3668 299 3737 τὴν
319 3669 717 3739 εὐφροσύνην
743 3669 861 3723 τῶν
880 3670 1226 3739 ἀνθρώπων,
1256 3669 1525 3739 πορευθῶ
1562 3668 1771 3738 ἄρχειν

184 3758 298 3813 τῶν
316 3760 565 3824 Editur;
594 3760 704 3813 Kal
725 3756 897 3813 εἶπον
918 3761 991 3815 τὰ
1007 3760 1163 3825 ξύλα
1182 3761 1333 3831 πρὸς
1357 3760 1470 3830 τὴν
1491 3757 1763 3829 Ῥάμνον·

182 3853 392 3921 Δεῦρο,
418 3843 807 3916 ,ϐασίλευσον
850 3853 943 3922 ἐφ’
986 3851 1162 3923 ἡμᾶς.
1208 3853 1319 3908 Kal
1346 3851 1516 3909 εἶπεν
1548 3856 1587 3925 ἠ
1640 3854 1770 3908 Ῥά-

173 3962 324 4016 ρος
357 3945 519 4013 πρὸς
557 3943 631 3998 τὰ
685 3944 875 4009 ξύλασ
926 3948 995 3999 El
1039 3946 1111 3999 ἐν
1151 3946 1401 4014 ἀληθείᾳ
1452 3946 1649 4015 χρίετέ
1692 3962 1769 4015 με

176 4038 349 4107 ὑμεῖς
375 4040 469 4104 εὶς
488 4036 757 4101 βασιλέα
784 4038 877 4107 ἐφ’
901 4035 1078 4107 ὑμᾶς,
1117 4037 1310 4102 δεῦτε,
1343 4039 1666 4093 πεποίθατε
1698 4039 1769 4092 ἐν

175 4128 248 4199 τῇ
271 4129 487 4197 σκέπῃ
523 4145 680 4198 μου·
732 4131 782 4183 el
821 4129 930 4200 μὴ,
958 4129 1178 4198 ἐξέλθῃ
1219 4130 1338 4199 πῦρ
1378 4130 1448 4185 ἐκ
1477 4128 1586 4199 τῆς
1639 4131 1767 4185 Ῥά-

173 4241 354 4291 μνον,
391 4223 489 4275 καὶ
524 4221 839 4292 καταφάγῃ
868 4222 976 4288 τὰς
1005 4222 1258 4292 κέδρους
1286 4222 1394 4277 τοῦ
1412 4221 1692 4279 Λιϐάνου.

242 4315 441 4370 Ταῦτα
461 4314 521 4368 δὲ
544 4316 629 4368 ὅτι
659 4313 732 4386 μὴ
765 4315 893 4387 περὶ
923 4314 1095 4381 ξύλων
1120 4315 1227 4370 τῶν
1257 4316 1321 4368 ὲκ
1349 4316 1451 4388 γῆς
1480 4315 1767 4387 φυομένων

178 4408 413 4493 ἐλέχθη,
471 4407 658 4477 σαφές.
708 4409 782 4462 Οὐ
834 4408 943 4480 γὰρ
993 4411 1050 4463 ὲν
1087 4410 1299 4473 ἑαυτοῖς
1345 4408 1414 4463 τὰ
1459 4407 1652 4481 δένδρα
1698 4408 1766 4462 τὰ

174 4501 367 4572 ἄψυχα
421 4501 873 4572 χειροτονήσοντα
926 4499 1150 4570 βασιλέα
1215 4502 1545 4574 συνήρχοντο
1568 4541 1583 4566 ,
1647 4505 1765 4567 ταῖς

176 4592 363 4666 ῥίζαις
411 4595 499 4656 είς
530 4591 630 4664 τὴν
675 4592 780 4663 γῆν
829 4591 1318 4664 κατεστηλωμένα·
1368 4593 1505 4647 ἀλλὰ
1547 4594 1765 4659 πάντως

174 4686 306 4758 περὶ
334 4683 530 4756 ψυχῶν
567 4686 857 4757 ἱστορεῖται
886 4685 1060 4740 ταῦτα
1078 4726 1093 4752 ,
1139 4686 1195 4740 αἳ
1226 4685 1332 4758 πρὸ
1363 4686 1461 4757 τῆς
1494 4686 1765 4759 ὲνανθρω-

173 4780 400 4849 πήσεως
427 4777 528 4831 τοῦ
569 4778 828 4852 Χριστοῦ,
876 4778 1391 4852 καθυλομανήσασαι
1428 4782 1541 4845 τοῖς
1581 4798 1764 4854 παρα-

1874 3678 2045 3717 meum
2071 3660 2210 3731 quod
2238 3669 2317 3716 est
2344 3660 2535 3715 laetitia
2576 3660 2871 3725 hominum,
2904 3659 2989 3713 ibo
3016 3670 3075 3714 ut
3102 3662 3351 3730 imperem
3380 3664 3454 3717 li-

1870 3756 2028 3825 gnis?
2060 3753 2422 3824 Dixeruntque
2449 3753 2592 3824 ligna
2621 3751 2690 3807 ad
2718 3752 3061 3807 Rhamnum:
3102 3752 3253 3818 Veni,
3281 3771 3442 3826 regna

1869 3861 2026 3915 super
2049 3863 2162 3901 nos.
2192 3844 2259 3899 Et
2293 3846 2429 3899 dixit
2460 3843 2731 3899 Rhamnus
2754 3843 2823 3898 ad
2851 3844 2993 3914 ligna
3015 3861 3033 3898 :
3068 3843 3132 3901 Si
3153 3845 3207 3899 in
3233 3847 3452 3902 veritate

1868 3938 2062 4007 ungitis
2086 3954 2166 3992 me
2206 3938 2259 3991 in
2296 3953 2488 4008 regem,
2514 3937 2701 4003 venite,
2741 3935 2991 4007 conﬁdite
3031 3938 3084 3991 in
3126 3939 3449 4008 protectione

1868 4047 2021 4096 mea;
2051 4032 2134 4086 sin
2165 4032 2364 4096 minus,
2394 4030 2695 4102 egrediatur
2717 4031 2853 4102 ignis
2882 4031 2946 4085 de
2968 4029 3229 4095 Rhamno,
3268 4042 3318 4087 et
3353 4032 3447 4089 de-

1868 4133 2007 4179 voret
2039 4123 2223 4179 cedros
2254 4122 2466 4178 Libani.

1935 4301 2110 4358 Porro
2125 4302 2242 4358 hac
2269 4302 2339 4358 de
2369 4302 2663 4359 arboribus
2692 4318 2723 4358 e
2752 4309 2900 4358 terra
2918 4303 3277 4365 nascentibus
3296 4303 3442 4361 dicta

1864 4412 2153 4460 nonesse,
2188 4398 2363 4454 cuivis
2402 4396 2754 4453 manifestum
2787 4405 2891 4453 est.
2919 4397 3106 4470 Neque
3133 4397 3280 4453 enim
3310 4399 3445 4455 stir-

1864 4506 1961 4563 pes
1988 4491 2258 4547 inanimes
2290 4491 2347 4545 in
2376 4491 2671 4547 concilium
2692 4491 2812 4562 cogi
2835 4499 3084 4562 potuere,
3109 4492 3287 4561 deque
3316 4507 3445 4564 rege

1864 4579 2117 4652 eligendo
2161 4579 2486 4643 deliberare,
2519 4594 2642 4652 quae
2686 4580 2811 4635 altis
2858 4581 2977 4637 solo
3009 4581 3290 4637 radicibus
3324 4581 3445 4638 ﬁxa:

1867 4674 2130 4729 haereant.
2161 4670 2400 4728 Omnino
2424 4681 2604 4728 autem
2638 4673 2754 4727 haec
2784 4674 2852 4726 de
2875 4674 3162 4730 animabus
3185 4674 3442 4730 institute

1865 4767 2115 4823 narratio
2146 4776 2252 4834 est,
2282 4781 2411 4839 quae
2437 4774 2564 4821 ante
2591 4764 2796 4821 Christi
2818 4763 3279 4831 lncarnationcm,
3314 4779 3443 4836 gra-

172 4869 463 4941 πώμασι,
510 4874 801 4943 πῳσιᾶσιν
840 4868 1020 4927 οἶκτον
1063 4874 1244 4928 αὐτῶν
1285 4874 1531 4942 ἀξιοῦσαι
1576 4875 1763 4930 λαϐεῖν

1877 4859 1989 4916 vius
2015 4859 2233 4915 delictis
2252 4859 2592 4925 eluxuriatte,
2617 4860 2896 4929 supplices
2945 4860 3012 4915 ad
3062 4858 3232 4914 Deum
3284 4873 3444 4916 acce-

171 4964 264 5018 τδτ
294 4964 459 5030 Θεὸν,
492 4964 589 5018 καὶ
615 4964 929 5035 βασιλεῦσαι
961 4965 1052 5021 τὸν
1073 4966 1220 5020 ἔλεον
1251 4968 1343 5022 καὶ
1372 4968 1468 5040 τὴν
1491 4967 1764 5037 εὐσπλαι-

176 5056 352 5125 χνίαν,
391 5056 466 5128 ἢν
503 5054 721 5120 Ἐλαίας
751 5055 907 5129 τύπῳ
937 5058 1244 5130 παρέλαϐεν
1279 5060 1313 5130 ή
1342 5058 1555 5131 Γραφὴ,
1586 5058 1673 5113 διὰ
1701 5059 1762 5112 τὸ

176 5145 395 5217 ἀρωγὸν
440 5146 505 5199 τὸ
534 5145 714 5200 ἔλαιον
747 5147 1012 5219 σωμάτων
1049 5143 1208 5214 εἶναι,
1240 5150 1334 5203 καὶ
1368 5148 1625 5222 λυτήριον
1659 5167 1760 5203 κα-

178 5238 361 5307 μάτων
387 5238 489 5291 καὶ
510 5237 711 5299 πόνων,
750 5236 925 5307 φωτός
949 5254 1007 5290 τε
1038 5238 1389 5311 παρεκτικόν.
1429 5237 1623 5311 Ἐλαίῳ
1649 5238 1759 5311 γὰρ

176 5329 587 5403 καταρδόμενον
600 5330 725 5406 ςςιηεᾶν
749 5327 810 5382 τὸ
836 5328 1103 5399 λυχνιαῑον
1125 5328 1347 5397 αὔξεται
1369 5330 1531 5395 σέλας
1548 5347 1563 5361 ·
1594 5330 1760 5403 λυτή-

225 5485 274 5519 ⁸⁹
297 5484 445 5542 Iud.
467 5499 551 5549 HI,
574 5484 732 5540 8-15.

172 5657 272 5711 qua
302 5643 434 5714 ipsa
463 5641 534 5696 ad
575 5639 789 5714 Novum
805 5640 915 5710 jam
951 5640 1361 5714 Testamentum
1390 5638 1749 5714 spectabant:

171 5710 534 5783 insiliuntque
582 5711 908 5783 Methodius,
962 5713 1162 5783 quibus
1208 5710 1755 5783 subdil._ob‘o<p§69a

170 5799 261 5836 του
296 5779 481 5854 νόμου
535 5784 600 5836 ἐκ
636 5781 738 5851 τῆς
781 5779 994 5854 φθορᾶς
1022 5781 1356 5854 ἀρκέσαντος
1392 5779 1753 5854 ἐλευθερῶσαι

170 5801 261 5836 του
296 5801 369 5837 νο
535 5801 600 5836 εκ
636 5801 738 5851 της
781 5801 986 5854 φυορας
1022 5801 1356 5852 αρκεσαντος
1392 5801 1753 5853 ελευυερωσαι

169 5866 265 5926 τήν
292 5801 723 5926 ὰνξῗρῶπότητα,
748 5869 865 5907 cum
890 5853 973 5907 lex
999 5869 1100 5906 non
1128 5850 1279 5906 valde
1304 5853 1443 5921 potis
1467 5851 1653 5920 fuisset
1684 5849 1753 5905 ad

1868 4955 2006 5010 dunt
2048 4969 2113 5009 ac
2168 4950 2514 5010 clementiam
2556 4960 2786 5025 rogant;
2839 4952 3339 5023 misericordiaque
3374 4966 3442 5007 ac

1867 5047 2112 5104 lenitatis
2146 5047 2377 5118 imperio
2407 5045 2543 5117 regi,
2574 5060 2738 5116 quam
2793 5043 3081 5118 Scriptura
3130 5044 3232 5102 sub
3282 5045 3443 5102 olive

1865 5142 2039 5213 ﬁgura
2066 5142 2358 5212 expressit,
2394 5139 2721 5210 eﬂlagitant;
2757 5140 2966 5196 idcirco
2995 5138 3438 5209 nimirum,quod

1863 5234 2041 5289 oleum
2068 5235 2298 5288 multum
2329 5231 2504 5303 prosit
2525 5230 2869 5303 corporibus,
2905 5230 3231 5302 laboresque
3254 5245 3318 5285 ac
3338 5230 3440 5286 do-

1863 5327 2010 5383 lores
2052 5324 2339 5393 dissolvat,
2395 5330 2450 5380 et
2506 5322 2577 5379 ad
2627 5324 2814 5379 lumen
2867 5321 3119 5378 sulﬁciat.
3160 5320 3439 5393 Quidquid

1862 5636 2192 5692 liberandum
2243 5636 2534 5693 humanum
2592 5653 2754 5707 genus
2800 5653 2835 5691 a
2883 5636 3219 5707 corruptione
3251 5653 3273 5694 :
3327 5636 3438 5695 hoc

1862 5654 2192 5692 uneranaum
2243 5654 2534 5693 numanum
2626 5654 2754 5692 enus
2800 5654 2835 5691 a
2883 5654 3219 5707 corruptione
3251 5654 3273 5694 :
3328 5654 3438 5695 nnc

1862 5723 1974 5764 uno
2000 5708 2336 5771 conducens.
2369 5709 2516 5779 quod
2546 5654 2624 5765 ad,
2648 5708 2928 5765 Christum
2958 5709 3238 5779 dirigeret,
3283 5711 3439 5779 ejus-

1860 5793 1970 5851 que
1994 5794 2101 5835 una
2135 5781 2308 5851 gratia
2331 5778 2620 5837 liberatum
2655 5780 2722 5835 iri
2751 5778 3024 5836 hominem
3049 5778 3288 5837 doceret.
