3962 6204
524 383 634 440 195

1501 371 1560 430 S.
1603 368 1935 429 METIIODII
1968 366 2274 424 EPISCﬂPl
2314 366 2401 421 ET
2441 364 2803 422 MARTYRIS

3661 363 3766 419 196

522 500 669 557 enim
696 500 1041 555 lucernarum
1084 495 1308 551 luminis
1337 500 1443 558 est,
1476 493 1530 547 id
1559 508 1689 548 vero
1729 492 1949 548 trrorati
1980 490 2085 546 olei

2200 503 2294 557 ριοι
2332 484 2389 538 δὲ
2430 497 2650 548 παντως
2678 485 2774 539 καὶ
2818 485 2866 538 οἱ
2912 484 3005 539 τοῦ
3042 484 3179 538 Θεοῦ
3212 481 3487 555 οἰκτιρμοὶ
3516 479 3768 546 θανάτου,

523 593 727 666 pabulo
779 588 1107 645 concrescit.
1159 588 1251 643 Dei
1297 600 1517 657 quoque
1575 600 1803 656 prorsus
1861 585 2085 639 misera-

525 687 704 740 tiones
736 690 966 738 mortem
1010 690 1064 737 et
1093 688 1313 751 peccata
1362 678 1690 740 dissolvunt,
1741 676 2089 747 humanoque

523 776 709 849 generi
734 775 974 846 proclive
1005 773 1367 845 opitulantur,
1417 785 1491 848 ac.
1537 770 1795 825 alimenta
1846 768 2087 839 prabent

524 868 633 924 luci
680 869 883 924 cordis.
938 866 1039 931 Ac,
1088 881 1293 937 quaeso,
1329 864 1676 921 considerate
1710 880 1837 918 num
1870 862 2014 932 leges
2056 876 2088 915 a

523 955 702 1026 primo
725 957 947 1019 [nomine
963 956 1185 1010 condito
1217 955 1284 1008 ad
1315 953 1595 1010 Christum
1633 953 1890 1021 deinceps
1940 950 2090 1006 Seri-

526 1058 688 1119 ptura
709 1048 819 1103 illis
833 1048 1017 1103 verbis
1045 1046 1354 1117 signiﬁcare
1375 1045 1631 1107 voluerit,
1664 1044 1865 1115 quibus
1900 1042 2089 1097 diabo-

526 1143 615 1198 lus
644 1142 937 1196 contrariis
969 1139 1239 1211 ﬁgmentis
1279 1138 1576 1193 humanum
1627 1151 1797 1208 genus
1852 1135 2085 1191 seduxit.

526 1234 605 1288 Ac
635 1232 823 1288 Ficum
864 1231 1080 1301 quidem
1134 1236 1403 1302 praecepto
1455 1228 1811 1298 comparavit,
1859 1228 2004 1298 quod
2034 1229 2088 1282 in

525 1325 783 1398 paradiso
812 1324 996 1379 datum
1028 1331 1111 1378 est
1142 1322 1369 1383 homini,
1400 1322 1546 1390 quod
1593 1321 1641 1375 is
1669 1321 1947 1382 seductus,
1986 1336 2091 1374 nu-

526 1417 751 1473 ditatem
786 1416 919 1470 ﬁcus
964 1414 1108 1470 foliis
1135 1413 1376 1468 contexit
1403 1413 1472 1468 ⁹⁰.
1522 1412 1695 1467 Vitem
1719 1422 1899 1468 autem
1932 1413 1999 1467 ad
2034 1412 2089 1466 id

526 1508 736 1571 retulit,
769 1504 912 1575 quod
955 1504 1147 1558 diluvii
1177 1511 1417 1573 tempore
1468 1502 1581 1559 Noe
1636 1502 1822 1557 datum
1873 1510 1977 1566 est,
2025 1518 2091 1557 eo

527 1596 671 1667 quod
704 1596 794 1649 ille
825 1595 953 1648 vino
980 1593 1213 1664 sopitus,
1241 1593 1438 1649 irrisus
1478 1600 1562 1647 est
1603 1592 1671 1644 οι.
1706 1592 1857 1646 Oliva
1894 1590 2093 1646 Mosai-

528 1702 648 1744 cam
674 1687 843 1756 legero
879 1685 1169 1757 signiﬁcat,
1200 1685 1381 1740 datam
1404 1685 1460 1739 in
1484 1683 1726 1751 deserto;
1776 1684 1921 1754 quod
1951 1684 2093 1739 vidc-

528 1780 657 1835 licet.
704 1778 1023 1848 prophetica
1083 1779 1276 1849 gratia,
1336 1787 1586 1834 sanctum
1647 1780 1837 1848 utique
1885 1778 2088 1841 oleum,

2192 577 2286 630 xui.
2325 577 2532 649 ἀρωγοὶ
2566 578 2664 647 τῆς
2696 576 3132 650 ἀνθρωπότητος,
3169 576 3262 630 καὶ
3290 573 3383 628 τοῦ
3418 573 3519 643 τῆς
3546 573 3773 645 καρδίας

2193 668 2369 737 φωτὸς
2398 669 2699 740 θρεπτικοί.
2738 669 2845 721 Καὶ
2890 666 3255 738 ἐπισκέψασθε
3292 667 3503 738 μήποτε
3535 664 3636 727 τάς
3665 665 3774 719 ἀπὸ

2193 759 2286 813 τοῦ
2333 741 2757 833 πρωτοπλάστου
2816 760 2974 832 μέχρι
3024 759 3119 813 τοῦ
3169 759 3404 832 Χριστοῦ
3454 757 3691 829 καθεξῆς
3739 759 3773 829 ἡ

2194 849 2384 923 Γραφὴ
2414 849 2734 921 νομοθεσίας
2787 849 2966 920 δηλοῖ,
3000 843 3074 903 ὧν
3119 849 3148 900 ὁ
3192 848 3435 912 διάϐολος
3484 847 3775 918 ἀντίμιμος

2195 941 2504 1014 ἐξηπάτησε
2538 943 2815 1014 πλάσμασι
2835 943 2895 995 τὸ
2913 943 3019 996 τῶν
3037 941 3335 1014 ἀνθρώπιον
3354 942 3531 1011 γένος·
3550 942 3650 1013 τὴν
3679 942 3775 1013 μὲν

2194 1037 2371 1107 Συκῆν
2404 1035 2779 1101 ἀπεικάζουσα
2808 1037 2872 1106 τῇ
2900 1034 3042 1088 κατά
3069 1035 3159 1087 τὸν
3194 1034 3518 1105 παράδεισον
3560 1033 3779 1108 δοθείσῃ

2193 1126 2270 1199 τῷ
2297 1127 2567 1199 ἀνθρώπῳ
2588 1128 2800 1199 ἐντολῇ·
2834 1128 3019 1198 ἐπειδὴ
3042 1127 3139 1198 τὴν
3168 1126 3447 1198 γύμνωσιν
3475 1126 3779 1197 ἀπατηθεὶς

2194 1216 2349 1285 οὗτος
2394 1221 2645 1285 πετάλοις
2684 1217 2995 1288 ἀπεκῶυῷε
3030 1220 3218 1287 συκῆς.
3253 1218 3364 1290 Τὴν
3392 1219 3453 1271 δὲ
3478 1219 3777 1290 "Aut-rem»,

2194 1316 2259 1385 τῇ
2288 1312 2378 1364 ἐπὶ
2407 1312 2499 1365 τοῦ
2531 1310 2912 1382 κατακλυσμοῦ
2937 1310 3016 1380 τῷ
3042 1310 3187 1372 Νῶε,
3215 1310 3302 1363 διὰ
3331 1311 3390 1364 τὸ
3422 1311 3551 1382 οἴνῳ
3584 1328 3781 1383 κοιμηο

2196 1404 2388 1469 θέντα,
2433 1404 2810 1476 χλευασθῆναι.
2847 1404 2955 1475 Τὴν
3000 1404 3057 1457 δὲ
3099 1403 3352 1467 Ἐλαίαν,
3396 1409 3463 1476 τῇ
3506 1406 3651 1459 κατά
3683 1405 3782 1477 τὴν

2195 1496 2399 1569 ἔρημον
2432 1496 2508 1568 τῷ
2539 1499 2788 1551 Μωῡσεί·
2827 1496 3011 1568 ἐπειδὴ
3037 1497 3096 1550 τὸ
3126 1497 3372 1568 χάρισμα
3400 1498 3460 1551 τὸ
3506 1515 3783 1570 προφητι-

2196 1590 2313 1654 κὸν,
2336 1589 2512 1643 ἔλαιον
2541 1590 2602 1642 τὸ
2635 1589 2810 1657 ἅγιον,
2838 1588 3225 1659 ἀνομησάντων
3252 1589 3453 1647 αὐτῶν.
3475 1589 3786 1644 ἐκλελοίπει

2195 1681 2295 1751 τῆς
2326 1681 2707 1754 κληρονομίας.
2746 1681 2855 1752 Τὴν
2883 1680 2939 1733 δὲ
2993 1681 3257 1751 Ῥάμνον,
3302 1684 3366 1753 τῇ
3402 1682 3495 1734 ἐπὶ
3534 1683 3788 1755 σωτηρίᾳ

2195 1771 2290 1824 τοῦ
2329 1772 2533 1842 κόσμου
2572 1774 2685 1835 τοῖς
2730 1771 3079 1834 ἀποστόλοις·
3118 1772 3303 1844 ἐπειδὴ
3337 1772 3444 1846 γὰρ
3489 1774 3559 1827 δι’
3598 1774 3787 1828 αὐτῶν

529 1871 794 1941 improbis
848 1871 1067 1925 illorum
1114 1870 1326 1926 actibus
1382 1871 1451 1925 ab
1500 1871 1821 1927 haereditate
1859 1871 1933 1941 (id
1965 1879 2042 1924 est
2073 1887 2096 1923 α

2207 1862 2561 1935 ἐδιδάχθημεν
2613 1863 2869 1933 ἁγνείαν,
2916 1859 2984 1935 ἧς
3035 1865 3307 1934 ἀπατηλὸν
3360 1866 3527 1938 μόνης
3560 1867 3787 1921 εῐδωλον

527 1962 756 2033 Judwis)
807 1960 1086 2021 defecerit.
1140 1960 1384 2032 Denique
1439 1962 1728 2017 rbamnum
1775 1978 1884 2017 non
1914 1964 2094 2032 inepte

528 2063 697 2120 refert
750 2064 819 2118 ad
867 2079 988 2118 eam
1040 2064 1208 2135 legem
1243 2060 1363 2134 qlia:
1413 2065 1676 2134 apostolis
1722 2063 1845 2119 data
1892 2072 1978 2121 est
2026 2064 2095 2121 ad

529 2166 718 2220 mundi
781 2166 1035 2230 salutem,
1087 2166 1216 2237 quia
1279 2182 1376 2236 per
1423 2166 1641 2221 illorum
1696 2167 2094 2223 institutionem

530 2254 1230 2347 virginitatem.didicimus,
1256 2257 1417 2325 cujus
1450 2258 1614 2312 unius
1645 2257 1808 2311 inane
1837 2272 1901 2311 ac
1928 2256 2094 2312 fallax

530 2348 882 2403 simulacrum
917 2348 1167 2404 diabolus
1185 2358 1396 2403 struere
1414 2348 1678 2419 nequivit.
1707 2347 1913 2403 idcirco
1931 2349 2096 2403 etiam

531 2448 767 2510 quatuor
796 2440 997 2495 tradita
1032 2448 1160 2495 sunt
1193 2439 1504 2509 Evangelia,
1542 2439 1688 2509 quod
1732 2439 1876 2495 Deus
1903 2448 2099 2510 quater

534 2532 773 2587 humano
800 2532 983 2601 generi
1014 2532 1221 2588 faustas
1245 2533 1365 2587 illas
1388 2534 1832 2588 annuntiationes
1863 2535 2094 2601 miserit,

532 2650 597 2689 ac
620 2635 899 2705 quaternis
930 2636 1287 2706 promulgatis
1311 2634 1523 2706 legibus
1554 2636 1731 2705 ipsum
1755 2637 2051 2693 instituerit
2079 2659 2092 2694 :

532 2742 763 2797 quarum
801 2735 1041 2795 tempora
1072 2743 1138 2781 ex
1166 2727 1440 2782 fructuum
1472 2728 1789 2785 diversitate
1816 2728 2099 2799 perspicue

534 2834 855 2883 noscuntur.
880 2826 1013 2881 Nam
1055 2828 1207 2893 ﬁcus,
1238 2831 1382 2899 quod
1425 2831 1552 2886 tnite
1604 2847 1668 2886 ac
1710 2833 1868 2887 dulce
1896 2832 2097 2887 form‘o-

536 2944 767 3000 sumque
804 2945 1027 2999 pomum
1075 2940 1176 2998 est,
1212 2931 1436 2987 delicias
1464 2933 1703 3003 paradisi
1737 2933 1969 3004 vitaeque
2000 2948 2098 2989 vo-

534 3032 783 3104 luptariae
815 3039 1190 3103 repraesentat,
1235 3034 1290 3086 in
1346 3049 1453 3104 qua
1507 3033 1670 3088 homo
1720 3043 1847 3089 ante
1889 3035 2099 3105 lapsum

536 3123 659 3179 fuit.
680 3121 822 3179 Sane
850 3139 955 3179 non
977 3140 1124 3191 raro,
1152 3132 1211 3178 ut
1239 3133 1427 3195 postea
1458 3126 1955 3183 demonstrabimus
1973 3169 1987 3192 ,
2031 3128 2099 3182 ﬁ-

2196 1955 2297 2008 οῦκ
2331 1957 2547 2027 ἴσχυσεν
2576 1960 2604 2011 ό
2635 1957 2877 2021 διάϐολος
2913 1956 3195 2010 σκευάσαι.
3225 1957 3323 2011 Διά
3356 1958 3515 2012 τοῦτο
3546 1961 3642 2014 καὶ
3673 1962 3786 2015 Εὑ-

2197 2048 2425 2115 αγγέλια
2459 2048 2570 2120 (50)
2600 2049 2835 2121 τέσσαρα
2864 2051 3245 2122 παραδέδοται,
3268 2052 3524 2122 τετράκις
3548 2054 3791 2122 εὐαγγε-

2196 2139 2488 2212 λισαμένου
2510 2141 2603 2195 τοῦ
2624 2142 2760 2195 Θεοῦ
2792 2144 2902 2214 τὴν
2931 2143 3344 2215 ἀνθρωπότητα,
3380 2147 3473 2198 καὶ
3505 2148 3790 2217 παιδαγω-

2197 2234 2461 2303 γήσαντος
2491 2235 2751 2306 τέσσαρσι
2790 2235 2993 2306 νόμοις,
3021 2229 3095 2288 ὧν
3130 2237 3180 2288 oi
3212 2238 3394 2308 καιροὶ
3441 2239 3630 2307 σαφῶς
3671 2241 3791 2295 ἀπὸ

2198 2322 2295 2393 τῆς
2318 2324 2698 2396 διαφορότητος
2729 2325 3009 2396 δηλοῦνται
3036 2326 3142 2380 τῶν
3169 2329 3415 2398 καρπῶν.
3447 2329 3509 2382 Ἦ
3543 2333 3643 2399 μὲν
3670 2332 3791 2406 γὰρ

2200 2416 2357 2486 συκῆ,
2391 2417 2478 2469 διὰ
2507 2419 2605 2488 τὴν
2630 2417 2929 2486 γλυκασίαν
2961 2420 3053 2473 καὶ
3079 2420 3169 2473 τὸν
3193 2421 3491 2493 ὡραϊσμὸν,
3527 2424 3626 2493 τὴν
3653 2441 3794 2495 τρυ-

2199 2509 2305 2580 φὴν
2352 2508 2448 2579 τὴν
2502 2510 2607 2579 πρὸ
2661 2511 2757 2580 τῆς
2813 2511 3172 2581 παραϐάσεως
3214 2514 3271 2564 ἐν
3324 2513 3633 2583 παραδείσῳ
3686 2513 3791 2569 τοῦ

2198 2600 2483 2672 ἀνθρώπου
2518 2600 2812 2672 παρίστησι
2840 2603 3232 2674 γεγενημένην.
3266 2605 3421 2657 ΙἘστι
3447 2604 3554 2676 γάρ
3595 2606 3688 2659 ὅτε
3725 2607 3793 2680 δὴ

2197 2694 2293 2746 καὶ
2352 2692 2555 2763 σφόδρα
2610 2693 2891 2766 πολλαχῶς
2921 2696 3022 2766 τῆς
3079 2696 3252 2767 συκῆς
3305 2696 3396 2750 τὸν
3450 2697 3661 2770 καρπὸν
3729 2699 3796 2754 τὸ

2198 2783 2423 2852 Πνεῦμα
2445 2784 2507 2837 τὸ
2534 2784 2686 2853 ἇγιον
2709 2787 2801 2839 ἐπὶ
2826 2787 2921 2839 τοῦ
2955 2788 3259 2856 κρείττονος
3288 2788 3575 2859 λαμϐάνει,
3599 2790 3793 2855 καθὼς

2200 2875 2554 2947 ἀποδείξομεν
2594 2876 2838 2951 ὕστερον.
2881 2880 2943 2932 Ἠ
2975 2879 3030 2933 δὲ
3063 2879 3305 2951 ἄμπελος
3339 2880 3426 2934 διὰ
3470 2882 3567 2953 τὴν
3604 2882 3796 2951 ἱλαρό-

2198 2983 2336 3037 τητα
2369 2967 2466 3039 τὴν
2509 2970 2573 3022 ἐκ
2618 2970 2713 3023 τοῦ
2766 2971 2942 3035 οἴνου,
2994 2972 3089 3024 καὶ
3136 2972 3238 3043 τὴν
3284 2972 3624 3044 εὐφροσύνην
3671 2974 3794 3026 τῶν

2203 3057 2612 3129 περισωθέντων
2639 3060 2739 3130 τῆς
2768 3061 2939 3133 ὀργῆς
2972 3061 3065 3115 καὶ
3107 3060 3198 3115 τοῦ
3242 3061 3651 3133 κατακλυσμοῦ,
3687 3063 3795 3136 τὴν

2202 3149 2311 3203 ἀπὸ
2340 3150 2433 3204 τοῦ
2460 3151 2623 3221 φόϐου
2657 3153 2749 3206 καὶ
2780 3154 2877 3225 τῆς
2908 3156 3209 3227 φροντίδος,
3243 3156 3342 3227 τὴν
3367 3158 3447 3220 είς
3477 3157 3578 3229 τὴν
3604 3158 3795 3230 χαρὰν

536 3231 637 3274 cus
686 3216 924 3273 fructum
962 3215 1200 3288 Spiritus
1228 3227 1454 3274 sanctus
1503 3218 1558 3272 in
1617 3218 1837 3275 virtutis
1889 3227 2095 3291 partem

2200 3242 2377 3296 αὐτῶν
2420 3215 2718 3315 μεταϐολὴν
2771 3215 3090 3300 αἰνίσσεται.
3248 3215 3311 3301 δέ
3356 3215 3653 3318 ἐλαίαξδίά
3683 3215 3798 3308 ’τὸν

538 3308 705 3364 sumit
724 3308 790 3363 ".
821 3305 961 3364 Vitis
992 3318 1169 3363 autem
1200 3316 1420 3379 propter
1464 3309 1575 3363 vini
1628 3309 1957 3364 hilaritatem
2002 3324 2094 3365 eo-

539 3418 767 3473 rumque
791 3403 1030 3457 laetitiam
1059 3401 1151 3473 qui
1178 3418 1207 3458 a
1243 3402 1433 3458 diluvii
1462 3403 1566 3468 ira,
1598 3402 1695 3460 Dei
1740 3404 2097 3475 indulgentia,

538 3510 825 3560 evaserant
856 3503 923 3567 ⁸⁸,
955 3510 1196 3558 mutatos
1227 3501 1444 3556 illorum
1485 3502 1698 3559 animos
1728 3518 1759 3557 a
1788 3504 1979 3559 timore
2004 3520 2102 3560 an-

2201 3334 2411 3406 καρπδν
2442 3334 2535 3388 τοῦ
2568 3336 2772 3401 ἐλαίου,
2814 3336 2911 3409 τὴν
2942 3338 3339 3409 εὐσπλαγχνίαν
3375 3340 3466 3393 τοῦ
3505 3340 3643 3394 θεοῦ
3680 3360 3798 3415 μη-

2205 3424 2340 3491 νύει,
2372 3426 2532 3480 πάλιν
2563 3427 3052 3501 ἀνεξικακήσαντος
3086 3430 3221 3501 μετὰ
3254 3430 3342 3484 τὸν
3368 3432 3794 3503 κατακλυσμὸν,

2207 3516 2313 3570 τῶν
2357 3517 2667 3590 ἀνθρώπων
2698 3520 3077 3591 ἐκτραπέντων
3126 3523 3205 3585 εἰς
3250 3522 3549 3594 ἀθεότητα,
3598 3524 3797 3580 δοῦναι

540 3602 739 3672 xiaque
760 3616 893 3656 cura
944 3601 1001 3656 in
1044 3600 1303 3671 gaudium
1333 3600 1570 3655 obscure
1602 3600 1899 3671 signiﬁcat.
1949 3602 2096 3658 Oliva

2209 3609 2371 3680 νόμον
2399 3612 2491 3664 καὶ
2517 3612 2913 3682 ἐμφανισθῆναί
2954 3631 3083 3677 τισι,
3113 3616 3210 3668 καὶ
3236 3614 3425 3687 ὥσπερ
3451 3616 3800 3671 ἀποσϐεννυ-

542 3710 725 3768 porro,
774 3702 997 3765 propter
1042 3693 1146 3748 olei
1200 3691 1348 3763 quod
1394 3691 1647 3762 producit
1697 3700 1967 3759 naturam,
2009 3693 2096 3751 Dei

2214 3700 2381 3773 μένην
2404 3702 2502 3774 ἤδη
2528 3702 2625 3775 τὴν
2652 3704 2825 3773 αὐγὴν
2854 3705 2953 3775 τῆς
2980 3706 3181 3777 ἀρετῆς
3204 3706 3365 3779 ἐλαίῳ
3396 3708 3640 3763 λιπάναι.

542 3790 973 3848 misericordiam
1004 3789 1283 3861 designat;
1333 3788 1424 3859 qui
1450 3788 1646 3842 iterum
1669 3795 1793 3859 post
1831 3788 2119 3856 diluvium,
2165 3796 2339 3853 versis
2392 3797 2447 3852 in
2497 3798 2829 3867 impietatem
2877 3800 3213 3866 hominibus,
3257 3803 3525 3872 patienter
3572 3804 3791 3867 tulerit,

543 3895 603 3942 ut
651 3887 821 3957 legem
875 3885 1053 3951 daret,
1109 3899 1173 3939 ac
1224 3898 1284 3941 se
1331 3881 1660 3954 quibusdam
1709 3884 2107 3955 manifestaret,
2165 3889 2382 3962 iamque
2441 3906 2609 3963 prope
2661 3895 3113 3965 exstinguendam
3178 3898 3399 3953 virtutis
3447 3899 3626 3954 lucem
3674 3900 3794 3957 olei

544 3982 875 4055 pinguedine
894 3980 1107 4037 foverit.

543 4099 675 4159 Cn.
712 4098 800 4155 lll.
828 4098 1099 4153 Rhamnus
1123 4108 1172 4153 et
1195 4114 1386 4170 agnus,
1419 4100 1686 4155 castitatis
1717 4100 2033 4225 symbollum.
2058 4100 2301 4224 Qualiter
2321 4098 2632 4224 Epangelia,
2661 4099 2718 4154 id
2744 4108 2843 4166 est,
2875 4101 3275 4170 pra'dicationes
3304 4104 3410 4157 sive
3429 4104 3561 4175 leges
3585 4105 3659 4159 ad
3690 4126 3791 4164 sa-

1942 4184 2081 4225 utem
2119 4187 2199 4225 tns
2229 4188 2242 4224 t
2270 4187 2367 4224 uen
2394 4188 2469 4225 es.

1942 4184 2081 4225 utem
2119 4184 2469 4225 tnstttuentes.

614 4286 900 4346 Rhamnus
932 4298 1137 4354 autem,
1166 4288 1308 4345 idem
1340 4289 1434 4359 qui
1470 4305 1643 4362 agnus
1692 4299 1796 4358 est,
1824 4307 1935 4362 quo
1958 4299 2096 4346 utro-

2295 4291 2358 4344 Ἦ
2385 4292 2441 4345 δὲ
2474 4292 2704 4363 Ῥάμνος
2724 4292 2817 4345 καὶ
2841 4292 3036 4360 Ἀγνος
3058 4292 3226 4357 ἐστὶν,
3247 4293 3336 4362 ὑφ’
3357 4286 3431 4347 ὧν
3460 4295 3556 4365 μὲν
3576 4295 3794 4366 ῥάμνος

545 4397 652 4452 que
682 4383 993 4451 promiscue
1015 4383 1234 4437 nomine
1254 4381 1377 4437 aliis
1409 4382 1643 4453 aliisque
1670 4391 1916 4439 vocatur.
1949 4381 2096 4437 Fortt

2214 4381 2564 4453 καλούμενος,
2591 4383 2675 4451 ὑφ’
2709 4375 2784 4435 ὧν
2810 4382 2867 4436 δὲ
2895 4381 3058 4450 ἄγνος
3076 4396 3091 4411 ⁸
3132 4382 3227 4436 καὶ
3255 4382 3395 4453 τάχα
3425 4382 3512 4435 διὰ
3554 4383 3615 4435 τὸ
3649 4400 3794 4454 συγ-

545 4474 709 4528 etiam
765 4474 912 4543 quod
975 4475 1160 4545 planta
1211 4474 1327 4529 haec
1374 4473 1674 4545 virginitati
1707 4473 1881 4529 amnis
1922 4476 2015 4539 sit,
2050 4481 2096 4528 ul

2216 4477 2370 4545 γενές
2402 4474 2566 4545 φυτὸν
2611 4475 2767 4529 τοῦτο
2805 4478 2873 4548 τῇ
2922 4473 3186 4547 παρθενίᾳ
3237 4476 3563 4545 πεφυκέναι,
3612 4458 3795 4553 ταῦτῃ

546 4566 812 4621 rhamnus
844 4575 899 4622 et
939 4583 1113 4640 agnus
1147 4573 1562 4637 nuncuparetur
1588 4566 1823 4622 obtinuit
1875 4584 1889 4621 :
1928 4568 2096 4621 rham-

2221 4567 2424 4640 ῥάμνος
2451 4567 2545 4621 καὶ
2581 4566 2743 4636 ἄγνος
2777 4566 3219 4638 προοηγορεύθη’
3260 4568 3463 4637 ῥάμνος
3488 4568 3605 4638 μὲν,
3633 4567 3792 4641 παρά

550 4675 658 4715 nus
685 4659 927 4730 quidem,
956 4669 1181 4731 pr0pter
1220 4659 1557 4714 soliditatem
1580 4666 1635 4713 et
1663 4657 1926 4713 adversus
1956 4658 2096 4713 volu-

2212 4659 2274 4713 τὸ
2303 4659 2613 4730 στερέμνιον
2645 4659 2740 4712 καὶ⁸
2772 4657 3035 4730 καρτερὸν
3073 4656 3209 4729 πρὸς
3241 4659 3340 4721 τὰς
3369 4658 3588 4728 ήδονάς’
3619 4658 3791 4726 ἄγνος

548 4758 727 4823 ptates
764 4750 1072 4807 ﬁrmitatem
1101 4769 1114 4805 :
1141 4765 1312 4821 agnus
1340 4764 1490 4815 vero,
1520 4748 1622 4804 hoc
1649 4756 1732 4804 est
1760 4757 1932 4812 casta,
1964 4750 2096 4820 quod

2210 4752 2301 4815 δέ,
2358 4753 2506 4824 παρά
2558 4751 2617 4805 τὸ
2658 4751 2947 4815 διαπαντὸς
3003 4751 3269 4820 ἁγνεύειν.
3328 4750 3488 4804 Ὀθεν
3538 4750 3631 4803 καὶ
3689 4748 3790 4804 τὸν

549 4844 676 4899 talis
701 4858 913 4914 semper
942 4843 1123 4898 duret.
1159 4840 1298 4897 Hinc
1340 4849 1394 4896 et
1422 4826 1603 4894 Eliam'
1624 4856 1653 4893 a
1678 4840 1815 4896 facie
1842 4838 2096 4897 Jezabelit

2224 4845 2408 4900 Ἠλίαν
2436 4848 2499 4899 ἐκ
2528 4844 2816 4917 προσώπου
2840 4845 2938 4916 τῆς
2978 4844 3208 4898 Ἰεσάεελ
3236 4844 3490 4914 γυναικὸς
3515 4843 3789 4913 φεύγοντα

552 4936 796 4992 mulieris
841 4933 1136 5005 fugientem
1191 4932 1474 5004 Scriptura
1506 4930 1674 4987 refert
1701 4932 1749 4966 “
1778 4933 1845 4988 ad
1896 4933 2111 4988 rbamni

552 5027 788 5098 primum
822 5026 1069 5082 umbram
1103 5025 1419 5089 secessisse,
1472 5022 1654 5093 ibique
1679 5023 1994 5079 exauditum
2018 5038 2111 5078 ro-

551 5097 656 5174 bur
683 5120 979 5189 accepisse,
1013 5132 1078 5171 ac
1100 5118 1282 5172 cibum
1308 5116 1609 5186 sumpsisse
1633 5135 1646 5170 :
1678 5116 1824 5187 quod
1854 5117 2112 5171 nimirum

552 5210 601 5266 ei
633 5211 728 5282 qui
752 5210 994 5265 libidinis
1024 5208 1160 5280 fugit
1187 5216 1439 5273 (nstrum,
1474 5223 1641 5278 seque
1682 5223 1714 5261 a
1741 5208 1969 5264 muliere
2000 5208 2114 5264 exi-

555 5306 674 5369 mit,
708 5303 812 5359 boc
837 5310 945 5369 est,
985 5316 1017 5357 a
1041 5303 1337 5373 voluptate,
1381 5299 1618 5373 hospitio
1640 5301 1713 5358 sit
1735 5315 1800 5356 ac
1824 5301 2118 5357 umbracu-

2212 4936 2370 5006 λόγος
2404 4936 2508 4989 ὑπὸ
2537 4937 2738 5006 ῥάμνον
2766 4935 2937 4990 ἐλθεῖν
2976 4936 3213 5008 πρῶτον,
3242 4937 3337 4990 καὶ
3365 4934 3792 4989 είσακουσθέντα

2212 5025 2493 5096 ἐνισχῦσαι
2526 5026 2618 5078 καὶ
2642 5024 2825 5079 λαϐεῖν
2850 5027 3074 5099 τροφὴν,
3092 5027 3174 5080 ὅτι
3202 5027 3308 5080 τῶν
3344 5028 3652 5097 φευγόντων
3673 5026 3790 5097 (51)

2214 5114 2450 5188 οἶστρον,
2480 5117 2575 5171 καὶ
2604 5116 2700 5188 τὴν
2725 5120 2977 5186 γυναῖκα,
3003 5117 3099 5190 τὴν
3128 5117 3342 5191 ἡδονὴν,
3364 5118 3424 5172 τὸ
3444 5115 3792 5188 καταγώγιον

2217 5208 2312 5263 καὶ
2340 5210 2374 5279 ἡ
2407 5207 2601 5278 σκέπη,
2633 5206 2693 5260 τὸ
2724 5209 2821 5279 τῆς
2856 5208 3075 5277 ἁγνείας
3113 5207 3411 5279 ἐϐλάστησε
3445 5208 3599 5276 ξύλον
3622 5249 3638 5273 ,
3680 5209 3792 5263 ἀπὸ

2218 5300 2317 5371 τῆς
2350 5300 2652 5373 παρουσίας
2683 5299 2777 5353 τοῦ
2819 5300 3217 5373 ἀρχιπαρθένου
3263 5299 3496 5372 Χριστοῦ
3542 5300 3789 5372 βασιλεῦ-

606 5460 651 5490 '°
682 5456 811 5513 Cen.
839 5470 926 5527 ιιι,
957 5456 1010 5514 7.
1078 5460 1120 5493 "
1154 5456 1282 5539 Cen.
1313 5472 1387 5521 Ix,
1410 5455 1501 5511 22.
1570 5459 1616 5491 “
1638 5456 1754 5512 Jer.
1784 5473 1901 5522 vnt,
1949 5457 2030 5512 15.

2200 5453 2318 5510 lcet.
2346 5472 2409 5521 ιι,
2442 5455 2534 5511 22.
2605 5456 2656 5488 ⁸⁸
2680 5454 2779 5510 ΙΙΙ
2803 5456 2931 5529 Reg.
2963 5473 3085 5529 xu,
3106 5458 3161 5513 ι.

624 5615 735 5688 (50)
765 5616 1119 5691 annédta.
1170 5614 1314 5691 ‘Avr‘t
1341 5613 1455 5691 τοῦ,
1486 5613 1831 5691 κηρύγματα,
1859 5611 2111 5683 prtedica-

558 5682 739 5769 tione-3',
773 5682 915 5769 leges
940 5682 1011 5741 ad
1040 5688 1264 5769 salutem
1299 5682 1975 5769 instituentes‘.'Coupsrts.

629 5758 740 5829 (51)
776 5752 897 5812 Τῶν
923 5757 1283 5827 φευγόντων.
1317 5754 1570 5821 Allatius,
1604 5753 1691 5807 τὸν
1718 5753 2002 5823 φεύγοντα.
2037 5752 2118 5808 Ad

2222 5626 2389 5683 quem
2422 5610 2598 5665 locum
2628 5609 2741 5683 inec
2765 5611 2943 5668 editor
2971 5611 3249 5683 Lupareus
3285 5632 3297 5667 :
3332 5612 3450 5667 Τῶν
3480 5611 3795 5683 φευγόντων

2222 5680 2547 5756 rescriptum
2589 5680 2907 5756 ex_P.ltotio.
2950 5680 3081 5739 Nam
3133 5692 3321 5741 noster
3374 5680 3608 5739 habebat
3656 5682 3794 5756 πρὸς

2222 5751 2314 5807 τὸν
2342 5750 2625 5822 φεύγοντα.
2656 5750 2825 5809 (ἔδει.
