3972 6212
205 369 311 427 197
1301 371 1686 430 εοΝνινιυΜ
1717 373 1773 429 D]

1885 373 1952 429 ΖΜ
1990 372 2354 432 VIRGINUM.
3349 382 3453 440 198

205 504 313 541 σαν
334 487 445 542 τῶν
468 486 784 560 ἀνθρώπων.
805 487 925 544 Τῶν
949 491 1059 563 γὰρ
1080 491 1310 563 πρώτων
1336 492 1773 562 ἀδυνατησάντων

1888 491 1971 558 Ιο;
2004 506 2126 563 quae
2150 508 2181 547 a
2206 490 2411 547 Christi
2452 490 2723 564 virginum
2752 491 3018 565 principis
3067 493 3303 552 adventu
3357 496 3456 555 bo-

206 583 383 637 σῶσαι
425 581 877 654 νομοθετημάτων
930 584 1022 639 τὸν
1049 584 1333 657 ἄνθρωπον
1354 626 1369 651 ,
1415 585 1522 639 τῶν
1551 585 1643 638 ἐπὶ
1682 584 1774 639 τοῦ

1886 579 2091 634 minum
2118 580 2348 651 imperio
2375 581 2569 650 potita,
2602 582 2765 636 arbor
2791 583 3138 653 germinavit.
3170 583 3305 643 Nam
3329 604 3454 646 cum

214 675 389 746 Ἀδὰμ
420 677 514 729 καὶ
560 673 654 729 τοῦ
691 675 844 743 Νῶε,
887 677 979 730 καὶ
1021 677 1129 731 τῶν
1156 679 1248 732 ἐπὶ
1275 677 1369 731 τοῦ
1407 679 1714 743 Μωῡσέως,
1742 681 1777 751 ἡ
1883 671 2029 742 leges
2045 670 2260 739 Adami,
2281 681 2334 729 et
2360 672 2476 729 Noe
2506 672 2820 745 Moysisque
2846 677 3188 747 temporibus
3209 679 3351 746 latae,
3372 697 3458 737 sa-

198 768 344 823 κατά
372 767 439 824 τὸ
488 769 822 838 Εὑαγγέλιον
852 769 1022 824 ἔσωσε
1058 771 1192 843 μόνη
1226 772 1512 844 νομοθεσία
1547 771 1766 837 πάντας.

1884 761 2049 817 lutem
2076 762 2282 817 homini
2311 773 2572 834 praestare
2599 764 2995 834 nequivissent,
3019 768 3137 823 sola
3166 768 3255 824 lex
3281 785 3452 827 evan-

1880 854 2052 925 gelica
2082 863 2313 913 cunctos
2336 858 2517 914 salvos
2554 856 2706 913 fecit.

274 942 346 996 Ἦ
378 944 491 1015 γὰρ
538 944 689 1016 συκῆ
719 945 892 1018 ταύτῃ
945 946 1162 1016 λέγεται
1208 946 1281 1019 μὴ
1330 947 1641 1019 βασιλεῦσαι
1669 949 1777 1004 τῶν

1951 943 2077 1001 Hac
2109 947 2254 1002 enim
2302 963 2469 1004 causa
2499 957 2585 1005 est
2636 966 2737 1005 cur
2766 949 2903 1007 licus
2935 951 3193 1009 arborum
3223 969 3453 1026 regnum

192 1034 397 1102 ξύλων,
457 1035 566 1089 τῶν
611 1036 916 1109 ἀνθρώπων
962 1039 1294 1110 νοουμένων
1331 1042 1502 1113 συκῆς
1553 1042 1641 1106 δὲ,
1677 1043 1760 1113 τῆς

1882 1035 2023 1108 (quae
2046 1039 2306 1096 nimirum
2338 1041 2569 1111 spiritali
2594 1058 2783 1108 sensu,
2819 1043 3101 1114 homines;
3140 1045 3275 1103 licus
3294 1061 3450 1115 vero,

192 1130 419 1201 ἐντολῆς
442 1148 457 1160 ·
487 1130 607 1184 ἀνθ’
644 1124 718 1185 ὧν
747 1132 774 1183 ὁ
803 1131 1084 1203 ἄνθρωπος
1131 1131 1267 1203 μετά
1301 1133 1362 1186 τὸ
1394 1136 1579 1187 πεσεῖν
1619 1134 1760 1207 ἤθελε

1880 1130 2198 1186 mandatum
2246 1132 2607 1205 intelligatur)
2674 1148 2785 1190 non
2844 1136 3150 1193 obtinuisse
3210 1138 3448 1196 dicatur.

192 1224 362 1277 πάλιν
388 1224 499 1278 ἀπὸ
525 1224 626 1295 τῆς
651 1225 857 1296 ἀρετῆς
883 1225 1278 1296 βασιλεύεσθαι,
1315 1228 1408 1281 καὶ
1430 1230 1531 1301 τῆς
1567 1229 1760 1302 ἀφθαρ-

1882 1220 2081 1294 Nempe
2095 1225 2318 1294 optabat
2332 1226 2493 1282 homo
2506 1233 2628 1297 post
2640 1241 2825 1283 casum
2840 1229 3025 1292 etiam,
3044 1231 3264 1286 virtutis
3277 1231 3450 1303 impe-

190 1317 317 1380 σίας
346 1318 445 1372 τοῦ
489 1318 823 1390 παραδείσου.
863 1320 961 1390 τῆς
1004 1321 1216 1392 τρυφῆς
1262 1321 1336 1394 μὴ
1384 1323 1751 1397 ἀποϐληθῆναι

1881 1316 1960 1370 rio
1983 1317 2204 1386 subjici,
2232 1333 2334 1373 nec
2357 1319 2427 1374 ab
2456 1319 2864 1391 incorruptione
2886 1322 3122 1391 paradisi
3154 1324 3449 1395 voluptatis

200 1410 347 1463 Ἀλλ’
376 1410 724 1483 ἀπεκρούσθη
776 1410 1047 1484 παραϐὰς,
1096 1414 1190 1467 καὶ
1213 1414 1490 1489 ἀπεϐλήθη
1534 1416 1768 1489 μακρὰν,

1883 1408 2022 1479 ejici.
2064 1408 2199 1478 Ejus
2232 1417 2415 1467 tamen
2437 1412 2594 1479 illud,
2627 1415 3100 1484 praevaricationis
3149 1426 3327 1482 reatu,
3363 1434 3451 1475 re-

184 1504 263 1569 ὡς
298 1504 376 1575 μὴ
404 1504 831 1575 δυνάμενοςύπὸ
848 1506 947 1577 τῆς
974 1504 1281 1579 ἀφθαρσίας
1306 1507 1405 1572 ἔτι,
1426 1509 1559 1580 μηδέ
1580 1509 1752 1584 χωρῶτ

1879 1502 2093 1572 pulsum
2115 1503 2445 1559 desiderium
2471 1524 2486 1573 ;
2527 1506 2751 1577 ipseque
2772 1508 2964 1578 procul
2985 1508 3307 1564 exturbatUs
3328 1518 3447 1579 est;

188 1597 597 1671 βασιλεύεσθαι.
634 1599 746 1652 Καὶ
797 1599 1015 1671 πρῶτον
1066 1600 1212 1671 αύτῷ
1239 1600 1299 1654 τὸ
1330 1603 1591 1674 κήρυγμα
1635 1602 1756 1674 μετέ

1880 1606 1935 1650 ut
1964 1597 2057 1667 qui
2088 1596 2351 1669 deinceps
2380 1600 2449 1655 ab
2484 1600 2899 1671 incorruptione
2937 1601 3053 1671 regi
3083 1618 3195 1657 non
3239 1608 3448 1673 pesset,

184 1691 285 1763 τὴν
307 1691 622 1763 παράϐασιν
650 1691 925 1763 πέμπεται
958 1692 1019 1745 τὸ
1046 1691 1132 1746 διὰ
1160 1692 1301 1747 Νῶε”
1324 1693 1390 1748 ἵν’
1420 1694 1513 1748 ἐὰν
1536 1696 1745 1767 πρόσχῃ

1879 1705 1975 1745 nec
2004 1692 2124 1761 ejus
2152 1708 2323 1763 capax
2358 1694 2751 1750 dominationis
2798 1704 2967 1751 esset.
3018 1694 3313 1766 Primaque
3369 1698 3447 1752 illi

182 1784 289 1839 κᾶν
316 1783 495 1855 τούτῳ
526 1783 764 1855 σωθῆναι
797 1782 897 1855 τῆς
923 1785 1196 1857 ἁμαρτίας
1226 1784 1436 1862 ἰσχύσῃ,
1463 1788 1750 1841 ἀνάπαυσις

1882 1792 1999 1855 post
2025 1787 2544 1856 transgressionem,
2571 1803 2692 1858 quae
2726 1802 2822 1857 per
2846 1786 2960 1843 Noe
2982 1790 3149 1853 esset,
3182 1789 3450 1858 praedica-

180 1876 670 1947 ἀπαγγελλόμενον
695 1875 792 1947 τὴν
822 1877 930 1930 ἀπὸ
955 1878 1062 1931 τῶν
1092 1877 1275 1932 κακῶν
1295 1880 1388 1931 κα)⁸
1410 1880 1746 1951 εὐφροσύνην

1879 1875 1952 1929 tio
1980 1875 2247 1942 mittitur;
2312 1877 2401 1931 cui
2450 1877 2496 1932 si
2554 1876 2861 1933 attenderet
2889 1878 3156 1943 animum,
3199 1885 3386 1948 posset
3415 1892 3447 1933 a

179 1972 229 2023 εί
250 1970 559 2041 ἀσκήσαιεν
602 1970 733 2023 αὐτὸ
767 1968 906 2023 κατά
941 1970 1158 2042 κράτος.
1194 1972 1404 2045 Ὥσπερ
1436 1973 1528 2026 καὶ
1562 1968 1702 2025 οἶνον
1730 1974 1747 2025 'l

1876 1975 2096 2037 peccato
2144 1969 2355 2023 servari
2410 1984 2425 2023 :
2471 1969 2676 2040 quippe
2731 1985 2857 2024 cum
2893 1971 2985 2023 illa
3019 1970 3380 2026 cessationem
3414 1985 3444 2024 a

177 2061 434 2131 ἄμπελος
461 2062 854 2130 ἐπαγγέλλεται
879 2064 1070 2134 γεννᾷν
1098 2066 1208 2129 τοῖς
1234 2064 1461 2118 ἀσκοῦσι
1484 2066 1578 2120 καὶ
1600 2067 1745 2138 ἐργα

1879 2060 2026 2114 [nalis
2049 2060 2401 2131 laetitiamque
2417 2062 2759 2130 promitteret
2790 2063 2859 2127 ⁸⁸,
2888 2062 2935 2117 si
2960 2062 3216 2118 omnibus
3235 2061 3447 2117 viribus

174 2154 454 2225 ζομὲνηις.
510 2154 671 2209 Ἀλλὰ
692 2156 786 2209 καὶ
817 2155 978 2209 τοῦτο
1011 2157 1112 2210 οὐκ
1150 2156 1463 2210 ἐϐασίλευσε
1502 2158 1562 2211 τὸ
1603 2175 1742 2228 νομοι

1876 2166 1985 2206 eam
2017 2152 2369 2209 excoluisset.
2399 2153 2554 2208 [laud
2586 2169 2748 2209 secus
2771 2169 2837 2210 ac
2868 2156 3021 2221 vitis,
3053 2156 3323 2211 edendum
3345 2157 3444 2212 abs

174 2247 398 2320 θέτημα
435 2249 536 2320 τῆς
562 2244 996 2320 ἀνθρωπὸτητος,
1024 2249 1108 2303 ὃτι
1145 2249 1222 2321 μὴ
1255 2250 1585 2321 ἐπείσθησαν
1618 2250 1742 2322 αὐτᾷ

1873 2257 1928 2298 se
1959 2244 2149 2298 vinum
2181 2244 2325 2298 haud
2370 2245 2519 2300 inani
2561 2262 2657 2317 spe
2704 2248 3016 2317 pollicetur,
3067 2250 3114 2305 si
3164 2251 3289 2321 quis
3323 2265 3441 2305 eam

173 2341 583 2412 κηρυσσομένῳ
626 2341 930 2404 σπουδαίως
968 2342 1103 2413 πρὸς
1151 2341 1246 2396 τοῦ
1275 2342 1418 2395 Νῶε.
1473 2342 1633 2397 Ἀλλά
1671 2359 1741 2398 κα

1874 2335 2010 2389 colat
2040 2350 2105 2389 ac
2135 2335 2321 2390 labore
2340 2346 2614 2393 exerceat.
2651 2339 2848 2394 Verum
2880 2356 2950 2395 ne
2974 2340 3091 2395 haec
3122 2340 3342 2411 quidem
3358 2342 3442 2397 lex

171 2434 319 2503 μετὰ
355 2432 422 2486 τὸ
456 2433 775 2503 συνέχεσθαι
820 2434 919 2506 ἤδη
960 2434 1053 2488 κα)⁸
1095 2435 1380 2504 πνίγεσθαι
1428 2438 1540 2501 τοῖς
1581 2436 1739 2491 ὕδασι

1874 2440 2032 2495 super
2061 2426 2310 2482 homines
2332 2430 2601 2497 regnavit,
2633 2432 2778 2502 quod
2832 2434 2882 2489 ei
2933 2436 3185 2490 homines
3214 2434 3442 2505 obsequi

169 2526 419 2598 ἦρξαντο
474 2527 755 2596 μετανοεῖν
780 2566 794 2590 ,
866 2527 960 2581 καὶ
1028 2527 1456 2597 ἐπαγγέλλεσθαι
1504 2531 1737 2603 παρέχει

1878 2524 2214 2583 recusarunt,
2247 2519 2353 2574 etsi
2384 2535 2504 2575 eam
2530 2520 2644 2577 Noe
2671 2533 2894 2580 strenue
2915 2525 3305 2597 promulgaret.
3334 2526 3446 2581 Ca»

169 2622 410 2684 ἑαυτοὺς
466 2619 928 2692 πεισθησομένους
968 2623 1090 2684 ταῖς
1138 2620 1397 2684 ἐντολαῖς.
1462 2621 1621 2675 Ὅθεν
1669 2640 1737 2676 κα

1874 2614 2043 2664 terum
2098 2612 2259 2667 malis
2290 2612 2504 2679 domiti,
2538 2623 2591 2670 et
2617 2626 2905 2688 postquam
2937 2619 3179 2689 undique
3206 2619 3442 2673 circum-

169 2714 656 2787 ὑπερηφανοῦνται
708 2713 1085 2786 βασιλεύεσθαι
1127 2714 1279 2784 (5‘2),
1330 2715 1606 2773 τουτέστιν
1658 2716 1737 2769 ὑπ

1875 2701 2013 2755 venti
2044 2703 2202 2772 aquis
2235 2705 2662 2777 suil‘ocarentur,
2718 2717 3005 2780 cmperunt
3056 2712 3324 2781 poenitere
3379 2725 3443 2766 ac

166 2810 267 2865 τοῦ
340 2808 705 2880 κηρύγματος
758 2807 1253 2882 .ὑπερηφανοῦνται
1307 2806 1614 2880 βοηθεῖσθαι
1663 2808 1730 2879 τῆ

1875 2796 2115 2866 polliceri
2147 2798 2296 2854 dicto
2331 2815 2390 2856 se
2430 2800 2720 2858 audientes
2751 2803 2866 2859 fore
2896 2812 2950 2859 et
2979 2806 3254 2875 parituros
3285 2821 3443 2860 man-

168 2903 435 2973 ὲντολῆς,
499 2901 1030 2974 ἀνταποκρινομένου
1066 2899 1160 2955 τοῦ
1207 2900 1521 2972 Πνεύματος
1582 2902 1736 2955 αὐτοῖη

1873 2888 2034 2948 datis.
2067 2892 2338 2959 Quocirca
2393 2894 2621 2963 spretim
2670 2894 3017 2964 rejiciuntur,
3082 2913 3151 2952 ne
3196 2895 3441 2951 mandati

166 2997 263 3048 καὶ
279 2992 669 3058 ὀνειδίζοντος,
710 2993 897 3065 ὥσπερ
938 2993 1263 3065 κατέλειψαν
1306 2988 1389 3058 οἷς
1423 2994 1734 3049 ἐκέλευσεν

1874 2984 2254 3055 praedicatione
2279 2986 2576 3057 juventur;
2602 2988 2968 3059 respondente
2993 2990 3101 3045 illis
3145 2988 3351 3061 Spiritu
3376 3005 3442 3047 ac

164 3086 300 3148 Θεὸς
348 3082 696 3155 ἀνθρώποις·
737 3080 807 3136 ’Ὦ
846 3083 1212 3156 ἀτεράμονες,
1264 3083 1476 3156 βοηθεῖν
1527 3085 1624 3158 μὲν
1668 3105 1732 3140 κα

1873 3078 2249 3148 exprobrante,
2281 3079 2427 3150 quod
2459 3079 2903 3151 dereliquissent,
2958 3084 3160 3153 quibus
3196 3084 3441 3155 jusserat

167 3180 374 3246 σώζειν
426 3177 651 3242 τούτους
687 3178 783 3232 καί
827 3177 1157 3250 εὐφραίνειν,
1201 3172 1312 3231 οἷον
1358 3179 1453 3232 τὸν
1496 3177 1619 3232 Νῶε
1666 3196 1735 3233 κα

1868 3167 2010 3225 Deus
2044 3177 2105 3225 ut
2134 3170 2242 3228 illis
2275 3187 2433 3242 opem
2459 3171 2684 3238 ferrent,
2716 3174 3060 3247 salutemque
3086 3191 3150 3231 ac
3196 3177 3436 3233 lmtitiam

330 3273 432 3327 σὺν
453 3233 800 3343 αύτῷίέλθω
830 3233 1116 3342 βοηθῆσαι,
1142 3233 1262 3335 τοῖς
1296 3272 1609 3343 φρονήσεως
1634 3272 1732 3342 ὑμῖ

1873 3271 2217 3334 praestarent;
2280 3264 2395 3321 Noe
2437 3266 2647 3322 scilicet
2695 3268 2873 3324 virum
2931 3278 3182 3325 sanctum
3212 3271 3441 3343 ejusque

165 3367 450 3438 ἀκάρποις
478 3364 572 3418 καὶ
597 3363 777 3436 ξηρῶν
800 3362 969 3429 ξύλων
987 3363 1140 3417 οὐδὲν
1171 3364 1471 3431 ἀπεοικὸσι,
1497 3365 1733 3438 πρότεροι

1872 3357 2204 3429 progeniem.
2246 3358 2330 3412 Ad
2364 3374 2460 3414 vos
2496 3360 2778 3426 nimirum,
2808 3376 2841 3417 ο
2876 3371 3253 3426 contumaces,
3288 3365 3440 3419 nullo

166 3458 241 3528 μὴ
294 3454 627 3510 πιστεύσασι
680 3472 772 3527 μοι
828 3453 1155 3526 κηρύσσοντι
1196 3453 1353 3525 φύξιν
1395 3454 1507 3508 τῶν
1556 3454 1734 3526 παρόν

1869 3450 2167 3522 prudentia:
2201 3448 2383 3505 fructu
2413 3452 2850 3520 commendatos,
2904 3469 3063 3524 opem
3113 3454 3269 3508 vobis
3299 3454 3437 3508 alla-

155 3560 315 3614 αυνὶ

1874 3552 2042 3609 turus,
2070 3544 2317 3612 veniam;
2349 3551 2404 3599 et
2450 3544 2543 3615 qui
2574 3562 2605 3601 a
2654 3546 2817 3617 lignis
2847 3546 3018 3602 aridis
3062 3545 3198 3600 nihil
3230 3545 3442 3601 diﬂ‘era-

1858 3639 1961 3705 tis;
1992 3639 2087 3710 qui
2119 3638 2274 3709 prius
2301 3638 2623 3710 pradicanti
2658 3640 2793 3695 mihi
2841 3655 2871 3695 a
2919 3640 3155 3696 terrenis
3199 3653 3437 3695 avocan-

1855 3731 1986 3787 dum
2018 3732 2285 3799 animum,
2324 3731 2483 3788 iidem
2512 3748 2622 3788 non
2653 3731 3055 3791 adhibueritis?

599 3894 732 3952 CAP.
771 3893 862 3951 ιν.
892 3893 1004 3951 Lex
1039 3897 1247 3952 inutilis
1293 3896 1364 3951 ad
1395 3896 1641 3951 salutem.
1679 3894 1963 3951 Castitatis
2003 3903 2273 3964 postrema
2314 3893 2399 3949 (ea;
2433 3894 2527 3949 sub
2561 3896 2773 3949 rltamni
2812 3894 3002 3961 specie.

224 4032 350 4088 Καὶ
409 4030 478 4104 δὴ
545 4030 640 4085 καὶ
685 4027 889 4084 τούτων
956 4029 1099 4084 οὕτω
1164 4028 1582 4096 ἀπαξιωθέντων
1650 4028 1752 4099 τῆς

1928 4027 2137 4099 Hisque
2172 4028 2307 4084 adeo
2328 4029 2493 4084 etiam
2524 4044 2623 4100 per
2648 4032 2798 4085 hunc
2849 4027 3071 4085 modum
3120 4045 3151 4085 a
3184 4029 3438 4105 benignas

160 4125 317 4190 θείας
346 4124 705 4197 κηδεμονίας,
739 4123 833 4176 καὶ
877 4121 1037 4176 πάλιν
1067 4118 1165 4195 τῆς
1210 4121 1623 4194 ἀνθρωπότητος
1672 4123 1728 4175 εί‹

1864 4120 1951 4177 Dei
1978 4122 2338 4188 providentia:
2365 4138 2497 4178 cura
2534 4121 2828 4188 abdicatis,
2888 4138 2953 4179 ac
2993 4139 3190 4181 rursus
3244 4134 3432 4196 postea

165 4218 377 4289 πλάνην
414 4213 741 4286 κεχυμένης,
772 4209 929 4277 αὖθις
956 4214 985 4266 ὁ
1013 4212 1144 4277 Θεὸς
1180 4211 1465 4266 ἀπέστειλε
1506 4210 1733 4283 βασιλεύ-

1868 4210 2097 4266 humano
2122 4227 2321 4283 genere
2352 4213 2409 4267 in
2439 4227 2660 4269 errores
2697 4214 2904 4286 eﬂfuso;
2937 4231 3059 4285 quae
3088 4231 3315 4288 regnum
3337 4218 3436 4275 ob-

166 4327 322 4364 νοντα
347 4309 548 4379 νόμον,
578 4307 672 4359 καὶ
695 4306 1074 4377 ὑπομνήσοντα
1091 4303 1435 4376 δικαιοσύνην
1462 4305 1556 4358 ἐπὶ
1583 4306 1734 4359 Μωῦ-

1858 4302 2052 4358 tineret
2072 4317 2137 4356 ac
2159 4303 2393 4373 justitiae
2412 4313 2806 4371 comnioneret,
2831 4305 2934 4361 sub
2953 4306 3137 4379 Moyse
3159 4308 3426 4380 principe,

166 4405 321 4469 σέως.
356 4404 428 4457 Οἱ
457 4402 540 4466 δὲ,
568 4399 794 4471 ’μακρὰν
823 4400 916 4454 καὶ
950 4398 1125 4470 τούτῳ
1169 4396 1380 4469 χαίρειν
1408 4398 1734 4469 φράσαντες.

1866 4410 1890 4451 a
1920 4395 2031 4453 Deo
2064 4398 2153 4453 lex
2178 4398 2348 4454 missa
2368 4404 2474 4455 est.
2509 4396 2711 4454 Verum
2741 4399 2798 4454 hi
2827 4414 3048 4471 quoque
3078 4402 3269 4457 eadem
3303 4417 3434 4473 pro-

164 4498 240 4564 li;
290 4495 747 4564 είδωλολατρείαν
802 4492 1158 4565 μετέστησαν.
1208 4489 1368 4544 Ὅθεν
1413 4492 1442 4544 ὁ
1484 4489 1617 4554 Θεὸς
1673 4490 1732 4543 eli

1866 4490 1950 4547 cul
1984 4490 2165 4546 valere
2187 4491 2366 4564 jussa,
2405 4490 2678 4549 idolorum
2702 4493 2876 4551 cultui
2907 4492 3275 4555 adhaeserunt.
3291 4494 3434 4552 Hinc

243 4699 471 4775 “.Gen.
506 4715 563 4765 v,
601 4698 693 4753 29.

231 4885 352 4956 (52)
372 4896 375 4899 '
392 4881 937 4969 Ὑξξερίηςξανοῦγται
958 4883 1410 4969 βασιλεύεσθαι.
1436 4884 1602 4969 Quasi
1625 4901 1751 4969 con-
1784 4889 1799 4943 1

1857 4885 2239 4969 praedicatione
2265 4884 2633 4969 alio-torquet.
2668 4884 2759 4939 Sic
2787 4885 2930 4969 enim
2961 4884 3050 4969 ille
3071 4883 3217 4969 hunc
3246 4883 3425 4939 locum

160 4955 364 5026 lapte:
392 4956 710 5036 reﬁciuntur
730 4956 1021 5024 neimperio
1046 4966 1314 5025 regantur,
1345 4963 1399 5009 et
1420 4972 1485 5036 ne
1507 4955 1745 5010 fructum
1854 4955 2245 5036 interpretatur
2272 4975 2285 5036 ι
2318 4975 2336 5007 ι
2368 4955 2575 5036 Bejeéti
2601 4963 2932 5036 tamennsunt
2959 4963 3013 5011 et
3039 4956 3236 5036 spreti,_
3253 4969 3429 5036 neque

158 5042 229 5083 ex
260 5024 661 5098 praedicatione
691 5024 1322 5098 consequantur;quam
1357 5025 1564 5095 pridem
1595 5042 1747 5098 spre-
1852 5024 2017 5097 digni
2034 5029 2132 5083 visi
2165 5035 2292 5082 sunt
2314 5027 2404 5096 qni
2438 5024 2755 5098 regerentur
2775 5026 2868 5080 illo
2902 5024 3151 5095 imperio,
3185 5024 3237 5079 id
3263 5024 3427 5098 e_st,a

161 5094 296 5160 tani,
326 5097 445 5152 Dioe
465 5096 772 5169 lahricante
791 5094 999 5158 arcam,
1024 5094 1311 5169 aquis—jam
1343 5094 1529 5151 diluvii
1550 5094 1745 5169 pressi,
1853 5094 2189 5169 promulgata
2225 5094 2479 5166 illis—lege
2500 5094 2863 5169 iuvarentur:
2901 5104 3257 5169 responsante
3292 5094 3427 5169 ipsis

164 5183 287 5222 sera
324 5167 653 5239 ρωιιῇιεηιίε
695 5169 1041 5237 amplexuros
1076 5165 1141 5222 Se
1170 5165 1588 5239 pollicebantur.
1623 5167 1748 5222 Haec
1856 5165 2155 5239 Spiritu'et
2196 5165 2581 5239 exprobrante,
2629 5165 2774 5239 quod
2812 5165 3178 5239 neglexissent
3220 5166 3423 5218 monita

163 5236 609 5309 mllethkodii
638 5236 812 5303 mens,
841 5252 1004 5309 quam
1040 5246 1093 5292 et
1135 5236 1310 5309 magis
1335 5238 1598 5301 declarat,
1627 5254 1749 5309 qua)
1854 5236 2042 5295 eorum
2074 5240 2166 5309 qui
2196 5236 2475 5309 DeiAjussu
2509 5251 2571 5309 ac
2611 5238 2781 5293 missu
2822 5238 2887 5289 ad
2932 5237 3079 5306 ipsos
3126 5243 3424 5304 venerant;

163 5309 446 5381 sequitur,
476 5306 714 5381 Spiritus
767 5305 941 5381 salicti
986 5305 1353 5381 euprobratio,
1410 5309 1486 5363 illi
1535 5305 1748 5379 gemina
1854 5318 2019 5379 atque
2049 5305 2227 5381 ai'cnrte
2253 5327 2265 5362 :
2288 5305 2416 5381 illos
2452 5307 2693 5381 quidem,
2723 5323 2756 5362 ο
2779 5305 3426 5381 contuiuaces,quos_re-

163 5374 311 5448 quod
344 5374 583 5433 habetur
608 5377 767 5432 Prov.
792 5374 931 5441 ιξὲιι
964 5396 977 5432 :
1011 5374 1147 5444 Quia
1174 5380 1371 5441 vocavi,
1399 5390 1454 5450 et
1474 5374 1745 5446 renuistis,
1847 5374 2059 5450 jec'istis
2083 5379 2440 5450 irrisistisque
2467 5374 2736 5450 salutaria
2766 5377 2919 5450 vobis
2957 5374 3277 5450 suadentes;
3311 5374 3422 5430 Noe

162 5446 292 5511 etc.,
320 5466 421 5520 ego
448 5464 649 5520 quoque
680 5450 733 5503 in
759 5450 976 5503 interitu
1000 5459 1167 5504 vestro
1197 5450 1394 5504 ridebo.
1425 5449 1557 5518 Quae
1585 5452 1746 5506 minae
1848 5446 2101 5506 videlicet
2132 5466 2195 5505 ac
2227 5446 2366 5503 ﬁlios
2395 5448 2533 5515 ejus,
2577 5462 2683 5520 _ego
2724 5447 2779 5520 in
2810 5447 2912 5501 hoc
2955 5446 3272 5520 discrimine
3306 5462 3429 5503 ser-

161 5528 214 5592 et
245 5518 380 5577 illos
427 5518 673 5586 manent,
697 5522 808 5592 _qui
858 5535 962 5575 nec
1004 5520 1350 5591 lege'gratite,
1386 5522 1564 5592 quoad
1597 5522 1742 5584 licet,
1852 5523 1993 5577 vabo
2041 5530 2095 5577 et
2141 5519 2490 5592 consolabor,
2538 5518 2685 5571 ultro
2733 5518 2803 5592 iis
2836 5518 3418 5592 suppetias‘veniens:

160 5589 345 5657 iuvari
385 5593 632 5663 student.
685 5587 949 5663 Quocirca
998 5587 1106 5663 non
1146 5587 1293 5647 bene
1337 5587 1611 5663 (Allatius)
1649 5595 1742 5662 qui
1814 5608 1948 5662 _vos
1977 5601 2155 5647 autem
2187 5591 2357 5645 malas
2397 5588 2844 5663 arbores,___nullo
2895 5587 3192 5663 prudentiae
3240 5592 3420 5663 fructu

164 5677 359 5716 vocem
401 5661 875 5732 ὓπερηφανοῦνται
922 5662 1094 5716 active
1143 5657 1354 5727 reddit,
1391 5657 1742 5733 superbienies
1814 5657 2280 5724 'commendatas,
2331 5668 2385 5716 et
2431 5660 2567 5733 nihil
2604 5657 2983 5733 dill'erentesa
3024 5658 3186 5733 lignis
3227 5659 3419 5724 aridis,

164 5733 446 5800 inperium
474 5730 640 5800 supra
665 5740 987 5804 sepositum,
1020 5740 1148 5795 etc.,
1173 5734 1282 5787 imo
1300 5730 1666 5803 certe'rejecti
1687 5743 1743 5789 et
1849 5749 2069 5804 pessum
2094 5735 2190 5796 ire,
2227 5738 2285 5787 ut
2311 5732 2558 5804 cepistis
2582 5738 2637 5804 et
2660 5730 2808 5801 digni
2838 5730 2994 5804 estis,
3021 5730 3217 5804 patiar,
3246 5745 3423 5804 quan-

162 5798 336 5872 spreti
382 5798 669 5875 suntanec
702 5802 1010 5875 digni_visi,
1055 5804 1147 5873 qui
1194 5804 1288 5859 illo
1334 5798 1557 5872 imperio
1588 5819 1743 5875 rege-
1847 5798 1920 5860 ilo
1947 5804 2102 5868 mihi,
2134 5798 3309 5875 anteapriadicantipraesentium’malorum
3335 5798 3415 5852 fu-

160 5871 381 5929 rentur.
403 5873 521 5930 Non
550 5873 685 5931 bene
712 5871 837 5930 item
860 5871 1142 5932 Possinius
1169 5890 1290 5946 quae
1315 5875 1383 5932 de
1413 5871 1527 5933 Noe
1558 5871 1739 5947 spreta
1844 5890 1989 5943 qam,
2030 5876 2188 5933 iidem
2223 5871 2479 5929 adhibere
2505 5873 2776 5929 noluistis.
2809 5892 2828 5925 ι
2864 5872 3154 5928 (Ξοιωεειε.
