3962 6204
524 347 632 406 199

1480 343 1538 399 8.
1581 342 1917 401 ΜΕΤΗΟΒΙΙ
1958 342 2269 401 EPISCOPl
2313 344 2399 399 ET
2444 341 2807 400 MARTYRIS

3658 347 3768 403 200

522 465 669 523 Deus
691 464 793 520 hos
827 478 1047 536 quoque
1068 462 1124 517 in
1157 463 1335 519 caedes
1368 474 1590 521 mutuas
1622 465 1867 527 tradidit.
1914 465 2096 537 fugas-

2213 465 2588 539 ὶλληλοςξονίας
2631 468 2723 522 καὶ
2750 468 3027 538 δρασμους
3065 466 3158 521 καὶ
3198 465 3574 538 αἰχμαλωσίας
3605 468 3772 538 παρέ-

521 574 631 631 que
663 573 725 612 ac
756 561 1103 628 captivitates
1156 576 1169 611 :
1216 558 1334 628 lege
1380 574 1498 629 ipsa
1529 560 1687 629 quasi
1720 560 1991 615 sentiente
2036 574 2101 613 ac

524 648 751 711 fatente,
783 664 843 703 se
864 648 975 704 illis
1003 649 1233 703 salutem
1258 657 1518 719 praestare
1543 664 1654 704 non
1688 665 1872 720 posse.
1896 648 2101 719 Nempe

524 741 684 796 malis
712 742 884 798 attriti
909 751 1072 813 atque
1101 741 1309 803 alllicti,
1345 741 1563 812 lugubri
1584 753 1741 814 gestu
1766 758 1830 797 ac
1853 742 2098 811 planctu,

524 832 724 888 iterum
770 850 830 890 se
895 835 1168 890 mandatis
1239 834 1601 890 obsecuturos
1664 834 2098 905 pollicebamur;

524 927 705 999 quoad
734 926 879 983 Deus
906 936 1161 998 quartum
1203 928 1495 983 miseratus
1539 927 1839 989 hominem,
1879 926 2103 980 castita-

523 1027 635 1076 tem
662 1035 833 1092 regno
859 1022 1155 1092 potituram
1184 1021 1403 1093 legavit,
1442 1036 1605 1091 quam
1659 1018 1942 1089 Scriptura
1967 1034 2103 1072 con-

526 1122 821 1184 sequenter
852 1114 1141 1170 rbamnum
1171 1115 1528 1185 nuncupavit.
1555 1112 1680 1167 llaec
1714 1110 1887 1183 rigide
1920 1118 2103 1166 auste-

526 1224 694 1278 reque
747 1208 1052 1279 absumptis
1102 1208 1478 1278 voluptatibus
1508 1205 1673 1261 etiam
1709 1202 2098 1264 comminatur,

526 1301 634 1357 nisi
657 1302 706 1356 ei
735 1316 926 1357 omnes
960 1301 1340 1356 indubitanter
1368 1299 1652 1360 obediant,
1697 1306 1753 1353 et
1784 1296 1838 1350 in
1874 1295 2104 1351 veritate

527 1392 592 1448 ad
626 1394 797 1463 ipsam
828 1394 1111 1456 accedant,
1162 1394 1276 1464 igni
1309 1400 1759 1462 consumpturam
1791 1390 2101 1445 universos.

526 1486 649 1541 Non
684 1487 828 1541 enim
853 1486 1015 1539 aliam
1040 1495 1229 1556 postea
1267 1486 1508 1540 futuram
1540 1485 1714 1554 legem
1762 1490 1858 1537 aut
1897 1477 2107 1535 doctri-

526 1593 676 1641 nam,
708 1577 802 1633 sed
831 1576 1101 1647 judicium
1122 1584 1175 1633 et
1200 1578 1402 1650 ignem.
1430 1575 1504 1632 Ea
1527 1576 1944 1633 denuntiatione
1955 1572 2106 1642 juste

526 1670 786 1739 deinceps
840 1670 1005 1725 homo
1052 1686 1213 1742 agere
1250 1671 1437 1741 cmpit,
1482 1680 1536 1725 et
1578 1668 1690 1724 Deo
1727 1667 1953 1722 ﬁrmiter
1986 1680 2107 1720 cre-

526 1762 657 1819 dere
688 1781 856 1835 seque
880 1764 1161 1819 a‘diabolo
1185 1765 1500 1835 abjungere.
1535 1761 1626 1817 Sic
1663 1761 2014 1817 utilissimum
2040 1773 2105 1813 ac

2197 560 2339 614 δωκε
2372 560 2464 615 καὶ
2484 560 2726 626 τούτους,
2769 560 3194 630 ἀποδοξήσαντος
3227 561 3423 625 αὐτοὺς
3458 559 3649 625 σώζειν
3680 560 3771 614 τοῦ

2199 652 2391 724 νόμουο
2425 653 2497 717 οἳ,
2529 654 2667 726 μετὰ
2689 654 2749 707 τὸ
2774 654 3124 725 συνελαθῆναι
3158 656 3270 717 τοῖς
3311 655 3522 718 κακοῖς,
3548 651 3773 707 ποτνιώ-

2203 763 2353 817 μενοι
2392 746 2551 800 πάλιν
2583 745 2978 816 ἐπηγγέλλοντο
3012 745 3323 815 πειθαρχεῖν
3342 746 3463 805 ταῖς
3501 743 3769 808 ἐντολαῖς·

2203 839 2394 910 μέχρις
2427 840 2455 892 ὁ
2491 838 2644 902 Θεὸς,
2677 838 2934 909 τέταρτον
2963 836 3292 906 κατελεήσας
3334 836 3424 890 τὸν
3453 834 3773 908 ἄνθρωπον,

2197 926 2297 998 τὴν
2366 928 2609 997 Ἀγνείαν
2672 929 2957 984 ἀπέστειλε
3009 927 3360 998 βασιλεῦσαι,
3414 928 3480 999 ἢν
3545 928 3777 999 Ῥάμνον

2200 1020 2507 1085 ἀκολούθως
2546 1021 2803 1076 ἐκάλεσεν
2839 1022 3100 1094 ήΓραφή.
3132 1023 3311 1085 Ἥτις,
3345 1020 3778 1075 καταναλώσασα

2200 1108 2299 1174 τὰς
2345 1111 2572 1183 ἡδονὰς,
2631 1112 2722 1166 καὶ
2763 1113 3104 1183 ἀπειλήσασα
3154 1111 3377 1177 λοιπὸν,
3424 1114 3471 1165 εἰ
3514 1113 3590 1183 μὴ
3641 1114 3778 1186 αὐτῇ

2202 1200 2402 1266 πάντες
2430 1202 2814 1267 άνενδοιάστως
2849 1204 2943 1257 καὶ
2978 1206 3035 1257 ὲν
3079 1202 3307 1276 ἀληθείᾳ
3358 1204 3779 1275 προσέρχοιντο,

2203 1294 2334 1365 πυρὶ
2390 1296 2836 1367 καταδαπανήσαι
2889 1296 3114 1361 πάντας.
3165 1297 3279 1349 Οὐκ
3337 1296 3417 1351 ἔτι
3474 1298 3586 1371 γὰρ
3645 1300 3785 1370 μετὰ

2202 1387 2406 1459 ταύτην
2444 1386 2659 1442 ἔσεσθαι
2714 1388 2939 1459 νόμονῆ
2990 1388 3337 1442 διδασκαλίαν
3389 1391 3605 1463 ἑτέραν,
3649 1392 3785 1449 ἀλλὰ

2205 1478 2383 1548 κρίσιν
2415 1479 2507 1530 καὶ
2552 1477 2681 1550 πῦρ.
2717 1479 2827 1532 Καὶ
2868 1478 2956 1533 διὰ
3005 1479 3164 1533 τοῦτο
3221 1480 3404 1534 λοιπὸν
3452 1482 3785 1538 ἀπεντεῦθεν

2205 1570 2613 1641 δικαιοπραγεῖν
2663 1572 2691 1623 ὁ
2745 1570 3027 1642 ἄνθρωπος
3081 1570 3303 1643 ἤρξατο,
3356 1574 3450 1626 καὶ
3503 1575 3787 1631 πιστεύειν

2209 1660 2437 1732 βεϐαίως
2479 1663 2557 1734 τῷ
2606 1662 2753 1735 Θεῷ,
2799 1665 2892 1717 καὶ
2937 1661 3324 1734 ἀποσχίζεσθαι
3373 1667 3466 1720 τοῦ
3512 1666 3787 1722 διαϐόλου.

2207 1752 2391 1817 Οὕτως
2423 1752 2843 1825 ὠφελιμώτατον
2873 1755 2965 1808 καὶ
3010 1754 3223 1826 ἀρωγὸν
3259 1757 3630 1829 κατεπέμφθη
3680 1762 3791 1823 τοῖς

525 1855 770 1912 salutare
820 1854 963 1912 Deus
1006 1856 1322 1911 hominibus
1377 1856 1526 1910 misit
1575 1854 1862 1919 auxilium,
1911 1866 2105 1921 nempe

2213 1843 2513 1915 ἀνθρώποις
2560 1846 2769 1915 ἁγνεία.
2808 1847 2991 1919 Μόνης
3028 1847 3136 1918 γάρ
3167 1847 3340 1918 αὐτῆς
3370 1826 3671 1921 ἀντίμιμον
3694 1852 3792 1907 οὐκ

528 1950 866 2005 castitatem.
918 1947 1191 2003 Nimirum
1232 1963 1342 2002 una
1394 1947 1510 2002 bazc
1556 1953 1661 2008 est,
1703 1960 1866 2016 quam
1899 1943 2103 1998 imitari

523 2049 645 2098 arte
669 2043 808 2095 mala
845 2041 1077 2112 ejusque
1108 2040 1360 2112 etlingere
1414 2038 1774 2095 simulacrum
1820 2037 1887 2093 ad
1942 2036 2106 2093 sedu-

523 2133 785 2197 cendum,
810 2134 1065 2189 diabolus
1099 2133 1324 2188 minime
1358 2132 1556 2203 potuit,
1599 2131 1744 2186 sicut
1786 2131 1843 2186 in
1873 2129 1999 2184 aliis
2026 2129 2103 2184 le-

525 2227 687 2300 gibus
713 2242 834 2283 sese
866 2241 956 2282 res
987 2226 1277 2281 habuerat.

2211 1936 2427 2009 ἴσχυσεν
2462 1939 2795 2009 ἐργάσασθαι
2822 1940 2957 2011 πρὸς
2982 1941 3195 2011 ἀπάτην
3233 1941 3263 1993 ὁ
3306 1941 3572 2012 διάϐολος,
3602 1945 3791 2021 ὥσπερ

2210 2029 2307 2082 καὶ
2326 2029 2433 2084 τῶν
2454 2030 2629 2086 ἄλλων
2657 2032 3131 2106 νομοθετημάτων.

981 2344 1109 2399 CAP.
1146 2342 1209 2399 ν.
1245 2343 1461 2397 Diabali
1491 2342 1685 2397 aemula
1706 2343 1760 2395 in
1790 2340 2032 2395 omnibus
2058 2322 2388 2406 maligititas.
2428 2334 2546 2389 Duo
2572 2351 2764 2406 genera
2788 2336 2988 2406 [icuum
3028 2347 3078 2392 et
3113 2341 3319 2395 vitium.

597 2471 735 2527 Cum
769 2470 916 2526 enim
953 2468 1109 2530 licus,
1148 2464 1225 2520 uti
1272 2464 1543 2527 dicebam,
1577 2478 1684 2533 qua
1717 2468 1941 2533 przestat
1992 2459 2109 2515 fru-

524 2573 649 2623 ctus
698 2562 987 2619 dulcedine
1036 2560 1439 2632 elegantiaque,
1486 2559 1806 2615 deliciarum
1862 2555 2104 2628 paradisi

523 2665 656 2729 typo
705 2661 1020 2712 assumatur
1054 2668 1067 2704 :
1105 2653 1268 2708 rebus
1299 2652 1375 2705 illi
1409 2649 1621 2705 aemulis
1666 2647 1954 2704 seductum
2004 2647 2105 2701 bo-

526 2749 732 2806 miuem
766 2747 1018 2803 diabolus
1050 2742 1428 2817 prazda.cepit.
1475 2740 1604 2795 dum
1653 2738 1798 2793 nuda
1856 2738 2104 2809 corporis

526 2843 650 2916 ejus
681 2841 895 2898 fruticis
927 2840 1073 2895 foliis
1103 2845 1394 2907 contegere
1418 2820 1693 2904 persuasit
1719 2850 1731 2885 :
1762 2832 1865 2885 hoc
1911 2845 2106 2901 nempe

529 2951 717 3008 agens,
750 2943 809 2990 ut
832 2934 1071 2989 molliter
1099 2931 1291 2988 scabra
1326 2929 1414 2984 ﬁci
1464 2926 1616 2989 folia,
1651 2924 1985 2996 proritanda:
2011 2940 2104 2979 es-

529 3035 653 3084 sent
688 3026 922 3082 libidini.
957 3027 1066 3081 Eos
1094 3039 1289 3079 rursus
1320 3021 1414 3091 qui
1453 3036 1519 3075 ex
1547 3017 1755 3073 diluvio
1802 3016 2105 3071 incolumes

2276 2456 2389 2527 Τῆς
2421 2455 2530 2529 γὰρ
2575 2456 2765 2527 συκῆς,
2795 2457 2870 2521 ὼς
2898 2457 3054 2528 ἔφην,
3084 2458 3173 2514 διὰ
3217 2462 3316 2531 τὴν
3358 2461 3675 2532 γλυκασίαν
3706 2464 3795 2520 τοῦ

2206 2547 2419 2620 καρποῦ
2453 2548 2546 2602 καὶ
2579 2549 2669 2603 τὸν
2699 2548 2978 2622 ὡραϊσμὸν
3003 2550 3061 2603 ὲν
3084 2550 3238 2623 τύπῳ
3260 2552 3359 2623 τῆς
3383 2555 3442 2607 ἐν
3470 2556 3797 2631 παραδείσῳ

2205 2638 2416 2710 τρυφῆς
2464 2636 2932 2710 παραληφθείσης,
2966 2642 3081 2704 τοῖς
3107 2641 3417 2711 ἀντιμίμοις
3449 2643 3629 2713 αὐτῆς
3661 2646 3795 2699 ἀπο-

2207 2730 2537 2803 ϐουκολήσας
2586 2731 2677 2785 τὸν
2726 2731 3012 2804 ἄνθρωπον
3040 2735 3067 2787 ὁ
3097 2733 3341 2799 διάϐολος
3391 2737 3668 2809 ἧγρευσε,
3700 2738 3795 2811 τὴν

2205 2824 2477 2896 γύμνασιν
2509 2824 2744 2894 καλύψαι
2777 2824 2971 2889 πείσας
3001 2826 3096 2879 τοῦ
3127 2829 3376 2899 σώματος
3408 2830 3677 2895 πετάλοις
3710 2849 3801 2886 συ-

2207 2918 2343 2988 κῆς·
2390 2918 2419 2970 ὅ
2469 2917 2722 2981 ὲστι,.διὰ
2768 2918 2829 2971 τὺ
2880 2919 3219 2991 κνησμῶδες,
3266 2924 3443 2993 τρυφῇ
3499 2923 3797 2996 φιληδόνῳ.

2207 3010 2345 3073 Τοὺς
2370 3009 2427 3063 δὲ
2460 3027 2525 3063 πε
2536 3009 2862 3081 ρισωθέντας
2886 3007 3042 3075 αὖθις
3067 3014 3131 3066 ἐκ
3151 3012 3243 3066 τοῦ
3266 3014 3689 3087 κατακλυσμοῦ,
3715 3017 3800 3073 διὰ

527 3118 768 3184 fuerant,
806 3118 877 3173 ob
904 3117 1201 3181 spiritalem
1246 3113 1446 3169 laetitiae
1469 3113 1667 3184 ;vitem,
1706 3126 1814 3166 non
1851 3109 2104 3165 dissimili

2213 3100 2306 3171 τὴν
2337 3100 2437 3171 τῆς
2475 3102 2847 3173 πνευματικῆς
2867 3102 3201 3174 εὐφροσύνης
3226 3103 3486 3175 ἄμπελον,
3509 3108 3800 3182 άντιμίμῳ

531 3220 666 3285 potu
710 3209 1012 3267 inebriatos
1046 3207 1257 3275 derisit,
1298 3206 1519 3261 virtutis
1564 3205 1744 3261 denuo
1790 3204 2107 3259 indumento

529 3305 806 3360 hominem
849 3300 1082 3356 nudans.
1134 3297 1374 3370 Indeque
1415 3297 1765 3354 manifestius
1813 3296 1916 3352 erit
1961 3293 2106 3368 quod

530 3398 676 3455 dico.

603 3487 931 3545 Adversaria
976 3492 1218 3557 potestas
1263 3500 1480 3556 semper
1512 3484 1731 3539 virtutis
1777 3497 1841 3536 ac
1881 3480 2108 3552 justitiaa

534 3580 771 3653 speciem
813 3578 1131 3649 cultumque
1179 3576 1488 3638 aemulatur,
1523 3590 1630 3630 non
1660 3580 1719 3628 ut
1760 3579 2011 3628 exerceat
2040 3570 2107 3625 ad

534 3676 809 3745 pietatem,
840 3670 934 3728 sed
968 3678 1026 3726 ut
1066 3670 1311 3725 fraudem
1342 3667 1505 3722 faciat
1535 3675 1589 3722 et
1621 3665 1971 3722 simulatione
1999 3664 2112 3719 elu-

530 3765 644 3822 dat.
671 3765 743 3821 Ut
770 3767 915 3821 enim
946 3781 1043 3820 eos
1068 3765 1160 3834 qui
1213 3771 1443 3816 mortem
1493 3760 1729 3831 rugiant,
1770 3759 1837 3814 ad
1873 3766 2105 3811 mortem

532 3859 793 3915 illecebra
829 3859 1030 3928 capiat,
1075 3850 1506 3911 immortalitatis
1547 3852 1788 3908 exterius
1828 3850 2108 3907 coloribus

534 3951 773 4007 fucatur.
821 3950 999 4020 Atque
1044 3949 1171 4002 hinc
1218 3954 1322 4011 est,
1360 3952 1422 4001 ut
1468 3944 1605 3999 ﬁcus
1636 3952 1729 3998 aut
1761 3944 1886 3999 vitis
1935 3941 2109 3997 videri

527 4045 680 4110 velit,
704 4050 757 4098 et
790 4057 910 4112 quae
959 4040 1266 4095 dulcedinis
1297 4054 1361 4094 ac
1395 4038 1598 4093 laetitia:
1630 4036 1861 4093 fecunda
1910 4051 2108 4107 parens

529 4134 779 4197 exsistat,
814 4129 1211 4187 translermans
1243 4144 1303 4184 se
1340 4129 1398 4185 in
1436 4129 1687 4200 angelum
1716 4127 1857 4183 lucis
1876 4126 1944 4192 ⁸⁸,
1970 4126 2110 4180 mul-

530 4232 727 4297 tosque
759 4221 1042 4292 religionis
1073 4220 1258 4290 specie
1286 4220 1612 4289 illaqueans.

603 4318 723 4372 Duo
752 4316 897 4371 enim
929 4329 1052 4369 esse
1093 4326 1294 4385 genera
1344 4311 1543 4367 licuum
1575 4313 1877 4384 vitiumque
1917 4312 1972 4366 in
2018 4324 2109 4366 sa-

530 4409 642 4464 cris
685 4408 883 4462 litteris
911 4406 1238 4477 reperimus.
1293 4402 1459 4457 Ficus
1498 4404 1683 4470 bonas,
1731 4406 1893 4460 bonas
1930 4403 2103 4468 valde,
2140 4444 2181 4498 Β

531 4509 588 4559 et
610 4501 743 4570 ﬁcus
776 4513 1013 4563 amaras,
1040 4515 1257 4553 amaras
1291 4495 1442 4550 valde
1464 4497 1531 4551 θ’.
1577 4494 1795 4549 Vinum.
1822 4496 2105 4565 lmtiﬁcans

531 4611 624 4651 cor
657 4592 1025 4660 hominum”;
1062 4600 1137 4654 et,
1186 4592 1361 4645 vinum
1411 4589 1643 4657 furorem
1696 4587 2016 4651 draconum,
2056 4596 2107 4641 et

532 4687 767 4758 furorem
792 4683 1033 4755 aspidum
1058 4683 1410 4738 insanabilem
1434 4682 1502 4736 θ’.
1530 4680 1728 4735 Verum
1760 4696 1827 4734 ex
1860 4695 1968 4749 quo
1992 4680 2105 4749 jam

533 4782 761 4838 castitas
835 4780 1116 4834 hominum
1185 4777 1477 4848 imperium
1555 4774 1714 4834 iniit,
1767 4772 2106 4842 deprehensa

534 4876 691 4932 fraus
716 4884 804 4931 est
847 4882 1011 4944 atque
1060 4872 1296 4935 devicta,
1324 4876 1605 4926 cvertente
1647 4869 1793 4923 illam
1833 4869 2106 4939 virginum

530 4966 779 5039 principe
805 4964 1029 5021 Christo
1064 4982 1077 5017 :
1104 4978 1336 5034 veraque
1369 4960 1506 5017 adeo
1557 4961 1694 5016 licus
1721 4970 1775 5016 et
1822 4974 1950 5015 vera
1979 4958 2109 5012 vitis

532 5053 895 5117 fruetitlcant,
940 5059 1230 5122 postquam
1279 5050 1334 5106 in
1376 5065 1570 5107 omnes
1615 5050 1792 5106 evasit
1840 5049 2108 5105 castitatis

532 5126 868 5208 dominatus,
912 5145 990 5200 uti
1030 5154 1087 5200 et
1112 5142 1232 5199 Joel
1284 5143 1551 5214 prepheta
1601 5142 1843 5198 ominate
1894 5156 2110 5195 annun-

531 5239 653 5308 tiat,
675 5238 915 5309 Con/ide,
943 5248 1107 5301 terra,
1129 5236 1339 5300 dicens,
1356 5236 1528 5306 gaude
1557 5243 1606 5290 et
1625 5236 1829 5299 lwtare,
1856 5234 2105 5303 quoniam

534 5333 897 5402 magni/ienuit
936 5331 1197 5386 Dominus
1233 5338 1292 5384 ut
1331 5329 1547 5398 faceret.
1596 5327 1881 5399 Conﬁdite,
1920 5342 2109 5398 pecora

534 5426 728 5494 campi,
745 5426 995 5497 quoniam
1016 5426 1383 5497 germinarunt
1412 5426 1585 5493 campi
1620 5420 1948 5485 solitudinis,
1978 5437 2111 5492 quo-

535 5516 684 5571 niam
723 5519 922 5590 lignum
948 5519 1128 5572 attulit
1156 5518 1388 5588 fructum
1415 5533 1590 5583 suum,
1623 5516 1742 5571 vitis
1772 5526 1822 5570 et
1856 5516 1986 5584 ﬁcus
2015 5514 2109 5568 de-

536 5605 725 5663 derunt
763 5612 1004 5665 virtutem
1035 5627 1209 5668 suam.
1238 5610 1309 5666 Et
1337 5611 1441 5682 ﬁlii
1473 5608 1624 5679 Sion,
1643 5610 1905 5666 exsultate
1932 5617 1981 5663 et
2013 5607 2108 5662 la:-

624 5792 671 5826 ⁹⁶
701 5791 762 5847 II
789 5793 913 5850 Cor.
939 5809 1016 5862 xi,
1054 5797 1139 5853 ιι.
1238 5796 1285 5830 ’⁷
1312 5795 1426 5853 Jer.
1455 5814 1606 5867 xxxv,
1629 5801 1682 5855 5.

2209 3192 2411 3263 πόματι
2465 3192 2720 3263 μεθύσας,
2759 3195 3119 3265 κατεχλεύασε
3167 3197 3349 3260 πάλιν,
3386 3200 3801 3273 ἀπογυμνώσας

2206 3285 2298 3337 τὸν
2330 3284 2612 3356 ἄνθρωπον
2655 3287 3076 3359 ἀρετῆς.Ἔσται
3122 3290 3179 3343 δὲ
3222 3292 3558 3366 σαφέστερον
3592 3297 3803 3368 μᾶλλον

2208 3376 2455 3430 ἐντεῦθεν
2482 3378 2510 3430 ὃ
2547 3377 2707 3447 λέγω.

2293 3468 2357 3523 Ἡ
2399 3470 2747 3541 ἀντικειμένη
2792 3471 3018 3543 δύναμις
3049 3474 3136 3528 ἀεὶ
3177 3480 3426 3548 μιμεῖται
3460 3478 3563 3551 τῆς
3590 3484 3807 3557 ἀρετῆς

2209 3562 2425 3632 καὶτῆς
2467 3562 2808 3635 δικαιοσύνης
2849 3564 2917 3618 τὰ
2960 3568 3234 3639 σχήματα,
3270 3571 3331 3623 οὐ
3372 3571 3510 3642 πρὸς
3557 3574 3805 3647 ἄσκησιν

2209 3654 2347 3708 κατὰ
2376 3654 2653 3727 ἀλήθειαν,
2681 3656 2815 3710 ἀλλὰ
2840 3659 2975 3729 πρὸς
2995 3661 3209 3734 ἀπάτην
3239 3664 3332 3716 καὶ
3355 3664 3802 3737 ὑπόκρισιν.”1να

2210 3748 2319 3819 γὰρ
2346 3747 2571 3821 δελεάσῃ
2604 3750 2739 3821 πρὸς
2762 3750 2991 3805 θάνατον
3016 3755 3144 3818 τοὺς
3180 3755 3479 3825 φεύγοντας
3511 3760 3609 3813 τὸν
3641 3760 3805 3815 θάναί

2208 3818 2318 3908 τον,
2351 3818 2660 3909 ἀθανασίας-
2690 3844 2885 3912 ἔξωθεν
2919 3818 3317 3913 καλλωπίζεται
3365 3818 3801 3926 σχηματισμοῖς.

2210 3935 2319 3989 Καὶ
2366 3935 2536 4008 ταύτῃ
2573 3936 2711 4007 συκῆ
2745 3937 2991 4006 βούλεται
3023 3939 3335 4011 νομίζεσθαι
3381 3944 3475 3996 καὶ
3524 3945 3802 4015 ἄμπελος,

2211 4031 2304 4083 καὶ
2335 4029 2649 4100 γλυκύτητα
2691 4033 2785 4085 καὶ
2833 4032 3169 4105 εὐφροσύνην
3203 4038 3418 4108 γεννᾷν,
3448 4039 3528 4100 είς
3556 4039 3805 4110 ἄγγελον

2213 4123 2795 4195 μετασχηματιζομένη
2838 4127 3033 4196 φωτὸς,
3064 4129 3156 4181 καὶ
3204 4132 3549 4203 προσχήματι
3602 4133 3805 4189 θεοσε-

2212 4214 2364 4279 ϐείας
2389 4215 2715 4281 δελεάζουσα
2744 4218 2990 4282 πολλούς.

2282 4308 2385 4362 Δύο
2409 4309 2516 4382 γὰρ
2542 4308 2678 4364 εἷναι
2705 4310 2964 4384 διαφορὰς
2995 4314 3203 4369 συκέων
3231 4317 3324 4370 καὶ
3351 4318 3606 4389 ἀμπέλων
3635 4323 3806 4395 εὑρί-

2212 4418 2413 4474 σκομεν
2445 4405 2503 4456 ὲν
2538 4406 2655 4468 ταῖς
2684 4405 2942 4476 Γραφαῖς.
2971 4407 3134 4462 Σῦκα
3168 4408 3238 4462 τὰ
3269 4410 3516 4479 χρηστὰ,
3553 4418 3810 4484 χρηστὰ

2214 4495 2357 4549 λίαν
2375 4513 2388 4526 ·
2420 4498 2534 4563 καὶ,
2581 4499 2743 4554 σῦκα
2767 4499 2839 4553 τὰ
2868 4501 3066 4567 πικρὰ,
3095 4503 3276 4571 πικρὰ
3296 4505 3454 4557 λίαν.
3492 4501 3677 4560 Οἶνον
3702 4512 3806 4563 εὐ-

2214 4590 2542 4656 φραίνοντα
2589 4590 2838 4658 καρδίαν
2882 4592 3222 4660 ἀνθρώπων,
3266 4598 3357 4649 καὶ
3390 4593 3557 4650 οἶνον
3604 4601 3807 4669 θυμόν

2215 4680 2556 4749 δρακόντων
2581 4683 2677 4736 καὶ
2718 4684 2908 4754 θυμὸν
2942 4685 3216 4740 ἀσπίδων
3254 4688 3523 4743 ἀνίατον.
3542 4690 3685 4743 Ἀλλ’
3706 4694 3805 4762 ἀφ’

2214 4767 2274 4828 οὗ
2309 4773 2492 4828 λοιπὸν
2532 4774 2879 4830 ἐϐασίλευσεν
2908 4778 3099 4842 ἁγνεία
3143 4779 3250 4832 τῶν
3282 4779 3607 4853 ἀνθρώπων,
3642 4784 3809 4854 ἐλέγ-

2215 4864 2318 4937 χθη
2354 4866 2387 4936 ἡ
2422 4865 2598 4936 πλάνη
2646 4867 2743 4920 καὶ
2774 4868 3072 4939 νενίκηται,
3100 4870 3193 4923 τοῦ
3220 4871 3624 4944 ἀρχιπαρθένου
3659 4876 3808 4947 Χρι-

2218 4960 2345 5010 στοῦ
2376 4958 2853 5030 καταστρέψαντος
2882 4960 3052 5032 αὐτήν
3076 4978 3089 4990 ο
3118 4965 3212 5015 καὶ
3237 4965 3268 5034 ἡ
3291 4961 3519 5035 ἀληθινὴ
3541 4966 3681 5033 συκῆ
3708 4966 3809 5021 καὶ

2216 5051 2249 5122 ἡ
2284 5050 2508 5123 ἀληθινὴ
2539 5052 2781 5123 ἄμπελος
2804 5054 3232 5126 καρποφοροῦσι,
3268 5054 3406 5126 μετὰ
3436 5055 3497 5109 τὸ
3523 5057 3811 5128 κρατῆσαι

2215 5143 2433 5197 πάντων
2477 5143 2717 5214 ἁγνείαν,
2769 5145 3016 5219 καθάπερ
3045 5148 3137 5200 καὶ
3171 5147 3322 5219 Ἰωὴλ
3340 5148 3370 5200 ὁ
3397 5150 3687 5222 προφήτης
3716 5150 3814 5205 εὐ-

2216 5235 2581 5304 αγγελίζεταιδ
2618 5236 2856 5305 Θάρσει,
2884 5237 2983 5308 τῆ,
3024 5237 3217 5308 λέγων,
3246 5239 3343 5292 καὶ
3365 5239 3531 5310 χαῖρε
3558 5241 3660 5293 καὶ
3698 5243 3809 5295 εὑ-

2215 5330 2493 5399 φραίνου,
2523 5329 2610 5384 ὅτι
2632 5330 2962 5402 ἐμεγάλυνε
2989 5333 3204 5401 Κύριος
3227 5333 3334 5388 τοῦ
3359 5333 3629 5402 ποιῆσαι.
3654 5336 3817 5403 Θαρ-

2215 5421 2398 5484 σεῖτε,
2432 5421 2622 5492 κτήνη
2648 5424 2754 5478 τοῦ
2780 5425 3012 5492 πεδίου,
3045 5426 3135 5480 ὅτι
3172 5426 3557 5495 βεϐλάστηκε
3589 5427 3665 5480 τὰ
3696 5444 3814 5482 περ

2214 5516 2316 5571 δία
2346 5517 2456 5586 τῆς
2480 5518 2705 5587 ἐρήμου
2730 5558 2745 5583 ,
2782 5517 2869 5573 ὅτι
2905 5519 3096 5585 ξύλον
3143 5520 3360 5592 ἤνεγκε
3407 5521 3517 5574 τὸν
3564 5520 3819 5590 καρπὸν

2213 5609 2402 5664 αὑτοῦ
2424 5627 2437 5640 ·
2472 5609 2741 5680 ἄμπελος
2769 5614 2866 5666 καὶ
2891 5594 3056 5683 συκῆ
3078 5614 3308 5669 ἔδωκαν
3336 5615 3450 5683 τὴν
3488 5613 3675 5685 ἰσχὺν
3698 5615 3818 5676 αὑ-

1780 5801 1826 5834 "
1862 5798 2015 5859 Psal.
2046 5815 2163 5867 ctu,
2202 5799 2287 5855 l5.
2354 5802 2399 5834 θ’
2423 5800 2579 5856 Deut.
2616 5817 2787 5868 χχχιι,
2816 5800 2904 5856 55.
