3962 6204
519 277 626 333 (ΞΟό

1409 272 1466 330 S.
1511 273 1844 330 METHODII
1879 275 2191 333 EPISCOPI
2227 277 2314 331 ET
2354 278 2711 334 MARTYRiS

3635 291 3739 344 2M

517 396 606 450 Dei
643 395 821 451 oleum
859 392 1293 455 subministrent,
1329 401 1389 446 ut
1431 392 1628 447 divin-.e
1673 393 1852 447 lumen
1885 395 2058 465 cogni-

2173 395 2575 468 δορυφορούσας
2608 395 2698 448 τὸν
2726 397 2857 450 Θεόν
2877 415 2888 427 ’
2927 399 2980 452 αἱ
3013 399 3070 451 ἐν
3097 397 3186 469 τῷ
3204 399 3340 471 οἴκῳ
3365 401 3494 473 περὶ
3527 401 3587 454 τὸ
3609 404 3744 472 σχοί-

513 489 679 542 tionis
710 487 920 542 habeat.
954 484 1070 538 Duo
1104 500 1340 554 namque
1369 485 1506 538 rami
1533 484 1763 539 duarum
1794 487 2080 552 olivarum,

513 582 598 634 lex
640 586 768 633 sunt
814 587 867 631 et
901 577 1180 647 prOpheta:
1206 577 1354 630 circa
1406 577 1708 632 funiculum
1754 579 2083 634 haereditatis

510 680 814 731 versantes,
847 685 1080 739 quorum
1108 679 1297 724 auctor
1321 669 1575 725 Christus
1609 681 1660 725 et
1693 669 1928 741 Spiritus
1957 687 2081 727 san-

509 769 664 830 ctus;
699 778 822 816 cum
852 764 1082 818 necdum
1117 764 1221 834 ipsi
1255 763 1491 818 fructum
1541 765 1808 835 integrum
1859 767 2080 819 harum-

509 871 616 926 que
659 856 965 926 plantarum
1021 856 1446 925 magnitudinem
1507 872 1702 926 capere
1755 872 2074 928 possemus,

508 947 826 1019 priusquam
879 949 1106 1004 castitas
1141 949 1325 1002 mundi
1372 949 1738 1019 principatum
1788 949 2074 1018 arriperet,

505 1057 740 1112 eumque
787 1044 1013 1113 imperio
1070 1050 1324 1114 regeret:
1373 1042 1467 1097 sed
1519 1042 1758 1110 ipsarum
1811 1041 2077 1094 duntaxat

504 1149 712 1199 ramos,
745 1136 914 1205 legem
947 1136 1155 1190 scilicet
1183 1143 1235 1189 et
1267 1134 1578 1204 prophetas,
1611 1140 1771 1202 atquc
1793 1132 1844 1186 id
1870 1133 2076 1186 medio—

503 1226 694 1289 criter,
725 1227 922 1296 saepius
953 1227 1208 1282 nimirum
1242 1226 1501 1297 prolapsi,
1531 1225 1586 1279 in
1611 1231 1949 1279 antecessum
1981 1240 2076 1279 cx-

503 1320 795 1375 coluimus.
827 1319 962 1387 Quis
1009 1323 1153 1377 enim
1195 1322 1473 1377 Christum
1522 1327 1614 1372 aut
1646 1317 1907 1388 Spiritum
1952 1333 2074 1388 per-

503 1411 643 1466 fecte
678 1427 939 1481 unquam,
978 1413 1082 1468 nisi
1111 1411 1236 1465 vita!
1276 1411 1428 1482 prius
1455 1409 1719 1463 munditia
1758 1408 1948 1470 fretus,
1982 1423 2075 1462 ca-

500 1519 630 1573 pere
654 1505 868 1572 potuit?
895 1505 1026 1572 Quae
1046 1507 1190 1562 enim
1215 1504 1282 1558 ad
1309 1504 1533 1575 gloriam
1561 1501 1977 1556 desiderabilem
2009 1515 2072 1554 ac

501 1594 788 1648 amabilem
820 1609 850 1647 a
877 1611 1046 1664 puero
1071 1596 1309 1649 animum
1342 1598 1611 1664 praeparat
1645 1589 1982 1651 exercitatio,
2019 1599 2074 1642 et

500 1685 647 1740 hunc
678 1687 751 1740 illi
787 1688 992 1741 cultum
1029 1703 1154 1742 cum
1194 1687 1305 1741 otio
1350 1692 1524 1739 tutum
1560 1683 1836 1752 importat,
1881 1696 1943 1735 ac
1974 1695 2072 1750 pro

2188 504 2354 558 νισμα
2399 488 2484 541 διά
2526 488 2633 541 τῶν
2676 489 2885 544 κλάδων
2919 490 3336 563 ὲπιχορηγοῦσαι
3365 492 3427 545 τὸ
3453 509 3745 565 πνευματι-

2187 579 2278 631 κὸν
2310 579 2486 632 ἔλαιον
2517 579 2610 632 τοῦ
2640 579 2795 644 Θεοῦ,
2825 581 2910 633 ἵνα
2937 582 3050 649 φῶς
3081 582 3177 652 ἔχῃ
3213 582 3361 646 θείας
3384 583 3652 652 γνώσεως.
3683 587 3744 638 Oi

2183 672 2288 742 γὰρ
2315 671 2407 724 δύο
2431 672 2612 726 κλάδοι
2658 673 2765 726 τῶν
2804 672 2895 725 δύο
2932 673 3147 740 ἐλαιῶν,
3177 675 3204 727 ὀ
3233 675 3393 746 νόμος
3433 677 3541 729 εἰσὶ
3574 677 3664 730 καὶ
3699 682 3746 731 at

2184 763 2476 833 προφῆται,
2500 766 2548 816 οί
2575 765 2700 836 περὶ
2728 764 2789 817 τὸ
2818 765 3100 836 σχοίνισμα
3121 767 3218 834 τῆς
3248 766 3610 838 κληρονομίας
3633 770 3749 821 ἐπι-

2181 854 2490 925 κληθέντες,
2523 854 2615 918 οὒς
2649 857 2976 926 ἐϐλάστησεν
2999 859 3026 910 ό
3064 857 3294 928 Χριστὸς
3319 859 3412 911 καὶ
3449 860 3508 912 τὸ
3531 848 3750 932 Πνεῦμα

2177 948 2237 999 τὸ
2267 946 2440 1013 ἆγιον,
2477 947 2535 997 οἷ
2546 964 2628 997 πω
2669 945 2982 1016 δυναμένων
3009 946 3162 1016 ἡμῶν
3189 948 3433 1018 χωρῆσαι
3477 950 3570 1002 τὸν
3619 968 3752 1022 uap-

2179 1036 2278 1088 πὸν
2323 1035 2462 1100 ὅλον,
2499 1036 2592 1088 καὶ
2638 1037 2697 1089 τὸ
2737 1035 2964 1106 μέγεθος
2993 1037 3099 1088 τῶν
3139 1037 3318 1106 φυτῶν
3364 1038 3590 1104 τούτων,
3626 1044 3752 1111 πρὶν

2177 1128 2338 1199 ἄρξαι
2360 1128 2454 1182 τοῦ
2483 1129 2688 1199 κόσμου
2729 1131 2822 1183 καὶ
2863 1130 3177 1200 βασιλεῦσαι
3212 1132 3306 1202 τὴν
3335 1133 3583 1198 ἁγνείαν·
3623 1135 3752 1189 ἀλλὰ

2175 1221 2302 1284 τοὺς
2335 1220 2562 1285 κλάδους
2590 1222 2766 1274 αὐτῶν
2804 1222 2983 1292 μόνον,
3015 1223 3104 1275 τὸν
3140 1224 3318 1294 Νόμον
3350 1225 3512 1279 οἱονεὶ
3534 1228 3753 1299 καὶῂτὴν

2176 1314 2529 1383 προφητείαν,
2573 1313 2802 1385 πρόσθεν
2831 1318 3273 1388 ἐγεωργήσαμεν,
3323 1321 3618 1374 καὶταῦτα
3657 1341 3754 1393 με-

2173 1406 2358 1476 τρίως,
2394 1406 2650 1469 πολλάκις
2678 1406 3129 1478 διολισθήσαντες.
3157 1410 3252 1474 Τίς
3301 1410 3410 1483 γὰρ
3456 1414 3754 1488 Χριστὺνῆ

2173 1497 2232 1548 τὸ
2261 1497 2484 1567 Πνεῦμα
2517 1498 2719 1550 τέλειον
2751 1498 2934 1569 ἴσχυσε
2964 1501 3208 1571 χωρῆσαί
3239 1519 3388 1570 ποτε,
3443 1505 3517 1575 μὴ
3580 1506 3756 1560 καθα-

2177 1588 2370 1658 ρεύσας
2403 1589 2656 1659 πρῶτον;
2702 1589 2766 1642 Ἠ
2794 1589 2900 1661 γὰρ
2944 1590 3077 1661 πρὸς
3124 1591 3362 1656 εὐδοξίαν
3409 1595 3756 1668 ἐπιθυμητήν

2173 1698 2231 1732 τε
2266 1681 2357 1734 καὶ
2386 1682 2618 1752 ἐραστὴν
2652 1685 2716 1736 ἐκ
2771 1683 2973 1737 παίδων
3030 1685 3368 1758 ἐργαζομένη
3424 1687 3526 1758 τὴν
3574 1689 3757 1761 ψυχὴν

499 1778 711 1848 exiguis
738 1777 1018 1833 laboribus
1048 1779 1292 1848 ingentes
1318 1794 1442 1848 spes
1479 1777 1778 1846 ingenerat,
1815 1773 1931 1844 ipsa
1960 1772 2058 1826 hiet

2174 1771 2423 1842 ἄσκησις,
2460 1773 2552 1826 καὶ
2599 1772 2690 1824 τὸν
2724 1773 2928 1844 κόσμον
2975 1775 3110 1845 αὐτῇ
3151 1775 3337 1828 τοῦτον
3369 1778 3508 1847 μετὰ
3539 1780 3757 1850 ῥᾳστώ-

499 1880 584 1924 est
610 1870 676 1924 de
704 1885 809 1938 qua
835 1871 1068 1940 agimus,
1112 1870 1571 1925 immortalitatem
1619 1867 1940 1938 corporibus
1967 1881 2067 1919 no-

498 1958 629 2013 stris
659 1958 930 2021 tribuens,
963 1960 1188 2014 castitas
1216 1978 1228 2012 :
1255 1975 1417 2030 quam
1449 1973 1641 2013 omnes
1675 1959 1925 2012 lubenter
1970 1957 2067 2010 ho-

499 2050 674 2105 mines
709 2051 962 2106 omnibus
995 2051 1288 2116 anteferre,
1337 2061 1391 2106 et
1425 2066 1590 2121 super
1621 2049 1804 2106 omnia
1845 2047 2068 2103 laudare

497 2140 692 2196 decet:
728 2143 865 2198 alios
900 2143 1140 2213 quidem,
1189 2144 1333 2214 quod
1371 2161 1467 2214 per
1513 2159 1632 2199 eam
1685 2142 1750 2196 ad
1802 2142 2064 2197 honorem

498 2234 810 2303 nuptiarum
841 2250 964 2289 cum
998 2235 1176 2290 Verbo
1208 2234 1474 2305 assumpti
1511 2240 1658 2295 sunt,
1693 2231 1924 2286 colendo
1957 2231 2067 2284 vir-

497 2327 812 2395 ginitatem;
841 2328 977 2382 alios
1005 2335 1208 2391 autem,
1241 2326 1386 2398 quod
1416 2343 1510 2396 per
1557 2327 1702 2380 illam
1743 2325 1810 2379 ab
1840 2339 1904 2380 ea
1933 2324 2068 2379 libe-

495 2419 594 2471 rati
630 2419 740 2474 sint
765 2420 1177 2474 maledictione:
1215 2420 1378 2474 Terra
1407 2435 1483 2484 es,
1506 2428 1554 2472 et
1588 2420 1642 2472 in
1675 2428 1870 2472 terram
1897 2433 2067 2471 rever-

496 2511 618 2562 teris
637 2513 677 2563 ν.

565 2601 663 2656 llic
693 2612 796 2667 est,
842 2617 875 2656 ο
906 2603 1089 2665 Arete,
1136 2618 1294 2671 quem
1329 2619 1358 2656 a
1393 2617 1479 2657 me
1521 2601 1788 2672 exegisti,
1829 2615 1929 2671 pro
1979 2599 2062 2653 vi-

496 2694 632 2750 rium
683 2709 926 2750 mearum
958 2695 1241 2758 tenuitate,
1275 2695 1556 2750 absolutus
1586 2709 1766 2750 sermo
1797 2694 1864 2748 de
1890 2691 2060 2764 virgi-

494 2785 693 2850 nitate;
738 2800 897 2855 quem
933 2791 1078 2856 peto,
1109 2799 1143 2838 ο
1185 2783 1425 2847 domina,
1471 2783 1575 2838 etsi
1623 2781 1913 2837 mediocris
1945 2778 2062 2834 exi-

494 2877 668 2944 lisque
692 2876 783 2940 sit,
811 2875 1050 2946 benigno
1073 2882 1255 2929 tamen
1286 2889 1316 2927 a
1353 2889 1441 2928 me
1471 2871 1711 2943 accipias
1738 2871 1941 2936 animo,
1967 2867 2058 2923 cui

495 2967 743 3022 ultimum
785 2967 1076 3038 assignasti
1101 2965 1296 3022 orandi
1330 2965 1530 3020 locum.

912 3186 1372 3282 ORATIO
1441 3191 1620 3279 XI.

1138 3335 1389 3392 ABETE.

2092 3173 2136 3229 C

2169 1881 2265 1933 νης
2295 1863 2651 1916 ἀϐασάνιστον
2685 1865 2800 1916 ἐκεῖ
2827 1865 3236 1936 διακομίζουσα,
3279 1869 3369 1920 καὶ
3420 1870 3643 1940 μικρῶν
3676 1875 3758 1924 αἱ-

2172 1953 2406 2025 ρουμένη
2457 1952 2630 2006 πόνων
2681 1954 2919 2025 μεγάλας
2952 1957 3192 2022 ἐλπίδας,
3230 1960 3375 2012 ἐστὶν
3409 1962 3440 2031 ἡ
3485 1961 3757 2017 ἁθανατο-

2171 2045 2320 2107 ποιὸς
2368 2045 2474 2098 τῶν
2537 2046 2800 2116 σωμάτων
2842 2048 2998 2118 ἡμῶν
3046 2050 3252 2118 ἁγνεία,
3297 2052 3364 2121 ἣν
3410 2052 3491 2106 δεῖ
3539 2056 3759 2120 πάντας

2169 2137 2418 2206 ἁσμένως
2443 2136 2759 2208 ἀνθρώπους
2786 2142 3054 2211 προτιμᾷν
3083 2143 3172 2194 καὶ
3200 2145 3367 2196 αίνεῖν
3387 2160 3400 2173 ·
3449 2147 3584 2208 τοὺς
3638 2148 3757 2218 μὲν,

2169 2229 2251 2280 ὅτι
2289 2227 2355 2280 δι’
2384 2225 2550 2298 αὐτὴν
2583 2231 3124 2302 ἐνυμφαγωγήθησαν
3157 2232 3234 2303 τῷ
3265 2233 3421 2305 Λόγῳ
3449 2237 3760 2308 παρθενίαν

2172 2321 2537 2391 ἀσκήσαντες·
2572 2321 2698 2384 τοὺς
2727 2322 2804 2384 δέ,
2831 2323 2912 2375 ὅτι
2963 2324 3099 2394 πρὸς
3152 2326 3320 2395 αὐτῆς
3370 2325 3757 2401 ἠλευθερώθη-

2174 2429 2272 2464 σαν
2305 2411 2423 2481 τῆς,
2464 2409 2556 2480 Γῆ
2603 2407 2676 2474 εἴ,
2707 2413 2805 2466 καὶ
2847 2415 2932 2480 είς
2961 2413 3080 2483 γῆν
3105 2415 3436 2485 ἀπελεύσῃ,
3478 2423 3759 2495 κατακρί-

2174 2520 2328 2566 σεως.
2889 2549 2902 2563 .

2241 2587 2426 2658 Οὗτος,
2468 2590 2513 2647 ὦ
2559 2594 2771 2666 Ἀρετὴ,
2812 2596 2906 2648 καὶ⁵
2952 2597 2980 2648 ὀ
3029 2599 3159 2670 παρ’
3189 2601 3323 2671 ἐμοῦ
3379 2620 3482 2667 σοι,
3513 2605 3759 2660 καθόσον

2165 2681 2275 2752 ἐγὼ
2306 2682 2560 2754 δύναμαι,
2590 2682 2745 2752 λόγος
2776 2685 2916 2757 ὑπὲρ
2945 2687 3164 2754 ἁγνείας
3185 2706 3198 2719 ·
3239 2690 3298 2744 ὃν
3325 2690 3480 2755 άξιῶ,
3518 2693 3633 2747 κάν
3668 2697 3757 2767 μέ-

2165 2791 2312 2849 τριος
2357 2770 2414 2848 ᾗ,
2445 2775 2720 2839 δέσποινα,
2751 2777 2844 2829 καὶ
2889 2776 3086 2845 ὀλίγος,
3118 2781 3503 2853 προθυμότατα
3559 2803 3628 2841 σε
3678 2788 3756 2842 se.

2166 2867 2360 2935 ξασθαι
2392 2871 2521 2940 παρ’
2557 2869 2712 2940 ἐμοῦ,
2742 2869 3057 2924 τελευταίαν
3091 2874 3264 2926 εἰπεῖν
3290 2876 3605 2948 ᾑρημένην.

2654 3179 3019 3266 ΛΟΓΟΣ
3092 3183 3202 3269 ΙΑ
3236 3247 3255 3265 .

2825 3328 3074 3384 ΑΡΕΤΗ.

859 3453 986 3511 CAP.
1018 3453 1060 3510 l.
1094 3455 1214 3510 Veri
1247 3457 1466 3528 virgines
1494 3465 1543 3512 et
1565 3459 1722 3523 casti,
1753 3459 1930 3526 pauci.
1958 3454 2219 3519 Castitas,
2249 3459 2531 3505 certamen.
2563 3447 2776 3512 Thecla,
2801 3447 3058 3518 virginum
3083 3447 3339 3515 princeps.

558 3573 779 3645 Accipio
826 3575 1074 3646 equidem
1125 3576 1494 3648 (respondisse
1540 3580 1739 3633 Areten
1791 3577 2061 3633 referebat

492 3663 816 3739 TheOpatra)
847 3675 900 3720 et
949 3676 1116 3722 totam
1146 3669 1315 3738 probo
1344 3685 1408 3724 ac
1437 3670 1616 3724 laudo.
1648 3668 1861 3740 Optime
1889 3670 2056 3732 enim,

491 3760 590 3814 etsi
630 3775 738 3813 non
786 3761 859 3814 ita
909 3762 1073 3826 clare,
1126 3770 1381 3817 cancrum
1415 3762 1617 3832 ingenii
1667 3762 1716 3816 vi
1766 3762 2061 3832 solertique

491 3856 674 3928 o‘pera,
714 3870 836 3924 quae
871 3854 1014 3908 dicta
1061 3864 1216 3908 erant
1264 3856 1593 3925 suscipiens,
1649 3865 1936 3926 prosecuta
1972 3872 2054 3922 es,

491 3965 597 4006 non
627 3947 845 4002 inanem
878 3947 1254 4003 demulcendis
1293 3948 1517 4002 auribus
1557 3950 1834 4003 instruens
1872 3940 2062 4013 volup-

561 4103 582 4133 ’
607 4101 733 4158 Gen.
778 4120 860 4168 in,
894 4102 982 4157 19.

488 4220 622 4274 satis
674 4234 738 4273 ex
789 4219 1051 4288 dignitate
1085 4216 1404 4288 divinarum
1461 4229 1854 4288 personarum,
1913 4212 2060 4288 quod

487 4291 642 4360 quasi
677 4284 873 4360 servili
897 4285 1466 4360 nioreoopuzgopoﬁcai
1491 4286 1579 4337 τὸν
1611 4286 1763 4360 Θεὸν,
1810 4284 2060 4360 satellitio

488 4356 569 4412 illi
616 4359 848 4422 adstare,
896 4359 985 4412 hic
1039 4356 1444 4418 descrilmntur,
1504 4371 1568 4407 ac
1620 4358 1764 4409 unde
1822 4356 2058 4408 lucernis

2244 3571 2403 3626 Ἀλλὰ
2432 3572 2680 3642 δέχομαι,
2715 3569 2811 3641 τὴν
2857 3569 3078 3644 Ἀρετὴν
3107 3571 3139 3641 ἡ
3169 3569 3453 3640 Θεοπάτρα
3500 3569 3614 3644 ἔφη
3651 3573 3752 3643 φάο

2162 3683 2269 3730 ναι,
2299 3665 2392 3718 καὶ⁵
2425 3665 2604 3717 πᾶσαν
2639 3663 2846 3715 ἐπαινῶ
2883 3661 3020 3732 (54).
3054 3660 3334 3732 Κράτιστα
3374 3659 3485 3732 γὰρ
3511 3661 3606 3732 δὴ,
3646 3664 3752 3716 κᾶν

2161 3758 2301 3812 οῦτω
2360 3758 2432 3828 μὴ
2468 3756 2735 3826 φανερῶς,
2775 3753 2908 3807 ἀλλὰ
2941 3752 3076 3824 μετὰ
3113 3753 3347 3822 σπουδῆς
3381 3752 3450 3806 τὰ
3479 3753 3750 3824 λεχθέντα

2161 3850 2422 3924 δεχομένη
2453 3845 2848 3918 διεξελήλυθας,
2883 3847 2943 3899 οὐ
2975 3844 3348 3916 γλυκυμυθίαν
3381 3845 3517 3916 πρὸς
3547 3847 3750 3919 τέρψιν

2162 3947 2269 3999 τῶν
2301 3945 2602 3998 ἀκουόντων
2643 3941 3113 4012 συσκευασαμένη,
3161 3939 3297 3992 ἀλλὰ
3330 3940 3462 4010 πρὸς
3502 3942 3748 4012 ἐπανόρ-

2163 4212 2328 4284 docti,
2365 4229 2465 4268 nec
2494 4229 2604 4268 non
2643 4212 2900 4276 Rabbini,
2927 4214 3059 4268 duos
3100 4213 3241 4282 ﬁlios
3288 4214 3639 4284 pinguedinis,
3673 4225 3739 4271 ut

2163 4285 2211 4354 οἱ
2251 4283 2448 4350 0',ve|,
2483 4293 2540 4338 ut
2565 4285 2676 4348 alii,
2704 4285 2824 4348 olei,
2866 4286 2947 4340 vel
2975 4285 3289 4350 splendoris,
3327 4283 3736 4354 στιλπνότητος,

2163 4351 2349 4407 Jesum
2383 4355 2721 4410 sacerdotem
2768 4357 3213 4422 interpretantur,
3246 4365 3299 4409 et
3340 4351 3737 4410 Zorobabélem

487 4431 666 4482 oleum
698 4435 948 4507 suppetat
969 4443 1032 4507 ac
1061 4427 1408 4507 candelabro,
1438 4424 1857 4507 subministrare
1881 4441 1893 4474 :
1921 4424 2060 4494 σχοί-
2091 4432 2134 4488 ι)
2164 4425 2498 4507 principem;
2527 4428 2619 4495 qui
2651 4425 2994 4507 ambonalter
3016 4427 3362 4507 sacerdotali,
3406 4426 3540 4507 alter
3567 4431 3739 4507 quasi

487 4513 658 4568 νισμα
690 4493 952 4564 funiculus
985 4496 1330 4556 hiereditatis,
1365 4493 1694 4568 ipsiJudaai,
1720 4497 1865 4549 circa
1896 4493 2056 4568 quem

486 4565 610 4624 dua:
669 4568 823 4622 oliva:
887 4585 983 4638 per
1043 4581 1227 4622 ramos
1279 4565 1643 4638 suosllegem
1699 4578 1761 4617 ac
1827 4567 2059 4634 prophe-

486 4651 592 4704 tas,
620 4654 850 4709 quorum
888 4635 1144 4693 auctores
1177 4644 1325 4701 sunt)
1361 4635 1842 4709 subministrantcs
1873 4638 2054 4709 oleum

485 4705 735 4782 spiritale
766 4709 843 4782 τῷ
891 4710 1010 4781 Θεῷ
1051 4710 1277 4782 (editum
1307 4705 1445 4782 erat)
1469 4705 1564 4782 ⁸ἵνα
1601 4706 1724 4782 ,φῴς
1770 4705 1869 4778 ἔχῃ
1908 4705 2056 4782 θείας

783 4761 923 4842 ibeo,
1033 4761 1264 4833 divinam
1295 4761 1570 4851 scientiam
1592 4761 1902 4851 Ιιάὺξαξίῖίῑ
1929 4761 2052 4845 quis

483 4846 564 4908 Sic
606 4861 817 4922 putrem
860 4867 1079 4907 sensum
1110 4865 1172 4904 ac
1216 4850 1501 4922 lectionem
1545 4846 1718 4922 ferat?
1759 4847 1819 4900 Et
1872 4858 2051 4902 tamen

482 4917 632 4977 nulla
660 4923 1131 4978 animadversione
1163 4920 1421 4992 prmtgriit
1463 4919 1653 4992 ambos
1700 4917 2046 4992 interpretes.

483 4992 653 5048 Nemo
684 5007 816 5048 sane
846 4992 1012 5057 dicat,
1043 4988 1246 5045 inferre
1292 4989 1487 5044 Filium
1518 4999 1570 5042 et
1619 4988 1881 5055 Spiritum
1915 5003 2048 5042 san-

483 5075 654 5125 ctum,
689 5077 785 5132 per
811 5063 982 5133 legem
1019 5072 1072 5117 et
1099 5062 1412 5133 prophetas,
1446 5059 1556 5133 ί)εο
1585 5069 1637 5133 et
1673 5057 1819 5112 Patri
1850 5060 2047 5133 divina:

482 5130 814 5203 cognitionis
844 5130 1044 5188 lumen.
1084 5130 1376 5186 Videbatur
1401 5131 1478 5200 τῷ
1511 5130 1623 5203 λαῷ
1651 5131 2040 5203 reponendum,

478 5201 692 5273 populo,
729 5205 821 5272 qui
861 5205 975 5274 ipse
1006 5204 1316 5274 funiculus;
1352 5203 1444 5274 sed
1485 5201 1680 5274 minori
1704 5203 2040 5274 _i_nutatio_ne,

482 5271 767 5346 nullaque:
783 5271 1100 5346 tautologia,
1134 5272 1228 5326 τοῦ
1274 5272 1430 5346 Θεοῦ,
1466 5273 1665 5328 scribo.
1697 5271 1904 5346 _Nempe
1927 5271 2039 5346 ADei

481 5343 664 5397 oleum
687 5343 1196 5416 subministrabant,
1237 5352 1293 5396 ut
1335 5344 1556 5398 haberet
1592 5343 1872 5414 σχοίνισμα
1902 5344 2040 5416 (ipse

482 5415 737 5534 Bopulus)
785 5415 981 5470 divina:
1027 5415 1352 5485 cognitionis
1392 5416 1612 5468 lumen:
1649 5417 1750 5467 hoc
1793 5416 1937 5468 enim
1970 5432 2037 5470 cx

530 5501 612 5534 eo.
648 5484 846 5534 il-lonne
890 5496 1111 5534 auctore
1140 5486 1443 5534 inferebant
1472 5484 1674 5534 Judieis
1710 5488 1789 5534 lex
1832 5495 1884 5534 et
1911 5501 2036 5534 Dm-

530 5501 612 5543 eo,
648 5484 846 5555 illoque
890 5484 1112 5540 auc-tore
1140 5486 1443 5540 inferebant
1472 5484 1674 5539 Judacis
1710 5488 1789 5537 lex
1832 5495 1884 5537 ct
1910 5501 2036 5553 pro-

482 5554 673 5626 phetae.
703 5553 757 5607 Si
784 5553 1068 5626 Dionysius
1103 5555 1373 5610 Methodio
1395 5567 1585 5608 auctor
1607 5556 1706 5608 fuit
1732 5555 1894 5621 hujus
1916 5572 2035 5610 sen-

483 5625 685 5685 tentiaz,
720 5625 976 5692 antiquus
1010 5628 1239 5694 scriptor
1267 5635 1372 5686 est,
1405 5634 1458 5679 et
1495 5627 1575 5680 vel
1609 5627 2028 5694 apostolicorum

483 5707 785 5764 temporum
821 5695 898 5747 vel
949 5696 1031 5747 his
1081 5700 1399 5749 \‘lClllOl'unl.
1434 5700 1510 5747 Ac
1561 5697 1776 5763 qnidcm
1829 5697 1901 5748 illi
1948 5698 2028 5752 sic

485 5781 686 5831 eosque
737 5778 958 5820 secutus
1008 5764 1319 5821 Maximus:
1370 5771 1698 5820 recentiores
1749 5784 1876 5821 vero
1925 5769 2023 5822 viri

2162 4495 2350 4563 regali,
2399 4502 2652 4550 unctione
2701 4499 2848 4550 uncti
2902 4505 3106 4557 essent,
3165 4511 3227 4548 ac
3282 4499 3442 4552 etiam
3487 4495 3740 4566 Spiritus

2161 4567 2331 4619 sancti
2364 4568 2553 4636 gratiis
2583 4567 2805 4620 delibuti
2834 4583 2847 4630 ;
2877 4567 3036 4620 ambo
3069 4567 3313 4636 praeclari
3347 4568 3448 4620 viri
3483 4577 3535 4620 et
3570 4575 3736 4620 utra-

2157 4647 2558 4708 qucipotestate
2585 4639 2881 4708 principes,
2907 4637 2992 4706 qui
3028 4638 3280 4705 praesidio
3312 4637 3489 4691 forent
3517 4638 3739 4693 instau-

2157 4707 2326 4760 rando
2353 4709 2553 4776 templo
2584 4707 2648 4761 ac
2691 4709 3002 4776 reipublicae
3037 4708 3340 4763 Iudaeorum
3382 4709 3732 4778 reparandae,

2155 4786 2504 4846 astarentque
2550 4778 2884 4833 Dominatori
2946 4780 3212 4833 universa:
3274 4787 3463 4843 terrae,
3520 4778 3734 4836 divinis

2154 4849 2427 4919 mandatis
2480 4864 2694 4918 semper
2746 4849 2917 4919 parati
2967 4851 3342 4916 obtemperare
3384 4866 3396 4900 :
3434 4863 3529 4919 per
3584 4866 3733 4918 quos

2152 4918 2559 4990 candelabrum,
2581 4918 2757 4989 ipsum
2783 4921 3076 4982 funiculus,
3101 4930 3151 4972 et
3179 4920 3361 4990 populi
3387 4918 3731 4990 symbolum,

2149 4989 2269 5042 oleo
2297 4988 2364 5043 ad
2396 4988 2676 5044 lumen’et
2717 4991 3019 5044 claritatem
3064 5006 3168 5042 non
3215 4988 3570 5055 deficeretur,
3608 4994 3732 5048 sive

2147 5060 2308 5131 etiam
2333 5061 2398 5113 ad
2425 5060 2519 5114 Dei
2547 5061 2937 5130 cognitionem,
2968 5061 3267 5114 sacerdotis
3299 5065 3532 5114 maxime
3552 5076 3730 5131 Opera

2149 5128 2223 5181 illi
2255 5128 2648 5198 praestandam;
2677 5140 2838 5200 atque
2868 5132 3031 5184 etiam
3064 5145 3093 5182 a
3121 5131 3386 5200 principe,
3417 5128 3609 5198 quoad
3641 5134 3727 5185 ci-

2144 5202 2292 5271 vilia,
2329 5203 2446 5271 ipsa
2470 5203 2524 5255 in
2556 5201 2724 5255 Deum
2754 5199 2943 5264 relata,
2975 5208 3031 5253 ut
3056 5208 3174 5254 erat
3208 5199 3300 5255 Dei
3337 5201 3471 5270 ipsis
3502 5202 3727 5271 legibus

2145 5219 2292 5262 vina,
2329 5219 2446 5271 ipsa
2470 5219 2524 5255 in
2556 5219 2724 5255 ueum
2754 5219 2943 5264 relata,
2975 5219 3031 5253 υι
3056 5219 3174 5254 erat.
3208 5219 3300 5255 uel
3337 5219 3471 5270 lpSIS
3502 5219 3549 5255 ie
3597 5219 3727 5258 inus

2144 5269 2394 5342 instituta
2428 5271 3082 5342 respublica;ielectoque
3122 5272 3176 5342 in
3224 5286 3344 5324 eam
3387 5287 3500 5326 rem
3546 5219 3728 5327 foro-

2141 5341 2331 5419 babele
2365 5350 2423 5419 ut
2455 5341 2714 5419 templum
2740 5341 3066 5419 absolveret.
3101 5341 3390 5419 φθείρει-ιε.

2211 5413 2321 5483 (54)
2362 5414 2471 5466 Καὶ
2505 5411 2708 5466 πᾶσαν
2728 5412 2969 5483 ἐπαινῶ.
3013 5411 3170 5465 Nulla
3224 5413 3312 5468 hic
3356 5428 3493 5481 opus
3522 5428 3727 5466 emen-

2137 5482 2375 5540 datione.
2411 5483 2485 5536 De
2509 5498 2614 5536 una
2646 5498 2823 5537 sermo
2847 5482 3129 5546 Domnina,
3157 5498 3318 5552 quam
3341 5491 3721 5551 perorantem,

2137 5556 2365 5609 aliarum
2418 5568 2570 5608 more
2596 5554 2755 5608 Arele
2794 5563 3048 5619 coronat;
3111 5569 3174 5606 ac
3233 5563 3555 5622 argumento
3610 5556 3727 5609 rite

2133 5625 2468 5746 ldefunctam,
2496 5624 2678 5678 laudat
2705 5643 2716 5677 :
2750 5623 2809 5688 τὸ
2831 5625 3031 5690 πάσας
3049 5623 3229 5678 Allatii
3257 5622 3575 5679 mendosum
3604 5633 3720 5680 est.

2154 5713 2206 5746 ι-
