3972 6212
1318 282 1699 345 CONVIVIUM
1736 282 1959 341 DECEM
2000 280 2363 341 VIRGINUM;

3371 288 3478 346 906

274 395 442 449 θωσιν
495 393 788 469 ὑπόμνημα
832 399 925 455 καὶ
978 402 1152 474 νῆψιν.
1194 404 1518 476 Προτάττειν
1566 403 1674 476 γάρ
1720 402 1823 458 τῶν

1924 408 2111 465 tatem,
2138 400 2231 457 sed
2275 400 2343 455 ad
2370 413 2583 454 morum
2615 400 3005 457 correctionem
3035 416 3099 457 ac
3129 402 3476 462 sobrietatem

276 487 425 559 ιμῶν
454 489 889 561 ἐπιτηδευμάτων
917 494 1133 562 ἁγνείαν
1154 498 1182 548 ὁ
1203 495 1372 565 λέγων
1395 495 1504 550 δεῖν
1528 496 1621 549 καὶ
1652 496 1828 550 ἀσπά-

275 579 458 644 ζεσθαι
487 581 707 653 πρώτην
729 583 835 638 τῶν
865 584 1056 650 ἄλλων,
1080 586 1252 658 ὀρθῶς
1278 587 1733 661 παρακελεύεται·
1760 589 1827 659 ἠν

270 671 433 740 τιμᾷν
473 671 572 740 μὲν
604 671 878 742 νομίζουσι
911 675 1004 727 καὶ
1031 674 1350 745 θεραπεύειν
1390 676 1825 748 πολλοὶ,·’τιμῶσι

267 760 313 813 δ’
340 760 531 832 αὐτὴν,
556 764 631 827 ὡς
658 763 786 819 ἔπος
819 767 1007 830 εἰπεῖν,
1046 766 1230 836 ὀλίγοι.
1266 770 1340 822 Οὐ
1368 769 1474 842 γὰρ
1503 772 1701 824 ὁπόταν
1728 770 1825 841 τὴν

267 851 465 906 ἑαυτοῦ
498 855 675 924 σάρκα
700 856 799 926 τῆς
833 859 972 913 κατά
1017 861 1294 915 συνουσίαν
1341 861 1592 929 ἄγευστον
1638 865 1826 935 ἡδονῆς

270 944 616 1016 φιλοτιμῆται
647 952 835 1019 τηρεῖν
874 950 1171 1023 ἄνθρωπος,
1218 953 1327 1008 τῶν
1365 954 1537 1009 ἄλλων
1585 958 1657 1027 μὴ
1690 974 1824 1027 κρα-

269 1036 398 1100 τῶν,
430 1038 648 1105 ἁγνείαν
680 1041 830 1110 τιμᾷ.
850 1042 1122 1113 Ἀτιμάζει
1158 1044 1254 1115 μὲν
1297 1042 1388 1099 οὖν
1422 1046 1587 1117 αὐτὴν
1630 1047 1825 1117 μᾶλλον

265 1130 365 1199 οὐχ
389 1131 589 1200 ἥκιστα
618 1131 901 1201 βαναύσοις
930 1136 1261 1208 ἐπιθυμίαις,
1290 1139 1478 1209 ἡδονὰς
1508 1142 1826 1195 ἀντικαταλ-

266 1218 594 1291 λασσόμενος
631 1223 861 1294 ἡδοναῖς.
886 1227 1017 1280 Οὑδὲ
1057 1245 1120 1298 γε
1143 1230 1267 1283 ὅταν
1298 1230 1431 1300 πρὸς
1466 1232 1562 1295 τάς
1592 1233 1695 1300 ἔξω
1728 1235 1824 1304 μὲν

267 1312 562 1383 ἐπιθυμίας
597 1315 820 1388 διαπονῇ
855 1319 1133 1390 καρτερῶν
1161 1360 1176 1382 ,
1220 1322 1580 1394 ύπεραίρηται
1620 1325 1677 1377 δὲ
1726 1343 1824 1393 φυ-

266 1405 572 1476 σιούμενος,
596 1403 743 1477 αὐτῷ
767 1408 830 1478 δὴ
859 1410 1030 1481 τούτῳ
1054 1411 1130 1482 τῷ
1156 1412 1408 1468 δύνασθαι
1437 1415 1544 1470 τῶν
1568 1417 1665 1487 τῆς
1696 1435 1826 1488 σαρ-

265 1503 363 1561 κὸς
413 1499 849 1569 ὑπεκκαυμάτων
894 1506 1130 1575 κρατεῖν,
1166 1506 1257 1558 καὶ⁵
1306 1508 1510 1571 πάντας
1555 1509 1629 1572 ὡς
1676 1510 1822 1565 οὐδὲν

266 1591 588 1656 ἐξουδενῶν,
640 1595 848 1663 ἡγεῖται
902 1595 1119 1662 ἁγνείαν
1166 1599 1363 1668 τιμᾷψ
1421 1601 1670 1671 ἀτιμάζει
1716 1602 1822 1675 γὰρ

266 1681 437 1752 αὐτὴν
480 1682 715 1754 ὑϐρίζων
760 1686 789 1737 ὁ
831 1682 1262 1760 ύιβηλοφροσύνῃ.
1289 1688 1364 1758 τῷ
1400 1689 1460 1742 τὸ
1490 1691 1585 1761 μὲν
1629 1691 1822 1757 ἔξωθεν

1928 492 2261 547 luculentum
2296 497 2704 548 monumentum
2741 507 2967 561 ponens.
3013 492 3117 559 Qui
3146 495 3479 553 enimcmte-

1924 586 2002 641 ris
2030 586 2165 642 meis
2200 583 2392 639 studiis
2419 599 2483 639 ac
2515 583 2701 639 oiliciis
2731 585 3144 655 praeponendam
3173 589 3479 651 castitatem

1925 677 2082 731 docet
2105 685 2157 731 et
2183 692 2293 745 pra:
2321 675 2443 729 aliis
2472 675 2700 744 primam
2733 678 3183 746 amplectendam,
3213 688 3358 735 recte
3385 682 3481 736 ad-

1928 773 2109 819 monet
2136 784 2148 818 :
2178 779 2340 835 quam
2383 780 2442 820 se
2466 765 2645 820 colere
2681 772 2735 818 et
2767 768 3057 822 observare
3079 768 3234 821 multi
3261 771 3480 839 quidem
3527 816 3534 827 .

1925 856 2256 920 existimant,
2294 861 2348 907 at
2381 860 2527 909 certe
2567 855 2752 908 colunt
2792 856 2974 924 pauci,
3000 863 3058 909 ut
3084 857 3249 912 verbo
3278 858 3491 919 dicam.,

1923 945 2042 1000 Non
2074 948 2216 1043 eni.m
2266 946 2578 1017 quicunque
2612 961 2764 1002 suam
2794 962 3010 1001 carnem
3046 963 3078 1001 a
3104 950 3317 1006 venerei
3350 966 3483 1006 con-

1923 1040 2446 1110 gressus'voluptate
2471 1041 2749 1095 continere
2789 1040 3076 1104 studuerit,
3106 1041 3211 1095 nisi
3243 1043 3485 1114 reliquos

1925 1130 2148 1187 affectus
2189 1139 2456 1198 coerceat,
2491 1132 2752 1188 continuo
2799 1133 3104 1187 castitatem
3152 1134 3299 1189 colit.
3337 1134 3477 1200 Quin

1924 1225 2105 1295 potius
2147 1225 2443 1294 ignominia
2487 1224 2760 1289 traducit,
2801 1240 2923 1279 cum
2969 1225 3088 1293 ejus
3138 1227 3489 1296 professione-

1924 1322 2203 1386 suscepta,
2232 1316 2468 1371 sordidis
2502 1316 2855 1371 nihilominus
2899 1316 3138 1386 indulget
3172 1319 3481 1388 cupiditati-

1922 1406 2046 1472 bus,
2098 1408 2400 1479 voluptates
2438 1422 2502 1462 ac
2548 1407 2801 1464 libidines
2828 1408 3194 1477 voluptatibus
3237 1425 3482 1465 commu-

1922 1508 2044 1555 tans
2091 1514 2152 1554 ac
2198 1500 2533 1556 libidinibus.
2569 1498 2753 1570 Neque
2776 1500 2822 1555 si
2844 1501 3232 1571 cupiditatibus
3262 1502 3483 1572 quidem-

1923 1606 2178 1647 sensuum
2212 1587 2423 1647 fortiter
2465 1592 2756 1656 obstiterit,
2792 1591 2941 1645 inani
2982 1600 3160 1647 autem
3198 1592 3368 1663 gloria
3400 1592 3482 1648 fa-

1923 1693 2119 1755 stuque
2134 1682 2407 1748 efferatur,
2425 1684 2528 1738 hoc
2546 1684 2662 1752 ipso
2678 1684 2821 1754 quod
2839 1683 2979 1753 potis
2996 1684 3066 1738 sit
3078 1684 3482 1740 exardescentis

264 1772 359 1826 τοῦ
378 1773 605 1836 πίνακος
635 1774 910 1847 καθαίρειν
937 1776 1143 1847 καὶτῆς
1169 1779 1475 1850 παροψίδος,
1506 1781 1603 1853 τὴν
1631 1782 1823 1852 σάρκα,

1925 1775 1981 1830 in
2004 1791 2064 1831 se
2089 1775 2329 1831 libidinis
2355 1784 2519 1831 aestus
2545 1774 2902 1844 comprimere
2928 1814 2944 1839 ,
2974 1782 3311 1846 cunctosque
3344 1776 3484 1832 nihil

264 1862 325 1916 τὺ
356 1862 551 1934 σῶμα·
584 1864 681 1936 τὴν
711 1865 765 1918 δὲ
793 1865 1017 1937 καρδίαν
1064 1867 1217 1938 τύφῳ
1260 1867 1497 1923 σίνεσθαι
1539 1871 1633 1923 καὶ
1680 1870 1825 1939 φιλο-

266 1955 486 2026 κρατίᾳ.
522 1956 656 2009 Οὐδὲ
685 1973 746 2026 γε
775 1959 935 2012 ὁπότε
964 1958 1310 2030 ὲναϐρύνεταί
1347 1977 1431 2024 τις
1452 1962 1712 2032 χρήμασι,
1746 1980 1826 2016 τι-

268 2049 375 2117 μᾷν
409 2048 579 2119 αὐτὴν
611 2048 926 2114 στωυδάζειο
959 2050 1209 2123 ἀτιμάζει
1241 2052 1337 2123 μὲν
1363 2048 1453 2105 οὖν
1474 2053 1668 2116 παντὸς
1693 2053 1825 2124 μᾶλ-

264 2136 352 2190 λον
377 2138 437 2191 δὲ
466 2135 642 2204 οὗτος.
675 2143 978 2213 προκρίνων
1012 2144 1176 2214 αὐτῆς
1202 2144 1377 2212 ὀλίγον
1408 2144 1613 2218 κέρδος,
1639 2142 1706 2218 ἧς
1736 2146 1826 2199 ού-

265 2230 351 2283 δὲν
382 2231 633 2296 ἀντάξιον
668 2249 773 2285 των
804 2236 861 2286 ὲν
892 2233 967 2304 τῷ
995 2233 1092 2305 βίῳ
1133 2235 1347 2305 τιμίων.
1385 2237 1496 2300 Πᾶς
1530 2237 1637 2308 γὰρ
1666 2237 1825 2291 πλοῦο

264 2341 353 2386 τος
386 2323 643 2377 ἐνώπιον
668 2325 877 2394 αὐτῆς,
897 2329 988 2380 καὶ
1006 2327 1239 2396 χρυσὸς
1264 2327 1345 2393 ὡς
1369 2328 1606 2397 ψάμμος
1633 2332 1819 2400 ὀλίγη.

265 2416 405 2471 Οὐδὲ
434 2436 499 2487 γε
529 2420 556 2470 ὁ
583 2420 768 2472 ἑαυτὸν
791 2420 1080 2493 ὑπερφυῶς
1107 2422 1405 2493 ἡγούμενος
1437 2423 1624 2492 φιλεῖν,
1652 2426 1742 2477 καὶ
1764 2425 1825 2478 τὸ

266 2511 444 2581 ἑαυτῷ
474 2512 622 2583 μόνῳ
648 2513 923 2584 συμφέρον
962 2513 1270 2578 σπουδάζων
1300 2519 1537 2577 σκοπεῖν,
1573 2517 1823 2587 ἄφροντις

264 2605 323 2658 διδ
354 2604 462 2658 τῶν
490 2604 737 2673 πλησίον,
762 2605 982 2673 ἁγνείαν
1016 2609 1181 2678 τιμᾷ·
1213 2608 1469 2678 ἀτιμάζει
1489 2608 1585 2678 μὲν
1611 2604 1702 2662 οὖν
1728 2610 1824 2661 αὐ-

260 2697 360 2768 τὴν
401 2698 500 2751 καὶ
543 2692 727 2760 οὗτοςο
775 2698 906 2751 πολὺ
956 2700 1062 2771 γὰρ
1103 2698 1341 2753 λείπεται
1382 2699 1490 2753 τῶν
1518 2700 1635 2753 κατ’
1669 2700 1822 2766 ἀξίαν

258 2790 594 2860 ὁμιλούντων
626 2791 783 2862 αὐτῇ,
805 2792 882 2862 τῷ
926 2792 1019 2863 τὴν
1059 2793 1277 2862 ἀγάπην
1300 2794 1467 2864 αὐτῆς
1500 2796 1592 2848 καὶ
1622 2795 1683 2848 τὸ
1708 2794 1824 2864 φιλ-

260 2881 549 2952 άνθρωπον
596 2881 956 2954 λωϐήσασθαι.
1004 2882 1077 2936 Οὐ
1124 2882 1232 2954 γὰρ
1275 2884 1398 2954 τῇδε
1447 2884 1542 2954 μὲν
1574 2885 1824 2953 ἁγνεύον-

258 2988 360 3035 τας
392 2972 742 3044 παρθενεύειν
779 2974 876 3037 δεῖ,
908 2974 1027 3047 τῇδε
1059 2974 1114 3027 δὲ
1160 2975 1641 3047 κακοπραγοῦντας
1669 2979 1823 3050 χραί-

260 3063 448 3116 νεσθαι
482 3064 574 3117 καὶ
601 3063 1033 3118 ἀκολασταίνειν·
1066 3064 1184 3117 οὐδὲ
1211 3065 1336 3136 τῇδε
1373 3066 1467 3135 μὲν
1496 3066 1821 3135 ἐπαγγέλλε-

1925 1865 2106 1930 faciat,
2138 1875 2282 1921 recte
2312 1871 2599 1922 censeatur
2626 1864 2934 1920 castitatem
2964 1865 3179 1922 colere:
3209 1882 3372 1938 quam
3395 1883 3484 1923 su-

1926 1957 2123 2026 perbia:
2141 1957 2388 2026 contagie
2408 1956 2674 2012 dedecore
2694 1955 2877 2011 verius
2897 1955 3088 2022 allicit;
3120 1973 3314 2028 nempe
3336 1958 3480 2028 quod

1925 2049 2162 2103 exterius
2193 2057 2277 2104 est
2308 2047 2481 2103 lancis
2508 2057 2561 2103 et
2594 2047 2898 2119 paropsidis
2923 2048 3223 2104 emundans
3261 2050 3326 2114 ¹⁰,
3360 2064 3482 2105 car-

1923 2154 2045 2194 nem
2067 2137 2317 2194 videlicet
2340 2154 2404 2193 ac
2428 2153 2656 2208 corpus;
2694 2138 2935 2193 animum
2963 2154 3093 2194 vero
3118 2141 3347 2197 tumoris
3370 2156 3492 2209 ams

1923 2232 2253 2303 bitionisque
2297 2232 2551 2288 sordibus
2594 2232 2904 2302 inquinans.
2950 2234 3018 2287 At
3060 2249 3236 2304 neque
3263 2233 3311 2290 si
3360 2234 3483 2304 quis

1922 2327 2274 2397 pecuniarum
2306 2326 2605 2397 cupiditate
2632 2332 2844 2395 captus,
2878 2341 3066 2381 carum
3101 2328 3258 2398 c0pia
3282 2328 3484 2398 gloria~

1924 2430 2030 2487 tur,
2064 2422 2109 2476 is
2137 2435 2256 2475 eam
2289 2421 2467 2475 colere
2496 2419 2780 2490 magnifice
2812 2421 3023 2486 studet;
3056 2420 3152 2475 sed
3178 2434 3277 2490 pro
3306 2420 3482 2474 omni-

1920 2511 2023 2566 bus
2072 2512 2369 2581 dcspicatui
2404 2511 2585 2574 habet.
2632 2512 2840 2565 lucrum
2881 2512 3131 2581 exiguum
3167 2512 3244 2566 illi
3291 2513 3483 2583 prafe-

1922 2619 2068 2668 rens,
2103 2606 2193 2660 cui
2227 2616 2405 2661 tamen
2449 2606 2585 2660 nihil
2615 2604 2979 2673 comparabile
3007 2611 3110 2663 est.
3148 2619 3335 2659 eorum
3361 2620 3484 2676 qua)

1924 2697 1980 2752 in
2018 2697 2129 2752 vita
2168 2700 2223 2752 in
2257 2699 2427 2767 pretio
2455 2697 2745 2752 habentur.
2781 2693 2983 2752 Omnes
3018 2696 3161 2750 enim
3191 2696 3393 2751 divitiae
3429 2705 3485 2752 et

1922 2805 2111 2845 aurum
2137 2790 2191 2843 in
2213 2799 2483 2859 conspectu
2504 2789 2649 2845 illius
2672 2805 2836 2843 arena
2876 2797 2953 2843 est
2979 2789 3169 2859 exigua
3195 2789 3260 2845 “.
3289 2788 3356 2842 At
3388 2804 3484 2844 ne—

1921 2893 2026 2952 que
2050 2880 2143 2951 qui
2182 2895 2239 2935 se
2270 2880 2445 2949 ipsum
2476 2893 2642 2949 supra
2665 2867 2886 2934 modum
2920 2884 3102 2935 amare
3127 2879 3485 2951 deprehendi-

1921 2982 2030 3035 tur,
2052 2971 2266 3043 etquod
2293 2960 2395 3027 sibi
2418 2972 2517 3026 soli
2545 2971 2766 3042 prodest
2789 2972 2947 3027 unice
2973 2972 3211 3028 intuetur
3232 2980 3285 3028 et
3305 2980 3483 3038 curat,

1922 3066 2306 3121 necessitatum
2353 3064 2585 3135 proximi
2635 3080 2897 3127 securus,
2950 3065 3254 3121 castitatem
3304 3066 3483 3124 colit:

265 3156 389 3208 σθαι
442 3155 763 3226 καθαρεύειν
795 3155 887 3209 καὶ
920 3158 1232 3226 σωφρονεῖν,
1268 3156 1392 3227 τῇδε
1420 3156 1476 3210 δὲ
1510 3157 1823 3221 μολύνεσθαι

1928 3153 2060 3223 quin
2105 3153 2220 3223 ispe
2270 3169 2487 3223 quoque
2536 3153 2760 3222 spernit.
2819 3152 3046 3207 Multum
3090 3156 3236 3209 enim
3282 3156 3348 3211 ab
3378 3155 3488 3212 illis

262 3248 359 3301 καὶ
401 3247 765 3319 ἁμαρτάνειν·
807 3245 915 3298 οὐδ’
945 3242 1009 3299 αὖ
1053 3248 1117 3316 τῇ
1168 3245 1266 3316 μὲν
1311 3246 1588 3318 ὁμολογεῖν
1620 3248 1692 3321 μὴ
1730 3265 1827 3301 πε-

263 3340 608 3411 φροντικέναι
642 3339 748 3392 τῶν
772 3338 1066 3409 κοσμικῶν,
1098 3341 1164 3409 τῇ
1191 3339 1248 3393 δὲ
1274 3340 1499 3395 κτᾶσθαι
1528 3343 1618 3395 καὶ
1648 3343 1705 3396 ὲν
1731 3342 1825 3394 αὑ-

264 3432 374 3493 tci;
398 3429 741 3494 ἐξετάζεσθαι
768 3428 875 3498 (55)
901 3445 914 3457 ο
951 3427 1084 3481 ἀλλὰ
1132 3430 1306 3483 πάντα
1331 3429 1400 3483 τά
1448 3429 1582 3500 μέλη
1622 3429 1823 3501 φθορᾶς

264 3517 601 3587 ἀκοινώνητα
645 3516 734 3569 καὶ
759 3517 931 3587 ἀμιγῆ
963 3519 1166 3588 τηρεῖν,
1203 3519 1262 3571 οὐ
1296 3518 1454 3588 μόνον
1481 3518 1549 3572 τὰ
1577 3518 1821 3590 κνησμῶ-

265 3605 330 3677 δη
360 3608 452 3660 καὶ
482 3605 917 3671 συνουσιαστικά,
948 3606 1059 3659 ἀλλ’
1091 3607 1187 3680 ἤδη
1218 3610 1310 3662 καὶ
1340 3608 1408 3663 τά
1434 3609 1635 3663 τούτων
1669 3611 1821 3682 ὲνερ-

264 3700 496 3771 τέστερα
520 3700 652 3771 (56).
698 3699 876 3771 Χλεύη
907 3699 1014 3773 γὰρ
1046 3701 1116 3754 τὰ
1150 3701 1247 3772 μὲν
1270 3701 1368 3771 τῆς
1401 3702 1823 3773 παιδοποιήσεως

261 3796 471 3865 εργανα
508 3794 693 3864 τηρεῖν
736 3794 997 3866 παρθένα,
1024 3794 1120 3866 τὴν
1147 3795 1202 3848 δὲ
1224 3782 1465 3865 γλῶτταν
1497 3780 1570 3866 μὴ
1600 3798 1784 3866 τηρεῖν
1806 3812 1819 3825 ·

261 3885 295 3956 ἢ
327 3887 429 3957 τὴν
460 3884 708 3953 γλῶσσαν
737 3886 833 3957 μὲν
864 3879 1047 3957 τηρεῖν
1080 3886 1363 3957 παρθένον,
1406 3887 1501 3957 τὴν
1529 3886 1585 3939 δὲ
1613 3888 1821 3958 ὅρασιν,

262 3979 414 4050 ἢτὴν
432 3979 620 4048 ἀκοὴν,
640 3978 671 4051 ἦ
691 3979 785 4042 τὰς
800 3981 986 4050 χεῖρας
1009 3978 1081 4051 μὴ
1098 3982 1301 4050 τηρεῖν⁹
1321 3981 1367 4031 εἰ
1385 3978 1448 4051 [Ῑ.
1463 3979 1519 4051 ἦ]
1536 3978 1705 4033 ταῦτα
1728 3982 1824 4050 μὲν

260 4070 404 4139 ἔχειν
434 4072 531 4124 καὶ
555 4073 739 4141 τηρεῖν
766 4069 1029 4143 παρθένοι,
1058 4069 1155 4142 τὴν
1189 4069 1413 4142 καρδίαν
1439 4070 1495 4124 δὲ
1521 4071 1596 4142 μὴ
1618 4074 1820 4144 τηρεῖν,

259 4163 370 4215 ἀλλ’
401 4161 767 4233 ἑταιρίζεσθαι
797 4161 947 4232 τύφῳ
977 4162 1067 4215 καὶ
1095 4160 1269 4232 θυμῷ.

1931 3248 2084 3302 abest
2106 3247 2203 3316 qui
2222 3262 2320 3317 pro
2350 3247 2631 3317 dignitate,
2649 3246 2795 3301 illius
2816 3253 3045 3306 utuntur
3058 3246 3485 3312 necessitudine,

1927 3340 2021 3411 qui
2051 3340 2170 3409 ejus
2200 3338 2517 3393 charitatem
2545 3345 2599 3392 et
2627 3338 3056 3394 misericordiam
3090 3346 3143 3393 et
3177 3338 3487 3395 humanita-

1927 3439 2032 3486 tem
2079 3444 2110 3483 a
2155 3440 2214 3485 se
2258 3431 2536 3500 repulcrit.
2569 3428 2752 3499 Neque
2781 3416 2925 3485 enim
2964 3440 3170 3486 rectum
3202 3438 3307 3499 est,
3357 3430 3487 3486 hinc

1926 3523 2145 3595 quidem
2198 3524 2468 3579 castitatis
2516 3538 2620 3578 usu
2671 3522 3034 3593 virginitatem
3078 3524 3285 3591 colere;
3336 3522 3487 3577 illinc

1923 3632 2052 3672 vero
2092 3616 2274 3688 pravis
2313 3615 2647 3670 facinoribus
2678 3630 2740 3668 ac
2767 3614 2989 3670 libidine
3015 3617 3253 3669 animum
3280 3614 3488 3683 pollue-

1924 3723 2019 3763 re:
2049 3723 2223 3778 neque
2254 3707 2379 3763 hinc
2411 3707 2626 3777 quidem
2658 3706 2899 3778 proﬁteri
2923 3706 3211 3776 puritatem
3236 3712 3290 3759 et
3311 3705 3489 3759 conti-

1924 3801 2187 3863 nentiam,
2222 3801 2372 3854 illinc
2404 3809 2583 3855 autem
2632 3800 2905 3871 inquinari
2944 3806 3108 3867 atque
3136 3797 3281 3852 vitiis
3306 3796 3489 3851 indul-

1926 3905 2070 3961 gere.
2117 3890 2302 3961 Neque
2334 3906 2547 3958 rursus,
2579 3891 2705 3946 hinc
2742 3891 2958 3961 quidem
3006 3888 3161 3943 fateri
3204 3888 3350 3943 haud
3380 3888 3485 3944 sibi

1928 3998 2072 4038 cura;
2098 3999 2218 4039 esse
2249 3999 2338 4039 res
2369 3986 2579 4045 mundi.
2612 3986 2760 4039 illinc
2783 3991 2959 4038 autem
2991 3982 3245 4053 parandis
3277 3981 3488 4037 inhiare

1928 4091 1993 4131 ac
2027 4077 2083 4130 in
2127 4076 2238 4130 illis
2281 4078 2509 4132 versari.
2546 4077 2687 4143 Quin
2720 4076 2959 4131 membra
2990 4074 3172 4130 omnia
3219 4074 3288 4127 ab
3337 4073 3487 4129 omni

1930 4167 2133 4222 intacta
2152 4171 2501 4239 corruptione
2525 4168 2788 4223 servanda
2810 4183 2873 4223 ac
2896 4167 3256 4231 incommista,
3289 4180 3397 4220 non
3421 4179 3485 4221 ea

259 4253 532 4307 duntaxat
584 4269 703 4323 qua:
737 4253 1002 4323 pruritum
1036 4252 1104 4307 ad
1157 4253 1431 4309 libidinem
1474 4253 1694 4318 habent,
1736 4272 1958 4328 remque
2003 4260 2303 4317 maritalem
2331 4269 2618 4329 exercent;
2669 4261 2763 4316 sed
2816 4275 2883 4315 ea
2934 4273 3147 4330 quoque
3172 4273 3291 4329 quae
3333 4258 3488 4313 hisce

261 4352 395 4398 sunt
433 4344 504 4397 ad
537 4358 674 4414 Opus
707 4345 1013 4399 obeundum
1059 4345 1407 4414 promptiora.
1465 4345 1629 4401 Plane
1660 4348 1925 4418 siquidem
1985 4351 2278 4407 ridiculum
2323 4353 2507 4418 fuerit,
2562 4354 2955 4424 procreationis
3002 4352 3233 4410 ﬁliorum
3290 4352 3487 4405 instru-

259 4444 445 4491 menta
475 4435 686 4504 integra
707 4450 924 4490 servare
953 4450 1016 4489 ac
1049 4437 1383 4501 intaminata,
1416 4454 1521 4492 non
1550 4439 1675 4493 item
1720 4441 1955 4512 linguam
1983 4461 1997 4510 ;
2032 4451 2125 4498 aut
2176 4460 2392 4501 servare
2436 4446 2658 4516 quidem
2715 4447 2974 4517 linguam,
3038 4447 3254 4503 oculum
3305 4452 3485 4500 autem

256 4540 354 4586 aut
396 4547 562 4587 aures
594 4540 687 4584 aut
715 4546 904 4587 manus
938 4548 1318 4607 nequaquam:
1356 4542 1449 4589 aut
1476 4534 1711 4606 denique
1754 4538 1844 4591 illa
1892 4555 2109 4612 quoque
2163 4542 2362 4599 habere
2392 4557 2456 4599 ac
2504 4558 2720 4600 servare
2764 4545 3008 4616 integra,
3047 4560 3153 4599 non
3195 4558 3326 4598 vero
3369 4543 3487 4597 ani-

254 4640 431 4692 mum,
463 4625 562 4680 sed
592 4626 743 4680 illum
773 4627 1028 4697 superbia
1070 4628 1259 4699 iraque
1288 4632 1654 4700 constuprari.
2459 4621 2479 4642 ’

313 4782 361 4812 ’⁸
385 4779 584 4836 Matth.
614 4798 770 4846 xxut,
800 4783 890 4838 25.
980 4784 1022 4816 “
1066 4783 1194 4853 Sap.
1227 4801 1324 4849 vn,
1353 4785 1407 4840 9.

331 4904 444 4981 (ξε)
487 4904 595 4981 (Καὶ
717 4903 912 4981 aurci;
948 4904 1432 4981 éﬁstdfea'dat._lit
1467 4906 1575 4960 illis
1607 4910 1823 4981 rcrscri,

1930 4911 2140 4981 honeste
2166 4912 2534 4981 ostentandam
2588 4911 2970 4976 membrorum,
3032 4919 3169 4976 etc.,
3221 4911 3487 4981 quietrdt

257 4988 321 5029 ac
344 4976 389 5027 si
422 4974 555 5043 quid
589 4975 853 5043 ejusmodi
878 4990 943 5029 eo
976 4992 1135 5029 sensu
1170 4991 1269 5030 vox
1305 4977 1391 5029 illa
1422 4986 1597 5043 potest
1629 4978 1815 5032 reddi:

254 5044 323 5099 de
350 5060 459 5113 qua
497 5046 650 5114 plura
683 5044 929 5100 Budaeus.
961 5045 1166 5100 Passim
1195 5048 1247 5101 in.
1268 5048 1512 5101 conciliis
1534 5088 1548 5109 ,
1573 5049 1619 5100 οἱ
1638 5047 1823 5114 ἐξετα-

253 5114 474 5184 ζόμενοι
504 5116 769 5186 ιιιοιίιιυο
798 5116 966 5186 gradu
1005 5117 1086 5168 vel
1109 5117 1320 5186 ordine.
1371 5118 1458 5186 qui
1492 5118 1543 5170 in
1587 5119 1680 5172 illo
1712 5135 1822 5171 me-

253 5194 402 5258 rent.
434 5189 491 5237 in
524 5184 640 5254 ejus
686 5184 839 5258 ςεηδὶι
874 5195 995 5240 sunt
1022 5184 1453 5258 :__é£sca§dpevog
1490 5189 1546 5240 ἐν
1589 5192 1702 5252 τοῖς
1737 5190 1828 5241 ιπ-

253 5257 457 5318 πικοῖς,
493 5272 662 5325 eques
686 5254 1009 5328 Romanus._
1041 5255 1135 5310 Hic
1166 5254 1326 5327 ergo}
1355 5257 1735 5328 ἐξεταζόμενος
1767 5260 1825 5311 ἐν

252 5328 359 5397 τοῖς
384 5328 693 5397 κοσμικοῖς,
728 5328 817 5395 qui
851 5326 1143 5381 mundanus
1175 5330 1244 5381 sit
1278 5344 1339 5381 ac
1375 5326 1646 5383 swcularis
1678 5345 1695 5381 :
1726 5343 1827 5382 nec

253 5395 391 5451 bene
442 5395 745 5457 Possinius.
793 5397 966 5451 studio
1000 5413 1173 5451 rerum
1223 5399 1611 5451 mundanarum
1660 5399 1821 5451 nimio

228 5460 483 5520 κυδρή.
521 5466 675 5538 Quod
719 5468 896 5521 reddit
926 5469 1154 5520 Allatius
1207 5484 1315 5522 non
1372 5470 1633 5538 intelligo,
1667 5478 1718 5521 et
1767 5469 1823 5521 in

254 5538 357 5588 illis
382 5537 592 5607 aliquid
630 5553 740 5589 esse
778 5538 1098 5607 contendere.
1141 5538 1424 5593 ϐοιωειηε.

321 5606 566 5673 (5“)1‘2:
614 5608 836 5659 τούτων
883 5606 1287 5677 ἐνεργέσῡερα.
1343 5608 1567 5662 Videtur
1624 5608 1820 5677 legisse

252 5674 544 5749 Possinius
576 5674 985 5749 ἐναργέστερα,
1024 5674 1149 5729 dum
1191 5674 1345 5748 longa
1377 5674 1699 5749 paraphrasi
1747 5679 1818 5730 ita

253 5748 466 5801 reddit:
494 5745 635 5812 Quin
665 5745 835 5815 potius
864 5745 1215 5816 publicorum,
1268 5745 1322 5802 ιὶι
1354 5745 1428 5802 ita
1463 5748 1657 5813 dicam,
1689 5757 1737 5801 et
1768 5764 1822 5801 se

1928 4978 2217 5049 κνησμώδη
2267 4979 2600 5041 reddiderat,
2651 4997 2713 5033 ea
2760 4997 2875 5049 qua:
2901 4982 3071 5049 pudor
3101 4978 3254 5035 velat:
3286 4979 3487 5036 Verum

1924 5050 2137 5118 quidem
2229 5051 2496 5120 utrisque
2534 5055 2647 5102 haec
2691 5052 2947 5105 membris
2998 5061 3339 5120 competere;
3393 5053 3487 5107 sed

1925 5133 2033 5173 non
2061 5134 2124 5173 eo
2148 5129 2427 5189 comparat
2453 5119 2774 5181 Methodius,
2799 5122 2942 5188 quod
2977 5121 3081 5173 alia
3105 5119 3362 5184 obscena,
3381 5124 3489 5176 alia

1925 5189 2170 5250 honesta,
2205 5191 2437 5258 hincque
2484 5198 2621 5243 tecta
2662 5191 2788 5246 alia.
2839 5193 2941 5243 alia
2988 5199 3046 5243 ut
3077 5191 3363 5245 videantur
3393 5207 3489 5246 ex.

1926 5259 2132 5331 posita;
2164 5259 2258 5313 sed
2285 5260 2453 5331 quod;
2479 5260 2560 5313 sic
2594 5262 2837 5329 exposita
2887 5268 3048 5330 atque
3082 5260 3330 5324 honesta,
3363 5277 3489 5331 pro-

1926 5329 2200 5381 cliviorem
2233 5339 2418 5401 actum»
2443 5329 2995 5401 habeantusumque,
3027 5331 3226 5399 quibus
3263 5329 3491 5401 proinde

1924 5406 2193 5470 tequaaut
2215 5398 2384 5465 major
2408 5399 2652 5453 habenda
2669 5399 2968 5470 diligentia,
3003 5398 3061 5453 ut
3088 5412 3237 5455 casta
3263 5398 3394 5463 sint,
3423 5419 3491 5457 ue

1925 5470 2053 5536 quid
2084 5468 2317 5522 habeant
2342 5470 2483 5536 quod
2518 5468 2787 5538 virginem
2816 5471 3108 5536 dedeceat;
3143 5480 3200 5524 ut
3231 5484 3358 5526 sunt
3386 5472 3491 5526 lin-

1922 5555 2046 5605 gua,
2079 5539 2245 5603 oculi,
2288 5554 2512 5606 manus;
2550 5539 2900 5607 omniumque
2935 5542 3167 5596 maxime
3199 5541 3300 5611 ipsi
3324 5543 3504 5598 animi

1924 5624 2118 5664 sensus
2162 5624 2226 5662 ac
2256 5612 2544 5678 cogitatus,
2573 5618 2724 5663 extra
2760 5625 2896 5679 quos
2935 5612 3113 5667 oumis
3163 5613 3267 5667 alia
3295 5628 3490 5667 emun-

1923 5679 2089 5741 datio,
2120 5682 2302 5733 carnis
2319 5687 2402 5733 cst
2421 5690 2475 5734 et
2502 5681 2766 5749 corporis,
2796 5697 2901 5735 non
2930 5682 3206 5737 interioris
3228 5682 3486 5746 hominis,

1921 5765 2085 5818 penes
2116 5764 2272 5819 quem
2296 5765 2419 5804 vera
2448 5751 2729 5818 virginitas
2748 5752 3088 5818 potissimum
3110 5752 3381 5808 consistit.
3410 5751 3484 5805 In.
