3962 6204
551 283 659 339 207

1425 276 1482 335 S.
1522 274 1852 332 METRODII
1882 273 2103 333 EPISL‘C

2215 277 2306 335 ET
2339 278 2697 336 MARTYRIS
3618 289 3706 347 208

620 400 854 456 Prorsus
886 398 1030 454 enim
1057 411 1235 468 operae
1260 398 1493 467 pretium
1514 403 1620 461 est,
1650 404 1711 452 ut
1736 397 1823 452 cui
1849 397 2103 453 constitu-

2288 399 2378 451 Δεῖ
2415 398 2523 470 γάρ
2557 397 2770 461 πάντως
2806 397 2897 451 τὸν
2946 397 3198 470 μέλλοντα
3239 399 3309 473 μὴ
3346 401 3710 474 ἁμαρτήσεσθαι

549 499 663 546 tum
688 492 760 546 sit
776 505 845 545 ne
863 488 1089 544 colenda
1114 487 1368 543 castitate
1389 501 1420 540 a
1450 487 1729 558 proposito
1749 493 1917 554 erret,
1944 503 2116 544 mem-

552 585 650 639 bra
670 583 852 640 omnia
872 597 1174 653 sensusque
1201 596 1331 637 suos
1352 580 1586 636 mundos
1617 580 1979 652 astrictosque
2002 597 2113 637 ser-

550 682 660 738 vet,
691 673 772 728 uti
808 672 925 728 fieri
953 673 1008 728 in
1038 672 1256 727 navium
1286 672 1487 727 tabulis
1516 672 1673 739 solet,
1702 687 1932 743 quarum
1954 672 2115 742 junc-

549 773 705 819 turas
754 764 1014 819 navarclii
1048 762 1338 834 diligenter
1381 764 1721 835 agglutinant
1776 766 2112 835 astringunt-

548 870 675 926 que,
705 870 775 910 ne
800 869 907 925 qua
935 854 1141 910 scilicet
1168 862 1393 925 peccato
1430 870 1551 912 sese
1581 853 1887 910 infundenti
1919 856 1973 911 in
1996 858 2110 910 ani-

550 960 702 1000 mum
742 947 828 1000 via
863 956 1021 1017 atque
1052 946 1232 1001 aditus
1277 953 1477 1017 pateat.
1518 945 1653 1001 Nam
1687 955 1745 1001 ut
1773 947 2109 1031 nolp’lissima

548 1050 776 1107 quaeque
805 1038 1361 1108 prtestantissimaque
1398 1037 1664 1109 professio
1691 1046 1793 1106 est,
1830 1039 1905 1093 ita
1937 1039 2110 1093 maxi-

547 1128 654 1184 mis
699 1129 1144 1201 gravissimisque
1192 1129 1582 1185 ollensionibus
1621 1130 1853 1186 obnoxia
1889 1139 2005 1198 est;
2047 1145 2112 1185 ac

546 1233 676 1273 vere
703 1219 847 1273 bono
874 1219 1073 1274 malum
1105 1219 1276 1288 magis
1302 1218 1640 1283 adversatur,
1677 1232 1840 1289 quam
1875 1218 1926 1273 ei
1964 1217 2108 1289 quod

548 1325 651 1365 nec
683 1311 741 1366 in
767 1312 925 1367 bonis
966 1310 1357 1367 numerandum
1384 1319 1488 1365 cst.
1521 1310 1672 1365 Multi
1703 1311 1883 1380 itaque
1912 1310 2110 1381 quibus

549 1420 870 1476 persuasum
898 1412 1062 1472 esset,
1093 1405 1196 1460 hoc
1221 1405 1563 1476 potissimum
1596 1412 1854 1475 praestare
1880 1404 2109 1458 castita-

547 1506 680 1563 tem,
734 1508 792 1553 ut
841 1496 1075 1554 elfrenes
1125 1498 1448 1555 libidinosos
1477 1506 1644 1553 aestus
1688 1510 1752 1552 ac
1785 1496 2109 1568 cupiditates

549 1592 898 1659 comprimat,
950 1591 1159 1661 reliqua
1186 1591 1312 1645 vitae
1339 1590 1683 1646 institutione
1712 1590 1975 1660 neglecta,
2005 1587 2109 1644 hac

545 1695 762 1751 quoque
786 1680 1136 1749 exciderunt;
1168 1680 1365 1750 suique
1413 1680 1698 1737 dedecoris
1736 1686 1966 1751 partem,
2015 1694 2106 1735 re-

2213 490 2340 563 περὶ
2360 491 2456 562 τὴν
2481 489 2711 560 ἄσκησιν
2737 490 2836 562 τῆς
2863 490 3103 559 ἁγνείας,
3126 492 3191 546 τὰ
3221 491 3350 564 μέλη
3378 493 3543 548 πάντα
3562 496 3716 550 καίτά

2211 581 2536 653 αἰσθητήρια
2556 585 2740 653 τηρεῖν
2760 581 2953 636 ἑαυτοῦ
2976 581 3186 654 καθαρὰ
3223 584 3314 637 καὶ
3341 586 3712 657 συνεσφιγμένα,

2210 672 2457 744 καθάπερ
2484 673 2546 746 δὴ
2576 675 2667 729 καὶ
2697 673 2914 740 πλοίων,
2937 667 3012 728 ὧν
3038 676 3087 727 oi
3117 675 3431 748 κυϐερνῆται
3454 676 3544 740 τὰς
3572 679 3716 751 ἁρμο-

2209 765 2310 835 γὰς
2362 766 2669 835 σφίγγουσι,
2701 765 2836 838 πρὸς
2885 766 2945 821 τὸ
2997 767 3070 838 μὴ
3120 770 3263 837 σχεῖν
3316 766 3419 823 ἔσω
3460 767 3611 824 δίοδον
3636 772 3718 841 τὴν

2209 858 2479 929 ἁμαρτίαν
2510 858 2949 931 ὲπεισχεομένην.
2970 861 3095 923 Τοῖς
3123 859 3229 931 γάρ
3249 860 3491 931 μεγάλοις
3516 861 3571 926 ἐξ
3590 863 3721 932 ἀνάγ.

2210 966 2311 1020 κης
2342 948 2728 1021 ἐπιτηδεύμασι
2772 948 2982 1021 μεγάλα
3037 950 3131 1003 καὶ
3174 950 3240 1003 τά
3296 950 3590 1020 πταίσματα
3616 968 3722 1023 συμ-

2209 1039 2409 1096 ϐαίνειν
2457 1042 2550 1096 καὶ
2579 1042 2657 1113 τῷ
2697 1040 2809 1095 ὄντι
2836 1041 2913 1113 τῷ
2941 1041 3130 1113 ἀγαθῷ
3163 1041 3357 1113 μᾶλλον
3388 1040 3722 1114 ἑναντιώτερον

2208 1132 2269 1185 τὸ
2297 1133 2462 1188 κακὸν
2493 1134 2525 1205 ἢ
2559 1133 2636 1205 τῷ
2664 1134 2739 1206 μὴ
2772 1133 2978 1205 ἀγαθῷ.
3009 1133 3198 1187 Πολλοὶ
3225 1129 3337 1200 οὖν,
3364 1133 3646 1201 δοξάζοντες
3676 1135 3725 1187 τδ

2211 1227 2336 1298 περὶ
2364 1225 2459 1289 τὰς
2489 1226 2797 1299 οἰστρώδεις
2840 1229 3124 1299 καρτερεῖν
3169 1226 3457 1297 ἐπιθυμίας
3497 1220 3725 1298 εἶναιτὴν

2208 1318 2449 1387 ἁγνείαν,
2494 1317 2603 1371 τῶν
2651 1318 2820 1373 ἄλλων
2852 1317 3246 1390 ἀμελήσαντες,
3285 1318 3447 1388 αὐτῆς
3481 1317 3723 1382 ἔπταισαν,

2208 1408 2303 1464 καὶ
2343 1412 2454 1472 τοῖς
2497 1409 2670 1481 ὀρθῶς
2711 1409 2846 1481 πρὸς
2888 1409 3055 1481 αὐτὴν
3101 1409 3445 1480 ὡρμημένοις
3486 1408 3728 1481 προήιὶαν

2206 1500 2423 1570 ψόγους,
2467 1500 2542 1565 ὡς
2572 1503 2728 1573 ὑμεῖς
2758 1499 3037 1572 ὴλὲγξατε,
3088 1501 3252 1572 νόμος
3277 1500 3365 1554 διὰ
3401 1501 3625 1555 πάντων
3656 1500 3731 1553 αὐ-

2206 1591 2297 1644 ταὶ
2342 1590 2447 1665 γὰρ
2496 1590 2918 1665 παρθενεύουσαι
2945 1593 3039 1646 καὶ
3063 1591 3213 1664 ἔργῳ
3253 1592 3347 1645 καὶ
3372 1591 3526 1663 λόγῳ.
3555 1592 3651 1644 Καὶ
3674 1594 3728 1646 τὰ

2212 1683 2308 1753 μὲν
2344 1682 2409 1754 δὴ
2435 1682 2534 1753 τῆς
2558 1668 2848 1755 παρθένου,
2893 1682 3139 1755 ποταπὴν
3180 1679 3323 1738 εἶναι
3364 1685 3637 1754 προσήκει,
3675 1683 3729 1737 διο

545 1779 634 1828 cto
664 1772 732 1830 ad
755 1788 873 1829 eam
899 1774 1115 1829 tramite
1131 1774 1449 1840 nitentibus,
1468 1781 1839 1844 asperserunt,
1876 1772 1955 1827 uti
1985 1786 2103 1839 vos,

2209 1775 2439 1847 εγράφη·
2460 1774 2604 1846 ὑμᾶς
2627 1775 2684 1829 δὲ
2706 1775 2941 1848 διαρκῶς
2963 1774 3377 1848 άγωνισαμένας
3399 1775 3476 1848 τῷ
3495 1775 3638 1846 λόγῳ,
3660 1775 3732 1829 alio

544 1881 665 1937 quae
689 1866 743 1921 in
764 1865 1017 1922 omnibus
1041 1866 1175 1922 estis
1204 1866 1415 1937 regula,
1444 1865 1830 1922 demonstratis
1868 1885 1882 1920 :
1910 1864 2106 1936 quippe

542 1971 666 2011 cum
696 1963 751 2011 et
780 1970 945 2027 opere
993 1964 1049 2012 et
1094 1971 1367 2023 sermone,
1410 1972 1506 2013 seu
1548 1957 1854 2012 eruditione
1886 1957 2110 2028 virgini-

539 2053 653 2102 tate
693 2046 1010 2117 perfuncta,
1042 2047 1162 2119 ejus
1211 2047 1409 2103 decora
1437 2049 1797 2119 protuleritis.
1832 2048 1899 2104 Et
1940 2049 2109 2121 virgi-

2211 1870 2403 1940 τήκοος
2432 1869 2714 1941 γενομένη,
2747 1870 2926 1933 πάσας
2956 1870 3325 1942 ἀποφαίνομαι
3348 1872 3497 1941 νικᾷν
3523 1870 3607 1922 καὶ
3631 1867 3730 1921 στέ-

2208 1977 2321 2029 φωο
2351 1959 2559 2015 Θέκλαν
2600 1961 2657 2015 δὲ
2687 1961 2764 2033 τῷ
2800 1960 3004 2033 μείζονι
3047 1962 3299 2035 στεφάνῳ
3337 1960 3433 2016 καὶ
3469 1960 3727 2032 δασυτέρῳ,

2207 2051 2282 2116 ὡς
2320 2051 2542 2125 πρώτην
2591 2053 2742 2125 ὑμῶν
2774 2054 2868 2108 καὶ
2902 2054 3476 2128 μεγαλοπρεπέστερον
3495 2050 3731 2123 ἐκλάμψα-

542 2152 666 2194 nem
690 2138 910 2209 quidem
933 2139 1147 2211 qualem
1170 2155 1291 2198 esse
1313 2140 1503 2198 deceat
1533 2141 1972 2213 perscripsimus.
1998 2139 2111 2200 Yos
2210 2162 2327 2201 σαν.

542 2239 745 2298 autem,
774 2233 955 2304 amplo
984 2232 1197 2290 dicendi
1227 2235 1483 2294 facultate
1511 2237 1782 2293 celebrato
1813 2238 2112 2295 certamine
2145 2256 2266 2312 qua:
2310 2244 2429 2313 ipsa
2479 2245 2802 2311 audiverim,
2857 2244 3113 2302 victrices
3153 2260 3352 2301 omnes
3388 2243 3656 2317 pronuntio
3679 2255 3730 2294 ac

541 2340 745 2381 corona
778 2325 943 2383 dono.
994 2326 1250 2385 Tbeclam
1286 2336 1471 2386 tamen
1521 2331 1717 2403 majori
1743 2330 2132 2406 floridiorique,
2167 2343 2224 2389 ut
2255 2336 2400 2391 inter
2424 2352 2520 2393 vos
2546 2339 2865 2410 principem,
2895 2353 2960 2394 ac
2987 2354 3108 2412 quae
3154 2338 3580 2412 magniﬁcentia:
3621 2350 3730 2390 cun.

540 2418 645 2475 etis
673 2420 953 2477 claruerit.

539 2580 669 2639 CAP.
707 2580 773 2636 ll.
809 2582 1003 2639 Thecla
1029 2586 1276 2656 hymnum
1307 2592 1588 2670 composite
1613 2603 1849 2670 canente,
1879 2594 2096 2670 religare
2127 2595 2347 2668 virgines
2376 2597 2464 2670 illi
2507 2598 2801 2670 succinum.
2850 2596 3086 2654 Joannes
3107 2597 3381 2669 Baptista,
3411 2606 3604 2670 martyr
3634 2612 3733 2652 cas.

1488 2662 1677 2718 titulis.
1714 2662 2097 2729 Εεείθδὶαίυεί
2122 2662 2338 2737 sponsa,
2367 2669 2587 2733 intacta,
2629 2669 2795 2740 virgo.

605 2796 734 2853 Haec
770 2800 1005 2855 locutam
1045 2802 1262 2881 Aretem
1303 2806 1482 2862 aiebat
1518 2806 1844 2880 Theopatra,
1871 2810 2106 2881 iussisse

538 2899 764 2944 cunctas
796 2903 1104 2962 assurgere,
1128 2878 1182 2948 et
1203 2896 1305 2950 sub
1331 2900 1471 2968 agno
1495 2878 1703 2956 stantes
1738 2878 1987 2973 factaque
2012 2917 2103 2958 co-

537 2994 693 3047 rona,
729 2983 932 3052 gratias
961 2983 1192 3041 Domino
1218 3002 1283 3042 ae
1309 2989 1498 3045 laudes
1538 2991 1720 3048 debila
1752 2995 2104 3050 veneratione

536 3071 759 3128 referre.
779 3072 1033 3131 Tlieelam
1063 3079 1355 3150 auspicari,
1378 3096 1441 3138 ac
1468 3083 1637 3141 clioro
1660 3087 1873 3154 prteire.
1899 3088 1965 3145 Ut
1994 3088 2103 3161 igi-

535 3172 626 3218 tur
670 3175 1124 3235 assurrexerunt,
1188 3168 1443 3227 Theelam
1517 3175 1773 3231 narrabat
1831 3179 2099 3252 virginem

535 3253 771 3310 mediam
803 3274 832 3312 a
862 3256 1068 3315 dextris
1101 3260 1296 3319 Aretes
1320 3272 1576 3332 stantem,
1608 3272 1909 3340 composite
1946 3289 2101 3331 cane-

535 3361 640 3403 re:
673 3349 947 3422 reliquas.
984 3365 1113 3409 vero
1161 3353 1217 3409 in
1264 3353 1449 3409 orbem
1474 3393 1490 3422 ,
1539 3356 1695 3425 quasi
1732 3358 2099 3423 circumducto

533 3438 723 3508 choro,
761 3443 838 3497 illi
868 3443 1151 3501 succinere
1176 3461 1241 3501 ac
1269 3449 1621 3520 respondere.

1184 3579 1453 3652 Ilypacoe.

604 3704 726 3767 Tibi
781 3727 869 3767 me
910 3727 1068 3769 servo
1115 3722 1343 3782 castam,
1395 3727 1449 3773 et
1490 3719 1862 3790 splendentem
1909 3728 2098 3782 tenens

528 3799 859 3873 lampadem,
891 3801 1124 3872 Sponse,
1157 3807 1259 3860 tibi
1288 3823 1543 3864 occurro.

1167 3940 1441 4001 Psalmus.

596 4049 845 4118 leitus,
896 4053 1168 4125 virgines,
1209 4059 1465 4119 clamoris
1510 4064 1801 4123 cxcitantis
1848 4079 2100 4128 mortuos

528 4157 698 4198 sonus
721 4147 889 4210 venit,
919 4144 1131 4216 Sponso
1149 4148 1344 4219 jubens
1378 4154 1540 4211 simul
1563 4173 1751 4215 omnes
1776 4159 1987 4217 obviam
2016 4161 2094 4219 ire

526 4234 582 4288 in
613 4236 769 4291 stolis
810 4237 947 4292 albis
973 4248 1027 4293 et
1058 4240 1420 4311 lampadibus,
1449 4249 1712 4306 orientem
1736 4268 1949 4310 versus.
1981 4254 2093 4309 Ex.

524 4322 895 4465 pergislcimiui
922 4325 1237 4399 priusquam
1270 4343 1500 4403 occupet
1528 4335 1672 4392 intra
1709 4348 1895 4409 portas
1928 4358 2091 4414 pene-

524 4418 670 4465 trare
715 4415 829 4465 lex.

522 4418 670 4467 trare
694 4415 829 4471 llex.

595 4499 715 4555 Tibi
764 4518 853 4558 me
897 4522 1056 4562 servo
1104 4517 1336 4579 castam,
1384 4522 1439 4570 et
1477 4518 1849 4587 splendentem
1899 4522 2165 4581 tenensD

445 4621 453 4629 -
518 4588 844 4662 lampadem,
882 4593 1111 4667 Sponse,
1140 4602 1240 4657 tibi
1270 4618 1519 4661 occurro.
1546 4604 1563 4620 '

591 4681 895 4740 Mortalium
924 4689 1170 4746 luctuosa
1196 4693 1358 4750 nimis
1385 4711 1615 4754 excussa
1638 4699 1911 4771 felicitate,
1937 4720 2087 4775 spre-

2278 2815 2461 2869 Ταῦτα
2490 2810 2583 2869 οὖν
2608 2813 2889 2879 εἰποῦσαν,
2920 2814 3022 2885 ἔφη
3047 2812 3309 2867 κελεῦσαι
3335 2812 3508 2874 πάσας
3533 2806 3730 2877 ἀναστῆ·

2208 2923 2295 2959 ναι
2332 2905 2430 2977 τὴν
2466 2906 2689 2979 ’Λρετὴν
2728 2908 2760 2978 ἡ
2812 2904 3117 2977 Θεοπάτρα,
3167 2906 3266 2959 καί
3310 2905 3483 2967 πάσας
3528 2900 3623 2956 ὑπὸ
3653 2899 3732 2969 τὴν

2208 2997 2369 3065 ἄγνον
2389 2998 2800 3070 εὐχαριστήριον
2825 2998 2988 3068 ὕμνον
3016 2997 3337 3068 πρεπόντως
3359 2991 3654 3063 ἀναπέμψαι
3671 2986 3732 3057 τῷ

2209 3088 2428 3160 Κυρίῳ·
2459 3089 2703 3162 ἐξάρχειν
2740 3092 2795 3145 δὲ
2822 3089 2917 3162 τὴν
2953 3089 3156 3144 Θέκλαν
3197 3088 3296 3144 καὶ⁹
3319 3080 3731 3161 προαφηγεϊσθαι.

2217 3180 2305 3247 Ὠς
2332 3178 2426 3237 οὖν
2449 3184 2772 3255 ἀνέστησαν,
2803 3183 2899 3255 τὴν
2921 3182 3122 3237 Θέκλαν
3160 3184 3335 3255 μέσην
3368 3180 3460 3253 μὲν
3487 3178 3586 3233 τῶν
3608 3191 3733 3246 παρ·

2206 3272 2392 3340 θένων,
2428 3275 2552 3346 ἔφη,
2585 3276 2647 3329 ὲκ
2693 3275 2880 3342 δεξιῶν
2921 3276 2977 3329 δὲ
3021 3274 3120 3345 τῆς
3161 3274 3391 3347 Ἀρετῆς
3426 3274 3631 3334 στᾶσαν,
3659 3284 3737 3320 κι-

2205 3367 2377 3439 σμίως
2402 3367 2621 3437 ψάλλειν
2640 3383 2653 3396 ·
2683 3366 2781 3431 τὰς
2811 3367 2868 3421 δὲ
2899 3366 3089 3431 λοιπάς
3113 3369 3170 3420 ὲν
3196 3385 3230 3421 κ
3250 3366 3411 3437 ύκλῳ,
3441 3363 3669 3434 καθάπερ
3692 3361 3739 3410 ἐν

2201 3455 2361 3530 χοροῦ
2393 3459 2629 3529 σχήματι
2661 3456 2949 3521 συστάσας,
2979 3457 3286 3512 ὑπακούειν
3313 3458 3465 3529 αὐτῇ.

2838 3589 3109 3657 Ύπακοή.

2281 3727 2520 3797 ’Λγνεύω
2554 3746 2654 3793 σοι,
2691 3729 2784 3782 καὶ
2821 3728 3109 3802 λαμπάδας
3154 3733 3496 3805 φαεσφόρους
3540 3724 3736 3803 κρατοῦ-

2202 3838 2291 3885 σα,
2320 3820 2557 3892 Νυμςρίε,
2588 3821 2874 3875 ὑπαντάνω
2900 3839 3000 3876 σοι.

2848 3957 3115 4026 Ψαιῖμός.

2271 4069 2526 4135 Ἀνωθεν,
2558 4067 2832 4141 παρθένοι,
2869 4067 2996 4139 βοῆς
3026 4070 3410 4144 ὲγερσίνεκρος
3449 4066 3568 4143 ἦχος
3590 4063 3728 4139 ἦλθε,

2197 4160 2432 4234 Νυμφιῳ
2458 4161 2628 4230 λέγων
2656 4159 2889 4214 πασσυδὶ⁵
2919 4160 3243 4216 ὑπαντάνειν
3279 4163 3514 4219 λευκέσιν
3540 4163 3593 4213 ὲν
3614 4174 3723 4212 στο-

2197 4253 2312 4319 λαῖς
2359 4254 2453 4309 καὶΙ
2505 4253 2770 4326 λαμπάσι,
2823 4255 2957 4326 πρὸς
3001 4256 3291 4321 ἀνατολάς.
3323 4253 3567 4330 Ἐγρεσθε
3607 4250 3721 4321 πρὶν

2196 4345 2381 4420 φθάσῃ
2412 4348 2592 4420 μολεῖν
2617 4347 2746 4401 εἵσω
2769 4347 2947 4419 θυρῶν
2980 4347 3167 4416 Ἀναξ.

2273 4530 2508 4598 Ἀγνεύω
2538 4548 2641 4597 σοι,
2675 4532 2768 4586 καὶ
2809 4530 3092 4602 λαμπάδας
3137 4534 3481 4607 φαεσφόρους
3525 4525 3725 4601 κρατοῦ-

2189 4636 2275 4684 σα,
2310 4621 2549 4691 Νυμφίε,
2580 4620 2872 4676 ὑπαντάνω-
2891 4637 2990 4674 σοι.

2257 4710 2471 4781 Βροτῶν
2505 4711 2926 4765 πολυστένακτον
2955 4711 3109 4768 ὄλϐον
3143 4714 3477 4785 ἐκφυγοῦσα,
3509 4712 3592 4767 καὶ
3620 4708 3719 4779 βίου

517 4772 695 4844 iisque
745 4775 867 4833 vitae
900 4779 1195 4838 luxuriosa:
1225 4785 1438 4844 deliciis
1482 4804 1793 4864 amoreque,
1826 4797 1936 4851 tuis
1966 4772 2084 4854 sub

2206 4772 2393 4875 τρυςρῆς
2421 4804 2631 4869 άδονάς,
2667 4806 2862 4879 ἔρωτα,
2894 4810 3012 4871 σαῖς
3038 4807 3127 4860 ὑπ’
3149 4772 3418 4877 ἀγκάλαις
3450 4772 3722 4878 dempti-90!;

518 4864 664 4920 ulnis
698 4866 997 4925 salutiferis
1040 4876 1248 4947 protegi
1298 4876 1568 4947 desidero,
1620 4891 1674 4938 et
1724 4895 1869 4940 tuam
1905 4887 2085 4947 videre

2206 4864 2816 4966 toﬁtzii'cxémcflat,.mi
2850 4864 3081 4969 ’βλέπειν
3122 4864 3320 4956 τδνσὸν
3350 4864 3722 4968 κάλλοςιδιηνε-

515 4971 750 5026 semper,
781 4974 814 5014 ο
853 4959 1033 5023 Beate.
1064 4966 1547 5034 pulchritudinem.

585 5046 703 5102 Tibi
762 5066 850 5106 me
902 5068 1060 5109 servo
1090 5069 1318 5125 castam,
1370 5073 1422 5117 ct
1479 5066 1848 5135 splendentem
1890 5081 2080 5133 tenens

510 5140 835 5213 lampadem,
867 5145 1099 5218 Sponse,
1129 5152 1222 5206 tibi
1258 5169 1507 5213 occurro.

582 5231 807 5292 Relictis
848 5242 1158 5296 mortalium
1207 5248 1516 5316 nuptiarum
1551 5253 1686 5307 toris
1718 5269 1781 5310 ac
1817 5258 2000 5325 domo,
2045 5278 2078 5317 ο

2183 4987 2313 5052 κῶς,
2344 4989 2566 5061 Μάκαρ.

2267 5079 2504 5149 ’Λγνεύω
2558 5098 2660 5148 σοι,
2691 5084 2784 5137 καὶ
2816 5083 3099 5156 λαμπάδας
3143 5087 3483 5160 φαεσφόρους
3524 5078 3722 5159 κρατοῦ-

2184 5186 2272 5235 σα,
2297 5172 2533 5242 Νυμφίε,
2564 5174 2853 5230 ὑπαντάνω
2888 5195 2988 5231 σοι.
3070 5178 3078 5189 ’

2250 5265 2445 5338 Γάμων
2475 5265 2707 5322 λιποῦσα
2724 5269 2793 5322 τά
2814 5269 2979 5340 Θνητά
3002 5270 3222 5342 λέκτρα,
3244 5270 3339 5325 καὶ
3361 5263 3720 5341 δόμον,’Λναξο

507 5320 646 5429 Res,
681 5338 903 5400 propter
926 5339 999 5397 te,
1037 5337 1155 5391 auri
1182 5339 1341 5407 plena
1369 5341 1707 5404 intaminatis
1744 5349 1799 5403 in
1835 5320 2074 5410 vestibus

2206 5356 2263 5411 ιὰ
2297 5320 2376 5424 σε,
2408 5358 2760 5431 πολύχρυσον,
2793 5320 2953 5433 ἦλθον
2978 5320 3226 5429 άσπίλοις
3252 5367 3309 5418 ὲν
3339 5320 3574 5437 εῖμῖισιν,
3593 5363 3723 5421 ὅπως

508 5418 651 5480 veni,
695 5431 755 5475 ut
785 5433 839 5478 et
869 5441 971 5497 ego
1005 5444 1113 5485 una
1141 5440 1318 5488 tecum
1358 5434 1499 5491 intra
1529 5438 1872 5501 beatissimos
1901 5447 2069 5500 thala-

507 5522 627 5565 nios
652 5512 923 5574 admittar.

533 5618 541 5627 ο
577 5597 698 5654 'l‘ibi
753 5618 837 5660 me
890 5624 1048 5667 servo
1086 5625 1326 5681 castam,
1361 5629 1416 5674 et
1460 5624 1829 5693 splendentem
1880 5638 2071 5686 tenens

503 5692 832 5768 lampadem,
875 5695 1104 5773 Sponse,
1138 5708 1231 5764 tibi
1264 5692 1515 5773 occurro.

2178 5450 2366 5518 φθάσω
2397 5450 2551 5520 κάγὼ
2582 5455 2879 5508 πανολὸίων
2925 5456 3181 5530 θαλάμων
3226 5460 3357 5513 εἵσω
3393 5445 3499 5515 ’σὺν
3539 5457 3616 5511 σοὶ
3645 5468 3725 5526 μο-

2176 5541 2311 5598 λεῖν.

2261 5633 2499 5703 Ἀγνεύω
2540 5652 2643 5701 σοι,
2680 5638 2772 5691 καὶ
2801 5637 3089 5711 λαμπάδας
3134 5644 3471 5715 φαεσφόρους
3516 5637 3724 5715 κρατοῦ-

2181 5742 2268 5786 σα,
2304 5726 2541 5789 Nausia.
2571 5731 2856 5789 ὑπαντάνω
2891 5752 2992 5791 cet.
