3962 6204
547 295 656 356 215
746 250 751 255 ἡ

1508 295 1567 350 S.
1605 294 1935 350 ιιεῑιιυυιι
1967 294 2274 351 Ευιεεορι
2313 292 2399 349 [ΣΤ
2439 294 2795 350 MARTYRiS

3665 289 3772 348 216

622 406 829 465 ειιεε.
864 408 1008 465 Vexa
1042 415 1100 463 ut
1122 407 1291 465 libet:
1328 404 1425 482 per
1466 422 1553 463 me
1612 408 1757 465 licet.
1793 407 1905 481 Ego
1934 409 2077 463 enim

2286 407 2482 464 I‘Pﬂl‘.
2536 406 2672 461 Ἀλλ’
2701 402 3096 475 ἀντιλαμϐάνου
3123 404 3229 475 δπη
3274 401 3368 457 καὶ
3416 399 3625 463 θέλειςρ
3664 401 3775 471 ἐγὼ

554 488 1104 567 Ειιῢιιιίιιιιι,ἰιι)ιιιιάε
1157 499 1290 555 mihi
1338 507 1626 571 suppetere
1656 500 1897 555 arbitror
1921 515 2030 571 quo
2062 507 2115 555 te

551 595 796 658 doceam,
826 602 1085 664 prmstare
1109 609 1232 649 eum
1274 594 1367 665 qui
1399 610 1509 649 non
1556 592 1896 664 concupiscit
1922 611 1937 648 :
1970 592 2114 664 quod

552 688 605 741 ni
630 696 803 750 tenes.
834 700 995 742 nemo
1025 686 1129 743 erit
1155 687 1249 757 qui
1280 702 1388 742 non
1411 694 1622 758 arguat.

620 776 870 833 EUBUL.
900 775 1092 848 Papae!
1124 776 1344 834 Gaudeo
1376 779 1519 833 enim
1551 778 1879 849 respondere
1909 787 1959 834 te
1982 778 2110 833 mibi

506 933 515 941 _
548 870 854 942 magnifice,
878 884 943 925 ac
969 878 1172 942 quanta
1200 871 1463 943 sapientia
1493 871 1681 927 allluas
1711 880 2005 928 ostentare.

616 1054 821 1111 GREG.
861 1054 1136 1117 Cavillari,
1158 1069 1222 1109 ac
1258 1070 1467 1110 mecum
1497 1054 1673 1124 jocari
1694 1053 1917 1120 videris,
1948 1071 1982 1110 ο
2005 1055 2111 1110 Ευ-

546 1145 778 1214 bulium.

615 1235 864 1291 EUBL’L.
899 1234 1038 1302 Quid
1069 1237 1142 1295 ita
1177 1238 1346 1292 vero?

614 1326 821 1392 GREG.
861 1328 1016 1393 Quod
1045 1343 1152 1383 non
1185 1343 1330 1390 vere,
1364 1325 1461 1382 sed
1493 1326 1600 1381 mei
1651 1325 1832 1398 potius
1877 1324 2109 1380 irriden-

544 1418 628 1475 d.e
668 1434 856 1483 causa,
890 1418 1017 1473 talia
1044 1434 1334 1475 memores.

614 1508 863 1565 EUBUL.
891 1508 1039 1569 Bona
1071 1509 1255 1575 verba,
1279 1524 1487 1580 quaeso,
1507 1526 1541 1563 ο
1568 1509 1725 1564 beata
1752 1527 1764 1564 :
1795 1517 1940 1565 tuam
1963 1508 2108 1565 enim

543 1603 885 1675 prudentiam
918 1603 1307 1673 exquisitaque
1335 1603 1611 1672 sapientia:
1638 1602 1769 1665 vim,
1817 1603 2105 1673 plurimum

544 1695 782 1763 admiror
810 1709 873 1749 ac
902 1694 1044 1749 colo.
1083 1691 1208 1748 llaac
1239 1700 1419 1747 autem
1451 1708 1517 1748 eo
1548 1693 1662 1747 dixi
1691 1694 1835 1763 quod
1890 1692 1957 1749 de
1985 1693 2106 1764 qui-

2214 502 2323 574 γάρ
2365 499 2582 565 ίνακῶς,
2622 494 2667 554 ὦ
2709 499 3012 565 Εὐϐούλιον,
3039 496 3243 563 διδάξαι
3281 513 3340 549 σε
3372 494 3502 567 ἔχω,
3547 495 3631 549 ὅτι
3677 495 3768 550 τού

2214 590 2601 663 ἐπιθυμοῦντος
2628 591 2656 642 ὁ
2689 591 2762 662 μὴ
2788 589 3066 661 ἐπιθυμῶν
3091 588 3356 662 κρείσσων
3380 586 3495 640 ἐστι
3518 601 3533 616 ’
3565 586 3659 639 καὶ
3684 587 3765 640 ού-

2211 683 2321 747 δεὶς
2350 685 2411 737 οὐ
2447 684 2521 754 μή
2553 699 2612 735 σε
2642 681 2855 755 ἐλέγξῃ.

2281 776 2573 830 ΕΥΒΟΥΛ.
2616 774 2816 829 Βαὸαίῑ
2854 773 3041 845 Χαίρω
3069 769 3294 843 γάρ,ὄτι
3320 787 3408 840 μοι
3440 767 3768 840 μεγαλοφρό-

2211 887 2317 933 νως
2348 867 2636 944 ἀποκρίνῃ,
2666 868 2759 921 καὶ
2784 865 3043 929 δεικνύεις
3086 864 3207 917 ὅσον
3256 861 3637 931 πεπλούτηκας
3677 861 3768 914 ἐπὶ

2212 961 2392 1032 σοφίᾳ.

2280 1054 2476 1109 ΓΡΙΙΓ.
2518 1053 2756 1117 κωτίλος
2781 1052 2891 1123 (6i)
2923 1069 3026 1115 τις,
3059 1047 3134 1115 ὥς
3163 1047 3356 1114 ἔοικεν,
3383 1045 3667 1118 ἄνθρωπος
3691 1041 3767 1098 εῐ-

2209 1163 2297 1205 ναι
2320 1146 2517 1210 δοκεῖς,
2548 1140 2593 1199 ὧ
2628 1145 2937 1199 Εὑϐούλιον.

2278 1238 2566 1293 ΕΥΒυΥΛ.
2606 1238 2761 1300 Τίνος
2787 1235 2850 1305 δὴ
2880 1235 3066 1307 χάριν;

2277 1331 2473 1393 ΓΡΗΓ,
2519 1331 2638 1384 ’Ὁτι
2687 1328 3055 1400 τωθαζόμενός
3101 1343 3167 1399 με
3197 1324 3371 1380 ταῦτα
3414 1324 3592 1393 λέγεις
3634 1319 3766 1393 μᾶλ-

2205 1419 2316 1486 λον,
2343 1422 2377 1493 ἢ
2404 1420 2698 1493 ἀληθεύων.

2275 1512 2566 1565 ΕΥΒΟΥΛ.
2608 1511 2957 1582 Εύφήμησον,
2989 1502 3035 1562 ὣ
3063 1506 3334 1581 μακαρία·
3370 1501 3632 1576 θαυμάζω
3658 1500 3764 1574 γάρ

2208 1603 2409 1677 σφόδρα
2454 1620 2547 1656 σου
2595 1603 2655 1658 τὸ
2694 1601 2907 1655 συνετὸν
2936 1601 3030 1654 καὶ
3059 1596 3426 1672 μεγαλόδοξον.
3444 1593 3586 1665 Ἐγὼ
3610 1593 3763 1647 τοῦτο

2206 1698 2361 1769 ἔφην,
2392 1698 2473 1751 ὅτι
2506 1696 2632 1768 περὶ
2655 1688 2728 1748 ὧν
2756 1694 2936 1749 πολλοὶ
2968 1694 3102 1766 πρὸς
3128 1692 3351 1755 ἑαυτοὺς
3375 1687 3632 1751 πολλάκις
3660 1687 3761 1756 ἀμ-

544 1787 645 1849 bus
677 1785 832 1841 multi
860 1786 1162 1857 sapientum
1194 1787 1392 1856 smpius
1428 1784 1659 1841 invicem
1690 1763 2012 1856 disceptant,
2044 1801 2091 1842 cz

2209 1788 2523 1862 φισϐητοῦσι
2552 1787 2723 1856 σοφοὶ,
2752 1785 2923 1840 ταῦτα
2949 1786 3008 1837 ού
3040 1785 3196 1856 μόνον
3224 1782 3549 1837 ἐπίστασθαι
3576 1780 3642 1834 σὺ
3677 1777 3763 1831 λέ-

543 1891 654 1931 ιιοιι
679 1876 840 1931 modo
868 1877 1012 1931 scire
1041 1883 1096 1929 te
1121 1875 1281 1940 dicis,
1310 1891 1500 1931 verum
1524 1876 1685 1931 etiam
1707 1876 1843 1933 alios
1875 1884 1928 1933 te
1948 1892 2109 1947 posse

543 1965 738 2022 docere
762 1966 1036 2037 gloriaris.

611 2052 815 2109 GREG.
845 2053 984 2109 Num
1014 2054 1158 2110 enim
1206 2070 1353 2120 vero,
1384 2053 1494 2117 dic,
1527 2051 1707 2119 sodes,
1741 2054 1968 2111 moleste
2010 2055 2108 2110 ba-

542 2144 625 2199 be.~
644 2179 661 2206 ν
704 2147 1195 2212 ρτωειιιτεοιιιιιίιιο
1227 2145 1321 2215 qui
1352 2161 1460 2200 non
1483 2146 1895 2223 concupiscant,
1923 2148 1989 2204 iis
2012 2148 2105 2218 qui

541 2238 991 2307 concupiscentes
1037 2253 1159 2295 sese
1204 2238 1488 2293 continent
1537 2246 1591 2292 ct
1643 2254 1674 2292 a
1718 2239 2105 2309 cupiditatibus

540 2332 885 2399 temperant?
904 2331 987 2385 An
1015 2346 1240 2402 prorsus
1272 2346 1370 2400 per
1399 2330 1505 2386 ista
1532 2331 1662 2385 mihi
1692 2331 1906 2389 illudis?

610 2416 860 2485 EUBUL.
889 2420 1005 2499 Qua
1053 2437 1183 2477 vero
1224 2423 1433 2478 ratione
1479 2429 1698 2477 tentans
1742 2422 1938 2494 loquor
1983 2437 2106 2493 qu:

541 2510 753 2566 nescire
786 2527 872 2566 me
897 2510 1105 2569 fatear?
1138 2510 1243 2567 Sed
1274 2529 1390 2583 age,
1414 2514 1633 2583 loquere
1660 2513 1795 2583 jam,
1819 2514 2105 2584 sapientis-

541 2603 678 2655 sima
706 2620 723 2674 ξ
760 2600 814 2663 in
841 2617 1075 2671 quonam
1105 2604 1395 2669 excellunt,
1425 2605 1520 2675 qui
1568 2621 1677 2659 non
1713 2607 2102 2677 concupiscen-

538 2698 621 2747 tes
651 2692 788 2748 casti
820 2699 980 2760 sunt,
1014 2696 1177 2766 supra
1211 2696 1331 2752 illos
1379 2697 1473 2767 qui
1502 2678 1958 2768 concupiscentiae
1988 2699 2101 2755 col-

539 2782 805 2839 Iuctantes
832 2782 1193 2853 virginitatem
1212 2795 1424 2841 servant
1441 2788 1465 2841 2

606 2870 810 2927 GREG.
845 2870 903 2928 In
931 2889 995 2929 eo
1016 2875 1247 2944 primum
1271 2878 1412 2948 quod
1436 2880 1609 2949 ipsum
1632 2880 1870 2936 animum
1905 2898 2099 2953 purum

536 2963 756 3027 habent.
787 2980 849 3021 ac
883 2966 937 3020 in
975 2981 1040 3021 eo
1066 2965 1301 3038 Spiritus
1347 2981 1567 3026 sanctus
1614 2988 1826 3043 semper
1855 2974 2095 3039 habitat,

534 3069 695 3128 quem
725 3054 905 3110 nullus
927 3056 1589 3128 distrahatcogitationum
1605 3072 1788 3126 aestus,
1815 3079 2097 3119 serenurs-
2125 3072 2145 3128 ,'

444 3178 449 3182 -
534 3163 641 3218 que
679 3149 875 3206 mentis
926 3149 1185 3220 impudici
1218 3162 1396 3208 motus
1444 3169 1744 3226 sensusque
1796 3157 1927 3211 nulli
1976 3157 2097 3211 inﬂ-

532 3240 699 3306 ciant,
733 3240 899 3295 utch
932 3257 995 3295 ea
1040 3250 1191 3311 parte
1242 3241 1402 3296 ullam
1444 3261 1678 3315 unquam
1732 3247 1974 3301 incurrat
2015 3248 2097 3302 la-

533 3332 652 3387 bem
680 3350 695 3387 :
725 3332 818 3402 qui
846 3334 1102 3389 nimirum
1128 3345 1239 3388 tum
1270 3351 1433 3391 carne
1466 3345 1578 3392 tmn
1624 3340 1837 3406 animo,
1892 3340 2095 3397 sedatis

532 3422 817 3488 aﬂectibus
845 3439 910 3479 ac
937 3427 1232 3497 tranquillo
1257 3427 1530 3497 fruentes,
1581 3432 1932 3502 cupiditatem
1979 3449 2096 3488 om-

531 3515 804 3579 nino‘non
825 3516 1137 3585 admittunt.
1172 3518 1276 3586 Qui
1309 3537 1437 3578 vero
1465 3539 1723 3579 sensuum
1744 3525 1877 3579 visis
1905 3525 2090 3593 illecti,

529 3606 783 3665 obscenis
816 3607 999 3673 animo
1047 3609 1375 3684 imaginibus
1407 3615 1693 3671 turbantur
1716 3654 1731 3680 ,
1783 3615 2092 3672 distillatio-

529 3713 763 3770 nemque
783 3701 926 3756 velut
962 3719 1057 3774 per
1085 3705 1253 3761 rimas
1275 3705 1332 3762 in
1361 3721 1458 3761 cor
1487 3706 1761 3764 inﬂuentis
1778 3706 2090 3778 cupiditatis

526 3789 816 3863 recipiunt,
856 3796 1079 3864 perinde
1106 3799 1302 3869 saepius
1332 3798 1666 3869 polluuntur,
1695 3805 1992 3874 putantque
2031 3817 2091 3859 se

528 3883 699 3947 obniti
740 3892 901 3957 atque
933 3904 1114 3961 pugna
1146 3889 1387 3962 defungi,
1415 3906 1540 3947 cum
1572 3892 1753 3949 animo
1776 3892 2084 3950 vincantur.

597 3974 848 4033 EUBUL.
881 3978 1022 4050 Ergo
1047 3996 1212 4050 puros
1236 3998 1329 4037 eos
1357 3983 1600 4039 dicemus
1623 3984 1713 4055 qui
1740 4000 1932 4040 sereno
1966 4001 2091 4056 gau-

524 4067 721 4133 deant;
764 4085 827 4125 ac
861 4072 1059 4143 quibus
1092 4076 1360 4149 cupiditas
1393 4092 1488 4133 seu
1530 4077 1699 4134 libido
1732 4078 1869 4143 nihil
1919 4080 2087 4139 inter-

523 4162 703 4227 turbet
717 4162 741 4215 ?

595 4251 800 4308 GREG.
835 4251 1054 4325 Utique.
1085 4254 1195 4315 Hos
1234 4259 1377 4317 enim
1405 4260 1560 4329 tales,
1583 4263 1677 4334 qui
1716 4271 1770 4319 et
1798 4264 1927 4320 deos
1957 4262 2086 4319 facit

525 4345 580 4402 in
606 4346 1066 4414 beatitudinibus,
1098 4350 1400 4410 indubitata
1434 4364 1614 4411 mente
1657 4356 1940 4413 credentes
1961 4395 1978 4419 ,
2026 4354 2086 4409 li-

2207 1900 2344 1953 γεις,
2372 1880 2505 1935 ἀλλά
2529 1881 2622 1934 καὶ
2650 1879 2918 1937 διδάσκειν
2941 1878 3124 1950 ἕτερον
3152 1875 3411 1949 σεμνύνῃ.

2276 2058 2470 2111 ΓΡΗΓ.
2511 2057 2582 2111 Σὺ
2632 2055 2740 2127 γὰρ
2782 2052 2840 2121 ἐξ
2885 2054 3157 2127 ἀληθείας.
3188 2051 3310 2106 είπέ
3341 2068 3452 2123 μοι,
3480 2051 3764 2122 δυσχεραίο

2205 2168 2336 2216 νεις,
2370 2152 2418 2203 εί
2454 2147 2796 2220 διαφέρουσιν
2839 2146 2973 2211 ὅλως
3002 2146 3112 2218 (62)
3160 2145 3209 2199 οἱ
3258 2143 3332 2216 μὴ
3376 2141 3762 2214 ἐπιθυμοῦντες

2204 2243 2310 2299 τῶν
2338 2241 2744 2313 ἐπιθυμούντων
2779 2257 2837 2293 τε
2874 2240 2967 2294 καὶ
3004 2236 3482 2309 ἐγκρατουμένων;
3521 2237 3595 2296 Ἦ
3623 2234 3763 2296 πάνυ

2202 2353 2313 2401 τως
2343 2335 2479 2406 ἐμοῦ
2505 2334 2676 2388 ταῦτα
2709 2331 3101 2406 προσπαίξειςς

2275 2427 2565 2481 ΕΥΒΟΥΛ.
2607 2426 2716 2480 Καὶ
2747 2424 2863 2488 πῶς
2894 2420 3317 2495 ἀποπειρωμένη
3342 2418 3471 2492 (63),
3506 2420 3540 2491 ἢ
3567 2421 3762 2491 ὁμολο-

2203 2520 2284 2590 γῶ
2318 2520 2392 2592 μὴ
2422 2519 2616 2573 εἰδέναι
2640 2536 2655 2585 ;
2692 2518 2830 2572 Ἀλλ’
2861 2516 2952 2579 ίθι,
2980 2516 3184 2589 φράσον
3213 2515 3355 2586 ἐμοὶ,
3378 2505 3423 2564 ὧ
3454 2514 3760 2583 σοφωτάτη,

2200 2612 2306 2666 τίνι
2337 2609 2677 2681 διαφέρουσιν
2711 2608 2762 2661 oi
2794 2606 2866 2678 μὴ
2899 2604 3289 2676 ἐπιθυμοῦντες
3321 2604 3415 2657 καὶ
3443 2601 3760 2671 ἁγνεύοντες

2200 2703 2308 2758 τῶν
2336 2700 2738 2773 ἐπιθυμούντων
2769 2716 2828 2753 τε
2858 2698 2952 2753 καὶ
2984 2695 3417 2769 παρθενευὸντων
3445 2739 3453 2751 .

2269 2885 2463 2939 ΓΡΗΓ.
2502 2885 2618 2939 Ὀτι
2650 2882 2864 2955 πρῶτον
2907 2881 3010 2954 μὲν
3053 2878 3295 2953 καθαρὰν
3332 2860 3550 2949 ἔχουσιν
3585 2873 3759 2946 catt)

2197 2977 2294 3049 τὴν
2326 2977 2520 3049 ψυχὴν,
2552 2977 2642 3031 καὶ
2671 2977 2756 3030 ἀεὶ
2782 2975 2842 3029 τὸ
2872 2973 3093 3045 Πνεῦμα
3117 2973 3175 3027 τὸ
3196 2974 3347 3040 ᾰγιον
3374 2973 3432 3024 ἐν
3459 2971 3595 3040 αὐτῇ
3628 2985 3761 3022 κατ-

2198 3071 2367 3133 οικεῖ,
2420 3066 2491 3138 μὴ
2526 3064 2945 3138 περιελκομένης
2984 3062 3153 3134 αὐτῆς
3198 3063 3291 3116 καὶ
3339 3059 3760 3133 ἐπιθολουμένης

2199 3159 2510 3230 φαντασίαις
2539 3158 2632 3211 καὶ
2659 3158 2932 3227 λογισμοῖς
2953 3155 3242 3228 ἀκρασίας,
3272 3154 3408 3208 ὥστε
3435 3153 3647 3224 καὶτῆς
3670 3156 3762 3207 ἐν·

2196 3253 2477 3326 θυμήσεως
2502 3249 2899 3322 ἐπιλωϐηθῆναί
2931 3267 3058 3303 ποτε
3082 3266 3095 3281 ·
3128 3249 3241 3303 ἀλλ’
3263 3248 3396 3302 εἰσὶν
3419 3248 3757 3301 άνεπίδεκτοι

2195 3343 2369 3414 πάντη
2397 3343 2491 3396 καὶ
2515 3344 2655 3396 κατά
2678 3340 2777 3414 τὴν
2802 3341 2977 3413 σάρκα
3006 3341 3101 3395 καὶ
3121 3340 3215 3413 τὴν
3238 3340 3463 3412 καρδίαν
3489 3335 3631 3394 οὗτοι
3656 3339 3757 3411 τῆς

2194 3433 2505 3505 ἐπιθυμίας,
2538 3433 2775 3504 γαλήνην
2812 3432 3035 3502 ἄγοντες
3078 3432 3184 3485 τῶν
3216 3431 3568 3502 παθημάτων.
3605 3432 3667 3484 Oi
3696 3431 3756 3483 δὲ

2191 3526 2278 3581 διὰ
2307 3525 2407 3595 τῆς
2434 3522 2605 3592 ὅψεως
2637 3522 2831 3589 ἔξωθεν
2857 3522 3227 3594 δελεαζόμενοι
3259 3525 3376 3586 ταῖς
3410 3522 3753 3593 φαντασίαις,

2190 3612 2283 3665 καὶ
2309 3611 2692 3684 ἐπεισρέουσαν
2714 3610 2987 3681 δεχόμενοι
3012 3611 3109 3683 τὴν
3139 3611 3425 3682 ἐπιθυμίαν
3452 3611 3607 3684 δίκην
3631 3611 3758 3682 ῥεύ-

2193 3720 2358 3775 ματος
2390 3706 2469 3767 είς
2500 3704 2598 3776 τὴν
2638 3702 2885 3775 καρδίαν,
2918 3703 3069 3756 οὐδὲν
3094 3699 3253 3776 ἦττον
3290 3703 3605 3775 μολύνονται
3626 3704 3759 3758 πολε

2189 3796 2360 3861 λάκις,
2407 3797 2499 3851 καὶ
2541 3796 2849 3867 νομίζουσιν
2887 3797 3327 3865 ἀντιφιλονεικεῖν
3358 3797 3451 3849 καὶ
3486 3796 3756 3868 μάχεσθαι

2189 3887 2323 3959 πρὸς
2351 3887 2449 3949 τάς
2475 3886 2686 3958 ἡδονάς,
2715 3885 3014 3958 ἡττώμενοι
3038 3887 3130 3940 τὸν
3158 3886 3433 3958 λογισμόν.

2256 3979 2545 4033 ΕΥΒΟΥΛ.
2588 3980 2793 4033 Ούκούν
2825 3983 2949 4043 τοὺς
2971 3980 3208 4051 γαλήνην
3235 3980 3483 4048 ἄγοντας,
3530 3980 3626 4034 καὶ
3677 3979 3757 4052 μὴ

2184 4072 2592 4144 διοχλουμένους
2633 4072 2737 4126 ὑπὸ
2784 4073 2884 4143 τῆς
2927 4071 3253 4143 ἐπιθυμίας,
3301 4071 3524 4143 λέξομεν
3579 4072 3757 4127 καθα.

2186 4179 2342 4233 pauc;

2253 4254 2449 4309 ΓΡΗΓ.
2490 4255 2600 4308 Καὶ
2646 4253 2806 4325 μάλα.
2834 4252 3069 4318 Τούτους
3111 4255 3217 4328 γὰρ
3268 4255 3534 4319 τοιούτους
3572 4258 3602 4309 ὁ
3651 4257 3750 4311 καὶ

2184 4346 2337 4411 θεοὺς
2364 4346 2449 4399 διὰ
2475 4347 2583 4399 τῶν
2608 4345 2968 4417 μακαρισμῶν
2986 4346 3427 4418 ἀπεργαζόμενος
3443 4348 3568 4412 τοὺς
3583 4348 3750 4402 ἀνεν-

522 4436 652 4491 bere
673 4435 842 4493 Deum
882 4438 1098 4497 visuros
1143 4439 1286 4498 Deus
1318 4446 1632 4514 pronuntiat
1656 4449 1740 4503 ﬂ:
1773 4447 1917 4519 quod
1946 4446 2081 4502 nihil

2209 4440 2439 4503 οιάστως
2502 4438 2649 4510 αύτῷ
2696 4438 3044 4502 πιστεύοντας
3101 4439 3255 4503 Θεὸς,
3307 4438 3532 4510 ὄψεσθαι
3610 4441 3756 4512 μετά

519 4522 845 4590 obscurans,
873 4536 967 4582 aut
993 4530 1195 4585 mentis
1237 4534 1452 4588 oculum
1477 4535 1775 4597 obturbans
1806 4536 2033 4592 alterunt
2060 4576 2076 4605 ,

593 4662 640 4703 ’⁸
687 4660 880 4718 Matth.
912 4682 964 4733 v,
994 4665 1049 4723 8.

516 4785 636 4860 ejus
651 4786 889 4860 sedicta
914 4796 1160 4845 astruere
1189 4804 1251 4845 ac
1280 4790 1587 4858 opinionem
1613 4791 2042 4860 fulcire,dicerct
2066 4812 2079 4850 :

514 4857 697 4930 eisiis
724 4857 800 4912 illi
832 4858 971 4914 forte
1002 4875 1200 4930 scapus
1228 4857 1611 4930 disputationis
1636 4857 1885 4919 exsistat.
1907 4866 2077 4921 Cous.

585 4927 1125 5005 (91)Kwtl._100_lta
1170 4927 1474 4987 Possinius.
1530 4931 1600 4986 At
1639 4933 1869 4992 Allatius
1918 4937 2082 5005 ⁵Σκω--

516 4998 724 5062 πτίλος,
749 4999 994 5053 mordax.
1028 4999 1103 5055 lo.

585 5070 696 5142 (62)
715 5071 782 5123 Et
812 5069 1196 5140 διαφέρουσιν
1216 5072 1390 5145 ὅτλως.
1420 5071 1562 5145 Bene
1596 5073 1895 5135 Possinius.
1944 5093 2080 5145 prcc-

514 5147 675 5217 δραι-ε,
726 5156 836 5217 quo
868 5157 1031 5217 sensu
1068 5158 1199 5196 voce
1241 5143 1639 5217 διαφορώτερον
1692 5162 1826 5203 usus
1875 5143 2077 5203 Paulus

516 5207 831 5291 μεωειζι,
866 5212 958 5266 ubi
1016 5214 1243 5291 interpr.
1282 5207 1642 5291 diferentiirs;
1681 5218 1826 5288 quod
1873 5218 2076 5291 clarius

516 5278 731 5344 fuisset,
763 5286 1122 5350 prwstantius.
1161 5278 1527 5341 'excellEutius.
1571 5278 1714 5343 Bene
1740 5298 1917 5343 autem
1967 5288 2076 5345 Me-

514 5350 735 5428 thodius
768 5353 821 5405 in
846 5368 1078 5422 persona
1106 5353 1349 5428 Gregorii
1383 5358 1586 5425 primas
1619 5359 1809 5413 tribuit
1863 5359 1948 5413 his
1981 5357 2075 5428 qui

515 5431 642 5499 sunt
662 5422 972 5499 depurgate:
999 5422 1294 5488 mentis,’ct
1325 5422 1493 5499 ipsam
1525 5429 1701 5499 adepti
1735 5436 1862 5484 sunt
1886 5422 2079 5498 imper-

513 5490 857 5546 turbationis
881 5507 1081 5569 arcem,
1103 5504 1182 5569 “ut
1212 5510 1317 5569 nec
1341 5490 1605 5569 :animns
1627 5490 2074 5569 cogitationibus,

514 5575 612 5630 nec
641 5574 839 5630 corpus
878 5561 1019 5617 ftcda
1064 5564 1171 5617 ulla
1227 5565 1450 5621 libidine
1482 5561 1729 5630 sordeat,
1777 5569 1871 5624 sed
1927 5576 2076 5623 totus

512 5629 673 5711 homo
704 5629 796 5685 Dei
818 5631 1190 5711 habitaculum.
1206 5638 1611 5711 pacatissimum
1630 5629 1881 5711 exSistat,
1899 5653 2072 5711 quan-

512 5707 625 5774 tum
651 5715 759 5774 per
787 5703 884 5754 viae
916 5710 1114 5774 statum
1143 5703 1370 5773 ejusque
1420 5707 1805 5774 perfectionem
1838 5703 2070 5763 necdum

510 5771 814 5842 abgelutam
845 5778 898 5827 et
924 5772 978 5835 iu
1016 5774 1249 5835 termino
1285 5771 1441 5842 licet}
1490 5779 1708 5833 tametsi
1752 5778 1854 5833 hoc
1889 5778 2065 5839 ipsum

2187 4532 2494 4607 παρρησίας
2531 4530 2934 4600 ἀποφθέγγεται
2980 4532 3071 4584 τὸν
3118 4530 3251 4585 Θεόν
3276 4548 3290 4561 ’
3325 4532 3406 4585 ὅτι
3437 4530 3604 4602 μηδὲν
3634 4534 3761 4587 ἐπι-

2184 4800 2426 4849 evertere
2455 4792 2666 4848 videtur
2696 4792 2749 4847 in
2777 4807 3004 4863 persona
3037 4790 3254 4863 Eubulii
3290 4806 3304 4843 :
3339 4804 3460 4863 quae
3490 4788 3610 4857 ipsa
3633 4804 3755 4846 non

2182 4864 2412 4919 arduum
2440 4865 2752 4919 conciliare.
2774 4861 2935 4933 penes
2970 4862 3201 4918 arduum
3231 4877 3299 4918 ex
3336 4861 3553 4931 objecta
3590 4869 3652 4915 et
3679 4876 3759 4917 ex

2180 4935 2409 5008 subjecti
2439 4935 2862 5008 imperfectione.
2895 4933 2971 5008 lo.

2250 4998 2358 5075 (65)
2392 4998 2530 5071 Πῶξ
2551 5004 3018 5075 ἀποπειρωμένη.
3043 5001 3332 5075 Eubulium
3365 4998 3550 5075 refert,
3579 5017 3750 5075 Διιοιιᾼ,

2180 5084 2240 5130 ιιι
2258 5070 2568 5139 Ῥιιεείιιίιιε,
2593 5070 2909 5146 Gregorium
2937 5091 2953 5139 ;
2984 5070 3127 5146 apud
3156 5087 3315 5143 quem
3363 5072 3502 5146 male
3543 5070 3629 5133 τὸ,
3674 5072 3753 5146 μὲ

2178 5146 2395 5207 εἰδέναι.
2450 5161 2565 5216 pro.
2620 5142 2932 5216 μὴέἰδέναι.
2974 5142 3132 5199 Clara
3156 5142 3423 5198 sententia
3458 5144 3755 5216 :ostendit

2178 5234 2286 5271 non
2321 5211 2559 5275 tentandi
2596 5211 2758 5270 causa
2793 5216 3098 5285 percontari
3126 5228 3247 5283 quae
3287 5227 3347 5267 se
3388 5212 3604 5285 nescire
3659 5211 3752 5265 fa-

2176 5295 2382 5350 teatur;
2421 5287 2497 5341 uti
2540 5287 2701 5341 etiam
2744 5282 2977 5339 reddidit
3007 5282 3255 5344 Allatius.
3278 5282 3420 5352 apud
3465 5298 3628 5352 quem
3652 5291 3751 5338 est

2179 5357 2535 5412 masculinum
2567 5355 3012 5427 ἀποπειρώμενος
3042 5375 3054 5410 :
3093 5358 3174 5427 sic
3200 5357 3360 5427 etiam
3387 5366 3551 5427 supra
3604 5368 3748 5427 pro-

2177 5428 2407 5491 miscue,
2433 5427 2550 5481 sive
2584 5427 2653 5483 ab
2686 5421 2994 5495 antiquaria
3022 5434 3107 5482 est
3136 5426 3250 5480 haec
3278 5421 3749 5495 ἀδιαφορία.εἱιτε

2177 5497 2247 5567 ab
2293 5500 2408 5567 ipso
2452 5495 2757 5563 Methodio;
2795 5494 3003 5551 ratione
3031 5512 3061 5551 a
3094 5512 3181 5551 me
3225 5496 3336 5563 jam
3364 5509 3429 5547 ex
3471 5494 3751 5567 Apostolo

2178 5562 2476 5631 insinuata,
2499 5567 2644 5636 quod
2672 5570 2724 5620 in
2746 5562 2997 5629 Christo,
3034 5575 3089 5622 et
3117 5574 3176 5620 ut
3215 5562 3292 5621 sis
3341 5562 3552 5636 sponsa
3572 5562 3751 5636 Chri-

2177 5639 2246 5719 sti
2267 5653 2332 5761 af
2361 5632 2534 5709 virgo,
2568 5638 2788 5708 perinde
2821 5645 2926 5704 est,
2957 5639 3071 5695 sive
3095 5632 3506 5692 masculussive
3530 5632 3743 5689 femina

2177 5724 2270 5761 sis.
2322 5724 2375 5761 ο.

2175 5724 2270 5764 sis.
2301 5724 2375 5775 in,
