3962 6204
231 312 322 360 Il"!

1308 306 1690 367 CONVIVIUM
1728 308 1959 365 DECEM
1996 303 2357 366 VIRGINUM.

3343 294 3451 367 sui

236 418 454 476 σκοτοῦν
477 422 509 493 ἢ
533 423 899 494 συνταράσσον
920 423 1012 479 τὸν
1036 424 1311 497 ὀφθαλμὸν
1337 425 1434 495 τῆς
1455 424 1629 497 ψυχῆς
1656 424 1789 496 πρὸς

1913 438 1998 495 [uo
2026 424 2208 480 minus
2252 424 2309 478 in
2358 420 2452 479 Dei
2500 422 2766 480 visionem
2800 425 3118 497 intendant;
3166 427 3263 485 sed
3304 431 3459 484 omni

239 513 331 585 τὴν
354 512 498 567 θείαν
527 513 879 586 ἐπιφέρονται
911 515 1166 589 θεωρίανο
1191 517 1303 570 ἀλλ’
1335 517 1489 582 ἐκτὸς
1512 517 1791 587 γεγονότες

238 605 341 661 τῶν
369 604 595 678 ὀρέξεων
618 607 794 679 πάντη
825 606 934 662 τῶν
962 608 1259 680 κοσμικῶν,
1288 607 1385 681 τὴν
1424 608 1599 680 σάρκα
1624 608 1792 663 καθα-

240 697 330 769 ρὰν
373 697 433 750 ού
482 698 664 767 μόνον,
697 698 774 763 ὡς
813 698 967 771 ἔφην,
1001 700 1199 772 μίξεως
1238 699 1515 773 τηροῦσιν,
1551 699 1664 755 ἀλλ’
1691 700 1790 772 ἤδη

232 789 320 843 καὶ
349 789 450 861 τὴν
474 790 703 862 καρδίαν
735 792 1079 847 ἀνεπίδεκτον
1108 792 1379 864 λογισμῶν
1417 794 1705 867 ἀκρασίας,
1734 796 1791 847 ὲν

229 874 264 955 ᾖ
294 880 526 952 μάλιστα
571 882 666 935 καὶ
702 883 762 937 τὸ
804 883 979 954 ἅγιον,
1005 884 1080 949 ὡς
1106 887 1163 938 ὲν
1190 884 1322 956 ναῷ,
1356 885 1638 940 κατοικοῦν
1664 887 1793 940 ἀνα-

232 973 464 1026 παύεται
487 973 733 1046 Πνεῦμα.

301 1062 591 1117 ΕΥΒΟΥΛ.
637 1064 767 1134 Ἔχε
815 1063 901 1137 δή.
944 1061 1106 1136 Οἶμαι
1154 1067 1260 1139 γὰρ
1309 1068 1401 1121 ἐπὶ
1446 1067 1544 1137 τὴν
1578 1065 1790 1138 εῦρεσιν

226 1154 337 1210 τῶν
364 1153 533 1220 ὅντως
556 1156 876 1228 κρειττόνων
905 1156 1186 1230 ὀρθότερον
1217 1161 1361 1230 ἡμᾶς
1389 1157 1633 1212 ἐντεῦθεν
1655 1157 1789 1211 διελ-

228 1246 362 1303 θεῖν.
392 1246 503 1302 Καί
536 1265 625 1319 μοι
650 1249 884 1322 φράσον*
921 1250 1099 1315 καλεῖς
1138 1268 1256 1305 τινα
1287 1251 1621 1325 κυϐερνήτην
1654 1252 1792 1320 ἀγα-

226 1337 358 1405 θόνς

295 1432 500 1487 rear.
543 1433 779 1503 Ἔγωγε.

295 1523 598 1580 ΕΥΒΟΥΛ.
639 1525 871 1597 Πότερον
897 1524 989 1580 τὸν
1008 1526 1066 1580 ἐν
1098 1527 1358 1597 μεγάλαις
1376 1529 1469 1583 καὶ
1494 1529 1792 1602 ἀμηχάνοις

222 1613 612 1687 περισώσαντα
661 1616 848 1682 ζάλαις
893 1619 954 1672 τὸ
1010 1619 1300 1696 σκάφος,ἢ
1350 1624 1438 1677 τὸν
1490 1626 1547 1678 ἐν
1585 1624 1792 1698 γαλήνῃ

224 1706 463 1778 νηνεμίᾳ
477 1723 493 1773 ;

298 1889 344 1942 Γ
344 1888 502 1942 ΡΗΓ.
544 1888 650 1943 Τδν
683 1888 742 1942 ὲν
776 1887 1035 1961 μεγάλαις
1062 1889 1156 1944 καὶ
1180 1889 1500 1963 ἀμηχάνοις.

298 1980 597 2036 ΕΥΒΟΥΛ.
638 1980 843 2035 Οὐκοῦν
869 1982 961 2035 καὶ
986 1981 1161 2053 ψυχὴν
1182 1983 1279 2055 τὴν
1306 1986 1794 2063 περιαντλουμένην

228 2075 349 2137 ταῖς
369 2071 689 2144 τρικυμίαις
715 2073 822 2126 τῶν
850 2071 1202 2145 παθημάτων,
1233 2076 1326 2130 καὶ
1355 2079 1428 2151 μὴ
1456 2079 1795 2151 ἀποκάμνον-

234 2184 334 2222 σαν
362 2159 778 2239 ἢ’ὲκλυομένην,
808 2166 939 2221 ἀλλά
970 2167 1032 2222 τὸ
1064 2169 1288 2238 σκάφος,
1320 2170 1417 2243 τὴν
1443 2173 1638 2245 σάρκα,
1670 2192 1794 2245 γεν-

233 2260 397 2324 ναίως
423 2261 505 2324 είς
533 2259 727 2331 λιμένα
753 2260 844 2314 τὸν
876 2263 973 2334 τῆς
997 2263 1343 2336 σωφροσύνης
1370 2265 1792 2334 ἀπευθύνουσαν,

235 2352 460 2423 λέξομεν
486 2352 592 2421 τῆς
618 2354 675 2404 ὲν
704 2352 852 2425 εὐδίᾳ
878 2352 1231 2427 πλοῖζομένης
1261 2354 1540 2427 κρείττονα
1580 2358 1672 2412 καὶ
1711 2358 1796 2413 δο-

236 2444 571 2516 κιμωτέραν.

311 2627 507 2682 ΓΡΗΓ.
552 2625 813 2698 Δέξομεν.

309 2721 605 2775 ΕΥΒΟΥΛ.
647 2719 720 2773 Τὸ
751 2720 858 2792 γάρ
895 2719 1224 2792 ἁρμόζεσθαι
1254 2720 1387 2793 πρὸς
1429 2720 1527 2786 τὰς
1567 2719 1799 2792 ἐμϐολάς

242 2808 347 2865 τῶν
372 2827 662 2881 καταφυση
671 2811 851 2881 μάτων
868 2808 961 2863 τοῦ
988 2809 1221 2882 πονηροῦ
1248 2810 1572 2883 πνεύματος,
1605 2812 1696 2866 καὶ
1724 2810 1799 2884 μὴ

243 2901 728 2976 ἀπορῤἱπτεσθαιῆ
756 2900 1027 2966 νικᾶσθαι,
1055 2901 1189 2957 ἀλλά
1218 2904 1390 2958 πάντα
1416 2903 1551 2975 πρὸς
1570 2903 1798 2975 Χριστὸν

242 2995 593 3058 ἀνανεύοντα,
624 2993 904 3066 καρτερῶς
935 2993 1194 3065 μάχεσθαι
1214 2998 1331 3058 ταῖς
1356 2995 1588 3067 ἡδοναῖς,
1623 2992 1802 3066 μείζο-

1888 529 2071 570 rerum
2101 513 2442 570 saecularium
2471 512 2766 584 cupiditate
2787 516 3084 586 eliminata,
3107 518 3304 574 nedum
3332 533 3456 574 car-

1890 620 2011 660 nem
2037 644 2054 670 .
2080 605 2161 660 uti
2188 604 2458 669 dicebam,
2487 621 2519 661 a
2553 605 2830 662 libidinosi
2857 622 3188 681 congressus
3218 612 3456 682 turpitu-

1887 694 2013 753 dine
2045 696 2338 751 immunem
2378 704 2633 765 servant;
2665 713 2852 753 verum
2884 700 3046 755 etiam
3072 708 3130 755 ut
3158 701 3342 757 condis
3364 716 3457 772 pe-

1889 789 2095 844 netrale
2123 788 2200 860 (in
2234 804 2343 860 quo
2373 797 2427 845 et
2472 791 2724 848 maxime.
2753 799 2832 845 ut-
2856 791 2911 846 in
2963 793 3183 864 templo,
3218 792 3456 864 Spiritus

1890 887 2112 935 sanctus
2139 879 2477 951 conquiescit
2506 888 2560 935 et
2600 881 2830 953 habitat)
2862 883 3027 939 nullis
3055 885 3309 941 obscenis
3360 900 3456 942 co-

1890 972 2237 1043 gitationibus
2270 980 2467 1042 pateat.
2496 973 2686 1028 sedulo
2708 983 2908 1029 navant
2940 990 3180 1047 operam.

1963 1062 2213 1120 EUBUL.
2246 1061 2391 1120 Siste
2441 1065 2577 1134 jam.
2633 1064 2770 1122 Puto
2800 1069 2942 1122 enim
2992 1068 3056 1123 ad
3092 1069 3455 1144 investigatio-

1892 1168 2013 1209 nem
2039 1156 2160 1227 ejus
2205 1156 2350 1227 quod
2381 1173 2504 1213 vere
2556 1160 2904 1229 praestantius
2947 1168 3069 1227 est,
3106 1164 3307 1220 rectius
3352 1175 3454 1223 nos

1891 1246 2019 1303 hinc
2062 1263 2464 1320 progressurus.
2503 1250 2619 1318 Dic,
2645 1268 2852 1325 quaeso,
2884 1269 3050 1315 vocas
3089 1256 3321 1330 aliquem
3350 1259 3452 1316 bo-

1891 1356 2020 1396 num
2053 1341 2508 1413 gubernatorem?

1962 1432 2166 1491 GREG.
2203 1434 2366 1492 Sane.

1960 1522 2210 1582 EUBUL.
2264 1526 2434 1594 Quem
2483 1530 2658 1584 vero?
2692 1530 2776 1585 An
2826 1545 2948 1587 eum
2983 1533 3075 1604 qui
3135 1534 3191 1589 in
3242 1539 3455 1609 magnis

1890 1615 2493 1688 vehementissimisque
2523 1621 2936 1689 tempestatibus
2974 1636 3167 1678 navem
3202 1639 3455 1683 servave-

1895 1707 1999 1775 rit;
2031 1722 2101 1763 an
2131 1708 2225 1779 qui
2274 1708 2415 1766 idem
2469 1711 2527 1765 in
2573 1726 2767 1768 serena
2818 1714 3210 1785 tranquillitate
3242 1718 3456 1791 ιιι-πειὶ-

1893 1799 2056 1856 terit?

1960 1890 2165 1946 GREG.
2202 1889 2400 1962 Utique
2421 1892 2513 1962 qui
2549 1893 2605 1947 in
2636 1895 2847 1967 magnis
2884 1904 2938 1951 et
2960 1896 3168 1953 arduis.

1962 1981 2212 2039 EUBUL.
2238 1983 2404 2054 igitur
2434 1991 2488 2038 et
2523 1986 2761 2041 animum
2796 1988 2955 2043 saevis
2984 1990 3451 2059 perturbationum

1893 2071 2145 2129 fluctibus
2170 2072 2463 2142 iactatum,
2514 2088 2615 2128 nec
2651 2084 2933 2144 propterea
2982 2083 3235 2130 conatum
3266 2077 3456 2131 remit-

1894 2174 2093 2222 tentem
2127 2173 2221 2222 aut
2249 2165 2610 2231 fatiscentem,
2640 2166 2734 2221 scd
2752 2167 2995 2238 cymbam
3022 2207 3036 2232 ,
3084 2181 3299 2222 carnem
3345 2168 3453 2222 uti-

1893 2275 2018 2330 que,
2052 2259 2251 2314 invicta
2280 2256 2526 2329 generosi
2558 2258 2818 2329 pr0positi
2847 2259 3155 2313 constantia
3188 2258 3253 2312 ad
3285 2259 3455 2314 casti-

1894 2352 2021 2405 tatis
2056 2358 2270 2422 porttun
2302 2349 2622 2421 dirigentem
2653 2389 2668 2413 ,
2731 2350 3162 2420 prmstantiorem
3207 2348 3454 2406 dicemus

1894 2442 2238 2513 probamque
2264 2443 2434 2512 magis
2466 2440 2699 2504 virtutis,
2727 2455 2816 2505 eo,
2847 2442 2939 2511 qui
2981 2440 3036 2495 in
3073 2441 3302 2497 malacia
3354 2455 3453 2513 pa-

1894 2535 2002 2589 cati
2023 2534 2188 2592 maris
2215 2547 2405 2588 secure
2425 2531 2769 2603 jucundeque
2797 2532 3030 2603 navigat.

1965 2622 2145 2679 GREG
2158 2663 2171 2677 .
2217 2623 2492 2680 Dicemus.

1906 2719 1923 2773 ξι
1968 2716 2215 2773 EUBUL.
2241 2715 2374 2771 Nam
2401 2715 2569 2771 obniti
2596 2716 2955 2771 renitentibus
2996 2722 3279 2771 ventorum
3308 2713 3452 2770 flati-

1896 2810 2021 2874 bus.
2043 2825 2182 2879 quos
2226 2814 2416 2863 contra
2466 2807 2707 2861 immittit
2762 2823 2995 2878 nequam
3046 2809 3316 2879 spiritus:
3350 2822 3454 2864 nec

1897 2900 2097 2958 inflecti
2125 2909 2304 2956 tamen
2336 2914 2572 2969 unquam
2593 2900 2818 2970 dejicive
2842 2909 2935 2955 aut
2963 2900 3133 2967 vinci;
3180 2898 3312 2971 quin
3357 2913 3455 2969 po-

1897 2994 2008 3048 tius
2037 2992 2220 3046 animo
2267 3004 2479 3059 semper
2525 2988 2581 3043 in
2607 2989 2881 3046 Christum
2943 2989 3188 3055 intento,
3245 2988 3457 3044 fortiter

244 3103 311 3139 να
337 3085 430 3140 τὸν
467 3086 691 3140 ἔπαινον
713 3087 884 3159 φέρει,
913 3085 1007 3141 τοῦ
1042 3088 1177 3160 μετὰ
1205 3087 1482 3161 ῥᾳστώνης
1514 3087 1798 3161 ἀχειμαστὶ

1913 3098 2206 3155 repugnare
2235 3082 2620 3152 voluptatibus,
2654 3084 2911 3153 majorem
2944 3081 3186 3153 profecto
3239 3080 3454 3136 iaudem

246 3177 687 3250 παρθενεύοντος.

311 3359 513 3418 ΓΡΗΓ.
559 3360 760 3412 Ἐοικε.

315 3450 612 3507 ΕΥΒΟΥΛ.
655 3452 721 3504 Τί
747 3450 802 3504 δὲ
834 3450 927 3504 καὶ
951 3452 980 3505 ό
1004 3449 1242 3523 Κύριοςς
1277 3451 1350 3505 Οὐ
1375 3450 1521 3504 δοκεῖ
1535 3449 1803 3505 δεικνύναι

252 3543 518 3617 διαφέρειν
548 3544 638 3597 τὸν
665 3542 1026 3615 ἐπιθυμοῦντα
1058 3542 1251 3615 μᾶλλον
1286 3542 1378 3598 καὶ
1412 3542 1806 3615 ἐγκρατεύοντα

256 3633 346 3689 τοῦ
378 3634 452 3709 μὴ
474 3633 868 3707 ἐπιθυμοῦντός
892 3653 953 3690 τε
984 3635 1078 3689 καὶ
1111 3634 1565 3708 παρθενεύοντος;

316 3905 516 3960 ΓΡΗΓ.
558 3904 671 3960 Ποῦ
702 3906 800 3978 δή;

317 3994 614 4048 ΕΥΒΟΥΛ.
662 3993 827 4048 Ἔνθα
875 3992 962 4047 τὸν
995 3994 1251 4066 φρόνιμον
1281 3991 1638 4065 παραϐάλλων
1668 3991 1810 4065 οίκίᾳ

261 4086 687 4159 τεθεμελιωμένῃ
717 4085 915 4150 καλῶς,
945 4086 1188 4140 ἄπτωτον
1228 4084 1391 4155 αὐτὸν
1435 4084 1807 4152 ἀποφαίνεται,

265 4178 331 4249 μὴ
356 4178 652 4249 δυνάμενον
684 4178 789 4234 ἀπὸ
816 4178 911 4249 τῆς
944 4177 1141 4249 βροχῆς
1164 4177 1259 4232 καὶ
1297 4176 1402 4230 τῶν
1434 4175 1690 4247 ποταμῶν
1717 4177 1811 4230 καὶ

265 4267 361 4321 τῶν
388 4269 604 4341 άνέμων
633 4269 1056 4342 καταϐληθῆναι·
1085 4272 1205 4334 ταῖς
1237 4269 1337 4341 μὲν
1369 4268 1701 4340 ἐπιθυμίαις,
1733 4268 1812 4334 ὡς

267 4360 446 4428 ιοικεν,
473 4363 786 4428 ἀπεικάζων
826 4364 949 4428 τοὺς
974 4363 1277 4434 χειμῶνας*
1306 4365 1372 4434 τῇ
1406 4362 1463 4417 δὲ
1508 4362 1682 4436 πέτρᾳ
1713 4362 1810 4433 τὴν

1904 3176 2078 3241 affert,
2104 3190 2263 3245 quam
2288 3174 2341 3229 in
2377 3190 2590 3230 amoeno
2612 3171 2874 3245 beatoque
2906 3173 3211 3245 tranquillae
3233 3171 3457 3246 virgini-

1902 3270 2032 3324 tatis
2066 3274 2224 3339 portu
2250 3265 2514 3322 desidere.

1973 3356 2177 3415 GREG.
2211 3358 2445 3427 Apparet
2474 3357 2546 3411 ita
2566 3371 2709 3412 esse.

1972 3448 2224 3506 EUBUL.
2251 3446 2391 3514 Quid
2440 3462 2569 3502 vero
2592 3454 2647 3501 et
2684 3445 2984 3502 Dominus?
3028 3444 3218 3503 Nonne
3249 3444 3460 3502 videtur

1904 3544 2210 3603 ostendere.
2238 3555 2360 3596 eum
2385 3538 2479 3610 qui
2531 3539 2984 3609 concupiscentia:
3015 3548 3182 3593 mstrn
3220 3537 3459 3608 iactatus

1903 3633 2290 3690 continentiam
2325 3636 2525 3694 teneat,
2552 3629 2710 3699 longe
2742 3629 2820 3683 illi
2851 3628 3182 3700 praecellere,
3211 3628 3306 3698 qui
3355 3627 3460 3681 hu-

1900 3726 1993 3799 jus
2018 3739 2209 3798 pugna:
2236 3738 2461 3780 securus
2484 3761 2500 3788 ,
2542 3721 2836 3793 sedataque
2877 3727 2970 3775 aut
3011 3719 3160 3774 nulla
3198 3717 3451 3790 concupi-

1906 3817 2132 3882 scentia,
2154 3814 2463 3885 virginitate
2494 3813 2734 3886 fulgeat?

1975 3906 2181 3963 GREG.
2211 3905 2311 3961 Ubi
2345 3922 2472 3962 vero
2495 3906 2607 3963 inec
2640 3904 2939 3962 Dominus?

1976 3997 2222 4054 LUBUL.
2283 3996 2384 4053 Ubi
2454 3998 2708 4053 nimirum
2784 3998 3080 4067 sapientem
3141 4008 3464 4066 comparans

1907 4106 2030 4148 cum
2051 4091 2212 4145 domo
2248 4089 2384 4146 bene
2405 4089 2651 4154 fundata,
2678 4089 3018 4147 inconcussas
3044 4105 3160 4146 eam
3192 4089 3464 4146 firmitatis

1907 4180 2337 4246 cssedecernit,
2385 4195 2545 4250 quam
2588 4180 2790 4235 imbres
2839 4180 3109 4235 irruentes
3154 4187 3207 4234 et
3243 4177 3465 4233 fiumina

1909 4282 2301 4343 ventorumque
2342 4273 2427 4328 vis
2458 4272 2693 4342 dejicere
2721 4287 2829 4327 non
2879 4271 3113 4343 potuerit
3147 4271 3213 4325 ".
3261 4269 3466 4341 Nempe

1909 4366 2013 4421 hoc
2046 4365 2234 4421 volens
2260 4383 2274 4419 :
2307 4378 2405 4435 per
2432 4370 2784 4434 tempestates
2815 4374 3111 4442 ventosque
3131 4371 3187 4418 et
3213 4362 3425 4434 piuvias
3448 4402 3464 4428 ,

270 4453 505 4527 ἀκίνητον
535 4456 783 4515 ἔνστασιν
826 4456 920 4510 καὶ
951 4456 1286 4512 ἀδιάπτωτον
1330 4457 1429 4528 τῆς
1471 4455 1646 4528 ψυχῆς
1681 4455 1798 4530 περῖ

1913 4457 2362 4529 concupiscentia:
2413 4465 2580 4513 aestus
2626 4456 2937 4528 designari;
2993 4462 3158 4527 petrae
3204 4471 3333 4512 vero
3369 4471 3469 4513 noo

276 4545 358 4619 τὴν
382 4549 617 4619 ἁγνείανο

343 4816 518 4878 ΓΡΗΓ,
570 4816 771 4888 ’Δληθῆ
799 4815 974 4886 λέγειν
1003 4816 1197 4883 δόξαις.

351 4908 618 4967 ΕΥΒΟΥΔ.
658 4910 723 4963 Τί
759 4910 848 4964 δαὶ
875 4910 968 4964 καὶ
991 4911 1198 4984 ἰατρόν;
1231 4911 1303 4965 Οὐ
1328 4910 1416 4966 τὸν
1435 4910 1808 4984 ὲπὶῖμεγάλαις

295 4997 383 5071 ﬁt;
419 5000 847 5074 δεδοκιμασμένον
878 5001 1070 5067 νόσοις,
1104 5006 1198 5059 καὶ
1238 5004 1462 5071 πολλοὺς
1504 5004 1811 5076 ἰασάμενον,

293 5092 483 5163 ίριστον
510 5096 720 5160 καλεῖς;

345 5185 382 5237 Γ
381 5187 503 5242 ΡΗΓ
508 5228 521 5247 .
561 5189 802 5259 Ἔγωγε.

344 5278 617 5343 ΕΥΒϋῖἑ..
660 5282 764 5334 Τδν
795 5280 850 5334 δὲ
887 5281 1047 5343 μηδὲν
1095 5280 1316 5353 μηδέπω
1363 5278 1812 5352 διαπραξάμενον,

289 5372 402 5443 μηδὲ
425 5374 705 5439 νοσοῦντας
735 5375 871 5439 ὅλως
902 5374 959 5436 ἐν
986 5375 1171 5446 χερσὶν
1198 5374 1485 5446 ἐσχηκότα,
1521 5374 1581 5428 ού
1604 5372 1817 5434 πάντως

289 5463 658 5539 ἀδοκιμώτερον
688 5466 770 5520 ἔτι
788 5481 806 5533 ;

375 5743 417 5778 ⁸⁸
451 5742 643 5801 lauit.
681 5759 777 5809 vn.
804 5740 896 5801 24.

1915 4550 2081 4616 mine,
2115 4549 2442 4605 immobilem
2469 4549 2795 4620 virginitatis
2817 4551 3096 4621 proposito
3127 4548 3295 4604 animi
3332 4564 3468 4605 con-

1914 4641 2170 4697 stantiam
2199 4653 2264 4696 ac
2294 4639 2560 4695 castitatis
2589 4640 2974 4696 inconcussum
3021 4648 3262 4698 tenorem
3291 4639 3470 4696 decla-

1909 4747 2042 4788 rari.

1983 4824 2192 4883 GREG.
2232 4823 2413 4881 Videri
2444 4825 2623 4894 possis
2645 4841 2771 4881 vera
2814 4825 3012 4882 dicere.

1982 4917 2233 4977 EUBUL.
2278 4917 2424 4985 Quid
2477 4932 2607 4972 vero
2639 4926 2694 4972 et
2729 4919 3041 4974 medicum?
3081 4917 3164 4973 An
3204 4931 3315 4971 non
3346 4930 3469 4970 eum

1916 5026 2080 5071 vocas
2112 5004 2386 5081 habesque
2413 5010 2696 5080 optimum.
2721 5011 2812 5081 qui
2853 5011 2907 5066 in
2946 5010 3155 5082 magnis
3181 5009 3293 5080 jam
3327 5023 3474 5063 mor-

1915 5102 2000 5159 bis
2030 5103 2328 5173 periculum
2360 5100 2506 5167 fecit,
2529 5107 2582 5156 et
2609 5100 2859 5172 plurimis
2879 5101 3162 5157 sanitatem
3197 5097 3475 5156 restituit?

1991 5189 2195 5246 sese.
2233 5190 2515 5262 Equidem.

1988 5282 2233 5339 EUBUL.
2266 5284 2402 5338 Eum
2434 5290 2613 5338 autem
2644 5281 2736 5353 qui
2768 5282 2975 5337 nullum
3007 5281 3134 5337 dum
3181 5280 3269 5338 sui
3311 5295 3478 5352 cipe.

1916 5375 2208 5432 rimentum
2239 5375 2405 5439 dedit,
2443 5374 2717 5444 nullisque
2765 5389 2991 5445 prorsus
3030 5374 3248 5445 aegrotis
3276 5387 3475 5429 consu-

1919 5469 2042 5534 luit,
2072 5483 2255 5527 nonne
2282 5467 2461 5526 adhuc
2490 5467 2674 5526 minus
2721 5468 2942 5525 omnino
2992 5466 3477 5525 commendabilem

1922 5557 2098 5616 dicis?
