  <div class='ocr_page' id='page_1' title='image "/cluster/home/n/w/nwhite01/storage/ocr_20150623/18/hvd.32044073501207/115.png"; bbox 0 0 3962 6204; ppageno 0'>
   <div class='ocr_carea' id='block_1_1' title="bbox 559 254 666 312">
    <p class='ocr_par' dir='ltr' id='par_1_1' title="bbox 559 254 666 312">
     <span class='ocr_line' id='line_1_1' title="bbox 559 254 666 312; baseline -0.019 0"><span class='ocrx_word' id='word_1_1' title='bbox 559 254 666 312; x_wconf 69' lang='lat'><strong>2-19</strong></span> 
     </span>
    </p>
   </div>
   <div class='ocr_carea' id='block_1_2' title="bbox 629 365 1040 424">
    <p class='ocr_par' dir='ltr' id='par_1_2' title="bbox 629 365 1040 424">
     <span class='ocr_line' id='line_1_2' title="bbox 629 365 1040 424; baseline -0.012 0"><span class='ocrx_word' id='word_1_2' title='bbox 629 367 834 424; x_wconf 80' lang='lat' dir='ltr'><strong>GREG.</strong></span> <span class='ocrx_word' id='word_1_3' title='bbox 865 365 1040 422; x_wconf 89' lang='lat' dir='ltr'><strong>Certe.</strong></span> 
     </span>
    </p>
   </div>
   <div class='ocr_carea' id='block_1_3' title="bbox 629 457 2113 531">
    <p class='ocr_par' dir='ltr' id='par_1_3' title="bbox 629 457 2113 531">
     <span class='ocr_line' id='line_1_3' title="bbox 629 457 2113 531; baseline 0.001 -17"><span class='ocrx_word' id='word_1_4' title='bbox 629 459 877 516; x_wconf 83' lang='lat' dir='ltr'><strong>EUBUL.</strong></span> <span class='ocrx_word' id='word_1_5' title='bbox 910 457 1050 528; x_wconf 84' lang='lat' dir='ltr'><strong>Ergo</strong></span> <span class='ocrx_word' id='word_1_6' title='bbox 1102 466 1156 514; x_wconf 92' lang='lat' dir='ltr'><strong>et</strong></span> <span class='ocrx_word' id='word_1_7' title='bbox 1213 458 1450 513; x_wconf 87' lang='lat' dir='ltr'><strong>animum</strong></span> <span class='ocrx_word' id='word_1_8' title='bbox 1509 461 1599 530; x_wconf 87' lang='lat' dir='ltr'><strong>qui</strong></span> <span class='ocrx_word' id='word_1_9' title='bbox 1649 461 1866 516; x_wconf 89' lang='lat' dir='ltr'><strong>mollius</strong></span> <span class='ocrx_word' id='word_1_10' title='bbox 1914 477 2113 531; x_wconf 83' lang='lat' dir='ltr'><strong>corpus</strong></span> 
     </span>
    </p>
   </div>
   <div class='ocr_carea' id='block_1_4' title="bbox 557 550 2113 624">
    <p class='ocr_par' dir='ltr' id='par_1_4' title="bbox 557 550 2113 624">
     <span class='ocr_line' id='line_1_4' title="bbox 557 550 2113 624; baseline -0.001 -16"><span class='ocrx_word' id='word_1_11' title='bbox 557 554 810 616; x_wconf 83' lang='lat' dir='ltr'><strong>sustinet,</strong></span> <span class='ocrx_word' id='word_1_12' title='bbox 840 551 1066 622; x_wconf 82' lang='lat' dir='ltr'><strong>ejusque</strong></span> <span class='ocrx_word' id='word_1_13' title='bbox 1087 550 1368 606; x_wconf 88' lang='lat' dir='ltr'><strong>libidinum</strong></span> <span class='ocrx_word' id='word_1_14' title='bbox 1397 563 1529 606; x_wconf 73' lang='lat' dir='ltr'><strong>azstu</strong></span> <span class='ocrx_word' id='word_1_15' title='bbox 1552 553 1916 624; x_wconf 65' lang='lat' dir='ltr'><strong>aegritudines,</strong></span> <span class='ocrx_word' id='word_1_16' title='bbox 1944 555 2113 608; x_wconf 91' lang='lat' dir='ltr'><strong>casti-</strong></span> 
     </span>
    </p>
   </div>
   <div class='ocr_carea' id='block_1_5' title="bbox 559 641 2113 720">
    <p class='ocr_par' dir='ltr' id='par_1_5' title="bbox 559 641 2113 720">
     <span class='ocr_line' id='line_1_5' title="bbox 559 641 2113 720; baseline 0.003 -24"><span class='ocrx_word' id='word_1_17' title='bbox 559 643 686 698; x_wconf 88' lang='lat' dir='ltr'><strong>tatis</strong></span> <span class='ocrx_word' id='word_1_18' title='bbox 716 641 1122 697; x_wconf 76' lang='lat' dir='ltr'><strong>medicamentis</strong></span> <span class='ocrx_word' id='word_1_19' title='bbox 1170 643 1301 696; x_wconf 93' lang='lat' dir='ltr'><strong>lenit</strong></span> <span class='ocrx_word' id='word_1_20' title='bbox 1339 651 1392 696; x_wconf 92' lang='lat' dir='ltr'><strong>et</strong></span> <span class='ocrx_word' id='word_1_21' title='bbox 1423 644 1611 707; x_wconf 91' lang='lat' dir='ltr'><strong>sedat,</strong></span> <span class='ocrx_word' id='word_1_22' title='bbox 1653 645 1839 714; x_wconf 92' lang='lat' dir='ltr'><strong>utique</strong></span> <span class='ocrx_word' id='word_1_23' title='bbox 1868 645 2113 720; x_wconf 81' lang='lat' dir='ltr'><strong>dicamus</strong></span> 
     </span>
    </p>
   </div>
   <div class='ocr_carea' id='block_1_6' title="bbox 557 733 2112 806">
    <p class='ocr_par' dir='ltr' id='par_1_6' title="bbox 557 733 2112 806">
     <span class='ocr_line' id='line_1_6' title="bbox 557 733 2112 806; baseline 0.005 -20"><span class='ocrx_word' id='word_1_24' title='bbox 557 733 775 787; x_wconf 71' lang='lat' dir='ltr'><strong>medica:</strong></span> <span class='ocrx_word' id='word_1_25' title='bbox 807 733 1078 786; x_wconf 81' lang='lat' dir='ltr'><strong>facultatis</strong></span> <span class='ocrx_word' id='word_1_26' title='bbox 1109 733 1318 798; x_wconf 80' lang='lat' dir='ltr'><strong>laudem</strong></span> <span class='ocrx_word' id='word_1_27' title='bbox 1351 733 1491 788; x_wconf 91' lang='lat' dir='ltr'><strong>ferre</strong></span> <span class='ocrx_word' id='word_1_28' title='bbox 1521 735 1802 804; x_wconf 84' lang='lat' dir='ltr'><strong>majorem,</strong></span> <span class='ocrx_word' id='word_1_29' title='bbox 1833 753 1991 806; x_wconf 88' lang='lat' dir='ltr'><strong>qttam</strong></span> <span class='ocrx_word' id='word_1_30' title='bbox 2024 739 2112 794; x_wconf 91' lang='lat' dir='ltr'><strong>cui</strong></span> 
     </span>
    </p>
   </div>
   <div class='ocr_carea' id='block_1_7' title="bbox 556 824 2114 900">
    <p class='ocr_par' dir='ltr' id='par_1_7' title="bbox 556 824 2114 900">
     <span class='ocr_line' id='line_1_7' title="bbox 556 824 2114 900; baseline 0.007 -25"><span class='ocrx_word' id='word_1_31' title='bbox 556 824 722 893; x_wconf 88' lang='lat' dir='ltr'><strong>probe</strong></span> <span class='ocrx_word' id='word_1_32' title='bbox 756 841 946 880; x_wconf 81' lang='lat' dir='ltr'><strong>sanum</strong></span> <span class='ocrx_word' id='word_1_33' title='bbox 984 839 1182 895; x_wconf 91' lang='lat' dir='ltr'><strong>corpus</strong></span> <span class='ocrx_word' id='word_1_34' title='bbox 1235 841 1408 896; x_wconf 88' lang='lat' dir='ltr'><strong>neque</strong></span> <span class='ocrx_word' id='word_1_35' title='bbox 1437 825 1582 882; x_wconf 78' lang='lat' dir='ltr'><strong>vitiis</strong></span> <span class='ocrx_word' id='word_1_36' title='bbox 1609 829 1898 882; x_wconf 78' lang='lat' dir='ltr'><strong>obnoxium</strong></span> <span class='ocrx_word' id='word_1_37' title='bbox 1922 831 2114 900; x_wconf 78' lang='lat' dir='ltr'><strong>obtigit</strong></span> 
     </span>
    </p>
   </div>
   <div class='ocr_carea' id='block_1_8' title="bbox 555 915 776 983">
    <p class='ocr_par' dir='ltr' id='par_1_8' title="bbox 555 915 776 983">
     <span class='ocr_line' id='line_1_8' title="bbox 555 915 776 983; baseline 0 -15"><span class='ocrx_word' id='word_1_38' title='bbox 555 915 776 983; x_wconf 78' lang='lat' dir='ltr'><strong>regere?</strong></span> 
     </span>
    </p>
   </div>
   <div class='ocr_carea' id='block_1_9' title="bbox 624 1004 1302 1063">
    <p class='ocr_par' dir='ltr' id='par_1_9' title="bbox 624 1004 1302 1063">
     <span class='ocr_line' id='line_1_9' title="bbox 624 1004 1302 1063; baseline 0 -3"><span class='ocrx_word' id='word_1_39' title='bbox 624 1004 827 1061; x_wconf 77' lang='lat' dir='ltr'><strong>GBEG.</strong></span> <span class='ocrx_word' id='word_1_40' title='bbox 861 1006 1160 1063; x_wconf 84' lang='lat' dir='ltr'><strong>Fatendum</strong></span> <span class='ocrx_word' id='word_1_41' title='bbox 1199 1015 1302 1063; x_wconf 90' lang='lat' dir='ltr'><strong>est.</strong></span> 
     </span>
    </p>
   </div>
   <div class='ocr_carea' id='block_1_10' title="bbox 623 1098 2106 1174">
    <p class='ocr_par' dir='ltr' id='par_1_10' title="bbox 623 1098 2106 1174">
     <span class='ocr_line' id='line_1_10' title="bbox 623 1098 2106 1174; baseline 0.005 -22"><span class='ocrx_word' id='word_1_42' title='bbox 623 1098 871 1156; x_wconf 84' lang='lat' dir='ltr'><strong>EUBUL.</strong></span> <span class='ocrx_word' id='word_1_43' title='bbox 903 1101 1042 1167; x_wconf 87' lang='lat' dir='ltr'><strong>Quid</strong></span> <span class='ocrx_word' id='word_1_44' title='bbox 1073 1102 1195 1156; x_wconf 90' lang='lat' dir='ltr'><strong>item</strong></span> <span class='ocrx_word' id='word_1_45' title='bbox 1226 1100 1280 1154; x_wconf 90' lang='lat' dir='ltr'><strong>in</strong></span> <span class='ocrx_word' id='word_1_46' title='bbox 1325 1101 1508 1155; x_wconf 84' lang='lat' dir='ltr'><strong>lucta?</strong></span> <span class='ocrx_word' id='word_1_47' title='bbox 1550 1099 1680 1157; x_wconf 86' lang='lat' dir='ltr'><strong>Uter</strong></span> <span class='ocrx_word' id='word_1_48' title='bbox 1720 1105 1862 1174; x_wconf 87' lang='lat' dir='ltr'><strong>pugil</strong></span> <span class='ocrx_word' id='word_1_49' title='bbox 1896 1106 2106 1171; x_wconf 70' lang='lat' dir='ltr'><strong>melior,</strong></span> 
     </span>
    </p>
   </div>
   <div class='ocr_carea' id='block_1_11' title="bbox 553 1192 2110 1264">
    <p class='ocr_par' dir='ltr' id='par_1_11' title="bbox 553 1192 2110 1264">
     <span class='ocr_line' id='line_1_11' title="bbox 553 1192 2110 1264; baseline 0.005 -20"><span class='ocrx_word' id='word_1_50' title='bbox 553 1193 646 1261; x_wconf 88' lang='lat' dir='ltr'><strong>qui</strong></span> <span class='ocrx_word' id='word_1_51' title='bbox 693 1207 918 1262; x_wconf 88' lang='lat' dir='ltr'><strong>magnos</strong></span> <span class='ocrx_word' id='word_1_52' title='bbox 958 1205 1011 1248; x_wconf 91' lang='lat' dir='ltr'><strong>et</strong></span> <span class='ocrx_word' id='word_1_53' title='bbox 1050 1192 1220 1246; x_wconf 81' lang='lat' dir='ltr'><strong>fortes</strong></span> <span class='ocrx_word' id='word_1_54' title='bbox 1245 1194 1468 1249; x_wconf 69' lang='lat' dir='ltr'><strong>aemulos</strong></span> <span class='ocrx_word' id='word_1_55' title='bbox 1500 1195 1799 1264; x_wconf 74' lang='lat' dir='ltr'><strong>experitur,</strong></span> <span class='ocrx_word' id='word_1_56' title='bbox 1835 1211 1898 1251; x_wconf 95' lang='lat' dir='ltr'><strong>ac</strong></span> <span class='ocrx_word' id='word_1_57' title='bbox 1936 1200 2110 1253; x_wconf 91' lang='lat' dir='ltr'><strong>conli-</strong></span> 
     </span>
    </p>
   </div>
   <div class='ocr_carea' id='block_1_12' title="bbox 551 1283 2106 1358">
    <p class='ocr_par' dir='ltr' id='par_1_12' title="bbox 551 1283 2106 1358">
     <span class='ocr_line' id='line_1_12' title="bbox 551 1283 2106 1358; baseline 0.005 -21"><span class='ocrx_word' id='word_1_58' title='bbox 551 1299 658 1338; x_wconf 84' lang='lat' dir='ltr'><strong>nue</strong></span> <span class='ocrx_word' id='word_1_59' title='bbox 690 1283 834 1336; x_wconf 89' lang='lat' dir='ltr'><strong>lucta</strong></span> <span class='ocrx_word' id='word_1_60' title='bbox 878 1284 1201 1356; x_wconf 80' lang='lat' dir='ltr'><strong>defungens,</strong></span> <span class='ocrx_word' id='word_1_61' title='bbox 1245 1302 1353 1340; x_wconf 91' lang='lat' dir='ltr'><strong>non</strong></span> <span class='ocrx_word' id='word_1_62' title='bbox 1398 1286 1701 1342; x_wconf 90' lang='lat' dir='ltr'><strong>succumbit</strong></span> <span class='ocrx_word' id='word_1_63' title='bbox 1730 1304 2006 1358; x_wconf 87' lang='lat' dir='ltr'><strong>unquam;</strong></span> <span class='ocrx_word' id='word_1_64' title='bbox 2036 1305 2106 1345; x_wconf 89' lang='lat' dir='ltr'><strong>an</strong></span> 
     </span>
    </p>
   </div>
   <div class='ocr_carea' id='block_1_13' title="bbox 553 1375 1498 1445">
    <p class='ocr_par' dir='ltr' id='par_1_13' title="bbox 553 1375 1498 1445">
     <span class='ocr_line' id='line_1_13' title="bbox 553 1375 1498 1445; baseline 0.004 -19"><span class='ocrx_word' id='word_1_65' title='bbox 553 1375 647 1445; x_wconf 90' lang='lat' dir='ltr'><strong>qui</strong></span> <span class='ocrx_word' id='word_1_66' title='bbox 671 1375 835 1430; x_wconf 91' lang='lat' dir='ltr'><strong>nullis</strong></span> <span class='ocrx_word' id='word_1_67' title='bbox 870 1376 1195 1432; x_wconf 88' lang='lat' dir='ltr'><strong>adversariis</strong></span> <span class='ocrx_word' id='word_1_68' title='bbox 1225 1377 1498 1432; x_wconf 86' lang='lat' dir='ltr'><strong>decertat?</strong></span> 
     </span>
    </p>
   </div>
   <div class='ocr_carea' id='block_1_14' title="bbox 622 1463 1474 1538">
    <p class='ocr_par' dir='ltr' id='par_1_14' title="bbox 622 1463 1474 1538">
     <span class='ocr_line' id='line_1_14' title="bbox 622 1463 1474 1538; baseline 0.005 -20"><span class='ocrx_word' id='word_1_69' title='bbox 622 1463 826 1518; x_wconf 82' lang='lat' dir='ltr'><strong>GREG.</strong></span> <span class='ocrx_word' id='word_1_70' title='bbox 860 1464 1027 1522; x_wconf 88' lang='lat' dir='ltr'><strong>Plane</strong></span> <span class='ocrx_word' id='word_1_71' title='bbox 1061 1470 1151 1538; x_wconf 91' lang='lat' dir='ltr'><strong>qui</strong></span> <span class='ocrx_word' id='word_1_72' title='bbox 1181 1469 1474 1538; x_wconf 83' lang='lat' dir='ltr'><strong>experitur.</strong></span> 
     </span>
    </p>
   </div>
   <div class='ocr_carea' id='block_1_15' title="bbox 620 1555 2105 1636">
    <p class='ocr_par' dir='ltr' id='par_1_15' title="bbox 620 1555 2105 1636">
     <span class='ocr_line' id='line_1_15' title="bbox 620 1555 2105 1636; baseline 0.008 -26"><span class='ocrx_word' id='word_1_73' title='bbox 620 1555 869 1612; x_wconf 86' lang='lat' dir='ltr'><strong>EUBUL.</strong></span> <span class='ocrx_word' id='word_1_74' title='bbox 890 1559 1011 1613; x_wconf 81' lang='lat' dir='ltr'><strong>Ain&#39;</strong></span> <span class='ocrx_word' id='word_1_75' title='bbox 1033 1569 1088 1614; x_wconf 91' lang='lat' dir='ltr'><strong>tu</strong></span> <span class='ocrx_word' id='word_1_76' title='bbox 1113 1561 1166 1614; x_wconf 91' lang='lat' dir='ltr'><strong>in</strong></span> <span class='ocrx_word' id='word_1_77' title='bbox 1192 1561 1439 1631; x_wconf 71' lang='lat' dir='ltr'><strong>palaestra</strong></span> <span class='ocrx_word' id='word_1_78' title='bbox 1463 1578 1675 1633; x_wconf 85' lang='lat' dir='ltr'><strong>quoque</strong></span> <span class='ocrx_word' id='word_1_79' title='bbox 1699 1565 1952 1620; x_wconf 85' lang='lat' dir='ltr'><strong>athletam</strong></span> <span class='ocrx_word' id='word_1_80' title='bbox 1977 1583 2105 1636; x_wconf 75' lang='lat' dir='ltr'><strong>pra:-</strong></span> 
     </span>
    </p>
   </div>
   <div class='ocr_carea' id='block_1_16' title="bbox 551 1649 1966 1719">
    <p class='ocr_par' dir='ltr' id='par_1_16' title="bbox 551 1649 1966 1719">
     <span class='ocr_line' id='line_1_16' title="bbox 551 1649 1966 1719; baseline 0.005 -16"><span class='ocrx_word' id='word_1_81' title='bbox 551 1653 716 1711; x_wconf 82' lang='lat' dir='ltr'><strong>stare,</strong></span> <span class='ocrx_word' id='word_1_82' title='bbox 741 1649 832 1719; x_wconf 87' lang='lat' dir='ltr'><strong>qui</strong></span> <span class='ocrx_word' id='word_1_83' title='bbox 875 1651 1218 1708; x_wconf 84' lang='lat' dir='ltr'><strong>adversarios</strong></span> <span class='ocrx_word' id='word_1_84' title='bbox 1243 1656 1668 1712; x_wconf 89' lang='lat' dir='ltr'><strong>contranitentes</strong></span> <span class='ocrx_word' id='word_1_85' title='bbox 1701 1657 1966 1712; x_wconf 86' lang='lat' dir='ltr'><strong>sustinet?</strong></span> 
     </span>
    </p>
   </div>
   <div class='ocr_carea' id='block_1_17' title="bbox 619 1740 1444 1801">
    <p class='ocr_par' dir='ltr' id='par_1_17' title="bbox 619 1740 1444 1801">
     <span class='ocr_line' id='line_1_17' title="bbox 619 1740 1444 1801; baseline 0.007 -7"><span class='ocrx_word' id='word_1_86' title='bbox 619 1740 824 1796; x_wconf 81' lang='lat' dir='ltr'><strong>GREG.</strong></span> <span class='ocrx_word' id='word_1_87' title='bbox 857 1742 1091 1800; x_wconf 87' lang='lat' dir='ltr'><strong>Necesse</strong></span> <span class='ocrx_word' id='word_1_88' title='bbox 1123 1754 1181 1799; x_wconf 94' lang='lat' dir='ltr'><strong>ut</strong></span> <span class='ocrx_word' id='word_1_89' title='bbox 1210 1747 1444 1801; x_wconf 86' lang='lat' dir='ltr'><strong>dicatur.</strong></span> 
     </span>
    </p>
   </div>
   <div class='ocr_carea' id='block_1_18' title="bbox 618 1829 2102 1910">
    <p class='ocr_par' dir='ltr' id='par_1_18' title="bbox 618 1829 2102 1910">
     <span class='ocr_line' id='line_1_18' title="bbox 618 1829 2102 1910; baseline 0.009 -26"><span class='ocrx_word' id='word_1_90' title='bbox 618 1829 865 1887; x_wconf 90' lang='lat' dir='ltr'><strong>EUBUL.</strong></span> <span class='ocrx_word' id='word_1_91' title='bbox 913 1834 1144 1892; x_wconf 84' lang='lat' dir='ltr'><strong>Necesse</strong></span> <span class='ocrx_word' id='word_1_92' title='bbox 1193 1839 1376 1908; x_wconf 79' lang='lat' dir='ltr'><strong>igitur,</strong></span> <span class='ocrx_word' id='word_1_93' title='bbox 1410 1845 1465 1892; x_wconf 84' lang='lat' dir='ltr'><strong>ut</strong></span> <span class='ocrx_word' id='word_1_94' title='bbox 1501 1846 1554 1893; x_wconf 88' lang='lat' dir='ltr'><strong>et</strong></span> <span class='ocrx_word' id='word_1_95' title='bbox 1590 1839 1839 1910; x_wconf 87' lang='lat' dir='ltr'><strong>quisquis</strong></span> <span class='ocrx_word' id='word_1_96' title='bbox 1882 1849 2102 1899; x_wconf 90' lang='lat' dir='ltr'><strong>strenue</strong></span> 
     </span>
    </p>
   </div>
   <div class='ocr_carea' id='block_1_19' title="bbox 547 1924 2102 1999">
    <p class='ocr_par' dir='ltr' id='par_1_19' title="bbox 547 1924 2102 1999">
     <span class='ocr_line' id='line_1_19' title="bbox 547 1924 2102 1999; baseline 0.01 -24"><span class='ocrx_word' id='word_1_97' title='bbox 547 1924 806 1978; x_wconf 86' lang='lat' dir='ltr'><strong>moliatur</strong></span> <span class='ocrx_word' id='word_1_98' title='bbox 842 1925 1102 1983; x_wconf 87' lang='lat' dir='ltr'><strong>adversus</strong></span> <span class='ocrx_word' id='word_1_99' title='bbox 1144 1931 1596 1999; x_wconf 63' lang='lat' dir='ltr'><strong>concupiscentiae</strong></span> <span class='ocrx_word' id='word_1_100' title='bbox 1641 1944 1851 1998; x_wconf 91' lang='lat' dir='ltr'><strong>motus,</strong></span> <span class='ocrx_word' id='word_1_101' title='bbox 1901 1951 2000 1989; x_wconf 82' lang='lat' dir='ltr'><strong>nec</strong></span> <span class='ocrx_word' id='word_1_102' title='bbox 2045 1951 2102 1992; x_wconf 88' lang='lat' dir='ltr'><strong>se</strong></span> 
     </span>
    </p>
   </div>
   <div class='ocr_carea' id='block_1_20' title="bbox 547 2015 2102 2086">
    <p class='ocr_par' dir='ltr' id='par_1_20' title="bbox 547 2015 2102 2086">
     <span class='ocr_line' id='line_1_20' title="bbox 547 2015 2102 2086; baseline 0.009 -20"><span class='ocrx_word' id='word_1_103' title='bbox 547 2015 722 2086; x_wconf 88' lang='lat' dir='ltr'><strong>abripi</strong></span> <span class='ocrx_word' id='word_1_104' title='bbox 755 2017 1012 2085; x_wconf 91' lang='lat' dir='ltr'><strong>patiatur,</strong></span> <span class='ocrx_word' id='word_1_105' title='bbox 1045 2019 1136 2075; x_wconf 89' lang='lat' dir='ltr'><strong>sed</strong></span> <span class='ocrx_word' id='word_1_106' title='bbox 1171 2020 1226 2074; x_wconf 90' lang='lat' dir='ltr'><strong>in</strong></span> <span class='ocrx_word' id='word_1_107' title='bbox 1265 2021 1550 2076; x_wconf 89' lang='lat' dir='ltr'><strong>adversum</strong></span> <span class='ocrx_word' id='word_1_108' title='bbox 1588 2023 1768 2077; x_wconf 84' lang='lat' dir='ltr'><strong>trahat</strong></span> <span class='ocrx_word' id='word_1_109' title='bbox 1797 2039 1859 2078; x_wconf 88' lang='lat' dir='ltr'><strong>ac</strong></span> <span class='ocrx_word' id='word_1_110' title='bbox 1887 2026 2102 2080; x_wconf 87' lang='lat' dir='ltr'><strong>obnita—</strong></span> 
     </span>
    </p>
   </div>
   <div class='ocr_carea' id='block_1_21' title="bbox 547 2109 2101 2185">
    <p class='ocr_par' dir='ltr' id='par_1_21' title="bbox 547 2109 2101 2185">
     <span class='ocr_line' id='line_1_21' title="bbox 547 2109 2101 2185; baseline 0.01 -27"><span class='ocrx_word' id='word_1_111' title='bbox 547 2113 655 2172; x_wconf 88' lang='lat' dir='ltr'><strong>tur,</strong></span> <span class='ocrx_word' id='word_1_112' title='bbox 689 2109 883 2164; x_wconf 83' lang='lat' dir='ltr'><strong>fortior</strong></span> <span class='ocrx_word' id='word_1_113' title='bbox 915 2111 1178 2179; x_wconf 85' lang='lat' dir='ltr'><strong>videatur,</strong></span> <span class='ocrx_word' id='word_1_114' title='bbox 1213 2129 1374 2184; x_wconf 91' lang='lat' dir='ltr'><strong>quam</strong></span> <span class='ocrx_word' id='word_1_115' title='bbox 1405 2114 1498 2185; x_wconf 92' lang='lat' dir='ltr'><strong>qui</strong></span> <span class='ocrx_word' id='word_1_116' title='bbox 1541 2114 1660 2184; x_wconf 88' lang='lat' dir='ltr'><strong>ejus</strong></span> <span class='ocrx_word' id='word_1_117' title='bbox 1688 2116 1890 2170; x_wconf 89' lang='lat' dir='ltr'><strong>nullam</strong></span> <span class='ocrx_word' id='word_1_118' title='bbox 1932 2119 2101 2174; x_wconf 90' lang='lat' dir='ltr'><strong>inter-</strong></span> 
     </span>
    </p>
   </div>
   <div class='ocr_carea' id='block_1_22' title="bbox 544 2197 1141 2266">
    <p class='ocr_par' dir='ltr' id='par_1_22' title="bbox 544 2197 1141 2266">
     <span class='ocr_line' id='line_1_22' title="bbox 544 2197 1141 2266; baseline 0.01 -16"><span class='ocrx_word' id='word_1_119' title='bbox 544 2197 888 2266; x_wconf 89' lang='lat' dir='ltr'><strong>pellationem</strong></span> <span class='ocrx_word' id='word_1_120' title='bbox 925 2203 1141 2256; x_wconf 89' lang='lat' dir='ltr'><strong>sentiat.</strong></span> 
     </span>
    </p>
   </div>
   <div class='ocr_carea' id='block_1_23' title="bbox 615 2285 1175 2347">
    <p class='ocr_par' dir='ltr' id='par_1_23' title="bbox 615 2285 1175 2347">
     <span class='ocr_line' id='line_1_23' title="bbox 615 2285 1175 2347; baseline 0.014 -8"><span class='ocrx_word' id='word_1_121' title='bbox 615 2285 820 2341; x_wconf 84' lang='lat' dir='ltr'>GREG.</span> <span class='ocrx_word' id='word_1_122' title='bbox 852 2287 987 2344; x_wconf 87' lang='lat' dir='ltr'><strong>Vera</strong></span> <span class='ocrx_word' id='word_1_123' title='bbox 1017 2292 1175 2347; x_wconf 92' lang='lat' dir='ltr'><strong>dicis.</strong></span> 
     </span>
    </p>
   </div>
   <div class='ocr_carea' id='block_1_24' title="bbox 614 2373 2098 2460">
    <p class='ocr_par' dir='ltr' id='par_1_24' title="bbox 614 2373 2098 2460">
     <span class='ocr_line' id='line_1_24' title="bbox 614 2373 2098 2460; baseline 0.011 -32"><span class='ocrx_word' id='word_1_124' title='bbox 614 2373 864 2431; x_wconf 76' lang='lat' dir='ltr'><strong>EUBUL.</strong></span> <span class='ocrx_word' id='word_1_125' title='bbox 901 2377 1079 2444; x_wconf 86' lang='lat' dir='ltr'><strong>Quid?</strong></span> <span class='ocrx_word' id='word_1_126' title='bbox 1111 2380 1346 2436; x_wconf 85' lang='lat' dir='ltr'><strong>Fortiter</strong></span> <span class='ocrx_word' id='word_1_127' title='bbox 1373 2399 1432 2440; x_wconf 89' lang='lat' dir='ltr'><strong>se</strong></span> <span class='ocrx_word' id='word_1_128' title='bbox 1462 2385 1658 2442; x_wconf 89' lang='lat' dir='ltr'><strong>habere</strong></span> <span class='ocrx_word' id='word_1_129' title='bbox 1687 2388 1947 2446; x_wconf 90' lang='lat' dir='ltr'><strong>adversus</strong></span> <span class='ocrx_word' id='word_1_130' title='bbox 1975 2406 2098 2460; x_wconf 91' lang='lat' dir='ltr'><strong>pra-</strong></span> 
     </span>
    </p>
   </div>
   <div class='ocr_carea' id='block_1_25' title="bbox 540 2469 2095 2551">
    <p class='ocr_par' dir='ltr' id='par_1_25' title="bbox 540 2469 2095 2551">
     <span class='ocr_line' id='line_1_25' title="bbox 540 2469 2095 2551; baseline 0.01 -31"><span class='ocrx_word' id='word_1_131' title='bbox 540 2482 731 2521; x_wconf 88' lang='lat' dir='ltr'><strong>vorum</strong></span> <span class='ocrx_word' id='word_1_132' title='bbox 776 2469 1066 2524; x_wconf 74' lang='lat' dir='ltr'><strong>affectuum</strong></span> <span class='ocrx_word' id='word_1_133' title='bbox 1108 2487 1171 2526; x_wconf 91' lang='lat' dir='ltr'><strong>ac</strong></span> <span class='ocrx_word' id='word_1_134' title='bbox 1221 2475 1500 2530; x_wconf 82' lang='lat' dir='ltr'><strong>libidinum</strong></span> <span class='ocrx_word' id='word_1_135' title='bbox 1534 2476 1786 2548; x_wconf 89' lang='lat' dir='ltr'><strong>impetus,</strong></span> <span class='ocrx_word' id='word_1_136' title='bbox 1819 2481 1886 2535; x_wconf 89' lang='lat' dir='ltr'><strong>ad</strong></span> <span class='ocrx_word' id='word_1_137' title='bbox 1923 2484 2095 2551; x_wconf 89' lang='lat' dir='ltr'><strong>majo-</strong></span> 
     </span>
    </p>
   </div>
   <div class='ocr_carea' id='block_1_26' title="bbox 541 2558 2097 2644">
    <p class='ocr_par' dir='ltr' id='par_1_26' title="bbox 541 2558 2097 2644">
     <span class='ocr_line' id='line_1_26' title="bbox 541 2558 2097 2644; baseline 0.013 -34"><span class='ocrx_word' id='word_1_138' title='bbox 541 2572 682 2622; x_wconf 89' lang='lat' dir='ltr'><strong>rem,</strong></span> <span class='ocrx_word' id='word_1_139' title='bbox 715 2574 746 2612; x_wconf 92' lang='lat' dir='ltr'><strong>o</strong></span> <span class='ocrx_word' id='word_1_140' title='bbox 780 2558 1099 2631; x_wconf 74' lang='lat' dir='ltr'><strong>Gregorium</strong></span> <span class='ocrx_word' id='word_1_141' title='bbox 1125 2602 1143 2630; x_wconf 85' lang='lat'><strong>,</strong></span> <span class='ocrx_word' id='word_1_142' title='bbox 1187 2563 1522 2624; x_wconf 88' lang='lat' dir='ltr'><strong>fortitudinis</strong></span> <span class='ocrx_word' id='word_1_143' title='bbox 1573 2571 1784 2627; x_wconf 91' lang='lat' dir='ltr'><strong>laudem</strong></span> <span class='ocrx_word' id='word_1_144' title='bbox 1825 2575 2097 2644; x_wconf 88' lang='lat' dir='ltr'><strong>pertinere</strong></span> 
     </span>
    </p>
   </div>
   <div class='ocr_carea' id='block_1_27' title="bbox 541 2649 862 2706">
    <p class='ocr_par' dir='ltr' id='par_1_27' title="bbox 541 2649 862 2706">
     <span class='ocr_line' id='line_1_27' title="bbox 541 2649 862 2706; baseline 0.016 -4"><span class='ocrx_word' id='word_1_145' title='bbox 541 2649 862 2706; x_wconf 79' lang='lat' dir='ltr'><strong>existimas?</strong></span> 
     </span>
    </p>
   </div>
   <div class='ocr_carea' id='block_1_28' title="bbox 614 2737 1344 2806">
    <p class='ocr_par' dir='ltr' id='par_1_28' title="bbox 614 2737 1344 2806">
     <span class='ocr_line' id='line_1_28' title="bbox 614 2737 1344 2806; baseline 0.018 -13"><span class='ocrx_word' id='word_1_146' title='bbox 614 2737 820 2796; x_wconf 75' lang='lat' dir='ltr'><strong>GliEG.</strong></span> <span class='ocrx_word' id='word_1_147' title='bbox 859 2744 1161 2802; x_wconf 87' lang='lat' dir='ltr'><strong>Admodum</strong></span> <span class='ocrx_word' id='word_1_148' title='bbox 1193 2765 1344 2806; x_wconf 90' lang='lat' dir='ltr'><strong>sane.</strong></span> 
     </span>
    </p>
   </div>
   <div class='ocr_carea' id='block_1_29' title="bbox 614 2830 2096 2912">
    <p class='ocr_par' dir='ltr' id='par_1_29' title="bbox 614 2830 2096 2912">
     <span class='ocr_line' id='line_1_29' title="bbox 614 2830 2096 2912; baseline 0.014 -28"><span class='ocrx_word' id='word_1_149' title='bbox 614 2830 862 2890; x_wconf 85' lang='lat' dir='ltr'><strong>EUBUL.</strong></span> <span class='ocrx_word' id='word_1_150' title='bbox 893 2835 1030 2892; x_wconf 91' lang='lat' dir='ltr'><strong>Num</strong></span> <span class='ocrx_word' id='word_1_151' title='bbox 1067 2856 1195 2896; x_wconf 87' lang='lat' dir='ltr'><strong>vero</strong></span> <span class='ocrx_word' id='word_1_152' title='bbox 1238 2841 1522 2912; x_wconf 86' lang='lat' dir='ltr'><strong>fortitudo,</strong></span> <span class='ocrx_word' id='word_1_153' title='bbox 1563 2844 1782 2901; x_wconf 88' lang='lat' dir='ltr'><strong>virtutis</strong></span> <span class='ocrx_word' id='word_1_154' title='bbox 1822 2848 1990 2904; x_wconf 89' lang='lat' dir='ltr'><strong>robur</strong></span> <span class='ocrx_word' id='word_1_155' title='bbox 2031 2864 2096 2905; x_wconf 89' lang='lat' dir='ltr'><strong>ac</strong></span> 
     </span>
    </p>
   </div>
   <div class='ocr_carea' id='block_1_30' title="bbox 542 2924 1400 2978">
    <p class='ocr_par' dir='ltr' id='par_1_30' title="bbox 542 2924 1400 2978">
     <span class='ocr_line' id='line_1_30' title="bbox 542 2924 1400 2978; baseline 0.007 -2"><span class='ocrx_word' id='word_1_156' title='bbox 542 2925 740 2978; x_wconf 89' lang='lat' dir='ltr'><strong>tenor?</strong></span> <span class='ocrx_word' id='word_1_157' title='bbox 1389 2924 1400 2933; x_wconf 73' lang='grc'><em>”</em></span> 
     </span>
    </p>
   </div>
   <div class='ocr_carea' id='block_1_31' title="bbox 612 3015 1023 3077">
    <p class='ocr_par' dir='ltr' id='par_1_31' title="bbox 612 3015 1023 3077">
     <span class='ocr_line' id='line_1_31' title="bbox 612 3015 1023 3077; baseline 0.01 -7"><span class='ocrx_word' id='word_1_158' title='bbox 612 3015 814 3072; x_wconf 72' lang='grc' dir='ltr'><strong>ϐίίΕϐ.</strong></span> <span class='ocrx_word' id='word_1_159' title='bbox 840 3017 1023 3077; x_wconf 88' lang='lat' dir='ltr'><strong>Plane.</strong></span> 
     </span>
    </p>
   </div>
   <div class='ocr_carea' id='block_1_32' title="bbox 1428 243 2940 309">
    <p class='ocr_par' dir='ltr' id='par_1_32' title="bbox 1428 243 2940 309">
     <span class='ocr_line' id='line_1_32' title="bbox 1428 243 2940 309; baseline -0.008 -1"><span class='ocrx_word' id='word_1_160' title='bbox 1428 251 1488 308; x_wconf 87' lang='lat' dir='ltr'><strong>S.</strong></span> <span class='ocrx_word' id='word_1_161' title='bbox 1529 249 1858 309; x_wconf 71' lang='lat' dir='ltr'><strong>METIIODEI</strong></span> <span class='ocrx_word' id='word_1_162' title='bbox 1896 248 2279 307; x_wconf 81' lang='lat' dir='ltr'><strong>CONVIVIUM</strong></span> <span class='ocrx_word' id='word_1_163' title='bbox 2317 246 2542 302; x_wconf 72' lang='lat' dir='ltr'><strong>DECEM</strong></span> <span class='ocrx_word' id='word_1_164' title='bbox 2584 243 2940 300; x_wconf 77' lang='lat' dir='ltr'><strong>VIRGINUM.</strong></span> 
     </span>
    </p>
   </div>
   <div class='ocr_carea' id='block_1_33' title="bbox 2146 350 2648 430">
    <p class='ocr_par' dir='ltr' id='par_1_33' title="bbox 2146 350 2648 430">
     <span class='ocr_line' id='line_1_33' title="bbox 2146 350 2648 430; baseline -0.006 -13"><span class='ocrx_word' id='word_1_165' title='bbox 2146 379 2187 430; x_wconf 67' lang='grc' dir='ltr'><strong>Α</strong></span> <span class='ocrx_word' id='word_1_166' title='bbox 2289 365 2482 416; x_wconf 78' lang='lat' dir='ltr'><strong>rrHr.</strong></span> <span class='ocrx_word' id='word_1_167' title='bbox 2517 350 2648 415; x_wconf 64' lang='lat' dir='ltr'><strong>Nat.</strong></span> 
     </span>
    </p>
   </div>
   <div class='ocr_carea' id='block_1_34' title="bbox 3664 248 3762 305">
    <p class='ocr_par' dir='ltr' id='par_1_34' title="bbox 3664 248 3762 305">
     <span class='ocr_line' id='line_1_34' title="bbox 3664 248 3762 305; baseline 0 -1"><span class='ocrx_word' id='word_1_168' title='bbox 3664 248 3762 305; x_wconf 69' lang='grc' dir='ltr'><strong>εει</strong></span> 
     </span>
    </p>
   </div>
   <div class='ocr_carea' id='block_1_35' title="bbox 2288 452 3761 526">
    <p class='ocr_par' dir='ltr' id='par_1_35' title="bbox 2288 452 3761 526">
     <span class='ocr_line' id='line_1_35' title="bbox 2288 452 3761 526; baseline -0.002 -17"><span class='ocrx_word' id='word_1_169' title='bbox 2288 456 2577 509; x_wconf 76' lang='grc' dir='ltr'><strong>ΕΥΒΟΥΛ.</strong></span> <span class='ocrx_word' id='word_1_170' title='bbox 2617 454 2819 508; x_wconf 76' lang='grc' dir='ltr'>Οὐκοῦν</span> <span class='ocrx_word' id='word_1_171' title='bbox 2837 457 2929 508; x_wconf 70' lang='grc' dir='ltr'><strong>καὶ</strong></span> <span class='ocrx_word' id='word_1_172' title='bbox 2955 452 3126 524; x_wconf 75' lang='grc' dir='ltr'>ψυχὴν</span> <span class='ocrx_word' id='word_1_173' title='bbox 3155 454 3249 524; x_wconf 81' lang='grc' dir='ltr'><strong>τὴν</strong></span> <span class='ocrx_word' id='word_1_174' title='bbox 3270 452 3593 524; x_wconf 82' lang='grc' dir='ltr'>ἀνεχομένην</span> <span class='ocrx_word' id='word_1_175' title='bbox 3611 455 3761 526; x_wconf 82' lang='grc' dir='ltr'>ὑγρο-</span> 
     </span>
    </p>
   </div>
   <div class='ocr_carea' id='block_1_36' title="bbox 2213 545 3764 620">
    <p class='ocr_par' dir='ltr' id='par_1_36' title="bbox 2213 545 3764 620">
     <span class='ocr_line' id='line_1_36' title="bbox 2213 545 3764 620; baseline -0.001 -18"><span class='ocrx_word' id='word_1_176' title='bbox 2213 549 2369 620; x_wconf 79' lang='grc' dir='ltr'>τέρου</span> <span class='ocrx_word' id='word_1_177' title='bbox 2402 548 2667 619; x_wconf 82' lang='grc' dir='ltr'>σώματος,</span> <span class='ocrx_word' id='word_1_178' title='bbox 2699 550 2792 601; x_wconf 80' lang='grc' dir='ltr'>καὶ</span> <span class='ocrx_word' id='word_1_179' title='bbox 2837 548 2935 611; x_wconf 79' lang='grc' dir='ltr'><strong>τὰς</strong></span> <span class='ocrx_word' id='word_1_180' title='bbox 2984 547 3109 619; x_wconf 73' lang='grc' dir='ltr'>περὶ</span> <span class='ocrx_word' id='word_1_181' title='bbox 3156 547 3348 618; x_wconf 81' lang='grc' dir='ltr'>ἡδονὰς</span> <span class='ocrx_word' id='word_1_182' title='bbox 3397 545 3557 599; x_wconf 76' lang='grc' dir='ltr'>αὑτοῦ</span> <span class='ocrx_word' id='word_1_183' title='bbox 3589 549 3764 612; x_wconf 77' lang='grc' dir='ltr'>νόσους</span> 
     </span>
    </p>
   </div>
   <div class='ocr_carea' id='block_1_37' title="bbox 2214 639 3761 714">
    <p class='ocr_par' dir='ltr' id='par_1_37' title="bbox 2214 639 3761 714">
     <span class='ocr_line' id='line_1_37' title="bbox 2214 639 3761 714; baseline -0.001 -20"><span class='ocrx_word' id='word_1_184' title='bbox 2214 644 2697 714; x_wconf 80' lang='grc' dir='ltr'>καταπραΰνουσαν</span> <span class='ocrx_word' id='word_1_185' title='bbox 2723 639 3069 711; x_wconf 78' lang='grc' dir='ltr'><strong>σωφροσύνης</strong></span> <span class='ocrx_word' id='word_1_186' title='bbox 3099 639 3424 709; x_wconf 81' lang='grc' dir='ltr'>φαρμάκοις,</span> <span class='ocrx_word' id='word_1_187' title='bbox 3463 639 3761 710; x_wconf 83' lang='grc' dir='ltr'>ίατρικωτέ·</span> 
     </span>
    </p>
   </div>
   <div class='ocr_carea' id='block_1_38' title="bbox 2216 730 3742 804">
    <p class='ocr_par' dir='ltr' id='par_1_38' title="bbox 2216 730 3742 804">
     <span class='ocr_line' id='line_1_38' title="bbox 2216 730 3742 804; baseline -0.003 -18"><span class='ocrx_word' id='word_1_188' title='bbox 2216 750 2312 804; x_wconf 88' lang='grc' dir='ltr'><strong>ραν</strong></span> <span class='ocrx_word' id='word_1_189' title='bbox 2342 734 2555 786; x_wconf 83' lang='grc' dir='ltr'><strong>λεκτέον</strong></span> <span class='ocrx_word' id='word_1_190' title='bbox 2583 733 2681 804; x_wconf 85' lang='grc' dir='ltr'><strong>τῆς</strong></span> <span class='ocrx_word' id='word_1_191' title='bbox 2707 732 2935 802; x_wconf 74' lang='grc' dir='ltr'>ὑγιεινὸν</span> <span class='ocrx_word' id='word_1_192' title='bbox 2966 731 3180 784; x_wconf 79' lang='grc' dir='ltr'><strong>διοικεῖν</strong></span> <span class='ocrx_word' id='word_1_193' title='bbox 3211 730 3627 804; x_wconf 83' lang='grc' dir='ltr'>κεκληρωμένης</span> <span class='ocrx_word' id='word_1_194' title='bbox 3665 731 3742 785; x_wconf 63' lang='lat' dir='ltr'><strong>at?)</strong></span> 
     </span>
    </p>
   </div>
   <div class='ocr_carea' id='block_1_39' title="bbox 2215 825 2689 895">
    <p class='ocr_par' dir='ltr' id='par_1_39' title="bbox 2215 825 2689 895">
     <span class='ocr_line' id='line_1_39' title="bbox 2215 825 2689 895; baseline 0.004 -18"><span class='ocrx_word' id='word_1_195' title='bbox 2215 843 2289 895; x_wconf 87' lang='grc' dir='ltr'><strong>μα</strong></span> <span class='ocrx_word' id='word_1_196' title='bbox 2319 826 2411 878; x_wconf 82' lang='grc' dir='ltr'><strong>καὶ</strong></span> <span class='ocrx_word' id='word_1_197' title='bbox 2440 825 2646 889; x_wconf 81' lang='grc' dir='ltr'>ἀπαθές</span> <span class='ocrx_word' id='word_1_198' title='bbox 2674 838 2689 887; x_wconf 86' lang='lat'><strong>;</strong></span> 
     </span>
    </p>
   </div>
   <div class='ocr_carea' id='block_1_40' title="bbox 2282 1005 2902 1076">
    <p class='ocr_par' dir='ltr' id='par_1_40' title="bbox 2282 1005 2902 1076">
     <span class='ocr_line' id='line_1_40' title="bbox 2282 1005 2902 1076; baseline 0.003 -18"><span class='ocrx_word' id='word_1_199' title='bbox 2282 1006 2477 1059; x_wconf 80' lang='grc' dir='ltr'><strong>ΓΡΙΙΓ.</strong></span> <span class='ocrx_word' id='word_1_200' title='bbox 2518 1005 2747 1058; x_wconf 84' lang='grc' dir='ltr'>Λεκτέον</span> <span class='ocrx_word' id='word_1_201' title='bbox 2778 1005 2902 1076; x_wconf 85' lang='grc' dir='ltr'>γάρ.</span> 
     </span>
    </p>
   </div>
   <div class='ocr_carea' id='block_1_41' title="bbox 2278 1091 3766 1166">
    <p class='ocr_par' dir='ltr' id='par_1_41' title="bbox 2278 1091 3766 1166">
     <span class='ocr_line' id='line_1_41' title="bbox 2278 1091 3766 1166; baseline -0.005 -16"><span class='ocrx_word' id='word_1_202' title='bbox 2278 1096 2564 1150; x_wconf 78' lang='grc' dir='ltr'><strong>ΕΥΒΟΥΔ.</strong></span> <span class='ocrx_word' id='word_1_203' title='bbox 2609 1097 2672 1149; x_wconf 90' lang='grc' dir='ltr'>Τί</span> <span class='ocrx_word' id='word_1_204' title='bbox 2701 1096 2787 1150; x_wconf 81' lang='grc' dir='ltr'><strong>δαὶ</strong></span> <span class='ocrx_word' id='word_1_205' title='bbox 2813 1097 2902 1149; x_wconf 74' lang='grc' dir='ltr'><strong>καὶ</strong></span> <span class='ocrx_word' id='word_1_206' title='bbox 2928 1098 2984 1149; x_wconf 83' lang='grc' dir='ltr'><strong>ἐν</strong></span> <span class='ocrx_word' id='word_1_207' title='bbox 3014 1094 3158 1166; x_wconf 73' lang='grc' dir='ltr'>πάλη</span> <span class='ocrx_word' id='word_1_208' title='bbox 3179 1112 3192 1160; x_wconf 89' lang='grc'>;</span> <span class='ocrx_word' id='word_1_209' title='bbox 3215 1093 3444 1162; x_wconf 84' lang='grc' dir='ltr'>Πότερον</span> <span class='ocrx_word' id='word_1_210' title='bbox 3469 1091 3766 1164; x_wconf 72' lang='grc' dir='ltr'>παλαιστὴς</span> 
     </span>
    </p>
   </div>
   <div class='ocr_carea' id='block_1_42' title="bbox 2207 1185 3768 1259">
    <p class='ocr_par' dir='ltr' id='par_1_42' title="bbox 2207 1185 3768 1259">
     <span class='ocr_line' id='line_1_42' title="bbox 2207 1185 3768 1259; baseline -0.003 -17"><span class='ocrx_word' id='word_1_211' title='bbox 2207 1190 2464 1259; x_wconf 87' lang='grc' dir='ltr'>ἀμείνων,</span> <span class='ocrx_word' id='word_1_212' title='bbox 2497 1193 2524 1242; x_wconf 86' lang='grc' dir='ltr'>ὁ</span> <span class='ocrx_word' id='word_1_213' title='bbox 2557 1189 2952 1256; x_wconf 74' lang='grc' dir='ltr'>ἀνταγωνιστὰς</span> <span class='ocrx_word' id='word_1_214' title='bbox 3001 1188 3136 1258; x_wconf 78' lang='grc' dir='ltr'>ἔχων</span> <span class='ocrx_word' id='word_1_215' title='bbox 3185 1185 3452 1256; x_wconf 81' lang='grc' dir='ltr'><strong>μεγάλους</strong></span> <span class='ocrx_word' id='word_1_216' title='bbox 3490 1185 3581 1238; x_wconf 74' lang='grc' dir='ltr'><strong>καὶ</strong></span> <span class='ocrx_word' id='word_1_217' title='bbox 3616 1189 3768 1256; x_wconf 80' lang='grc' dir='ltr'>ίσχυο</span> 
     </span>
    </p>
   </div>
   <div class='ocr_carea' id='block_1_43' title="bbox 2210 1277 3769 1352">
    <p class='ocr_par' dir='ltr' id='par_1_43' title="bbox 2210 1277 3769 1352">
     <span class='ocr_line' id='line_1_43' title="bbox 2210 1277 3769 1352; baseline -0.002 -20"><span class='ocrx_word' id='word_1_218' title='bbox 2210 1281 2354 1352; x_wconf 66' lang='grc' dir='ltr'>ρους,</span> <span class='ocrx_word' id='word_1_219' title='bbox 2386 1282 2478 1334; x_wconf 68' lang='grc' dir='ltr'><strong>καὶ</strong></span> <span class='ocrx_word' id='word_1_220' title='bbox 2504 1279 2883 1352; x_wconf 82' lang='grc' dir='ltr'><strong>προσπαλαίων</strong></span> <span class='ocrx_word' id='word_1_221' title='bbox 2910 1281 2995 1332; x_wconf 79' lang='grc' dir='ltr'>ἀεὶ</span> <span class='ocrx_word' id='word_1_222' title='bbox 3023 1279 3113 1332; x_wconf 75' lang='grc' dir='ltr'><strong>καὶ</strong></span> <span class='ocrx_word' id='word_1_223' title='bbox 3140 1279 3212 1350; x_wconf 84' lang='grc' dir='ltr'>μὴ</span> <span class='ocrx_word' id='word_1_224' title='bbox 3243 1277 3666 1350; x_wconf 84' lang='grc' dir='ltr'>καθαιρούμενος</span> <span class='ocrx_word' id='word_1_225' title='bbox 3683 1295 3700 1308; x_wconf 76' lang='grc' dir='ltr'><strong>ο</strong></span> <span class='ocrx_word' id='word_1_226' title='bbox 3735 1279 3769 1349; x_wconf 79' lang='grc' dir='ltr'>ἦ</span> 
     </span>
    </p>
   </div>
   <div class='ocr_carea' id='block_1_44' title="bbox 2269 1372 2974 1442">
    <p class='ocr_par' dir='ltr' id='par_1_44' title="bbox 2269 1372 2974 1442">
     <span class='ocr_line' id='line_1_44' title="bbox 2269 1372 2974 1442; baseline 0.009 -22"><span class='ocrx_word' id='word_1_227' title='bbox 2269 1373 2340 1442; x_wconf 84' lang='grc' dir='ltr'>μὴ</span> <span class='ocrx_word' id='word_1_228' title='bbox 2375 1372 2511 1442; x_wconf 79' lang='grc' dir='ltr'>έχων</span> <span class='ocrx_word' id='word_1_229' title='bbox 2536 1372 2935 1439; x_wconf 80' lang='grc' dir='ltr'>ἀνταγωνιστάς</span> <span class='ocrx_word' id='word_1_230' title='bbox 2960 1389 2974 1437; x_wconf 87' lang='lat'><strong>;</strong></span> 
     </span>
    </p>
   </div>
   <div class='ocr_carea' id='block_1_45' title="bbox 2274 1460 3014 1530">
    <p class='ocr_par' dir='ltr' id='par_1_45' title="bbox 2274 1460 3014 1530">
     <span class='ocr_line' id='line_1_45' title="bbox 2274 1460 3014 1530; baseline 0 -19"><span class='ocrx_word' id='word_1_231' title='bbox 2274 1460 2468 1514; x_wconf 84' lang='grc' dir='ltr'><strong>ΓΡΗΓ.</strong></span> <span class='ocrx_word' id='word_1_232' title='bbox 2511 1460 2672 1530; x_wconf 85' lang='grc' dir='ltr'>Δῆλον</span> <span class='ocrx_word' id='word_1_233' title='bbox 2704 1460 2779 1523; x_wconf 84' lang='grc' dir='ltr'><strong>ὡς</strong></span> <span class='ocrx_word' id='word_1_234' title='bbox 2804 1463 2831 1512; x_wconf 84' lang='grc' dir='ltr'>ὁ</span> <span class='ocrx_word' id='word_1_235' title='bbox 2861 1460 3014 1530; x_wconf 80' lang='grc' dir='ltr'>ἔχων.</span> 
     </span>
    </p>
   </div>
   <div class='ocr_carea' id='block_1_46' title="bbox 2275 1547 3770 1625">
    <p class='ocr_par' dir='ltr' id='par_1_46' title="bbox 2275 1547 3770 1625">
     <span class='ocr_line' id='line_1_46' title="bbox 2275 1547 3770 1625; baseline 0.002 -23"><span class='ocrx_word' id='word_1_236' title='bbox 2275 1550 2564 1603; x_wconf 79' lang='grc' dir='ltr'><strong>ΕΥΒΟΥΛ,</strong></span> <span class='ocrx_word' id='word_1_237' title='bbox 2610 1551 2717 1603; x_wconf 72' lang='grc' dir='ltr'><strong>Καὶ</strong></span> <span class='ocrx_word' id='word_1_238' title='bbox 2744 1553 2800 1604; x_wconf 90' lang='grc' dir='ltr'><strong>ἐν</strong></span> <span class='ocrx_word' id='word_1_239' title='bbox 2829 1551 2970 1621; x_wconf 76' lang='grc' dir='ltr'>πάλη</span> <span class='ocrx_word' id='word_1_240' title='bbox 2995 1550 3103 1625; x_wconf 82' lang='grc' dir='ltr'>ἄρα</span> <span class='ocrx_word' id='word_1_241' title='bbox 3145 1547 3502 1621; x_wconf 83' lang='grc' dir='ltr'>δοκιμώτερος</span> <span class='ocrx_word' id='word_1_242' title='bbox 3527 1549 3770 1622; x_wconf 75' lang='grc' dir='ltr'>ἀθλητὴς</span> 
     </span>
    </p>
   </div>
   <div class='ocr_carea' id='block_1_47' title="bbox 2203 1641 3000 1711">
    <p class='ocr_par' dir='ltr' id='par_1_47' title="bbox 2203 1641 3000 1711">
     <span class='ocr_line' id='line_1_47' title="bbox 2203 1641 3000 1711; baseline -0.001 -16"><span class='ocrx_word' id='word_1_243' title='bbox 2203 1644 2231 1695; x_wconf 85' lang='grc' dir='ltr'>ὁ</span> <span class='ocrx_word' id='word_1_244' title='bbox 2258 1642 2384 1704; x_wconf 82' lang='grc' dir='ltr'>τοὺς</span> <span class='ocrx_word' id='word_1_245' title='bbox 2411 1641 2809 1709; x_wconf 78' lang='grc' dir='ltr'>ἀνταγωνιστὰς</span> <span class='ocrx_word' id='word_1_246' title='bbox 2834 1641 3000 1711; x_wconf 77' lang='grc' dir='ltr'>ἐχων;</span> 
     </span>
    </p>
   </div>
   <div class='ocr_carea' id='block_1_48' title="bbox 2037 1731 2779 1804">
    <p class='ocr_par' dir='ltr' id='par_1_48' title="bbox 2037 1731 2779 1804">
     <span class='ocr_line' id='line_1_48' title="bbox 2037 1731 2779 1804; baseline 0.001 -22"><span class='ocrx_word' id='word_1_247' title='bbox 2037 1779 2061 1804; x_wconf 51' lang='grc' dir='ltr'>δ</span> <span class='ocrx_word' id='word_1_248' title='bbox 2135 1737 2178 1792; x_wconf 85' lang='grc' dir='ltr'><strong>Β</strong></span> <span class='ocrx_word' id='word_1_249' title='bbox 2275 1731 2468 1784; x_wconf 79' lang='grc' dir='ltr'><strong>ΓΡΗΓ.</strong></span> <span class='ocrx_word' id='word_1_250' title='bbox 2525 1732 2779 1799; x_wconf 82' lang='grc' dir='ltr'><strong>Ἀνάγκη.</strong></span> 
     </span>
    </p>
   </div>
   <div class='ocr_carea' id='block_1_49' title="bbox 2271 1817 3768 1890">
    <p class='ocr_par' dir='ltr' id='par_1_49' title="bbox 2271 1817 3768 1890">
     <span class='ocr_line' id='line_1_49' title="bbox 2271 1817 3768 1890; baseline -0.004 -15"><span class='ocrx_word' id='word_1_251' title='bbox 2271 1822 2561 1876; x_wconf 79' lang='grc' dir='ltr'><strong>ΕΥΒΟΥΛ.</strong></span> <span class='ocrx_word' id='word_1_252' title='bbox 2601 1820 2806 1875; x_wconf 78' lang='grc' dir='ltr'>Οὐκοῦν</span> <span class='ocrx_word' id='word_1_253' title='bbox 2856 1822 2949 1874; x_wconf 78' lang='grc' dir='ltr'><strong>καὶ</strong></span> <span class='ocrx_word' id='word_1_254' title='bbox 2999 1818 3172 1890; x_wconf 78' lang='grc' dir='ltr'>ψυχὴν</span> <span class='ocrx_word' id='word_1_255' title='bbox 3206 1817 3414 1888; x_wconf 80' lang='grc' dir='ltr'><strong>ἀνάγκη</strong></span> <span class='ocrx_word' id='word_1_256' title='bbox 3462 1819 3611 1870; x_wconf 82' lang='grc' dir='ltr'>πᾶσα</span> <span class='ocrx_word' id='word_1_257' title='bbox 3660 1817 3768 1888; x_wconf 74' lang='grc' dir='ltr'><strong>τὴν</strong></span> 
     </span>
    </p>
   </div>
   <div class='ocr_carea' id='block_1_50' title="bbox 2205 1907 3767 1982">
    <p class='ocr_par' dir='ltr' id='par_1_50' title="bbox 2205 1907 3767 1982">
     <span class='ocr_line' id='line_1_50' title="bbox 2205 1907 3767 1982; baseline -0.003 -18"><span class='ocrx_word' id='word_1_258' title='bbox 2205 1913 2596 1982; x_wconf 75' lang='grc' dir='ltr'><strong>μηχανωμένην</strong></span> <span class='ocrx_word' id='word_1_259' title='bbox 2641 1911 2778 1982; x_wconf 80' lang='grc' dir='ltr'>πρὸς</span> <span class='ocrx_word' id='word_1_260' title='bbox 2819 1911 2915 1974; x_wconf 80' lang='grc' dir='ltr'>τὰς</span> <span class='ocrx_word' id='word_1_261' title='bbox 2949 1911 3169 1980; x_wconf 84' lang='grc' dir='ltr'>ἐφόδους</span> <span class='ocrx_word' id='word_1_262' title='bbox 3205 1910 3302 1980; x_wconf 77' lang='grc' dir='ltr'><strong>τῆς</strong></span> <span class='ocrx_word' id='word_1_263' title='bbox 3342 1908 3651 1978; x_wconf 81' lang='grc' dir='ltr'>ἐπιθυμίας,</span> <span class='ocrx_word' id='word_1_264' title='bbox 3684 1907 3767 1979; x_wconf 74' lang='grc' dir='ltr'>μὴ</span> 
     </span>
    </p>
   </div>
   <div class='ocr_carea' id='block_1_51' title="bbox 2201 2000 3767 2073">
    <p class='ocr_par' dir='ltr' id='par_1_51' title="bbox 2201 2000 3767 2073">
     <span class='ocr_line' id='line_1_51' title="bbox 2201 2000 3767 2073; baseline -0.001 -19"><span class='ocrx_word' id='word_1_265' title='bbox 2201 2003 2654 2073; x_wconf 83' lang='grc' dir='ltr'>κατασπωμένην,</span> <span class='ocrx_word' id='word_1_266' title='bbox 2694 2003 2804 2055; x_wconf 80' lang='grc' dir='ltr'>ἀλλ’</span> <span class='ocrx_word' id='word_1_267' title='bbox 2833 2003 3190 2056; x_wconf 82' lang='grc' dir='ltr'>ἀνθέλκουσαν</span> <span class='ocrx_word' id='word_1_268' title='bbox 3240 2003 3332 2055; x_wconf 75' lang='grc' dir='ltr'>καὶ</span> <span class='ocrx_word' id='word_1_269' title='bbox 3378 2000 3767 2072; x_wconf 77' lang='grc' dir='ltr'><strong>ἀντιτασσομὲ⁴</strong></span> 
     </span>
    </p>
   </div>
   <div class='ocr_carea' id='block_1_52' title="bbox 2200 2094 3648 2167">
    <p class='ocr_par' dir='ltr' id='par_1_52' title="bbox 2200 2094 3648 2167">
     <span class='ocr_line' id='line_1_52' title="bbox 2200 2094 3648 2167; baseline -0.001 -19"><span class='ocrx_word' id='word_1_270' title='bbox 2200 2111 2317 2167; x_wconf 82' lang='grc' dir='ltr'>νην,</span> <span class='ocrx_word' id='word_1_271' title='bbox 2358 2096 2704 2166; x_wconf 75' lang='grc' dir='ltr'>ἰσχυροτέραν</span> <span class='ocrx_word' id='word_1_272' title='bbox 2734 2095 3012 2165; x_wconf 82' lang='grc' dir='ltr'>φαίνεσθαι</span> <span class='ocrx_word' id='word_1_273' title='bbox 3040 2097 3138 2166; x_wconf 78' lang='grc' dir='ltr'><strong>τῆς</strong></span> <span class='ocrx_word' id='word_1_274' title='bbox 3165 2095 3238 2166; x_wconf 84' lang='grc' dir='ltr'>μὴ</span> <span class='ocrx_word' id='word_1_275' title='bbox 3261 2094 3648 2165; x_wconf 74' lang='grc' dir='ltr'>ἐπιθυμούσης,</span> 
     </span>
    </p>
   </div>
   <div class='ocr_carea' id='block_1_53' title="bbox 2269 2275 2734 2346">
    <p class='ocr_par' dir='ltr' id='par_1_53' title="bbox 2269 2275 2734 2346">
     <span class='ocr_line' id='line_1_53' title="bbox 2269 2275 2734 2346; baseline 0.002 -18"><span class='ocrx_word' id='word_1_276' title='bbox 2269 2275 2464 2330; x_wconf 74' lang='lat' dir='ltr'><strong>rpnr.</strong></span> <span class='ocrx_word' id='word_1_277' title='bbox 2516 2275 2734 2346; x_wconf 80' lang='grc' dir='ltr'>Ἀληθῆ.</span> 
     </span>
    </p>
   </div>
   <div class='ocr_carea' id='block_1_54' title="bbox 2267 2366 3763 2439">
    <p class='ocr_par' dir='ltr' id='par_1_54' title="bbox 2267 2366 3763 2439">
     <span class='ocr_line' id='line_1_54' title="bbox 2267 2366 3763 2439; baseline -0.002 -18"><span class='ocrx_word' id='word_1_278' title='bbox 2267 2368 2557 2422; x_wconf 83' lang='grc' dir='ltr'><strong>ΕΥΒΟΥΛ.</strong></span> <span class='ocrx_word' id='word_1_279' title='bbox 2598 2368 2660 2420; x_wconf 87' lang='grc' dir='ltr'>Τί</span> <span class='ocrx_word' id='word_1_280' title='bbox 2687 2367 2773 2421; x_wconf 86' lang='grc' dir='ltr'><strong>δαί</strong></span> <span class='ocrx_word' id='word_1_281' title='bbox 2795 2385 2807 2432; x_wconf 90' lang='grc'><strong>;</strong></span> <span class='ocrx_word' id='word_1_282' title='bbox 2839 2369 2898 2420; x_wconf 84' lang='grc' dir='ltr'><strong>τὸ</strong></span> <span class='ocrx_word' id='word_1_283' title='bbox 2920 2366 3200 2439; x_wconf 82' lang='grc' dir='ltr'>καρτερῶς</span> <span class='ocrx_word' id='word_1_284' title='bbox 3224 2367 3364 2436; x_wconf 73' lang='grc' dir='ltr'>ἔχειν</span> <span class='ocrx_word' id='word_1_285' title='bbox 3393 2366 3526 2439; x_wconf 80' lang='grc' dir='ltr'>πρὸς</span> <span class='ocrx_word' id='word_1_286' title='bbox 3551 2366 3647 2434; x_wconf 78' lang='grc' dir='ltr'><strong>τὰς</strong></span> <span class='ocrx_word' id='word_1_287' title='bbox 3667 2368 3763 2438; x_wconf 84' lang='grc' dir='ltr'><strong>ὁρ-</strong></span> 
     </span>
    </p>
   </div>
   <div class='ocr_carea' id='block_1_55' title="bbox 2201 2454 3765 2529">
    <p class='ocr_par' dir='ltr' id='par_1_55' title="bbox 2201 2454 3765 2529">
     <span class='ocr_line' id='line_1_55' title="bbox 2201 2454 3765 2529; baseline 0.003 -23"><span class='ocrx_word' id='word_1_288' title='bbox 2201 2454 2326 2525; x_wconf 75' lang='grc' dir='ltr'>μὰς,</span> <span class='ocrx_word' id='word_1_289' title='bbox 2360 2455 2673 2528; x_wconf 88' lang='grc' dir='ltr'>Γρηγόριον,</span> <span class='ocrx_word' id='word_1_290' title='bbox 2707 2457 2812 2510; x_wconf 85' lang='grc' dir='ltr'>τῶν</span> <span class='ocrx_word' id='word_1_291' title='bbox 2848 2457 3060 2526; x_wconf 78' lang='grc' dir='ltr'>φαύλων</span> <span class='ocrx_word' id='word_1_292' title='bbox 3093 2456 3338 2529; x_wconf 81' lang='grc' dir='ltr'>ὀρέξεων,</span> <span class='ocrx_word' id='word_1_293' title='bbox 3361 2455 3502 2510; x_wconf 84' lang='grc' dir='ltr'>δοκεῖ</span> <span class='ocrx_word' id='word_1_294' title='bbox 3523 2473 3603 2509; x_wconf 86' lang='grc' dir='ltr'><strong>σοι</strong></span> <span class='ocrx_word' id='word_1_295' title='bbox 3629 2457 3765 2526; x_wconf 75' lang='grc' dir='ltr'>μᾶλο</span> 
     </span>
    </p>
   </div>
   <div class='ocr_carea' id='block_1_56' title="bbox 2196 2543 2745 2617">
    <p class='ocr_par' dir='ltr' id='par_1_56' title="bbox 2196 2543 2745 2617">
     <span class='ocr_line' id='line_1_56' title="bbox 2196 2543 2745 2617; baseline 0.005 -20"><span class='ocrx_word' id='word_1_296' title='bbox 2196 2545 2284 2599; x_wconf 92' lang='grc' dir='ltr'><strong>λον</strong></span> <span class='ocrx_word' id='word_1_297' title='bbox 2305 2545 2553 2617; x_wconf 74' lang='grc' dir='ltr'>ἀνδρείας</span> <span class='ocrx_word' id='word_1_298' title='bbox 2575 2543 2710 2600; x_wconf 77' lang='grc' dir='ltr'>εἶναι</span> <span class='ocrx_word' id='word_1_299' title='bbox 2731 2565 2745 2610; x_wconf 89' lang='grc'>;</span> 
     </span>
    </p>
   </div>
   <div class='ocr_carea' id='block_1_57' title="bbox 2263 2725 2853 2798">
    <p class='ocr_par' dir='ltr' id='par_1_57' title="bbox 2263 2725 2853 2798">
     <span class='ocr_line' id='line_1_57' title="bbox 2263 2725 2853 2798; baseline -0.002 -19"><span class='ocrx_word' id='word_1_300' title='bbox 2263 2725 2457 2779; x_wconf 84' lang='grc' dir='ltr'><strong>ΓΡΗΓ.</strong></span> <span class='ocrx_word' id='word_1_301' title='bbox 2499 2727 2608 2779; x_wconf 78' lang='grc' dir='ltr'><strong>Καὶ</strong></span> <span class='ocrx_word' id='word_1_302' title='bbox 2642 2726 2853 2798; x_wconf 79' lang='grc' dir='ltr'>σφόδρα.</span> 
     </span>
    </p>
   </div>
   <div class='ocr_carea' id='block_1_58' title="bbox 2264 2813 3694 2894">
    <p class='ocr_par' dir='ltr' id='par_1_58' title="bbox 2264 2813 3694 2894">
     <span class='ocr_line' id='line_1_58' title="bbox 2264 2813 3694 2894; baseline 0.005 -29"><span class='ocrx_word' id='word_1_303' title='bbox 2264 2813 2557 2868; x_wconf 86' lang='grc' dir='ltr'><strong>ΕΥΒΟΥΛ.</strong></span> <span class='ocrx_word' id='word_1_304' title='bbox 2607 2814 2670 2866; x_wconf 85' lang='grc' dir='ltr'><em>Ἡ</em></span> <span class='ocrx_word' id='word_1_305' title='bbox 2699 2813 2755 2867; x_wconf 89' lang='grc' dir='ltr'><strong>δέ</strong></span> <span class='ocrx_word' id='word_1_306' title='bbox 2783 2813 3002 2886; x_wconf 83' lang='grc' dir='ltr'>ἀνδρεία</span> <span class='ocrx_word' id='word_1_307' title='bbox 3032 2813 3168 2886; x_wconf 72' lang='grc' dir='ltr'>αῦτη</span> <span class='ocrx_word' id='word_1_308' title='bbox 3200 2815 3426 2886; x_wconf 79' lang='grc' dir='ltr'>δύναμις</span> <span class='ocrx_word' id='word_1_309' title='bbox 3457 2815 3694 2894; x_wconf 46' lang='lat' dir='ltr'><strong>aperite;</strong></span> 
     </span>
    </p>
   </div>
   <div class='ocr_carea' id='block_1_59' title="bbox 2265 2997 2684 3068">
    <p class='ocr_par' dir='ltr' id='par_1_59' title="bbox 2265 2997 2684 3068">
     <span class='ocr_line' id='line_1_59' title="bbox 2265 2997 2684 3068; baseline 0 -16"><span class='ocrx_word' id='word_1_310' title='bbox 2265 2999 2459 3052; x_wconf 83' lang='lat' dir='ltr'><strong>rPHr.</strong></span> <span class='ocrx_word' id='word_1_311' title='bbox 2501 2997 2684 3068; x_wconf 82' lang='grc' dir='ltr'>Δῆλον.</span> 
     </span>
    </p>
   </div>
   <div class='ocr_carea' id='block_1_60' title="bbox 610 3088 2123 3192">
    <p class='ocr_par' dir='ltr' id='par_1_60' title="bbox 610 3107 2123 3192">
     <span class='ocr_line' id='line_1_60' title="bbox 610 3107 2123 3192; baseline 0.014 -32"><span class='ocrx_word' id='word_1_312' title='bbox 610 3107 857 3168; x_wconf 85' lang='lat' dir='ltr'><strong>EUBUL.</strong></span> <span class='ocrx_word' id='word_1_313' title='bbox 896 3112 1060 3183; x_wconf 88' lang='lat' dir='ltr'><strong>Igitur</strong></span> <span class='ocrx_word' id='word_1_314' title='bbox 1106 3115 1152 3171; x_wconf 90' lang='lat' dir='ltr'><strong>si</strong></span> <span class='ocrx_word' id='word_1_315' title='bbox 1182 3118 1397 3174; x_wconf 90' lang='lat' dir='ltr'><strong>virtutis</strong></span> <span class='ocrx_word' id='word_1_316' title='bbox 1441 3121 1608 3176; x_wconf 88' lang='lat' dir='ltr'><strong>robur</strong></span> <span class='ocrx_word' id='word_1_317' title='bbox 1650 3124 1938 3179; x_wconf 87' lang='lat' dir='ltr'><strong>tolerantia</strong></span> <span class='ocrx_word' id='word_1_318' title='bbox 1985 3107 2123 3192; x_wconf 89' lang='lat' dir='ltr'><strong>est,l</strong></span> 
     </span>
    </p>
   </div>
   <div class='ocr_carea' id='block_1_61' title="bbox 2211 3088 3756 3192">
    <p class='ocr_par' dir='ltr' id='par_1_61' title="bbox 2254 3090 3756 3165">
     <span class='ocr_line' id='line_1_61' title="bbox 2254 3090 3756 3165; baseline 0.002 -19"><span class='ocrx_word' id='word_1_319' title='bbox 2254 3093 2554 3146; x_wconf 86' lang='grc' dir='ltr'><strong>-ΕΥΒΟΥΛ,</strong></span> <span class='ocrx_word' id='word_1_320' title='bbox 2597 3090 2802 3145; x_wconf 85' lang='grc' dir='ltr'>Ούκοῦν</span> <span class='ocrx_word' id='word_1_321' title='bbox 2831 3093 2879 3143; x_wconf 83' lang='grc' dir='ltr'>εἰ</span> <span class='ocrx_word' id='word_1_322' title='bbox 2905 3091 3128 3162; x_wconf 87' lang='grc' dir='ltr'>δύναμις</span> <span class='ocrx_word' id='word_1_323' title='bbox 3155 3093 3352 3165; x_wconf 83' lang='grc' dir='ltr'>ἀρετῆς</span> <span class='ocrx_word' id='word_1_324' title='bbox 3384 3097 3527 3148; x_wconf 83' lang='grc' dir='ltr'>ἐστιν</span> <span class='ocrx_word' id='word_1_325' title='bbox 3552 3097 3584 3165; x_wconf 84' lang='grc' dir='ltr'><strong>ή</strong></span> <span class='ocrx_word' id='word_1_326' title='bbox 3614 3097 3756 3150; x_wconf 84' lang='grc' dir='ltr'>ὑπο-</span> 
     </span>
    </p>
   </div>
   <div class='ocr_carea' id='block_1_62' title="bbox 542 3205 2095 3290">
    <p class='ocr_par' dir='ltr' id='par_1_62' title="bbox 542 3205 2095 3290">
     <span class='ocr_line' id='line_1_62' title="bbox 542 3205 2095 3290; baseline 0.015 -37"><span class='ocrx_word' id='word_1_327' title='bbox 542 3213 720 3256; x_wconf 89' lang='lat' dir='ltr'><strong>nonne</strong></span> <span class='ocrx_word' id='word_1_328' title='bbox 750 3205 838 3269; x_wconf 87' lang='lat' dir='ltr'><strong>qui</strong></span> <span class='ocrx_word' id='word_1_329' title='bbox 872 3207 1136 3263; x_wconf 90' lang='lat' dir='ltr'><strong>molestiis</strong></span> <span class='ocrx_word' id='word_1_330' title='bbox 1169 3219 1453 3266; x_wconf 83' lang='lat' dir='ltr'><strong>exercetur</strong></span> <span class='ocrx_word' id='word_1_331' title='bbox 1499 3215 1732 3279; x_wconf 88' lang='lat' dir='ltr'><strong>animus,</strong></span> <span class='ocrx_word' id='word_1_332' title='bbox 1777 3217 2095 3290; x_wconf 82' lang='lat' dir='ltr'><strong>fortiterque</strong></span> 
     </span>
    </p>
   </div>
   <div class='ocr_carea' id='block_1_63' title="bbox 541 3293 2094 3380">
    <p class='ocr_par' dir='ltr' id='par_1_63' title="bbox 541 3293 2094 3380">
     <span class='ocr_line' id='line_1_63' title="bbox 541 3293 2094 3380; baseline 0.014 -36"><span class='ocrx_word' id='word_1_333' title='bbox 541 3293 779 3348; x_wconf 89' lang='lat' dir='ltr'><strong>tolerans</strong></span> <span class='ocrx_word' id='word_1_334' title='bbox 804 3297 1194 3365; x_wconf 85' lang='lat' dir='ltr'><strong>cupiditatibus</strong></span> <span class='ocrx_word' id='word_1_335' title='bbox 1222 3313 1382 3373; x_wconf 90' lang='lat' dir='ltr'><strong>atque</strong></span> <span class='ocrx_word' id='word_1_336' title='bbox 1412 3306 1558 3359; x_wconf 85' lang='lat' dir='ltr'><strong>vitiis</strong></span> <span class='ocrx_word' id='word_1_337' title='bbox 1585 3308 1821 3372; x_wconf 90' lang='lat' dir='ltr'><strong>obsistit,</strong></span> <span class='ocrx_word' id='word_1_338' title='bbox 1855 3309 1933 3363; x_wconf 90' lang='lat' dir='ltr'><strong>illi</strong></span> <span class='ocrx_word' id='word_1_339' title='bbox 1959 3327 2094 3380; x_wconf 63' lang='lat' dir='ltr'><strong>pras-</strong></span> 
     </span>
    </p>
   </div>
   <div class='ocr_carea' id='block_1_64' title="bbox 541 3385 2093 3471">
    <p class='ocr_par' dir='ltr' id='par_1_64' title="bbox 541 3385 2093 3471">
     <span class='ocr_line' id='line_1_64' title="bbox 541 3385 2093 3471; baseline 0.015 -35"><span class='ocrx_word' id='word_1_340' title='bbox 541 3388 685 3437; x_wconf 84' lang='lat' dir='ltr'><strong>stare</strong></span> <span class='ocrx_word' id='word_1_341' title='bbox 719 3385 1055 3446; x_wconf 76' lang='lat' dir='ltr'><strong>fortitudinis</strong></span> <span class='ocrx_word' id='word_1_342' title='bbox 1100 3392 1256 3447; x_wconf 88' lang='lat' dir='ltr'><strong>laude</strong></span> <span class='ocrx_word' id='word_1_343' title='bbox 1304 3396 1574 3464; x_wconf 90' lang='lat' dir='ltr'><strong>putandus</strong></span> <span class='ocrx_word' id='word_1_344' title='bbox 1615 3407 1718 3465; x_wconf 87' lang='lat' dir='ltr'><strong>est,</strong></span> <span class='ocrx_word' id='word_1_345' title='bbox 1771 3403 1863 3471; x_wconf 91' lang='lat' dir='ltr'><strong>qui</strong></span> <span class='ocrx_word' id='word_1_346' title='bbox 1916 3404 2093 3460; x_wconf 85' lang='lat' dir='ltr'><strong>nullas</strong></span> 
     </span>
    </p>
   </div>
   <div class='ocr_carea' id='block_1_65' title="bbox 540 3475 1436 3554">
    <p class='ocr_par' dir='ltr' id='par_1_65' title="bbox 540 3475 1436 3554">
     <span class='ocr_line' id='line_1_65' title="bbox 540 3475 1436 3554; baseline 0.018 -28"><span class='ocrx_word' id='word_1_347' title='bbox 540 3475 805 3543; x_wconf 75' lang='lat' dir='ltr'><strong>ejusmodi</strong></span> <span class='ocrx_word' id='word_1_348' title='bbox 837 3482 1108 3538; x_wconf 88' lang='lat' dir='ltr'><strong>molestias</strong></span> <span class='ocrx_word' id='word_1_349' title='bbox 1135 3488 1436 3554; x_wconf 87' lang='lat' dir='ltr'><strong>persentit?</strong></span> 
     </span>
    </p>
   </div>
   <div class='ocr_carea' id='block_1_66' title="bbox 590 3566 1112 3631">
    <p class='ocr_par' dir='ltr' id='par_1_66' title="bbox 590 3566 1112 3631">
     <span class='ocr_line' id='line_1_66' title="bbox 590 3566 1112 3631; baseline 0.019 -10"><span class='ocrx_word' id='word_1_350' title='bbox 590 3566 810 3626; x_wconf 62' lang='lat' dir='ltr'><strong>&#39;GBEG.</strong></span> <span class='ocrx_word' id='word_1_351' title='bbox 840 3571 1112 3631; x_wconf 87' lang='lat' dir='ltr'><strong>Profecto.</strong></span> 
     </span>
    </p>
   </div>
   <div class='ocr_carea' id='block_1_67' title="bbox 610 3661 2021 3746">
    <p class='ocr_par' dir='ltr' id='par_1_67' title="bbox 610 3661 2021 3746">
     <span class='ocr_line' id='line_1_67' title="bbox 610 3661 2021 3746; baseline 0.015 -31"><span class='ocrx_word' id='word_1_352' title='bbox 610 3661 860 3721; x_wconf 82' lang='lat' dir='ltr'><strong>EUBUL.</strong></span> <span class='ocrx_word' id='word_1_353' title='bbox 895 3669 1062 3738; x_wconf 82' lang='lat' dir='ltr'><strong>Igitur</strong></span> <span class='ocrx_word' id='word_1_354' title='bbox 1099 3669 1148 3725; x_wconf 92' lang='lat' dir='ltr'><strong>si</strong></span> <span class='ocrx_word' id='word_1_355' title='bbox 1191 3669 1404 3739; x_wconf 87' lang='lat' dir='ltr'><strong>fortior,</strong></span> <span class='ocrx_word' id='word_1_356' title='bbox 1439 3674 1546 3729; x_wconf 89' lang='lat' dir='ltr'><strong>erit</strong></span> <span class='ocrx_word' id='word_1_357' title='bbox 1577 3683 1631 3730; x_wconf 87' lang='lat' dir='ltr'><strong>et</strong></span> <span class='ocrx_word' id='word_1_358' title='bbox 1657 3680 2021 3746; x_wconf 67' lang='lat' dir='ltr'><strong>praestantior.</strong></span> 
     </span>
    </p>
   </div>
   <div class='ocr_carea' id='block_1_68' title="bbox 609 3751 1012 3814">
    <p class='ocr_par' dir='ltr' id='par_1_68' title="bbox 609 3751 1012 3814">
     <span class='ocr_line' id='line_1_68' title="bbox 609 3751 1012 3814; baseline 0.02 -8"><span class='ocrx_word' id='word_1_359' title='bbox 609 3751 813 3811; x_wconf 71' lang='lat' dir='ltr'><strong>GllEG.</strong></span> <span class='ocrx_word' id='word_1_360' title='bbox 851 3756 1012 3814; x_wconf 79' lang='lat' dir='ltr'><strong>Sane.</strong></span> 
     </span>
    </p>
   </div>
   <div class='ocr_carea' id='block_1_69' title="bbox 609 3844 2093 3932">
    <p class='ocr_par' dir='ltr' id='par_1_69' title="bbox 609 3844 2093 3932">
     <span class='ocr_line' id='line_1_69' title="bbox 609 3844 2093 3932; baseline 0.013 -34"><span class='ocrx_word' id='word_1_361' title='bbox 609 3844 858 3904; x_wconf 84' lang='lat' dir='ltr'><strong>EUBUL.</strong></span> <span class='ocrx_word' id='word_1_362' title='bbox 897 3850 1085 3909; x_wconf 84' lang='lat' dir='ltr'><strong>Melior</strong></span> <span class='ocrx_word' id='word_1_363' title='bbox 1117 3869 1245 3922; x_wconf 80' lang='lat' dir='ltr'><strong>ergo</strong></span> <span class='ocrx_word' id='word_1_364' title='bbox 1283 3862 1336 3910; x_wconf 94' lang='lat' dir='ltr'><strong>et</strong></span> <span class='ocrx_word' id='word_1_365' title='bbox 1371 3858 1717 3926; x_wconf 67' lang='lat' dir='ltr'><strong>praestantior</strong></span> <span class='ocrx_word' id='word_1_366' title='bbox 1757 3867 1871 3923; x_wconf 90' lang='lat' dir='ltr'><strong>est,</strong></span> <span class='ocrx_word' id='word_1_367' title='bbox 1920 3879 2093 3932; x_wconf 86' lang='lat' dir='ltr'><strong>quan-</strong></span> 
     </span>
    </p>
   </div>
   <div class='ocr_carea' id='block_1_70' title="bbox 539 3943 2093 4024">
    <p class='ocr_par' dir='ltr' id='par_1_70' title="bbox 539 3943 2093 4024">
     <span class='ocr_line' id='line_1_70' title="bbox 539 3943 2093 4024; baseline 0.012 -34"><span class='ocrx_word' id='word_1_368' title='bbox 539 3945 653 3998; x_wconf 90' lang='lat' dir='ltr'><strong>tum</strong></span> <span class='ocrx_word' id='word_1_369' title='bbox 684 3955 750 3994; x_wconf 79' lang='lat' dir='ltr'><strong>ex</strong></span> <span class='ocrx_word' id='word_1_370' title='bbox 780 3943 938 3998; x_wconf 93' lang='lat' dir='ltr'><strong>modo</strong></span> <span class='ocrx_word' id='word_1_371' title='bbox 964 3947 1244 4003; x_wconf 84' lang='lat' dir='ltr'><strong>concessis</strong></span> <span class='ocrx_word' id='word_1_372' title='bbox 1278 3949 1556 4005; x_wconf 82' lang='lat' dir='ltr'><strong>evidenter</strong></span> <span class='ocrx_word' id='word_1_373' title='bbox 1583 3952 1849 4020; x_wconf 87' lang='lat' dir='ltr'><strong>sequitur,</strong></span> <span class='ocrx_word' id='word_1_374' title='bbox 1885 3955 1975 4024; x_wconf 90' lang='lat' dir='ltr'><strong>qui</strong></span> <span class='ocrx_word' id='word_1_375' title='bbox 2008 3955 2093 4009; x_wconf 92' lang='lat' dir='ltr'><strong>in-</strong></span> 
     </span>
    </p>
   </div>
   <div class='ocr_carea' id='block_1_71' title="bbox 537 4035 2091 4117">
    <p class='ocr_par' dir='ltr' id='par_1_71' title="bbox 537 4035 2091 4117">
     <span class='ocr_line' id='line_1_71' title="bbox 537 4035 2091 4117; baseline 0.012 -34"><span class='ocrx_word' id='word_1_376' title='bbox 537 4037 622 4084; x_wconf 90' lang='lat' dir='ltr'><strong>ter</strong></span> <span class='ocrx_word' id='word_1_377' title='bbox 645 4035 1096 4102; x_wconf 72' lang='lat' dir='ltr'><strong>concupiscentia:</strong></span> <span class='ocrx_word' id='word_1_378' title='bbox 1119 4047 1284 4094; x_wconf 58' lang='lat' dir='ltr'><strong>aestus</strong></span> <span class='ocrx_word' id='word_1_379' title='bbox 1316 4043 1703 4096; x_wconf 88' lang='lat' dir='ltr'><strong>continentiam</strong></span> <span class='ocrx_word' id='word_1_380' title='bbox 1737 4052 1905 4107; x_wconf 82' lang='lat' dir='ltr'><strong>tenet,</strong></span> <span class='ocrx_word' id='word_1_381' title='bbox 1929 4063 2091 4117; x_wconf 91' lang='lat' dir='ltr'><strong>quam</strong></span> 
     </span>
    </p>
   </div>
   <div class='ocr_carea' id='block_1_72' title="bbox 537 4125 2092 4206">
    <p class='ocr_par' dir='ltr' id='par_1_72' title="bbox 537 4125 2092 4206">
     <span class='ocr_line' id='line_1_72' title="bbox 537 4125 2092 4206; baseline 0.012 -32"><span class='ocrx_word' id='word_1_382' title='bbox 537 4125 629 4190; x_wconf 90' lang='lat' dir='ltr'><strong>qui</strong></span> <span class='ocrx_word' id='word_1_383' title='bbox 662 4127 809 4178; x_wconf 93' lang='lat' dir='ltr'><strong>nulla</strong></span> <span class='ocrx_word' id='word_1_384' title='bbox 854 4129 1100 4196; x_wconf 88' lang='lat' dir='ltr'><strong>pulsatus</strong></span> <span class='ocrx_word' id='word_1_385' title='bbox 1133 4130 1353 4188; x_wconf 90' lang='lat' dir='ltr'><strong>libidine</strong></span> <span class='ocrx_word' id='word_1_386' title='bbox 1382 4132 1437 4186; x_wconf 90' lang='lat' dir='ltr'><strong>in</strong></span> <span class='ocrx_word' id='word_1_387' title='bbox 1471 4135 1734 4191; x_wconf 80' lang='lat' dir='ltr'><strong>castitatis</strong></span> <span class='ocrx_word' id='word_1_388' title='bbox 1772 4152 1966 4206; x_wconf 87' lang='lat' dir='ltr'><strong>secure</strong></span> <span class='ocrx_word' id='word_1_389' title='bbox 1994 4155 2092 4194; x_wconf 87' lang='lat' dir='ltr'><strong>ca-</strong></span> 
     </span>
    </p>
   </div>
   <div class='ocr_carea' id='block_1_73' title="bbox 534 4213 874 4272">
    <p class='ocr_par' dir='ltr' id='par_1_73' title="bbox 534 4213 874 4272">
     <span class='ocr_line' id='line_1_73' title="bbox 534 4213 874 4272; baseline 0.003 -1"><span class='ocrx_word' id='word_1_390' title='bbox 534 4213 666 4271; x_wconf 82' lang='lat' dir='ltr'><strong>stris</strong></span> <span class='ocrx_word' id='word_1_391' title='bbox 689 4225 874 4272; x_wconf 89' lang='lat' dir='ltr'><strong>meret.</strong></span> 
     </span>
    </p>
   </div>
   <div class='ocr_carea' id='block_1_74' title="bbox 607 4324 2089 4406">
    <p class='ocr_par' dir='ltr' id='par_1_74' title="bbox 607 4324 2089 4406">
     <span class='ocr_line' id='line_1_74' title="bbox 607 4324 2089 4406; baseline 0.012 -27"><span class='ocrx_word' id='word_1_392' title='bbox 607 4324 811 4383; x_wconf 79' lang='lat' dir='ltr'><strong>GREG.</strong></span> <span class='ocrx_word' id='word_1_393' title='bbox 855 4327 990 4384; x_wconf 82' lang='lat' dir='ltr'><strong>Rem</strong></span> <span class='ocrx_word' id='word_1_394' title='bbox 1025 4347 1228 4387; x_wconf 90' lang='lat' dir='ltr'><strong>meram</strong></span> <span class='ocrx_word' id='word_1_395' title='bbox 1281 4334 1538 4406; x_wconf 87' lang='lat' dir='ltr'><strong>loqueris.</strong></span> <span class='ocrx_word' id='word_1_396' title='bbox 1578 4337 1683 4394; x_wconf 86' lang='lat' dir='ltr'><strong>Sed</strong></span> <span class='ocrx_word' id='word_1_397' title='bbox 1727 4339 1792 4394; x_wconf 90' lang='lat' dir='ltr'><strong>de</strong></span> <span class='ocrx_word' id='word_1_398' title='bbox 1841 4340 1926 4396; x_wconf 85' lang='lat' dir='ltr'><strong>bis</strong></span> <span class='ocrx_word' id='word_1_399' title='bbox 1955 4342 2089 4397; x_wconf 89' lang='lat' dir='ltr'><strong>alias</strong></span> 
     </span>
    </p>
   </div>
   <div class='ocr_carea' id='block_1_75' title="bbox 2200 3183 3759 3262">
    <p class='ocr_par' dir='ltr' id='par_1_75' title="bbox 2200 3183 3759 3262">
     <span class='ocr_line' id='line_1_75' title="bbox 2200 3183 3759 3262; baseline 0.003 -23"><span class='ocrx_word' id='word_1_400' title='bbox 2200 3185 2354 3257; x_wconf 83' lang='grc' dir='ltr'>μονὴ,</span> <span class='ocrx_word' id='word_1_401' title='bbox 2385 3186 2417 3255; x_wconf 83' lang='grc' dir='ltr'>ἡ</span> <span class='ocrx_word' id='word_1_402' title='bbox 2445 3183 2789 3255; x_wconf 84' lang='grc' dir='ltr'>διοχλουμένη</span> <span class='ocrx_word' id='word_1_403' title='bbox 2819 3185 2923 3255; x_wconf 83' lang='grc' dir='ltr'>ἄρα</span> <span class='ocrx_word' id='word_1_404' title='bbox 2951 3184 3094 3255; x_wconf 74' lang='grc' dir='ltr'>ψυχὴ</span> <span class='ocrx_word' id='word_1_405' title='bbox 3124 3187 3215 3239; x_wconf 75' lang='grc' dir='ltr'>καὶ</span> <span class='ocrx_word' id='word_1_406' title='bbox 3245 3187 3580 3258; x_wconf 80' lang='grc' dir='ltr'>καρτεροῦσα</span> <span class='ocrx_word' id='word_1_407' title='bbox 3616 3190 3759 3262; x_wconf 72' lang='grc' dir='ltr'>πρὸς</span> 
     </span>
    </p>
   </div>
   <div class='ocr_carea' id='block_1_76' title="bbox 2195 3277 3759 3353">
    <p class='ocr_par' dir='ltr' id='par_1_76' title="bbox 2195 3277 3759 3353">
     <span class='ocr_line' id='line_1_76' title="bbox 2195 3277 3759 3353; baseline 0.003 -23"><span class='ocrx_word' id='word_1_408' title='bbox 2195 3277 2291 3340; x_wconf 81' lang='grc' dir='ltr'>τὰς</span> <span class='ocrx_word' id='word_1_409' title='bbox 2327 3277 2618 3348; x_wconf 79' lang='grc' dir='ltr'>ἐπιθυμίας</span> <span class='ocrx_word' id='word_1_410' title='bbox 2645 3277 2980 3348; x_wconf 79' lang='grc' dir='ltr'>δυνατωτέρα</span> <span class='ocrx_word' id='word_1_411' title='bbox 3008 3278 3251 3347; x_wconf 71' lang='grc' dir='ltr'>φαίνεται</span> <span class='ocrx_word' id='word_1_412' title='bbox 3273 3279 3370 3350; x_wconf 85' lang='grc' dir='ltr'>τῆς</span> <span class='ocrx_word' id='word_1_413' title='bbox 3395 3281 3468 3352; x_wconf 81' lang='grc' dir='ltr'>μὴ</span> <span class='ocrx_word' id='word_1_414' title='bbox 3495 3281 3759 3353; x_wconf 76' lang='grc' dir='ltr'>ὀχλουμέ·</span> 
     </span>
    </p>
   </div>
   <div class='ocr_carea' id='block_1_77' title="bbox 2195 3383 2347 3439">
    <p class='ocr_par' dir='ltr' id='par_1_77' title="bbox 2195 3383 2347 3439">
     <span class='ocr_line' id='line_1_77' title="bbox 2195 3383 2347 3439; baseline 0.007 -9"><span class='ocrx_word' id='word_1_415' title='bbox 2195 3383 2292 3439; x_wconf 83' lang='grc' dir='ltr'>νης</span> <span class='ocrx_word' id='word_1_416' title='bbox 2334 3384 2347 3431; x_wconf 68' lang='grc' dir='ltr'><em>ἓ</em></span> 
     </span>
    </p>
   </div>
   <div class='ocr_carea' id='block_1_78' title="bbox 2262 3573 2622 3627">
    <p class='ocr_par' dir='ltr' id='par_1_78' title="bbox 2262 3573 2622 3627">
     <span class='ocr_line' id='line_1_78' title="bbox 2262 3573 2622 3627; baseline 0 -1"><span class='ocrx_word' id='word_1_417' title='bbox 2262 3573 2456 3626; x_wconf 81' lang='grc' dir='ltr'><strong>ΓΡΗΓ.</strong></span> <span class='ocrx_word' id='word_1_418' title='bbox 2498 3574 2622 3627; x_wconf 82' lang='grc' dir='ltr'>Ναί.</span> 
     </span>
    </p>
   </div>
   <div class='ocr_carea' id='block_1_79' title="bbox 2261 3663 3710 3741">
    <p class='ocr_par' dir='ltr' id='par_1_79' title="bbox 2261 3663 3710 3741">
     <span class='ocr_line' id='line_1_79' title="bbox 2261 3663 3710 3741; baseline 0.006 -26"><span class='ocrx_word' id='word_1_419' title='bbox 2261 3663 2549 3716; x_wconf 78' lang='grc' dir='ltr'><strong>ΕΥΒΟΥΛ.</strong></span> <span class='ocrx_word' id='word_1_420' title='bbox 2591 3664 2650 3716; x_wconf 88' lang='grc' dir='ltr'><strong>Εἰ</strong></span> <span class='ocrx_word' id='word_1_421' title='bbox 2682 3663 2735 3716; x_wconf 78' lang='grc' dir='ltr'>δὲ</span> <span class='ocrx_word' id='word_1_422' title='bbox 2765 3664 3124 3738; x_wconf 81' lang='grc' dir='ltr'>δυνατωτέρα,</span> <span class='ocrx_word' id='word_1_423' title='bbox 3163 3665 3256 3720; x_wconf 74' lang='grc' dir='ltr'>καὶ</span> <span class='ocrx_word' id='word_1_424' title='bbox 3280 3667 3543 3738; x_wconf 75' lang='grc' dir='ltr'>κρείσσων</span> <span class='ocrx_word' id='word_1_425' title='bbox 3577 3667 3710 3741; x_wconf 77' lang='grc'><strong>(64).</strong></span> 
     </span>
    </p>
   </div>
   <div class='ocr_carea' id='block_1_80' title="bbox 2262 3753 2624 3808">
    <p class='ocr_par' dir='ltr' id='par_1_80' title="bbox 2262 3753 2624 3808">
     <span class='ocr_line' id='line_1_80' title="bbox 2262 3753 2624 3808; baseline 0.011 -4"><span class='ocrx_word' id='word_1_426' title='bbox 2262 3753 2455 3807; x_wconf 85' lang='grc' dir='ltr'><strong>ΓΡΗΓ.</strong></span> <span class='ocrx_word' id='word_1_427' title='bbox 2501 3754 2624 3808; x_wconf 83' lang='grc' dir='ltr'>Ναί.</span> 
     </span>
    </p>
   </div>
   <div class='ocr_carea' id='block_1_81' title="bbox 2261 3845 3752 3923">
    <p class='ocr_par' dir='ltr' id='par_1_81' title="bbox 2261 3845 3752 3923">
     <span class='ocr_line' id='line_1_81' title="bbox 2261 3845 3752 3923; baseline 0.007 -27"><span class='ocrx_word' id='word_1_428' title='bbox 2261 3845 2550 3901; x_wconf 84' lang='grc' dir='ltr'><strong>ΕΥΒΟΥΛ.</strong></span> <span class='ocrx_word' id='word_1_429' title='bbox 2593 3849 2872 3920; x_wconf 86' lang='grc' dir='ltr'>Κρείσσων</span> <span class='ocrx_word' id='word_1_430' title='bbox 2906 3850 3011 3923; x_wconf 76' lang='grc' dir='ltr'>ἄρα</span> <span class='ocrx_word' id='word_1_431' title='bbox 3056 3853 3088 3922; x_wconf 77' lang='grc' dir='ltr'>ἡ</span> <span class='ocrx_word' id='word_1_432' title='bbox 3137 3851 3472 3922; x_wconf 77' lang='grc' dir='ltr'>ἐπιθυμοῦσα</span> <span class='ocrx_word' id='word_1_433' title='bbox 3515 3853 3610 3907; x_wconf 74' lang='grc' dir='ltr'>καὶ</span> <span class='ocrx_word' id='word_1_434' title='bbox 3656 3855 3752 3923; x_wconf 81' lang='grc' dir='ltr'><strong>ἐγ-</strong></span> 
     </span>
    </p>
   </div>
   <div class='ocr_carea' id='block_1_82' title="bbox 2193 3939 3751 4017">
    <p class='ocr_par' dir='ltr' id='par_1_82' title="bbox 2193 3939 3751 4017">
     <span class='ocr_line' id='line_1_82' title="bbox 2193 3939 3751 4017; baseline 0.005 -27"><span class='ocrx_word' id='word_1_435' title='bbox 2193 3939 2558 4011; x_wconf 70' lang='grc' dir='ltr'>κρατευομένη</span> <span class='ocrx_word' id='word_1_436' title='bbox 2591 3941 2685 4011; x_wconf 79' lang='grc' dir='ltr'><strong>τῆς</strong></span> <span class='ocrx_word' id='word_1_437' title='bbox 2716 3942 2788 4011; x_wconf 75' lang='grc' dir='ltr'>μὴ</span> <span class='ocrx_word' id='word_1_438' title='bbox 2814 3942 3178 4013; x_wconf 81' lang='grc' dir='ltr'>ἐπιθυμούσης</span> <span class='ocrx_word' id='word_1_439' title='bbox 3207 3944 3369 4009; x_wconf 74' lang='grc' dir='ltr'>ἐστὶν,</span> <span class='ocrx_word' id='word_1_440' title='bbox 3401 3947 3464 3998; x_wconf 87' lang='grc' dir='ltr'><strong>ἐκ</strong></span> <span class='ocrx_word' id='word_1_441' title='bbox 3483 3945 3588 3998; x_wconf 82' lang='grc' dir='ltr'>τῶν</span> <span class='ocrx_word' id='word_1_442' title='bbox 3611 3961 3751 4017; x_wconf 69' lang='grc' dir='ltr'>προ-ι</span> 
     </span>
    </p>
   </div>
   <div class='ocr_carea' id='block_1_83' title="bbox 2191 4031 3280 4108">
    <p class='ocr_par' dir='ltr' id='par_1_83' title="bbox 2191 4031 3280 4108">
     <span class='ocr_line' id='line_1_83' title="bbox 2191 4031 3280 4108; baseline 0.007 -26"><span class='ocrx_word' id='word_1_443' title='bbox 2191 4031 2640 4102; x_wconf 83' lang='grc' dir='ltr'>ωμολογημένων,</span> <span class='ocrx_word' id='word_1_444' title='bbox 2672 4035 2762 4086; x_wconf 68' lang='grc' dir='ltr'><strong>καὶ</strong></span> <span class='ocrx_word' id='word_1_445' title='bbox 2795 4035 3280 4108; x_wconf 78' lang='grc' dir='ltr'>ὲγκρατευομένης.</span> 
     </span>
    </p>
   </div>
   <div class='ocr_carea' id='block_1_84' title="bbox 2263 4323 3746 4401">
    <p class='ocr_par' dir='ltr' id='par_1_84' title="bbox 2263 4323 3746 4401">
     <span class='ocr_line' id='line_1_84' title="bbox 2263 4323 3746 4401; baseline 0.007 -26"><span class='ocrx_word' id='word_1_446' title='bbox 2263 4323 2455 4378; x_wconf 83' lang='grc' dir='ltr'><strong>ΓΡΗΓ.</strong></span> <span class='ocrx_word' id='word_1_447' title='bbox 2510 4325 2702 4398; x_wconf 69' lang='grc' dir='ltr'>Ἀληοῆ</span> <span class='ocrx_word' id='word_1_448' title='bbox 2731 4326 2928 4396; x_wconf 87' lang='grc' dir='ltr'>λέγεις,</span> <span class='ocrx_word' id='word_1_449' title='bbox 2961 4330 3053 4382; x_wconf 77' lang='grc' dir='ltr'>καὶ</span> <span class='ocrx_word' id='word_1_450' title='bbox 3096 4329 3413 4401; x_wconf 81' lang='grc' dir='ltr'>ἐπιθυμήσω</span> <span class='ocrx_word' id='word_1_451' title='bbox 3453 4329 3746 4400; x_wconf 71' lang='grc' dir='ltr'>πληρέστεο</span> 
     </span>
    </p>
   </div>
   <div class='ocr_carea' id='block_1_85' title="bbox 534 4417 2123 4502">
    <p class='ocr_par' dir='ltr' id='par_1_85' title="bbox 534 4417 2123 4502">
     <span class='ocr_line' id='line_1_85' title="bbox 534 4417 2123 4502; baseline 0.012 -32"><span class='ocrx_word' id='word_1_452' title='bbox 534 4417 838 4474; x_wconf 88' lang='lat' dir='ltr'><strong>absolutius</strong></span> <span class='ocrx_word' id='word_1_453' title='bbox 894 4430 1068 4476; x_wconf 89' lang='lat' dir='ltr'><strong>tecum</strong></span> <span class='ocrx_word' id='word_1_454' title='bbox 1128 4441 1431 4483; x_wconf 86' lang='lat' dir='ltr'><strong>sermonem</strong></span> <span class='ocrx_word' id='word_1_455' title='bbox 1481 4429 1730 4486; x_wconf 88' lang='lat' dir='ltr'><strong>conferre</strong></span> <span class='ocrx_word' id='word_1_456' title='bbox 1777 4434 1972 4502; x_wconf 82' lang='lat' dir='ltr'><strong>gestio.</strong></span> <span class='ocrx_word' id='word_1_457' title='bbox 2029 4434 2123 4489; x_wconf 36' lang='lat' dir='ltr'><strong>Sit</strong></span> 
     </span>
    </p>
   </div>
   <div class='ocr_carea' id='block_1_86' title="bbox 2211 4417 3747 4502">
    <p class='ocr_par' dir='ltr' id='par_1_86' title="bbox 2211 4417 3747 4496">
     <span class='ocr_line' id='line_1_86' title="bbox 2211 4417 3747 4496; baseline 0.008 -28"><span class='ocrx_word' id='word_1_458' title='bbox 2211 4433 2282 4469; x_wconf 63' lang='grc' dir='ltr'><strong>ιον</strong></span> <span class='ocrx_word' id='word_1_459' title='bbox 2317 4417 2395 4469; x_wconf 80' lang='grc' dir='ltr'><strong>ἔτι</strong></span> <span class='ocrx_word' id='word_1_460' title='bbox 2425 4417 2772 4488; x_wconf 68' lang='grc' dir='ltr'>περὶτούτων</span> <span class='ocrx_word' id='word_1_461' title='bbox 2803 4419 3136 4490; x_wconf 78' lang='grc' dir='ltr'>διαλεχθῆναί</span> <span class='ocrx_word' id='word_1_462' title='bbox 3175 4438 3271 4474; x_wconf 89' lang='grc' dir='ltr'>σοι.</span> <span class='ocrx_word' id='word_1_463' title='bbox 3305 4424 3366 4475; x_wconf 85' lang='lat' dir='ltr'><strong>El</strong></span> <span class='ocrx_word' id='word_1_464' title='bbox 3408 4419 3496 4476; x_wconf 79' lang='grc' dir='ltr'><strong>οὖν</strong></span> <span class='ocrx_word' id='word_1_465' title='bbox 3539 4441 3622 4478; x_wconf 89' lang='grc' dir='ltr'><strong>σοι</strong></span> <span class='ocrx_word' id='word_1_466' title='bbox 3655 4427 3747 4496; x_wconf 80' lang='grc' dir='ltr'><strong>φί-</strong></span> 
     </span>
    </p>
   </div>
   <div class='ocr_carea' id='block_1_87' title="bbox 534 4509 2086 4589">
    <p class='ocr_par' dir='ltr' id='par_1_87' title="bbox 534 4509 2086 4589">
     <span class='ocr_line' id='line_1_87' title="bbox 534 4509 2086 4589; baseline 0.013 -25"><span class='ocrx_word' id='word_1_467' title='bbox 534 4509 718 4578; x_wconf 89' lang='lat' dir='ltr'><strong>itaque</strong></span> <span class='ocrx_word' id='word_1_468' title='bbox 765 4513 860 4567; x_wconf 88' lang='lat' dir='ltr'><strong>tibi</strong></span> <span class='ocrx_word' id='word_1_469' title='bbox 894 4530 1056 4585; x_wconf 90' lang='lat' dir='ltr'><strong>grave</strong></span> <span class='ocrx_word' id='word_1_470' title='bbox 1104 4533 1213 4572; x_wconf 91' lang='lat' dir='ltr'><strong>non</strong></span> <span class='ocrx_word' id='word_1_471' title='bbox 1247 4528 1354 4583; x_wconf 86' lang='lat' dir='ltr'><strong>est,</strong></span> <span class='ocrx_word' id='word_1_472' title='bbox 1406 4537 1528 4577; x_wconf 90' lang='lat' dir='ltr'><strong>cras</strong></span> <span class='ocrx_word' id='word_1_473' title='bbox 1559 4523 1834 4589; x_wconf 91' lang='lat' dir='ltr'><strong>accedam,</strong></span> <span class='ocrx_word' id='word_1_474' title='bbox 1883 4527 1949 4582; x_wconf 90' lang='lat' dir='ltr'><strong>de</strong></span> <span class='ocrx_word' id='word_1_475' title='bbox 2001 4529 2086 4584; x_wconf 87' lang='lat' dir='ltr'><strong>bis</strong></span> 
     </span>
    </p>
   </div>
   <div class='ocr_carea' id='block_1_88' title="bbox 2184 4508 3749 4586">
    <p class='ocr_par' dir='ltr' id='par_1_88' title="bbox 2184 4508 3749 4586">
     <span class='ocr_line' id='line_1_88' title="bbox 2184 4508 3749 4586; baseline 0.006 -25"><span class='ocrx_word' id='word_1_476' title='bbox 2184 4509 2292 4573; x_wconf 90' lang='grc' dir='ltr'>λον,</span> <span class='ocrx_word' id='word_1_477' title='bbox 2325 4508 2508 4580; x_wconf 73' lang='grc' dir='ltr'>αὔριον</span> <span class='ocrx_word' id='word_1_478' title='bbox 2541 4510 2794 4581; x_wconf 68' lang='grc' dir='ltr'>ἀφίξομαι</span> <span class='ocrx_word' id='word_1_479' title='bbox 2825 4513 2984 4566; x_wconf 79' lang='grc' dir='ltr'>πάλιν</span> <span class='ocrx_word' id='word_1_480' title='bbox 3012 4513 3347 4586; x_wconf 83' lang='grc' dir='ltr'>ὰκουσομένη</span> <span class='ocrx_word' id='word_1_481' title='bbox 3381 4515 3604 4570; x_wconf 83' lang='grc' dir='ltr'>τούτων.</span> <span class='ocrx_word' id='word_1_482' title='bbox 3633 4517 3749 4571; x_wconf 78' lang='grc' dir='ltr'><strong>Νῦν</strong></span> 
     </span>
    </p>
   </div>
   <div class='ocr_carea' id='block_1_89' title="bbox 533 4602 2123 4686">
    <p class='ocr_par' dir='ltr' id='par_1_89' title="bbox 533 4602 2088 4686">
     <span class='ocr_line' id='line_1_89' title="bbox 533 4602 2088 4686; baseline 0.012 -31"><span class='ocrx_word' id='word_1_483' title='bbox 533 4602 802 4661; x_wconf 91' lang='lat' dir='ltr'><strong>auditura.</strong></span> <span class='ocrx_word' id='word_1_484' title='bbox 838 4606 992 4664; x_wconf 86' lang='lat' dir='ltr'><strong>Nunc</strong></span> <span class='ocrx_word' id='word_1_485' title='bbox 1034 4612 1198 4674; x_wconf 89' lang='lat' dir='ltr'><strong>enim,</strong></span> <span class='ocrx_word' id='word_1_486' title='bbox 1251 4619 1310 4665; x_wconf 90' lang='lat' dir='ltr'><strong>ut</strong></span> <span class='ocrx_word' id='word_1_487' title='bbox 1340 4613 1510 4680; x_wconf 87' lang='lat' dir='ltr'><strong>vides,</strong></span> <span class='ocrx_word' id='word_1_488' title='bbox 1559 4625 1769 4686; x_wconf 88' lang='lat' dir='ltr'><strong>tempus</strong></span> <span class='ocrx_word' id='word_1_489' title='bbox 1816 4627 1899 4672; x_wconf 89' lang='lat' dir='ltr'><strong>est</strong></span> <span class='ocrx_word' id='word_1_490' title='bbox 1945 4627 2002 4675; x_wconf 93' lang='lat' dir='ltr'><strong>ut</strong></span> <span class='ocrx_word' id='word_1_491' title='bbox 2035 4628 2088 4676; x_wconf 90' lang='lat' dir='ltr'><strong>et</strong></span> 
     </span>
    </p>
   </div>
   <div class='ocr_carea' id='block_1_90' title="bbox 2211 4602 3743 4686">
    <p class='ocr_par' dir='ltr' id='par_1_90' title="bbox 2211 4603 3743 4682">
     <span class='ocr_line' id='line_1_90' title="bbox 2211 4603 3743 4682; baseline 0.006 -28"><span class='ocrx_word' id='word_1_492' title='bbox 2211 4603 2312 4674; x_wconf 75' lang='grc' dir='ltr'><strong>νὰρ,</strong></span> <span class='ocrx_word' id='word_1_493' title='bbox 2342 4603 2416 4667; x_wconf 83' lang='grc' dir='ltr'><strong>ὡς</strong></span> <span class='ocrx_word' id='word_1_494' title='bbox 2447 4605 2597 4676; x_wconf 83' lang='grc' dir='ltr'>ὁρᾷς,</span> <span class='ocrx_word' id='word_1_495' title='bbox 2629 4604 2743 4676; x_wconf 86' lang='grc' dir='ltr'>ὥρα</span> <span class='ocrx_word' id='word_1_496' title='bbox 2781 4605 2959 4660; x_wconf 79' lang='grc' dir='ltr'>λοιπὸν</span> <span class='ocrx_word' id='word_1_497' title='bbox 3000 4607 3301 4682; x_wconf 83' lang='grc' dir='ltr'>τραπέσθαι</span> <span class='ocrx_word' id='word_1_498' title='bbox 3346 4610 3438 4661; x_wconf 76' lang='grc' dir='ltr'><strong>καὶ</strong></span> <span class='ocrx_word' id='word_1_499' title='bbox 3487 4611 3614 4680; x_wconf 73' lang='grc' dir='ltr'>περὶ</span> <span class='ocrx_word' id='word_1_500' title='bbox 3645 4613 3743 4664; x_wconf 77' lang='grc' dir='ltr'><strong>τοῦ</strong></span> 
     </span>
    </p>
   </div>
   <div class='ocr_carea' id='block_1_91' title="bbox 533 4700 1988 4768">
    <p class='ocr_par' dir='ltr' id='par_1_91' title="bbox 533 4700 1988 4768">
     <span class='ocr_line' id='line_1_91' title="bbox 533 4700 1988 4768; baseline 0.012 -17"><span class='ocrx_word' id='word_1_501' title='bbox 533 4700 772 4753; x_wconf 90' lang='lat' dir='ltr'><strong>animum</strong></span> <span class='ocrx_word' id='word_1_502' title='bbox 808 4701 874 4755; x_wconf 92' lang='lat' dir='ltr'><strong>ad</strong></span> <span class='ocrx_word' id='word_1_503' title='bbox 903 4704 1188 4759; x_wconf 84' lang='lat' dir='ltr'><strong>exterioris</strong></span> <span class='ocrx_word' id='word_1_504' title='bbox 1211 4705 1446 4763; x_wconf 85' lang='lat' dir='ltr'><strong>hominis</strong></span> <span class='ocrx_word' id='word_1_505' title='bbox 1478 4718 1750 4766; x_wconf 89' lang='lat' dir='ltr'><strong>vertamus</strong></span> <span class='ocrx_word' id='word_1_506' title='bbox 1779 4725 1988 4768; x_wconf 88' lang='lat' dir='ltr'><strong>curam.</strong></span> 
     </span>
    </p>
   </div>
   <div class='ocr_carea' id='block_1_92' title="bbox 601 4922 2092 4996">
    <p class='ocr_par' dir='ltr' id='par_1_92' title="bbox 601 4922 2092 4996">
     <span class='ocr_line' id='line_1_92' title="bbox 601 4922 2092 4996; baseline 0.006 -18"><span class='ocrx_word' id='word_1_507' title='bbox 601 4922 716 4993; x_wconf 68' lang='grc'><strong>(64)</strong></span> <span class='ocrx_word' id='word_1_508' title='bbox 748 4927 814 4978; x_wconf 85' lang='lat' dir='ltr'><strong>El</strong></span> <span class='ocrx_word' id='word_1_509' title='bbox 829 4925 1226 4996; x_wconf 65' lang='grc' dir='ltr'>δυνατωτέρα,</span> <span class='ocrx_word' id='word_1_510' title='bbox 1253 4929 1345 4982; x_wconf 75' lang='grc' dir='ltr'>καὶ</span> <span class='ocrx_word' id='word_1_511' title='bbox 1382 4931 1695 4996; x_wconf 78' lang='grc' dir='ltr'>κρείσσων.</span> <span class='ocrx_word' id='word_1_512' title='bbox 1721 4929 1951 4987; x_wconf 84' lang='lat' dir='ltr'><strong>Facilior</strong></span> <span class='ocrx_word' id='word_1_513' title='bbox 1976 4949 2092 4987; x_wconf 87' lang='lat' dir='ltr'><strong>ma-</strong></span> 
     </span>
    </p>
   </div>
   <div class='ocr_carea' id='block_1_93' title="bbox 530 4995 2088 5069">
    <p class='ocr_par' dir='ltr' id='par_1_93' title="bbox 530 4995 2088 5069">
     <span class='ocr_line' id='line_1_93' title="bbox 530 4995 2088 5069; baseline 0.006 -19"><span class='ocrx_word' id='word_1_514' title='bbox 530 5011 634 5051; x_wconf 90' lang='lat' dir='ltr'><strong>nus</strong></span> <span class='ocrx_word' id='word_1_515' title='bbox 667 4996 797 5049; x_wconf 86' lang='lat' dir='ltr'><strong>dare</strong></span> <span class='ocrx_word' id='word_1_516' title='bbox 826 4995 1054 5069; x_wconf 70' lang='lat' dir='ltr'><strong>lt‘uliulio</strong></span> <span class='ocrx_word' id='word_1_517' title='bbox 1092 4999 1301 5052; x_wconf 83' lang='lat' dir='ltr'><strong>videtur</strong></span> <span class='ocrx_word' id='word_1_518' title='bbox 1330 4995 1678 5069; x_wconf 75' lang='lat' dir='ltr'><strong>Gregorium,</strong></span> <span class='ocrx_word' id='word_1_519' title='bbox 1729 5004 1972 5069; x_wconf 78' lang='lat' dir='ltr'><strong>arguenti</strong></span> <span class='ocrx_word' id='word_1_520' title='bbox 2024 5020 2088 5058; x_wconf 81' lang='lat' dir='ltr'><strong>ex</strong></span> 
     </span>
    </p>
   </div>
   <div class='ocr_carea' id='block_1_94' title="bbox 530 5067 2091 5141">
    <p class='ocr_par' dir='ltr' id='par_1_94' title="bbox 530 5067 2091 5141">
     <span class='ocr_line' id='line_1_94' title="bbox 530 5067 2091 5141; baseline 0.004 -20"><span class='ocrx_word' id='word_1_521' title='bbox 530 5083 636 5121; x_wconf 89' lang='lat' dir='ltr'><strong>non</strong></span> <span class='ocrx_word' id='word_1_522' title='bbox 670 5081 831 5141; x_wconf 86' lang='lat' dir='ltr'><strong>causa</strong></span> <span class='ocrx_word' id='word_1_523' title='bbox 879 5067 1235 5141; x_wconf 33' lang='lat' dir='ltr'><strong>adu-ausam;</strong></span> <span class='ocrx_word' id='word_1_524' title='bbox 1273 5071 1427 5139; x_wconf 81' lang='lat' dir='ltr'><strong>quasi</strong></span> <span class='ocrx_word' id='word_1_525' title='bbox 1446 5067 1718 5124; x_wconf 48' lang='lat' dir='ltr'><strong>_nimirum</strong></span> <span class='ocrx_word' id='word_1_526' title='bbox 1782 5067 1896 5141; x_wconf 85' lang='lat' dir='ltr'><strong>ipsa</strong></span> <span class='ocrx_word' id='word_1_527' title='bbox 1933 5074 2091 5128; x_wconf 83' lang='lat' dir='ltr'><strong>vitio—</strong></span> 
     </span>
    </p>
   </div>
   <div class='ocr_carea' id='block_1_95' title="bbox 531 5136 2089 5207">
    <p class='ocr_par' dir='ltr' id='par_1_95' title="bbox 531 5136 2089 5207">
     <span class='ocr_line' id='line_1_95' title="bbox 531 5136 2089 5207; baseline 0.006 -18"><span class='ocrx_word' id='word_1_528' title='bbox 531 5152 654 5207; x_wconf 86' lang='lat' dir='ltr'><strong>rum</strong></span> <span class='ocrx_word' id='word_1_529' title='bbox 688 5138 769 5191; x_wconf 87' lang='lat' dir='ltr'><strong>vis</strong></span> <span class='ocrx_word' id='word_1_530' title='bbox 797 5145 849 5190; x_wconf 85' lang='lat' dir='ltr'><strong>et</strong></span> <span class='ocrx_word' id='word_1_531' title='bbox 884 5136 1155 5192; x_wconf 88' lang='lat' dir='ltr'><strong>infestatio</strong></span> <span class='ocrx_word' id='word_1_532' title='bbox 1181 5139 1250 5192; x_wconf 90' lang='lat' dir='ltr'><strong>sit</strong></span> <span class='ocrx_word' id='word_1_533' title='bbox 1278 5136 1491 5195; x_wconf 78' lang='lat' dir='ltr'><strong>virtutis</strong></span> <span class='ocrx_word' id='word_1_534' title='bbox 1515 5142 1594 5194; x_wconf 86' lang='lat' dir='ltr'><strong>vis</strong></span> <span class='ocrx_word' id='word_1_535' title='bbox 1637 5157 1700 5196; x_wconf 89' lang='lat' dir='ltr'><strong>ac</strong></span> <span class='ocrx_word' id='word_1_536' title='bbox 1740 5136 1925 5207; x_wconf 81' lang='lat' dir='ltr'><strong>robur,</strong></span> <span class='ocrx_word' id='word_1_537' title='bbox 1983 5160 2089 5198; x_wconf 89' lang='lat' dir='ltr'><strong>non</strong></span> 
     </span>
    </p>
   </div>
   <div class='ocr_carea' id='block_1_96' title="bbox 530 5206 2089 5275">
    <p class='ocr_par' dir='ltr' id='par_1_96' title="bbox 530 5206 2089 5275">
     <span class='ocr_line' id='line_1_96' title="bbox 530 5206 2089 5275; baseline 0.005 -17"><span class='ocrx_word' id='word_1_538' title='bbox 530 5206 660 5275; x_wconf 82' lang='lat' dir='ltr'><strong>quid</strong></span> <span class='ocrx_word' id='word_1_539' title='bbox 715 5207 1103 5269; x_wconf 73' lang='lat' dir='ltr'><strong>extrinseeum,</strong></span> <span class='ocrx_word' id='word_1_540' title='bbox 1137 5223 1201 5262; x_wconf 85' lang='lat' dir='ltr'><strong>ex</strong></span> <span class='ocrx_word' id='word_1_541' title='bbox 1255 5226 1312 5264; x_wconf 86' lang='lat' dir='ltr'><strong>se</strong></span> <span class='ocrx_word' id='word_1_542' title='bbox 1353 5211 1426 5262; x_wconf 90' lang='lat' dir='ltr'><strong>ilti</strong></span> <span class='ocrx_word' id='word_1_543' title='bbox 1457 5211 1697 5265; x_wconf 88' lang='lat' dir='ltr'><strong>ofliciens</strong></span> <span class='ocrx_word' id='word_1_544' title='bbox 1728 5227 1791 5266; x_wconf 91' lang='lat' dir='ltr'><strong>ac</strong></span> <span class='ocrx_word' id='word_1_545' title='bbox 1824 5206 2089 5268; x_wconf 54' lang='lat' dir='ltr'><strong>remoram</strong></span> 
     </span>
    </p>
   </div>
   <div class='ocr_carea' id='block_1_97' title="bbox 532 5279 2093 5342">
    <p class='ocr_par' dir='ltr' id='par_1_97' title="bbox 532 5279 2093 5342">
     <span class='ocr_line' id='line_1_97' title="bbox 532 5279 2093 5342; baseline 0.006 -14"><span class='ocrx_word' id='word_1_546' title='bbox 532 5279 769 5340; x_wconf 88' lang='lat' dir='ltr'><strong>laciens;</strong></span> <span class='ocrx_word' id='word_1_547' title='bbox 813 5279 926 5332; x_wconf 90' lang='lat' dir='ltr'><strong>sola</strong></span> <span class='ocrx_word' id='word_1_548' title='bbox 969 5294 1096 5331; x_wconf 87' lang='lat' dir='ltr'><strong>vero</strong></span> <span class='ocrx_word' id='word_1_549' title='bbox 1133 5281 1438 5342; x_wconf 86' lang='lat' dir='ltr'><strong>occasione,</strong></span> <span class='ocrx_word' id='word_1_550' title='bbox 1493 5281 1790 5335; x_wconf 87' lang='lat' dir='ltr'><strong>obnitentia</strong></span> <span class='ocrx_word' id='word_1_551' title='bbox 1831 5285 1994 5337; x_wconf 91' lang='lat' dir='ltr'><strong>animi</strong></span> <span class='ocrx_word' id='word_1_552' title='bbox 2029 5299 2093 5340; x_wconf 92' lang='lat' dir='ltr'><strong>ac</strong></span> 
     </span>
    </p>
   </div>
   <div class='ocr_carea' id='block_1_98' title="bbox 527 5350 2088 5422">
    <p class='ocr_par' dir='ltr' id='par_1_98' title="bbox 527 5350 2088 5422">
     <span class='ocr_line' id='line_1_98' title="bbox 527 5350 2088 5422; baseline 0.008 -25"><span class='ocrx_word' id='word_1_553' title='bbox 527 5350 897 5422; x_wconf 74' lang='lat' dir='ltr'><strong>contentione,</strong></span> <span class='ocrx_word' id='word_1_554' title='bbox 929 5350 1147 5416; x_wconf 91' lang='lat' dir='ltr'><strong>juvans,</strong></span> <span class='ocrx_word' id='word_1_555' title='bbox 1184 5350 1312 5404; x_wconf 89' lang='lat' dir='ltr'><strong>dum</strong></span> <span class='ocrx_word' id='word_1_556' title='bbox 1364 5351 1477 5406; x_wconf 67' lang='lat' dir='ltr'><strong>haec</strong></span> <span class='ocrx_word' id='word_1_557' title='bbox 1511 5368 1768 5422; x_wconf 90' lang='lat' dir='ltr'><strong>superare</strong></span> <span class='ocrx_word' id='word_1_558' title='bbox 1818 5362 2088 5410; x_wconf 88' lang='lat' dir='ltr'><strong>conatur:</strong></span> 
     </span>
    </p>
   </div>
   <div class='ocr_carea' id='block_1_99' title="bbox 531 5417 2092 5493">
    <p class='ocr_par' dir='ltr' id='par_1_99' title="bbox 531 5417 2092 5493">
     <span class='ocr_line' id='line_1_99' title="bbox 531 5417 2092 5493; baseline 0.008 -27"><span class='ocrx_word' id='word_1_559' title='bbox 531 5417 728 5493; x_wconf 79' lang='lat' dir='ltr'><strong>quib-ts</strong></span> <span class='ocrx_word' id='word_1_560' title='bbox 756 5418 866 5484; x_wconf 83' lang='lat' dir='ltr'><strong>jam</strong></span> <span class='ocrx_word' id='word_1_561' title='bbox 897 5422 1540 5493; x_wconf 77' lang='lat' dir='ltr'><strong>superatisexpurgatus</strong></span> <span class='ocrx_word' id='word_1_562' title='bbox 1579 5417 1832 5490; x_wconf 56' lang='lat' dir='ltr'><strong>&#39;animus,</strong></span> <span class='ocrx_word' id='word_1_563' title='bbox 1877 5425 2092 5493; x_wconf 87' lang='lat' dir='ltr'><strong>illisque</strong></span> 
     </span>
    </p>
   </div>
   <div class='ocr_carea' id='block_1_100' title="bbox 530 5485 2089 5563">
    <p class='ocr_par' dir='ltr' id='par_1_100' title="bbox 530 5485 2089 5563">
     <span class='ocr_line' id='line_1_100' title="bbox 530 5485 2089 5563; baseline 0.006 -24"><span class='ocrx_word' id='word_1_564' title='bbox 530 5485 706 5563; x_wconf 78' lang='lat' dir='ltr'><strong>factus</strong></span> <span class='ocrx_word' id='word_1_565' title='bbox 727 5485 995 5563; x_wconf 73' lang='lat' dir='ltr'><strong>superior,</strong></span> <span class='ocrx_word' id='word_1_566' title='bbox 1024 5491 1238 5546; x_wconf 86' lang='lat' dir='ltr'><strong>virtutis</strong></span> <span class='ocrx_word' id='word_1_567' title='bbox 1272 5485 1372 5546; x_wconf 78' lang='lat' dir='ltr'><strong>iter</strong></span> <span class='ocrx_word' id='word_1_568' title='bbox 1385 5485 1644 5562; x_wconf 63' lang='lat' dir='ltr'><strong>&#39;giganteo</strong></span> <span class='ocrx_word' id='word_1_569' title='bbox 1668 5487 1907 5563; x_wconf 88' lang='lat' dir='ltr'><strong>decurrit</strong></span> <span class='ocrx_word' id='word_1_570' title='bbox 1933 5485 2089 5563; x_wconf 80' lang='lat' dir='ltr'><strong>pede.</strong></span> 
     </span>
    </p>
   </div>
   <div class='ocr_carea' id='block_1_101' title="bbox 530 5555 2093 5630">
    <p class='ocr_par' dir='ltr' id='par_1_101' title="bbox 530 5555 2093 5630">
     <span class='ocr_line' id='line_1_101' title="bbox 530 5555 2093 5630; baseline 0.004 -20"><span class='ocrx_word' id='word_1_571' title='bbox 530 5555 601 5610; x_wconf 89' lang='lat' dir='ltr'><strong>ab</strong></span> <span class='ocrx_word' id='word_1_572' title='bbox 649 5556 940 5630; x_wconf 80' lang='lat' dir='ltr'><strong>actioneet</strong></span> <span class='ocrx_word' id='word_1_573' title='bbox 981 5576 1159 5629; x_wconf 84' lang='lat' dir='ltr'><strong>pugna</strong></span> <span class='ocrx_word' id='word_1_574' title='bbox 1205 5555 1582 5630; x_wconf 59' lang='lat' dir='ltr'><strong>cupiditatum,</strong></span> <span class='ocrx_word' id='word_1_575' title='bbox 1619 5562 1687 5616; x_wconf 90' lang='lat' dir='ltr'><strong>ad</strong></span> <span class='ocrx_word' id='word_1_576' title='bbox 1719 5555 2006 5618; x_wconf 78' lang='lat' dir='ltr'><strong>scientiam</strong></span> <span class='ocrx_word' id='word_1_577' title='bbox 2038 5571 2093 5617; x_wconf 88' lang='lat' dir='ltr'><strong>et</strong></span> 
     </span>
    </p>
   </div>
   <div class='ocr_carea' id='block_1_102' title="bbox 531 5626 2089 5702">
    <p class='ocr_par' dir='ltr' id='par_1_102' title="bbox 531 5626 2089 5702">
     <span class='ocr_line' id='line_1_102' title="bbox 531 5626 2089 5702; baseline 0.005 -24"><span class='ocrx_word' id='word_1_578' title='bbox 531 5626 1154 5702; x_wconf 32' lang='lat' dir='ltr'><strong>contentplatioueim&#39;ae</strong></span> <span class='ocrx_word' id='word_1_579' title='bbox 1185 5626 1470 5693; x_wconf 78' lang='lat' dir='ltr'><strong>rationem,</strong></span> <span class='ocrx_word' id='word_1_580' title='bbox 1527 5631 1799 5702; x_wconf 85' lang='lat' dir='ltr'><strong>Deumque</strong></span> <span class='ocrx_word' id='word_1_581' title='bbox 1835 5635 2089 5696; x_wconf 78' lang='lat' dir='ltr'><strong>evolans;</strong></span> 
     </span>
    </p>
   </div>
   <div class='ocr_carea' id='block_1_103' title="bbox 531 5699 2090 5774">
    <p class='ocr_par' dir='ltr' id='par_1_103' title="bbox 531 5699 2090 5774">
     <span class='ocr_line' id='line_1_103' title="bbox 531 5699 2090 5774; baseline 0.004 -25"><span class='ocrx_word' id='word_1_582' title='bbox 531 5709 599 5753; x_wconf 85' lang='lat' dir='ltr'><strong>ne</strong></span> <span class='ocrx_word' id='word_1_583' title='bbox 630 5703 885 5765; x_wconf 79' lang='lat' dir='ltr'><strong>reputans</strong></span> <span class='ocrx_word' id='word_1_584' title='bbox 908 5699 1143 5768; x_wconf 89' lang='lat' dir='ltr'><strong>quidem,</strong></span> <span class='ocrx_word' id='word_1_585' title='bbox 1164 5715 1390 5768; x_wconf 90' lang='lat' dir='ltr'><strong>quorum</strong></span> <span class='ocrx_word' id='word_1_586' title='bbox 1411 5702 1495 5754; x_wconf 79' lang='lat' dir='ltr'><strong>vix</strong></span> <span class='ocrx_word' id='word_1_587' title='bbox 1521 5699 1796 5772; x_wconf 86' lang='lat' dir='ltr'><strong>aspectum</strong></span> <span class='ocrx_word' id='word_1_588' title='bbox 1823 5704 1978 5770; x_wconf 87' lang='lat' dir='ltr'><strong>ferat,</strong></span> <span class='ocrx_word' id='word_1_589' title='bbox 2001 5704 2090 5774; x_wconf 90' lang='lat' dir='ltr'><strong>qui</strong></span> 
     </span>
    </p>
   </div>
   <div class='ocr_carea' id='block_1_104' title="bbox 2188 4694 3184 4771">
    <p class='ocr_par' dir='ltr' id='par_1_104' title="bbox 2188 4694 3184 4771">
     <span class='ocr_line' id='line_1_104' title="bbox 2188 4694 3184 4771; baseline 0.009 -23"><span class='ocrx_word' id='word_1_590' title='bbox 2188 4694 2382 4760; x_wconf 78' lang='grc' dir='ltr'>ἔξωθεν</span> <span class='ocrx_word' id='word_1_591' title='bbox 2415 4697 2670 4768; x_wconf 84' lang='grc' dir='ltr'>ἀσχολίαν</span> <span class='ocrx_word' id='word_1_592' title='bbox 2702 4700 2846 4770; x_wconf 80' lang='grc' dir='ltr'>ἡμᾶς</span> <span class='ocrx_word' id='word_1_593' title='bbox 2876 4699 3184 4771; x_wconf 83' lang='grc' dir='ltr'>ἀνθρώπου.</span> 
     </span>
    </p>
   </div>
   <div class='ocr_carea' id='block_1_105' title="bbox 2189 4926 3749 4996">
    <p class='ocr_par' dir='ltr' id='par_1_105' title="bbox 2189 4926 3749 4996">
     <span class='ocr_line' id='line_1_105' title="bbox 2189 4926 3749 4996; baseline 0.003 -16"><span class='ocrx_word' id='word_1_594' title='bbox 2189 4927 2366 4980; x_wconf 83' lang='lat' dir='ltr'><strong>adhuc</strong></span> <span class='ocrx_word' id='word_1_595' title='bbox 2402 4926 2670 4996; x_wconf 86' lang='lat' dir='ltr'><strong>incipiens</strong></span> <span class='ocrx_word' id='word_1_596' title='bbox 2722 4940 2785 4979; x_wconf 91' lang='lat' dir='ltr'><strong>ac</strong></span> <span class='ocrx_word' id='word_1_597' title='bbox 2819 4927 2971 4996; x_wconf 90' lang='lat' dir='ltr'><strong>quasi</strong></span> <span class='ocrx_word' id='word_1_598' title='bbox 3029 4926 3450 4996; x_wconf 80' lang='lat' dir='ltr'><strong>rtnlimentarius</strong></span> <span class='ocrx_word' id='word_1_599' title='bbox 3496 4938 3604 4991; x_wconf 80' lang='lat' dir='ltr'><strong>est,</strong></span> <span class='ocrx_word' id='word_1_600' title='bbox 3646 4946 3749 4986; x_wconf 90' lang='lat' dir='ltr'><strong>nec</strong></span> 
     </span>
    </p>
   </div>
   <div class='ocr_carea' id='block_1_106' title="bbox 2191 4995 3752 5070">
    <p class='ocr_par' dir='ltr' id='par_1_106' title="bbox 2191 4995 3752 5070">
     <span class='ocr_line' id='line_1_106' title="bbox 2191 4995 3752 5070; baseline 0.001 -18"><span class='ocrx_word' id='word_1_601' title='bbox 2191 4997 2404 5052; x_wconf 90' lang='lat' dir='ltr'><strong>virtutis</strong></span> <span class='ocrx_word' id='word_1_602' title='bbox 2435 4995 2584 5066; x_wconf 82' lang='lat' dir='ltr'><strong>lyceo</strong></span> <span class='ocrx_word' id='word_1_603' title='bbox 2623 4997 2756 5070; x_wconf 60' lang='lat' dir='ltr'><strong>satis</strong></span> <span class='ocrx_word' id='word_1_604' title='bbox 2785 4995 3131 5070; x_wconf 67' lang='lat' dir='ltr'><strong>exercitatus.</strong></span> <span class='ocrx_word' id='word_1_605' title='bbox 3166 4995 3402 5070; x_wconf 82' lang='lat' dir='ltr'><strong>Fallacia</strong></span> <span class='ocrx_word' id='word_1_606' title='bbox 3441 5015 3572 5070; x_wconf 81' lang='lat' dir='ltr'><strong>ergo</strong></span> <span class='ocrx_word' id='word_1_607' title='bbox 3614 5017 3752 5054; x_wconf 81' lang='lat' dir='ltr'><strong>con-</strong></span> 
     </span>
    </p>
   </div>
   <div class='ocr_carea' id='block_1_107' title="bbox 2191 5065 3751 5138">
    <p class='ocr_par' dir='ltr' id='par_1_107' title="bbox 2191 5065 3751 5138">
     <span class='ocr_line' id='line_1_107' title="bbox 2191 5065 3751 5138; baseline 0.001 -16"><span class='ocrx_word' id='word_1_608' title='bbox 2191 5065 2468 5136; x_wconf 83' lang='lat' dir='ltr'><strong>sequentis</strong></span> <span class='ocrx_word' id='word_1_609' title='bbox 2495 5074 2597 5120; x_wconf 92' lang='lat' dir='ltr'><strong>est.</strong></span> <span class='ocrx_word' id='word_1_610' title='bbox 2635 5065 2798 5120; x_wconf 88' lang='lat' dir='ltr'><strong>Plane</strong></span> <span class='ocrx_word' id='word_1_611' title='bbox 2843 5066 3106 5135; x_wconf 85' lang='lat' dir='ltr'><strong>siquidem</strong></span> <span class='ocrx_word' id='word_1_612' title='bbox 3145 5069 3333 5120; x_wconf 89' lang='lat' dir='ltr'><strong>melior</strong></span> <span class='ocrx_word' id='word_1_613' title='bbox 3359 5083 3431 5138; x_wconf 87' lang='lat' dir='ltr'><strong>ac</strong></span> <span class='ocrx_word' id='word_1_614' title='bbox 3481 5065 3751 5138; x_wconf 63' lang='lat' dir='ltr'><strong>praestan-</strong></span> 
     </span>
    </p>
   </div>
   <div class='ocr_carea' id='block_1_108' title="bbox 2192 5137 3753 5206">
    <p class='ocr_par' dir='ltr' id='par_1_108' title="bbox 2192 5137 3753 5206">
     <span class='ocr_line' id='line_1_108' title="bbox 2192 5137 3753 5206; baseline 0.002 -14"><span class='ocrx_word' id='word_1_615' title='bbox 2192 5139 2314 5200; x_wconf 89' lang='lat' dir='ltr'><strong>tior,</strong></span> <span class='ocrx_word' id='word_1_616' title='bbox 2349 5138 2440 5205; x_wconf 89' lang='lat' dir='ltr'><strong>qui</strong></span> <span class='ocrx_word' id='word_1_617' title='bbox 2471 5153 2534 5193; x_wconf 85' lang='lat' dir='ltr'><strong>ex</strong></span> <span class='ocrx_word' id='word_1_618' title='bbox 2577 5153 2635 5190; x_wconf 92' lang='lat' dir='ltr'><strong>se</strong></span> <span class='ocrx_word' id='word_1_619' title='bbox 2688 5143 2739 5190; x_wconf 90' lang='lat' dir='ltr'><strong>et</strong></span> <span class='ocrx_word' id='word_1_620' title='bbox 2787 5152 2891 5206; x_wconf 82' lang='lat' dir='ltr'><strong>qua</strong></span> <span class='ocrx_word' id='word_1_621' title='bbox 2927 5137 3088 5206; x_wconf 88' lang='lat' dir='ltr'><strong>pollet</strong></span> <span class='ocrx_word' id='word_1_622' title='bbox 3119 5138 3316 5191; x_wconf 86' lang='lat' dir='ltr'><strong>virtute</strong></span> <span class='ocrx_word' id='word_1_623' title='bbox 3347 5137 3539 5195; x_wconf 84' lang='lat' dir='ltr'><strong>fortior</strong></span> <span class='ocrx_word' id='word_1_624' title='bbox 3573 5149 3658 5194; x_wconf 87' lang='lat' dir='ltr'><strong>est</strong></span> <span class='ocrx_word' id='word_1_625' title='bbox 3684 5155 3753 5195; x_wconf 87' lang='lat' dir='ltr'><strong>ac</strong></span> 
     </span>
    </p>
   </div>
   <div class='ocr_carea' id='block_1_109' title="bbox 2191 5207 3750 5276">
    <p class='ocr_par' dir='ltr' id='par_1_109' title="bbox 2191 5207 3750 5276">
     <span class='ocr_line' id='line_1_109' title="bbox 2191 5207 3750 5276; baseline 0.002 -15"><span class='ocrx_word' id='word_1_626' title='bbox 2191 5209 2482 5268; x_wconf 86' lang='lat' dir='ltr'><strong>robustior,</strong></span> <span class='ocrx_word' id='word_1_627' title='bbox 2511 5222 2615 5260; x_wconf 90' lang='lat' dir='ltr'><strong>non</strong></span> <span class='ocrx_word' id='word_1_628' title='bbox 2637 5209 2727 5276; x_wconf 91' lang='lat' dir='ltr'><strong>qui</strong></span> <span class='ocrx_word' id='word_1_629' title='bbox 2759 5207 3016 5261; x_wconf 88' lang='lat' dir='ltr'><strong>debiliore</strong></span> <span class='ocrx_word' id='word_1_630' title='bbox 3044 5207 3242 5261; x_wconf 86' lang='lat' dir='ltr'><strong>virtute</strong></span> <span class='ocrx_word' id='word_1_631' title='bbox 3266 5211 3542 5276; x_wconf 80' lang='lat' dir='ltr'><strong>graviores</strong></span> <span class='ocrx_word' id='word_1_632' title='bbox 3568 5212 3750 5264; x_wconf 86' lang='lat' dir='ltr'><strong>insul-</strong></span> 
     </span>
    </p>
   </div>
   <div class='ocr_carea' id='block_1_110' title="bbox 2192 5276 3754 5348">
    <p class='ocr_par' dir='ltr' id='par_1_110' title="bbox 2192 5276 3754 5348">
     <span class='ocr_line' id='line_1_110' title="bbox 2192 5276 3754 5348; baseline 0.001 -16"><span class='ocrx_word' id='word_1_633' title='bbox 2192 5290 2281 5332; x_wconf 89' lang='lat' dir='ltr'><strong>tus</strong></span> <span class='ocrx_word' id='word_1_634' title='bbox 2312 5281 2532 5348; x_wconf 89' lang='lat' dir='ltr'><strong>patitur,</strong></span> <span class='ocrx_word' id='word_1_635' title='bbox 2579 5277 2806 5331; x_wconf 85' lang='lat' dir='ltr'><strong>necdum</strong></span> <span class='ocrx_word' id='word_1_636' title='bbox 2842 5293 3002 5332; x_wconf 87' lang='lat' dir='ltr'><strong>ovare</strong></span> <span class='ocrx_word' id='word_1_637' title='bbox 3047 5276 3238 5330; x_wconf 84' lang='lat' dir='ltr'><strong>doctus</strong></span> <span class='ocrx_word' id='word_1_638' title='bbox 3274 5279 3634 5342; x_wconf 86' lang='lat' dir='ltr'><strong>victoria,sed</strong></span> <span class='ocrx_word' id='word_1_639' title='bbox 3667 5282 3754 5334; x_wconf 85' lang='lat' dir='ltr'><strong>ni-</strong></span> 
     </span>
    </p>
   </div>
   <div class='ocr_carea' id='block_1_111' title="bbox 2191 5348 3752 5417">
    <p class='ocr_par' dir='ltr' id='par_1_111' title="bbox 2191 5348 3752 5417">
     <span class='ocr_line' id='line_1_111' title="bbox 2191 5348 3752 5417; baseline 0.003 -15"><span class='ocrx_word' id='word_1_640' title='bbox 2191 5357 2312 5402; x_wconf 89' lang='lat' dir='ltr'><strong>tens</strong></span> <span class='ocrx_word' id='word_1_641' title='bbox 2341 5349 2500 5414; x_wconf 90' lang='lat' dir='ltr'><strong>serio,</strong></span> <span class='ocrx_word' id='word_1_642' title='bbox 2526 5348 2984 5417; x_wconf 86' lang='lat' dir='ltr'><strong>perturbationum</strong></span> <span class='ocrx_word' id='word_1_643' title='bbox 3006 5362 3300 5417; x_wconf 87' lang='lat' dir='ltr'><strong>oppressus</strong></span> <span class='ocrx_word' id='word_1_644' title='bbox 3341 5351 3592 5414; x_wconf 88' lang='lat' dir='ltr'><strong>colluvie,</strong></span> <span class='ocrx_word' id='word_1_645' title='bbox 3660 5367 3752 5413; x_wconf 91' lang='lat' dir='ltr'><strong>ne,</strong></span> 
     </span>
    </p>
   </div>
   <div class='ocr_carea' id='block_1_112' title="bbox 2193 5419 3755 5490">
    <p class='ocr_par' dir='ltr' id='par_1_112' title="bbox 2193 5419 3755 5490">
     <span class='ocr_line' id='line_1_112' title="bbox 2193 5419 3755 5490; baseline 0.001 -17"><span class='ocrx_word' id='word_1_646' title='bbox 2193 5419 2459 5488; x_wconf 78' lang='lat' dir='ltr'><strong>frequenti</strong></span> <span class='ocrx_word' id='word_1_647' title='bbox 2483 5434 2548 5471; x_wconf 88' lang='lat' dir='ltr'><strong>eo</strong></span> <span class='ocrx_word' id='word_1_648' title='bbox 2574 5419 3027 5490; x_wconf 48' lang='lat' dir='ltr'><strong>s£atu,nau_fragio</strong></span> <span class='ocrx_word' id='word_1_649' title='bbox 3080 5420 3347 5487; x_wconf 88' lang='lat' dir='ltr'><strong>profundo</strong></span> <span class='ocrx_word' id='word_1_650' title='bbox 3367 5421 3755 5490; x_wconf 81' lang='lat' dir='ltr'><strong>demergatur;</strong></span> 
     </span>
    </p>
   </div>
   <div class='ocr_carea' id='block_1_113' title="bbox 2193 5486 3756 5560">
    <p class='ocr_par' dir='ltr' id='par_1_113' title="bbox 2193 5486 3756 5560">
     <span class='ocr_line' id='line_1_113' title="bbox 2193 5486 3756 5560; baseline 0.001 -16"><span class='ocrx_word' id='word_1_651' title='bbox 2193 5486 2431 5544; x_wconf 79' lang='lat' dir='ltr'><strong>clamans</strong></span> <span class='ocrx_word' id='word_1_652' title='bbox 2453 5503 2574 5541; x_wconf 88' lang='lat' dir='ltr'><strong>cum</strong></span> <span class='ocrx_word' id='word_1_653' title='bbox 2607 5486 2804 5542; x_wconf 88' lang='lat' dir='ltr'><strong>Paulo:</strong></span> <span class='ocrx_word' id='word_1_654' title='bbox 2834 5486 3027 5560; x_wconf 69' lang='lat' dir='ltr'><strong>Infelix</strong></span> <span class='ocrx_word' id='word_1_655' title='bbox 3046 5486 3311 5560; x_wconf 10' lang='lat' dir='ltr'><strong>egorltomo</strong></span> <span class='ocrx_word' id='word_1_656' title='bbox 3330 5490 3350 5542; x_wconf 86' lang='lat'><strong>.&#39;</strong></span> <span class='ocrx_word' id='word_1_657' title='bbox 3369 5492 3482 5560; x_wconf 76' lang='lat' dir='ltr'><strong>quis</strong></span> <span class='ocrx_word' id='word_1_658' title='bbox 3511 5486 3594 5544; x_wconf 55' lang='lat' dir='ltr'><strong>m&#39;e</strong></span> <span class='ocrx_word' id='word_1_659' title='bbox 3623 5486 3756 5545; x_wconf 52' lang='lat' dir='ltr'><strong>(ibe?</strong></span> 
     </span>
    </p>
   </div>
   <div class='ocr_carea' id='block_1_114' title="bbox 2195 5559 3756 5632">
    <p class='ocr_par' dir='ltr' id='par_1_114' title="bbox 2195 5559 3756 5632">
     <span class='ocr_line' id='line_1_114' title="bbox 2195 5559 3756 5632; baseline 0.003 -20"><span class='ocrx_word' id='word_1_660' title='bbox 2195 5560 2332 5632; x_wconf 75' lang='grc' dir='ltr'>ηιρἱ</span> <span class='ocrx_word' id='word_1_661' title='bbox 2366 5560 2428 5612; x_wconf 85' lang='lat' dir='ltr'><strong>de</strong></span> <span class='ocrx_word' id='word_1_662' title='bbox 2462 5573 2675 5632; x_wconf 76' lang='lat' dir='ltr'><strong>corpore</strong></span> <span class='ocrx_word' id='word_1_663' title='bbox 2704 5562 2894 5632; x_wconf 67' lang='lat' dir='ltr'><strong>mortis</strong></span> <span class='ocrx_word' id='word_1_664' title='bbox 2917 5559 3104 5632; x_wconf 37' lang='lat' dir='ltr'><strong>hujus“?</strong></span> <span class='ocrx_word' id='word_1_665' title='bbox 3135 5559 3257 5613; x_wconf 67' lang='grc' dir='ltr'><strong>ΙΙωο</strong></span> <span class='ocrx_word' id='word_1_666' title='bbox 3289 5559 3512 5616; x_wconf 82' lang='lat' dir='ltr'><strong>infantia</strong></span> <span class='ocrx_word' id='word_1_667' title='bbox 3533 5577 3599 5615; x_wconf 88' lang='lat' dir='ltr'><strong>ac</strong></span> <span class='ocrx_word' id='word_1_668' title='bbox 3625 5578 3756 5632; x_wconf 83' lang='lat' dir='ltr'><strong>par-</strong></span> 
     </span>
    </p>
   </div>
   <div class='ocr_carea' id='block_1_115' title="bbox 2197 5629 3316 5700">
    <p class='ocr_par' dir='ltr' id='par_1_115' title="bbox 2197 5629 3316 5700">
     <span class='ocr_line' id='line_1_115' title="bbox 2197 5629 3316 5700; baseline 0.001 -17"><span class='ocrx_word' id='word_1_669' title='bbox 2197 5631 2301 5684; x_wconf 87' lang='lat' dir='ltr'><strong>vuli</strong></span> <span class='ocrx_word' id='word_1_670' title='bbox 2328 5638 2476 5693; x_wconf 73' lang='lat' dir='ltr'><strong>tetas,</strong></span> <span class='ocrx_word' id='word_1_671' title='bbox 2498 5631 2587 5685; x_wconf 84' lang='lat' dir='ltr'><strong>illa</strong></span> <span class='ocrx_word' id='word_1_672' title='bbox 2616 5630 2713 5684; x_wconf 88' lang='lat' dir='ltr'><strong>viri</strong></span> <span class='ocrx_word' id='word_1_673' title='bbox 2745 5630 3020 5700; x_wconf 85' lang='lat' dir='ltr'><strong>perfectio.</strong></span> <span class='ocrx_word' id='word_1_674' title='bbox 3050 5629 3316 5684; x_wconf 74' lang='lat' dir='ltr'><strong>Coussns</strong></span> 
     </span>
    </p>
   </div>
  </div>
