3962 6204
502 358 601 413 245

1498 365 1556 421 s.
1600 366 1932 426 unrnonn
1962 356 2390 429 EPISCOPI‘ET
2427 368 2787 430 MARTYRIS

3635 369 3743 428 2“

499 474 694 530 [luctus
738 475 1016 530 montanis
1067 478 1380 547 superciliis
1431 482 1741 551 proximos,
1796 492 1962 556 atque
2009 494 2062 542 ut

2170 487 2341 560 όρέων
2372 486 2747 559 παραπλήσιον
2786 485 2969 559 ἑώρων
3006 485 3246 557 κύματα,
3294 485 3386 539 καὶ⁹
3437 483 3548 558 (ὡς
3584 483 3741 556 λόγον

497 583 611 621 rem
633 568 832 636 dicam,
860 569 927 624 ad
953 569 1132 640 ipsum
1156 572 1524 646 pertingentes
1544 578 1743 634 coelum
1769 597 1784 634 :
1816 595 1917 636 nec
1941 580 2062 637 mihi

2180 576 2410 650 είπεῖν,)
2442 576 2605 632 αὑτοῦ
2638 576 2998 648 ἐφικνούμενα
3026 576 3119 630 τοῦ
3158 575 3386 648 ούρανοῦ
3414 593 3429 605 ·
3470 574 3532 629 τὸ
3565 575 3615 630 δ’
3652 577 3745 631 ὲνο

497 658 625 714 inde
653 658 800 715 aliud
832 663 1260 733 exspectandum
1286 670 1632 737 occurrebat,
1655 687 1818 742 quam
1851 681 1911 728 ut
1958 675 2082 733 uni-

495 765 706 805 versam
734 759 935 807 terram
972 755 1402 827 submergerent,
1449 762 1805 833 veniebatque
1842 762 1897 818 in
1927 780 2075 821 men-

494 851 603 899 tem
639 843 778 916 fugae
824 846 977 903 locus
998 890 1014 916 ,
1067 859 1121 906 et
1166 865 1349 907 arcam
1379 851 1493 909 Noe
1522 854 1705 910 animo
1730 856 2068 927 etlingebam.

493 935 760 993 Caeterum
779 954 941 995 secus
963 948 1079 995 erat
1111 956 1177 995 ac
1198 943 1481 1012 opinabar.
1520 944 1641 1001 Mox
1673 947 1871 1019 quippe
1894 964 2068 1012 mare.

481 1038 552 1102 [ut
584 1030 937 1098 intumuerat,
965 1034 1021 1090 in
1043 1049 1103 1090 se
1122 1034 1300 1105 ipsum
1331 1038 1725 1108 resolvebatur,
1751 1056 1862 1096 non
1887 1048 2071 1099 trans-

478 1121 744 1219 égrediens
795 1123 974 1180 locum
1016 1141 1199 1192 suum,
1225 1128 1542 1196 reveritum,
1572 1137 1632 1185 ut
1673 1133 1838 1188 verbo
1865 1133 2069 1198 dicam,

479 1213 735 1305 fdivinum
780 1218 1098 1274 mandatum
1156 1220 1200 1275 ⁸.
1253 1221 1332 1278 Ac
1390 1225 1871 1294 quemadmodum,
1920 1226 2068 1282 haud

479 1314 866 1417 Ariarozservus
894 1311 1094 1383 aliquis
1119 1325 1350 1387 cogente
1379 1317 1599 1375 domino
1644 1319 1875 1374 invitum
1906 1319 2067 1391 quid-

479 1402 616 1485 fdam
647 1402 824 1460 facere
848 1448 864 1472 ,
912 1406 1171 1465 mandato
1212 1409 1432 1481 quidem
1465 1410 1662 1468 timore
1697 1413 2020 1484 obsequitur
2049 1434 2065 1473 :

490 1509 594 1549 nec
617 1494 912 1567 quidquam
938 1504 1140 1565 tamen,
1159 1502 1304 1572 quod
1326 1503 1648 1559 reluctantia
1669 1505 1837 1561 sentit
1858 1506 2063 1571 animo,

480 1586 656 1661 audet
694 1586 877 1644 dicere
908 1606 924 1647 :
959 1590 1056 1646 sed
1111 1593 1304 1664 plenus
1356 1594 1437 1651 ira
1468 1594 1725 1665 quadam,
1757 1611 1941 1652 secum
1968 1596 2066 1651 im-

478 1667 797 1736 ‘murmurat
830 1683 950 1739 :sic
982 1692 1129 1741 certe
1165 1694 1219 1741 et
1242 1686 1373 1742 mihi
1397 1686 1621 1743 videbar
1656 1689 1860 1756 videre,
1915 1688 2065 1745 velut

489 1770 689 1825 iratum
712 1788 881 1839 mare,
914 1790 1212 1849 secumque
1230 1779 1408 1849 ipsum
1434 1779 1695 1836 claudens
1730 1782 1868 1836 iram
1900 1795 1966 1836 ac
2003 1796 2065 1837 se

2177 666 2366 721 τεῦθεν
2393 666 2546 720 οὐδὲν
2584 666 2772 737 ἓτερον
2814 664 3153 738 προσεδόκων
3180 664 3216 735 ἢ
3256 663 3472 717 ἃπασαν
3512 662 3741 715 ἐπικλυ-

2177 758 2432 830 θήσεσθαι
2469 758 2567 830 τὴν
2597 756 2722 828 γῆν·
2749 755 2841 811 καί
2878 773 2967 828 μοι
3004 756 3180 826 φυγῆς
3216 757 3275 809 ὲν
3312 753 3388 825 τῷ
3428 752 3510 808 νοῒ
3552 753 3740 818 τόπον,

2175 853 2269 906 καὶ
2299 852 2398 923 τὴν
2430 850 2524 905 τοῦ
2572 850 2697 905 Νῶε
2725 850 3053 906 ἀνέπλαττον
3081 848 3330 905 κιϐωτόν.
3365 847 3438 901 Τὸ
3468 848 3514 901 δ’
3538 847 3640 903 οὐκ
3670 843 3743 919 ἦν

2173 943 2203 999 δ
2233 942 2496 1016 ἐνόμιζον.
2557 943 2715 997 Ἀλλά
2747 945 2856 1016 γάρ
2887 943 3002 1014 ἅμα
3028 938 3373 1013 κυρτωθῆναι
3410 939 3511 1011 τὴν
3540 937 3740 1022 0&1“.-

2175 1055 2295 1103 σαν,
2341 1037 2502 1092 πάλιν
2545 1036 2798 1093 ἀνελύετο
2830 1038 2910 1100 είς
2938 1037 3159 1105 ἑαυτὴν,
3192 1035 3291 1105 οὐχ
3336 1032 3740 1104 ὑπερὸαίνουσα

2168 1132 2262 1186 τὸν
2290 1131 2489 1186 οἰκεῖον
2526 1131 2711 1197 τόπον,
2747 1129 2843 1202 (ὡς
2890 1129 3018 1194 ἔπος
3059 1126 3277 1200 είπεῖν,)
3303 1126 3443 1184 θεῖόν
3476 1144 3531 1180 τι
3570 1129 3736 1198 πρόσ-

2168 1243 2356 1299 ταγμα
2407 1226 2782 1299 πεφοὸημένη.
2836 1225 2946 1281 Καὶ
3005 1224 3254 1299 καθάπερ
3306 1224 3565 1290 πολλάκις
3629 1224 3737 1281 τῶν

2167 1319 2392 1375 οἰκετῶν
2427 1337 2533 1385 τις,
2591 1317 2723 1373 ἀκον
2761 1336 2813 1377 τι
2863 1318 2997 1390 πρὸς
3033 1318 3127 1371 τοῦ
3172 1318 3430 1373 δεσπότου
3477 1318 3737 1391 πράττειν

2166 1412 2627 1486 ἀναγκαζόμενος,
2659 1411 2735 1485 τῷ
2771 1412 2866 1484 μὲν
2910 1411 3289 1482 προστάγματι
3318 1410 3406 1467 διά
3450 1410 3539 1466 τὸν
3573 1410 3738 1480 φόϐαν

2165 1505 2444 1564 πείθεται·
2485 1505 2514 1559 ὃ
2542 1505 2599 1560 δὲ
2643 1504 2864 1575 πάσχει,
2909 1502 3166 1573 πράττειν
3211 1502 3286 1575 μὴ
3336 1501 3524 1566 θέλων,
3559 1500 3737 1572 λέγειν

2130 1656 2131 1659 η
2163 1610 2217 1647 τι
2263 1595 2326 1648 ού
2360 1594 2532 1671 τολμᾷ
2554 1612 2568 1628 ·
2606 1591 2915 1667 τονθορύζει
2953 1591 3012 1646 δὲ
3048 1593 3106 1646 ὲν
3138 1590 3334 1663 ἑαυτῷ,
3380 1590 3552 1667 θυμοῦ
3595 1608 3738 1656 τινος

2164 1688 2572 1760 πληρούμενος·
2609 1686 2750 1741 οὕτω
2798 1684 2889 1758 μοί
2927 1701 3045 1749 πως
3091 1683 3339 1756 ἐφαίνετο
3384 1685 3480 1742 καὶ⁵
3511 1682 3612 1755 τὴν
3642 1683 3737 1737 θά-

2162 1778 2388 1847 λασσαν,
2425 1778 2667 1851 ὡσπερεὶ
2686 1778 3054 1850 θυμουμένην,
3080 1776 3174 1830 καὶ
3197 1777 3255 1831 ὲν
3277 1776 3439 1848 ἑαυτῇ
3472 1776 3737 1850 φράττου-

489 1864 801 1930 continens,
821 1867 1054 1925 veritum
1076 1867 1304 1926 Domino
1333 1871 1583 1942 prodere.
1615 1870 1741 1928 Haec
1762 1873 1835 1929 ita
1860 1873 2059 1929 haben-

2165 1890 2258 1927 σαν
2297 1872 2396 1944 τὴν
2423 1872 2612 1945 ὀργὴν,
2649 1870 2952 1943 κρατοῦσάν
2977 1887 3037 1923 τε
3061 1868 3278 1940 ἑαυτῆς,
3305 1867 3365 1921 ού
3408 1869 3737 1941 βουλομένην

487 1953 587 2019 tia,
619 1957 838 2022 tacitus,
872 1958 1098 2016 intentis
1120 1963 1319 2029 oculis,
1352 1965 1601 2034 aspicere
1634 1979 1943 2035 cmperam;
1971 1980 2062 2021 V0-

476 2045 773 2127 llebamque
794 2051 991 2106 caelum
1013 2053 1196 2109 animo
1219 2055 1420 2121 metiri,
1445 2065 1499 2112 et
1513 2056 1701 2114 orbem
1726 2056 1847 2128 ejus
1876 2075 1888 2112 :
1920 2071 2063 2127 quat-

487 2138 674 2194 rebam
725 2157 826 2213 ego
880 2144 1022 2201 unde
1049 2145 1314 2218 inciperet
1347 2164 1524 2220 quove
1567 2149 1842 2206 desineret
1870 2167 1883 2205 :
1911 2148 2061 2220 quali

486 2232 614 2288 item
656 2233 893 2290 cieretur
940 2246 1091 2295 motu
1130 2258 1147 2297 :
1203 2256 1332 2295 num
1363 2241 1673 2307 transitivo,
1704 2242 1810 2298 hoc
1843 2248 1949 2308 est,
1991 2241 2060 2297 ab

486 2340 599 2381 uno
645 2326 701 2381 in
732 2327 899 2383 alium
932 2330 1149 2398 locum,
1190 2334 1276 2390 vel
1330 2334 1389 2389 in
1428 2335 1615 2391 orbem
1653 2334 1929 2391 ferretur:
1964 2333 2061 2391 sed

483 2422 541 2472 et
566 2418 839 2487 quomodo
861 2422 1047 2475 statim
1076 2422 1424 2479 consisteret.
1459 2423 1623 2493 Atqui
1653 2422 1816 2478 etiam
1844 2421 1913 2479 de
1946 2421 2062 2487 sole

483 2510 835 2585 querendum
870 2512 1173 2581 videbatur,
1235 2530 1345 2585 quo
1396 2514 1445 2569 is
1478 2514 1639 2570 modo
1666 2511 1954 2584 positionis
2002 2511 2061 2567 in

485 2606 628 2662 coelo
657 2606 855 2662 habeat
887 2627 899 2662 :
933 2608 1059 2678 quis
1086 2623 1215 2664 vero
1242 2608 1511 2665 terminus
1539 2608 1610 2665 sit
1633 2621 1830 2663 cursus
1860 2606 2009 2661 illius
2041 2621 2057 2661 :

485 2716 596 2773 quo
634 2700 760 2755 item
784 2700 933 2757 brevi
978 2707 1126 2757 esset
1179 2715 1547 2758 concessurus
1570 2718 1604 2767 ;‘
1638 2714 1704 2755 ac
1732 2713 1909 2770 neque
1942 2698 2062 2770 ipse

484 2794 920 2865 transgrediatur
950 2806 1172 2849 cursum
1205 2793 1521 2865 proprium:
1554 2791 1649 2848 sed
1678 2800 1732 2847 et
1759 2791 1896 2862 ipse,
1915 2787 2059 2860 quod

474 2899 676 2957 ‘verum
727 2884 888 2939 liceat
938 2885 1108 2957 loqui,
1170 2884 1411 2942 melioris
1466 2890 1795 2955 praeceptum
1839 2878 2061 2951 aliquod

474 2968 805 3044 'custodiat;
864 2986 1104 3050 tuncque
1153 2976 1314 3034 nobis
1366 2979 1698 3051 conspicuus
1761 2978 2060 3045 appareat.

474 3070 610 3127 cum
633 3079 717 3128 est
742 3086 1101 3137 concessum;
1138 3087 1356 3128 rursum
1388 3087 1538 3138 vero,
1562 3086 1661 3126 ceu
1678 3075 1906 3125 vocatus
1936 3066 2059 3124 abl-

486 3159 666 3217 cedat.
713 3159 933 3217 Interim
978 3177 1110 3234 ergo
1161 3162 1293 3218 dum
1348 3163 1464 3218 haec
1521 3162 1770 3232 exquiro,
1809 3156 2059 3214 videbam

487 3252 620 3308 solis
640 3252 803 3323 juhar
824 3228 1094 3320 occidere,
1126 3255 1341 3327 dieique
1369 3256 1552 3311 lumen
1577 3228 1838 3319 deﬁcere;
1862 3265 1926 3305 ac
1952 3256 2064 3305 sta—
2090 3228 2133 3286 (ἶ

483 3344 585 3399 tim
613 3345 807 3401 adesse
838 3347 1114 3414 tenebras,
1155 3348 1448 3420 lunamque
1486 3348 1589 3405 soli
1617 3347 1910 3404 succedere
1947 3365 1962 3402 :
1997 3359 2062 3401 ac

485 3436 722 3507 primum
753 3438 972 3508 quidem
1004 3440 1269 3495 minutam
1309 3441 1482 3510 oriri;
1516 3439 1861 3512 postmodum
1907 3453 2059 3503 vero,

488 3539 655 3582 cursu
709 3541 1138 3600 promoventem,
1167 3531 1360 3602 majori
1408 3531 1590 3603 specie
1647 3545 1939 3602 apparere.
1983 3528 2063 3583 Ac

485 3637 665 3691 neque
705 3621 773 3678 de
796 3623 886 3677 illa
917 3639 1160 3695 quaerere
1182 3626 1487 3690 cessabant,
1511 3637 1844 3695 causamque
1881 3621 2062 3677 minu-

486 3715 653 3771 tiouis
682 3722 736 3771 et
757 3712 1086 3773 accreiionis
1112 3718 1434 3784 scrutabor;
1464 3717 1612 3788 quod
1644 3717 1761 3787 ipsa
1785 3714 2061 3771 nihilomi-

488 3823 595 3865 nus
619 3808 882 3865 circulum
903 3810 1115 3866 dierum
1140 3816 1321 3864 teneat
1340 3829 1352 3864 :
1370 3810 1603 3881 indeque
1628 3809 1760 3864 mihi
1785 3809 2060 3880 quandam

487 3902 726 3958 divinam
754 3900 1149 3972 providentiam
1178 3917 1243 3958 ac
1266 3902 1374 3958 vim
1395 3902 1680 3959 meliorum
1715 3901 1898 3958 omnia
1930 3917 2062 3958 con-

489 3993 775 4060 tinentem,
797 4010 959 4065 quam
993 4002 1047 4050 et
1080 3994 1246 4050 Deum
1264 3994 1390 4065 jure
1416 3994 1673 4063 dicimus,
1698 3994 1953 4065 colligere
1975 3993 2060 4049 vi-

489 4088 678 4146 debar.
705 4085 974 4142 Cancrum
1023 4101 1155 4142 vero
1197 4088 1340 4160 cmpi
1369 4086 1591 4144 laudare
1615 4084 1872 4158 Opiﬁcem
1899 4123 1915 4149 ,
1966 4083 2061 4156 qui

486 4186 690 4236 terram
723 4179 905 4247 ﬁxam,
931 4179 1355 4251 animaliumque
1398 4178 1735 4236 differentias
1775 4193 1840 4233 ac
1881 4178 2061 4234 varios

487 4272 797 4345 plantarum
828 4270 989 4329 ﬂores
1049 4272 1371 4343 aspicerem.
1428 4271 1749 4333 Enimvero,
1780 4269 2062 4340 haudqua-

484 4377 650 4434 quam
699 4360 916 4417 animus
966 4363 1023 4417 in
1078 4362 1228 4419 hisce
1261 4371 1316 4419 et
1351 4362 1483 4420 solis
1525 4364 1771 4420 constitit
1808 4382 1821 4418 :
1860 4361 1954 4417 sed
1994 4360 2062 4417 de

485 4464 704 4522 caetero,
723 4471 968 4526 quaerere
990 4456 1132 4528 ccepi
1160 4456 1305 4513 unde
1332 4457 1448 4512 haec
1477 4457 1777 4513 constituta
1822 4461 2008 4511 essent
2043 4472 2057 4509 :

486 4564 618 4603 num
646 4563 715 4604 ex
751 4548 935 4619 aliquo
964 4549 1109 4619 quod
1132 4563 1345 4620 semper
1372 4549 1670 4606 coexsistat
1698 4547 1830 4617 Deo,
1861 4548 1947 4603 vel
1993 4563 2062 4603 ex

488 4642 861 4713 ipso'soloqne
884 4640 1015 4707 Deo,
1045 4642 1193 4699 nulla
1217 4643 1267 4699 ei
1305 4658 1364 4699 re
1394 4641 2062 4706 coexsistente,consiste-

488 4743 630 4792 rent.
668 4736 799 4789 Nam
824 4735 960 4790 nihil
995 4752 1060 4793 ex
1098 4736 1270 4793 nihilo
1301 4737 1532 4805 fecisse,
1563 4737 1772 4793 ratione
1797 4751 1906 4793 non
1942 4751 2062 4793 om-

487 4831 619 4884 nino
664 4829 1009 4901 improbabili
1055 4839 1376 4902 suppetente
1414 4830 1871 4888 considerandum
1903 4829 2055 4887 duxi.

486 4922 701 4978 Habent
722 4924 866 4979 enim
888 4940 1009 4995 qua!
1039 4925 1193 4993 tiunt,
1213 4941 1280 4982 ex
1309 4925 1490 4997 aliquo
1520 4925 1637 4982 ﬁeri
1683 4940 1747 4980 ac
1773 4923 2055 4980 constitui.

488 5014 755 5074 Similiter
808 5017 974 5073 etiam
1052 5034 1177 5076 vere
1230 5021 1521 5076 dicendum
1574 5018 1880 5085 videbatur,
1920 5018 2058 5075 nihil

486 5105 601 5164 Deo
626 5119 820 5179 prater
850 5109 1030 5181 ipsum
1078 5112 1440 5181 coexsistere;
1493 5127 1724 5184 esseque
1774 5128 1882 5177 res,
1940 5112 2061 5183 ipso

486 5207 706 5255 creante
737 5219 752 5256 :
784 5201 1053 5270 siquidem
1092 5202 1146 5258 id
1174 5210 1420 5260 suaserat
1452 5205 1788 5276 compositus
1816 5203 2061 5260 elemen-

487 5300 666 5346 torum
718 5291 888 5359 ordo.
939 5302 1257 5366 natumque
1312 5295 1367 5350 in
1416 5294 1496 5352 eis
1548 5295 1912 5352 concinnitas.
1969 5294 2063 5349 Sic

486 5399 647 5447 vero,
684 5386 821 5443 bene
872 5388 1132 5445 statuisse
1181 5388 1476 5454 arbitrans,
1527 5389 1748 5446 domum
1797 5388 2057 5443 redibam.

488 5470 776 5541 Caeterum,
809 5493 932 5531 cum
957 5478 1228 5549 sequenti,
1260 5494 1455 5550 nempe
1492 5478 1756 5535 hodierna
1782 5479 1892 5544 die,
1915 5478 2064 5535 exis-

489 5578 626 5631 sem,
654 5565 792 5623 duos
822 5569 1111 5637 quosdam,
1145 5570 1335 5627 eodem
1370 5584 1603 5643 genere,
1651 5570 1923 5638 homines,
1976 5570 2061 5626 in-

593 5769 613 5802 '
653 5766 755 5825 Job
786 5784 1012 5837 xxxviii,
1042 5769 1127 5828 ll.

2159 1966 2239 2039 τῷ
2256 1965 2491 2039 δεσπότῃ
2512 1963 2743 2037 φανερὸν
2774 1963 2995 2035 ποιῆσαι
3024 1962 3114 2018 τὸν
3150 1961 3341 2035 θυμόν.
3373 1962 3559 2017 Ταῦτα
3594 1962 3738 2016 οὕτω

2160 2060 2418 2132 γινόμενα
2448 2058 2665 2112 σιωπῶν
2683 2058 2947 2123 ἀτενίζειν
2970 2056 3241 2129 ἠρχόμην,
3274 2055 3481 2110 καὶτὸν
3502 2053 3736 2127 οὐρανὸν

2160 2153 2256 2209 καὶ
2283 2152 2372 2206 τὸν
2403 2151 2599 2207 κύκλον
2626 2149 2812 2216 αὑτοῦ,
2847 2149 2925 2220 τῷ
2969 2148 3048 2203 νοῒ
3099 2149 3462 2220 καταμετρεῖν
3508 2144 3734 2221 ἧθελον·

2161 2243 2324 2298 πόθεν
2339 2260 2396 2299 τε
2412 2243 2660 2317 ἄρχεται,
2690 2241 2784 2296 καί
2813 2240 2915 2294 ποῦ
2936 2238 3261 2307 καταπαύει,
3285 2238 3583 2310 ἀνεζήτουν
3597 2235 3732 2307 ἐγώ·

2162 2337 2319 2392 ποίαν
2338 2354 2396 2391 τε
2420 2338 2631 2409 κίνησιν
2660 2336 2771 2407 ἔχει
2790 2352 2804 2366 ·
2823 2334 3047 2406 πότερον
3061 2331 3160 2405 τὴν
3177 2330 3568 2405 μεταδατικὴν,
3584 2350 3742 2389 τουτο

2156 2430 2274 2485 έστι
2337 2429 2435 2502 τὴν
2460 2428 2567 2483 ἀπὸ
2593 2428 2758 2482 τόπου
2793 2429 2872 2491 εἰς
2908 2426 3094 2489 τόπον,
3130 2423 3284 2494 ἦτὴν
3321 2420 3506 2493 κύκλῳ
3532 2429 3733 2490 φοράν·

2162 2524 2281 2588 πῶς
2304 2523 2363 2579 δὲ
2393 2523 2488 2578 καὶ
2510 2523 2608 2594 τὴν
2640 2522 2894 2593 ἐπίμονον
2921 2518 3076 2590 βάσιν
3116 2515 3249 2587 ἔχει.
3290 2516 3455 2571 ’Λλλά
3487 2515 3594 2587 μὴν
3637 2513 3738 2571 καὶ

2161 2618 2289 2688 περὶ
2303 2614 2396 2670 τοῦ
2411 2614 2564 2687 ἡλίου
2582 2614 2762 2684 ζητεῖν
2790 2612 2982 2679 ἐδόκει,
3006 2609 3088 2674 τίς
3104 2625 3165 2660 τε
3182 2610 3210 2661 ό
3228 2607 3423 2681 τρόπος
3446 2606 3611 2662 αὑτοῦ
3633 2606 3738 2677 τῆς

2161 2712 2219 2765 ὲν
2243 2708 2456 2782 οὐρανῷ
2484 2707 2685 2771 θέσεως
2703 2724 2717 2737 ·
2745 2706 2829 2770 τίς
2856 2705 2913 2759 δὲ
2936 2706 3029 2760 καὶ
3050 2706 3085 2778 ἡ
3118 2702 3362 2776 περίοδος
3389 2700 3482 2755 τοῦ
3503 2699 3730 2772 δρόμου·

2164 2802 2267 2858 ποῦ
2308 2802 2365 2856 δὲ
2408 2801 2501 2856 καὶ
2551 2800 2667 2872 μετ’
2706 2798 2883 2870 ὀλίγον
2928 2799 3117 2870 χωρεῖ,
3146 2796 3238 2850 καὶ⁴
3274 2796 3354 2849 ὅτι
3408 2791 3542 2865 μηδὲ
3581 2786 3737 2855 οὗτος

2162 2894 2494 2967 παρέρχεται
2521 2891 2612 2947 τὸν
2640 2892 2835 2949 οἰκεῖον
2878 2889 3103 2960 δρόμον·
3137 2886 3271 2941 ἀλλά
3301 2886 3395 2940 καὶ
3424 2883 3607 2947 αὐτὸς,
3656 2882 3737 2947 ὡς

2162 2985 2369 3040 ἔνεστιν
2395 2985 2590 3048 εἰπεῖν,
2615 2982 2834 3053 ἐντολήν
2862 2997 2983 3034 τινα
3008 2979 3260 3049 φυλάττει
3283 2979 3609 3051 κρείττονος·
3636 2973 3737 3029 καὶ

2163 3077 2342 3149 φαίνει
2378 3076 2476 3148 μὲν
2503 3075 2625 3129 τότε
2651 3073 2779 3146 παρ’
2807 3074 2958 3143 ἡμῖν,
2989 3072 3078 3126 ὅτε
3112 3071 3319 3139 ἔξεστιν
3354 3067 3531 3137 αὐτῷ·
3569 3065 3739 3137 ἀπέρ-

2164 3186 2317 3242 χεται
2357 3169 2436 3233 δὲ,
2480 3167 2555 3233 ὡς
2594 3163 2948 3238 καλούμενος.
2995 3162 3351 3243 Καὶγτούτων
3392 3160 3573 3215 τοξνυν
3632 3159 3739 3230 τὴν

2167 3263 2412 3332 ἐξέτασιν
2451 3259 2791 3331 ποιούμενος,
2843 3255 3027 3327 ἑώρων
3076 3254 3379 3326 παυόμενον
3415 3251 3512 3323 μὲν
3548 3250 3609 3303 τὸ
3640 3246 3736 3332 τοῦ

2166 3328 2319 3429 ἡλίου
2344 3353 2565 3424 φέγγος,
2598 3328 2875 3404 ἐπιλεῖπον
2911 3349 2968 3404 δὲ
3001 3349 3094 3402 καὶ
3128 3348 3227 3418 τῆς
3248 3346 3460 3418 ἡμέρας
3488 3343 3549 3397 τδ
3582 3328 3734 3412 φῶξ.

2166 3447 2368 3510 εὐθέως
2398 3445 2455 3498 δὲ
2489 3442 2767 3514 γινόμενον
2799 3440 3007 3505 σκότος,
3044 3440 3138 3493 καὶ
3175 3437 3401 3508 σελήνην
3428 3432 3741 3505 διαδεχομέο

2167 3556 2264 3609 νην
2300 3537 2391 3593 τὸν
2434 3534 2614 3605 ἥλιον·
2655 3530 2747 3588 καὶ
2778 3531 2845 3584 τά
2880 3530 2979 3602 μὲν
3017 3529 3210 3602 πρῶτα
3235 3526 3489 3582 ἀνιοῦσαν
3524 3525 3737 3596 μείονα,

2170 3629 2465 3702 μετέπειτα
2504 3626 2563 3680 δὲ
2602 3624 3015 3697 προκόπτουσαν
3065 3621 3144 3693 τῷ
3187 3620 3392 3696 δρόμῳ,
3436 3615 3738 3693 φαντασίαν

2166 3724 2513 3796 παρέχουσαν
2560 3716 2825 3791 μείζονος.
2875 3716 2989 3770 Ούκ
3034 3712 3315 3785 ἐπαυόμην
3356 3710 3412 3764 δὲ
3460 3709 3553 3764 καὶ
3608 3707 3741 3779 περὶ

2165 3817 2370 3889 ταύτης
2407 3813 2608 3886 ζητῶν,
2637 3812 2733 3867 καὶ
2763 3810 2863 3882 τὴν
2895 3809 3073 3865 αἰτίαν
3116 3807 3215 3879 τῆς
3254 3802 3595 3877 ἀφαιρέσεως
3642 3800 3742 3855 καὶ

2165 3910 2266 3981 τῆς
2296 3906 2637 3979 προσθέσεως
2684 3901 3023 3975 ἀνηρεύνων,
3053 3901 3137 3955 ὅτι
3170 3915 3231 3951 τε
3271 3898 3363 3952 καὶ
3417 3895 3558 3972 αὐτὴ
3582 3892 3742 3964 τηρεῖ

2166 4000 2258 4054 τὸν
2287 3998 2483 4054 κύκλον
2505 3996 2612 4051 τῶν
2647 3993 2869 4066 ἡμερῶν
2887 4010 2903 4026 ·
2936 3991 3027 4046 καί
3068 4006 3158 4062 μοι
3186 3988 3359 4045 ἐδόκει
3378 3986 3440 4039 τὸ
3465 3982 3738 4047 ἐντεῦθεν,

2166 4091 2242 4156 ὡς
2266 4090 2385 4145 θεία
2410 4106 2494 4154 τις
2522 4088 2756 4159 ὑπάρχει
2790 4083 3070 4153 οἰκονομία
3107 4081 3201 4135 καὶ
3227 4079 3452 4150 δύναμις
3491 4074 3712 4148 κρειττό
3737 4106 3747 4115 ο

2167 4200 2293 4247 νων,
2326 4183 2361 4253 ὴ
2410 4181 2704 4252 συνέχουσα
2735 4178 2803 4232 τὰ
2847 4176 2963 4238 ὅλα,
3002 4175 3068 4245 ἢν
3100 4173 3197 4226 καὶ
3236 4170 3368 4224 Θεὸν
3406 4168 3625 4230 δικαίως
3669 4166 3742 4220 ἂν

2168 4273 2412 4345 εἴπομεν.
2469 4274 2580 4329 Καὶ
2627 4272 2688 4326 τὸ
2737 4269 2923 4327 λοιπὸν
2969 4267 3060 4320 τὸν
3106 4262 3443 4338 Δημιουργὸν
3489 4261 3740 4317 ἐπαινεῖν

2166 4367 2435 4439 ⁴Ιιρχόμην,
2489 4367 2589 4437 τήν
2642 4382 2700 4418 τε
2739 4364 2843 4434 γῆν
2892 4361 3202 4430 πεπηγυῖαν
3239 4356 3399 4431 ὁρῶν,
3441 4354 3535 4408 καὶ
3577 4349 3743 4415 ζώων

2166 4458 2447 4529 διαφορὰς,
2497 4458 2591 4513 καὶ
2637 4455 2856 4514 ποικίλα
2896 4453 3075 4523 φυτῶν
3113 4451 3183 4504 τά
3226 4448 3592 4519 ἐξανθήματα.
3624 4444 3747 4515 Οὐχ

2168 4552 2353 4607 ἵστατο
2388 4550 2445 4606 δέ
2480 4568 2568 4623 μοι
2594 4551 2686 4607 ἐπὶ
2707 4548 2916 4613 τούτοις
2942 4548 3038 4602 καὶ
3067 4546 3246 4619 μόνοις
3278 4545 3308 4597 ὁ
3327 4541 3450 4605 νοῦς
3470 4558 3483 4571 ·
3512 4540 3649 4596 ἀλλὰ
3680 4539 3747 4593 τδ

2165 4645 2371 4709 λοιπὸν,
2402 4643 2523 4697 ὅθεν
2557 4642 2729 4696 ταῦτα
2756 4641 2856 4713 τὴν
2894 4638 3154 4694 σύστασιν
3185 4637 3318 4709 ἔχει,
3355 4635 3538 4706 ζητεῖν
3569 4631 3743 4705 ἠρχό-

2171 4759 2311 4814 μην·
2343 4740 2569 4812 πότερον
2609 4738 2673 4793 ἐκ
2705 4754 2847 4801 τινος
2885 4735 3134 4799 συνόντος
3172 4734 3259 4791 ἀεὶ
3298 4731 3377 4802 τῷ
3417 4726 3559 4799 Θεῷ,
3595 4727 3631 4798 ἠ
3684 4726 3747 4791 ὲξ

2166 4834 2331 4888 αὐτοῦ
2373 4832 2468 4886 καὶ
2512 4831 2693 4903 μόνου,
2742 4828 3173 4900 συνυπάρχοντος
3217 4822 3366 4895 αὐτῷ
3407 4820 3641 4883 οὐδενός·
3681 4816 3747 4872 τὸ

2165 4928 2274 5001 γὰρ
2307 4927 2367 4993 ἐξ
2389 4928 2490 4982 οὐκ
2519 4925 2669 4989 ὄντος
2700 4924 3056 4995 πεποιηκέναι
3084 4920 3236 4974 οὐδὲν
3271 4919 3493 4973 σκοπεῖν
3526 4931 3616 4987 μοι
3642 4930 3747 4968 κα-

2165 5022 2275 5086 λῶς
2326 5021 2522 5085 ἐδόκει,
2578 5017 2652 5090 μὴ
2709 5016 2888 5071 τέλεον
2938 5012 3202 5068 ἀπιθάνου
3259 5009 3598 5081 ὑπάρχοντος
3643 5001 3745 5059 τοὸ

2167 5116 2347 5185 λόγου.
2373 5112 2455 5167 Τά
2481 5111 2590 5183 γὰρ
2620 5110 2879 5181 γινόμενα
2904 5107 2964 5172 ἐξ
2984 5106 3151 5159 ὄντων
3179 5104 3388 5173 πέφυκε
3412 5100 3510 5172 τὴν
3544 5097 3747 5153 σύστασ-

2170 5223 2256 5260 σιν
2302 5205 2467 5277 ἔχειν.
2501 5203 2612 5258 Καὶ
2655 5200 2854 5274 ὁμοίως
2894 5197 3106 5271 ἀληθῶς
3158 5195 3331 5249 ἐδόκει
3361 5192 3526 5266 μηδὲν
3556 5191 3746 5259 λέγειν

2167 5298 2257 5354 ἀεὶ
2289 5300 2526 5350 συνεῖναι
2555 5294 2632 5365 τῷ
2673 5292 2792 5364 Θεῷ
2822 5291 3007 5365 ἕτερόν
3040 5308 3091 5344 τι
3125 5290 3256 5361 παρ’
3300 5282 3640 5347 αὐτὸν,ιάλλ’
3682 5281 3746 5350 ἐξ

2166 5389 2332 5444 αὐτοῦ
2373 5388 2443 5442 τὰ
2477 5388 2604 5443 ὄντα
2641 5384 2923 5457 γεγονέναι
2947 5402 2961 5415 ·
3007 5383 3100 5437 καὶ
3146 5381 3258 5454 γάρ
3295 5397 3414 5439 πως
3450 5375 3635 5431 ἔπειθέ
3675 5390 3747 5446 με

2166 5484 2258 5537 τὸν
2300 5479 2708 5540 εὖτακτον,τῶν
2742 5478 3039 5551 στοιχείων,
3071 5475 3168 5531 καὶ
3212 5476 3247 5546 ὴ
3294 5472 3424 5547 περὶ
3456 5470 3597 5526 αὐτὰ
3638 5468 3749 5539 τῆς

2169 5572 2382 5646 φύσεως
2404 5572 2688 5649 εὐκοσμία.
2715 5571 2928 5628 Οὐτωσὶ
2950 5569 3008 5625 δέ
3030 5586 3145 5633 πως
3168 5563 3227 5623 εὖ
3256 5562 3618 5622 διατεθεῖσθαι
3654 5576 3751 5617 νο-
