3962 6204
260 332 369 387 9.-ίὸ

1436 330 1567 387 ιιιι.
1609 331 1694 386 DE
1723 330 1970 387 LIBERO
2009 327 2358 386 ARBITHIO.

3412 320 3516 376 ΞΝ

265 448 462 519 μίζων,
507 446 595 500 ἐπὶ
639 447 741 517 τὴν
793 446 971 501 οἰκίαν
1017 447 1258 519 ἐχώρουν
1309 447 1407 517 τὴν
1454 448 1612 518 ἐμήν.
1667 447 1745 518 Τῇ
1791 446 1836 498 δ’

1951 461 2125 516 quam,
2160 442 2551 499 contendentes
2586 438 2838 503 invicem,
2873 451 3039 508 seque
3093 435 3356 491 conviciis
3387 450 3515 504 pro-

261 540 508 609 ὲπιούσῃ,
549 538 798 591 τουτέστι
836 540 1094 610 σήμερον,
1124 537 1293 590 ἐλθὼν
1336 538 1520 609 ἐώρων
1548 538 1641 592 δύο
1688 538 1839 602 τινας

259 633 538 703 ὁμογενεῖς
569 628 924 701 (ἀνθρώπους
952 630 1007 682 δὲ
1038 630 1180 699 λέγω
1199 671 1212 693 ,
1237 631 1254 698 )
1291 630 1840 702 διαπληκτιζομένους

258 725 347 778 καὶ
379 721 917 791 διαλοιδορουμὲνους
963 720 1211 788 ἀλλήλοις
1234 737 1246 750 ·
1289 720 1474 791 ἕτερον
1505 720 1548 772 δ’
1580 717 1645 774 αὖ
1681 720 1840 773 πάλιν

253 814 610 885 ἀφιματῶσαι
661 813 981 882 βουλόμενον
1029 812 1119 865 τὸν
1166 811 1410 883 πλησίον⁹
1456 811 1556 882 ἠδη
1594 811 1649 864 δέ
1699 829 1841 872 τινες

254 907 351 960 καὶ
401 904 708 976 δεινότερον
756 904 960 974 τολμᾷν
993 905 1243 974 ἤρχοντο.
1304 904 1362 956 '0
1399 904 1494 973 μὲν
1529 903 1638 973 γὰρ
1677 901 1839 955 ἐσκύο

251 1000 416 1052 λευσε
443 997 664 1068 νεκρὸν,
694 996 790 1050 καὶ
817 996 880 1048 τὸ
911 996 1149 1066 κρυφθὲν
1178 995 1279 1066 ἤδη
1309 995 1466 1066 σῶμα
1487 998 1553 1065 τῇ
1583 1000 1652 1067 γῇ
1683 995 1842 1048 πάλιν

255 1090 532 1142 ἐδείκνυεν
560 1088 717 1158 ἡλίῳ,
759 1088 853 1140 καὶ
894 1086 991 1157 τὴν
1023 1087 1214 1157 ὁμοίαν
1243 1085 1414 1150 οὕτως
1457 1085 1734 1157 ἐνύϐριζεν
1771 1088 1845 1139 εἰ-

251 1180 409 1242 κόνα,
448 1178 617 1250 βορὲν
644 1179 772 1231 κυσὶ
809 1177 1149 1230 καταλείπων
1177 1176 1268 1231 τὸν
1298 1177 1509 1247 νεκρόνο
1553 1180 1580 1230 ὁ
1608 1177 1663 1230 δὲ
1695 1177 1844 1246 ξίφος

253 1270 522 1340 ἐγύμνου,
573 1268 669 1322 καὶ
703 1268 795 1320 ἐπὶ
825 1267 917 1320 τὸν
944 1269 1124 1337 ὅμοιον
1171 1265 1453 1336 ἄνθρωπον
1485 1265 1700 1336 ἐχώρει.
1737 1267 1845 1318 Καὶ

251 1365 279 1414 ὁ
331 1363 432 1431 μὲν
485 1363 635 1430 φυγῇ
690 1360 788 1430 τὴν
846 1358 1117 1430 σωτηρίαν
1155 1356 1398 1428 πορίζειν
1446 1357 1664 1428 ἢθελεν⁸
1714 1359 1742 1409 ὁ
1789 1357 1844 1410 δὲ

250 1455 471 1508 διώκων
543 1453 645 1505 οὐκ
716 1451 970 1514 ἐπαύετο,
1040 1452 1160 1504 οὐδὲ
1239 1451 1334 1504 τοῦ
1391 1451 1560 1520 θυμοῦ
1626 1453 1846 1522 κρατεῖν

251 1545 439 1617 ἠθελε.
495 1545 607 1597 Καὶ
637 1544 690 1596 τί
723 1543 804 1596 δεῖ
844 1544 1063 1596 πλείονα
1108 1543 1324 1612 λέγεινς
1373 1543 1508 1596 Ἀλλ’
1556 1543 1636 1596 ὅτι
1668 1545 1848 1614 χωρή-

252 1654 355 1700 σας
421 1639 512 1688 ἐπ’
583 1637 746 1690 αὐτὸν
810 1635 1011 1699 εὐθέως
1079 1635 1234 1688 ἔπαιε
1293 1635 1370 1706 τῷ
1439 1635 1602 1703 ξίφει.
1671 1637 1730 1688 '0
1791 1635 1845 1688 δὲ

254 1728 451 1798 ἱκέτης
511 1725 608 1780 τοῦ
668 1726 892 1797 πλησίον
946 1725 1176 1794 ἐγίνετο,
1235 1725 1328 1778 καὶ
1383 1728 1568 1797 χεῖρας
1635 1724 1844 1786 ἱκεσίας

252 1815 435 1887 ὤρεγε
456 1833 471 1848 ·
503 1815 601 1871 καὶ
632 1815 731 1886 τὴν
777 1816 875 1887 μὲν
906 1814 1111 1885 ἐσθῆτα
1141 1814 1337 1868 διδόναι
1371 1815 1549 1886 ἧθελε.
1601 1815 1756 1885 μόνον
1791 1814 1844 1867 δὲ
1878 1799 1920 1857 Β

252 1908 314 1958 τὸ
341 1905 444 1977 ζῇν
483 1905 630 1977 ἔχειν
656 1905 831 1975 ἠξίου.
873 1906 932 1958 '0
961 1905 1018 1958 δὲ
1044 1906 1144 1958 οὐκ
1165 1903 1360 1978 ἔθραυε
1388 1906 1479 1959 τὸν
1512 1905 1702 1976 θυμὸν,
1735 1905 1844 1958 οὐδ’

254 1986 551 2064 ἠλέει’τὺν
598 1995 860 2066 ὁμογενῆ,
909 1995 1030 2049 οὐδὲ
1071 1995 1262 2050 ἑαυτὸν
1294 1995 1383 2048 διὰ
1414 1997 1510 2067 τῆς
1556 1997 1757 2060 είκόνος
1789 1999 1846 2050 ἐν

255 2088 456 2158 ἐκείνῳ
483 2087 702 2157 βλέπειν
735 2088 943 2159 ἤθελεν,
971 2087 1083 2142 ἀλλ’
1112 2087 1187 2152 ὡς
1211 2089 1401 2159 ἄγριος
1431 2087 1553 2159 θήρ,
1598 2088 1675 2159 τῷ
1703 2087 1845 2157 ξίφει

256 2182 358 2250 τῆς
390 2181 563 2253 βορᾶς
597 2183 818 2253 ἤρχετο.
869 2181 1006 2252 Ἤδη
1036 2181 1092 2234 δὲ
1120 2181 1214 2234 καὶ
1255 2182 1315 2235 τὸ
1349 2181 1524 2251 στόμα
1559 2181 1635 2252 τῷ
1675 2184 1846 2253 ὁμοίῳ

255 2271 575 2342 πφσέφερε
608 2270 858 2342 σώματι·
893 2269 1144 2333 τοσοῦτος
1175 2270 1284 2342 γὰρ
1321 2265 1388 2341 ἦν
1415 2269 1490 2340 τῷ
1521 2269 1694 2340 θυμῷ.
1736 2271 1846 2323 Καὶ

256 2357 327 2431 ἦν
380 2361 534 2427 ἰδεῖν,
582 2361 674 2415 τὸν
721 2361 820 2432 μὲν
859 2361 1207 2432 ἠδικημένον,
1256 2361 1346 2413 τὸν
1391 2361 1446 2413 δὲ
1492 2359 1676 2414 λοιπὸν
1718 2378 1846 2416 σκυ-

257 2447 509 2512 λεύοντα,
556 2448 652 2502 καὶ
688 2447 822 2519 μηδὲ
865 2450 934 2519 γῇ
983 2449 1320 2512 σκεπάζοντα
1361 2450 1422 2502 τὸ
1456 2449 1633 2520 σῶμα,
1669 2450 1697 2502 δ
1749 2450 1846 2520 τῆς

259 2540 490 2610 ἐσθῆτος
521 2539 826 2610 ἐγύμνωσε.
865 2541 1007 2611 Πρὸς
1057 2541 1112 2594 δὲ
1154 2541 1364 2604 τούτοις
1399 2541 1583 2612 ἔτερος
1617 2544 1843 2614 προσῆν,

259 2633 320 2694 ὃς
367 2633 462 2686 τοῦ
519 2631 749 2704 πλησίον
805 2636 1036 2701 γυναῖκα
1088 2635 1302 2699 παίζειν
1348 2635 1526 2705 ἤθελέ,
1573 2635 1846 2708 λῃστεύων

260 2726 440 2795 γάμον
472 2725 774 2794 ἀλλότριον,
808 2727 902 2779 καὶ
947 2727 1039 2779 ἐπὶ
1070 2726 1384 2798 παράνομον
1418 2727 1603 2797 κοίτην
1636 2729 1846 2800 τραπῆ-

259 2837 345 2872 ut
381 2819 710 2891 παρορμῶν,
753 2817 842 2870 τὸν
863 2819 1240 2890 ’γεγαμηκότα
1275 2821 1496 2890 γνήσιον
1527 2821 1738 2892 πατέρα
1767 2821 1842 2891 (5)

260 2913 509 2984 γίνεσθαι
554 2913 748 2969 θέλων.
811 2913 1091 2967 Ἐντεῦθεν
1133 2914 1189 2966 δὲ
1228 2916 1347 2978 ταῖς
1375 2915 1706 2986 τραγῳδίαις
1756 2933 1848 2968 πε-

261 3007 475 3060 στεύειν
509 3006 784 3077 ἠρχόμην,
826 3007 921 3059 κα)⁸
956 3006 1017 3058 τὸ
1049 3006 1334 3059 Θυέστειον
1377 3007 1592 3060 δεῖπνον
1634 3007 1845 3076 ἀληθῶς

263 3100 438 3152 ἐδόκει
467 3114 563 3168 μοι
593 3100 912 3166 γεγονέναι·
951 3099 1225 3152 πιστεύειν
1253 3099 1308 3152 δὲ
1338 3099 1432 3152 καὶ
1456 3102 1522 3170 τῇ
1557 3101 1844 3170 Οἰνομαίου

263 3191 576 3262 παρανόμῳ
609 3190 892 3262 ἐπιθυμία,
923 3192 1016 3244 καὶ
1039 3194 1104 3262 τῇ
1133 3191 1240 3244 τῶν
1267 3191 1510 3260 ἀδελφῶν
1543 3191 1630 3244 διὰ
1662 3191 1847 3261 ξίφους

263 3285 569 3357 φιλονεικίᾳ
599 3285 698 3338 οὐκ
724 3285 991 3339 ἀπιστεῖν.
1023 3283 1306 3337 Τοσούτων
1334 3284 1511 3336 τοίνυν
1544 3285 1638 3338 καὶ
1667 3284 1845 3336 τοιού-

262 3391 368 3429 των
415 3376 617 3448 θεατὴς
656 3375 942 3445 γενόμενος
971 3374 1102 3444 ἐγὼ,
1156 3377 1316 3429 πόθεν
1357 3374 1528 3428 ταῦτα
1563 3373 1848 3446 ἀναζητεῖν
1881 3375 1888 3381 ’

263 3470 519 3542 ἠρχόμην
542 3487 554 3499 ·
588 3470 671 3532 τίς
695 3469 750 3522 δὲ
778 3470 872 3523 καὶ
893 3473 926 3542 ἠ
955 3470 1052 3540 τῆς
1075 3472 1338 3540 κινήσεως
1367 3469 1545 3523 αὐτῶν
1565 3469 1730 3539 ἁρχὴ.
1755 3469 1848 3522 καὶ

263 3564 346 3623 τίς
381 3563 411 3612 ὁ
443 3561 684 3614 τοσαῦτα
705 3561 826 3614 κατ’
850 3559 1150 3633 ἀνθρώπων
1183 3562 1654 3632 μηχανησάμενος·
1688 3560 1848 3612 πόθεν

262 3670 322 3705 τε
361 3655 396 3723 ὴ
431 3652 658 3724 εὖρησις
696 3651 896 3715 αὐτῶν,
935 3654 1027 3706 καὶ
1071 3653 1155 3717 τίς
1189 3656 1216 3706 ὁ
1263 3653 1464 3708 τούτων
1511 3653 1843 3716 διδάσκαλος.

265 3745 376 3799 Καὶ
405 3744 502 3798 τὸν
537 3746 633 3814 μὲν
660 3746 792 3799 Θεὸν
814 3745 1022 3798 τούτων
1051 3745 1278 3816 ποιητὴν
1316 3746 1492 3814 λέγειν
1526 3745 1730 3816 τολμᾷν
1751 3747 1848 3816 ούχ

265 3833 376 3892 οἶόν
409 3855 468 3890 τε
495 3835 584 3908 ἦν,
620 3838 754 3892 ἀλλὰ
797 3838 902 3911 μὴν
932 3838 1052 3890 οὐδὲ
1102 3838 1160 3904 ἐξ
1201 3837 1376 3889 αὐτοῦ,
1409 3837 1505 3908 τὴν
1553 3838 1847 3892 ὑπόστασιν

267 3933 433 4000 ἒχειν,
466 3931 587 3983 οὐδὲ
614 3930 710 4002 τὴν
734 3930 828 3984 τοῦ
861 3927 997 3984 εἶναι
1026 3929 1305 3984 σύστασιν.
1342 3928 1466 3992 Πῶς
1496 3927 1604 3999 γὰρ
1650 3923 1758 3980 οἷόν
1788 3945 1847 3982 τε

270 4019 337 4094 ἧν
365 4022 544 4075 ταῦτα
570 4024 698 4093 περὶ
729 4022 863 4075 Θεοῦ
888 4024 1058 4087 νοεῖν;
1089 4022 1148 4085 ὂς
1187 4021 1284 4093 μὲν
1314 4021 1423 4091 γάρ
1450 4022 1595 4073 ἐστιν
1622 4019 1844 4089 ἀγαθὸς,

273 4115 363 4169 καὶ
401 4115 513 4167 τῶν
553 4115 877 4185 κρειττόνων
922 4113 1170 4184 ποιητὴς,
1219 4113 1328 4166 τῶν
1359 4113 1416 4166 δὲ
1455 4113 1670 4183 φαύλων
1701 4112 1847 4184 αύτῷ

278 4207 563 4279 πρόσεστιν
592 4207 740 4260 οὐδέν
759 4223 772 4236 ο
801 4205 914 4259 ἀλλ’
935 4206 1054 4260 οὐδὲ
1078 4209 1190 4268 τοῖς
1221 4205 1479 4270 τοιούτοις
1508 4206 1718 4276 χαίρειν
1753 4205 1848 4258 πέ-

279 4318 459 4369 φυκενσ
512 4299 844 4370 ἀπαγορεύει
883 4299 939 4354 δὲ
980 4300 1074 4353 καὶ
1105 4299 1204 4369 τὴν
1248 4299 1463 4367 γένεσιν
1503 4299 1713 4352 αὐτῶν·
1755 4298 1848 4352 κα)⁸

281 4395 394 4457 τοὺς
445 4395 546 4463 μὲν
595 4393 884 4463 χαίροντας
928 4393 1136 4456 τούτοις
1185 4391 1572 4454 ἁποϐάλλεται,
1621 4392 1746 4454 τοὺς
1790 4389 1845 4448 δὲ

343 4619 419 4690 (5)
451 4617 726 4683 [‘wic'ior
752 4617 990 4690 πατέρα.
1024 4619 1340 4674 Menoosum
1385 4619 1661 4675 existimat
1702 4620 1848 4674 hunc

274 4693 451 4762 locum
499 4690 805 4762 Cotelerius
843 4693 909 4744 ad
951 4689 1203 4762 Clement.
1239 4691 1378 4744 hom.
1415 4706 1548 4753 xm,
1586 4690 1729 4762 §l9,
1772 4691 1848 4745 le-

276 4761 617 4828 gendumque
659 4760 938 4832 ἁγνήσιον,
972 4761 1171 4832 γριᾲμὴ
1215 4763 1454 4831 γνήσιον,
1481 4760 1602 4830 (ιιιδὲ
1628 4763 1844 4832 quidem

279 4834 386 4884 sive
409 4832 592 4883 littera
623 4833 736 4884 sive
769 4831 1030 4899 particula
1063 4830 1222 4886 facile
1244 4830 1416 4899 putuit
1437 4833 1719 4888 excidisse.
1755 4831 1847 4885 Sic

278 4909 449 4953 autem
506 4901 688 4953 locum
737 4901 1007 4970 integrum
1054 4901 1500 4956 redditzAderat
1550 4903 1708 4963 alius,
1757 4902 1846 4964 qui

278 4972 500 5037 proximi
531 4972 693 5024 uxori
723 4973 958 5037 cupiebat
993 4971 1234 5034 illudcre,
1287 4973 1515 5026 alienum
1572 4975 1848 5026 matrimo-

275 5040 416 5092 nium
447 5040 744 5110 prwdatus,
787 5052 835 5095 et
879 5043 1104 5096 incitans
1151 5058 1267 5094 eam
1311 5053 1366 5094 ut
1412 5043 1480 5094 ad
1519 5045 1848 5100 concubitum

274 5112 519 5163 illicitum
555 5123 862 5178 verteretur,
901 5129 928 5166 e
969 5112 1159 5165 marito
1203 5113 1374 5167 volens
1426 5113 1597 5182 facere
1646 5127 1846 5183 patrem

269 5197 371 5234 non
407 5197 608 5236 verum.
641 5183 813 5239 GALL.

339 5253 418 5323 (6)
452 5249 648 5330 Gl_adio
681 5254 884 5330 laniare
914 5256 1086 5324 capit.
1122 5255 1221 5330 Tib
1241 5257 1414 5330 ElcpaL
1421 5257 1518 5327 τῆς
1555 5256 1719 5328 βορᾶς
1748 5259 1850 5330 ἦρ-

266 5340 412 5393 χετο,
441 5325 597 5379 velut
628 5325 928 5378 vorandum
963 5325 1340 5384 conscindere.
1374 5325 1536 5382 Forte
1557 5325 1726 5383 etiam
1765 5325 1850 5382 fu-

268 5399 370 5448 erit
414 5393 618 5468 εἴχετο.
674 5393 1024 5468 Signilicatur
1071 5413 1237 5468 supra
1289 5398 1583 5452 belluinam
1630 5397 1845 5467 feritas,

266 5480 371 5534 qua
399 5482 550 5535 saepe
581 5466 832 5521 homines
871 5466 1155 5522 inhumani
1195 5471 1249 5523 in
1276 5484 1334 5524 se
1361 5469 1590 5523 invicem
1616 5468 1802 5524 furunt
1829 5466 1846 5537 ,

270 5543 328 5606 ut
357 5537 441 5606 vel
471 5551 538 5590 os
565 5547 824 5606 tanquam
852 5537 1182 5593 devorandis
1203 5540 1546 5604 admoveant,
1577 5547 1635 5593 ut
1665 5543 1848 5597 statim

269 5605 491 5685 additur
799 5608 892 5660 καὶ
930 5607 991 5659 τὸ
1023 5609 1319 5685 στόμα-τῷ-
1341 5611 1510 5682 ὁμοίῳ
1543 5612 1846 5685 προσέφερε

272 5676 512 5758 σώματιέ
556 5674 1073 5758 5ιο.’Μειι·ειειιριιεεε
1107 5674 1345 5758 barbari,
1375 5674 1496 5758 ἰιοιὶ
1531 5674 1641 5736 tain
1673 5674 1846 5758 veniri

272 5761 434 5813 quam
484 5746 666 5802 furori
709 5746 1097 5813 exsaturando,
1148 5751 1380 5806 laniatos
1430 5752 1636 5814 hostes,
1681 5754 1846 5808 etiam

274 5820 558 5874 stomacho
591 5825 902 5889 respuente,
934 5829 1222 5891 antequam
1255 5821 1391 5877 Galli
1418 5826 1591 5879 nostri
1623 5823 1851 5881 dedoce-

1878 4557 1939 4614 D.

1941 536 2252 592 scindentes
2282 533 2467 603 aspexi
2495 551 2508 587 :
2534 520 2775 586 alterum
2813 531 2962 594 item,
2994 527 3086 597 qui
3123 529 3284 584 vellet
3321 544 3517 598 exspo-

1941 629 2075 685 liare
2103 627 2457 700 proximum:
2495 623 2592 679 sed
2637 630 2690 678 et
2745 621 2838 692 qui
2875 622 2987 691 jam
3037 621 3259 690 gravius
3313 621 3518 691 aliquid

1941 735 2271 791 praesumere
2329 717 2653 787 inciperent.
2704 712 2806 768 Hic
2853 712 3120 782 siquidem
3176 710 3521 781 depraedatus

1941 821 2023 865 est
2052 819 2346 870 mortuum,
2386 819 2696 876 corpusque
2735 803 2849 874 jam
2881 813 3026 857 terra
3055 802 3381 857 occultatum
3421 805 3521 860 ite-

1944 917 2062 955 rum
2107 898 2350 955 exhibuit
2383 898 2526 964 soli;
2581 905 2744 967 atque
2777 896 2878 960 ita,
2913 904 3127 950 mortuo
3159 896 3388 950 canibus
3444 897 3522 949 la-

1943 993 2152 1047 niatum
2203 989 2614 1058 vorandumque
2663 987 2875 1051 relicto,
2916 995 3199 1056 cognatam
3231 987 3519 1057 imaginem

1943 1082 2273 1139 contumelia
2319 1079 2518 1135 affecit.
2571 1078 2665 1133 Ille
2699 1087 2916 1144 autem,
2964 1077 3167 1133 nudato
3224 1080 3522 1148 strictoque

1944 1177 2142 1248 gladio,
2171 1177 2223 1230 in
2250 1175 2444 1229 similis
2471 1180 2681 1227 naturae
2715 1171 2987 1225 hominem
3015 1171 3196 1226 irruit.
3228 1171 3402 1241 Atque
3433 1170 3523 1224 hic

1944 1267 2163 1340 quidem
2201 1267 2415 1322 volebat
2456 1264 2581 1334 fuga
2615 1263 2776 1318 saluti
2831 1262 3117 1317 consulere
3169 1281 3180 1315 :
3235 1271 3292 1316 at
3335 1277 3522 1332 perse-

1945 1375 2139 1431 quens,
2193 1359 2329 1412 nihil
2358 1355 2675 1420 dcsistebat,
2713 1362 2806 1408 aut
2857 1355 2993 1408 iram
3028 1353 3299 1408 moderari
3337 1352 3524 1408 stude-

1948 1453 2060 1506 bat.
2092 1449 2234 1517 Quid
2268 1464 2397 1503 vero
2424 1462 2707 1503 necessum
2743 1453 2826 1501 est
2857 1447 3013 1516 plura
3035 1444 3257 1499 dicere?
3290 1443 3403 1498 Hoc
3434 1460 3525 1498 sa—

1946 1544 2052 1608 lis;
2107 1542 2404 1596 irruentem
2469 1540 2642 1602 illum,
2695 1531 2879 1593 statim
2908 1537 3139 1590 alterum
3171 1534 3352 1606 gladio
3382 1535 3528 1590 ceci-

1946 1635 2114 1692 disse.
2163 1638 2340 1704 Atque
2369 1633 2420 1688 is
2452 1632 2671 1702 quidem
2719 1630 2948 1700 supplex
2979 1629 3172 1684 orabat
3198 1632 3526 1698 proximum,

1947 1741 2250 1794 manusque
2276 1723 2549 1794 supplices
2579 1719 2852 1778 tendebat.
2883 1721 2959 1774 Ac
2990 1719 3211 1791 quidem
3268 1718 3530 1774 oﬂ‘erebat

1948 1817 2486 1885 vestem,solumque
2534 1815 2656 1868 vitae
2708 1813 3088 1868 remissionem
3122 1813 3402 1882 poscebat.
3457 1814 3530 1865 At

1949 1910 2038 1964 ille
2062 1909 2300 1980 perstitit
2330 1907 2564 1962 infracto
2593 1906 2797 1968 animo,
2831 1919 2933 1959 nec
2979 1903 3170 1960 eodeni
3219 1919 3406 1960 secum
3437 1919 3529 1974 ge-

1949 2017 2078 2056 nere
2105 2008 2188 2056 est
2215 1999 2506 2055 miseratus
2528 1999 2659 2062 ;.vel
2694 2014 2752 2054 se
2777 1999 2977 2068 ipsum,
3013 1998 3224 2050 ratione
3252 1995 3526 2064 imaginis,

1948 2094 2004 2148 in
2053 2108 2118 2148 eo
2170 2093 2343 2148 voluit
2391 2093 2697 2162 inspectare
2741 2109 2756 2144 :
2799 2090 2907 2144 imo
2955 2098 3212 2158 tanquam
3270 2087 3528 2142 immanis

1948 2185 2148 2248 bellua,
2175 2183 2354 2255 gladio
2381 2183 2588 2237 laniare
2608 2182 2773 2252 cmpit
2798 2181 2896 2250 (6).
2927 2179 3034 2234 Sed
3064 2188 3117 2234 et
3149 2179 3284 2245 jam,
3308 2178 3528 2250 corpori

1948 2275 2033 2330 sui
2076 2276 2244 2331 simili
2295 2290 2358 2330 os
2420 2275 2778 2329 admoverat:
2814 2281 2966 2327 tanto
3021 2270 3294 2342 siquidem
3343 2269 3528 2327 furore

1946 2375 2244 2433 exarserat,
2272 2375 2497 2437 eratque
2518 2367 2724 2429 videre,
2758 2365 2992 2420 alterum
3020 2363 3240 2434 quidem
3271 2362 3528 2432 injuriam

1948 2480 2204 2534 passum;
2262 2466 2490 2518 alterum
2544 2477 2694 2528 vero,
2749 2459 3008 2529 deinceps
3057 2458 3405 2528 spoliantem,
3465 2472 3530 2510 ac

1947 2569 2122 2624 neque
2150 2561 2293 2609 terra
2318 2554 2649 2624 operientem
2678 2565 2899 2620 corpus,
2936 2549 3080 2618 quod
3114 2556 3265 2604 veste
3288 2547 3530 2602 nudave-

1947 2655 2052 2700 rat.
2083 2645 2165 2700 Ad
2219 2647 2334 2700 haec
2369 2656 2545 2700 autem
2577 2652 2697 2699 erat
2723 2643 2886 2707 alius,
2920 2643 3036 2712 qui,
3074 2640 3284 2695 furatus
3321 2640 3528 2692 alienas

1948 2739 2186 2808 nuptias,
2213 2738 2369 2792 uxori
2403 2737 2632 2807 proximi
2667 2734 2942 2797 illuderet,
2977 2732 3182 2803 quique
3215 2731 3398 2787 cubile
3425 2730 3531 2784 ini-

1947 2848 2114 2902 quum
2141 2847 2520 2902 perrumpens,
2551 2829 2806 2884 maritum
2839 2828 3138 2898 legitimum
3169 2833 3376 2898 patrem
3411 2824 3529 2879 fieri

1949 2925 2126 2980 vellet.
2183 2923 2317 2978 Hinc
2363 2922 2648 2993 tragoediis
2697 2921 2860 2976 etiam
2895 2921 3051 2975 ﬁdem
3103 2919 3304 2973 habere
3353 2915 3525 2985 cepi,

1947 3018 2242 3087 putavique
2293 3016 2464 3071 fuisse
2523 3028 2711 3069 revera
2763 3027 2977 3069 ccenam
3027 3010 3365 3083 Thyestaeam
3393 3010 3524 3081 (7):

1949 3109 2153 3163 credidi
2207 3124 2335 3163 vero
2371 3108 2570 3176 iniquae
2601 3104 2877 3160 (Euomaai
2929 3103 3209 3174 cupiditati
3262 3104 3338 3175 (8)
3366 3143 3381 3166 ,
3426 3119 3528 3158 nec

1952 3201 2203 3256 fraternae
2235 3201 2312 3270 (9)
2337 3215 2430 3270 per
2465 3198 2668 3254 ferrum
2699 3197 3036 3252 contentioni
3068 3195 3228 3252 ﬁdem
3253 3197 3523 3252 snbtraxi.

1951 3293 2249 3347 Tantarum
2284 3308 2413 3362 ergo
2461 3291 2762 3360 taliumque
2791 3305 2973 3346 rerum
3015 3295 3292 3359 spectator
3322 3285 3524 3351 factus.

1949 3383 2088 3454 coepi
2133 3385 2413 3454 requirere
2469 3381 2610 3436 unde
2658 3382 2771 3436 haec
2815 3390 3000 3437 essent
3031 3401 3045 3436 :
3078 3379 3354 3452 quodnam
3401 3395 3528 3436 vero

1947 3479 2110 3534 etiam
2137 3493 2200 3533 ea
2256 3476 2582 3548 principium
2633 3475 2988 3537 habuissent;
3020 3475 3213 3545 quisve
3271 3482 3423 3528 tanta
3471 3475 3528 3528 in

1949 3567 2196 3622 homines
2228 3565 2449 3620 molitus
2471 3572 2618 3619 esset
2644 3584 2654 3618 :
2692 3565 2835 3618 unde
2853 3568 3014 3620 etiam
3039 3580 3230 3620 eorum
3260 3565 3527 3630 inventio,

1949 3659 2139 3729 quisve
2186 3657 2374 3711 talium
2403 3657 2596 3712 doctor
2628 3656 2844 3716 fuisset.
2876 3657 2954 3711 Ac
3000 3672 3161 3712 nemo
3190 3657 3407 3726 quidem
3455 3667 3532 3717 ta.-

1949 3753 2080 3806 lium
2115 3758 2394 3804 auctorem
2445 3747 2626 3802 Deum.
2668 3747 2919 3802 habuerit
2953 3747 3168 3814 dicere;
3215 3748 3308 3804 sed
3355 3748 3561 3818 neque.

1949 3843 2016 3896 ab
2036 3857 2102 3896 eo
2141 3841 2362 3904 habere,
2399 3839 2640 3910 quosint
2670 3851 2722 3894 et
2751 3839 3074 3900 consistant.
3105 3839 3208 3905 Qui
3237 3839 3384 3899 enim
3444 3846 3530 3898 ta.-

1948 3935 2020 3988 lia
2067 3933 2135 3988 de
2185 3931 2297 3988 Deo
2342 3932 2582 4002 cogitare
2611 3931 2864 3986 licuerit?
2905 3930 3010 4002 qui.
3047 3945 3179 3991 sane
3218 3931 3411 3988 bonus.
3443 3941 3529 3986 est

1949 4036 2245 4095 auctorque
2276 4025 2598 4088 meliorum;
2626 4025 2712 4077 cui
2749 4039 2852 4078 nec
2878 4023 3176 4094 quidquam
3207 4023 3327 4078 vitii
3364 4023 3526 4089 insit;

1949 4122 2041 4177 sed
2066 4136 2241 4190 neque
2265 4119 2463 4174 talibus
2495 4124 2684 4187 suapte
2707 4117 2823 4187 ipse
2845 4126 3040 4172 natura
3071 4117 3308 4187 gaudere
3330 4117 3526 4187 possit,

1949 4213 2061 4267 lieri
2090 4228 2216 4267 vero
2239 4211 2521 4282 prohibeat
2552 4227 2567 4264 :
2603 4209 2778 4278 iisque
2810 4209 3130 4280 gaudentes,
3155 4209 3412 4278 rejiciat;
3449 4208 3529 4262 fu-

1948 4307 2154 4377 gientes
2208 4317 2409 4363 autem.
2443 4313 2694 4374 acceptos
2723 4304 2940 4358 habeat.
2965 4301 3068 4368 Qui
3124 4317 3256 4358 vero
3293 4317 3403 4357 non
3429 4302 3526 4355 ah-

1950 4399 2198 4462 surdum,
2238 4405 2310 4453 ut.
2328 4411 2534 4456 eorum.
2555 4396 2696 4452 Deus
2749 4402 2942 4452 auctor
2987 4394 3194 4460 audiat,
3254 4410 3374 4464 quae
3412 4395 3528 4464 ipse

1951 4630 2093 4688 rent,
2130 4639 2229 4678 ceu
2273 4623 2584 4693 praecipuas
2620 4622 2831 4692 epulas,
2865 4621 3118 4693 convivio
3150 4619 3437 4693 vorabant,
3469 4628 3527 4671 ut

1950 4696 2004 4764 in
2047 4689 2310 4764 relatione
2351 4689 2552 4748 rerum
2585 4689 2827 4764 ipsorum
2867 4691 3133 4747 Claudius
3181 4689 3522 4749 Abbavilan,

1949 4763 2080 4820 0rd.
2117 4763 2244 4834 Min.
2271 4765 2592 4834 capiircinus.

2021 4835 2096 4904 (7)
2127 4826 2355 4904 Caenum.
2376 4833 2724 4904 Thyatiram.
2756 4832 2830 4886 Τὸ
2860 4831 3143 4886 Θυέστειον
3171 4830 3402 4884 δεῖπνον.
3437 4826 3527 4883 Sic

1948 4903 2105 4961 Ovid.
2138 4921 2206 4959 xv
2236 4903 2498 4958 Metamf:
3054 4950 3058 4955 .

2093 4975 2230 5029 Neve
2262 4975 2546 5045 Tliyestwis
2575 4973 2896 5045 cumulemus
2927 4973 3122 5026 viscera
3151 4971 3364 5045 mensis.

1949 5045 2027 5169 ge
2059 5047 2162 5166 Ιιρρ
2195 5043 2430 5116 Thyeste
2464 5054 2518 5101 et
2544 5046 2710 5099 Atreo
2747 5043 2936 5107 fratre,
2968 5045 3190 5098 Servius
3229 5043 3296 5094 ad
3339 5057 3354 5094 1
3389 5047 3445 5095 et
3489 5055 3527 5094 ιι

2028 5134 2128 5169 neu
2153 5156 2165 5168 .

2028 5134 2142 5170 nem
2153 5156 2165 5168 .

2022 5189 2097 5257 (8)
2131 5185 2334 5254 Iniqua:
2384 5183 2658 5257 (Enomwi
2707 5184 3002 5257 cupiditati.
3039 5181 3200 5257 Forte
3239 5179 3524 5234 CEnomai.

1948 5253 2152 5311 Fuit'is
2186 5256 2556 5327 Hippodamia:
2587 5253 2823 5327 pater,a
2859 5256 3017 5327 cujus
3057 5253 3254 5307 marito
3295 5267 3528 5327 cumse

1949 5321 2309 5382 occidendum
2350 5342 2414 5382 ex
2457 5321 2682 5381 oraculo
2725 5325 3030 5386 didicisset,
3073 5337 3243 5393 eaque
3277 5337 3305 5373 a
3342 5321 3528 5393 multis

1950 5400 2271 5465 ambiretur,
2317 5401 2598 5470 proposito
2651 5391 3206 5470 certaminecuruli,
3263 5391 3524 5470 tredecim

1950 5471 2148 5540 oc_cidit
2176 5471 2295 5540 ejus
2318 5465 2547 5540 procos,
2573 5471 2746 5540 donec
2770 5469 2948 5540 victus
2976 5466 3092 5540 ipse
3118 5476 3204 5522 est
3232 5475 3286 5540 et
3307 5465 3526 5519 occisus

1951 5557 1983 5593 a
2005 5537 2223 5611 Pelope,
2252 5537 2463 5595 Tantali
2496 5540 2626 5611 lilio,
2660 5538 2878 5610 Myrtilo
2911 5539 3100 5607 auriga
3130 5537 3304 5611 pretio
3333 5549 3526 5611 corru-

1952 5557 1983 5593 a
2005 5553 2223 5611 Pelope,
2252 5553 2463 5595 't‘antati
2496 5553 2626 5603 tuto,
2660 5553 2878 5610 myrtuo
2911 5553 3100 5607 auriga
3125 5553 3304 5662 greuo
3333 5553 3523 5590 corru-

1952 5617 2045 5680 pto
2075 5620 2128 5666 et
2153 5611 2509 5667 subnectente
2534 5610 2780 5664 inﬁrmos
2807 5624 2958 5672 axes,
2991 5617 3096 5663 etc.
3167 5607 3307 5680 trab.
3340 5606 3377 5659 l.
3403 5621 3523 5658 vm.

1951 5677 2130 5735 Alium
2161 5681 2425 5737 Homerus
2453 5688 2840 5736 commemorat
2867 5679 3109 5734 occisum
3141 5681 3210 5733 ah
3241 5677 3490 5732 Hectore.

2023 5752 2100 5822 (9)
2131 5750 2242 5807 Nec
2270 5753 2541 5822 fraternae,
2589 5760 2696 5806 etc.
2728 5749 2954 5822 Videtur
2974 5749 3217 5822 Remum
3239 5759 3293 5805 et
3322 5746 3525 5822 Romu-

1952 5817 2091 5890 ιιιιιι,⁷
2117 5817 2348 5896 quorum
2373 5823 2508 5878 alter
2538 5829 2764 5878 mortem
2799 5821 2952 5878 fratri
2982 5821 3268 5887 conscivit,
3296 5817 3521 5872 referre.
