  <div class='ocr_page' id='page_1' title='image "/cluster/home/n/w/nwhite01/storage/ocr_20150623/18/hvd.32044073501207/129.png"; bbox 0 0 3962 6204; ppageno 0'>
   <div class='ocr_carea' id='block_1_1' title="bbox 477 321 584 377">
    <p class='ocr_par' dir='ltr' id='par_1_1' title="bbox 477 321 584 377">
     <span class='ocr_line' id='line_1_1' title="bbox 477 321 584 377; baseline -0.028 0"><span class='ocrx_word' id='word_1_1' title='bbox 477 321 584 377; x_wconf 71' lang='grc' dir='ltr'><strong>ΞΠ</strong></span> 
     </span>
    </p>
   </div>
   <div class='ocr_carea' id='block_1_2' title="bbox 1458 328 2758 398">
    <p class='ocr_par' dir='ltr' id='par_1_2' title="bbox 1458 328 2758 398">
     <span class='ocr_line' id='line_1_2' title="bbox 1458 328 2758 398; baseline 0.011 -16"><span class='ocrx_word' id='word_1_2' title='bbox 1458 328 1517 384; x_wconf 90' lang='lat' dir='ltr'><strong>S.</strong></span> <span class='ocrx_word' id='word_1_3' title='bbox 1559 328 1891 387; x_wconf 78' lang='lat' dir='ltr'><strong>METliODil</strong></span> <span class='ocrx_word' id='word_1_4' title='bbox 1926 332 2237 392; x_wconf 82' lang='lat' dir='ltr'><strong>EPISCOPI</strong></span> <span class='ocrx_word' id='word_1_5' title='bbox 2274 335 2361 392; x_wconf 86' lang='lat' dir='ltr'><strong>ET</strong></span> <span class='ocrx_word' id='word_1_6' title='bbox 2403 336 2758 398; x_wconf 65' lang='lat' dir='ltr'><strong>MARTYRIS</strong></span> 
     </span>
    </p>
   </div>
   <div class='ocr_carea' id='block_1_3' title="bbox 3602 340 3711 398">
    <p class='ocr_par' dir='ltr' id='par_1_3' title="bbox 3602 340 3711 398">
     <span class='ocr_line' id='line_1_3' title="bbox 3602 340 3711 398; baseline -0.009 0"><span class='ocrx_word' id='word_1_7' title='bbox 3602 340 3711 398; x_wconf 63' lang='lat'><strong>218</strong></span> 
     </span>
    </p>
   </div>
   <div class='ocr_carea' id='block_1_4' title="bbox 478 444 2030 530">
    <p class='ocr_par' dir='ltr' id='par_1_4' title="bbox 478 444 2030 515">
     <span class='ocr_line' id='line_1_4' title="bbox 478 444 2030 515; baseline 0.006 -20"><span class='ocrx_word' id='word_1_8' title='bbox 478 451 764 498; x_wconf 74' lang='lat' dir='ltr'><strong>aversatur</strong></span> <span class='ocrx_word' id='word_1_9' title='bbox 812 449 867 498; x_wconf 87' lang='lat' dir='ltr'><strong>et</strong></span> <span class='ocrx_word' id='word_1_10' title='bbox 914 444 1205 514; x_wconf 87' lang='lat' dir='ltr'><strong>repudiat?</strong></span> <span class='ocrx_word' id='word_1_11' title='bbox 1233 444 1418 515; x_wconf 80' lang='lat' dir='ltr'><strong>Neque</strong></span> <span class='ocrx_word' id='word_1_12' title='bbox 1471 449 1616 502; x_wconf 88' lang='lat' dir='ltr'><strong>enim</strong></span> <span class='ocrx_word' id='word_1_13' title='bbox 1663 467 1769 504; x_wconf 88' lang='lat' dir='ltr'><strong>non</strong></span> <span class='ocrx_word' id='word_1_14' title='bbox 1817 454 2030 508; x_wconf 77' lang='lat' dir='ltr'><strong>volucril</strong></span> 
     </span>
    </p>
   </div>
   <div class='ocr_carea' id='block_1_5' title="bbox 2140 444 3715 530">
    <p class='ocr_par' dir='ltr' id='par_1_5' title="bbox 2148 455 3715 530">
     <span class='ocr_line' id='line_1_5' title="bbox 2148 455 3715 530; baseline 0.002 -21"><span class='ocrx_word' id='word_1_15' title='bbox 2148 458 2447 526; x_wconf 70' lang='grc' dir='ltr'>φεύγοντας</span> <span class='ocrx_word' id='word_1_16' title='bbox 2474 459 2614 512; x_wconf 83' lang='grc' dir='ltr'><strong>αύτά</strong></span> <span class='ocrx_word' id='word_1_17' title='bbox 2647 457 2945 530; x_wconf 76' lang='grc' dir='ltr'>προσίεται.</span> <span class='ocrx_word' id='word_1_18' title='bbox 2985 459 3094 513; x_wconf 73' lang='grc' dir='ltr'>Καὶ</span> <span class='ocrx_word' id='word_1_19' title='bbox 3132 458 3250 523; x_wconf 83' lang='grc' dir='ltr'><strong>πῶς</strong></span> <span class='ocrx_word' id='word_1_20' title='bbox 3280 459 3376 512; x_wconf 81' lang='grc' dir='ltr'><strong>ούκ</strong></span> <span class='ocrx_word' id='word_1_21' title='bbox 3405 456 3608 512; x_wconf 77' lang='grc' dir='ltr'>ἄτοπον</span> <span class='ocrx_word' id='word_1_22' title='bbox 3643 455 3715 530; x_wconf 80' lang='grc' dir='ltr'>ἧν</span> 
     </span>
    </p>
   </div>
   <div class='ocr_carea' id='block_1_6' title="bbox 478 534 2046 616">
    <p class='ocr_par' dir='ltr' id='par_1_6' title="bbox 478 534 2046 616">
     <span class='ocr_line' id='line_1_6' title="bbox 478 534 2046 616; baseline 0.01 -30"><span class='ocrx_word' id='word_1_23' title='bbox 478 548 620 596; x_wconf 87' lang='lat' dir='ltr'><strong>esse,</strong></span> <span class='ocrx_word' id='word_1_24' title='bbox 652 534 698 589; x_wconf 98' lang='lat' dir='ltr'><strong>si</strong></span> <span class='ocrx_word' id='word_1_25' title='bbox 722 534 941 603; x_wconf 87' lang='lat' dir='ltr'><strong>quidem</strong></span> <span class='ocrx_word' id='word_1_26' title='bbox 963 536 1174 604; x_wconf 87' lang='lat' dir='ltr'><strong>primus</strong></span> <span class='ocrx_word' id='word_1_27' title='bbox 1198 538 1312 606; x_wconf 90' lang='lat' dir='ltr'><strong>ipse</strong></span> <span class='ocrx_word' id='word_1_28' title='bbox 1344 537 1526 607; x_wconf 75' lang='lat' dir='ltr'><strong>opifex</strong></span> <span class='ocrx_word' id='word_1_29' title='bbox 1560 539 1681 596; x_wconf 80' lang='lat' dir='ltr'><strong>fuit.</strong></span> <span class='ocrx_word' id='word_1_30' title='bbox 1718 542 1844 598; x_wconf 86' lang='lat' dir='ltr'><strong>Vult</strong></span> <span class='ocrx_word' id='word_1_31' title='bbox 1880 546 2046 616; x_wconf 89' lang='lat' dir='ltr'><strong>siqui-</strong></span> 
     </span>
    </p>
   </div>
   <div class='ocr_carea' id='block_1_7' title="bbox 476 624 2043 701">
    <p class='ocr_par' dir='ltr' id='par_1_7' title="bbox 476 624 2043 701">
     <span class='ocr_line' id='line_1_7' title="bbox 476 624 2043 701; baseline 0.013 -26"><span class='ocrx_word' id='word_1_32' title='bbox 476 624 598 677; x_wconf 86' lang='lat' dir='ltr'><strong>dem</strong></span> <span class='ocrx_word' id='word_1_33' title='bbox 633 632 718 690; x_wconf 89' lang='lat' dir='ltr'><strong>ut,</strong></span> <span class='ocrx_word' id='word_1_34' title='bbox 770 625 837 679; x_wconf 84' lang='lat' dir='ltr'><strong>ad</strong></span> <span class='ocrx_word' id='word_1_35' title='bbox 885 625 1064 695; x_wconf 86' lang='lat' dir='ltr'><strong>ipsum</strong></span> <span class='ocrx_word' id='word_1_36' title='bbox 1116 628 1454 691; x_wconf 76' lang='lat' dir='ltr'><strong>accedentes.</strong></span> <span class='ocrx_word' id='word_1_37' title='bbox 1512 631 1687 701; x_wconf 87' lang='lat' dir='ltr'><strong>ipsius</strong></span> <span class='ocrx_word' id='word_1_38' title='bbox 1742 636 2043 695; x_wconf 76' lang='lat' dir='ltr'><strong>imitatores</strong></span> 
     </span>
    </p>
   </div>
   <div class='ocr_carea' id='block_1_8' title="bbox 477 714 2045 789">
    <p class='ocr_par' dir='ltr' id='par_1_8' title="bbox 477 714 2045 789">
     <span class='ocr_line' id='line_1_8' title="bbox 477 714 2045 789; baseline 0.014 -22"><span class='ocrx_word' id='word_1_39' title='bbox 477 714 628 770; x_wconf 80' lang='lat' dir='ltr'><strong>ﬁant.</strong></span> <span class='ocrx_word' id='word_1_40' title='bbox 652 715 833 781; x_wconf 86' lang='lat' dir='ltr'><strong>Quare</strong></span> <span class='ocrx_word' id='word_1_41' title='bbox 862 718 1100 774; x_wconf 91' lang='lat' dir='ltr'><strong>alienum</strong></span> <span class='ocrx_word' id='word_1_42' title='bbox 1134 736 1163 774; x_wconf 89' lang='lat' dir='ltr'><strong>a</strong></span> <span class='ocrx_word' id='word_1_43' title='bbox 1194 722 1404 778; x_wconf 87' lang='lat' dir='ltr'><strong>ratione</strong></span> <span class='ocrx_word' id='word_1_44' title='bbox 1437 724 1583 789; x_wconf 79' lang='lat' dir='ltr'><strong>duxi,</strong></span> <span class='ocrx_word' id='word_1_45' title='bbox 1626 729 1716 783; x_wconf 91' lang='lat' dir='ltr'><strong>illa</strong></span> <span class='ocrx_word' id='word_1_46' title='bbox 1760 730 1870 788; x_wconf 91' lang='lat' dir='ltr'><strong>Deo</strong></span> <span class='ocrx_word' id='word_1_47' title='bbox 1897 733 2045 788; x_wconf 83' lang='lat' dir='ltr'><strong>aliin-</strong></span> 
     </span>
    </p>
   </div>
   <div class='ocr_carea' id='block_1_9' title="bbox 475 812 2040 895">
    <p class='ocr_par' dir='ltr' id='par_1_9' title="bbox 475 812 2040 895">
     <span class='ocr_line' id='line_1_9' title="bbox 475 812 2040 895; baseline 0.015 -37"><span class='ocrx_word' id='word_1_48' title='bbox 475 821 631 876; x_wconf 75' lang='lat' dir='ltr'><strong>gere;</strong></span> <span class='ocrx_word' id='word_1_49' title='bbox 663 815 755 861; x_wconf 92' lang='lat' dir='ltr'><strong>aut</strong></span> <span class='ocrx_word' id='word_1_50' title='bbox 779 816 1034 880; x_wconf 84' lang='lat' dir='ltr'><strong>tanquam</strong></span> <span class='ocrx_word' id='word_1_51' title='bbox 1059 812 1128 865; x_wconf 90' lang='lat' dir='ltr'><strong>ab</strong></span> <span class='ocrx_word' id='word_1_52' title='bbox 1155 828 1221 867; x_wconf 92' lang='lat' dir='ltr'><strong>eo</strong></span> <span class='ocrx_word' id='word_1_53' title='bbox 1252 813 1390 869; x_wconf 85' lang='lat' dir='ltr'><strong>facta</strong></span> <span class='ocrx_word' id='word_1_54' title='bbox 1412 817 1659 888; x_wconf 83' lang='lat' dir='ltr'><strong>accipere</strong></span> <span class='ocrx_word' id='word_1_55' title='bbox 1687 841 1699 875; x_wconf 92' lang='lat'><strong>:</strong></span> <span class='ocrx_word' id='word_1_56' title='bbox 1730 839 2040 895; x_wconf 87' lang='lat' dir='ltr'><strong>quanquam</strong></span> 
     </span>
    </p>
   </div>
   <div class='ocr_carea' id='block_1_10' title="bbox 476 895 2040 983">
    <p class='ocr_par' dir='ltr' id='par_1_10' title="bbox 476 895 2040 983">
     <span class='ocr_line' id='line_1_10' title="bbox 476 895 2040 983; baseline 0.016 -37"><span class='ocrx_word' id='word_1_57' title='bbox 476 895 712 951; x_wconf 79' lang='lat' dir='ltr'><strong>maxime</strong></span> <span class='ocrx_word' id='word_1_58' title='bbox 769 901 1171 955; x_wconf 86' lang='lat' dir='ltr'><strong>concedendum</strong></span> <span class='ocrx_word' id='word_1_59' title='bbox 1202 903 1273 957; x_wconf 85' lang='lat' dir='ltr'><strong>sit</strong></span> <span class='ocrx_word' id='word_1_60' title='bbox 1320 903 1466 975; x_wconf 91' lang='lat' dir='ltr'><strong>(l0),</strong></span> <span class='ocrx_word' id='word_1_61' title='bbox 1510 923 1669 976; x_wconf 84' lang='lat' dir='ltr'><strong>posse</strong></span> <span class='ocrx_word' id='word_1_62' title='bbox 1720 913 1924 983; x_wconf 89' lang='lat' dir='ltr'><strong>aliquid</strong></span> <span class='ocrx_word' id='word_1_63' title='bbox 1973 931 2040 970; x_wconf 80' lang='lat' dir='ltr'><strong>ex</strong></span> 
     </span>
    </p>
   </div>
   <div class='ocr_carea' id='block_1_11' title="bbox 477 985 2036 1071">
    <p class='ocr_par' dir='ltr' id='par_1_11' title="bbox 477 985 2036 1071">
     <span class='ocr_line' id='line_1_11' title="bbox 477 985 2036 1071; baseline 0.016 -34"><span class='ocrx_word' id='word_1_64' title='bbox 477 985 648 1041; x_wconf 80' lang='lat' dir='ltr'><strong>nihilo</strong></span> <span class='ocrx_word' id='word_1_65' title='bbox 679 987 815 1050; x_wconf 79' lang='lat' dir='ltr'><strong>ﬁeri,</strong></span> <span class='ocrx_word' id='word_1_66' title='bbox 849 990 895 1044; x_wconf 91' lang='lat' dir='ltr'><strong>si</strong></span> <span class='ocrx_word' id='word_1_67' title='bbox 942 992 1159 1061; x_wconf 91' lang='lat' dir='ltr'><strong>quidem</strong></span> <span class='ocrx_word' id='word_1_68' title='bbox 1201 993 1343 1050; x_wconf 87' lang='lat' dir='ltr'><strong>Deus</strong></span> <span class='ocrx_word' id='word_1_69' title='bbox 1402 1004 1489 1066; x_wconf 80' lang='lat' dir='ltr'><strong>(ex</strong></span> <span class='ocrx_word' id='word_1_70' title='bbox 1538 999 1651 1071; x_wconf 90' lang='lat' dir='ltr'><strong>illo)</strong></span> <span class='ocrx_word' id='word_1_71' title='bbox 1706 1002 1836 1058; x_wconf 82' lang='lat' dir='ltr'><strong>fecit</strong></span> <span class='ocrx_word' id='word_1_72' title='bbox 1874 1008 2036 1062; x_wconf 88' lang='lat' dir='ltr'><strong>mala.</strong></span> 
     </span>
    </p>
   </div>
   <div class='ocr_carea' id='block_1_12' title="bbox 475 1075 2039 1155">
    <p class='ocr_par' dir='ltr' id='par_1_12' title="bbox 475 1075 2039 1155">
     <span class='ocr_line' id='line_1_12' title="bbox 475 1075 2039 1155; baseline 0.015 -27"><span class='ocrx_word' id='word_1_73' title='bbox 475 1075 609 1130; x_wconf 83' lang='lat' dir='ltr'><strong>Nam</strong></span> <span class='ocrx_word' id='word_1_74' title='bbox 640 1079 732 1147; x_wconf 90' lang='lat' dir='ltr'><strong>qui</strong></span> <span class='ocrx_word' id='word_1_75' title='bbox 758 1079 883 1134; x_wconf 80' lang='lat' dir='ltr'><strong>fecit</strong></span> <span class='ocrx_word' id='word_1_76' title='bbox 906 1097 972 1135; x_wconf 81' lang='lat' dir='ltr'><strong>ex</strong></span> <span class='ocrx_word' id='word_1_77' title='bbox 1006 1083 1195 1149; x_wconf 84' lang='lat' dir='ltr'><strong>nihilo,</strong></span> <span class='ocrx_word' id='word_1_78' title='bbox 1245 1100 1353 1139; x_wconf 90' lang='lat' dir='ltr'><strong>non</strong></span> <span class='ocrx_word' id='word_1_79' title='bbox 1381 1086 1497 1155; x_wconf 83' lang='lat' dir='ltr'><strong>jam</strong></span> <span class='ocrx_word' id='word_1_80' title='bbox 1552 1091 1693 1145; x_wconf 88' lang='lat' dir='ltr'><strong>ultra</strong></span> <span class='ocrx_word' id='word_1_81' title='bbox 1723 1094 1781 1148; x_wconf 83' lang='lat' dir='ltr'><strong>in</strong></span> <span class='ocrx_word' id='word_1_82' title='bbox 1809 1096 2039 1152; x_wconf 83' lang='lat' dir='ltr'><strong>nihilum</strong></span> 
     </span>
    </p>
   </div>
   <div class='ocr_carea' id='block_1_13' title="bbox 477 1172 2036 1253">
    <p class='ocr_par' dir='ltr' id='par_1_13' title="bbox 477 1172 2036 1253">
     <span class='ocr_line' id='line_1_13' title="bbox 477 1172 2036 1253; baseline 0.012 -28"><span class='ocrx_word' id='word_1_83' title='bbox 477 1172 761 1243; x_wconf 81' lang='lat' dir='ltr'><strong>redigeret.</strong></span> <span class='ocrx_word' id='word_1_84' title='bbox 795 1175 1101 1245; x_wconf 89' lang='lat' dir='ltr'><strong>lterumque</strong></span> <span class='ocrx_word' id='word_1_85' title='bbox 1130 1178 1452 1234; x_wconf 89' lang='lat' dir='ltr'><strong>necessitate</strong></span> <span class='ocrx_word' id='word_1_86' title='bbox 1479 1180 1799 1249; x_wconf 87' lang='lat' dir='ltr'><strong>dicendum,</strong></span> <span class='ocrx_word' id='word_1_87' title='bbox 1848 1188 2036 1253; x_wconf 76' lang='lat' dir='ltr'><strong>fuisse,</strong></span> 
     </span>
    </p>
   </div>
   <div class='ocr_carea' id='block_1_14' title="bbox 477 1263 2038 1342">
    <p class='ocr_par' dir='ltr' id='par_1_14' title="bbox 477 1263 2038 1342">
     <span class='ocr_line' id='line_1_14' title="bbox 477 1263 2038 1342; baseline 0.012 -27"><span class='ocrx_word' id='word_1_88' title='bbox 477 1263 694 1331; x_wconf 79' lang='lat' dir='ltr'><strong>quando</strong></span> <span class='ocrx_word' id='word_1_89' title='bbox 722 1263 864 1321; x_wconf 86' lang='lat' dir='ltr'><strong>Deus</strong></span> <span class='ocrx_word' id='word_1_90' title='bbox 910 1265 1066 1319; x_wconf 83' lang='lat' dir='ltr'><strong>malis</strong></span> <span class='ocrx_word' id='word_1_91' title='bbox 1119 1265 1503 1335; x_wconf 85' lang='lat' dir='ltr'><strong>delectaretur,</strong></span> <span class='ocrx_word' id='word_1_92' title='bbox 1545 1288 1666 1342; x_wconf 72' lang='lat' dir='ltr'><strong>qua:</strong></span> <span class='ocrx_word' id='word_1_93' title='bbox 1722 1276 1882 1331; x_wconf 91' lang='lat' dir='ltr'><strong>modo</strong></span> <span class='ocrx_word' id='word_1_94' title='bbox 1930 1294 2038 1333; x_wconf 89' lang='lat' dir='ltr'><strong>non</strong></span> 
     </span>
    </p>
   </div>
   <div class='ocr_carea' id='block_1_15' title="bbox 474 1357 2041 1434">
    <p class='ocr_par' dir='ltr' id='par_1_15' title="bbox 474 1357 2041 1434">
     <span class='ocr_line' id='line_1_15' title="bbox 474 1357 2041 1434; baseline 0.01 -24"><span class='ocrx_word' id='word_1_95' title='bbox 474 1358 706 1425; x_wconf 89' lang='lat' dir='ltr'><strong>placent.</strong></span> <span class='ocrx_word' id='word_1_96' title='bbox 742 1357 922 1424; x_wconf 87' lang='lat' dir='ltr'><strong>Quare</strong></span> <span class='ocrx_word' id='word_1_97' title='bbox 968 1375 1077 1415; x_wconf 91' lang='lat' dir='ltr'><strong>non</strong></span> <span class='ocrx_word' id='word_1_98' title='bbox 1134 1360 1389 1427; x_wconf 81' lang='lat' dir='ltr'><strong>arbitror,</strong></span> <span class='ocrx_word' id='word_1_99' title='bbox 1447 1380 1606 1434; x_wconf 87' lang='lat' dir='ltr'><strong>posse</strong></span> <span class='ocrx_word' id='word_1_100' title='bbox 1660 1365 1763 1421; x_wconf 82' lang='lat' dir='ltr'><strong>hcc</strong></span> <span class='ocrx_word' id='word_1_101' title='bbox 1819 1369 1926 1423; x_wconf 91' lang='lat' dir='ltr'><strong>dici</strong></span> <span class='ocrx_word' id='word_1_102' title='bbox 1972 1370 2041 1426; x_wconf 93' lang='lat' dir='ltr'><strong>de</strong></span> 
     </span>
    </p>
   </div>
   <div class='ocr_carea' id='block_1_16' title="bbox 474 1448 2039 1525">
    <p class='ocr_par' dir='ltr' id='par_1_16' title="bbox 474 1448 2039 1525">
     <span class='ocr_line' id='line_1_16' title="bbox 474 1448 2039 1525; baseline 0.012 -25"><span class='ocrx_word' id='word_1_103' title='bbox 474 1448 607 1504; x_wconf 89' lang='lat' dir='ltr'><strong>Deo.</strong></span> <span class='ocrx_word' id='word_1_104' title='bbox 639 1450 887 1504; x_wconf 82' lang='lat' dir='ltr'><strong>Alienum</strong></span> <span class='ocrx_word' id='word_1_105' title='bbox 918 1453 1115 1523; x_wconf 91' lang='lat' dir='ltr'><strong>quippe</strong></span> <span class='ocrx_word' id='word_1_106' title='bbox 1139 1462 1224 1510; x_wconf 89' lang='lat' dir='ltr'><strong>est</strong></span> <span class='ocrx_word' id='word_1_107' title='bbox 1247 1456 1317 1511; x_wconf 90' lang='lat' dir='ltr'><strong>ab</strong></span> <span class='ocrx_word' id='word_1_108' title='bbox 1344 1457 1464 1525; x_wconf 74' lang='lat' dir='ltr'><strong>ejus</strong></span> <span class='ocrx_word' id='word_1_109' title='bbox 1494 1468 1707 1521; x_wconf 90' lang='lat' dir='ltr'><strong>natura,</strong></span> <span class='ocrx_word' id='word_1_110' title='bbox 1746 1467 1804 1513; x_wconf 91' lang='lat' dir='ltr'><strong>ut</strong></span> <span class='ocrx_word' id='word_1_111' title='bbox 1833 1460 1934 1516; x_wconf 90' lang='lat' dir='ltr'><strong>hoc</strong></span> <span class='ocrx_word' id='word_1_112' title='bbox 1959 1462 2039 1517; x_wconf 89' lang='lat' dir='ltr'><strong>illi</strong></span> 
     </span>
    </p>
   </div>
   <div class='ocr_carea' id='block_1_17' title="bbox 473 1542 2040 1624">
    <p class='ocr_par' dir='ltr' id='par_1_17' title="bbox 473 1542 2040 1624">
     <span class='ocr_line' id='line_1_17' title="bbox 473 1542 2040 1624; baseline 0.01 -28"><span class='ocrx_word' id='word_1_113' title='bbox 473 1544 777 1598; x_wconf 87' lang='lat' dir='ltr'><strong>conveniat.</strong></span> <span class='ocrx_word' id='word_1_114' title='bbox 832 1542 1152 1601; x_wconf 82' lang='lat' dir='ltr'><strong>Existimavi</strong></span> <span class='ocrx_word' id='word_1_115' title='bbox 1204 1562 1332 1618; x_wconf 73' lang='lat' dir='ltr'><strong>ergo</strong></span> <span class='ocrx_word' id='word_1_116' title='bbox 1378 1565 1502 1605; x_wconf 81' lang='lat' dir='ltr'><strong>esse</strong></span> <span class='ocrx_word' id='word_1_117' title='bbox 1549 1551 1752 1622; x_wconf 90' lang='lat' dir='ltr'><strong>aliquid</strong></span> <span class='ocrx_word' id='word_1_118' title='bbox 1807 1556 1950 1624; x_wconf 83' lang='lat' dir='ltr'><strong>quol</strong></span> <span class='ocrx_word' id='word_1_119' title='bbox 1988 1557 2040 1611; x_wconf 89' lang='lat' dir='ltr'><strong>ei</strong></span> 
     </span>
    </p>
   </div>
   <div class='ocr_carea' id='block_1_18' title="bbox 473 1633 2041 1714">
    <p class='ocr_par' dir='ltr' id='par_1_18' title="bbox 473 1633 2041 1714">
     <span class='ocr_line' id='line_1_18' title="bbox 473 1633 2041 1714; baseline 0.011 -28"><span class='ocrx_word' id='word_1_120' title='bbox 473 1633 789 1696; x_wconf 81' lang='lat' dir='ltr'><strong>coexsistat,</strong></span> <span class='ocrx_word' id='word_1_121' title='bbox 840 1635 1046 1690; x_wconf 92' lang='lat' dir='ltr'><strong>dictum</strong></span> <span class='ocrx_word' id='word_1_122' title='bbox 1097 1640 1360 1704; x_wconf 82' lang='lat' dir='ltr'><strong>materia;</strong></span> <span class='ocrx_word' id='word_1_123' title='bbox 1401 1656 1466 1696; x_wconf 81' lang='lat' dir='ltr'><strong>ex</strong></span> <span class='ocrx_word' id='word_1_124' title='bbox 1521 1656 1626 1712; x_wconf 90' lang='lat' dir='ltr'><strong>qua</strong></span> <span class='ocrx_word' id='word_1_125' title='bbox 1662 1644 1891 1714; x_wconf 85' lang='lat' dir='ltr'><strong>sapienti</strong></span> <span class='ocrx_word' id='word_1_126' title='bbox 1923 1654 2041 1704; x_wconf 88' lang='lat' dir='ltr'><strong>arte</strong></span> 
     </span>
    </p>
   </div>
   <div class='ocr_carea' id='block_1_19' title="bbox 472 1722 2036 1803">
    <p class='ocr_par' dir='ltr' id='par_1_19' title="bbox 472 1722 2036 1803">
     <span class='ocr_line' id='line_1_19' title="bbox 472 1722 2036 1803; baseline 0.012 -27"><span class='ocrx_word' id='word_1_127' title='bbox 472 1722 790 1780; x_wconf 87' lang='lat' dir='ltr'><strong>discernens</strong></span> <span class='ocrx_word' id='word_1_128' title='bbox 823 1740 887 1779; x_wconf 87' lang='lat' dir='ltr'><strong>ac</strong></span> <span class='ocrx_word' id='word_1_129' title='bbox 907 1726 1132 1796; x_wconf 85' lang='lat' dir='ltr'><strong>pulchre</strong></span> <span class='ocrx_word' id='word_1_130' title='bbox 1162 1745 1456 1792; x_wconf 80' lang='lat' dir='ltr'><strong>exornans,</strong></span> <span class='ocrx_word' id='word_1_131' title='bbox 1480 1747 1568 1789; x_wconf 90' lang='lat' dir='ltr'><strong>res</strong></span> <span class='ocrx_word' id='word_1_132' title='bbox 1597 1736 1933 1803; x_wconf 89' lang='lat' dir='ltr'><strong>condiderit;</strong></span> <span class='ocrx_word' id='word_1_133' title='bbox 1971 1755 2036 1793; x_wconf 83' lang='lat' dir='ltr'><strong>ex</strong></span> 
     </span>
    </p>
   </div>
   <div class='ocr_carea' id='block_1_20' title="bbox 2148 546 3717 623">
    <p class='ocr_par' dir='ltr' id='par_1_20' title="bbox 2148 546 3717 623">
     <span class='ocr_line' id='line_1_20' title="bbox 2148 546 3717 623; baseline 0 -20"><span class='ocrx_word' id='word_1_134' title='bbox 2148 549 2238 603; x_wconf 78' lang='grc' dir='ltr'><strong>τὸν</strong></span> <span class='ocrx_word' id='word_1_135' title='bbox 2268 550 2399 604; x_wconf 79' lang='grc' dir='ltr'>Θεὸν</span> <span class='ocrx_word' id='word_1_136' title='bbox 2429 550 2632 604; x_wconf 87' lang='grc' dir='ltr'>τούτων</span> <span class='ocrx_word' id='word_1_137' title='bbox 2659 550 2837 617; x_wconf 82' lang='grc' dir='ltr'>λέγειν</span> <span class='ocrx_word' id='word_1_138' title='bbox 2869 546 3007 605; x_wconf 85' lang='grc' dir='ltr'>εἶναι</span> <span class='ocrx_word' id='word_1_139' title='bbox 3040 550 3386 623; x_wconf 83' lang='grc' dir='ltr'>δημιουργὸν,</span> <span class='ocrx_word' id='word_1_140' title='bbox 3417 550 3507 603; x_wconf 74' lang='grc' dir='ltr'><strong>τὸν</strong></span> <span class='ocrx_word' id='word_1_141' title='bbox 3538 549 3717 603; x_wconf 75' lang='grc' dir='ltr'>ταῦτα</span> 
     </span>
    </p>
   </div>
   <div class='ocr_carea' id='block_1_21' title="bbox 2149 637 3713 714">
    <p class='ocr_par' dir='ltr' id='par_1_21' title="bbox 2149 637 3713 714">
     <span class='ocr_line' id='line_1_21' title="bbox 2149 637 3713 714; baseline -0.001 -19"><span class='ocrx_word' id='word_1_142' title='bbox 2149 642 2574 714; x_wconf 80' lang='grc' dir='ltr'><strong>παραιτούμενον</strong></span> <span class='ocrx_word' id='word_1_143' title='bbox 2595 659 2609 706; x_wconf 88' lang='grc'>;</span> <span class='ocrx_word' id='word_1_144' title='bbox 2628 642 2762 697; x_wconf 74' lang='grc' dir='ltr'>οὐδὲ</span> <span class='ocrx_word' id='word_1_145' title='bbox 2785 642 2893 714; x_wconf 78' lang='grc' dir='ltr'>γὰρ</span> <span class='ocrx_word' id='word_1_146' title='bbox 2919 641 2983 695; x_wconf 81' lang='grc' dir='ltr'><strong>ἂν</strong></span> <span class='ocrx_word' id='word_1_147' title='bbox 3011 641 3258 695; x_wconf 77' lang='grc' dir='ltr'>ἐϐούλετο</span> <span class='ocrx_word' id='word_1_148' title='bbox 3288 642 3364 712; x_wconf 80' lang='grc' dir='ltr'>μὴ</span> <span class='ocrx_word' id='word_1_149' title='bbox 3390 637 3530 694; x_wconf 79' lang='grc' dir='ltr'>εἶναι</span> <span class='ocrx_word' id='word_1_150' title='bbox 3552 641 3713 704; x_wconf 65' lang='grc' dir='ltr'>αὕτα,</span> 
     </span>
    </p>
   </div>
   <div class='ocr_carea' id='block_1_22' title="bbox 2148 733 3715 807">
    <p class='ocr_par' dir='ltr' id='par_1_22' title="bbox 2148 733 3715 807">
     <span class='ocr_line' id='line_1_22' title="bbox 2148 733 3715 807; baseline -0.001 -19"><span class='ocrx_word' id='word_1_151' title='bbox 2148 738 2195 789; x_wconf 84' lang='grc' dir='ltr'><strong>εί</strong></span> <span class='ocrx_word' id='word_1_152' title='bbox 2221 736 2433 807; x_wconf 83' lang='grc' dir='ltr'>πρῶτος</span> <span class='ocrx_word' id='word_1_153' title='bbox 2462 736 2640 789; x_wconf 81' lang='grc' dir='ltr'>αὐτῶν</span> <span class='ocrx_word' id='word_1_154' title='bbox 2672 736 2897 807; x_wconf 83' lang='grc' dir='ltr'>ποιητὴς</span> <span class='ocrx_word' id='word_1_155' title='bbox 2927 736 3167 807; x_wconf 78' lang='grc' dir='ltr'><strong>ὑπῆρχεν</strong></span> <span class='ocrx_word' id='word_1_156' title='bbox 3207 735 3386 797; x_wconf 81' lang='grc' dir='ltr'>αὐτός.</span> <span class='ocrx_word' id='word_1_157' title='bbox 3433 734 3573 797; x_wconf 76' lang='grc' dir='ltr'>Τοὺς</span> <span class='ocrx_word' id='word_1_158' title='bbox 3604 733 3715 803; x_wconf 77' lang='grc' dir='ltr'>γὰρ</span> 
     </span>
    </p>
   </div>
   <div class='ocr_carea' id='block_1_23' title="bbox 2149 823 3715 900">
    <p class='ocr_par' dir='ltr' id='par_1_23' title="bbox 2149 823 3715 900">
     <span class='ocr_line' id='line_1_23' title="bbox 2149 823 3715 900; baseline -0.003 -19"><span class='ocrx_word' id='word_1_159' title='bbox 2149 828 2470 900; x_wconf 74' lang='grc' dir='ltr'><strong>προσιόντας</strong></span> <span class='ocrx_word' id='word_1_160' title='bbox 2488 826 2637 897; x_wconf 87' lang='grc' dir='ltr'>αύτῷ</span> <span class='ocrx_word' id='word_1_161' title='bbox 2659 827 2901 897; x_wconf 87' lang='grc' dir='ltr'>μιμητὰς</span> <span class='ocrx_word' id='word_1_162' title='bbox 2916 827 3080 880; x_wconf 78' lang='grc' dir='ltr'>αὑτοῦ</span> <span class='ocrx_word' id='word_1_163' title='bbox 3105 826 3346 896; x_wconf 87' lang='grc' dir='ltr'>γίνεσθαι</span> <span class='ocrx_word' id='word_1_164' title='bbox 3365 825 3529 879; x_wconf 72' lang='grc' dir='ltr'>θέλει.</span> <span class='ocrx_word' id='word_1_165' title='bbox 3551 823 3715 877; x_wconf 86' lang='grc' dir='ltr'>Ὅθεν</span> 
     </span>
    </p>
   </div>
   <div class='ocr_carea' id='block_1_24' title="bbox 2147 916 3708 989">
    <p class='ocr_par' dir='ltr' id='par_1_24' title="bbox 2147 916 3708 989">
     <span class='ocr_line' id='line_1_24' title="bbox 2147 916 3708 989; baseline -0.003 -15"><span class='ocrx_word' id='word_1_166' title='bbox 2147 920 2338 987; x_wconf 76' lang='grc' dir='ltr'>ἄλογον</span> <span class='ocrx_word' id='word_1_167' title='bbox 2370 918 2544 985; x_wconf 80' lang='grc' dir='ltr'>ἔδοξεν</span> <span class='ocrx_word' id='word_1_168' title='bbox 2569 916 2706 972; x_wconf 81' lang='grc' dir='ltr'>εἷναί</span> <span class='ocrx_word' id='word_1_169' title='bbox 2743 936 2833 989; x_wconf 88' lang='grc' dir='ltr'><strong>μοι</strong></span> <span class='ocrx_word' id='word_1_170' title='bbox 2877 918 3046 973; x_wconf 77' lang='grc' dir='ltr'>ταῦτα</span> <span class='ocrx_word' id='word_1_171' title='bbox 3085 919 3418 989; x_wconf 80' lang='grc' dir='ltr'><strong>προσάπτειν</strong></span> <span class='ocrx_word' id='word_1_172' title='bbox 3448 916 3527 987; x_wconf 81' lang='grc' dir='ltr'>τῷ</span> <span class='ocrx_word' id='word_1_173' title='bbox 3568 916 3708 987; x_wconf 82' lang='grc' dir='ltr'>Θεῷ,</span> 
     </span>
    </p>
   </div>
   <div class='ocr_carea' id='block_1_25' title="bbox 2147 1010 3714 1084">
    <p class='ocr_par' dir='ltr' id='par_1_25' title="bbox 2147 1010 3714 1084">
     <span class='ocr_line' id='line_1_25' title="bbox 2147 1010 3714 1084; baseline -0.001 -20"><span class='ocrx_word' id='word_1_174' title='bbox 2147 1012 2180 1084; x_wconf 81' lang='grc' dir='ltr'>ἦ</span> <span class='ocrx_word' id='word_1_175' title='bbox 2206 1013 2280 1076; x_wconf 82' lang='grc' dir='ltr'>ὡς</span> <span class='ocrx_word' id='word_1_176' title='bbox 2304 1012 2360 1077; x_wconf 81' lang='grc' dir='ltr'>ἐξ</span> <span class='ocrx_word' id='word_1_177' title='bbox 2391 1011 2554 1065; x_wconf 89' lang='grc' dir='ltr'><strong>αύτοῦ</strong></span> <span class='ocrx_word' id='word_1_178' title='bbox 2581 1013 2931 1080; x_wconf 87' lang='grc' dir='ltr'>γεγονότα,...</span> <span class='ocrx_word' id='word_1_179' title='bbox 2959 1014 3006 1064; x_wconf 83' lang='grc' dir='ltr'><strong>εἰ</strong></span> <span class='ocrx_word' id='word_1_180' title='bbox 3031 1012 3125 1066; x_wconf 70' lang='grc' dir='ltr'><strong>καὶ</strong></span> <span class='ocrx_word' id='word_1_181' title='bbox 3149 1011 3219 1065; x_wconf 78' lang='grc' dir='ltr'>τὰ</span> <span class='ocrx_word' id='word_1_182' title='bbox 3248 1010 3482 1082; x_wconf 83' lang='grc' dir='ltr'>μάλιστα</span> <span class='ocrx_word' id='word_1_183' title='bbox 3509 1026 3714 1079; x_wconf 79' lang='grc' dir='ltr'>συγχω-</span> 
     </span>
    </p>
   </div>
   <div class='ocr_carea' id='block_1_26' title="bbox 2149 1098 3713 1174">
    <p class='ocr_par' dir='ltr' id='par_1_26' title="bbox 2149 1098 3713 1174">
     <span class='ocr_line' id='line_1_26' title="bbox 2149 1098 3713 1174; baseline -0.001 -18"><span class='ocrx_word' id='word_1_184' title='bbox 2149 1103 2311 1174; x_wconf 79' lang='grc' dir='ltr'>ρῆσαι</span> <span class='ocrx_word' id='word_1_185' title='bbox 2343 1104 2440 1166; x_wconf 82' lang='grc' dir='ltr'>δεῖ,</span> <span class='ocrx_word' id='word_1_186' title='bbox 2472 1102 2531 1167; x_wconf 75' lang='grc' dir='ltr'>ἐξ</span> <span class='ocrx_word' id='word_1_187' title='bbox 2554 1104 2653 1156; x_wconf 88' lang='grc' dir='ltr'><strong>ούκ</strong></span> <span class='ocrx_word' id='word_1_188' title='bbox 2672 1103 2839 1156; x_wconf 77' lang='grc' dir='ltr'>ὄντων</span> <span class='ocrx_word' id='word_1_189' title='bbox 2859 1102 3079 1157; x_wconf 73' lang='grc' dir='ltr'>δυνατὸν</span> <span class='ocrx_word' id='word_1_190' title='bbox 3099 1098 3236 1157; x_wconf 83' lang='grc' dir='ltr'>εἷναί</span> <span class='ocrx_word' id='word_1_191' title='bbox 3258 1120 3310 1155; x_wconf 91' lang='grc' dir='ltr'><strong>τι</strong></span> <span class='ocrx_word' id='word_1_192' title='bbox 3331 1101 3596 1172; x_wconf 82' lang='grc' dir='ltr'>γίνεσθαι,</span> <span class='ocrx_word' id='word_1_193' title='bbox 3629 1103 3713 1154; x_wconf 86' lang='grc' dir='ltr'>ὅτι</span> 
     </span>
    </p>
   </div>
   <div class='ocr_carea' id='block_1_27' title="bbox 2147 1187 3716 1266">
    <p class='ocr_par' dir='ltr' id='par_1_27' title="bbox 2147 1187 3716 1266">
     <span class='ocr_line' id='line_1_27' title="bbox 2147 1187 3716 1266; baseline -0.001 -20"><span class='ocrx_word' id='word_1_194' title='bbox 2147 1196 2238 1247; x_wconf 76' lang='grc' dir='ltr'>καὶ</span> <span class='ocrx_word' id='word_1_195' title='bbox 2265 1193 2332 1248; x_wconf 74' lang='grc' dir='ltr'>τὰ</span> <span class='ocrx_word' id='word_1_196' title='bbox 2364 1194 2508 1248; x_wconf 89' lang='grc' dir='ltr'><strong>κακά</strong></span> <span class='ocrx_word' id='word_1_197' title='bbox 2553 1194 2805 1265; x_wconf 79' lang='grc' dir='ltr'>ἐποίησεν</span> <span class='ocrx_word' id='word_1_198' title='bbox 2853 1194 3013 1259; x_wconf 88' lang='grc' dir='ltr'>αύτός</span> <span class='ocrx_word' id='word_1_199' title='bbox 3033 1212 3046 1225; x_wconf 84' lang='grc'><em>’</em></span> <span class='ocrx_word' id='word_1_200' title='bbox 3086 1196 3116 1248; x_wconf 88' lang='grc' dir='ltr'><strong>ό</strong></span> <span class='ocrx_word' id='word_1_201' title='bbox 3150 1194 3259 1266; x_wconf 73' lang='grc' dir='ltr'>γὰρ</span> <span class='ocrx_word' id='word_1_202' title='bbox 3284 1195 3347 1246; x_wconf 81' lang='grc' dir='ltr'>ὲκ</span> <span class='ocrx_word' id='word_1_203' title='bbox 3377 1192 3470 1246; x_wconf 79' lang='grc' dir='ltr'><strong>τοῦ</strong></span> <span class='ocrx_word' id='word_1_204' title='bbox 3508 1193 3610 1245; x_wconf 84' lang='grc' dir='ltr'><strong>ούκ</strong></span> <span class='ocrx_word' id='word_1_205' title='bbox 3637 1187 3716 1245; x_wconf 80' lang='grc' dir='ltr'>εί-</span> 
     </span>
    </p>
   </div>
   <div class='ocr_carea' id='block_1_28' title="bbox 2146 1277 3714 1356">
    <p class='ocr_par' dir='ltr' id='par_1_28' title="bbox 2146 1277 3714 1356">
     <span class='ocr_line' id='line_1_28' title="bbox 2146 1277 3714 1356; baseline -0.003 -19"><span class='ocrx_word' id='word_1_206' title='bbox 2146 1301 2233 1337; x_wconf 90' lang='grc' dir='ltr'><strong>ναι</strong></span> <span class='ocrx_word' id='word_1_207' title='bbox 2263 1287 2342 1348; x_wconf 85' lang='grc' dir='ltr'><strong>είς</strong></span> <span class='ocrx_word' id='word_1_208' title='bbox 2372 1285 2433 1337; x_wconf 80' lang='grc' dir='ltr'>τὸ</span> <span class='ocrx_word' id='word_1_209' title='bbox 2469 1281 2607 1337; x_wconf 82' lang='grc' dir='ltr'>εἶναι</span> <span class='ocrx_word' id='word_1_210' title='bbox 2636 1284 2773 1338; x_wconf 84' lang='grc' dir='ltr'><strong>αύτά</strong></span> <span class='ocrx_word' id='word_1_211' title='bbox 2805 1288 3037 1356; x_wconf 77' lang='grc' dir='ltr'><strong>ποιήσας</strong></span> <span class='ocrx_word' id='word_1_212' title='bbox 3076 1284 3178 1337; x_wconf 80' lang='grc' dir='ltr'><strong>οὐκ</strong></span> <span class='ocrx_word' id='word_1_213' title='bbox 3226 1284 3292 1337; x_wconf 81' lang='grc' dir='ltr'><strong>ἂν</strong></span> <span class='ocrx_word' id='word_1_214' title='bbox 3334 1285 3399 1336; x_wconf 79' lang='grc' dir='ltr'>ἐκ</span> <span class='ocrx_word' id='word_1_215' title='bbox 3443 1281 3540 1336; x_wconf 74' lang='grc' dir='ltr'><strong>τοῦ</strong></span> <span class='ocrx_word' id='word_1_216' title='bbox 3574 1277 3714 1334; x_wconf 84' lang='grc' dir='ltr'>εἷναι</span> 
     </span>
    </p>
   </div>
   <div class='ocr_carea' id='block_1_29' title="bbox 2147 1373 3715 1447">
    <p class='ocr_par' dir='ltr' id='par_1_29' title="bbox 2147 1373 3715 1447">
     <span class='ocr_line' id='line_1_29' title="bbox 2147 1373 3715 1447; baseline -0.001 -19"><span class='ocrx_word' id='word_1_217' title='bbox 2147 1377 2225 1439; x_wconf 86' lang='grc' dir='ltr'>εἰς</span> <span class='ocrx_word' id='word_1_218' title='bbox 2246 1376 2308 1429; x_wconf 82' lang='grc' dir='ltr'>τὸ</span> <span class='ocrx_word' id='word_1_219' title='bbox 2342 1376 2536 1447; x_wconf 77' lang='grc' dir='ltr'>μηκέτι</span> <span class='ocrx_word' id='word_1_220' title='bbox 2566 1373 2703 1431; x_wconf 84' lang='grc' dir='ltr'>εἶναι</span> <span class='ocrx_word' id='word_1_221' title='bbox 2736 1378 2893 1431; x_wconf 83' lang='grc' dir='ltr'>αὑτά.</span> <span class='ocrx_word' id='word_1_222' title='bbox 2924 1377 3093 1431; x_wconf 85' lang='grc' dir='ltr'>Πάλιν</span> <span class='ocrx_word' id='word_1_223' title='bbox 3137 1376 3197 1430; x_wconf 90' lang='grc' dir='ltr'><strong>τέ</strong></span> <span class='ocrx_word' id='word_1_224' title='bbox 3245 1393 3347 1429; x_wconf 83' lang='grc' dir='ltr'><strong>που</strong></span> <span class='ocrx_word' id='word_1_225' title='bbox 3381 1376 3593 1445; x_wconf 82' lang='grc' dir='ltr'><strong>ἀνάγκη</strong></span> <span class='ocrx_word' id='word_1_226' title='bbox 3626 1375 3715 1427; x_wconf 85' lang='grc' dir='ltr'>λέ-</span> 
     </span>
    </p>
   </div>
   <div class='ocr_carea' id='block_1_30' title="bbox 2145 1464 3715 1541">
    <p class='ocr_par' dir='ltr' id='par_1_30' title="bbox 2145 1464 3715 1541">
     <span class='ocr_line' id='line_1_30' title="bbox 2145 1464 3715 1541; baseline 0.001 -21"><span class='ocrx_word' id='word_1_227' title='bbox 2145 1483 2283 1536; x_wconf 81' lang='grc' dir='ltr'>γειν,</span> <span class='ocrx_word' id='word_1_228' title='bbox 2315 1468 2391 1531; x_wconf 84' lang='grc' dir='ltr'>ὡς</span> <span class='ocrx_word' id='word_1_229' title='bbox 2418 1464 2485 1540; x_wconf 83' lang='grc' dir='ltr'>ἦν</span> <span class='ocrx_word' id='word_1_230' title='bbox 2519 1486 2647 1521; x_wconf 89' lang='grc' dir='ltr'>ποτε</span> <span class='ocrx_word' id='word_1_231' title='bbox 2693 1468 2901 1541; x_wconf 81' lang='grc' dir='ltr'>καιρὸς,</span> <span class='ocrx_word' id='word_1_232' title='bbox 2942 1469 3032 1521; x_wconf 83' lang='grc' dir='ltr'>ὅτε</span> <span class='ocrx_word' id='word_1_233' title='bbox 3071 1470 3183 1531; x_wconf 82' lang='grc' dir='ltr'>τοῖς</span> <span class='ocrx_word' id='word_1_234' title='bbox 3221 1469 3408 1530; x_wconf 79' lang='grc' dir='ltr'>κακοῖς</span> <span class='ocrx_word' id='word_1_235' title='bbox 3437 1466 3652 1539; x_wconf 77' lang='grc' dir='ltr'>ἔχαιρεν</span> <span class='ocrx_word' id='word_1_236' title='bbox 3683 1468 3715 1520; x_wconf 82' lang='grc' dir='ltr'>ὁ</span> 
     </span>
    </p>
   </div>
   <div class='ocr_carea' id='block_1_31' title="bbox 2145 1549 3713 1633">
    <p class='ocr_par' dir='ltr' id='par_1_31' title="bbox 2145 1549 3713 1633">
     <span class='ocr_line' id='line_1_31' title="bbox 2145 1549 3713 1633; baseline 0.001 -19"><span class='ocrx_word' id='word_1_237' title='bbox 2145 1562 2295 1623; x_wconf 86' lang='grc' dir='ltr'>Θεός·</span> <span class='ocrx_word' id='word_1_238' title='bbox 2347 1549 2451 1615; x_wconf 74' lang='grc' dir='ltr'>νῦν</span> <span class='ocrx_word' id='word_1_239' title='bbox 2472 1561 2529 1615; x_wconf 82' lang='grc' dir='ltr'>δὲ</span> <span class='ocrx_word' id='word_1_240' title='bbox 2573 1564 2673 1616; x_wconf 88' lang='grc' dir='ltr'><strong>ούκ</strong></span> <span class='ocrx_word' id='word_1_241' title='bbox 2712 1561 2847 1616; x_wconf 75' lang='grc' dir='ltr'>ἔστι.</span> <span class='ocrx_word' id='word_1_242' title='bbox 2896 1562 3096 1633; x_wconf 86' lang='grc' dir='ltr'>Διόπερ</span> <span class='ocrx_word' id='word_1_243' title='bbox 3139 1561 3400 1615; x_wconf 88' lang='grc' dir='ltr'>ἀδύνατον</span> <span class='ocrx_word' id='word_1_244' title='bbox 3440 1556 3578 1615; x_wconf 76' lang='grc' dir='ltr'>εἷναί</span> <span class='ocrx_word' id='word_1_245' title='bbox 3622 1578 3713 1632; x_wconf 88' lang='grc' dir='ltr'><strong>μοι</strong></span> 
     </span>
    </p>
   </div>
   <div class='ocr_carea' id='block_1_32' title="bbox 2142 1648 3716 1724">
    <p class='ocr_par' dir='ltr' id='par_1_32' title="bbox 2142 1648 3716 1724">
     <span class='ocr_line' id='line_1_32' title="bbox 2142 1648 3716 1724; baseline 0.001 -19"><span class='ocrx_word' id='word_1_246' title='bbox 2142 1651 2291 1705; x_wconf 87' lang='grc' dir='ltr'>δοκεῖ</span> <span class='ocrx_word' id='word_1_247' title='bbox 2314 1650 2493 1721; x_wconf 87' lang='grc' dir='ltr'>λέγειν</span> <span class='ocrx_word' id='word_1_248' title='bbox 2542 1652 2701 1706; x_wconf 78' lang='grc' dir='ltr'>τοῦτο</span> <span class='ocrx_word' id='word_1_249' title='bbox 2742 1653 2871 1724; x_wconf 75' lang='grc' dir='ltr'>περὶ</span> <span class='ocrx_word' id='word_1_250' title='bbox 2908 1651 3065 1707; x_wconf 81' lang='grc' dir='ltr'>Θεοῦ.</span> <span class='ocrx_word' id='word_1_251' title='bbox 3122 1648 3411 1705; x_wconf 79' lang='grc' dir='ltr'>Ἀνοίκειον</span> <span class='ocrx_word' id='word_1_252' title='bbox 3457 1651 3565 1722; x_wconf 78' lang='grc' dir='ltr'>γὰρ</span> <span class='ocrx_word' id='word_1_253' title='bbox 3614 1652 3716 1722; x_wconf 79' lang='grc' dir='ltr'><strong>τῆς</strong></span> 
     </span>
    </p>
   </div>
   <div class='ocr_carea' id='block_1_33' title="bbox 2147 1741 3716 1816">
    <p class='ocr_par' dir='ltr' id='par_1_33' title="bbox 2147 1741 3716 1816">
     <span class='ocr_line' id='line_1_33' title="bbox 2147 1741 3716 1816; baseline -0.001 -20"><span class='ocrx_word' id='word_1_254' title='bbox 2147 1743 2359 1814; x_wconf 81' lang='grc' dir='ltr'>φύσεως</span> <span class='ocrx_word' id='word_1_255' title='bbox 2412 1741 2576 1797; x_wconf 78' lang='grc' dir='ltr'>αὑτοῦ</span> <span class='ocrx_word' id='word_1_256' title='bbox 2620 1744 2777 1797; x_wconf 83' lang='grc' dir='ltr'>τοῦτο</span> <span class='ocrx_word' id='word_1_257' title='bbox 2830 1744 3228 1816; x_wconf 78' lang='grc' dir='ltr'>προσαρμόζειν</span> <span class='ocrx_word' id='word_1_258' title='bbox 3283 1742 3453 1813; x_wconf 80' lang='grc' dir='ltr'>αύτῷ.</span> <span class='ocrx_word' id='word_1_259' title='bbox 3514 1742 3716 1813; x_wconf 75' lang='grc' dir='ltr'>Διόπερ</span> 
     </span>
    </p>
   </div>
   <div class='ocr_carea' id='block_1_34' title="bbox 470 1821 2030 1907">
    <p class='ocr_par' dir='ltr' id='par_1_34' title="bbox 470 1821 2030 1889">
     <span class='ocr_line' id='line_1_34' title="bbox 470 1821 2030 1889; baseline 0.011 -17"><span class='ocrx_word' id='word_1_260' title='bbox 470 1835 577 1889; x_wconf 92' lang='lat' dir='ltr'><strong>qua</strong></span> <span class='ocrx_word' id='word_1_261' title='bbox 611 1828 665 1874; x_wconf 92' lang='lat' dir='ltr'><strong>et</strong></span> <span class='ocrx_word' id='word_1_262' title='bbox 705 1821 846 1875; x_wconf 89' lang='lat' dir='ltr'><strong>mala</strong></span> <span class='ocrx_word' id='word_1_263' title='bbox 875 1823 1127 1878; x_wconf 89' lang='lat' dir='ltr'><strong>videntur</strong></span> <span class='ocrx_word' id='word_1_264' title='bbox 1178 1832 1317 1881; x_wconf 87' lang='lat' dir='ltr'><strong>ort‘a.</strong></span> <span class='ocrx_word' id='word_1_265' title='bbox 1349 1827 1487 1881; x_wconf 88' lang='lat' dir='ltr'><strong>Cum</strong></span> <span class='ocrx_word' id='word_1_266' title='bbox 1527 1828 1671 1883; x_wconf 91' lang='lat' dir='ltr'><strong>enim</strong></span> <span class='ocrx_word' id='word_1_267' title='bbox 1708 1830 1801 1884; x_wconf 92' lang='lat' dir='ltr'><strong>illa</strong></span> <span class='ocrx_word' id='word_1_268' title='bbox 1828 1838 1882 1887; x_wconf 91' lang='lat' dir='ltr'><strong>et</strong></span> <span class='ocrx_word' id='word_1_269' title='bbox 1917 1833 2030 1889; x_wconf 88' lang='lat' dir='ltr'><strong>sine</strong></span> 
     </span>
    </p>
   </div>
   <div class='ocr_carea' id='block_1_35' title="bbox 2140 1821 3711 1907">
    <p class='ocr_par' dir='ltr' id='par_1_35' title="bbox 2140 1827 3711 1907">
     <span class='ocr_line' id='line_1_35' title="bbox 2140 1827 3711 1907; baseline -0.001 -19"><span class='ocrx_word' id='word_1_270' title='bbox 2140 1835 2282 1901; x_wconf 73' lang='grc' dir='ltr'>ἔδοξέ</span> <span class='ocrx_word' id='word_1_271' title='bbox 2312 1835 2423 1906; x_wconf 78' lang='grc'><strong>(12)</strong></span> <span class='ocrx_word' id='word_1_272' title='bbox 2455 1853 2544 1907; x_wconf 89' lang='grc' dir='ltr'><strong>μοι</strong></span> <span class='ocrx_word' id='word_1_273' title='bbox 2579 1837 2944 1906; x_wconf 73' lang='grc' dir='ltr'>συνυπάρχειν</span> <span class='ocrx_word' id='word_1_274' title='bbox 2969 1854 3020 1889; x_wconf 91' lang='grc' dir='ltr'><strong>τι</strong></span> <span class='ocrx_word' id='word_1_275' title='bbox 3053 1834 3200 1906; x_wconf 84' lang='grc' dir='ltr'>αύτῷ</span> <span class='ocrx_word' id='word_1_276' title='bbox 3230 1827 3274 1903; x_wconf 82' lang='grc' dir='ltr'>ᾧ</span> <span class='ocrx_word' id='word_1_277' title='bbox 3302 1833 3537 1904; x_wconf 73' lang='grc' dir='ltr'>τοῦνομα</span> <span class='ocrx_word' id='word_1_278' title='bbox 3570 1834 3711 1899; x_wconf 71' lang='grc' dir='ltr'>ὕλη,</span> 
     </span>
    </p>
   </div>
   <div class='ocr_carea' id='block_1_36' title="bbox 469 1910 2037 1988">
    <p class='ocr_par' dir='ltr' id='par_1_36' title="bbox 469 1910 2037 1988">
     <span class='ocr_line' id='line_1_36' title="bbox 469 1910 2037 1988; baseline 0.011 -25"><span class='ocrx_word' id='word_1_279' title='bbox 469 1910 731 1976; x_wconf 82' lang='lat' dir='ltr'><strong>qualitate</strong></span> <span class='ocrx_word' id='word_1_280' title='bbox 759 1921 813 1967; x_wconf 92' lang='lat' dir='ltr'><strong>et</strong></span> <span class='ocrx_word' id='word_1_281' title='bbox 838 1911 1086 1971; x_wconf 77' lang='lat' dir='ltr'><strong>informis</strong></span> <span class='ocrx_word' id='word_1_282' title='bbox 1109 1916 1435 1986; x_wconf 79' lang='lat' dir='ltr'><strong>exsisteret;</strong></span> <span class='ocrx_word' id='word_1_283' title='bbox 1464 1919 1529 1975; x_wconf 94' lang='lat' dir='ltr'><strong>ad</strong></span> <span class='ocrx_word' id='word_1_284' title='bbox 1557 1920 1673 1976; x_wconf 65' lang='lat' dir='ltr'><strong>haec</strong></span> <span class='ocrx_word' id='word_1_285' title='bbox 1701 1939 1848 1988; x_wconf 88' lang='lat' dir='ltr'><strong>vero,</strong></span> <span class='ocrx_word' id='word_1_286' title='bbox 1873 1926 2037 1981; x_wconf 89' lang='lat' dir='ltr'><strong>etiam</strong></span> 
     </span>
    </p>
   </div>
   <div class='ocr_carea' id='block_1_37' title="bbox 470 2000 2037 2083">
    <p class='ocr_par' dir='ltr' id='par_1_37' title="bbox 470 2000 2037 2083">
     <span class='ocr_line' id='line_1_37' title="bbox 470 2000 2037 2083; baseline 0.013 -30"><span class='ocrx_word' id='word_1_287' title='bbox 470 2000 772 2056; x_wconf 86' lang='lat' dir='ltr'><strong>inordinate</strong></span> <span class='ocrx_word' id='word_1_288' title='bbox 807 2002 1042 2059; x_wconf 80' lang='lat' dir='ltr'><strong>ferretur</strong></span> <span class='ocrx_word' id='word_1_289' title='bbox 1077 2005 1279 2077; x_wconf 90' lang='lat' dir='ltr'><strong>Deique</strong></span> <span class='ocrx_word' id='word_1_290' title='bbox 1310 2017 1426 2064; x_wconf 88' lang='lat' dir='ltr'><strong>arte</strong></span> <span class='ocrx_word' id='word_1_291' title='bbox 1478 2009 1760 2083; x_wconf 78' lang='lat' dir='ltr'><strong>indigeret,</strong></span> <span class='ocrx_word' id='word_1_292' title='bbox 1796 2031 1905 2071; x_wconf 89' lang='lat' dir='ltr'><strong>non</strong></span> <span class='ocrx_word' id='word_1_293' title='bbox 1947 2017 2037 2072; x_wconf 89' lang='lat' dir='ltr'><strong>in-</strong></span> 
     </span>
    </p>
   </div>
   <div class='ocr_carea' id='block_1_38' title="bbox 466 2092 2038 2173">
    <p class='ocr_par' dir='ltr' id='par_1_38' title="bbox 466 2092 2038 2173">
     <span class='ocr_line' id='line_1_38' title="bbox 466 2092 2038 2173; baseline 0.014 -28"><span class='ocrx_word' id='word_1_294' title='bbox 466 2092 604 2147; x_wconf 83' lang='lat' dir='ltr'><strong>vidit</strong></span> <span class='ocrx_word' id='word_1_295' title='bbox 650 2093 796 2164; x_wconf 88' lang='lat' dir='ltr'><strong>ipse,</strong></span> <span class='ocrx_word' id='word_1_296' title='bbox 828 2109 1003 2166; x_wconf 85' lang='lat' dir='ltr'><strong>neque</strong></span> <span class='ocrx_word' id='word_1_297' title='bbox 1049 2097 1122 2151; x_wconf 90' lang='lat' dir='ltr'><strong>ita</strong></span> <span class='ocrx_word' id='word_1_298' title='bbox 1154 2114 1368 2171; x_wconf 83' lang='lat' dir='ltr'><strong>semper</strong></span> <span class='ocrx_word' id='word_1_299' title='bbox 1423 2105 1669 2173; x_wconf 90' lang='lat' dir='ltr'><strong>permisit</strong></span> <span class='ocrx_word' id='word_1_300' title='bbox 1726 2105 1886 2172; x_wconf 79' lang='lat' dir='ltr'><strong>ferri,</strong></span> <span class='ocrx_word' id='word_1_301' title='bbox 1941 2110 2038 2166; x_wconf 88' lang='lat' dir='ltr'><strong>sed</strong></span> 
     </span>
    </p>
   </div>
   <div class='ocr_carea' id='block_1_39' title="bbox 468 2185 2038 2267">
    <p class='ocr_par' dir='ltr' id='par_1_39' title="bbox 468 2185 2038 2267">
     <span class='ocr_line' id='line_1_39' title="bbox 468 2185 2038 2267; baseline 0.011 -27"><span class='ocrx_word' id='word_1_302' title='bbox 468 2185 751 2242; x_wconf 87' lang='lat' dir='ltr'><strong>elaborare</strong></span> <span class='ocrx_word' id='word_1_303' title='bbox 790 2189 975 2259; x_wconf 74' lang='lat' dir='ltr'><strong>empit,</strong></span> <span class='ocrx_word' id='word_1_304' title='bbox 1010 2190 1320 2261; x_wconf 78' lang='lat' dir='ltr'><strong>Optimaque</strong></span> <span class='ocrx_word' id='word_1_305' title='bbox 1364 2193 1434 2248; x_wconf 89' lang='lat' dir='ltr'><strong>ab</strong></span> <span class='ocrx_word' id='word_1_306' title='bbox 1481 2196 1601 2265; x_wconf 89' lang='lat' dir='ltr'><strong>ejus</strong></span> <span class='ocrx_word' id='word_1_307' title='bbox 1649 2199 1901 2267; x_wconf 88' lang='lat' dir='ltr'><strong>pessimis</strong></span> <span class='ocrx_word' id='word_1_308' title='bbox 1934 2216 2038 2256; x_wconf 83' lang='lat' dir='ltr'><strong>se-</strong></span> 
     </span>
    </p>
   </div>
   <div class='ocr_carea' id='block_1_40' title="bbox 468 2280 2037 2358">
    <p class='ocr_par' dir='ltr' id='par_1_40' title="bbox 468 2280 2037 2358">
     <span class='ocr_line' id='line_1_40' title="bbox 468 2280 2037 2358; baseline 0.011 -28"><span class='ocrx_word' id='word_1_309' title='bbox 468 2292 695 2332; x_wconf 83' lang='lat' dir='ltr'><strong>cernere</strong></span> <span class='ocrx_word' id='word_1_310' title='bbox 747 2280 951 2347; x_wconf 87' lang='lat' dir='ltr'><strong>voluit;</strong></span> <span class='ocrx_word' id='word_1_311' title='bbox 1005 2289 1167 2352; x_wconf 86' lang='lat' dir='ltr'><strong>atque</strong></span> <span class='ocrx_word' id='word_1_312' title='bbox 1232 2283 1328 2343; x_wconf 89' lang='lat' dir='ltr'><strong>ita.</strong></span> <span class='ocrx_word' id='word_1_313' title='bbox 1381 2301 1718 2358; x_wconf 74' lang='lat' dir='ltr'><strong>quaecunque</strong></span> <span class='ocrx_word' id='word_1_314' title='bbox 1755 2289 1921 2345; x_wconf 90' lang='lat' dir='ltr'><strong>Deum</strong></span> <span class='ocrx_word' id='word_1_315' title='bbox 1969 2307 2037 2347; x_wconf 81' lang='lat' dir='ltr'><strong>ex</strong></span> 
     </span>
    </p>
   </div>
   <div class='ocr_carea' id='block_1_41' title="bbox 465 2367 2039 2448">
    <p class='ocr_par' dir='ltr' id='par_1_41' title="bbox 465 2367 2039 2448">
     <span class='ocr_line' id='line_1_41' title="bbox 465 2367 2039 2448; baseline 0.008 -27"><span class='ocrx_word' id='word_1_316' title='bbox 465 2367 560 2421; x_wconf 87' lang='lat' dir='ltr'><strong>illa</strong></span> <span class='ocrx_word' id='word_1_317' title='bbox 610 2382 902 2437; x_wconf 88' lang='lat' dir='ltr'><strong>procreare</strong></span> <span class='ocrx_word' id='word_1_318' title='bbox 961 2369 1220 2434; x_wconf 88' lang='lat' dir='ltr'><strong>decebat,</strong></span> <span class='ocrx_word' id='word_1_319' title='bbox 1282 2374 1638 2441; x_wconf 78' lang='lat' dir='ltr'><strong>procreavit;</strong></span> <span class='ocrx_word' id='word_1_320' title='bbox 1701 2392 2039 2448; x_wconf 58' lang='lat' dir='ltr'><strong>quacunque</strong></span> 
     </span>
    </p>
   </div>
   <div class='ocr_carea' id='block_1_42' title="bbox 464 2460 2036 2532">
    <p class='ocr_par' dir='ltr' id='par_1_42' title="bbox 464 2460 2036 2532">
     <span class='ocr_line' id='line_1_42' title="bbox 464 2460 2036 2532; baseline 0.006 -19"><span class='ocrx_word' id='word_1_321' title='bbox 464 2475 628 2523; x_wconf 90' lang='lat' dir='ltr'><strong>vero,</strong></span> <span class='ocrx_word' id='word_1_322' title='bbox 697 2468 758 2513; x_wconf 89' lang='lat' dir='ltr'><strong>ut</strong></span> <span class='ocrx_word' id='word_1_323' title='bbox 815 2461 981 2517; x_wconf 90' lang='lat' dir='ltr'><strong>verbo</strong></span> <span class='ocrx_word' id='word_1_324' title='bbox 1042 2460 1241 2529; x_wconf 91' lang='lat' dir='ltr'><strong>dicam,</strong></span> <span class='ocrx_word' id='word_1_325' title='bbox 1301 2464 1490 2518; x_wconf 88' lang='lat' dir='ltr'><strong>habuit</strong></span> <span class='ocrx_word' id='word_1_326' title='bbox 1545 2465 1869 2532; x_wconf 68' lang='lat' dir='ltr'><strong>lmeulenta,</strong></span> <span class='ocrx_word' id='word_1_327' title='bbox 1938 2484 2036 2523; x_wconf 91' lang='lat' dir='ltr'><strong>ceu</strong></span> 
     </span>
    </p>
   </div>
   <div class='ocr_carea' id='block_1_43' title="bbox 464 2552 2036 2627">
    <p class='ocr_par' dir='ltr' id='par_1_43' title="bbox 464 2552 2036 2627">
     <span class='ocr_line' id='line_1_43' title="bbox 464 2552 2036 2627; baseline 0.007 -21"><span class='ocrx_word' id='word_1_328' title='bbox 464 2552 645 2623; x_wconf 89' lang='lat' dir='ltr'><strong>inepta</strong></span> <span class='ocrx_word' id='word_1_329' title='bbox 665 2552 902 2622; x_wconf 79' lang='lat' dir='ltr'><strong>epiﬂcio,</strong></span> <span class='ocrx_word' id='word_1_330' title='bbox 931 2555 1113 2623; x_wconf 90' lang='lat' dir='ltr'><strong>qualia</strong></span> <span class='ocrx_word' id='word_1_331' title='bbox 1144 2563 1323 2619; x_wconf 90' lang='lat' dir='ltr'><strong>erant,</strong></span> <span class='ocrx_word' id='word_1_332' title='bbox 1364 2557 1499 2611; x_wconf 90' lang='lat' dir='ltr'><strong>nihil</strong></span> <span class='ocrx_word' id='word_1_333' title='bbox 1528 2558 1629 2627; x_wconf 91' lang='lat' dir='ltr'><strong>ipsi</strong></span> <span class='ocrx_word' id='word_1_334' title='bbox 1670 2560 1845 2624; x_wconf 89' lang='lat' dir='ltr'><strong>utilia,</strong></span> <span class='ocrx_word' id='word_1_335' title='bbox 1877 2562 2036 2618; x_wconf 80' lang='lat' dir='ltr'><strong>dere-</strong></span> 
     </span>
    </p>
   </div>
   <div class='ocr_carea' id='block_1_44' title="bbox 464 2643 2036 2717">
    <p class='ocr_par' dir='ltr' id='par_1_44' title="bbox 464 2643 2036 2717">
     <span class='ocr_line' id='line_1_44' title="bbox 464 2643 2036 2717; baseline 0.008 -21"><span class='ocrx_word' id='word_1_336' title='bbox 464 2643 624 2713; x_wconf 87' lang='lat' dir='ltr'><strong>liquit</strong></span> <span class='ocrx_word' id='word_1_337' title='bbox 667 2664 680 2697; x_wconf 88' lang='lat'><strong>:</strong></span> <span class='ocrx_word' id='word_1_338' title='bbox 721 2660 786 2699; x_wconf 81' lang='lat' dir='ltr'><strong>ex</strong></span> <span class='ocrx_word' id='word_1_339' title='bbox 829 2645 1030 2714; x_wconf 84' lang='lat' dir='ltr'><strong>quibus</strong></span> <span class='ocrx_word' id='word_1_340' title='bbox 1077 2645 1238 2700; x_wconf 91' lang='lat' dir='ltr'><strong>modo</strong></span> <span class='ocrx_word' id='word_1_341' title='bbox 1266 2648 1408 2717; x_wconf 92' lang='lat' dir='ltr'><strong>apud</strong></span> <span class='ocrx_word' id='word_1_342' title='bbox 1457 2648 1707 2706; x_wconf 88' lang='lat' dir='ltr'><strong>homines</strong></span> <span class='ocrx_word' id='word_1_343' title='bbox 1756 2653 1898 2705; x_wconf 91' lang='lat' dir='ltr'><strong>mala</strong></span> <span class='ocrx_word' id='word_1_344' title='bbox 1949 2653 2036 2709; x_wconf 83' lang='lat' dir='ltr'><strong>in—</strong></span> 
     </span>
    </p>
   </div>
   <div class='ocr_carea' id='block_1_45' title="bbox 462 2735 2033 2807">
    <p class='ocr_par' dir='ltr' id='par_1_45' title="bbox 462 2735 2033 2807">
     <span class='ocr_line' id='line_1_45' title="bbox 462 2735 2033 2807; baseline 0.006 -18"><span class='ocrx_word' id='word_1_345' title='bbox 462 2735 631 2792; x_wconf 81' lang='lat' dir='ltr'><strong>ﬂuere</strong></span> <span class='ocrx_word' id='word_1_346' title='bbox 661 2737 774 2807; x_wconf 86' lang='lat' dir='ltr'><strong>(ll)</strong></span> <span class='ocrx_word' id='word_1_347' title='bbox 803 2737 1062 2793; x_wconf 88' lang='lat' dir='ltr'><strong>arbitror.</strong></span> <span class='ocrx_word' id='word_1_348' title='bbox 1097 2735 1187 2792; x_wconf 89' lang='lat' dir='ltr'><strong>Sic</strong></span> <span class='ocrx_word' id='word_1_349' title='bbox 1216 2739 1352 2793; x_wconf 90' lang='lat' dir='ltr'><strong>bene</strong></span> <span class='ocrx_word' id='word_1_350' title='bbox 1381 2740 1554 2795; x_wconf 89' lang='lat' dir='ltr'><strong>visum</strong></span> <span class='ocrx_word' id='word_1_351' title='bbox 1582 2750 1667 2798; x_wconf 91' lang='lat' dir='ltr'><strong>est</strong></span> <span class='ocrx_word' id='word_1_352' title='bbox 1693 2744 1916 2799; x_wconf 85' lang='lat' dir='ltr'><strong>sentire.</strong></span> <span class='ocrx_word' id='word_1_353' title='bbox 1951 2743 2033 2799; x_wconf 91' lang='lat' dir='ltr'><strong>Tu</strong></span> 
     </span>
    </p>
   </div>
   <div class='ocr_carea' id='block_1_46' title="bbox 461 2830 2036 2899">
    <p class='ocr_par' dir='ltr' id='par_1_46' title="bbox 461 2830 2036 2899">
     <span class='ocr_line' id='line_1_46' title="bbox 461 2830 2036 2899; baseline 0.006 -18"><span class='ocrx_word' id='word_1_354' title='bbox 461 2843 629 2891; x_wconf 90' lang='lat' dir='ltr'><strong>vero,</strong></span> <span class='ocrx_word' id='word_1_355' title='bbox 689 2830 896 2893; x_wconf 90' lang='lat' dir='ltr'><strong>amice,</strong></span> <span class='ocrx_word' id='word_1_356' title='bbox 970 2831 1015 2885; x_wconf 90' lang='lat' dir='ltr'><strong>si</strong></span> <span class='ocrx_word' id='word_1_357' title='bbox 1067 2831 1200 2899; x_wconf 92' lang='lat' dir='ltr'><strong>quid</strong></span> <span class='ocrx_word' id='word_1_358' title='bbox 1261 2832 1443 2888; x_wconf 89' lang='lat' dir='ltr'><strong>minus</strong></span> <span class='ocrx_word' id='word_1_359' title='bbox 1508 2842 1655 2891; x_wconf 78' lang='lat' dir='ltr'><strong>recte</strong></span> <span class='ocrx_word' id='word_1_360' title='bbox 1710 2835 1913 2890; x_wconf 91' lang='lat' dir='ltr'><strong>dictum</strong></span> <span class='ocrx_word' id='word_1_361' title='bbox 1952 2837 2036 2891; x_wconf 56' lang='lat' dir='ltr'><strong>vi-</strong></span> 
     </span>
    </p>
   </div>
   <div class='ocr_carea' id='block_1_47' title="bbox 460 2921 2036 2995">
    <p class='ocr_par' dir='ltr' id='par_1_47' title="bbox 460 2921 2036 2995">
     <span class='ocr_line' id='line_1_47' title="bbox 460 2921 2036 2995; baseline 0.006 -19"><span class='ocrx_word' id='word_1_362' title='bbox 460 2921 675 2986; x_wconf 90' lang='lat' dir='ltr'><strong>deatur,</strong></span> <span class='ocrx_word' id='word_1_363' title='bbox 712 2938 1010 2994; x_wconf 80' lang='lat' dir='ltr'><strong>suggerens</strong></span> <span class='ocrx_word' id='word_1_364' title='bbox 1046 2925 1299 2995; x_wconf 89' lang='lat' dir='ltr'><strong>loquere;</strong></span> <span class='ocrx_word' id='word_1_365' title='bbox 1359 2927 1519 2995; x_wconf 90' lang='lat' dir='ltr'><strong>plane</strong></span> <span class='ocrx_word' id='word_1_366' title='bbox 1566 2928 1711 2982; x_wconf 90' lang='lat' dir='ltr'><strong>enim</strong></span> <span class='ocrx_word' id='word_1_367' title='bbox 1741 2944 1803 2983; x_wconf 90' lang='lat' dir='ltr'><strong>ea</strong></span> <span class='ocrx_word' id='word_1_368' title='bbox 1846 2932 2036 2987; x_wconf 87' lang='lat' dir='ltr'><strong>audire</strong></span> 
     </span>
    </p>
   </div>
   <div class='ocr_carea' id='block_1_48' title="bbox 461 3015 730 3071">
    <p class='ocr_par' dir='ltr' id='par_1_48' title="bbox 461 3015 730 3071">
     <span class='ocr_line' id='line_1_48' title="bbox 461 3015 730 3071; baseline 0.019 -6"><span class='ocrx_word' id='word_1_369' title='bbox 461 3015 730 3071; x_wconf 88' lang='lat' dir='ltr'><strong>desidero.</strong></span> 
     </span>
    </p>
   </div>
   <div class='ocr_carea' id='block_1_49' title="bbox 2142 1925 3712 2001">
    <p class='ocr_par' dir='ltr' id='par_1_49' title="bbox 2142 1925 3712 2001">
     <span class='ocr_line' id='line_1_49' title="bbox 2142 1925 3712 2001; baseline -0.003 -19"><span class='ocrx_word' id='word_1_370' title='bbox 2142 1929 2199 1994; x_wconf 77' lang='grc' dir='ltr'>ἐξ</span> <span class='ocrx_word' id='word_1_371' title='bbox 2231 1925 2298 2001; x_wconf 80' lang='grc' dir='ltr'>ἦς</span> <span class='ocrx_word' id='word_1_372' title='bbox 2330 1927 2397 1982; x_wconf 87' lang='grc' dir='ltr'><strong>τά</strong></span> <span class='ocrx_word' id='word_1_373' title='bbox 2425 1928 2551 1981; x_wconf 75' lang='grc' dir='ltr'>ὄντα</span> <span class='ocrx_word' id='word_1_374' title='bbox 2580 1926 2975 1999; x_wconf 77' lang='grc' dir='ltr'>ἐδημιούργησε</span> <span class='ocrx_word' id='word_1_375' title='bbox 2995 1968 3010 1992; x_wconf 89' lang='grc'><strong>,</strong></span> <span class='ocrx_word' id='word_1_376' title='bbox 3041 1926 3206 1999; x_wconf 80' lang='grc' dir='ltr'>τέχνῃ</span> <span class='ocrx_word' id='word_1_377' title='bbox 3240 1929 3375 1996; x_wconf 80' lang='grc' dir='ltr'>σοςρῇ</span> <span class='ocrx_word' id='word_1_378' title='bbox 3406 1925 3712 1998; x_wconf 74' lang='grc' dir='ltr'>διακρίνας,</span> 
     </span>
    </p>
   </div>
   <div class='ocr_carea' id='block_1_50' title="bbox 2143 2008 3714 2093">
    <p class='ocr_par' dir='ltr' id='par_1_50' title="bbox 2143 2008 3714 2093">
     <span class='ocr_line' id='line_1_50' title="bbox 2143 2008 3714 2093; baseline -0.003 -17"><span class='ocrx_word' id='word_1_379' title='bbox 2143 2022 2236 2076; x_wconf 68' lang='grc' dir='ltr'>καὶ</span> <span class='ocrx_word' id='word_1_380' title='bbox 2282 2021 2651 2093; x_wconf 83' lang='grc' dir='ltr'>διακοσμήσας</span> <span class='ocrx_word' id='word_1_381' title='bbox 2695 2008 2901 2084; x_wconf 76' lang='grc' dir='ltr'>καλῶς,</span> <span class='ocrx_word' id='word_1_382' title='bbox 2942 2018 3002 2085; x_wconf 80' lang='grc' dir='ltr'><strong>ἐξ</strong></span> <span class='ocrx_word' id='word_1_383' title='bbox 3050 2015 3118 2092; x_wconf 86' lang='grc' dir='ltr'>ἧς</span> <span class='ocrx_word' id='word_1_384' title='bbox 3148 2021 3241 2073; x_wconf 69' lang='grc' dir='ltr'><strong>καὶ</strong></span> <span class='ocrx_word' id='word_1_385' title='bbox 3283 2020 3350 2072; x_wconf 82' lang='grc' dir='ltr'>τὰ</span> <span class='ocrx_word' id='word_1_386' title='bbox 3384 2020 3529 2073; x_wconf 84' lang='grc' dir='ltr'><strong>κακά</strong></span> <span class='ocrx_word' id='word_1_387' title='bbox 3570 2018 3714 2072; x_wconf 80' lang='grc' dir='ltr'>εἶναι</span> 
     </span>
    </p>
   </div>
   <div class='ocr_carea' id='block_1_51' title="bbox 2141 2110 3713 2183">
    <p class='ocr_par' dir='ltr' id='par_1_51' title="bbox 2141 2110 3713 2183">
     <span class='ocr_line' id='line_1_51' title="bbox 2141 2110 3713 2183; baseline -0.001 -16"><span class='ocrx_word' id='word_1_388' title='bbox 2141 2113 2305 2168; x_wconf 84' lang='grc' dir='ltr'>δοκεῖ.</span> <span class='ocrx_word' id='word_1_389' title='bbox 2341 2113 2556 2166; x_wconf 86' lang='grc' dir='ltr'>Ἀποίου</span> <span class='ocrx_word' id='word_1_390' title='bbox 2579 2130 2636 2165; x_wconf 86' lang='grc' dir='ltr'><strong>τε</strong></span> <span class='ocrx_word' id='word_1_391' title='bbox 2663 2112 2770 2183; x_wconf 87' lang='grc' dir='ltr'><strong>γάρ</strong></span> <span class='ocrx_word' id='word_1_392' title='bbox 2801 2112 2895 2166; x_wconf 79' lang='grc' dir='ltr'><strong>καὶ</strong></span> <span class='ocrx_word' id='word_1_393' title='bbox 2912 2111 3319 2183; x_wconf 80' lang='grc' dir='ltr'>ἀσχηματίστου</span> <span class='ocrx_word' id='word_1_394' title='bbox 3340 2110 3502 2181; x_wconf 77' lang='grc' dir='ltr'>ούσης</span> <span class='ocrx_word' id='word_1_395' title='bbox 3518 2110 3713 2180; x_wconf 76' lang='grc' dir='ltr'>αὐτῆς,</span> 
     </span>
    </p>
   </div>
   <div class='ocr_carea' id='block_1_52' title="bbox 2144 2203 3717 2277">
    <p class='ocr_par' dir='ltr' id='par_1_52' title="bbox 2144 2203 3717 2277">
     <span class='ocr_line' id='line_1_52' title="bbox 2144 2203 3717 2277; baseline -0.001 -20"><span class='ocrx_word' id='word_1_396' title='bbox 2144 2204 2279 2277; x_wconf 76' lang='grc' dir='ltr'>πρὸς</span> <span class='ocrx_word' id='word_1_397' title='bbox 2300 2205 2357 2259; x_wconf 78' lang='grc' dir='ltr'>δὲ</span> <span class='ocrx_word' id='word_1_398' title='bbox 2394 2204 2603 2268; x_wconf 77' lang='grc' dir='ltr'>τούτοις</span> <span class='ocrx_word' id='word_1_399' title='bbox 2622 2204 2717 2258; x_wconf 56' lang='grc' dir='ltr'><strong>καί¹</strong></span> <span class='ocrx_word' id='word_1_400' title='bbox 2743 2204 2993 2269; x_wconf 83' lang='grc' dir='ltr'>ἀτάκτως</span> <span class='ocrx_word' id='word_1_401' title='bbox 3022 2204 3346 2277; x_wconf 75' lang='grc' dir='ltr'>φερομένης,</span> <span class='ocrx_word' id='word_1_402' title='bbox 3370 2203 3628 2273; x_wconf 80' lang='grc' dir='ltr'>δεομένης</span> <span class='ocrx_word' id='word_1_403' title='bbox 3651 2217 3717 2254; x_wconf 76' lang='grc' dir='ltr'><strong>τε</strong></span> 
     </span>
    </p>
   </div>
   <div class='ocr_carea' id='block_1_53' title="bbox 2140 2287 3716 2369">
    <p class='ocr_par' dir='ltr' id='par_1_53' title="bbox 2140 2287 3716 2369">
     <span class='ocr_line' id='line_1_53' title="bbox 2140 2287 3716 2369; baseline -0.002 -20"><span class='ocrx_word' id='word_1_404' title='bbox 2140 2299 2239 2369; x_wconf 80' lang='grc' dir='ltr'>τῆς</span> <span class='ocrx_word' id='word_1_405' title='bbox 2263 2296 2354 2349; x_wconf 81' lang='grc' dir='ltr'>τοῦ</span> <span class='ocrx_word' id='word_1_406' title='bbox 2384 2297 2520 2351; x_wconf 77' lang='grc' dir='ltr'>Θεοῦ</span> <span class='ocrx_word' id='word_1_407' title='bbox 2558 2297 2773 2368; x_wconf 85' lang='grc' dir='ltr'>τέχνης,</span> <span class='ocrx_word' id='word_1_408' title='bbox 2808 2296 2907 2350; x_wconf 78' lang='grc' dir='ltr'><strong>οὐκ</strong></span> <span class='ocrx_word' id='word_1_409' title='bbox 2932 2295 3226 2369; x_wconf 79' lang='grc' dir='ltr'>ἐφθόνησεν</span> <span class='ocrx_word' id='word_1_410' title='bbox 3256 2287 3431 2357; x_wconf 80' lang='grc' dir='ltr'>οὗτος,</span> <span class='ocrx_word' id='word_1_411' title='bbox 3468 2292 3589 2346; x_wconf 75' lang='grc' dir='ltr'>οὔτε</span> <span class='ocrx_word' id='word_1_412' title='bbox 3620 2292 3716 2346; x_wconf 79' lang='grc' dir='ltr'>διὰ</span> 
     </span>
    </p>
   </div>
   <div class='ocr_carea' id='block_1_54' title="bbox 2139 2385 3714 2461">
    <p class='ocr_par' dir='ltr' id='par_1_54' title="bbox 2139 2385 3714 2461">
     <span class='ocr_line' id='line_1_54' title="bbox 2139 2385 3714 2461; baseline -0.001 -19"><span class='ocrx_word' id='word_1_413' title='bbox 2139 2391 2339 2453; x_wconf 84' lang='grc' dir='ltr'>παντὸς</span> <span class='ocrx_word' id='word_1_414' title='bbox 2386 2390 2674 2444; x_wconf 88' lang='grc' dir='ltr'>κατέλιπεν</span> <span class='ocrx_word' id='word_1_415' title='bbox 2708 2389 2875 2461; x_wconf 75' lang='grc' dir='ltr'>αὐτὴν</span> <span class='ocrx_word' id='word_1_416' title='bbox 2916 2388 3059 2443; x_wconf 74' lang='grc' dir='ltr'>οὕτω</span> <span class='ocrx_word' id='word_1_417' title='bbox 3105 2388 3385 2460; x_wconf 81' lang='grc' dir='ltr'>φέρεσθαι,</span> <span class='ocrx_word' id='word_1_418' title='bbox 3429 2385 3565 2441; x_wconf 86' lang='grc' dir='ltr'><strong>ἀλλά</strong></span> <span class='ocrx_word' id='word_1_419' title='bbox 3611 2386 3714 2456; x_wconf 80' lang='grc' dir='ltr'>δη·-</span> 
     </span>
    </p>
   </div>
   <div class='ocr_carea' id='block_1_55' title="bbox 2140 2475 3717 2551">
    <p class='ocr_par' dir='ltr' id='par_1_55' title="bbox 2140 2475 3717 2551">
     <span class='ocr_line' id='line_1_55' title="bbox 2140 2475 3717 2551; baseline -0.001 -20"><span class='ocrx_word' id='word_1_420' title='bbox 2140 2482 2417 2551; x_wconf 87' lang='grc' dir='ltr'>μιουργεῖν</span> <span class='ocrx_word' id='word_1_421' title='bbox 2456 2480 2671 2551; x_wconf 73' lang='grc' dir='ltr'>ἤρχετο,</span> <span class='ocrx_word' id='word_1_422' title='bbox 2705 2479 2798 2532; x_wconf 75' lang='grc' dir='ltr'><strong>καὶ</strong></span> <span class='ocrx_word' id='word_1_423' title='bbox 2840 2478 2947 2531; x_wconf 85' lang='grc' dir='ltr'><strong>ἀπὸ</strong></span> <span class='ocrx_word' id='word_1_424' title='bbox 2974 2477 3082 2531; x_wconf 84' lang='grc' dir='ltr'><strong>τῶν</strong></span> <span class='ocrx_word' id='word_1_425' title='bbox 3123 2477 3410 2548; x_wconf 86' lang='grc' dir='ltr'>χειρίστων</span> <span class='ocrx_word' id='word_1_426' title='bbox 3441 2475 3610 2544; x_wconf 85' lang='grc' dir='ltr'>αύτῆς</span> <span class='ocrx_word' id='word_1_427' title='bbox 3643 2475 3717 2529; x_wconf 87' lang='grc' dir='ltr'><strong>τά</strong></span> 
     </span>
    </p>
   </div>
   <div class='ocr_carea' id='block_1_56' title="bbox 2137 2566 3711 2641">
    <p class='ocr_par' dir='ltr' id='par_1_56' title="bbox 2137 2566 3711 2641">
     <span class='ocr_line' id='line_1_56' title="bbox 2137 2566 3711 2641; baseline -0.004 -18"><span class='ocrx_word' id='word_1_428' title='bbox 2137 2569 2397 2624; x_wconf 80' lang='grc' dir='ltr'>κάλλιστα</span> <span class='ocrx_word' id='word_1_429' title='bbox 2418 2570 2719 2641; x_wconf 75' lang='grc' dir='ltr'>διακρίνειν</span> <span class='ocrx_word' id='word_1_430' title='bbox 2743 2569 2921 2641; x_wconf 73' lang='grc' dir='ltr'>ἤθελε·</span> <span class='ocrx_word' id='word_1_431' title='bbox 2945 2569 3039 2622; x_wconf 77' lang='grc' dir='ltr'>καὶ</span> <span class='ocrx_word' id='word_1_432' title='bbox 3062 2567 3235 2631; x_wconf 78' lang='grc' dir='ltr'>οὕτως</span> <span class='ocrx_word' id='word_1_433' title='bbox 3255 2566 3711 2639; x_wconf 82' lang='grc' dir='ltr'>ἐδημιούργησεν,</span> 
     </span>
    </p>
   </div>
   <div class='ocr_carea' id='block_1_57' title="bbox 2135 2639 3711 2755">
    <p class='ocr_par' dir='ltr' id='par_1_57' title="bbox 2135 2639 3711 2755">
     <span class='ocr_line' id='line_1_57' title="bbox 2135 2639 3711 2755; baseline -0.004 -40"><span class='ocrx_word' id='word_1_434' title='bbox 2135 2662 2234 2715; x_wconf 89' lang='grc' dir='ltr'><strong>δσα</strong></span> <span class='ocrx_word' id='word_1_435' title='bbox 2269 2660 2327 2726; x_wconf 77' lang='grc' dir='ltr'>ἐξ</span> <span class='ocrx_word' id='word_1_436' title='bbox 2374 2639 2548 2734; x_wconf 52' lang='grc' dir='ltr'>αύξῆς</span> <span class='ocrx_word' id='word_1_437' title='bbox 2578 2639 2785 2733; x_wconf 76' lang='grc' dir='ltr'>ἥρμοζε</span> <span class='ocrx_word' id='word_1_438' title='bbox 2831 2661 2949 2732; x_wconf 86' lang='grc' dir='ltr'>Θεῷ</span> <span class='ocrx_word' id='word_1_439' title='bbox 2994 2661 3343 2733; x_wconf 83' lang='grc' dir='ltr'>δημιουργεῖν</span> <span class='ocrx_word' id='word_1_440' title='bbox 3369 2676 3382 2689; x_wconf 74' lang='grc' dir='ltr'><strong>ο</strong></span> <span class='ocrx_word' id='word_1_441' title='bbox 3417 2658 3489 2755; x_wconf 43' lang='lat' dir='ltr'><strong>si,</strong></span> <span class='ocrx_word' id='word_1_442' title='bbox 3531 2658 3576 2710; x_wconf 72' lang='grc' dir='ltr'>δ’</span> <span class='ocrx_word' id='word_1_443' title='bbox 3605 2658 3711 2710; x_wconf 81' lang='grc' dir='ltr'><strong>ὅσα</strong></span> 
     </span>
    </p>
   </div>
   <div class='ocr_carea' id='block_1_58' title="bbox 2140 2748 3713 2824">
    <p class='ocr_par' dir='ltr' id='par_1_58' title="bbox 2140 2748 3713 2824">
     <span class='ocr_line' id='line_1_58' title="bbox 2140 2748 3713 2824; baseline -0.003 -19"><span class='ocrx_word' id='word_1_444' title='bbox 2140 2752 2198 2819; x_wconf 76' lang='grc' dir='ltr'>ἐξ</span> <span class='ocrx_word' id='word_1_445' title='bbox 2223 2752 2393 2822; x_wconf 83' lang='grc' dir='ltr'>αύτῆς</span> <span class='ocrx_word' id='word_1_446' title='bbox 2418 2753 2522 2821; x_wconf 82' lang='grc' dir='ltr'><strong>(ὡς</strong></span> <span class='ocrx_word' id='word_1_447' title='bbox 2544 2753 2674 2817; x_wconf 73' lang='grc' dir='ltr'>ἔπος</span> <span class='ocrx_word' id='word_1_448' title='bbox 2703 2752 2918 2823; x_wconf 85' lang='grc' dir='ltr'>εἰπεῖν,)</span> <span class='ocrx_word' id='word_1_449' title='bbox 2940 2752 3190 2824; x_wconf 84' lang='grc' dir='ltr'>τρυγώδη</span> <span class='ocrx_word' id='word_1_450' title='bbox 3207 2748 3489 2821; x_wconf 72' lang='grc' dir='ltr'>ἐτύγχανε,</span> <span class='ocrx_word' id='word_1_451' title='bbox 3514 2748 3713 2811; x_wconf 76' lang='grc' dir='ltr'>ταῦτα,</span> 
     </span>
    </p>
   </div>
   <div class='ocr_carea' id='block_1_59' title="bbox 2139 2837 3715 2916">
    <p class='ocr_par' dir='ltr' id='par_1_59' title="bbox 2139 2837 3715 2916">
     <span class='ocr_line' id='line_1_59' title="bbox 2139 2837 3715 2916; baseline -0.004 -19"><span class='ocrx_word' id='word_1_452' title='bbox 2139 2844 2454 2915; x_wconf 77' lang='grc' dir='ltr'>ἀνάρμοστα</span> <span class='ocrx_word' id='word_1_453' title='bbox 2487 2844 2614 2897; x_wconf 78' lang='grc' dir='ltr'>ὄντα</span> <span class='ocrx_word' id='word_1_454' title='bbox 2659 2841 2795 2916; x_wconf 75' lang='grc' dir='ltr'>πρὸς</span> <span class='ocrx_word' id='word_1_455' title='bbox 2832 2842 3212 2915; x_wconf 83' lang='grc' dir='ltr'>δημιουργίαν,</span> <span class='ocrx_word' id='word_1_456' title='bbox 3249 2842 3325 2905; x_wconf 80' lang='grc' dir='ltr'>ὡς</span> <span class='ocrx_word' id='word_1_457' title='bbox 3371 2837 3504 2911; x_wconf 79' lang='grc' dir='ltr'>εἶχε,</span> <span class='ocrx_word' id='word_1_458' title='bbox 3550 2839 3715 2892; x_wconf 79' lang='grc' dir='ltr'>κατέο</span> 
     </span>
    </p>
   </div>
   <div class='ocr_carea' id='block_1_60' title="bbox 2137 2926 3715 3008">
    <p class='ocr_par' dir='ltr' id='par_1_60' title="bbox 2137 2926 3715 3008">
     <span class='ocr_line' id='line_1_60' title="bbox 2137 2926 3715 3008; baseline -0.004 -19"><span class='ocrx_word' id='word_1_459' title='bbox 2137 2935 2281 2999; x_wconf 87' lang='grc' dir='ltr'>λιπε,</span> <span class='ocrx_word' id='word_1_460' title='bbox 2306 2937 2425 2989; x_wconf 87' lang='grc' dir='ltr'>κατ’</span> <span class='ocrx_word' id='word_1_461' title='bbox 2459 2935 2608 2989; x_wconf 79' lang='grc' dir='ltr'>οὐδὲν</span> <span class='ocrx_word' id='word_1_462' title='bbox 2647 2935 2797 3007; x_wconf 81' lang='grc' dir='ltr'>αὐτῷ</span> <span class='ocrx_word' id='word_1_463' title='bbox 2835 2936 3212 3008; x_wconf 75' lang='grc' dir='ltr'>προσήκονταο</span> <span class='ocrx_word' id='word_1_464' title='bbox 3248 2934 3308 2998; x_wconf 80' lang='grc' dir='ltr'><strong>ἑξ</strong></span> <span class='ocrx_word' id='word_1_465' title='bbox 3337 2926 3411 2987; x_wconf 83' lang='grc' dir='ltr'>ὧν</span> <span class='ocrx_word' id='word_1_466' title='bbox 3437 2932 3585 2986; x_wconf 86' lang='grc' dir='ltr'>δοκεῖ</span> <span class='ocrx_word' id='word_1_467' title='bbox 3618 2947 3715 3001; x_wconf 78' lang='grc' dir='ltr'><strong>μοι</strong></span> 
     </span>
    </p>
   </div>
   <div class='ocr_carea' id='block_1_61' title="bbox 2140 3024 3713 3100">
    <p class='ocr_par' dir='ltr' id='par_1_61' title="bbox 2140 3024 3713 3100">
     <span class='ocr_line' id='line_1_61' title="bbox 2140 3024 3713 3100; baseline -0.002 -21"><span class='ocrx_word' id='word_1_468' title='bbox 2140 3026 2235 3079; x_wconf 82' lang='grc' dir='ltr'>νῦν</span> <span class='ocrx_word' id='word_1_469' title='bbox 2275 3027 2424 3098; x_wconf 80' lang='grc' dir='ltr'>ποιρά</span> <span class='ocrx_word' id='word_1_470' title='bbox 2456 3025 2764 3100; x_wconf 81' lang='grc' dir='ltr'>ἀνθρώποις</span> <span class='ocrx_word' id='word_1_471' title='bbox 2803 3027 3048 3099; x_wconf 81' lang='grc' dir='ltr'>ἐπαίρειν</span> <span class='ocrx_word' id='word_1_472' title='bbox 3080 3026 3147 3079; x_wconf 77' lang='grc' dir='ltr'>τὰ</span> <span class='ocrx_word' id='word_1_473' title='bbox 3179 3026 3324 3079; x_wconf 87' lang='grc' dir='ltr'><strong>κακά</strong></span> <span class='ocrx_word' id='word_1_474' title='bbox 3349 3024 3483 3095; x_wconf 74' lang='lat' dir='ltr'><strong>(l3).</strong></span> <span class='ocrx_word' id='word_1_475' title='bbox 3521 3024 3713 3086; x_wconf 80' lang='grc' dir='ltr'>υύτως</span> 
     </span>
    </p>
   </div>
   <div class='ocr_carea' id='block_1_62' title="bbox 462 3108 3710 3195">
    <p class='ocr_par' dir='ltr' id='par_1_62' title="bbox 462 3108 3710 3195">
     <span class='ocr_line' id='line_1_62' title="bbox 462 3108 3710 3195; baseline 0.002 -32"><span class='ocrx_word' id='word_1_476' title='bbox 462 3110 607 3177; x_wconf 80' lang='grc' dir='ltr'>ἔδοξέ</span> <span class='ocrx_word' id='word_1_477' title='bbox 634 3129 725 3182; x_wconf 86' lang='grc' dir='ltr'><strong>μοι</strong></span> <span class='ocrx_word' id='word_1_478' title='bbox 753 3108 811 3165; x_wconf 76' lang='grc' dir='ltr'><strong>εὖ</strong></span> <span class='ocrx_word' id='word_1_479' title='bbox 835 3111 978 3183; x_wconf 82' lang='grc' dir='ltr'>ἔχειν</span> <span class='ocrx_word' id='word_1_480' title='bbox 1005 3116 1237 3183; x_wconf 84' lang='grc' dir='ltr'>φρονεῖν.</span> <span class='ocrx_word' id='word_1_481' title='bbox 1269 3115 1339 3167; x_wconf 76' lang='grc' dir='ltr'>Σὺ</span> <span class='ocrx_word' id='word_1_482' title='bbox 1365 3115 1442 3177; x_wconf 79' lang='grc' dir='ltr'><strong>δὲ,</strong></span> <span class='ocrx_word' id='word_1_483' title='bbox 1475 3110 1519 3168; x_wconf 82' lang='grc' dir='ltr'>ὧ</span> <span class='ocrx_word' id='word_1_484' title='bbox 1551 3118 1689 3185; x_wconf 78' lang='grc' dir='ltr'>φίλε,</span> <span class='ocrx_word' id='word_1_485' title='bbox 1717 3117 1771 3170; x_wconf 77' lang='grc' dir='ltr'>εἴ</span> <span class='ocrx_word' id='word_1_486' title='bbox 1794 3118 1914 3172; x_wconf 84' lang='grc' dir='ltr'>τινά</span> <span class='ocrx_word' id='word_1_487' title='bbox 1940 3136 2021 3173; x_wconf 92' lang='grc' dir='ltr'><strong>σοι</strong></span> <span class='ocrx_word' id='word_1_488' title='bbox 2067 3122 2215 3175; x_wconf 83' lang='grc' dir='ltr'>δοκεῖ</span> <span class='ocrx_word' id='word_1_489' title='bbox 2274 3123 2348 3195; x_wconf 81' lang='grc' dir='ltr'>μὴ</span> <span class='ocrx_word' id='word_1_490' title='bbox 2373 3121 2553 3187; x_wconf 83' lang='grc' dir='ltr'>καλῶς</span> <span class='ocrx_word' id='word_1_491' title='bbox 2576 3121 2830 3195; x_wconf 77' lang='grc' dir='ltr'>εἰρῆσθαι</span> <span class='ocrx_word' id='word_1_492' title='bbox 2855 3122 2991 3195; x_wconf 84' lang='grc' dir='ltr'>πρὸς</span> <span class='ocrx_word' id='word_1_493' title='bbox 3025 3120 3182 3193; x_wconf 79' lang='grc' dir='ltr'>ἐμοῦ,</span> <span class='ocrx_word' id='word_1_494' title='bbox 3251 3121 3535 3191; x_wconf 79' lang='grc' dir='ltr'>ἀναφέρων</span> <span class='ocrx_word' id='word_1_495' title='bbox 3558 3119 3710 3187; x_wconf 85' lang='grc' dir='ltr'>λέγε,</span> 
     </span>
    </p>
   </div>
   <div class='ocr_carea' id='block_1_63' title="bbox 461 3207 1543 3278">
    <p class='ocr_par' dir='ltr' id='par_1_63' title="bbox 461 3207 1543 3278">
     <span class='ocr_line' id='line_1_63' title="bbox 461 3207 1543 3278; baseline 0.004 -18"><span class='ocrx_word' id='word_1_496' title='bbox 461 3208 556 3260; x_wconf 77' lang='grc' dir='ltr'><strong>καὶ</strong></span> <span class='ocrx_word' id='word_1_497' title='bbox 589 3208 727 3261; x_wconf 84' lang='grc' dir='ltr'><strong>πάνυ</strong></span> <span class='ocrx_word' id='word_1_498' title='bbox 755 3207 882 3278; x_wconf 75' lang='grc' dir='ltr'>περὶ</span> <span class='ocrx_word' id='word_1_499' title='bbox 906 3207 1109 3261; x_wconf 87' lang='grc' dir='ltr'>τούτων</span> <span class='ocrx_word' id='word_1_500' title='bbox 1131 3208 1347 3262; x_wconf 85' lang='grc' dir='ltr'>ἀκούειν</span> <span class='ocrx_word' id='word_1_501' title='bbox 1373 3209 1543 3265; x_wconf 84' lang='grc' dir='ltr'>ποθῶ.</span> 
     </span>
    </p>
   </div>
   <div class='ocr_carea' id='block_1_64' title="bbox 531 3297 2030 3375">
    <p class='ocr_par' dir='ltr' id='par_1_64' title="bbox 531 3297 2030 3370">
     <span class='ocr_line' id='line_1_64' title="bbox 531 3297 2030 3370; baseline 0.004 -17"><span class='ocrx_word' id='word_1_502' title='bbox 531 3297 741 3354; x_wconf 80' lang='lat' dir='ltr'><strong>ORTH.</strong></span> <span class='ocrx_word' id='word_1_503' title='bbox 778 3297 1039 3369; x_wconf 85' lang='lat' dir='ltr'><strong>Equidem</strong></span> <span class='ocrx_word' id='word_1_504' title='bbox 1071 3309 1346 3370; x_wconf 86' lang='lat' dir='ltr'><strong>acceptam</strong></span> <span class='ocrx_word' id='word_1_505' title='bbox 1382 3302 1574 3370; x_wconf 90' lang='lat' dir='ltr'><strong>habeo,</strong></span> <span class='ocrx_word' id='word_1_506' title='bbox 1600 3303 1791 3367; x_wconf 90' lang='lat' dir='ltr'><strong>amice,</strong></span> <span class='ocrx_word' id='word_1_507' title='bbox 1834 3305 2030 3359; x_wconf 87' lang='lat' dir='ltr'><strong>alacri-</strong></span> 
     </span>
    </p>
   </div>
   <div class='ocr_carea' id='block_1_65' title="bbox 2140 3297 3708 3375">
    <p class='ocr_par' dir='ltr' id='par_1_65' title="bbox 2213 3300 3708 3375">
     <span class='ocr_line' id='line_1_65' title="bbox 2213 3300 3708 3375; baseline -0.002 -18"><span class='ocrx_word' id='word_1_508' title='bbox 2213 3303 2450 3360; x_wconf 75' lang='grc' dir='ltr'>ΟΡΘΟΔ.</span> <span class='ocrx_word' id='word_1_509' title='bbox 2480 3303 2590 3375; x_wconf 83' lang='grc' dir='ltr'>Τὴν</span> <span class='ocrx_word' id='word_1_510' title='bbox 2620 3304 2717 3374; x_wconf 80' lang='grc' dir='ltr'><strong>μὲν</strong></span> <span class='ocrx_word' id='word_1_511' title='bbox 2744 3302 3053 3375; x_wconf 82' lang='grc' dir='ltr'>προθυμίαν</span> <span class='ocrx_word' id='word_1_512' title='bbox 3090 3302 3423 3373; x_wconf 81' lang='grc' dir='ltr'>ἀποδέχομαι</span> <span class='ocrx_word' id='word_1_513' title='bbox 3450 3300 3548 3373; x_wconf 74' lang='grc' dir='ltr'>τὴν</span> <span class='ocrx_word' id='word_1_514' title='bbox 3584 3302 3708 3374; x_wconf 73' lang='grc' dir='ltr'>σὴν,</span> 
     </span>
    </p>
   </div>
   <div class='ocr_carea' id='block_1_66' title="bbox 459 3390 2029 3461">
    <p class='ocr_par' dir='ltr' id='par_1_66' title="bbox 459 3390 2029 3461">
     <span class='ocr_line' id='line_1_66' title="bbox 459 3390 2029 3461; baseline 0.006 -17"><span class='ocrx_word' id='word_1_515' title='bbox 459 3398 624 3445; x_wconf 85' lang='lat' dir='ltr'><strong>tatem</strong></span> <span class='ocrx_word' id='word_1_516' title='bbox 651 3396 819 3451; x_wconf 89' lang='lat' dir='ltr'><strong>tuam,</strong></span> <span class='ocrx_word' id='word_1_517' title='bbox 838 3390 1184 3461; x_wconf 84' lang='lat' dir='ltr'><strong>studiumque</strong></span> <span class='ocrx_word' id='word_1_518' title='bbox 1216 3392 1347 3448; x_wconf 88' lang='lat' dir='ltr'><strong>illud</strong></span> <span class='ocrx_word' id='word_1_519' title='bbox 1384 3403 1533 3450; x_wconf 90' lang='lat' dir='ltr'><strong>tuum</strong></span> <span class='ocrx_word' id='word_1_520' title='bbox 1556 3399 1700 3453; x_wconf 83' lang='lat' dir='ltr'><strong>circa</strong></span> <span class='ocrx_word' id='word_1_521' title='bbox 1728 3398 2029 3453; x_wconf 86' lang='lat' dir='ltr'><strong>doctrinam</strong></span> 
     </span>
    </p>
   </div>
   <div class='ocr_carea' id='block_1_67' title="bbox 461 3478 2031 3553">
    <p class='ocr_par' dir='ltr' id='par_1_67' title="bbox 461 3478 2031 3553">
     <span class='ocr_line' id='line_1_67' title="bbox 461 3478 2031 3553; baseline 0.008 -20"><span class='ocrx_word' id='word_1_522' title='bbox 461 3481 644 3535; x_wconf 89' lang='lat' dir='ltr'><strong>laudo.</strong></span> <span class='ocrx_word' id='word_1_523' title='bbox 674 3478 829 3546; x_wconf 86' lang='lat' dir='ltr'><strong>Quod</strong></span> <span class='ocrx_word' id='word_1_524' title='bbox 858 3496 1020 3551; x_wconf 88' lang='lat' dir='ltr'><strong>porro</strong></span> <span class='ocrx_word' id='word_1_525' title='bbox 1053 3483 1125 3535; x_wconf 88' lang='lat' dir='ltr'><strong>ita</strong></span> <span class='ocrx_word' id='word_1_526' title='bbox 1146 3483 1214 3537; x_wconf 89' lang='lat' dir='ltr'><strong>de</strong></span> <span class='ocrx_word' id='word_1_527' title='bbox 1244 3485 1406 3540; x_wconf 90' lang='lat' dir='ltr'><strong>rebus</strong></span> <span class='ocrx_word' id='word_1_528' title='bbox 1440 3489 1799 3553; x_wconf 82' lang='lat' dir='ltr'><strong>existimasti,</strong></span> <span class='ocrx_word' id='word_1_529' title='bbox 1851 3499 1910 3543; x_wconf 91' lang='lat' dir='ltr'><strong>ut</strong></span> <span class='ocrx_word' id='word_1_530' title='bbox 1938 3506 2031 3546; x_wconf 87' lang='lat' dir='ltr'><strong>eas</strong></span> 
     </span>
    </p>
   </div>
   <div class='ocr_carea' id='block_1_68' title="bbox 462 3572 2030 3645">
    <p class='ocr_par' dir='ltr' id='par_1_68' title="bbox 462 3572 2030 3645">
     <span class='ocr_line' id='line_1_68' title="bbox 462 3572 2030 3645; baseline 0.007 -21"><span class='ocrx_word' id='word_1_531' title='bbox 462 3572 606 3628; x_wconf 87' lang='lat' dir='ltr'><strong>Deus</strong></span> <span class='ocrx_word' id='word_1_532' title='bbox 630 3590 697 3628; x_wconf 78' lang='lat' dir='ltr'><strong>ex</strong></span> <span class='ocrx_word' id='word_1_533' title='bbox 725 3574 1034 3644; x_wconf 72' lang='lat' dir='ltr'><strong>pnejaceuti</strong></span> <span class='ocrx_word' id='word_1_534' title='bbox 1066 3576 1243 3644; x_wconf 88' lang='lat' dir='ltr'><strong>aliqua</strong></span> <span class='ocrx_word' id='word_1_535' title='bbox 1268 3578 1575 3633; x_wconf 85' lang='lat' dir='ltr'><strong>substantia</strong></span> <span class='ocrx_word' id='word_1_536' title='bbox 1600 3582 1889 3645; x_wconf 89' lang='lat' dir='ltr'><strong>creaverit,</strong></span> <span class='ocrx_word' id='word_1_537' title='bbox 1922 3599 2030 3638; x_wconf 90' lang='lat' dir='ltr'><strong>non</strong></span> 
     </span>
    </p>
   </div>
   <div class='ocr_carea' id='block_1_69' title="bbox 457 3666 2029 3745">
    <p class='ocr_par' dir='ltr' id='par_1_69' title="bbox 457 3666 2029 3745">
     <span class='ocr_line' id='line_1_69' title="bbox 457 3666 2029 3745; baseline 0.006 -28"><span class='ocrx_word' id='word_1_538' title='bbox 457 3679 688 3745; x_wconf 82' lang='lat' dir='ltr'><strong>prorsus</strong></span> <span class='ocrx_word' id='word_1_539' title='bbox 712 3666 1169 3736; x_wconf 89' lang='lat' dir='ltr'><strong>reprehenderim.</strong></span> <span class='ocrx_word' id='word_1_540' title='bbox 1234 3668 1441 3726; x_wconf 81' lang='lat' dir='ltr'><strong>Revera</strong></span> <span class='ocrx_word' id='word_1_541' title='bbox 1472 3672 1616 3724; x_wconf 91' lang='lat' dir='ltr'><strong>enim</strong></span> <span class='ocrx_word' id='word_1_542' title='bbox 1652 3671 1726 3725; x_wconf 91' lang='lat' dir='ltr'><strong>ita</strong></span> <span class='ocrx_word' id='word_1_543' title='bbox 1758 3671 1939 3735; x_wconf 90' lang='lat' dir='ltr'><strong>habet,</strong></span> <span class='ocrx_word' id='word_1_544' title='bbox 1970 3682 2029 3726; x_wconf 87' lang='lat' dir='ltr'><strong>ut</strong></span> 
     </span>
    </p>
   </div>
   <div class='ocr_carea' id='block_1_70' title="bbox 457 3759 2033 3833">
    <p class='ocr_par' dir='ltr' id='par_1_70' title="bbox 457 3759 2033 3833">
     <span class='ocr_line' id='line_1_70' title="bbox 457 3759 2033 3833; baseline 0.005 -21"><span class='ocrx_word' id='word_1_545' title='bbox 457 3764 611 3813; x_wconf 83' lang='lat' dir='ltr'><strong>ortus</strong></span> <span class='ocrx_word' id='word_1_546' title='bbox 639 3759 929 3823; x_wconf 91' lang='lat' dir='ltr'><strong>malorum,</strong></span> <span class='ocrx_word' id='word_1_547' title='bbox 953 3760 1008 3814; x_wconf 91' lang='lat' dir='ltr'><strong>in</strong></span> <span class='ocrx_word' id='word_1_548' title='bbox 1031 3759 1084 3814; x_wconf 90' lang='lat' dir='ltr'><strong>id</strong></span> <span class='ocrx_word' id='word_1_549' title='bbox 1107 3777 1301 3816; x_wconf 89' lang='lat' dir='ltr'><strong>sensus</strong></span> <span class='ocrx_word' id='word_1_550' title='bbox 1337 3763 1541 3817; x_wconf 91' lang='lat' dir='ltr'><strong>multos</strong></span> <span class='ocrx_word' id='word_1_551' title='bbox 1580 3763 1878 3833; x_wconf 84' lang='lat' dir='ltr'><strong>impulerit.</strong></span> <span class='ocrx_word' id='word_1_552' title='bbox 1907 3763 2033 3820; x_wconf 84' lang='lat' dir='ltr'><strong>Ete-</strong></span> 
     </span>
    </p>
   </div>
   <div class='ocr_carea' id='block_1_71' title="bbox 456 3849 2026 3923">
    <p class='ocr_par' dir='ltr' id='par_1_71' title="bbox 456 3849 2026 3923">
     <span class='ocr_line' id='line_1_71' title="bbox 456 3849 2026 3923; baseline 0.006 -22"><span class='ocrx_word' id='word_1_553' title='bbox 456 3849 570 3902; x_wconf 91' lang='lat' dir='ltr'><strong>nim</strong></span> <span class='ocrx_word' id='word_1_554' title='bbox 617 3857 743 3905; x_wconf 88' lang='lat' dir='ltr'><strong>ante</strong></span> <span class='ocrx_word' id='word_1_555' title='bbox 802 3852 1013 3915; x_wconf 88' lang='lat' dir='ltr'><strong>ambos,</strong></span> <span class='ocrx_word' id='word_1_556' title='bbox 1049 3852 1152 3906; x_wconf 91' lang='lat' dir='ltr'><strong>viri</strong></span> <span class='ocrx_word' id='word_1_557' title='bbox 1204 3853 1386 3923; x_wconf 90' lang='lat' dir='ltr'><strong>plures</strong></span> <span class='ocrx_word' id='word_1_558' title='bbox 1437 3853 1721 3909; x_wconf 89' lang='lat' dir='ltr'><strong>sullieienti</strong></span> <span class='ocrx_word' id='word_1_559' title='bbox 1758 3855 2026 3922; x_wconf 85' lang='lat' dir='ltr'><strong>doctrina,</strong></span> 
     </span>
    </p>
   </div>
   <div class='ocr_carea' id='block_1_72' title="bbox 455 3939 2031 4021">
    <p class='ocr_par' dir='ltr' id='par_1_72' title="bbox 455 3939 2031 4021">
     <span class='ocr_line' id='line_1_72' title="bbox 455 3939 2031 4021; baseline 0.006 -26"><span class='ocrx_word' id='word_1_560' title='bbox 455 3943 749 3997; x_wconf 75' lang='lat' dir='ltr'><strong>maximam</strong></span> <span class='ocrx_word' id='word_1_561' title='bbox 789 3959 851 3998; x_wconf 87' lang='lat' dir='ltr'><strong>ea</strong></span> <span class='ocrx_word' id='word_1_562' title='bbox 904 3946 970 4000; x_wconf 91' lang='lat' dir='ltr'><strong>de</strong></span> <span class='ocrx_word' id='word_1_563' title='bbox 1018 3961 1078 4001; x_wconf 88' lang='lat' dir='ltr'><strong>re</strong></span> <span class='ocrx_word' id='word_1_564' title='bbox 1110 3947 1462 4015; x_wconf 65' lang='lat' dir='ltr'><strong>quarstiouem</strong></span> <span class='ocrx_word' id='word_1_565' title='bbox 1502 3956 1806 4003; x_wconf 88' lang='lat' dir='ltr'><strong>moverunt.</strong></span> <span class='ocrx_word' id='word_1_566' title='bbox 1844 3939 2031 4021; x_wconf 71' lang='lat' dir='ltr'><strong>&#39;Atque</strong></span> 
     </span>
    </p>
   </div>
   <div class='ocr_carea' id='block_1_73' title="bbox 456 4036 2028 4107">
    <p class='ocr_par' dir='ltr' id='par_1_73' title="bbox 456 4036 2028 4107">
     <span class='ocr_line' id='line_1_73' title="bbox 456 4036 2028 4107; baseline 0.006 -19"><span class='ocrx_word' id='word_1_567' title='bbox 456 4036 547 4088; x_wconf 84' lang='lat' dir='ltr'><strong>alii</strong></span> <span class='ocrx_word' id='word_1_568' title='bbox 574 4037 794 4105; x_wconf 90' lang='lat' dir='ltr'><strong>quidem</strong></span> <span class='ocrx_word' id='word_1_569' title='bbox 817 4077 832 4101; x_wconf 88' lang='lat'><strong>,</strong></span> <span class='ocrx_word' id='word_1_570' title='bbox 860 4037 959 4091; x_wconf 87' lang='lat' dir='ltr'><strong>tibi</strong></span> <span class='ocrx_word' id='word_1_571' title='bbox 994 4037 1193 4091; x_wconf 88' lang='lat' dir='ltr'><strong>similia</strong></span> <span class='ocrx_word' id='word_1_572' title='bbox 1219 4039 1705 4107; x_wconf 78' lang='lat' dir='ltr'><strong>existimaverunt;</strong></span> <span class='ocrx_word' id='word_1_573' title='bbox 1766 4042 1856 4095; x_wconf 92' lang='lat' dir='ltr'><strong>alii</strong></span> <span class='ocrx_word' id='word_1_574' title='bbox 1899 4058 2028 4098; x_wconf 91' lang='lat' dir='ltr'><strong>vero</strong></span> 
     </span>
    </p>
   </div>
   <div class='ocr_carea' id='block_1_74' title="bbox 457 4124 2029 4195">
    <p class='ocr_par' dir='ltr' id='par_1_74' title="bbox 457 4124 2029 4195">
     <span class='ocr_line' id='line_1_74' title="bbox 457 4124 2029 4195; baseline 0.004 -18"><span class='ocrx_word' id='word_1_575' title='bbox 457 4124 647 4186; x_wconf 70' lang='lat' dir='ltr'><strong>Deam,</strong></span> <span class='ocrx_word' id='word_1_576' title='bbox 678 4142 867 4179; x_wconf 89' lang='lat' dir='ltr'><strong>eorum</strong></span> <span class='ocrx_word' id='word_1_577' title='bbox 896 4135 1172 4181; x_wconf 86' lang='lat' dir='ltr'><strong>auctorem</strong></span> <span class='ocrx_word' id='word_1_578' title='bbox 1210 4129 1654 4195; x_wconf 89' lang='lat' dir='ltr'><strong>pronuntiarunt,</strong></span> <span class='ocrx_word' id='word_1_579' title='bbox 1691 4145 1925 4193; x_wconf 65' lang='lat' dir='ltr'><strong>coaevam</strong></span> <span class='ocrx_word' id='word_1_580' title='bbox 1977 4131 2029 4187; x_wconf 89' lang='lat' dir='ltr'><strong>ei</strong></span> 
     </span>
    </p>
   </div>
   <div class='ocr_carea' id='block_1_75' title="bbox 454 4218 2025 4294">
    <p class='ocr_par' dir='ltr' id='par_1_75' title="bbox 454 4218 2025 4294">
     <span class='ocr_line' id='line_1_75' title="bbox 454 4218 2025 4294; baseline 0.004 -23"><span class='ocrx_word' id='word_1_581' title='bbox 454 4219 817 4271; x_wconf 82' lang='lat' dir='ltr'><strong>substantiam</strong></span> <span class='ocrx_word' id='word_1_582' title='bbox 869 4218 1150 4288; x_wconf 83' lang='lat' dir='ltr'><strong>assignare</strong></span> <span class='ocrx_word' id='word_1_583' title='bbox 1209 4220 1412 4275; x_wconf 87' lang='lat' dir='ltr'><strong>veriti:</strong></span> <span class='ocrx_word' id='word_1_584' title='bbox 1464 4222 1541 4275; x_wconf 79' lang='lat' dir='ltr'><strong>illi</strong></span> <span class='ocrx_word' id='word_1_585' title='bbox 1598 4232 1821 4283; x_wconf 87' lang='lat' dir='ltr'><strong>contra,</strong></span> <span class='ocrx_word' id='word_1_586' title='bbox 1882 4223 2025 4294; x_wconf 91' lang='lat' dir='ltr'><strong>quod</strong></span> 
     </span>
    </p>
   </div>
   <div class='ocr_carea' id='block_1_76' title="bbox 455 4309 2030 4375">
    <p class='ocr_par' dir='ltr' id='par_1_76' title="bbox 455 4309 2030 4375">
     <span class='ocr_line' id='line_1_76' title="bbox 455 4309 2030 4375; baseline 0.004 -14"><span class='ocrx_word' id='word_1_587' title='bbox 455 4309 623 4363; x_wconf 87' lang='lat' dir='ltr'><strong>Deum</strong></span> <span class='ocrx_word' id='word_1_588' title='bbox 655 4309 920 4360; x_wconf 87' lang='lat' dir='ltr'><strong>malorum</strong></span> <span class='ocrx_word' id='word_1_589' title='bbox 950 4314 1225 4362; x_wconf 88' lang='lat' dir='ltr'><strong>auctorem</strong></span> <span class='ocrx_word' id='word_1_590' title='bbox 1261 4309 1441 4364; x_wconf 90' lang='lat' dir='ltr'><strong>dicere</strong></span> <span class='ocrx_word' id='word_1_591' title='bbox 1466 4323 1802 4375; x_wconf 84' lang='lat' dir='ltr'><strong>vererentur,</strong></span> <span class='ocrx_word' id='word_1_592' title='bbox 1830 4327 2030 4367; x_wconf 86' lang='lat' dir='ltr'><strong>conce-</strong></span> 
     </span>
    </p>
   </div>
   <div class='ocr_carea' id='block_1_77' title="bbox 454 4400 2022 4475">
    <p class='ocr_par' dir='ltr' id='par_1_77' title="bbox 454 4400 2022 4475">
     <span class='ocr_line' id='line_1_77' title="bbox 454 4400 2022 4475; baseline 0.002 -20"><span class='ocrx_word' id='word_1_593' title='bbox 454 4400 688 4455; x_wconf 87' lang='lat' dir='ltr'><strong>dendam</strong></span> <span class='ocrx_word' id='word_1_594' title='bbox 721 4408 979 4468; x_wconf 88' lang='lat' dir='ltr'><strong>putarunt</strong></span> <span class='ocrx_word' id='word_1_595' title='bbox 1004 4401 1285 4455; x_wconf 86' lang='lat' dir='ltr'><strong>materiam</strong></span> <span class='ocrx_word' id='word_1_596' title='bbox 1310 4418 1567 4456; x_wconf 66' lang='lat' dir='ltr'><strong>eoaevam.</strong></span> <span class='ocrx_word' id='word_1_597' title='bbox 1611 4404 1847 4475; x_wconf 83' lang='lat' dir='ltr'><strong>Contigit</strong></span> <span class='ocrx_word' id='word_1_598' title='bbox 1872 4420 2022 4467; x_wconf 88' lang='lat' dir='ltr'><strong>vero,</strong></span> 
     </span>
    </p>
   </div>
   <div class='ocr_carea' id='block_1_78' title="bbox 454 4492 2023 4562">
    <p class='ocr_par' dir='ltr' id='par_1_78' title="bbox 454 4492 2023 4562">
     <span class='ocr_line' id='line_1_78' title="bbox 454 4492 2023 4562; baseline 0.004 -16"><span class='ocrx_word' id='word_1_599' title='bbox 454 4502 515 4546; x_wconf 92' lang='lat' dir='ltr'><strong>ut</strong></span> <span class='ocrx_word' id='word_1_600' title='bbox 536 4492 717 4547; x_wconf 89' lang='lat' dir='ltr'><strong>neutri</strong></span> <span class='ocrx_word' id='word_1_601' title='bbox 752 4494 1052 4547; x_wconf 88' lang='lat' dir='ltr'><strong>secundum</strong></span> <span class='ocrx_word' id='word_1_602' title='bbox 1082 4495 1195 4547; x_wconf 81' lang='lat' dir='ltr'><strong>veri</strong></span> <span class='ocrx_word' id='word_1_603' title='bbox 1235 4495 1516 4550; x_wconf 87' lang='lat' dir='ltr'><strong>scientiam</strong></span> <span class='ocrx_word' id='word_1_604' title='bbox 1548 4495 1713 4550; x_wconf 91' lang='lat' dir='ltr'><strong>Deum</strong></span> <span class='ocrx_word' id='word_1_605' title='bbox 1749 4498 2023 4562; x_wconf 88' lang='lat' dir='ltr'><strong>timentes,</strong></span> 
     </span>
    </p>
   </div>
   <div class='ocr_carea' id='block_1_79' title="bbox 454 4582 2027 4660">
    <p class='ocr_par' dir='ltr' id='par_1_79' title="bbox 454 4582 2027 4660">
     <span class='ocr_line' id='line_1_79' title="bbox 454 4582 2027 4660; baseline 0.004 -21"><span class='ocrx_word' id='word_1_606' title='bbox 454 4586 593 4640; x_wconf 82' lang='lat' dir='ltr'><strong>bene</strong></span> <span class='ocrx_word' id='word_1_607' title='bbox 631 4582 889 4638; x_wconf 79' lang='lat' dir='ltr'><strong>dixerint.</strong></span> <span class='ocrx_word' id='word_1_608' title='bbox 946 4585 1051 4639; x_wconf 86' lang='lat' dir='ltr'><strong>Alii</strong></span> <span class='ocrx_word' id='word_1_609' title='bbox 1096 4593 1314 4649; x_wconf 85' lang='lat' dir='ltr'><strong>autem,</strong></span> <span class='ocrx_word' id='word_1_610' title='bbox 1373 4588 1643 4660; x_wconf 88' lang='lat' dir='ltr'><strong>principio</strong></span> <span class='ocrx_word' id='word_1_611' title='bbox 1707 4589 1906 4654; x_wconf 87' lang='lat' dir='ltr'><strong>etiam,</strong></span> <span class='ocrx_word' id='word_1_612' title='bbox 1959 4590 2027 4646; x_wconf 84' lang='lat' dir='ltr'><strong>de</strong></span> 
     </span>
    </p>
   </div>
   <div class='ocr_carea' id='block_1_80' title="bbox 2140 3392 3710 3467">
    <p class='ocr_par' dir='ltr' id='par_1_80' title="bbox 2140 3392 3710 3467">
     <span class='ocr_line' id='line_1_80' title="bbox 2140 3392 3710 3467; baseline 0.001 -17"><span class='ocrx_word' id='word_1_613' title='bbox 2140 3392 2184 3450; x_wconf 80' lang='grc' dir='ltr'>ὦ</span> <span class='ocrx_word' id='word_1_614' title='bbox 2222 3397 2360 3465; x_wconf 83' lang='grc' dir='ltr'>φίλε,</span> <span class='ocrx_word' id='word_1_615' title='bbox 2396 3397 2489 3450; x_wconf 79' lang='grc' dir='ltr'><strong>καὶ</strong></span> <span class='ocrx_word' id='word_1_616' title='bbox 2512 3396 2605 3449; x_wconf 79' lang='grc' dir='ltr'>σοῦ</span> <span class='ocrx_word' id='word_1_617' title='bbox 2635 3396 2763 3467; x_wconf 69' lang='grc' dir='ltr'>περὶ</span> <span class='ocrx_word' id='word_1_618' title='bbox 2784 3397 2876 3449; x_wconf 81' lang='grc' dir='ltr'>τὸν</span> <span class='ocrx_word' id='word_1_619' title='bbox 2903 3395 3059 3464; x_wconf 90' lang='grc' dir='ltr'>λόγον</span> <span class='ocrx_word' id='word_1_620' title='bbox 3092 3395 3321 3465; x_wconf 83' lang='grc' dir='ltr'>σπουδὴν</span> <span class='ocrx_word' id='word_1_621' title='bbox 3347 3395 3574 3449; x_wconf 83' lang='grc' dir='ltr'>ἐπαινῶ·</span> <span class='ocrx_word' id='word_1_622' title='bbox 3601 3396 3629 3450; x_wconf 81' lang='grc' dir='ltr'><strong>δ</strong></span> <span class='ocrx_word' id='word_1_623' title='bbox 3651 3397 3710 3451; x_wconf 73' lang='grc' dir='ltr'>δὲ</span> 
     </span>
    </p>
   </div>
   <div class='ocr_carea' id='block_1_81' title="bbox 2140 3487 3712 3561">
    <p class='ocr_par' dir='ltr' id='par_1_81' title="bbox 2140 3487 3712 3561">
     <span class='ocr_line' id='line_1_81' title="bbox 2140 3487 3712 3561; baseline -0.001 -19"><span class='ocrx_word' id='word_1_624' title='bbox 2140 3491 2267 3561; x_wconf 72' lang='grc' dir='ltr'>περὶ</span> <span class='ocrx_word' id='word_1_625' title='bbox 2292 3489 2399 3542; x_wconf 80' lang='grc' dir='ltr'><strong>τῶν</strong></span> <span class='ocrx_word' id='word_1_626' title='bbox 2422 3490 2588 3541; x_wconf 75' lang='grc' dir='ltr'>ὄντων</span> <span class='ocrx_word' id='word_1_627' title='bbox 2616 3488 2761 3541; x_wconf 79' lang='grc' dir='ltr'>οὓτω</span> <span class='ocrx_word' id='word_1_628' title='bbox 2792 3487 3056 3558; x_wconf 85' lang='grc' dir='ltr'>διετέθης,</span> <span class='ocrx_word' id='word_1_629' title='bbox 3084 3487 3160 3551; x_wconf 82' lang='grc' dir='ltr'>ὡς</span> <span class='ocrx_word' id='word_1_630' title='bbox 3182 3488 3287 3560; x_wconf 83' lang='grc' dir='ltr'>ἄρα</span> <span class='ocrx_word' id='word_1_631' title='bbox 3322 3487 3383 3552; x_wconf 75' lang='grc' dir='ltr'>ἐξ</span> <span class='ocrx_word' id='word_1_632' title='bbox 3412 3489 3712 3559; x_wconf 83' lang='grc' dir='ltr'>ὑποκειμέ-</span> 
     </span>
    </p>
   </div>
   <div class='ocr_carea' id='block_1_82' title="bbox 2138 3575 3705 3647">
    <p class='ocr_par' dir='ltr' id='par_1_82' title="bbox 2138 3575 3705 3647">
     <span class='ocr_line' id='line_1_82' title="bbox 2138 3575 3705 3647; baseline 0.014 -26"><span class='ocrx_word' id='word_1_633' title='bbox 2138 3596 2234 3647; x_wconf 80' lang='grc' dir='ltr'><strong>νης</strong></span> <span class='ocrx_word' id='word_1_634' title='bbox 2276 3578 2417 3640; x_wconf 76' lang='grc' dir='ltr'>τινὸς</span> <span class='ocrx_word' id='word_1_635' title='bbox 2458 3577 2643 3639; x_wconf 82' lang='grc' dir='ltr'>οὐσίας</span> <span class='ocrx_word' id='word_1_636' title='bbox 2679 3576 2857 3629; x_wconf 76' lang='grc' dir='ltr'>ταῦτα·</span> <span class='ocrx_word' id='word_1_637' title='bbox 2900 3575 3328 3647; x_wconf 76' lang='grc' dir='ltr'>ἐδημιούργησεν</span> <span class='ocrx_word' id='word_1_638' title='bbox 3373 3578 3403 3629; x_wconf 87' lang='grc' dir='ltr'>ὁ</span> <span class='ocrx_word' id='word_1_639' title='bbox 3447 3576 3602 3640; x_wconf 76' lang='grc' dir='ltr'>Θεὸς,</span> <span class='ocrx_word' id='word_1_640' title='bbox 3641 3579 3705 3631; x_wconf 69' lang='grc' dir='ltr'>οὐ</span> 
     </span>
    </p>
   </div>
   <div class='ocr_carea' id='block_1_83' title="bbox 2139 3666 3710 3739">
    <p class='ocr_par' dir='ltr' id='par_1_83' title="bbox 2139 3666 3710 3739">
     <span class='ocr_line' id='line_1_83' title="bbox 2139 3666 3710 3739; baseline 0.001 -18"><span class='ocrx_word' id='word_1_641' title='bbox 2139 3671 2275 3723; x_wconf 78' lang='grc' dir='ltr'>πάνυ</span> <span class='ocrx_word' id='word_1_642' title='bbox 2314 3686 2366 3722; x_wconf 90' lang='grc' dir='ltr'><strong>τι</strong></span> <span class='ocrx_word' id='word_1_643' title='bbox 2411 3668 2716 3739; x_wconf 75' lang='grc' dir='ltr'>μέμφομαι.</span> <span class='ocrx_word' id='word_1_644' title='bbox 2760 3668 2861 3731; x_wconf 79' lang='grc' dir='ltr'><strong>-Ὡς</strong></span> <span class='ocrx_word' id='word_1_645' title='bbox 2891 3666 3107 3738; x_wconf 85' lang='grc' dir='ltr'>ἀληθῶς</span> <span class='ocrx_word' id='word_1_646' title='bbox 3150 3666 3259 3738; x_wconf 74' lang='grc' dir='ltr'><strong>γὰρ</strong></span> <span class='ocrx_word' id='word_1_647' title='bbox 3297 3669 3331 3739; x_wconf 86' lang='grc' dir='ltr'>ἡ</span> <span class='ocrx_word' id='word_1_648' title='bbox 3366 3667 3478 3720; x_wconf 83' lang='grc' dir='ltr'><strong>τῶν</strong></span> <span class='ocrx_word' id='word_1_649' title='bbox 3519 3669 3710 3722; x_wconf 82' lang='grc' dir='ltr'>κακῶν</span> 
     </span>
    </p>
   </div>
   <div class='ocr_carea' id='block_1_84' title="bbox 2137 3758 3708 3831">
    <p class='ocr_par' dir='ltr' id='par_1_84' title="bbox 2137 3758 3708 3831">
     <span class='ocr_line' id='line_1_84' title="bbox 2137 3758 3708 3831; baseline 0.002 -20"><span class='ocrx_word' id='word_1_650' title='bbox 2137 3759 2347 3826; x_wconf 86' lang='grc' dir='ltr'>γένεσις</span> <span class='ocrx_word' id='word_1_651' title='bbox 2373 3760 2498 3822; x_wconf 71' lang='grc' dir='ltr'>τοὺς</span> <span class='ocrx_word' id='word_1_652' title='bbox 2524 3758 2749 3822; x_wconf 82' lang='grc' dir='ltr'>πολλοὺς</span> <span class='ocrx_word' id='word_1_653' title='bbox 2771 3758 3079 3828; x_wconf 83' lang='grc' dir='ltr'>διατεθῆναι</span> <span class='ocrx_word' id='word_1_654' title='bbox 3115 3762 3276 3812; x_wconf 85' lang='grc' dir='ltr'>ποιεῖ.</span> <span class='ocrx_word' id='word_1_655' title='bbox 3311 3758 3422 3812; x_wconf 82' lang='grc' dir='ltr'><strong>Καὶ</strong></span> <span class='ocrx_word' id='word_1_656' title='bbox 3453 3760 3564 3829; x_wconf 74' lang='grc' dir='ltr'><strong>γὰρ</strong></span> <span class='ocrx_word' id='word_1_657' title='bbox 3598 3761 3708 3831; x_wconf 70' lang='grc' dir='ltr'>πρὸ</span> 
     </span>
    </p>
   </div>
   <div class='ocr_carea' id='block_1_85' title="bbox 2139 3850 3710 3924">
    <p class='ocr_par' dir='ltr' id='par_1_85' title="bbox 2139 3850 3710 3924">
     <span class='ocr_line' id='line_1_85' title="bbox 2139 3850 3710 3924; baseline 0.001 -20"><span class='ocrx_word' id='word_1_658' title='bbox 2139 3851 2230 3904; x_wconf 81' lang='grc' dir='ltr'>σοῦ</span> <span class='ocrx_word' id='word_1_659' title='bbox 2257 3867 2314 3903; x_wconf 86' lang='grc' dir='ltr'><strong>τε</strong></span> <span class='ocrx_word' id='word_1_660' title='bbox 2348 3850 2439 3904; x_wconf 74' lang='grc' dir='ltr'>καὶ</span> <span class='ocrx_word' id='word_1_661' title='bbox 2467 3850 2600 3922; x_wconf 77' lang='grc' dir='ltr'>ἐμοῦ</span> <span class='ocrx_word' id='word_1_662' title='bbox 2636 3850 2817 3904; x_wconf 88' lang='grc' dir='ltr'>πολλοί</span> <span class='ocrx_word' id='word_1_663' title='bbox 2842 3867 2985 3911; x_wconf 89' lang='grc' dir='ltr'>τινες</span> <span class='ocrx_word' id='word_1_664' title='bbox 3007 3850 3193 3922; x_wconf 82' lang='grc' dir='ltr'>ἄνδρες</span> <span class='ocrx_word' id='word_1_665' title='bbox 3223 3852 3394 3904; x_wconf 73' lang='grc' dir='ltr'>ίκανοὶ</span> <span class='ocrx_word' id='word_1_666' title='bbox 3427 3869 3493 3904; x_wconf 85' lang='grc' dir='ltr'><strong>πε</strong></span> <span class='ocrx_word' id='word_1_667' title='bbox 3505 3855 3555 3924; x_wconf 75' lang='grc' dir='ltr'><strong>ρὶ</strong></span> <span class='ocrx_word' id='word_1_668' title='bbox 3583 3853 3710 3906; x_wconf 65' lang='grc' dir='ltr'>τούς</span> 
     </span>
    </p>
   </div>
   <div class='ocr_carea' id='block_1_86' title="bbox 2132 3943 3707 4017">
    <p class='ocr_par' dir='ltr' id='par_1_86' title="bbox 2132 3943 3707 4017">
     <span class='ocr_line' id='line_1_86' title="bbox 2132 3943 3707 4017; baseline 0.003 -21"><span class='ocrx_word' id='word_1_669' title='bbox 2132 3962 2225 3997; x_wconf 87' lang='grc' dir='ltr'><strong>του</strong></span> <span class='ocrx_word' id='word_1_670' title='bbox 2269 3945 2368 4016; x_wconf 74' lang='grc' dir='ltr'><strong>τὴν</strong></span> <span class='ocrx_word' id='word_1_671' title='bbox 2404 3944 2665 4015; x_wconf 86' lang='grc' dir='ltr'>μεγίστην</span> <span class='ocrx_word' id='word_1_672' title='bbox 2710 3943 2932 4016; x_wconf 83' lang='grc' dir='ltr'>ζήτησιν</span> <span class='ocrx_word' id='word_1_673' title='bbox 2977 3945 3469 4014; x_wconf 66' lang='grc' dir='ltr'>ἐποιήσαντο.»Καὶ</span> <span class='ocrx_word' id='word_1_674' title='bbox 3512 3948 3561 3999; x_wconf 80' lang='grc' dir='ltr'>οἱ</span> <span class='ocrx_word' id='word_1_675' title='bbox 3603 3946 3707 4017; x_wconf 77' lang='grc' dir='ltr'><strong>μὲν</strong></span> 
     </span>
    </p>
   </div>
   <div class='ocr_carea' id='block_1_87' title="bbox 2134 4032 3708 4107">
    <p class='ocr_par' dir='ltr' id='par_1_87' title="bbox 2134 4032 3708 4107">
     <span class='ocr_line' id='line_1_87' title="bbox 2134 4032 3708 4107; baseline 0.001 -18"><span class='ocrx_word' id='word_1_676' title='bbox 2134 4039 2333 4107; x_wconf 87' lang='grc' dir='ltr'>ὁμοίως</span> <span class='ocrx_word' id='word_1_677' title='bbox 2358 4036 2671 4107; x_wconf 80' lang='grc' dir='ltr'>διετέθησαν</span> <span class='ocrx_word' id='word_1_678' title='bbox 2701 4053 2817 4089; x_wconf 84' lang='grc' dir='ltr'>σοι·</span> <span class='ocrx_word' id='word_1_679' title='bbox 2848 4038 2894 4089; x_wconf 90' lang='grc' dir='ltr'><strong>οί</strong></span> <span class='ocrx_word' id='word_1_680' title='bbox 2937 4036 2984 4089; x_wconf 85' lang='grc' dir='ltr'>δ’</span> <span class='ocrx_word' id='word_1_681' title='bbox 3011 4032 3075 4090; x_wconf 76' lang='grc' dir='ltr'>αὖ</span> <span class='ocrx_word' id='word_1_682' title='bbox 3109 4036 3268 4090; x_wconf 75' lang='grc' dir='ltr'>πάλιν</span> <span class='ocrx_word' id='word_1_683' title='bbox 3295 4037 3385 4090; x_wconf 77' lang='grc' dir='ltr'><strong>τὸν</strong></span> <span class='ocrx_word' id='word_1_684' title='bbox 3412 4037 3544 4091; x_wconf 84' lang='grc' dir='ltr'>Θεὸν</span> <span class='ocrx_word' id='word_1_685' title='bbox 3581 4040 3708 4091; x_wconf 87' lang='grc' dir='ltr'>τού-</span> 
     </span>
    </p>
   </div>
   <div class='ocr_carea' id='block_1_88' title="bbox 2134 4125 3705 4198">
    <p class='ocr_par' dir='ltr' id='par_1_88' title="bbox 2134 4125 3705 4198">
     <span class='ocr_line' id='line_1_88' title="bbox 2134 4125 3705 4198; baseline 0.003 -20"><span class='ocrx_word' id='word_1_686' title='bbox 2134 4143 2241 4178; x_wconf 84' lang='grc' dir='ltr'>των</span> <span class='ocrx_word' id='word_1_687' title='bbox 2279 4125 2606 4197; x_wconf 79' lang='grc' dir='ltr'>δημιουργὸν</span> <span class='ocrx_word' id='word_1_688' title='bbox 2648 4127 3011 4197; x_wconf 77' lang='grc' dir='ltr'>ἀπεφήναντο,</span> <span class='ocrx_word' id='word_1_689' title='bbox 3051 4125 3343 4198; x_wconf 82' lang='grc' dir='ltr'>σύγχρονον</span> <span class='ocrx_word' id='word_1_690' title='bbox 3387 4127 3534 4198; x_wconf 85' lang='grc' dir='ltr'>αύτῷ</span> <span class='ocrx_word' id='word_1_691' title='bbox 3566 4130 3705 4182; x_wconf 81' lang='grc' dir='ltr'><strong>ύπὸ-</strong></span> 
     </span>
    </p>
   </div>
   <div class='ocr_carea' id='block_1_89' title="bbox 2137 4216 3705 4290">
    <p class='ocr_par' dir='ltr' id='par_1_89' title="bbox 2137 4216 3705 4290">
     <span class='ocr_line' id='line_1_89' title="bbox 2137 4216 3705 4290; baseline 0.001 -21"><span class='ocrx_word' id='word_1_692' title='bbox 2137 4234 2321 4271; x_wconf 87' lang='grc' dir='ltr'>στασιν</span> <span class='ocrx_word' id='word_1_693' title='bbox 2365 4216 2543 4270; x_wconf 78' lang='grc' dir='ltr'>δοῦναι</span> <span class='ocrx_word' id='word_1_694' title='bbox 2584 4216 2983 4287; x_wconf 78' lang='grc' dir='ltr'>πεφοϐημένοι·</span> <span class='ocrx_word' id='word_1_695' title='bbox 3013 4218 3275 4281; x_wconf 81' lang='grc' dir='ltr'>κάκεῖνοι,</span> <span class='ocrx_word' id='word_1_696' title='bbox 3315 4219 3380 4271; x_wconf 80' lang='grc' dir='ltr'>ἐκ</span> <span class='ocrx_word' id='word_1_697' title='bbox 3409 4219 3501 4271; x_wconf 81' lang='grc' dir='ltr'><strong>τοῦ</strong></span> <span class='ocrx_word' id='word_1_698' title='bbox 3532 4219 3705 4290; x_wconf 77' lang='grc' dir='ltr'>φοϐη-</span> 
     </span>
    </p>
   </div>
   <div class='ocr_carea' id='block_1_90' title="bbox 2135 4308 3703 4384">
    <p class='ocr_par' dir='ltr' id='par_1_90' title="bbox 2135 4308 3703 4384">
     <span class='ocr_line' id='line_1_90' title="bbox 2135 4308 3703 4384; baseline 0.003 -24"><span class='ocrx_word' id='word_1_699' title='bbox 2135 4308 2289 4379; x_wconf 84' lang='grc' dir='ltr'>θῆναι</span> <span class='ocrx_word' id='word_1_700' title='bbox 2322 4310 2428 4363; x_wconf 82' lang='grc' dir='ltr'>τῶν</span> <span class='ocrx_word' id='word_1_701' title='bbox 2469 4310 2653 4363; x_wconf 82' lang='grc' dir='ltr'>κακῶν</span> <span class='ocrx_word' id='word_1_702' title='bbox 2692 4309 2921 4381; x_wconf 78' lang='grc' dir='ltr'>ποιητὴν</span> <span class='ocrx_word' id='word_1_703' title='bbox 2956 4311 3128 4363; x_wconf 77' lang='grc' dir='ltr'>εἰπεῖν</span> <span class='ocrx_word' id='word_1_704' title='bbox 3165 4310 3254 4363; x_wconf 68' lang='grc' dir='ltr'><strong>τὸν</strong></span> <span class='ocrx_word' id='word_1_705' title='bbox 3283 4312 3434 4372; x_wconf 81' lang='grc' dir='ltr'>Θεὸν,</span> <span class='ocrx_word' id='word_1_706' title='bbox 3469 4311 3703 4384; x_wconf 78' lang='grc' dir='ltr'>σύγχρο-</span> 
     </span>
    </p>
   </div>
   <div class='ocr_carea' id='block_1_91' title="bbox 2133 4400 3703 4474">
    <p class='ocr_par' dir='ltr' id='par_1_91' title="bbox 2133 4400 3703 4474">
     <span class='ocr_line' id='line_1_91' title="bbox 2133 4400 3703 4474; baseline 0.003 -22"><span class='ocrx_word' id='word_1_707' title='bbox 2133 4418 2221 4454; x_wconf 93' lang='grc' dir='ltr'><strong>νον</strong></span> <span class='ocrx_word' id='word_1_708' title='bbox 2250 4400 2397 4471; x_wconf 81' lang='grc' dir='ltr'>αύτῷ</span> <span class='ocrx_word' id='word_1_709' title='bbox 2422 4400 2604 4453; x_wconf 76' lang='grc' dir='ltr'>δοῦναι</span> <span class='ocrx_word' id='word_1_710' title='bbox 2634 4400 2733 4471; x_wconf 83' lang='grc' dir='ltr'><strong>τὴν</strong></span> <span class='ocrx_word' id='word_1_711' title='bbox 2768 4400 2899 4472; x_wconf 77' lang='grc' dir='ltr'>ὓλην</span> <span class='ocrx_word' id='word_1_712' title='bbox 2920 4400 3123 4465; x_wconf 77' lang='grc' dir='ltr'>ἔδοξαν.</span> <span class='ocrx_word' id='word_1_713' title='bbox 3151 4403 3260 4456; x_wconf 72' lang='grc' dir='ltr'><strong>Καὶ</strong></span> <span class='ocrx_word' id='word_1_714' title='bbox 3297 4403 3489 4474; x_wconf 75' lang='grc' dir='ltr'>συνέϐη</span> <span class='ocrx_word' id='word_1_715' title='bbox 3517 4405 3703 4473; x_wconf 72' lang='grc' dir='ltr'>ἀμφο-</span> 
     </span>
    </p>
   </div>
   <div class='ocr_carea' id='block_1_92' title="bbox 2133 4490 3705 4567">
    <p class='ocr_par' dir='ltr' id='par_1_92' title="bbox 2133 4490 3705 4567">
     <span class='ocr_line' id='line_1_92' title="bbox 2133 4490 3705 4567; baseline 0.003 -24"><span class='ocrx_word' id='word_1_716' title='bbox 2133 4490 2327 4562; x_wconf 79' lang='grc' dir='ltr'>τέροις,</span> <span class='ocrx_word' id='word_1_717' title='bbox 2378 4493 2441 4545; x_wconf 84' lang='grc' dir='ltr'>ἐκ</span> <span class='ocrx_word' id='word_1_718' title='bbox 2495 4490 2590 4545; x_wconf 78' lang='grc' dir='ltr'>τοῦ</span> <span class='ocrx_word' id='word_1_719' title='bbox 2651 4490 2724 4563; x_wconf 84' lang='grc' dir='ltr'><strong>μὴ</strong></span> <span class='ocrx_word' id='word_1_720' title='bbox 2780 4496 2901 4546; x_wconf 80' lang='grc' dir='ltr'>κατ’</span> <span class='ocrx_word' id='word_1_721' title='bbox 2958 4494 3266 4565; x_wconf 78' lang='grc' dir='ltr'>ἐπιστήμην</span> <span class='ocrx_word' id='word_1_722' title='bbox 3323 4494 3416 4546; x_wconf 76' lang='grc' dir='ltr'>τοῦ</span> <span class='ocrx_word' id='word_1_723' title='bbox 3468 4494 3705 4567; x_wconf 78' lang='grc' dir='ltr'>ἀληθοῦς</span> 
     </span>
    </p>
   </div>
   <div class='ocr_carea' id='block_1_93' title="bbox 2135 4583 3706 4656">
    <p class='ocr_par' dir='ltr' id='par_1_93' title="bbox 2135 4583 3706 4656">
     <span class='ocr_line' id='line_1_93' title="bbox 2135 4583 3706 4656; baseline 0.004 -21"><span class='ocrx_word' id='word_1_724' title='bbox 2135 4583 2434 4655; x_wconf 73' lang='grc' dir='ltr'>φοϐηθῆναι</span> <span class='ocrx_word' id='word_1_725' title='bbox 2462 4583 2553 4636; x_wconf 77' lang='grc' dir='ltr'>τὸν</span> <span class='ocrx_word' id='word_1_726' title='bbox 2578 4583 2730 4647; x_wconf 83' lang='grc' dir='ltr'>Θεὸν,</span> <span class='ocrx_word' id='word_1_727' title='bbox 2761 4584 2819 4636; x_wconf 83' lang='grc' dir='ltr'><strong>τὸ</strong></span> <span class='ocrx_word' id='word_1_728' title='bbox 2849 4583 2925 4655; x_wconf 83' lang='grc' dir='ltr'>μὴ</span> <span class='ocrx_word' id='word_1_729' title='bbox 2958 4584 3135 4649; x_wconf 84' lang='grc' dir='ltr'>καλῶς</span> <span class='ocrx_word' id='word_1_730' title='bbox 3168 4587 3362 4638; x_wconf 84' lang='grc' dir='ltr'>εἰπεῖν.</span> <span class='ocrx_word' id='word_1_731' title='bbox 3400 4586 3612 4656; x_wconf 82' lang='grc' dir='ltr'>Ἕτεροι</span> <span class='ocrx_word' id='word_1_732' title='bbox 3646 4588 3706 4641; x_wconf 82' lang='grc' dir='ltr'>δὲ</span> 
     </span>
    </p>
   </div>
   <div class='ocr_carea' id='block_1_94' title="bbox 453 4673 2030 4749">
    <p class='ocr_par' dir='ltr' id='par_1_94' title="bbox 453 4677 2025 4747">
     <span class='ocr_line' id='line_1_94' title="bbox 453 4677 2025 4747; baseline 0.003 -16"><span class='ocrx_word' id='word_1_733' title='bbox 453 4691 518 4731; x_wconf 88' lang='lat' dir='ltr'><strong>ea</strong></span> <span class='ocrx_word' id='word_1_734' title='bbox 565 4691 627 4731; x_wconf 88' lang='lat' dir='ltr'><strong>re</strong></span> <span class='ocrx_word' id='word_1_735' title='bbox 669 4677 1022 4747; x_wconf 71' lang='lat' dir='ltr'><strong>quaestionem</strong></span> <span class='ocrx_word' id='word_1_736' title='bbox 1073 4678 1349 4734; x_wconf 85' lang='lat' dir='ltr'><strong>vitandam</strong></span> <span class='ocrx_word' id='word_1_737' title='bbox 1408 4679 1713 4742; x_wconf 79' lang='lat' dir='ltr'><strong>duxerunt,</strong></span> <span class='ocrx_word' id='word_1_738' title='bbox 1761 4682 1909 4735; x_wconf 87' lang='lat' dir='ltr'><strong>velut</strong></span> <span class='ocrx_word' id='word_1_739' title='bbox 1961 4697 2025 4736; x_wconf 92' lang='lat' dir='ltr'><strong>ea</strong></span> 
     </span>
    </p>
   </div>
   <div class='ocr_carea' id='block_1_95' title="bbox 2140 4673 3704 4749">
    <p class='ocr_par' dir='ltr' id='par_1_95' title="bbox 2140 4673 3704 4749">
     <span class='ocr_line' id='line_1_95' title="bbox 2140 4673 3704 4749; baseline 0.005 -24"><span class='ocrx_word' id='word_1_740' title='bbox 2140 4673 2226 4743; x_wconf 79' lang='grc' dir='ltr'>τὴν</span> <span class='ocrx_word' id='word_1_741' title='bbox 2245 4673 2417 4744; x_wconf 80' lang='grc' dir='ltr'>ἀρχὴν</span> <span class='ocrx_word' id='word_1_742' title='bbox 2437 4674 2530 4726; x_wconf 71' lang='grc' dir='ltr'><strong>καὶ</strong></span> <span class='ocrx_word' id='word_1_743' title='bbox 2561 4675 2686 4745; x_wconf 78' lang='grc' dir='ltr'>περὶ</span> <span class='ocrx_word' id='word_1_744' title='bbox 2707 4674 2798 4728; x_wconf 78' lang='grc' dir='ltr'>τοῦ</span> <span class='ocrx_word' id='word_1_745' title='bbox 2821 4676 3059 4729; x_wconf 84' lang='grc' dir='ltr'>τοιούτου</span> <span class='ocrx_word' id='word_1_746' title='bbox 3084 4676 3267 4745; x_wconf 73' lang='grc' dir='ltr'>ζητεῖν</span> <span class='ocrx_word' id='word_1_747' title='bbox 3294 4680 3704 4749; x_wconf 78' lang='grc' dir='ltr'>παρῃτήσαντο.</span> 
     </span>
    </p>
   </div>
   <div class='ocr_carea' id='block_1_96' title="bbox 452 4762 2023 4828">
    <p class='ocr_par' dir='ltr' id='par_1_96' title="bbox 452 4762 2023 4828">
     <span class='ocr_line' id='line_1_96' title="bbox 452 4762 2023 4828; baseline 0.004 -6"><span class='ocrx_word' id='word_1_748' title='bbox 452 4782 561 4823; x_wconf 91' lang='lat' dir='ltr'><strong>non</strong></span> <span class='ocrx_word' id='word_1_749' title='bbox 598 4762 822 4821; x_wconf 87' lang='lat' dir='ltr'><strong>haberet</strong></span> <span class='ocrx_word' id='word_1_750' title='bbox 857 4768 1037 4825; x_wconf 88' lang='lat' dir='ltr'><strong>tinem.</strong></span> <span class='ocrx_word' id='word_1_751' title='bbox 1078 4770 1344 4826; x_wconf 67' lang='lat' dir='ltr'><strong>Caeterum</strong></span> <span class='ocrx_word' id='word_1_752' title='bbox 1384 4786 1492 4825; x_wconf 90' lang='lat' dir='ltr'><strong>non</strong></span> <span class='ocrx_word' id='word_1_753' title='bbox 1532 4772 1661 4825; x_wconf 90' lang='lat' dir='ltr'><strong>sinit</strong></span> <span class='ocrx_word' id='word_1_754' title='bbox 1718 4774 2023 4828; x_wconf 90' lang='lat' dir='ltr'><strong>communis</strong></span> 
     </span>
    </p>
   </div>
   <div class='ocr_carea' id='block_1_97' title="bbox 454 4839 2021 4933">
    <p class='ocr_par' dir='ltr' id='par_1_97' title="bbox 454 4839 2021 4933">
     <span class='ocr_line' id='line_1_97' title="bbox 454 4839 2021 4933; baseline 0.004 -18"><span class='ocrx_word' id='word_1_755' title='bbox 454 4839 709 4915; x_wconf 65' lang='lat' dir='ltr'><strong>amicitia:</strong></span> <span class='ocrx_word' id='word_1_756' title='bbox 745 4861 1025 4926; x_wconf 90' lang='lat' dir='ltr'><strong>debitum,</strong></span> <span class='ocrx_word' id='word_1_757' title='bbox 1060 4870 1120 4916; x_wconf 89' lang='lat' dir='ltr'><strong>ut</strong></span> <span class='ocrx_word' id='word_1_758' title='bbox 1170 4862 1287 4933; x_wconf 90' lang='lat' dir='ltr'><strong>ipse</strong></span> <span class='ocrx_word' id='word_1_759' title='bbox 1336 4863 1586 4925; x_wconf 89' lang='lat' dir='ltr'><strong>amoliar,</strong></span> <span class='ocrx_word' id='word_1_760' title='bbox 1645 4864 1734 4917; x_wconf 89' lang='lat' dir='ltr'><strong>ubi</strong></span> <span class='ocrx_word' id='word_1_761' title='bbox 1788 4866 2021 4921; x_wconf 82' lang='lat' dir='ltr'><strong>maxime</strong></span> 
     </span>
    </p>
   </div>
   <div class='ocr_carea' id='block_1_98' title="bbox 452 4951 2023 5026">
    <p class='ocr_par' dir='ltr' id='par_1_98' title="bbox 452 4951 2023 5026">
     <span class='ocr_line' id='line_1_98' title="bbox 452 4951 2023 5026; baseline 0.003 -20"><span class='ocrx_word' id='word_1_762' title='bbox 452 4952 583 5022; x_wconf 89' lang='lat' dir='ltr'><strong>quid</strong></span> <span class='ocrx_word' id='word_1_763' title='bbox 627 4951 723 5006; x_wconf 92' lang='lat' dir='ltr'><strong>tibi</strong></span> <span class='ocrx_word' id='word_1_764' title='bbox 763 4953 835 5007; x_wconf 88' lang='lat' dir='ltr'><strong>sit</strong></span> <span class='ocrx_word' id='word_1_765' title='bbox 873 4952 1038 5009; x_wconf 85' lang='lat' dir='ltr'><strong>animi</strong></span> <span class='ocrx_word' id='word_1_766' title='bbox 1095 4960 1154 5013; x_wconf 84' lang='lat' dir='ltr'><strong>tu</strong></span> <span class='ocrx_word' id='word_1_767' title='bbox 1210 4954 1328 5025; x_wconf 90' lang='lat' dir='ltr'><strong>ipse</strong></span> <span class='ocrx_word' id='word_1_768' title='bbox 1366 4956 1659 5011; x_wconf 90' lang='lat' dir='ltr'><strong>annuntias</strong></span> <span class='ocrx_word' id='word_1_769' title='bbox 1695 4976 1708 5010; x_wconf 89' lang='lat'><strong>:</strong></span> <span class='ocrx_word' id='word_1_770' title='bbox 1740 4957 1884 5026; x_wconf 91' lang='lat' dir='ltr'><strong>quod</strong></span> <span class='ocrx_word' id='word_1_771' title='bbox 1940 4958 2023 5011; x_wconf 91' lang='lat' dir='ltr'><strong>ni-</strong></span> 
     </span>
    </p>
   </div>
   <div class='ocr_carea' id='block_1_99' title="bbox 450 5045 2020 5121">
    <p class='ocr_par' dir='ltr' id='par_1_99' title="bbox 450 5045 2020 5121">
     <span class='ocr_line' id='line_1_99' title="bbox 450 5045 2020 5121; baseline 0.003 -22"><span class='ocrx_word' id='word_1_772' title='bbox 450 5046 650 5099; x_wconf 90' lang='lat' dir='ltr'><strong>mirum</strong></span> <span class='ocrx_word' id='word_1_773' title='bbox 720 5045 944 5099; x_wconf 89' lang='lat' dir='ltr'><strong>minime</strong></span> <span class='ocrx_word' id='word_1_774' title='bbox 1008 5051 1191 5101; x_wconf 89' lang='lat' dir='ltr'><strong>teneat</strong></span> <span class='ocrx_word' id='word_1_775' title='bbox 1250 5048 1600 5119; x_wconf 68' lang='lat' dir='ltr'><strong>praesumptio</strong></span> <span class='ocrx_word' id='word_1_776' title='bbox 1667 5049 2020 5121; x_wconf 89' lang='lat' dir='ltr'><strong>(quanquam</strong></span> 
     </span>
    </p>
   </div>
   <div class='ocr_carea' id='block_1_100' title="bbox 522 5195 2021 5267">
    <p class='ocr_par' dir='ltr' id='par_1_100' title="bbox 522 5195 2021 5267">
     <span class='ocr_line' id='line_1_100' title="bbox 522 5195 2021 5267; baseline 0.006 -17"><span class='ocrx_word' id='word_1_777' title='bbox 522 5195 635 5267; x_wconf 74' lang='lat'><strong>(10)</strong></span> <span class='ocrx_word' id='word_1_778' title='bbox 666 5196 983 5267; x_wconf 83' lang='lat' dir='ltr'><strong>Quanquam</strong></span> <span class='ocrx_word' id='word_1_779' title='bbox 1007 5199 1236 5252; x_wconf 71' lang='lat' dir='ltr'><strong>maxime</strong></span> <span class='ocrx_word' id='word_1_780' title='bbox 1265 5199 1646 5254; x_wconf 84' lang='lat' dir='ltr'><strong>concedendum</strong></span> <span class='ocrx_word' id='word_1_781' title='bbox 1676 5203 1767 5266; x_wconf 81' lang='lat' dir='ltr'><strong>sit,</strong></span> <span class='ocrx_word' id='word_1_782' title='bbox 1797 5211 1903 5258; x_wconf 91' lang='lat' dir='ltr'><strong>etc.</strong></span> <span class='ocrx_word' id='word_1_783' title='bbox 1928 5202 2021 5259; x_wconf 82' lang='lat' dir='ltr'><strong>Vi-</strong></span> 
     </span>
    </p>
   </div>
   <div class='ocr_carea' id='block_1_101' title="bbox 452 5265 2015 5342">
    <p class='ocr_par' dir='ltr' id='par_1_101' title="bbox 452 5265 2015 5342">
     <span class='ocr_line' id='line_1_101' title="bbox 452 5265 2015 5342; baseline 0.007 -24"><span class='ocrx_word' id='word_1_784' title='bbox 452 5265 621 5342; x_wconf 81' lang='lat' dir='ltr'><strong>detur</strong></span> <span class='ocrx_word' id='word_1_785' title='bbox 650 5265 1058 5342; x_wconf 38' lang='lat' dir='ltr'><strong>littera‘_minus</strong></span> <span class='ocrx_word' id='word_1_786' title='bbox 1089 5283 1261 5323; x_wconf 90' lang='lat' dir='ltr'><strong>sana:</strong></span> <span class='ocrx_word' id='word_1_787' title='bbox 1301 5271 1405 5325; x_wconf 92' lang='lat' dir='ltr'><strong>nisi</strong></span> <span class='ocrx_word' id='word_1_788' title='bbox 1439 5272 1511 5327; x_wconf 90' lang='lat' dir='ltr'><strong>sit</strong></span> <span class='ocrx_word' id='word_1_789' title='bbox 1548 5273 1689 5327; x_wconf 89' lang='lat' dir='ltr'><strong>ratio</strong></span> <span class='ocrx_word' id='word_1_790' title='bbox 1724 5265 2015 5342; x_wconf 86' lang='lat' dir='ltr'><strong>peculiaris</strong></span> 
     </span>
    </p>
   </div>
   <div class='ocr_carea' id='block_1_102' title="bbox 451 5337 2012 5413">
    <p class='ocr_par' dir='ltr' id='par_1_102' title="bbox 451 5337 2012 5413">
     <span class='ocr_line' id='line_1_102' title="bbox 451 5337 2012 5413; baseline 0.006 -23"><span class='ocrx_word' id='word_1_791' title='bbox 451 5338 635 5392; x_wconf 87' lang='lat' dir='ltr'><strong>clausa</strong></span> <span class='ocrx_word' id='word_1_792' title='bbox 660 5337 991 5413; x_wconf 76' lang='lat' dir='ltr'><strong>parenthesi,</strong></span> <span class='ocrx_word' id='word_1_793' title='bbox 1021 5354 1053 5392; x_wconf 90' lang='lat' dir='ltr'><strong>a</strong></span> <span class='ocrx_word' id='word_1_794' title='bbox 1076 5354 1182 5410; x_wconf 89' lang='lat' dir='ltr'><strong>qua</strong></span> <span class='ocrx_word' id='word_1_795' title='bbox 1210 5341 1392 5413; x_wconf 82' lang='lat' dir='ltr'><strong>statim</strong></span> <span class='ocrx_word' id='word_1_796' title='bbox 1427 5342 1610 5397; x_wconf 85' lang='lat' dir='ltr'><strong>redeat</strong></span> <span class='ocrx_word' id='word_1_797' title='bbox 1638 5345 1702 5396; x_wconf 91' lang='lat' dir='ltr'><strong>ad</strong></span> <span class='ocrx_word' id='word_1_798' title='bbox 1726 5337 2012 5413; x_wconf 81' lang='lat' dir='ltr'><strong>probatio-</strong></span> 
     </span>
    </p>
   </div>
   <div class='ocr_carea' id='block_1_103' title="bbox 453 5410 2012 5477">
    <p class='ocr_par' dir='ltr' id='par_1_103' title="bbox 453 5410 2012 5477">
     <span class='ocr_line' id='line_1_103' title="bbox 453 5410 2012 5477; baseline 0.006 -17"><span class='ocrx_word' id='word_1_799' title='bbox 453 5422 573 5460; x_wconf 88' lang='lat' dir='ltr'><strong>nem</strong></span> <span class='ocrx_word' id='word_1_800' title='bbox 599 5410 889 5475; x_wconf 76' lang='lat' dir='ltr'><strong>praemis‘sae</strong></span> <span class='ocrx_word' id='word_1_801' title='bbox 919 5411 1086 5477; x_wconf 89' lang='lat' dir='ltr'><strong>illius,</strong></span> <span class='ocrx_word' id='word_1_802' title='bbox 1111 5410 1255 5477; x_wconf 88' lang='lat' dir='ltr'><strong>quod</strong></span> <span class='ocrx_word' id='word_1_803' title='bbox 1281 5411 1420 5464; x_wconf 89' lang='lat' dir='ltr'><strong>mala</strong></span> <span class='ocrx_word' id='word_1_804' title='bbox 1442 5426 1553 5467; x_wconf 90' lang='lat' dir='ltr'><strong>non</strong></span> <span class='ocrx_word' id='word_1_805' title='bbox 1586 5410 1817 5469; x_wconf 84' lang='lat' dir='ltr'><strong>debeant</strong></span> <span class='ocrx_word' id='word_1_806' title='bbox 1842 5415 2012 5469; x_wconf 89' lang='lat' dir='ltr'><strong>tribui</strong></span> 
     </span>
    </p>
   </div>
   <div class='ocr_carea' id='block_1_104' title="bbox 452 5477 2010 5556">
    <p class='ocr_par' dir='ltr' id='par_1_104' title="bbox 452 5477 2010 5556">
     <span class='ocr_line' id='line_1_104' title="bbox 452 5477 2010 5556; baseline 0.006 -28"><span class='ocrx_word' id='word_1_807' title='bbox 452 5477 562 5556; x_wconf 85' lang='lat' dir='ltr'><strong>Deo</strong></span> <span class='ocrx_word' id='word_1_808' title='bbox 593 5486 649 5556; x_wconf 88' lang='lat' dir='ltr'><strong>u_t</strong></span> <span class='ocrx_word' id='word_1_809' title='bbox 682 5479 918 5556; x_wconf 73' lang='lat' dir='ltr'><strong>auctori;</strong></span> <span class='ocrx_word' id='word_1_810' title='bbox 941 5481 1038 5556; x_wconf 74' lang='lat' dir='ltr'><strong>qui</strong></span> <span class='ocrx_word' id='word_1_811' title='bbox 1066 5481 1183 5551; x_wconf 91' lang='lat' dir='ltr'><strong>ipse</strong></span> <span class='ocrx_word' id='word_1_812' title='bbox 1210 5490 1400 5556; x_wconf 86' lang='lat' dir='ltr'><strong>auctor</strong></span> <span class='ocrx_word' id='word_1_813' title='bbox 1425 5484 1713 5556; x_wconf 74' lang='lat' dir='ltr'><strong>exsistens,</strong></span> <span class='ocrx_word' id='word_1_814' title='bbox 1747 5501 1854 5538; x_wconf 90' lang='lat' dir='ltr'><strong>non</strong></span> <span class='ocrx_word' id='word_1_815' title='bbox 1886 5501 2010 5556; x_wconf 63' lang='lat' dir='ltr'><strong>1]ng</strong></span> 
     </span>
    </p>
   </div>
   <div class='ocr_carea' id='block_1_105' title="bbox 440 5548 2016 5627">
    <p class='ocr_par' dir='ltr' id='par_1_105' title="bbox 440 5548 2016 5627">
     <span class='ocr_line' id='line_1_105' title="bbox 440 5548 2016 5627; baseline 0.006 -27"><span class='ocrx_word' id='word_1_816' title='bbox 440 5554 534 5600; x_wconf 82' lang='lat' dir='ltr'><strong>ret</strong></span> <span class='ocrx_word' id='word_1_817' title='bbox 577 5548 643 5626; x_wconf 82' lang='lat' dir='ltr'><strong>ad</strong></span> <span class='ocrx_word' id='word_1_818' title='bbox 693 5548 976 5627; x_wconf 62' lang='lat' dir='ltr'><strong>malorum&#39;</strong></span> <span class='ocrx_word' id='word_1_819' title='bbox 1007 5548 1453 5627; x_wconf 77' lang='lat' dir='ltr'><strong>destructionem.</strong></span> <span class='ocrx_word' id='word_1_820' title='bbox 1477 5551 1735 5627; x_wconf 28' lang='lat' dir='ltr'><strong>‘Voluerit</strong></span> <span class='ocrx_word' id='word_1_821' title='bbox 1767 5548 2016 5627; x_wconf 48' lang='lat' dir='ltr'><strong>ergofad</strong></span> 
     </span>
    </p>
   </div>
   <div class='ocr_carea' id='block_1_106' title="bbox 453 5616 2016 5691">
    <p class='ocr_par' dir='ltr' id='par_1_106' title="bbox 453 5616 2016 5691">
     <span class='ocr_line' id='line_1_106' title="bbox 453 5616 2016 5691; baseline 0.006 -21"><span class='ocrx_word' id='word_1_822' title='bbox 453 5641 555 5670; x_wconf 64' lang='grc' dir='ltr'>ιιιη</span> <span class='ocrx_word' id='word_1_823' title='bbox 578 5616 948 5691; x_wconf 79' lang='lat' dir='ltr'><strong>incommoda,</strong></span> <span class='ocrx_word' id='word_1_824' title='bbox 985 5637 1159 5691; x_wconf 90' lang='lat' dir='ltr'><strong>neque</strong></span> <span class='ocrx_word' id='word_1_825' title='bbox 1190 5622 1290 5676; x_wconf 92' lang='lat' dir='ltr'><strong>hoc</strong></span> <span class='ocrx_word' id='word_1_826' title='bbox 1330 5622 1508 5683; x_wconf 90' lang='lat' dir='ltr'><strong>vitari,</strong></span> <span class='ocrx_word' id='word_1_827' title='bbox 1563 5633 1623 5676; x_wconf 87' lang='lat' dir='ltr'><strong>ut</strong></span> <span class='ocrx_word' id='word_1_828' title='bbox 1666 5640 1733 5677; x_wconf 84' lang='lat' dir='ltr'><strong>ne</strong></span> <span class='ocrx_word' id='word_1_829' title='bbox 1763 5616 2016 5679; x_wconf 72' lang='lat' dir='ltr'><strong>dicantur</strong></span> 
     </span>
    </p>
   </div>
   <div class='ocr_carea' id='block_1_107' title="bbox 452 5688 2011 5758">
    <p class='ocr_par' dir='ltr' id='par_1_107' title="bbox 452 5688 2011 5758">
     <span class='ocr_line' id='line_1_107' title="bbox 452 5688 2011 5758; baseline 0.004 -16"><span class='ocrx_word' id='word_1_830' title='bbox 452 5688 592 5743; x_wconf 71' lang='lat' dir='ltr'><strong>mata</strong></span> <span class='ocrx_word' id='word_1_831' title='bbox 623 5703 704 5758; x_wconf 23' lang='lat' dir='ltr'><strong>ex;</strong></span> <span class='ocrx_word' id='word_1_832' title='bbox 732 5688 922 5758; x_wconf 87' lang='lat' dir='ltr'><strong>nihilo,</strong></span> <span class='ocrx_word' id='word_1_833' title='bbox 965 5694 1009 5744; x_wconf 92' lang='lat' dir='ltr'><strong>si</strong></span> <span class='ocrx_word' id='word_1_834' title='bbox 1047 5688 1264 5758; x_wconf 75' lang='lat' dir='ltr'><strong>quidem</strong></span> <span class='ocrx_word' id='word_1_835' title='bbox 1297 5691 1438 5745; x_wconf 89' lang='lat' dir='ltr'><strong>Deus</strong></span> <span class='ocrx_word' id='word_1_836' title='bbox 1471 5699 1551 5746; x_wconf 89' lang='lat' dir='ltr'><strong>est</strong></span> <span class='ocrx_word' id='word_1_837' title='bbox 1580 5708 1767 5747; x_wconf 90' lang='lat' dir='ltr'><strong>eorum</strong></span> <span class='ocrx_word' id='word_1_838' title='bbox 1803 5704 2011 5748; x_wconf 87' lang='lat' dir='ltr'><strong>auctor.</strong></span> 
     </span>
    </p>
   </div>
   <div class='ocr_carea' id='block_1_108' title="bbox 522 5755 2013 5834">
    <p class='ocr_par' dir='ltr' id='par_1_108' title="bbox 522 5755 2013 5834">
     <span class='ocr_line' id='line_1_108' title="bbox 522 5755 2013 5834; baseline 0.007 -24"><span class='ocrx_word' id='word_1_839' title='bbox 522 5759 631 5830; x_wconf 76' lang='lat' dir='ltr'><strong>(ll)</strong></span> <span class='ocrx_word' id='word_1_840' title='bbox 675 5755 922 5825; x_wconf 82' lang='lat' dir='ltr'><strong>Inﬂucre.</strong></span> <span class='ocrx_word' id='word_1_841' title='bbox 968 5755 1260 5830; x_wconf 75' lang='grc' dir='ltr'>Ἐπιρῤεἰν.</span> <span class='ocrx_word' id='word_1_842' title='bbox 1295 5760 1383 5815; x_wconf 85' lang='lat' dir='ltr'><strong>Sic</strong></span> <span class='ocrx_word' id='word_1_843' title='bbox 1416 5760 1642 5818; x_wconf 83' lang='lat' dir='ltr'><strong>Photius</strong></span> <span class='ocrx_word' id='word_1_844' title='bbox 1670 5782 1682 5817; x_wconf 88' lang='lat'><strong>:</strong></span> <span class='ocrx_word' id='word_1_845' title='bbox 1714 5780 1814 5819; x_wconf 76' lang='lat' dir='ltr'><strong>vox</strong></span> <span class='ocrx_word' id='word_1_846' title='bbox 1846 5767 2013 5834; x_wconf 83' lang='lat' dir='ltr'><strong>aptis-</strong></span> 
     </span>
    </p>
   </div>
   <div class='ocr_carea' id='block_1_109' title="bbox 2127 4764 3701 4839">
    <p class='ocr_par' dir='ltr' id='par_1_109' title="bbox 2127 4764 3701 4839">
     <span class='ocr_line' id='line_1_109' title="bbox 2127 4764 3701 4839; baseline 0.005 -23"><span class='ocrx_word' id='word_1_847' title='bbox 2127 4764 2204 4827; x_wconf 81' lang='grc' dir='ltr'><strong>ὡς</strong></span> <span class='ocrx_word' id='word_1_848' title='bbox 2231 4766 2330 4817; x_wconf 91' lang='grc' dir='ltr'><strong>ούκ</strong></span> <span class='ocrx_word' id='word_1_849' title='bbox 2362 4765 2576 4834; x_wconf 78' lang='grc' dir='ltr'>ἔχοντος</span> <span class='ocrx_word' id='word_1_850' title='bbox 2610 4766 2764 4829; x_wconf 87' lang='grc' dir='ltr'>τέλος</span> <span class='ocrx_word' id='word_1_851' title='bbox 2791 4766 2886 4819; x_wconf 77' lang='grc' dir='ltr'><strong>τοῦ</strong></span> <span class='ocrx_word' id='word_1_852' title='bbox 2911 4767 3152 4821; x_wconf 77' lang='grc' dir='ltr'>τοιούτου</span> <span class='ocrx_word' id='word_1_853' title='bbox 3188 4768 3515 4839; x_wconf 77' lang='grc' dir='ltr'>ζητήματος.</span> <span class='ocrx_word' id='word_1_854' title='bbox 3565 4770 3701 4839; x_wconf 75' lang='grc' dir='ltr'><strong>Ἐμὲ</strong></span> 
     </span>
    </p>
   </div>
   <div class='ocr_carea' id='block_1_110' title="bbox 2129 4858 3704 4933">
    <p class='ocr_par' dir='ltr' id='par_1_110' title="bbox 2129 4858 3704 4933">
     <span class='ocr_line' id='line_1_110' title="bbox 2129 4858 3704 4933; baseline 0.001 -22"><span class='ocrx_word' id='word_1_855' title='bbox 2129 4860 2187 4912; x_wconf 81' lang='grc' dir='ltr'><strong>δὲ</strong></span> <span class='ocrx_word' id='word_1_856' title='bbox 2214 4859 2281 4912; x_wconf 84' lang='grc' dir='ltr'>τὰ</span> <span class='ocrx_word' id='word_1_857' title='bbox 2310 4858 2462 4912; x_wconf 88' lang='grc' dir='ltr'>κοινά</span> <span class='ocrx_word' id='word_1_858' title='bbox 2488 4859 2586 4929; x_wconf 80' lang='grc' dir='ltr'>τῆς</span> <span class='ocrx_word' id='word_1_859' title='bbox 2618 4860 2754 4930; x_wconf 81' lang='grc' dir='ltr'>πρὸς</span> <span class='ocrx_word' id='word_1_860' title='bbox 2790 4860 2847 4912; x_wconf 83' lang='grc' dir='ltr'>σὲ</span> <span class='ocrx_word' id='word_1_861' title='bbox 2879 4859 3059 4930; x_wconf 79' lang='grc' dir='ltr'>φιλίας</span> <span class='ocrx_word' id='word_1_862' title='bbox 3088 4859 3467 4931; x_wconf 78' lang='grc' dir='ltr'>παραιτεῖσθαι</span> <span class='ocrx_word' id='word_1_863' title='bbox 3501 4860 3562 4913; x_wconf 83' lang='grc' dir='ltr'><strong>τὸ</strong></span> <span class='ocrx_word' id='word_1_864' title='bbox 3604 4863 3704 4933; x_wconf 79' lang='grc' dir='ltr'><strong>ζη-</strong></span> 
     </span>
    </p>
   </div>
   <div class='ocr_carea' id='block_1_111' title="bbox 2129 4949 3698 5022">
    <p class='ocr_par' dir='ltr' id='par_1_111' title="bbox 2129 4949 3698 5022">
     <span class='ocr_line' id='line_1_111' title="bbox 2129 4949 3698 5022; baseline 0.002 -19"><span class='ocrx_word' id='word_1_865' title='bbox 2129 4950 2388 5021; x_wconf 88' lang='grc' dir='ltr'>τούμενον</span> <span class='ocrx_word' id='word_1_866' title='bbox 2434 4950 2533 5003; x_wconf 81' lang='grc' dir='ltr'><strong>οὐκ</strong></span> <span class='ocrx_word' id='word_1_867' title='bbox 2568 4951 2653 5022; x_wconf 80' lang='grc' dir='ltr'>ἐᾷ,</span> <span class='ocrx_word' id='word_1_868' title='bbox 2707 4951 2800 5004; x_wconf 76' lang='grc' dir='ltr'><strong>καὶ</strong></span> <span class='ocrx_word' id='word_1_869' title='bbox 2845 4949 3079 5021; x_wconf 80' lang='grc' dir='ltr'>μάλιστα.</span> <span class='ocrx_word' id='word_1_870' title='bbox 3116 4950 3203 5003; x_wconf 82' lang='grc' dir='ltr'><strong>ὅτε</strong></span> <span class='ocrx_word' id='word_1_871' title='bbox 3247 4951 3345 5021; x_wconf 84' lang='grc' dir='ltr'>τὴν</span> <span class='ocrx_word' id='word_1_872' title='bbox 3376 4950 3698 5022; x_wconf 83' lang='grc' dir='ltr'>προαίρεσιν</span> 
     </span>
    </p>
   </div>
   <div class='ocr_carea' id='block_1_112' title="bbox 2127 5043 3703 5115">
    <p class='ocr_par' dir='ltr' id='par_1_112' title="bbox 2127 5043 3703 5115">
     <span class='ocr_line' id='line_1_112' title="bbox 2127 5043 3703 5115; baseline 0 -18"><span class='ocrx_word' id='word_1_873' title='bbox 2127 5043 2487 5114; x_wconf 87' lang='grc' dir='ltr'>ἀπαγγέλλεις</span> <span class='ocrx_word' id='word_1_874' title='bbox 2511 5045 2608 5115; x_wconf 78' lang='grc' dir='ltr'>τὴν</span> <span class='ocrx_word' id='word_1_875' title='bbox 2641 5045 2770 5115; x_wconf 85' lang='grc' dir='ltr'>σήν·</span> <span class='ocrx_word' id='word_1_876' title='bbox 2811 5044 2887 5107; x_wconf 82' lang='grc' dir='ltr'>ὡς</span> <span class='ocrx_word' id='word_1_877' title='bbox 2932 5044 2993 5096; x_wconf 86' lang='grc' dir='ltr'><strong>ού</strong></span> <span class='ocrx_word' id='word_1_878' title='bbox 3027 5043 3293 5114; x_wconf 65' lang='grc' dir='ltr'>προλήψει</span> <span class='ocrx_word' id='word_1_879' title='bbox 3331 5043 3703 5114; x_wconf 72' lang='grc' dir='ltr'>κρατούμενος</span> 
     </span>
    </p>
   </div>
   <div class='ocr_carea' id='block_1_113' title="bbox 2127 5199 3702 5274">
    <p class='ocr_par' dir='ltr' id='par_1_113' title="bbox 2127 5199 3702 5274">
     <span class='ocr_line' id='line_1_113' title="bbox 2127 5199 3702 5274; baseline -0.003 -16"><span class='ocrx_word' id='word_1_880' title='bbox 2127 5201 2288 5266; x_wconf 89' lang='lat' dir='ltr'><strong>sima,</strong></span> <span class='ocrx_word' id='word_1_881' title='bbox 2320 5200 2688 5274; x_wconf 74' lang='lat' dir='ltr'><strong>significanda:</strong></span> <span class='ocrx_word' id='word_1_882' title='bbox 2714 5199 2789 5254; x_wconf 91' lang='lat' dir='ltr'><strong>illi</strong></span> <span class='ocrx_word' id='word_1_883' title='bbox 2824 5201 2879 5255; x_wconf 88' lang='lat' dir='ltr'><strong>in</strong></span> <span class='ocrx_word' id='word_1_884' title='bbox 2912 5217 3082 5274; x_wconf 79' lang='lat' dir='ltr'><strong>genus</strong></span> <span class='ocrx_word' id='word_1_885' title='bbox 3112 5200 3409 5255; x_wconf 89' lang='lat' dir='ltr'><strong>humanum</strong></span> <span class='ocrx_word' id='word_1_886' title='bbox 3438 5202 3586 5274; x_wconf 70' lang='lat' dir='ltr'><strong>velut</strong></span> <span class='ocrx_word' id='word_1_887' title='bbox 3615 5202 3702 5254; x_wconf 60' lang='lat' dir='ltr'><strong>in-</strong></span> 
     </span>
    </p>
   </div>
   <div class='ocr_carea' id='block_1_114' title="bbox 2120 5272 3700 5341">
    <p class='ocr_par' dir='ltr' id='par_1_114' title="bbox 2120 5272 3700 5341">
     <span class='ocr_line' id='line_1_114' title="bbox 2120 5272 3700 5341; baseline -0.002 -15"><span class='ocrx_word' id='word_1_888' title='bbox 2120 5274 2354 5328; x_wconf 87' lang='lat' dir='ltr'><strong>vectioni</strong></span> <span class='ocrx_word' id='word_1_889' title='bbox 2377 5272 2673 5333; x_wconf 80' lang='lat' dir='ltr'><strong>malorum,</strong></span> <span class='ocrx_word' id='word_1_890' title='bbox 2709 5287 2775 5325; x_wconf 82' lang='lat' dir='ltr'><strong>ex</strong></span> <span class='ocrx_word' id='word_1_891' title='bbox 2802 5273 3125 5341; x_wconf 79' lang='lat' dir='ltr'><strong>contagione</strong></span> <span class='ocrx_word' id='word_1_892' title='bbox 3157 5275 3409 5326; x_wconf 66' lang='lat' dir='ltr'><strong>materiaa.</strong></span> <span class='ocrx_word' id='word_1_893' title='bbox 3438 5272 3509 5324; x_wconf 82' lang='grc' dir='ltr'><strong>Τὸ</strong></span> <span class='ocrx_word' id='word_1_894' title='bbox 3540 5274 3700 5324; x_wconf 76' lang='grc' dir='ltr'><strong>ἐπαὶ-</strong></span> 
     </span>
    </p>
   </div>
   <div class='ocr_carea' id='block_1_115' title="bbox 2120 5342 3699 5415">
    <p class='ocr_par' dir='ltr' id='par_1_115' title="bbox 2120 5342 3699 5415">
     <span class='ocr_line' id='line_1_115' title="bbox 2120 5342 3699 5415; baseline -0.001 -20"><span class='ocrx_word' id='word_1_895' title='bbox 2120 5360 2256 5415; x_wconf 82' lang='grc' dir='ltr'>ρειν,</span> <span class='ocrx_word' id='word_1_896' title='bbox 2286 5342 2500 5397; x_wconf 85' lang='lat' dir='ltr'><strong>videtur</strong></span> <span class='ocrx_word' id='word_1_897' title='bbox 2527 5342 2882 5397; x_wconf 88' lang='lat' dir='ltr'><strong>mendosum:</strong></span> <span class='ocrx_word' id='word_1_898' title='bbox 2909 5343 3014 5397; x_wconf 79' lang='lat' dir='ltr'><strong>nisi</strong></span> <span class='ocrx_word' id='word_1_899' title='bbox 3045 5343 3137 5408; x_wconf 83' lang='lat' dir='ltr'><strong>sit,</strong></span> <span class='ocrx_word' id='word_1_900' title='bbox 3172 5342 3323 5409; x_wconf 78' lang='lat' dir='ltr'><strong>oriri,</strong></span> <span class='ocrx_word' id='word_1_901' title='bbox 3352 5344 3550 5406; x_wconf 79' lang='lat' dir='ltr'><strong>enasci,</strong></span> <span class='ocrx_word' id='word_1_902' title='bbox 3579 5358 3699 5395; x_wconf 80' lang='lat' dir='ltr'><strong>sur-</strong></span> 
     </span>
    </p>
   </div>
   <div class='ocr_carea' id='block_1_116' title="bbox 2116 5430 2253 5485">
    <p class='ocr_par' dir='ltr' id='par_1_116' title="bbox 2116 5430 2253 5485">
     <span class='ocr_line' id='line_1_116' title="bbox 2116 5430 2253 5485; baseline 0.007 -18"><span class='ocrx_word' id='word_1_903' title='bbox 2116 5430 2253 5485; x_wconf 83' lang='lat' dir='ltr'><strong>gere.</strong></span> 
     </span>
    </p>
   </div>
   <div class='ocr_carea' id='block_1_117' title="bbox 2190 5480 3690 5554">
    <p class='ocr_par' dir='ltr' id='par_1_117' title="bbox 2190 5480 3690 5554">
     <span class='ocr_line' id='line_1_117' title="bbox 2190 5480 3690 5554; baseline -0.001 -18"><span class='ocrx_word' id='word_1_904' title='bbox 2190 5484 2302 5554; x_wconf 73' lang='lat'><strong>(12)</strong></span> <span class='ocrx_word' id='word_1_905' title='bbox 2338 5484 2550 5554; x_wconf 77' lang='grc' dir='ltr'>Διόπερ</span> <span class='ocrx_word' id='word_1_906' title='bbox 2581 5481 2669 5537; x_wconf 81' lang='grc' dir='ltr'>ἐδ.</span> <span class='ocrx_word' id='word_1_907' title='bbox 2698 5480 2839 5554; x_wconf 62' lang='lat' dir='ltr'><strong>llaec</strong></span> <span class='ocrx_word' id='word_1_908' title='bbox 2876 5482 3045 5538; x_wconf 89' lang='lat' dir='ltr'><strong>habes</strong></span> <span class='ocrx_word' id='word_1_909' title='bbox 3093 5481 3235 5553; x_wconf 91' lang='lat' dir='ltr'><strong>apud</strong></span> <span class='ocrx_word' id='word_1_910' title='bbox 3281 5480 3528 5536; x_wconf 83' lang='lat' dir='ltr'><strong>Pbotium</strong></span> <span class='ocrx_word' id='word_1_911' title='bbox 3559 5482 3690 5537; x_wconf 91' lang='lat' dir='ltr'><strong>cod.</strong></span> 
     </span>
    </p>
   </div>
   <div class='ocr_carea' id='block_1_118' title="bbox 2120 5550 2853 5615">
    <p class='ocr_par' dir='ltr' id='par_1_118' title="bbox 2120 5550 2853 5615">
     <span class='ocr_line' id='line_1_118' title="bbox 2120 5550 2853 5615; baseline -0.003 -6"><span class='ocrx_word' id='word_1_912' title='bbox 2120 5550 2371 5615; x_wconf 59' lang='lat' dir='ltr'><strong>ccixsw,</strong></span> <span class='ocrx_word' id='word_1_913' title='bbox 2404 5554 2505 5609; x_wconf 91' lang='lat' dir='ltr'><strong>sub</strong></span> <span class='ocrx_word' id='word_1_914' title='bbox 2538 5553 2654 5607; x_wconf 92' lang='lat' dir='ltr'><strong>init.</strong></span> <span class='ocrx_word' id='word_1_915' title='bbox 2686 5550 2853 5608; x_wconf 73' lang='lat' dir='ltr'><strong>GAUL.</strong></span> 
     </span>
    </p>
   </div>
   <div class='ocr_carea' id='block_1_119' title="bbox 2196 5619 3691 5705">
    <p class='ocr_par' dir='ltr' id='par_1_119' title="bbox 2196 5619 3691 5705">
     <span class='ocr_line' id='line_1_119' title="bbox 2196 5619 3691 5705; baseline -0.001 -28"><span class='ocrx_word' id='word_1_916' title='bbox 2196 5625 2308 5692; x_wconf 83' lang='lat' dir='ltr'><strong>(t5)</strong></span> <span class='ocrx_word' id='word_1_917' title='bbox 2343 5623 2417 5677; x_wconf 85' lang='grc' dir='ltr'><strong>Τὰ</strong></span> <span class='ocrx_word' id='word_1_918' title='bbox 2684 5622 2799 5677; x_wconf 91' lang='lat' dir='ltr'><strong>lluc</strong></span> <span class='ocrx_word' id='word_1_919' title='bbox 2840 5636 3029 5705; x_wconf 40' lang='lat' dir='ltr'><strong>itaque</strong></span> <span class='ocrx_word' id='word_1_920' title='bbox 3074 5622 3316 5705; x_wconf 73' lang='lat' dir='ltr'><strong>primum</strong></span> <span class='ocrx_word' id='word_1_921' title='bbox 3357 5619 3691 5705; x_wconf 52' lang='lat' dir='ltr'><strong>Photiantrm</strong></span> 
     </span>
    </p>
   </div>
   <div class='ocr_carea' id='block_1_120' title="bbox 2122 5691 3691 5764">
    <p class='ocr_par' dir='ltr' id='par_1_120' title="bbox 2122 5691 3691 5764">
     <span class='ocr_line' id='line_1_120' title="bbox 2122 5691 3691 5764; baseline -0.003 -17"><span class='ocrx_word' id='word_1_922' title='bbox 2122 5706 2460 5764; x_wconf 73' lang='lat' dir='ltr'><strong>excerptum.</strong></span> <span class='ocrx_word' id='word_1_923' title='bbox 2503 5694 2592 5747; x_wconf 90' lang='lat' dir='ltr'><strong>ubi</strong></span> <span class='ocrx_word' id='word_1_924' title='bbox 2627 5700 2812 5747; x_wconf 81' lang='lat' dir='ltr'><strong>tamen</strong></span> <span class='ocrx_word' id='word_1_925' title='bbox 2838 5691 3161 5764; x_wconf 70' lang='lat' dir='ltr'><strong>ita-effertur</strong></span> <span class='ocrx_word' id='word_1_926' title='bbox 3189 5693 3274 5748; x_wconf 91' lang='lat' dir='ltr'><strong>hic</strong></span> <span class='ocrx_word' id='word_1_927' title='bbox 3303 5694 3453 5748; x_wconf 89' lang='lat' dir='ltr'><strong>locus</strong></span> <span class='ocrx_word' id='word_1_928' title='bbox 3480 5710 3493 5747; x_wconf 94' lang='lat'><strong>:</strong></span> <span class='ocrx_word' id='word_1_929' title='bbox 3526 5692 3588 5762; x_wconf 73' lang='grc' dir='ltr'><strong>ἐξ</strong></span> <span class='ocrx_word' id='word_1_930' title='bbox 3611 5691 3691 5745; x_wconf 83' lang='grc' dir='ltr'>ὧν</span> 
     </span>
    </p>
   </div>
   <div class='ocr_carea' id='block_1_121' title="bbox 2120 5762 3171 5835">
    <p class='ocr_par' dir='ltr' id='par_1_121' title="bbox 2120 5762 3171 5835">
     <span class='ocr_line' id='line_1_121' title="bbox 2120 5762 3171 5835; baseline -0.002 -17"><span class='ocrx_word' id='word_1_931' title='bbox 2120 5769 2267 5818; x_wconf 63' lang='grc' dir='ltr'>σομεξῖ</span> <span class='ocrx_word' id='word_1_932' title='bbox 2290 5762 2378 5835; x_wconf 76' lang='grc' dir='ltr'><strong>μοι</strong></span> <span class='ocrx_word' id='word_1_933' title='bbox 2413 5765 2507 5818; x_wconf 78' lang='grc' dir='ltr'>νῦν</span> <span class='ocrx_word' id='word_1_934' title='bbox 2537 5765 2781 5835; x_wconf 73' lang='grc' dir='ltr'>ἐπιρρεῖν</span> <span class='ocrx_word' id='word_1_935' title='bbox 2807 5762 2876 5817; x_wconf 77' lang='grc' dir='ltr'><strong>τὰ</strong></span> <span class='ocrx_word' id='word_1_936' title='bbox 2901 5763 3065 5817; x_wconf 76' lang='grc' dir='ltr'>κακά.</span> <span class='ocrx_word' id='word_1_937' title='bbox 3096 5762 3171 5816; x_wconf 82' lang='lat' dir='ltr'><strong>lo.</strong></span> 
     </span>
    </p>
   </div>
  </div>
