3962 6204
282 329 394 394 .139

1313 324 1325 343 ‘
1376 334 1379 339 ·
1453 288 1579 382 ιλιι.
1618 304 1993 383 nauseae
2031 304 2381 380 summio.

3424 319 3534 376 230

293 449 371 522 (εί
401 456 492 509 καὶ
524 454 586 506 τὰ
610 455 844 523 μάλιστα
876 456 1017 512 οὕτω
1056 476 1172 522 πως
1202 457 1261 522 ἐξ
1291 451 1365 511 ὧν
1392 458 1716 527 ὕπενὸησας,
1745 454 1845 508 ἕδο-

1958 451 2226 514 maxime,
2289 465 2355 504 ex
2420 447 2488 503 iis
2544 431 2683 516 qua?
2713 442 3113 521 considerasti,
3166 440 3239 495 ita
3290 454 3383 495 res
3435 439 3534 492 ba-

291 547 386 614 ξας
408 545 548 616 ἔχειν
580 545 647 598 τὰ
676 544 1042 618 πράγματα),
1078 546 1191 600 ἀλλ’
1228 548 1285 599 ἐν
1332 545 1594 615 ἐπιθυμία
1625 543 1722 614 τῆς
1760 541 1854 596 τοῦ

287 639 518 709 ἀληθοῦς
558 626 812 707 γνώσεως
851 640 1180 694 καθεστάναι
1221 640 1419 708 λέγεις.
1451 637 1612 691 Ὅθεν
1656 634 1857 708 προθύ-

286 748 401 801 μως
432 720 710 798 κάγὼέπὶ
734 731 825 784 τὸν
856 733 954 802 τῆς
991 730 1270 804 ζητήσεως
1293 730 1643 802 τραπήσομαι
1674 727 1851 795 λόγον.

282 808 556 892 Βούλομαι
585 822 643 875 δὲ
670 823 766 875 καὶ⁵
796 824 1006 877 τουτονὶ
1042 823 1133 877 τὸν
1163 825 1376 894 ἑταῖρον
1405 820 1678 893 ἀκροατὴν
1705 818 1857 887 γενέ-

282 916 409 969 σθαι
436 915 545 969 τῶν
574 914 856 986 ἡμετέρων
887 915 1078 984 λόγων.
1114 917 1222 968 Καὶ
1253 914 1362 986 γὰρ
1390 913 1537 966 δοκεῖ
1566 928 1682 974 πως
1716 909 1857 963 κατά

282 1025 332 1061 τι
364 1007 494 1078 mp!
538 1007 744 1059 τούτων
774 1006 974 1076 ὁμοίως
1015 1024 1096 1059 σοι
1126 1003 1367 1070 δοξάζειν
1412 1004 1505 1058 καὶ
1545 1001 1739 1064 αὐτός’
1774 996 1856 1053 διὸ

280 1098 457 1152 κοινὸν
489 1097 626 1168 πρὸς
668 1095 1010 1168 ἀμφοτέρους
1048 1096 1138 1149 τὸν
1176 1095 1332 1164 λόγον
1374 1093 1642 1148 ποιεῖσθαι
1675 1091 1858 1162 βούλο-

282 1205 398 1258 μαι.
429 1188 501 1239 ’Δ
530 1186 641 1258 γὰρ
666 1185 731 1239 ἂν
754 1185 961 1256 εἴποιμι
986 1185 1122 1258 πρὸς
1150 1186 1208 1238 σὲ
1233 1185 1404 1248 οὕτως
1443 1183 1633 1255 ἔχοντα
1650 1224 1664 1247 ,
1684 1181 1856 1236 ταῦτα

277 1276 370 1327 καὶ
403 1276 546 1346 πρὸς
576 1273 764 1328 τοῦτον
804 1275 1003 1345 ὁμοίως
1029 1274 1186 1341 λέξω.
1217 1274 1286 1328 Εί
1315 1292 1397 1328 σοι
1440 1273 1617 1328 τοίνυν
1641 1273 1856 1345 ἀληθῶς

275 1367 407 1436 περὶ
431 1364 527 1419 τοῦ
558 1366 866 1436 κρείττονος
895 1366 1075 1435 λέγειν
1113 1366 1468 1437 εὐγνωμόνως
1511 1365 1672 1431 δοκῶ,
1717 1365 1855 1437 πρὸς

273 1456 506 1511 ἱκαστον
538 1458 831 1530 ἀπόκριναι
863 1450 937 1511 ὧν
967 1457 1187 1527 ἐρωτῶ·
1224 1461 1287 1511 ἐκ
1309 1458 1418 1529 γὰρ
1450 1458 1652 1511 τούτων
1686 1459 1854 1529 γενή-

277 1566 427 1602 σεται
468 1552 569 1603 καὶ
602 1550 661 1602 σὲ
691 1550 789 1621 μὲν
816 1550 876 1603 τὸ
905 1550 1099 1621 ἀληθὲς
1141 1550 1450 1621 μανθάνειν,
1490 1551 1634 1622 κάμὲ
1683 1551 1741 1604 δὲ
1779 1548 1855 1622 μὴ

279 1643 457 1714 μάτην
490 1644 618 1707 τοὺς
646 1642 838 1711 λόγους
875 1643 1143 1697 ποιεῖσθαι
1183 1644 1318 1715 πρὸς
1350 1644 1429 1697 σέ.

342 1737 554 1792 ΟΥΑΛ.
599 1736 783 1801 Ταῦθ’,
808 1738 948 1808 ἅπερ
976 1732 1154 1801 εἴπας,
1183 1737 1439 1809 πράττειν
1466 1736 1696 1814 έτοίμως
1725 1736 1854 1809 ἔχω.

1962 541 2089 597 bere
2122 541 2296 595 visum
2331 538 2476 607 sit),
2512 537 2607 593 sed
2639 533 2881 591 scientié
2908 535 3031 589 ’νόίὶ
3063 532 3400 589 desiderium
3437 531 3534 586 ha—

1959 634 2104 689 beat.
2137 633 2317 699 Quare
2341 632 2503 685 etiam
2558 643 2657 698 ego
2709 626 2883 683 libens
2931 626 3236 698 alacrisqu_e
3289 625 3356 679 ad
3388 639 3528 696 qum-

1962 723 2191 778 stionem
2225 720 2503 776 accedam.
2532 717 2717 772 Placet
2770 732 2921 785 vero,
2975 724 3036 771 ut
3093 724 3146 771 et
3184 717 3273 771 hic:
3323 717 3535 772 amicus

1961 823 2227 885 susceptae
2259 809 2651 881 disputationis
2680 808 2900 864 auditor
2959 808 3072 862 ﬁat.
3112 807 3247 863 Nam
3292 815 3346 863 et
3394 810 3531 878 ipse,

1960 905 2147 961 eadem
2197 902 2594 973 quadamtenus
2621 899 2719 954 tibi
2750 900 2965 954 videtur
3011 898 3266 970 opinione
3309 918 3323 955 :
3366 916 3538 970 quare

1960 998 2084 1052 volo
2145 994 2421 1051 com‘muni
2489 1008 2612 1046 cum
2669 998 2900 1061 utroque
2960 993 3204 1048 oratione
3264 992 3532 1047 conferre.

1961 1085 2092 1152 Quae
2146 1069 2291 1140 enim
2351 1083 2449 1138 tibi
2508 1086 2588 1139 sic
2657 1068 2853 1138 aﬁec'td
2907 1083 3177 1146 dixerim,
3238 1084 3423 1137 eadem
3482 1091 3536 1136 et

1961 1178 2039 1232 illi
2077 1176 2326 1233 similiter
2363 1176 2573 1232 dixero.
2616 1174 2673 1231 Si
2713 1176 2881 1248 igitur
2920 1167 3063 1230 ‘ver’e
3094 1174 3207 1229 vtib'i
3247 1175 3435 1229 videor
3472 1188 3536 1226 ac

1962 1269 2173 1325 sincere
2210 1268 2355 1339 quod
2393 1279 2477 1323 est
2515 1268 2721 1323 melius.
2748 1267 2957 1334 dicere,
3010 1266 3278 1337 responde
3315 1265 3381 1319 ad
3421 1267 3537 1320 sine

1960 1361 2086 1431 gula
2137 1376 2260 1431 qua:
2285 1369 2576 1430 percontor
2610 1374 2624 1411 :
2671 1360 2751 1414 sic
2779 1359 2924 1413 enim
2969 1358 3093 1423 ﬁet,
3123 1365 3258 1411 utet
3291 1357 3408 1427 ipse
3439 1358 3537 1411 ad-

1961 1447 2143 1503 discas
2172 1464 2380 1511 verum,
2439 1462 2543 1503 nec
2574 1462 2673 1518 ego
2704 1446 2908 1503 frustra
2953 1447 3231 1504 disserens
3267 1446 3535 1501 insumam

1961 1544 2264 1597 sermones.

2031 1722 2187 1780 VAL.
2221 1723 2537 1795 Promptum
2572 1723 2702 1779 mihi
2744 1730 2863 1789 est,
2892 1731 2953 1779 ut
2979 1740 3099 1797 quae
3128 1723 3268 1781 dicis
3304 1723 3526 1780 iaciam.

274 1827 383 1880 Καὶ
413 1826 503 1879 διά
532 1826 694 1879 τοῦτο
721 1826 859 1897 μετὰ
886 1807 1064 1897 πάσης
1102 1807 1406 1896 προθυμίας
1432 1807 1616 1878 ἐκεῖνά
1652 1807 1845 1878 πυνθά-

1956 1818 2137 1886 Quare
2192 1820 2340 1873 omni
2393 1820 2675 1874 alacritate
2730 1834 2791 1873 ea
2841 1831 3200 1890 percontare,
3233 1836 3298 1875 ex
3334 1807 3534 1890 quibus

274 1934 383 1979 νου,
414 1916 478 1981 ἐξ
510 1910 699 1988 ὧνπερ
726 1916 963 1987 νομίζεις
993 1914 1249 1969 δύνασθαί
1301 1931 1366 1985 με
1416 1914 1514 1985 τὴν
1548 1915 1845 1986 ἐπιστήμην

1960 1912 2245 1965 arbitraris
2275 1925 2435 1981 posse
2459 1925 2544 1966 me
2569 1911 2781 1966 discere
2811 1912 2957 1980 quod
2991 1921 3074 1967 est
3104 1913 3319 1967 melius.
3348 1906 3535 1983 Nequ'e

275 2009 363 2064 τοῦ
391 2009 706 2080 κρείττονος
737 2009 946 2080 μαθεῖν.
975 2009 1051 2061 Οὐ
1083 2008 1188 2079 γάρ
1221 2025 1310 2077 μοι
1356 2007 1418 2060 τὸ
1459 2009 1675 2078 νικῆσαι
1722 1998 1845 2078 πρό-

1958 2002 2103 2057 enim
2143 2002 2481 2072 propositum
2535 2002 2711 2056 habeo
2753 2009 2813 2055 ut
2873 2003 3014 2057 male
3057 2002 3295 2066 vincam,
3344 2004 3438 2059 sed
3476 2013 3533 2058 ut

276 2119 448 2155 κειται
496 2100 704 2165 κακῶς,
753 2099 886 2154 ἀλλὰ
918 2099 977 2153 τὸ
1007 2099 1202 2170 ἀληθὲς
1237 2098 1685 2171 ὲκμαθεῖν.”Ὀθεν
1728 2099 1845 2170 ἔχου

1957 2110 2145 2150 verum
2183 2095 2434 2151 edocear.
2465 2093 2586 2148 Jam
2618 2095 2802 2166 itaque
2830 2088 3139 2150 sermonem
3174 2110 3526 2166 prosequere.

273 2194 329 2248 τὸ
353 2194 546 2248 λοιπὸν
572 2193 669 2246 τοῦ
708 2194 887 2262 λόγου.

340 2284 585 2337 ΟΡΘΟΔ.
632 2285 755 2336 Ὀτι
819 2284 919 2354 μὲν
972 2276 1067 2337 οὖν
1122 2282 1231 2355 (14)
1282 2283 1547 2355 ὑπάρχειν
1593 2284 1854 2357 ἀδύνατον

270 2374 511 2444 ἀγένητα
537 2374 633 2427 δύο
656 2375 795 2444 ἃμα,
828 2375 948 2428 οὐδέ
977 2392 1035 2428 σε
1065 2376 1277 2443 ἀγνοεῖν
1302 2376 1527 2446 νομίζω,
1562 2378 1610 2429 εί
1656 2377 1749 2430 καὶ⁹
1781 2376 1850 2430 τὰ

274 2468 510 2538 μάλιστα
532 2467 711 2530 δοκεῖς
736 2467 1206 2538 προλαϐὼντοῦτο
1231 2467 1637 2539 προτεθεικέναι
1668 2468 1744 2539 τῷ
1765 2468 1851 2522 λόι

271 2559 478 2630 γῷ.Ὠς
509 2559 728 2623 πάντως
768 2560 828 2625 ἐξ
856 2559 1101 2630 ἀνάγκης
1144 2560 1206 2612 τὸ
1244 2559 1430 2631 ἓτερον
1459 2560 1540 2613 δεῖ
1567 2560 1766 2630 λέγειν,
1810 2560 1845 2634 ἢ

268 2653 348 2707 ὅτι
377 2650 714 2722 κεχώρισται
742 2651 842 2721 τῆς
870 2651 1002 2721 ὕλης
1027 2653 1055 2704 ὁ
1074 2650 1224 2714 Θεὸς,
1252 2650 1284 2720 ἢ
1307 2647 1373 2704 αὖ
1409 2651 1687 2719 πάλιν,ὅτι
1715 2652 1852 2722 ἀμέ-

272 2761 451 2815 ριστος
506 2744 680 2815 αὐτῆς
723 2743 998 2813 τυγχάνει.
1029 2743 1093 2795 Et
1131 2743 1228 2814 μὲν
1261 2739 1351 2797 οὖν
1379 2743 1619 2815 ἡνῶσθαι
1662 2761 1745 2808 τις
1773 2732 1849 2798 εί-

268 2841 390 2890 πεῖν
410 2836 557 2890 αὕτά
582 2836 776 2899 ἐθέλοι,
803 2837 859 2889 ἓν
879 2822 940 2888 τὸ
968 2836 1232 2906 ἀγένητον
1260 2834 1404 2901 λέξει
1422 2853 1435 2865 ·
1468 2836 1714 2907 (ἕκαστον
1740 2826 1849 2908 γὰρ

267 2929 474 2982 τούτων
515 2929 682 3000 μέρος
714 2928 865 2981 ἔσται
896 2927 988 2980 τοῦ
1020 2926 1311 3000 πλησίον’)
1341 2918 1583 3000 ἀλλήλων
1615 2928 1673 2982 δὲ
1704 2924 1845 3000 μέρή

270 3024 629 3093 τυγχάνοντα,
662 3022 762 3074 οὐκ
809 3020 956 3073 ἔσται
999 3020 1236 3089 ἀγένητα
1283 3018 1394 3081 δύο,
1422 3019 1535 3072 ἀλλ’
1565 3019 1622 3073 ἓν
1648 3022 1711 3073 ὲκ
1733 3020 1847 3074 δια-

272 3114 451 3184 φόρων
485 3112 762 3174 συνεστός.
792 3111 924 3164 Οὐδὲ
949 3110 1058 3182 γὰρ
1088 3111 1179 3164 τὸν
1211 3110 1490 3181 ἄνθρωπον
1522 3110 1710 3184 ἔχοντα
1731 3112 1845 3167 διά-

1938 2352 1943 2357 _
2027 2296 2238 2353 ORTH.
2270 2295 2412 2353 Sane
2442 2298 2628 2369 igitur,
2660 2299 2805 2369 quod
2855 2299 3005 2354 nullo
3052 2300 3213 2355 modo
3243 2272 3368 2374 ’(15)
3414 2302 3530 2358 ﬁeri

1957 2392 2152 2460 possit,
2186 2399 2245 2444 ut
2277 2392 2388 2445 sint
2439 2389 2548 2444 duo
2605 2391 2769 2445 simul
2811 2392 3074 2456 increata,
3102 2399 3283 2448 necte
3310 2392 3529 2463 quidem

1957 2481 2207 2552 ignorare
2234 2474 2399 2551 puto,
2425 2496 2739 2550 quanquam
2780 2480 2835 2535 id
2888 2482 3123 2537 maxime
3150 2482 3388 2538 videaris
3417 2500 3531 2539 ser-

1955 2588 2116 2627 mone
2149 2574 2260 2642 jam
2290 2572 2474 2627 habito
2498 2564 2779 2630 statuisse.
2809 2572 2975 2629 Plane
2998 2572 3266 2643 siquidem
3299 2577 3528 2629 duorum

1955 2664 2183 2718 alterum
2223 2678 2507 2719 necessum
2535 2663 2699 2719 fuerit
2726 2662 2939 2730 dicere;
2975 2664 3055 2719 vel
3081 2663 3225 2734 quod
3257 2663 3401 2720 Deus
3436 2652 3528 2720 se-

1954 2763 2177 2826 paratus
2196 2756 2264 2812 sit
2295 2771 2326 2809 a
2355 2757 2604 2819 materia,
2634 2756 2720 2811 vel
2752 2761 2945 2810 contra
2975 2755 3120 2825 quod
3149 2756 3414 2812 indivisus
3444 2757 3523 2811 illi

1953 2846 2243 2903 cohaereat.
2301 2844 2358 2901 Si
2398 2847 2521 2917 quis
2575 2847 2743 2917 igitur
2767 2848 2917 2902 unita
2949 2848 3080 2902 velit
3127 2848 3325 2913 dicere,
3360 2844 3527 2904 unum

1954 2936 2256 2992 inereatum
2307 2937 2526 2992 dixerit.
2585 2935 2723 3009 (Erit
2762 2924 3050 3015 ~siquidem
3099 2922 3527 3010 unumquodque

1951 3027 2146 3082 horum
2176 3029 2463 3100 propinqui
2495 3028 2982 3102 pars(16).)Porro
3007 3047 3128 3101 quae
3149 3039 3275 3085 sunt
3294 3030 3525 3086 invicem

1954 3129 2158 3191 partes,
2190 3136 2299 3176 non
2330 3121 2440 3176 duo
2475 3122 2739 3185 increata,
2772 3122 2867 3178 sed
2898 3139 3065 3178 unum
3088 3123 3318 3178 diversis
3345 3122 3527 3177 consi-

271 3223 412 3277 φορά
443 3204 583 3278 μέλη
619 3189 1156 3275 κατακερματίζομεν
1184 3205 1262 3267 είς
1284 3203 1452 3257 πολλά
1474 3205 1695 3275 γενητά.
1714 3205 1845 3257 Ἀλλ“

1956 3218 2128 3275 stens,
2152 3212 2457 3267 increatum
2482 3220 2663 3268 erunt.
2696 3211 2831 3266 Nam
2860 3229 3038 3283 neque
3069 3213 3362 3276 hominem,
3392 3212 3526 3266 mul-

271 3301 325 3373 ἦ,
354 3300 431 3365 ὡς
464 3304 495 3354 ὁ
520 3301 679 3369 λόγος
710 3301 948 3365 ἀπαιτεῖ,
977 3301 1037 3353 ἓν
1063 3318 1114 3353 τι
1143 3288 1385 3371 γενητὸν,
1415 3301 1507 3355 τὸν
1545 3301 1848 3373 ἄνθρωπον,

274 3391 605 3465 πολυμερὲς,
655 3390 788 3461 πρὸς
820 3390 912 3444 τοῦ
954 3390 1087 3444 Θεοῦ
1129 3391 1407 3460 γεγονέναι
1434 3392 1631 3462 φαμέν.
1667 3389 1851 3453 Οὕτως

275 3481 509 3553 ἀνάγκη,
540 3483 590 3534 εί
627 3481 727 3551 μὲν
769 3482 841 3552 μὴ
887 3480 1213 3552 κεχώρισται
1245 3481 1345 3551 τῆς
1378 3480 1510 3553 ὕλης
1544 3482 1573 3534 ὁ
1608 3480 1757 3544 Θεὸς,
1791 3479 1849 3532 ἓν

275 3573 334 3625 τὸ
356 3572 626 3642 ἀγένητον
658 3567 797 3625 εἶναι
821 3571 995 3641 λέγειν
1015 3588 1028 3601 ·
1056 3572 1105 3625 εί
1126 3572 1183 3625 δὲ
1207 3572 1536 3644 κεχωρίσθαι
1557 3573 1716 3643 φήσει
1742 3588 1845 3634 τις,

276 3664 490 3734 ἀνάγκη
526 3659 667 3717 εἷναί
712 3680 763 3716 τι
815 3663 875 3715 τὸ
904 3663 1174 3735 ἁναμέσον
1201 3663 1545 3734 ἀμφοτέρων,
1579 3659 1715 3733 ὅπερ
1739 3663 1849 3731 ’καὶ

275 3756 362 3809 τὸν
395 3756 675 3827 χωρισμὸν
706 3754 881 3809 αὐτῶν
912 3755 1198 3810 δείκνυσιν.
1218 3742 1497 3808 Ἀδύνατον
1520 3753 1628 3827 γὰρ
1658 3757 1715 3808 ἐν
1735 3755 1848 3808 δια-

278 3850 463 3903 στάσει
492 3847 779 3912 ἐξετάσθαι
798 3866 851 3901 τι
873 3845 981 3902 ἀπό
1004 3865 1166 3913 τινος,
1195 3848 1294 3902 οὐκ
1323 3848 1471 3911 ὗντος
1494 3847 1700 3920 ἑτέρου,
1724 3847 1845 3902 καθ’

278 3939 307 3994 ὃ
330 3943 364 4012 ἡ
396 3941 679 4004 διάστασις
712 3938 968 4013 ἐκατέρου
1006 3940 1417 4014 γίνεται.”οπερ
1442 3942 1502 3995 οὐ
1542 3943 1700 4014 μέχρι
1727 3942 1846 3996 τού-

282 4047 368 4084 του
391 4033 610 4084 ’ίσταται
637 4033 731 4085 καὶ
767 4032 950 4102 μόνου,
979 4032 1113 4085 ἀλλά
1143 4034 1237 4087 καὶ
1282 4033 1547 4088 πλείστων
1581 4026 1846 4090 ὃσωνζὊν

284 4123 383 4194 γάρ
412 4124 506 4176 ἐπὶ
535 4123 644 4176 τῶν
674 4124 767 4178 δύο
796 4126 1072 4196 ἁγενήτων
1110 4126 1341 4197 εἴπαμεν
1366 4127 1539 4195 λόγον,
1572 4128 1756 4182 τοῦτον
1787 4127 1847 4194 ἐξ

284 4214 521 4285 ἀνάγκης
570 4215 771 4284 ὁμοίως
821 4205 1143 4288 προχωρεῖν,
1177 4219 1224 4270 εί
1258 4219 1329 4271 τὰ
1383 4220 1619 4290 ἀγένητα
1667 4220 1841 4294 δοθείη

287 4306 419 4378 τρία.
458 4309 569 4360 Καὶ
597 4307 704 4380 γὰρ
732 4308 860 4379 περὶ
890 4308 1092 4363 τούτων
1116 4312 1342 4397 ἐροίμην
1387 4311 1474 4387 ειν,
1523 4314 1569 4364 εί
1618 4312 1845 4383 κεχώρις

287 4414 399 4452 σται
446 4401 543 4452 ἀπ’
573 4400 896 4472 ἁλλήλων,ἢ
937 4398 1003 4456 αὖ
1055 4401 1216 4455 πάλιν
1247 4405 1474 4467 ἕκαστον
1519 4403 1720 4473 ἥνωται
1769 4403 1845 4474 τῷ

286 4491 521 4561 πλησίον.
556 4493 617 4545 Ei
672 4494 771 4562 μὲν
819 4493 924 4565 γάρ
976 4492 1214 4562 ήνῶσθαί
1247 4511 1327 4558 τις
1357 4497 1529 4549 εἰπεῖν
1562 4494 1724 4560 θέλοι,
1752 4496 1843 4549 τὸν

286 4583 435 4635 αὐτὸν
462 4583 775 4655 ἀκούσειτῴ
806 4583 1006 4657 πρώτῳ
1036 4585 1222 4654 λόγον·
1251 4588 1298 4639 εἰ
1330 4587 1373 4639 δ’
1406 4584 1471 4642 αὕ
1498 4582 1658 4641 πάλιν
1680 4606 1845 4659 κεχω-

287 4674 476 4742 ρίσθαι,
513 4675 574 4727 οὐ
612 4675 863 4743 φεύξεται
898 4677 995 4748 τὴν
1028 4677 1087 4742 ἐξ
1119 4678 1362 4749 ἀνάγκης
1398 4678 1490 4733 τοῦ
1521 4678 1845 4751 χωρίζοντος

285 4765 700 4823 ἀπόστασιν.“Αν
723 4768 770 4821 δ’
801 4769 908 4838 ἀρα
931 4787 1012 4833 τις
1044 4770 1136 4823 καὶ
1154 4770 1336 4841 τρίτον
1355 4767 1493 4826 εἶναι
1521 4771 1662 4836 λέξοι
1688 4771 1843 4840 λόγον

287 4856 580 4925 ἁρμόζοντα
614 4860 742 4929 περὶ
780 4860 888 4913 τῶν
920 4862 1199 4933 ἀγενήτων
1222 4862 1488 4934 λελέχθαι,
1515 4862 1758 4916 τουτέστι
1782 4863 1842 4916 τὸ

258 4946 412 5017 ,μήτε
453 4951 786 5022 κεχωρίσθαι
832 4952 921 5005 τὸν
961 4952 1093 5007 Θεὸν
1120 4955 1221 5025 τῆς
1247 4954 1398 5027 ὕλης,
1438 4956 1562 5028 μήτ’
1581 4952 1648 5009 αὖ
1683 4937 1842 5009 πάλῖν

347 5083 453 5154 (Η)
496 5086 616 5139 ’Ὁτι
656 5087 775 5156 μὲν
817 5080 950 5142 οὖν.
993 5086 1124 5143 Hace
1172 5086 1300 5142 item
1352 5097 1650 5143 occurrunt
1697 5080 1837 5157 apud

275 5152 519 5228 Photium
569 5157 606 5211 1.
641 5152 717 5228 6.7,
749 5157 818 5212 iis
865 5157 1048 5211 statim
1080 5157 1349 5227 subjecta,
1395 5174 1627 5228 quorum
1680 5152 1839 5213 modo

274 5227 638 5301 meminimus.
673 5227 845 5301 (ἕλει.
1007 5297 1017 5301 Α
1128 5297 1159 5301 __
1339 5299 1345 5301 Α
1400 5227 1429 5293 ξ
1795 5286 1803 5301 γ

282 5295 632 5383 ;,(¹βὶ.δαηε
665 5293 843 5383 ίέιέτιιιν
866 5297 1017 5383 aue!
1046 5297 1706 5383 πιείιιξμηρςίοκειεοῖθτι
1739 5293 1837 5383 μέν

272 5360 361 5439 οὖν
388 5360 908 5439 ἀδύνατον.’1ηρίρίἰ
955 5369 1047 5439 hic
1086 5368 1349 5439 Methodii
1392 5360 1649 5425 doctrina
1676 5412 1691 5435 ,
1739 5360 1833 5424 ilbi

275 5434 445 5491 Photii
498 5439 584 5493 vel
639 5434 910 5508 interpres
957 5434 1047 5495 vel
1086 5434 1345 5496 librarius
1382 5458 1395 5490 :
1435 5440 1588 5506 Quod
1639 5441 1686 5494 si
1720 5442 1836 5507 ﬁeri

275 5508 413 5561 nullo
454 5509 610 5562 modo
648 5512 837 5578 possit,
870 5515 999 5574 cte.,
1036 5510 1388 5564 conditionali
1429 5510 1636 5580 adjecta
1662 5517 1833 5565 totum

275 5580 843 5662 εειιέειιηιλετίιιξεηξεε-
912 5582 917 5587 ’
1186 5612 1195 5623 ·

340 5648 447 5720 (16)
488 5647 610 5722 Erit
644 5647 897 5722 siqaidem
921 5647 1317 5722 unumquodque
1346 5649 1528 5705 horum
1558 5652 1835 5722 propinqui

271 5732 402 5790 pars.
430 5717 634 5790 ’Μέρος
665 5717 757 5770 τοῦ
783 5717 1367 5788 πλησίον.’801ιι’ὸῇίῐῐι
1398 5722 1461 5773 ad
1495 5722 1594 5776 hoc
1622 5717 1835 5777 videtur

276 5789 511 5845 suﬂiccre
539 5789 740 5849 vact;
790 5798 842 5842 ct
888 5789 1242 5846 continuitas.
1296 5790 1565 5861 lnterprcs
1603 5792 1778 5848 Photii
1816 5814 1827 5849 :

1936 3294 2023 3354 'tis
2043 3300 2383 3356 constantem
2418 3303 2699 3368 membris,
2720 3302 3014 3358 dividimus
3046 3304 3101 3356 in
3123 3304 3288 3357 multa
3320 3310 3522 3379 creata.

1951 3389 2114 3456 Quin,
2152 3390 2226 3444 ita
2260 3386 2519 3462 exigente
2551 3389 2799 3462 ratione,
2845 3392 3165 3469 heminem,'
3188 3399 3354 3445 tinum
3394 3392 3524 3462 quid

1950 3488 2190 3535 creatum
2247 3481 2504 3546 dicimus,
2544 3482 2837 3536 multarum
2899 3485 3155 3553 partium,
3192 3500 3223 3538 a
3281 3483 3392 3539 Deo
3446 3484 3525 3537 fa—

1948 3579 2118 3626 ctum.
2155 3571 2335 3643 Atque
2365 3573 2500 3626 adeo
2522 3586 2746 3626 necesse
2777 3581 2880 3635 est,
2906 3580 2965 3626 ut
3003 3572 3109 3627 nisi
3136 3572 3279 3628 Deus
3301 3564 3525 3642 separa-

1949 3675 2038 3722 tus
2065 3667 2137 3722 sit
2188 3682 2219 3720 a
2264 3665 2517 3731 materia,
2552 3681 2722 3720 unum
2775 3667 3076 3720 increatum
3109 3681 3230 3721 esse
3285 3666 3520 3724 dicatur.

1925 3753 2049 3808 'Sin
2076 3757 2215 3809 vero
2248 3754 2422 3811 divisa
2455 3762 2509 3812 et
2533 3764 2783 3826 separata
2810 3754 3008 3826 aliquis
3039 3755 3260 3820 dixerit,
3292 3763 3520 3814 necesse

1947 3852 2033 3900 est
2056 3846 2413 3901 intercedere
2443 3847 2663 3918 aliqudd
2692 3847 2951 3912 medium,
2978 3849 3120 3917 quod
3155 3856 3403 3917 separata
3427 3866 3523 3907 ex-

1949 3936 2153 3991 hibeat.
2187 3937 2384 4009 Nequit
2405 3941 2548 3994 enim
2581 3939 2695 3994 ﬁeri
2744 3947 2806 3993 ut
2849 3939 3052 4010 aliquid
3109 3941 3178 3993 ab
3224 3941 3408 4010 aliquo
3436 3942 3523 3996 dl-

1949 4030 2099 4078 stans
2127 4026 2525 4090 Consideretur,
2569 4027 2673 4083 nisi
2725 4028 3022 4082 exsistente
3053 4028 3159 4083 alio
3218 4031 3518 4105 secundum

1947 4117 2092 4186 quod
2125 4117 2216 4170 ﬁat
2257 4118 2620 4174 discretorum
2653 4121 2938 4176 distantia.
2976 4120 3162 4186 Neque
3212 4123 3264 4178 id
3292 4114 3296 4118 ’
3321 4125 3377 4179 in
3413 4142 3519 4180 uno

1949 4208 2052 4263 hoc
2083 4209 2308 4279 soloque
2328 4211 2496 4282 sistit,
2514 4212 2607 4267 sed
2635 4213 2947 4273 extenditur
2974 4213 3040 4266 ad
3059 4214 3341 4271 innumera
3371 4217 3521 4286 ejus-

1945 4300 2114 4354 modi.
2150 4298 2324 4366 Quam
2368 4303 2619 4379 enim'in
2677 4303 2894 4359 duobus
2948 4304 3205 4360 increatis
3253 4309 3516 4364 rationem

1945 4390 2206 4455 diximus,
2245 4386 2497 4461 similiter
2531 4404 2746 4466 oportet
2785 4397 3096 4466 procedere,
3121 4398 3167 4451 si
3191 4415 3516 4457 concessum

1947 4479 2107 4535 fuerit
2140 4482 2230 4536 illa
2260 4499 2381 4540 esse
2402 4485 2526 4540 tria.
2546 4485 2680 4540 Nam
2709 4496 2761 4541 et
2787 4487 2854 4541 de
2886 4487 2995 4543 illis
3016 4490 3345 4558 quzesier'im,
3378 4493 3519 4547 sint-

1945 4587 2014 4627 ne
2034 4573 2102 4626 ab
2131 4573 2361 4630 invicem
2397 4585 2668 4646 separata,
2697 4577 2783 4633 vel
2815 4566 3253 4657 unumquodque
3295 4585 3519 4653 propin—

1943 4679 2052 4735 quo
2081 4665 2292 4719 unitum
2324 4667 2434 4722 sit?
2463 4668 2520 4722 Si
2547 4654 2926 4743 quidemvero
2957 4673 3085 4726 velit
3108 4654 3304 4743 aliquis
3334 4673 3517 4729 dicere

1942 4757 2115 4823 unita,
2143 4758 2196 4812 id
2231 4759 2407 4829 ipsum
2455 4776 2519 4815 ac
2550 4762 2704 4835 prius
2741 4763 3029 4820 auditurus
3062 4772 3166 4820 est.
3200 4764 3294 4817 Sin
3323 4773 3514 4820 contra

1941 4846 2141 4903 dixerit
2173 4860 2445 4919 separata.
2482 4832 2867 4925 non*"eﬂ‘ugiet,
2893 4863 2954 4908 ut
2982 4871 3050 4910 ne
3080 4857 3393 4911 necessario
3420 4857 3518 4912 de-

1918 4938 2014 4993 ‘sit
2055 4940 2198 5009 quod
2240 4951 2452 5011 separet
2499 4930 2634 5016 (ΓΤ).
2664 4942 2822 5011 Quod
2852 4947 2896 5001 si
2923 4947 3046 5016 quis
3096 4948 3260 5002 etiam
3291 4948 3506 5002 tertiam

1945 5090 2276 5163 Unaqquue
2305 5094 2442 5148 enim
2463 5109 2588 5162 pars
2619 5093 2806 5149 horum
2845 5098 2943 5151 erit
2976 5096 3133 5150 atteri
3161 5079 3372 5163 similis,
3402 5104 3509 5153 etc.

1920 5156 2159 5237 'Qnib'us
2192 5156 2678 5237 "nec‘llletbodium
2730 5165 2904 5237 reddit
2933 5206 2948 5229 ,
2995 5182 3095 5237 nec
3141 5160 3260 5235 ejus
3312 5156 3512 5237 rationi

1939 5224 2100 5307 aliain
2150 5233 2265 5307 ipse
2312 5224 2649 5307 probabilem
2674 5224 2954 5291 substituit
2986 5256 2999 5291 :
3027 5224 3330 5307 aliqu'orum
3363 5234 3509 5292 enim

1939 5302 2235 5375 similitudo
2260 5302 2366 5361 non
2398 5306 2596 5373 arguit,
2620 5306 2742 5375 esse
2764 5308 2992 5359 alterum
3023 5302 3227 5375 partem
3260 5306 3508 5364 alterius.

1911 5369 2095 5451 ,Ωιιοά
2136 5373 2209 5427 ibi
2248 5369 2518 5451 sequitur,
2546 5371 2653 5451 ‘ita:
2695 5369 3149 5451 pulictai_id_ttl'n"_:_‘_
3169 5376 3410 5451 ἀλλήλων
3452 5377 3509 5441 δὲ

1909 5498 1926 5509 ,
1939 5441 2078 5511 μέρη
2134 5441 2500 5521 τυγχάνοντα,
2556 5441 2846 5519 ἀγένητονο
2893 5445 3036 5521 ἀλλς,
3074 5441 3188 5521 ὐιῄ
3243 5441 3512 5521 inter]qu

1918 5522 2110 5601 partes
2146 5513 2289 5582 inter
2312 5513 2732 5601 se'pares,‘etc.’,
2765 5513 3125 5601 quodta'men
3161 5515 3323 5571 fuerit
3355 5513 3513 5601 meti-

1936 5580 2415 5657 dun_1_typograpiii
2450 5582 2577 5654 pro,
2601 5580 2949 5653 partes—inin
2977 5602 3031 5639 se
3063 5596 3260 5656 partes,
3291 5585 3395 5657 etc.

2007 5653 2121 5717 (l7)
2157 5653 2287 5728 Α’ῥιι
2317 5653 2549 5728 elegia,
2575 5663 2630 5728 ιιι
2662 5672 2723 5709 ne
2756 5653 3219 5728 necessario'desit
3257 5655 3509 5727 quodse-

1916 5737 2101 5804 _paret.
2263 5719 2514 5804 ῲεῦξεται
2557 5723 2654 5796 τὴν
2700 5724 2792 5778 τοῦ
2827 5727 3147 5799 χωρίζοντος
3189 5719 3505 5804 ἀπόστασιγ,

1936 5786 2060 5864 quia
2103 5786 2360 5850 nimirum
2377 5786 2390 5790 ’
2413 5794 2590 5865 ipsum
2612 5786 2924 5868 separabis;
2944 5786 3206 5868 oporteat
3225 5810 3345 5851 esse
3379 5786 3503 5847 utri;
