3962 6204
443 257 545 314 251

1425 259 1482 315 S.
1527 259 1857 315 METHODH
1894 258 2203 316 EPISCOPI
2237 259 2324 313 ET
2369 256 2725 312 MARTYRIS

3579 248 3690 302 932

447 378 798 444 sententiam,
831 391 951 448 qua
994 376 1052 431 in
1091 357 1335 432 increata
1377 387 1662 448 congruat,
1690 379 1888 432 dictam
1917 397 2008 434 vo-

2134 379 2187 444 ὸς
2241 379 2380 449 μέρη
2435 375 2699 448 ἡνῶσθαιο
2728 369 2868 426 εἷναι
2898 372 2976 436 δὲ,
3011 369 3261 440 καθάπερ
3307 370 3365 421 ὲν
3400 367 3572 437 τόπῳ,
3620 370 3687 441 τῇ

449 470 650 535 luerit;
691 484 906 539 nempe,
959 483 1136 539 neque
1183 467 1351 524 Deum
1386 486 1415 523 a
1451 470 1676 524 materia
1706 482 2014 540 separatum

448 578 594 626 esse,
630 577 692 616 ac
716 576 892 632 neque
921 576 1142 615 rursum
1178 562 1335 615 ambo
1372 573 1429 616 ut
1461 571 1644 632 partes
1683 563 1828 616 uniri
1862 563 1972 634 (18)
2000 582 2011 617 :

450 655 543 710 sed
576 669 699 710 esse
729 652 895 708 Deum
920 653 976 707 in
1005 653 1232 708 materia
1260 660 1318 706 ut
1343 654 1398 706 in
1427 654 1580 708 loco:
1604 653 2014 723 materiamque,

451 743 653 798 habere
685 743 741 797 in
784 741 892 798 Deo
944 744 1213 798 rationem
1255 744 1625 798 continentis:
1660 742 1872 797 noverit
1906 743 2014 806 ille,

451 834 588 899 fore,
620 836 744 891 ιιιεὶ
774 836 1056 890 materiam
1079 835 1174 891 Dei
1209 837 1389 892 locum
1420 834 1739 901 dixerimus,
1763 850 2018 890 necessa—

450 927 534 983 rio
559 928 723 982 etiam
777 927 1041 983 dicendus
1087 928 1159 982 sit
1203 926 1732 996 comprehensibilis,
1771 934 1825 981 et
1857 927 1950 996 qui
1986 941 2018 980 a

453 1020 682 1074 materia
709 1018 1216 1075 circumscribatur.
1247 1019 1389 1084 Quin
1420 1027 1473 1074 et
1499 1019 1685 1081 simili,
1715 1026 1878 1088 atque
1905 1032 2020 1071 ma-

451 1111 608 1175 teria,
642 1111 872 1176 ratione,
893 1109 1317 1164 circumferetur
1336 1117 1572 1179 oportet.
1603 1107 1711 1163 Nec
1739 1122 1869 1163 vero
1888 1123 2020 1162 con-

450 1205 646 1261 sistere
706 1208 907 1273 p0test,
943 1208 1037 1255 aut
1067 1201 1122 1254 in
1183 1215 1242 1256 se
1289 1200 1409 1270 ipso
1440 1214 1678 1264 manere,
1723 1213 1788 1252 eo
1819 1205 2020 1252 temere

451 1305 620 1359 moto,
659 1295 714 1349 in
747 1308 856 1364 quo
899 1301 1004 1350 est.
1062 1291 1327 1347 Praaterea
1381 1290 1658 1346 fatendum
1710 1289 2019 1345 necessario

449 1395 554 1451 est,
586 1385 757 1442 fuisse
786 1385 954 1440 Deum
1000 1384 1057 1439 in
1099 1383 1482 1439 deterioribus.
1538 1381 1673 1435 Nam
1704 1379 1748 1436 si
1794 1381 2022 1436 materia

452 1475 780 1546 quandoque
824 1480 1020 1528 ornatu
1070 1473 1288 1540 caruit;
1340 1471 1479 1527 Deus
1524 1486 1682 1535 vero,
1716 1471 1906 1526 volens
1951 1470 2020 1526 ad

456 1572 656 1621 statum
688 1564 968 1619 meliorem
994 1562 1262 1619 reducere
1282 1603 1297 1627 ,
1331 1572 1580 1616 ornatum
1607 1562 1840 1618 contulit
1874 1580 1886 1617 :
1919 1561 2022 1616 fuit

456 1655 769 1726 aliquando,
795 1670 921 1710 cum
957 1654 1100 1710 Deus
1138 1655 1195 1709 in
1227 1654 1496 1708 inornatis
1525 1652 1856 1723 incultisque
1883 1654 2023 1709 exsi-

2118 470 2218 543 ὕλῃ
2246 471 2340 524 τὸν
2383 469 2535 534 Θεὸν,
2562 470 2656 522 καὶ
2681 469 2777 540 τὴν
2809 466 2938 538 ὕλην
2968 467 3026 517 ὲν
3055 465 3131 534 τῷ
3162 461 3281 533 Θεῷ
3321 461 3381 514 τὸ
3425 461 3650 532 συνέχον
3671 477 3688 494 ⁸

2118 563 2384 628 ἀκουέτω,
2415 564 2518 628 ὅτι,
2545 561 2640 614 ἐὰν
2668 562 2829 614 τόπον
2855 558 2947 612 τοῦ
2975 556 3106 611 Θεοῦ
3131 555 3228 630 τὴν
3255 553 3386 626 ὕλην
3417 553 3688 625 λέγωμεν,

2117 654 2178 720 ἐξ
2209 654 2452 726 ἀνάγκης
2491 653 2651 708 αὑτὸν
2681 653 2775 706 καὶ
2813 649 3055 723 χωρητὸν
3085 649 3260 717 λέγειν
3288 647 3387 710 δεῖ,
3424 647 3518 700 καὶ
3554 646 3690 717 πρὸς

2117 747 2216 817 τῆς
2250 746 2379 816 ὕλης
2413 744 2904 817 περιγραφόμενον.
2923 740 3081 796 Ἀλλά
3109 739 3216 811 μὴν,
3241 741 3331 792 καὶ
3359 739 3560 808 ὁμοίως
3590 739 3688 790 αύ-

2118 836 2210 890 τὸν
2236 839 2299 907 τῇ
2336 835 2435 906 ὕλῃ
2486 838 2732 899 ἀτάκτως
2776 833 3032 906 φέρεσθαι
3059 833 3157 885 δεῖ.
3205 832 3294 902 Μὴ
3325 831 3574 887 ἵστασθαι
3611 829 3686 894 δὲ,

2123 927 2256 998 μηδὲ
2286 928 2465 998 μένειν
2487 927 2646 980 αὑτὸν
2672 928 2756 996 ἐφ’
2782 925 2994 986 ἑαυτοῦ,
3019 925 3250 994 ἀνάγκη,
3280 922 3371 977 τοῦ
3396 925 3453 976 ὲν
3477 917 3522 992 ᾧ
3545 925 3691 976 ἐστιν

2120 1018 2306 1072 ἄλλοτε
2335 1019 2506 1082 ἄλλως
2543 1019 2860 1090 φερομένου.
2892 1017 3032 1089 Πρὸς
3061 1017 3116 1074 δὲ
3144 1016 3351 1078 τούτοις
3383 1015 3476 1068 καὶ
3500 1017 3556 1067 ἐν
3578 1015 3691 1085 χεί-

2124 1127 2240 1182 ροσι
2272 1110 2552 1179 γεγονέναι
2584 1111 2672 1163 τὸν
2703 1110 2832 1163 Θεὸν
2859 1111 3031 1162 εἰπεῖν
3059 1108 3290 1177 ἀνάγκη.
3325 1107 3387 1161 El
3416 1107 3524 1178 γάρ
3559 1123 3690 1159 ποτε

2119 1203 2356 1273 ἄκοσμος
2388 1198 2508 1273 ἦνὴ
2540 1201 2660 1273 ὕλη,
2691 1202 2962 1272 ἐκόσμησε
2995 1200 3051 1252 δὲ
3091 1200 3280 1270 αὐτὴν,
3306 1201 3385 1263 εὶς
3417 1199 3477 1256 τὸ
3509 1201 3691 1270 κρεῖτ-

2119 1311 2211 1346 τον
2237 1294 2433 1363 τρέψαι
2465 1294 2908 1366 προαιρούμενος,
2934 1289 3000 1364 ἦν
3031 1308 3160 1344 ποτε
3179 1292 3254 1349 ὃτῗ
3275 1292 3333 1343 ὲν
3359 1291 3694 1361 ἀκοσμήτοις

2119 1379 2188 1455 ἦν
2213 1387 2241 1438 ὁ
2277 1384 2427 1448 Θεός.
2459 1385 2691 1448 Δικαίως
2713 1384 2756 1436 δ’
2785 1383 2848 1437 ἀν
2881 1384 2975 1436 καὶ
3005 1381 3162 1435 τοῦτο
3188 1382 3435 1453 ἐροίμην,
3467 1381 3698 1452 πότερον

2122 1474 2359 1547 ἐπλήρου
2402 1475 2501 1547 τὴν
2547 1475 2680 1546 ὕλην
2710 1477 2738 1527 ὁ
2767 1474 2918 1538 Θεὸς,
2949 1474 2982 1545 ἢ
3013 1476 3070 1527 ὲν
3103 1473 3259 1544 μέρει
3290 1473 3396 1526 τινι
3436 1471 3534 1541 τῆς
3563 1470 3698 1541 ὕλης

2123 1567 2367 1638 ὑπῆρχεν
2400 1567 2589 1638 αὐτῆς.
2615 1568 2677 1620 Εἰ
2724 1567 2821 1638 μὲν
2853 1566 2960 1637 γάρ
3006 1567 3064 1620 ὲν
3111 1564 3263 1637 μέρει
3292 1566 3400 1618 τινί
3439 1563 3534 1636 τῆς
3563 1563 3700 1636 ὕλης

2123 1661 2294 1712 εἰπεῖν
2320 1677 2405 1722 τις
2433 1658 2575 1711 θέλοι
2610 1659 2700 1712 τὸν
2741 1659 2894 1723 Θεὸν,
2939 1658 3184 1715 πλεῖστον
3224 1659 3346 1712 ὅσον
3375 1657 3700 1730 μικρότερον

458 1757 647 1804 steret.
673 1746 779 1802 Sed
797 1747 994 1803 etillud
1019 1747 1145 1817 jure
1171 1746 1473 1817 quaesierim
1508 1763 1523 1801 :
1553 1743 1818 1800 Totamnc
1851 1753 2020 1801 mate-

2134 1751 2282 1805 ιῦτὸν
2327 1751 2426 1822 τῆς
2478 1750 2610 1821 ὕλης
2647 1750 2832 1818 λέγει·
2863 1749 2918 1802 εἴ
2937 1767 3000 1819 γε
3033 1750 3096 1822 δὴ
3153 1750 3314 1825 μέρος
3367 1750 3536 1820 αὐτῆς
3575 1750 3702 1804 ὅλον

456 1841 595 1894 riam
625 1839 766 1896 Deus
795 1846 1110 1911 occuparet,
1143 1854 1212 1893 an
1243 1839 1421 1894 solum
1460 1839 1515 1892 in
1547 1843 1702 1909 parte
1726 1839 1906 1908 aliqua
1937 1853 2027 1892 ex-

456 1931 863 1988 sisteret?Sane
889 1932 1126 2003 quidem,
1148 1932 1193 1987 si
1218 1931 1343 2002 quis
1371 1931 1539 1986 Deum
1556 1931 1609 1986 in
1634 1939 1786 2002 parte
1815 1938 2025 1984 tantum

457 2022 701 2078 materiae
723 2022 993 2080 afﬁrmare
1033 2024 1193 2088 velit,
1221 2037 1480 2094 perquam
1516 2023 1890 2094 angustiorem
1919 2022 2024 2076 mi»

455 2130 758 2186 noremque
793 2116 1021 2171 materia
1064 2115 1226 2180 dicit;
1254 2113 1474 2186 quando
1513 2130 1641 2186 pars
1677 2114 1798 2184 ejus
1849 2122 2024 2168 totum

457 2222 653 2279 capere
704 2208 899 2276 potuit.
934 2205 1031 2262 Sin
1076 2207 1274 2262 dixerit
1303 2223 1425 2263 esse
1479 2207 1534 2261 in
1568 2212 1704 2270 tota,
1748 2213 2027 2276 totamque

456 2300 766 2374 pervasisse
794 2301 1098 2364 materiam,
1132 2299 1408 2370 quomodo
1425 2313 1544 2355 eam
1563 2297 2025 2367 elaboravitUS)?

457 2389 693 2447 Net-esse
724 2399 809 2447 est
849 2391 993 2446 enim
1027 2399 1086 2446 ut
1119 2392 1386 2454 dicamus,
1430 2390 1600 2445 fuisse
1644 2388 1812 2443 Deum
1843 2388 2026 2457 aliquo

456 2486 620 2542 modo
643 2487 698 2540 in
733 2501 793 2541 se
823 2490 1122 2539 retractum
1152 2494 1230 2550 ut,
1256 2483 1633 2539 contractione
1681 2482 1844 2544 facta,
1879 2483 2024 2536 illam

457 2589 667 2653 partem
697 2587 1066 2649 componeret,
1095 2592 1125 2631 a
1151 2592 1258 2650 qua
1292 2593 1352 2633 se
1379 2576 1732 2641 retraxisset;
1761 2577 1843 2631 vel
1861 2576 2024 2630 etiam

458 2689 568 2728 una
602 2687 725 2727 cum
756 2671 980 2725 materia
1015 2669 1309 2736 efﬁnxisse,
1340 2683 1449 2722 non
1502 2668 1788 2723 habentem
1848 2667 2025 2721 locum

457 2781 567 2837 quo
589 2781 646 2820 se
669 2764 885 2820 interim
911 2762 1196 2833 reciperet.
1219 2759 1274 2814 Si
1301 2777 1428 2815 vero
1462 2762 1585 2831 quis
1615 2768 1826 2814 asserat
1859 2767 2026 2814 mate-

456 2857 598 2912 riam
629 2855 682 2908 in
715 2853 824 2908 Deo
856 2852 1028 2907 fuisse
1050 2891 1064 2915 ,
1099 2851 1350 2906 similiter
1382 2849 1778 2920 exquirendum
1805 2855 1974 2905 restat
2007 2867 2021 2903 :

459 2957 642 3002 utrum
675 2945 904 3009 scilicet,
941 2944 1090 3000 velut
1124 2944 1242 3012 ipso
1287 2943 1462 2998 diviso
1502 2957 1532 2995 a
1563 2957 1622 2996 se
1651 2942 1769 3011 ipso
1805 2941 1938 3012 (20),
1961 2955 2026 2996 ac

460 3039 606 3094 sicut
645 3037 963 3092 animalium
1005 3050 1202 3106 genera
1244 3033 1296 3087 in
1343 3047 1468 3088 aere
1510 3034 1814 3099 exsistunt;
1849 3032 2026 3087 diviso

2127 1843 2370 1916 ἐχώρησε
2399 1844 2489 1897 τὸν
2518 1843 2670 1899 Θεόν.
2707 1845 2769 1896 Εἰ
2793 1844 2850 1898 δὲ
2876 1845 2934 1897 ὲν
2959 1843 3109 1916 πάσῃ
3141 1839 3276 1904 εἶναι
3313 1842 3477 1912 λέγοι,
3510 1844 3606 1896 καὶ
3631 1843 3701 1896 δι’

2125 1936 2252 2007 ὅλης
2279 1937 2652 2009 κεχωρηκέναι
2702 1937 2803 2007 τῆς
2844 1936 2994 2008 ὕλης,
3028 1937 3144 2000 πῶς
3182 1936 3383 2009 ταύτην
3413 1935 3705 2006 ἐδημιούρ-

2125 2044 2261 2098 γησε
2293 2029 2571 2100 φρασάτω.
2591 2028 2824 2100 Ἀνάγκη
2860 2028 2968 2100 γὰρ
3001 2028 3260 2100 συστολὴν
3289 2046 3413 2089 τινα,
3437 2029 3530 2090 τοὺ
3561 2025 3708 2082 Θεοῦ

2126 2119 2326 2188 λέγειν,
2362 2115 2430 2192 ἦς
2455 2120 2750 2192 γενομένης
2779 2120 3128 2193 ἐδημιούργει
3162 2122 3336 2178 έκεῖνο
3360 2121 3452 2190 ἀφ’
3479 2116 3540 2174 οὗ
3568 2121 3706 2173 ὑπε-

2127 2213 2392 2284 χώρησεν,
2423 2212 2456 2285 il
2490 2213 2584 2266 καὶ
2613 2213 2772 2268 αὑτὸν
2825 2216 2891 2284 τῇ
2942 2212 3041 2284 ὕλῃ
3086 2211 3552 2284 συνδημιουργεῖν,
3602 2212 3706 2265 οὑκ

2127 2305 2318 2375 ἔχοντα
2347 2307 2746 2376 ὑποχωρήσεως
2775 2304 2958 2358 τόπον.
2993 2305 3056 2357 El
3088 2304 3146 2357 δὲ
3186 2305 3298 2375 τὴν.
3335 2304 3466 2376 ὕλην
3515 2306 3571 2359 ὲν
3623 2303 3707 2374 τῷ

2126 2397 2242 2467 Θεῷ
2280 2393 2415 2450 εἷναί
2459 2414 2541 2460 τις
2583 2396 2745 2460 λέξοι,
2769 2396 2968 2467 ὁμοίως
2996 2394 3266 2460 ἐξετάζειν
3311 2396 3421 2449 δεῖ·
3475 2396 3706 2467 πότερον

2125 2487 2201 2551 ὡς
2228 2487 2570 2557 διισταμένου
2596 2487 2758 2540 αὑτοῦ
2792 2488 2885 2552 ἀφ’
2908 2486 3122 2551 ἑαυτοῦ,
3153 2488 3244 2540 καὶ
3274 2486 3458 2558 ὥσπερ
3489 2489 3547 2542 ὲν
3579 2489 3707 2559 ἀέρι

2129 2579 2362 2650 ὑπάρχει
2408 2580 2563 2650 γένη,
2604 2578 2980 2650 διαιρουμένου
3009 2579 3102 2632 καὶ
3151 2579 3502 2651 μεριζομένου
3538 2579 3706 2633 αὕτοῦ

2127 2674 2207 2736 εἰς
2235 2671 2498 2742 ὑποδοχὴν
2527 2669 2633 2723 τῶν
2656 2671 2954 2740 γινομένων
2997 2673 3054 2724 ὲν
3105 2671 3326 2741 αὕτῷ,,ἢ
3355 2671 3430 2733 ὡς
3461 2673 3710 2744 ἐνκτόπῳ,

2125 2764 2422 2827 τουτέστιν,
2450 2762 2638 2834 ὥσπερ
2669 2763 2727 2815 ὲν
2755 2765 2823 2833 γῇ
2865 2761 3009 2832 ὕδωρ
3033 2779 3047 2792 ·
3082 2765 3129 2816 εἰ
3164 2763 3262 2833 μὲν
3292 2762 3399 2834 γὰρ
3432 2763 3707 2833 εἴποιμεν,

2128 2856 2202 2920 ὡς
2238 2857 2294 2909 ὲν
2325 2856 2468 2928 ἀέρι,
2507 2855 2764 2927 μεριστὸν
2806 2854 3019 2925 ἀνάγκη
3061 2853 3152 2908 τὸν
3193 2855 3324 2908 Θεὸν
3351 2856 3522 2908 ειπεϊν
3542 2871 3555 2884 ·
3585 2858 3634 2908 εἰ
3661 2856 3707 2909 δ’

2128 2946 2316 3019 ὥσπερ
2343 2951 2400 3000 ἐν
2428 2950 2499 3018 γῇ
2530 2946 2673 3018 ὕδωρ
2693 2963 2705 2977 ·
2732 2941 2799 3017 ἦν
2821 2947 2876 2999 δὲ
2898 2946 3129 3009 ἄτακτος
3159 2947 3191 3016 ἡ
3216 2945 3314 3017 ὕλη
3344 2947 3438 2999 καὶ
3457 2947 3714 3017 ἀκόσμη-

2130 3054 2244 3101 τος,
2291 3037 2423 3108 πρὸς
2453 3037 2510 3090 δὲ
2539 3036 2748 3100 τούτοις
2776 3035 2971 3106 έχουσα
3001 3036 3095 3089 καὶ
3122 3037 3268 3090 κακά
3293 3054 3305 3066 ·
3337 3037 3428 3090 τὸν
3459 3038 3592 3091 Θεὸν
3622 3039 3714 3092 λέ-

459 3131 582 3204 ipso
612 3137 870 3200 sectoque
911 3127 979 3182 ad
1022 3143 1085 3182 ea
1131 3124 1479 3197 suscipienda
1512 3139 1632 3195 quae.
1675 3125 1731 3179 in
1761 3139 1825 3180 eo
1851 3135 1978 3180 sunt
2008 3143 2020 3179 :

2134 3146 2243 3198 γειν
2264 3129 2474 3201 ἀνάγκη
2535 3129 2698 3182 τόπον
2731 3125 2868 3182 εἶναι
2894 3129 3218 3199 ἀκοσμήτων
3245 3129 3339 3182 καὶ
3363 3129 3469 3182 τῶν
3495 3132 3709 3185 κακῶν.

458 3225 546 3279 vel
579 3224 723 3278 sicut
770 3221 823 3274 in
875 3220 994 3274 loco
1041 3219 1145 3273 hoc
1194 3229 1298 3282 est,
1339 3234 1405 3272 eo
1435 3215 1597 3272 modo
1629 3232 1737 3288 quo
1783 3232 1922 3288 aqua
1971 3219 2027 3271 in

2134 3221 2307 3292 Ὅπερ
2351 3221 2451 3272 οὑκ
2500 3218 2744 3290 εὔφημον
2785 3215 2928 3271 εἶναι
2981 3235 3068 3289 μοι
3115 3217 3279 3282 δοκεῖ,
3313 3221 3612 3289 ἐπισφαλὲς
3654 3222 3712 3276 δὲ

461 3318 608 3366 terra
648 3319 752 3365 est.
789 3308 846 3362 Si
875 3309 1093 3378 quidem
1123 3323 1188 3363 eo
1217 3308 1379 3362 modo
1434 3308 1735 3364 dixerimus
1780 3323 1888 3378 quo
1939 3323 2029 3364 res

2135 3311 2537 3383 μᾶλλον.’Ύλην
2586 3311 2695 3382 γὰρ
2729 3306 2864 3364 εἶναι
2893 3310 3085 3375 θέλεις,
3132 3311 3217 3364 ἴνα
3266 3311 3340 3382 μὴ
3367 3293 3482 3366 τῶν»
3520 3315 3712 3367 κακῶν

464 3411 595 3460 sunt
622 3402 676 3455 in
703 3416 861 3466 aere;
888 3411 1108 3454 necesse
1131 3407 1237 3462 εει,
1257 3407 1316 3452 ut
1343 3398 1510 3453 Deum
1543 3397 1867 3452 divisibilem
1890 3397 2030 3451 dica-

2134 3405 2360 3474 ποιητὴν
2393 3405 2554 3477 εἴπῃς
2585 3404 2676 3456 τὸν
2710 3403 2842 3456 Θεόν
2861 3421 2874 3434 ’
2902 3405 2995 3456 καὶ
3020 3403 3177 3456 τοῦτο
3201 3407 3392 3472 φυγεῖν
3421 3408 3715 3478 προαιρού-

465 3512 610 3552 lnus.
647 3493 742 3549 Sin
774 3502 951 3548 autem
1000 3507 1066 3547 eo
1115 3491 1275 3547 modo
1303 3507 1413 3563 quo
1441 3507 1582 3562 aqua
1610 3498 1694 3546 est
1732 3490 1788 3544 in
1827 3497 1972 3544 terra
2015 3509 2026 3544 :

2137 3513 2314 3566 μενος,
2349 3495 2551 3565 δοχεῖον
2584 3495 2744 3547 αὑτὸν
2775 3494 2881 3547 τῶν
2909 3493 3093 3547 κακῶν
3126 3489 3264 3548 εἶναι
3289 3495 3485 3564 λέγεις.
3520 3498 3581 3550 El
3610 3499 3711 3568 μὲν

465 3601 591 3642 cum
618 3584 845 3640 materia
872 3582 1139 3655 indigesta
1157 3590 1304 3638 esset
1329 3589 1382 3636 et
1413 3581 1890 3652 incomposita;ad
1921 3581 2030 3634 haec

2134 3585 2245 3650 οὑν,
2271 3589 2369 3660 τὴν
2399 3587 2529 3658 ὕλην
2561 3587 2624 3639 ἐκ
2648 3585 2755 3639 τῶν
2789 3585 2901 3657 (‘21)
2937 3585 3282 3639 ὑποστάντων
3313 3585 3554 3657 γενητῶν
3583 3588 3716 3640 ὑπο-

465 3682 652 3745 etiam,
690 3679 834 3733 mala
863 3677 1205 3742 contineret;
1239 3675 1567 3729 necessitate
1627 3670 1937 3740 conﬁcitur,
1976 3680 2030 3727 ut

2134 3683 2289 3748 νοῶν,
2324 3680 2584 3751 ἀγένητον
2618 3679 2884 3749 ὑπάρχειν
2913 3678 3115 3746 ἔλεγες,
3141 3677 3306 3730 πολὺν
3335 3677 3400 3734 ἂν
3427 3679 3554 3750 περὶ
3581 3679 3715 3732 ταύ-

469 3825 584 3872 tum
625 3815 904 3877 extremis.
934 3829 1108 3884 eoque
1155 3813 1261 3867 illis
1297 3810 1464 3884 idem,
1498 3809 1779 3884 identitate
1828 3810 2037 3884 scilicet

469 3887 703 3960 par-tian
756 3887 808 3960 i_n
860 3894 994 3942 toto.
1021 3881 1222 3960 'Paulo
1248 3884 1406 3960 aliter
1445 3882 1709 3960 formatur
1737 3881 1850 3935 haec
1899 3882 2037 3960 ratio

470 3953 613 4029 apud
632 3955 882 4029 Photium
922 3977 949 4029 ;Δ
971 3964 1092 4029 post
1115 3954 1277 4009 verba
1307 3953 1450 4029 enim
1471 3968 1578 4029 non
1604 3953 1760 4029 longe
1786 3955 2037 4029 superius

468 4021 666 4101 posita,
704 4028 840 4101 ὅπερ
869 4021 1084 4101 καις-σὸν
1126 4024 1400 4101 χωρισμὸν
1441 4021 1618 4101 αὑτῶν
1647 4021 1883 4101 δεικνύει
1915 4042 1927 4076 :
1965 4023 2035 4101 i_ta

469 4091 669 4167 arguit,
691 4091 847 4150 τοῦτο
874 4097 952 4160 δὲ,
975 4096 1105 4167 ἤτοι
1123 4091 1319 4167 Iamsi)
1349 4094 1429 4156 ὃν,
1463 4094 1665 4167 ἥνωται
1694 4092 1907 4167 θατέρῳ
1933 4091 2038 4167 τῶν

467 4163 593 4224 δύό⁶
631 4169 723 4221 καὶ
756 4168 968 4237 ἀνάγκη
999 4163 1178 4237 ’πάλιν
1209 4164 1241 4235 ἢ
1288 4163 1544 4237 ένωσ-ινᾼῆ
1579 4163 1855 4237 χωρισμὸν
1905 4163 2039 4237 πρὸς

469 4241 531 4293 τὸ
563 4239 748 4308 ἕτερον
782 4233 1238 4308 ζητεῖν.Ἕνωσιν’
1258 4233 1367 4308 γὰρ
1411 4233 1670 4308 ἀᾷύνατον
1703 4233 1849 4308 ἰὸείνὶ
1883 4233 2040 4308 εἰπερ

472 4301 893 4378 θατέρῲξταυτὸν
915 4301 1051 4378 sive}
1077 4301 1435 4378 ua‘tjvdioeat
1461 4304 1694 4378 δέδοταιο
1719 4301 1910 4378 ἠνοῦτο

469 4369 740 4437 οὕτως’ἃν
770 4377 861 4428 καὶ
893 4377 953 4427 τὸ
984 4375 1042 4440 ἐξ
1066 4369 1259 4445 ἀρχῆς,
1287 4370 1331 4440 ᾧ
1359 4373 1553 4445 ταυτὸν
1581 4369 1714 4445 εἶναι
1742 4369 1905 4445 ’τοῦτο
1931 4369 2042 4445 eae-

2137 3817 2256 3891 [ὡς]
2284 3820 2340 3871 ὲν
2364 3816 2517 3891 μέρει
2545 3813 2801 3887 ἡνῶσθαι,
2837 3828 3031 3891 nempe
3073 3811 3241 3891 Deum
3267 3813 3410 3891 uniri
3443 3813 3529 3867 vel
3557 3821 3624 3891 ut_
3653 3814 3709 3870 in

2138 3866 2336 3958 suis;
2364 3866 2741 3958 ῗὲὶζιιϊῇᾴέέ
2770 3866 3277 3958 άηίίι-ιπτιέειι-ιίῑεει
3308 3866 3711 3958 inemptas;

2139 3954 2215 4014 iio
2248 3959 2316 4014 ab
2344 3958 2514 4012 altero
2543 3954 2704 4010 modo
2735 3955 2975 4018 unionis,
3015 3969 3112 4024 per
3155 3954 3373 4008 modum
3416 3955 3656 4022 contigui
3691 3975 3704 4009 :

2139 4031 2409 4098 loeatique
2432 4034 2486 4083 et
2517 4027 2620 4082 loci
2654 4045 2667 4080 :
2708 4041 2828 4096 quae
2857 4035 2911 4080 et
2951 4026 3067 4094 ipsa
3099 4025 3166 4079 ad
3195 4025 3468 4079 hominem
3510 4039 3709 4094 proce-

2139 4100 2241 4154 tlit.

2213 4167 2324 4237 (l9)
2365 4166 2638 4234 Quomodo
2670 4183 2786 4220 eam
2829 4164 3156 4237 elaboravit?
3183 4162 3306 4228 Πῶς
3344 4161 3541 4231 ταύτην
3580 4163 3702 4235 ἐδη-

2143 4235 2462 4310 μιούργησε,
2482 4237 2838 4310 similitudine
2866 4235 3154 4310 artilicurn,
3183 4250 3320 4304 quos
3345 4239 3553 4303 Oportet
3581 4249 3709 4288 esse

2143 4306 2390 4362 nomiihil
2422 4310 2541 4362 loco
2573 4307 2839 4362 discretos
2868 4323 2897 4360 a
2930 4306 3157 4360 materia
3187 4320 3347 4374 quam
3372 4314 3711 4372 componunt

2141 4387 2196 4434 et
2244 4380 2558 4448 perficiunt;
2606 4380 2687 4432 sic
2728 4377 3106 4448 Archimedes
3155 4375 3472 4448 nonnullum
3523 4375 3709 4448 locum

472 4448 559 4518 οη.
585 4447 646 4518 ΕΞ
677 4445 733 4497 δὲ
763 4441 1338 4518 κεχωρίσθαιςάπαιτεί
1363 4443 1391 4494 ὁ
1415 4442 1777 4518 λύγος-πάλιν
1797 4441 1861 4493 ’τὸ
1879 4442 2030 4518 χωρξι

2144 4441 2295 4504 extra
2322 4441 2636 4504 universum
2667 4447 2962 4518 quaerebat,
3015 4446 3108 4518 toti
3153 4446 3231 4518 illi
3278 4445 3472 4518 cientlo
3502 4453 3558 4498 ει
3582 4446 3714 4518 sede

472 4511 564 4584 ζον
587 4511 932 4586 ἀπαιτητέον,
955 4516 1058 4581 ’ἐως
1078 4514 1143 4568 ἂν
1169 4513 1562 4586 ἀπείρωνῂἡμίν
1583 4513 1856 4580 ἀγενήτων
1876 4511 2040 4581 ἐσμὸς

470 4581 744 4659 ἀναφανῇ.
779 4581 888 4659 ἰξξο
920 4586 1000 4642 sie
1030 4581 1312 4659 redderem
1339 4601 1352 4638 :
1381 4581 1493 4659 nos
1521 4591 1694 4659 autem
1724 4588 1936 4659 (nempe
1957 4597 2041 4659 se-

472 4651 865 4730 parzinsfvelut
902 4655 1039 4728 quod
1067 4657 1134 4710 sit
1168 4653 1303 4707 idem
1340 4653 1494 4730 alteri
1525 4657 1778 4715 duorum,
1820 4651 1900 4704 illi
1931 4653 2044 4730 uni-

473 4722 584 4783 ium
606 4722 688 4782 est
707 4744 726 4782 .'
768 4722 1078 4796 rursumque
1101 4742 1304 4780 necesse
1321 4725 1420 4778 erit
1441 4739 1670 4796 quwrefe
1703 4733 1794 4775 aut
1824 4722 2043 4796 conjun-

470 4801 693 4857 ctionem
743 4809 836 4852 aut
883 4793 1263 4867 separationem
1298 4796 1362 4849 ab
1395 4795 1580 4867 altera.
1613 4793 1865 4848 Unionem
1901 4795 2040 4846 enim

473 4872 665 4934 ridere,
698 4865 1019 4938 impossibile
1051 4869 1232 4938 fuerit,
1255 4869 1301 4920 si
1345 4865 1553 4936 quidem
1602 4879 1901 4938 concessum
1943 4873 2038 4938 est,

472 4959 583 4999 esse
620 4935 915 4996 idem-cum
958 4935 1146 5002 altero,
1178 4949 1225 4993 et
1264 4935 1602 4991 illi’unitum.
1631 4935 1719 4990 Sic
1753 4939 1889 4989 enim
1920 4935 2043 4987 uni-

475 5023 622 5068 retur
667 5013 825 5066 etiam
867 5012 1097 5079 primum
1139 5009 1294 5070 illud,
1321 5025 1435 5061 cum
1462 5024 1562 5078 quo
1594 5006 1736 5058 istud
1772 5005 1907 5060 idem
1931 5021 2042 5059 esse

474 5099 778 5138 concessum
798 5082 919 5151 fuit.
957 5079 1108 5146 Quod
1136 5081 1181 5133 si
1213 5081 1348 5132 ratio
1381 5079 1893 5151 docet-separatum;
1917 5091 2037 5128 rur-

473 5171 564 5210 sus
594 5146 934 5224 quwrenduni
962 5162 1036 5206 est
1072 5167 1172 5224 quo
1196 5146 1682 5224 separetur,_donec
1710 5149 2042 5224 inﬁnitarum

472 5218 822 5294 ingenuorum
849 5222 996 5277 nobis
1025 5218 1175 5290 copia
1206 5218 1469 5294 occurrat.
1496 5218 1590 5294 Est
1624 5221 1736 5294 haec
1769 5219 1929 5294 ratio_
1949 5233 2038 5272 sa-

473 5288 551 5350 tis
576 5295 747 5351 facilis
776 5301 829 5348 et
855 5288 1198 5360 consequens
1228 5310 1240 5346 :
1280 5288 1561 5360 n'isi_quod
1609 5291 1808 5359 ubique
1862 5288 2042 5342 minus

476 5367 829 5435 probabiliter
858 5359 1071 5420 videtur
1095 5359 1706 5435 supponere,’d_istin_gu_i
1738 5359 1916 5435 aliqua
1949 5373 2045 5435 ηε-

476 5429 737 5496 cessario,
769 5449 878 5489 non
913 5450 971 5490 se
1001 5429 1284 5504 ipsisfsed
1317 5448 1410 5502 per
1442 5433 1568 5504 alia.
1601 5429 1750 5486 Valet
1777 5429 2046 5504 nihilomi-

477 5519 583 5560 nus
614 5504 703 5557 illa
735 5505 802 5559 ad
835 5501 1128 5568 hominem,
1159 5512 1214 5560 et
1243 5501 1523 5573 supposita
1562 5517 1747 5557 crassa
1769 5501 1867 5573 illa
1898 5501 2043 5555 testi-

478 5575 717 5634 matione
749 5576 816 5629 de
845 5573 976 5637 Deo,
1014 5574 1067 5626 in
1099 5589 1204 5643 qua
1231 5570 1387 5628 erant
1417 5570 1804 5627 Valentiniani.

549 5645 660 5714 (l8)
711 5644 787 5698 Ac
817 5659 975 5714 neque
1002 5640 1214 5714 rursum
1239 5645 1392 5714 ambo
1423 5652 1483 5714 ut
1505 5651 1680 5710 partes
1710 5642 1870 5714 uniri.
1901 5640 2041 5714 Μῄτ¹

481 5709 757 5785 «audiui,
788 5715 862 5779 ὼς
889 5709 1024 5784 μέρη
1049 5711 1283 5782 ἡνῶσθαι
1333 5713 1616 5779 Photiuia,
1647 5712 1764 5785 μηδ’
1784 5709 1850 5768 αὖ
1886 5711 2041 5766 πάλιν

2143 4520 2428 4574 movendo.
2462 4515 2734 4589 Interprés
2781 4517 2983 4588 passim
3039 4517 3105 4568 τὸ
3147 4516 3497 4589 δημιουργεῖν
3533 4515 3710 4589 reddit

2141 4606 2339 4654 creare,
2371 4590 2516 4659 quod
2551 4585 2655 4642 hoc
2674 4585 2804 4659 loco
2830 4603 2936 4659 non
2971 4585 3241 4656 congruit,
3272 4585 3366 4659 ubi
3413 4587 3593 4654 agitur
3643 4586 3713 4639 de

2143 4655 2466 4714 formatione
2495 4658 2754 4725 materias,
2787 4657 3047 4711 adversus
3073 4655 3168 4712 eos
3193 4655 3488 4724 qui'ipsam
3519 4671 3548 4707 a
3574 4670 3635 4708 se
3658 4665 3712 4708 et

2143 4730 2436 4800 ingenitam
2470 4729 2742 4783 dicebant.
2774 4727 2840 4800 Ut
2866 4742 2994 4796 ergo
3029 4742 3136 4800 non
3162 4727 3384 4780 tulerint
3421 4740 3606 4800 aures,
3656 4734 3714 4780 ut

2146 4795 2299 4854 faber
2337 4800 2553 4856 dicatur
2577 4815 2761 4854 creare
2792 4795 3018 4857 ferrum,
3054 4799 3126 4850 ita
3159 4812 3333 4866 neque
3363 4803 3422 4850 ut
3451 4795 3619 4861 Deus,
3648 4811 3714 4850 eo

2144 4886 2331 4932 sensu,
2358 4870 2572 4925 dicatur
2601 4883 2787 4924 creare
2817 4867 3123 4922 materiam.

2214 4941 2324 5011 (20)
2372 4940 2516 4994 Velut
2545 4940 2656 5008 ipso
2677 4939 2845 4993 diviso
2874 4955 2986 5011 asc
3007 4940 3136 5011 ipso.
3154 4935 3312 4992 Velut
3334 4937 3388 4990 in
3413 4935 3718 5011 loco_com-_-

2143 5006 2377 5064 muniet
2404 5006 2644 5080 proprio,
2682 5010 2971 5080 ut_quovis
3004 5009 3163 5062 modo
3197 5016 3460 5080 sequatur
3504 5006 3712 5080 aliquid

2144 5078 2727 5135 absonum—veldivisio
2745 5078 2871 5146 Dei;
2897 5079 2977 5132 vel
3004 5080 3208 5148 indigni
3232 5089 3286 5133 et
3307 5079 3506 5146 turpis.
3531 5094 3632 5132 ceu
3656 5078 3712 5130 in

2144 5167 2271 5206 vase
2295 5159 2348 5206 et
2373 5152 2491 5205 loco
2516 5151 2755 5220 proprio,
2780 5149 3137 5220 continentia,
3157 5163 3280 5203 cum
3311 5149 3512 5220 probro
3537 5149 3716 5220 conti-

2142 5222 2332 5282 nentis
2362 5241 2374 5275 :
2413 5221 2554 5275 unde
2583 5219 2726 5291 quod
2765 5221 3011 5291 sequitur
3041 5219 3074 5290 ἢ
3110 5219 3185 5282 ὡς
3209 5220 3264 5291 ὲν
3295 5219 3464 5288 τόπῳ,
3497 5219 3716 5291 ridetur

2145 5292 2503 5363 supplendum
2529 5289 2712 5346 addito
2743 5289 2875 5361 ἰδίῳ,
2917 5291 3029 5363 nisi
3055 5289 3340 5363 legendum
3369 5298 3452 5344 est
3485 5289 3715 5361 ἀγγείῳ,

2145 5361 2303 5433 cujus
2328 5362 2675 5418 continentiae
2717 5361 3022 5433 exemplum
3050 5361 3230 5433 statim
3260 5361 3315 5414 in
3351 5369 3495 5413 terra
3525 5369 3716 5429 ponat,

2145 5430 2247 5489 hoc
2270 5442 2373 5498 est,
2399 5447 2527 5486 vase
2547 5440 2726 5486 terreo
2754 5440 2807 5485 et
2829 5431 2978 5484 fictili
3011 5430 3323 5485 continente
3338 5447 3538 5501 aquam
3571 5449 3584 5484 :
3611 5447 3719 5501 qua

2145 5504 2500 5563 continentia.
2520 5517 2616 5557 vas
2644 5501 2866 5568 dicitur,
2883 5502 2967 5555 vel
2991 5502 3047 5558 in
3076 5501 3358 5566 honorem,
3389 5500 3471 5556 vel
3504 5500 3560 5554 in
3584 5500 3719 5556 cen-

2145 5575 2445 5635 tumeliam,
2479 5573 2498 5626 ι
2532 5572 2674 5628 Tim.
2705 5575 2764 5626 n.’

2217 5646 2329 5717 (2|)
2383 5646 2436 5697 Ἐ
2442 5663 2475 5698 κ
2498 5642 2634 5700 τῶν.
2677 5641 2835 5698 Forte
2857 5640 2960 5708 ἔξω
2988 5641 3117 5696 τῶν.
