3972 6212
303 292 419 348 εδδ

1469 297 1596 353 LIB.
1638 298 1728 354 DE
1759 297 2014 356 LiBERO
2048 297 2398 355 ARBITRIO.
3278 263 3296 284 ’
3440 307 3548 365 εει

301 429 410 483 της
438 410 778 483 ἐποιησάμην
801 412 955 482 λόγον
983 415 1062 479 είς
1089 415 1361 483 ἀπόδειξιν
1395 419 1487 472 τοῦ
1512 421 1593 473 ὅτι
1621 415 1878 476 ἀδύνατον

1993 421 2171 488 Deum,
2206 422 2384 476 locum
2415 419 2662 476 dicamus
2692 419 2805 494 (ει)
2837 423 3327 496 incompositorum
3356 433 3412 481 et
3434 433 3552 481 tur-

305 504 571 575 ὑπάρχειν
616 505 786 577 αὐτὴν
837 507 1131 578 ἀγένητον’
1167 511 1288 563 ἐπεὶ
1316 511 1374 564 δὲ
1398 512 1496 584 τὴν
1536 512 1642 566 τῶν
1689 515 1874 568 κακῶν

303 597 516 664 γένεσιν
544 595 724 648 αίτίαν
757 598 862 668 φῂς
901 594 1037 652 εἶναι
1069 600 1171 670 τῆς
1207 601 1457 674 τοιαύτης
1484 603 1753 667 ὑπονοίας,
1786 603 1874 657 διὰ

297 686 457 740 τοῦτο
488 688 580 740 ἐπὶ
614 687 709 758 τὴν
759 688 1001 753 ἐξέτασιν
1046 690 1248 746 τούτων
1291 692 1540 765 ἔρχεσθαί
1588 713 1678 767 μοι
1708 696 1872 752 δοκεῖ.

295 778 539 849 Φανεροῦ
588 779 699 851 γὰρ
752 782 1035 853 γινομένου
1067 783 1161 838 τοῦ
1191 785 1372 854 λόγου,
1416 787 1537 842 καθ’
1565 788 1624 842 ὃν
1679 790 1878 860 τρόπον

297 871 419 923 ἐστὶ
464 872 530 924 τὰ
577 873 740 936 κακὰ,
770 876 864 928 καὶ
902 876 982 929 ὅτι
1008 876 1104 946 οὐχ
1131 870 1240 931 οἷόν
1264 895 1324 930 τε
1366 879 1514 932 ἐστὶν
1553 881 1724 934 αἴτιον
1769 880 1878 935 τῶν

302 963 490 1015 κακῶν
520 966 696 1018 εἰπεῖν
723 965 814 1018 τὸν
846 966 999 1031 Θεὸν,
1022 969 1086 1021 ἐκ
1124 967 1216 1021 τοῦ
1265 968 1394 1040 ὓλην
1453 969 1599 1040 αὐτῷ
1624 969 1878 1024 ὑποτιθὲ-

299 1069 387 1106 ναι
417 1053 517 1124 τὴν
557 1055 812 1126 τοιαύτην
850 1057 1124 1123 ὑπόνοιαν,
1169 1059 1505 1130 ἀναιρεῖσθαί
1557 1077 1646 1130 μοι
1694 1060 1875 1114 δοκεῖ·

298 1146 402 1208 ὅτι,
435 1147 484 1198 ει
534 1147 634 1211 τὰς
680 1150 970 1221 ποιότητας
1030 1152 1103 1224 μὴ
1152 1152 1318 1216 οὑσας
1368 1153 1797 1226 ἐδημιούργησεν
1850 1157 1878 1208 6

297 1234 454 1301 Θεὸς,
480 1239 573 1292 καὶ
598 1238 700 1304 τὰς
733 1241 918 1305 οὐσίας
948 1243 1166 1313 ὁμοίως.
1197 1245 1306 1315 Φῄς
1325 1244 1502 1298 τοίνυν
1526 1244 1715 1298 ἄποιον
1746 1244 1878 1315 ὕλην

251 1341 274 1416 ί
299 1330 667 1400 συνυπάρχειν
707 1331 785 1403 τῷ
814 1333 955 1404 Θεῷ,
982 1335 1040 1402 ἐξ
1075 1331 1143 1407 ἦς
1172 1336 1271 1407 τὴν
1298 1335 1393 1389 τοῦ
1423 1335 1626 1407 κόσμου
1667 1335 1878 1406 γένεσιν

298 1419 732 1492 ἐδημιούργησεν
748 1441 763 1490 ;

1980 515 2150 585 pium,
2186 522 2361 584 atque
2388 513 2654 566 malorum
2689 533 2704 567 :
2735 516 2877 584 quod
2927 517 3108 572 minus
3164 516 3362 573 decens
3418 519 3551 573 mihi

1984 607 2216 669 videtur,
2239 607 2371 677 quin
2404 606 2566 658 etiam
2586 605 2972 676 periculosum.
3005 606 3139 661 Nam
3170 607 3293 663 ideo
3320 610 3402 665 vis
3428 625 3552 666 esse

1983 696 2292 762 materiam,
2337 702 2394 750 ut
2423 710 2491 750 ne
2529 693 2696 749 Deum
2731 696 2994 750 malorum
3017 706 3294 752 auctorem
3319 697 3553 752 aliirma-

1982 787 2169 842 veris:
2204 801 2438 856 cumque
2480 785 2585 839 hoc
2634 786 2772 840 velis
2828 801 3043 852 cavere,
3096 795 3364 842 malorum
3420 803 3553 843 con-

1981 879 2347 948 ceptaculum,
2378 893 2503 932 eum
2539 878 2698 933 dicis.
2748 877 2908 944 Quod
2968 879 3014 934 si
3067 881 3346 934 materiam
3397 889 3553 935 extra

1981 970 2334 1026 subsistentia
2387 978 2571 1024 creata
2617 969 2960 1033 existimans,
2990 970 3286 1026 increatam
3318 971 3552 1026 dixisses

1983 1062 2270 1128 exsistere,
2285 1061 2492 1130 imultis
2510 1060 2577 1115 de
2597 1076 2659 1116 ea
2685 1062 2902 1116 locutus
2917 1077 3116 1129 essent,
3141 1063 3417 1133 probando
3444 1080 3553 1118 non

1984 1169 2147 1224 posse
2179 1153 2318 1217 ﬁeri,
2347 1161 2409 1208 ut
2432 1168 2496 1208 ea
2531 1154 2772 1209 increata
2813 1155 2904 1210 sit.
2934 1153 3072 1220 Quia
3108 1170 3235 1210 vero
3285 1157 3552 1211 malorum

1984 1251 2186 1310 ortum,
2244 1245 2579 1314 ejuscemodi
2624 1246 2899 1316 opinionis
2939 1245 3082 1302 dicis
3119 1261 3371 1313 causam,
3428 1263 3556 1318 pro-

1984 1343 2168 1406 pterea
2189 1335 2366 1390 visum
2396 1344 2502 1402 est,
2528 1347 2586 1390 ut
2619 1335 2686 1390 ad
2718 1339 2945 1392 istorum
2965 1351 3192 1391 examen
3216 1339 3550 1408 progrediar.

1983 1427 2272 1483 Declarato
2294 1428 2460 1490 enim,
2481 1427 2757 1496 quomodo
2789 1430 2922 1482 [iant
2949 1430 3112 1493 mala,
3135 1429 3387 1499 quodque
3414 1428 3556 1484 Deus

295 1515 569 1569 malorum
609 1527 803 1572 auctor
832 1518 938 1576 dici
994 1531 1249 1593 nequeat,
1312 1531 1634 1594 suggerente
1695 1523 1922 1580 materia
1975 1522 2246 1592 ejusmodi
2301 1523 2634 1593 opinionem,
2673 1524 2804 1578 mihi
2855 1523 3052 1579 conﬁci
3106 1525 3339 1590 videtur,
3395 1534 3454 1580 ut
3505 1525 3555 1581 si

296 1602 446 1661 Deus
473 1608 766 1676 qualitates
799 1627 920 1682 quae
947 1629 1056 1668 non
1078 1621 1255 1679 erant,
1273 1615 1499 1680 creavit,
1527 1615 1692 1670 simili
1713 1615 1878 1671 etiam
1903 1615 2120 1670 ratione
2154 1615 2496 1671 substantias
2539 1615 2760 1672 crearit.
2797 1614 2918 1669 Ain‘
2948 1630 3078 1686 ergo
3136 1619 3419 1672 materiam
3459 1633 3558 1672 nu-

295 1701 425 1756 dam
457 1705 721 1773 qualitate
750 1716 802 1764 et
826 1709 1139 1778 informem,
1159 1711 1268 1769 Deo
1290 1713 1732 1779 coexsistere,ex
1762 1727 1868 1784 qua
1902 1711 2162 1766 mundum
2193 1711 2501 1767 creaverit?

371 1795 576 1849 ΟΥΑΛ.
619 1797 774 1853 Οῦτω
805 1819 896 1871 μοι
925 1803 1092 1857 δοκεῖ.

367 1887 601 1941 ΟΡΘΟΔ.
650 1891 858 1945 Οὐκοῦν
915 1896 963 1947 εἰ
1005 1894 1194 1960 ἄποιος
1228 1895 1520 1967 ἐτύγχανεν
1548 1898 1582 1968 ἡ
1609 1896 1732 1969 ὕλη,
1783 1896 1878 1965 γέ-

289 1992 423 2042 γονε
455 1977 513 2031 δὲ
560 1979 764 2051 κόσμος
798 1984 933 2056 πρὸς
971 1986 1064 2040 τοῦ
1087 1987 1263 2062 Θεοῦ,
1296 1989 1356 2041 ὲν
1403 1988 1460 2042 δὲ
1501 1988 1579 2060 τῷ
1610 1989 1798 2060 κόσμῳ
1825 1991 1882 2044 αί

289 2071 613 2142 ποιότητες-ο
641 2075 750 2130 τῶν
775 2082 1072 2152 ποιοτήτων
1106 2082 1294 2152 γέγονε
1324 2081 1553 2155 ποιητὴς
1583 2086 1612 2137 6
1630 2083 1780 2147 Θεός.

371 2261 574 2319 υΥΔΛ.
621 2263 808 2328 Οὕτως
831 2265 966 2336 ἔχει.

370 2356 606 2410 ΟΡΘΟΔ.
662 2357 813 2409 Ἐπεὶ
850 2357 904 2409 δέ
938 2373 1031 2410 σου
1075 2357 1169 2412 καὶ
1199 2356 1447 2426 λέγοντος
1474 2356 1708 2429 πρόσθεν
1728 2359 1884 2430 ἧκουο

287 2467 380 2511 ον,
403 2449 480 2514 ὡς
506 2449 764 2504 ἀδύνατον
798 2450 857 2514 ἐξ
881 2451 979 2503 οὐκ
1010 2449 1178 2503 ὄντων
1202 2449 1448 2518 γίνεσθαί
1474 2466 1544 2514 τι,
1582 2449 1717 2523 πρὸς
1743 2448 1881 2521 ἐρώ-

289 2559 456 2612 τησιν
490 2543 781 2615 ἀπόκριναι
810 2542 908 2614 τὴν
939 2543 1104 2614 ἐμήν·
1138 2541 1284 2596 δοκεῖ
1318 2560 1399 2596 σοι
1432 2541 1531 2606 τὰς
1555 2542 1650 2596 τοῦ
1676 2543 1882 2614 κόσμου

294 2635 592 2704 ποιότητας
624 2634 699 2706 μὴ
733 2636 790 2702 ἐξ
827 2635 1200 2705 ὑποκειμένων
1230 2636 1526 2707 ποιοτήτων
1568 2635 1880 2705 γεγονέναις

367 2726 575 2779 οΥΛΛ.
605 2728 780 2779 Δοκεῖ.

368 2815 610 2870 ΟΡΘΟΔ.
650 2818 875 2890 Ἕτερον
903 2817 960 2871 δέ
993 2835 1048 2872 τι
1081 2817 1232 2890 παρὰ
1269 2818 1369 2883 τὰς
1404 2819 1590 2884 οὐσίας
1618 2819 1886 2892 ὑπάρχειν

295 2922 467 2968 αὐτας
487 2923 502 2970 ;

371 3000 578 3052 ΟΥΑΛ.
616 2999 801 3064 Οὕτως
834 3001 969 3072 ἔχει.

369 3092 610 3143 ΟΡΘΟΔ.
661 3092 868 3146 Οὐκοῦν
908 3095 957 3146 εί
999 3093 1136 3164 μήτε
1166 3091 1227 3157 ἐξ
1269 3091 1643 3164 ὑποκειμένων
1671 3097 1884 3167 ποιοτή-

298 3199 408 3236 των
440 3184 544 3245 τὰς
585 3183 871 3255 ποιότητας
903 3161 1334 3257 ἐδημιούργησεν
1379 3187 1408 3238 ὁ
1443 3161 1607 3252 Θεὸς,
1649 3188 1786 3259 μήτε
1818 3161 1882 3242 ὲνκ
1909 3161 1950 3220 C

293 3273 409 3328 τῶν
438 3274 637 3328 οὐσιῶν
677 3276 999 3348 ὑπάρχουσι,
1027 3277 1105 3348 τῷ
1141 3276 1275 3348 μηδὲ
1300 3277 1486 3342 οὐσίας
1517 3279 1684 3343 αὐτὰς
1712 3277 1848 3333 εἶναι
1866 3296 1880 3309 ·

297 3367 366 3420 ὲκ
422 3368 496 3438 μὴ
551 3369 718 3423 ὅντων
777 3369 947 3434 αὐτὰς
993 3370 1098 3423 ὑπὸ
1159 3371 1294 3425 Θεοῦ
1340 3371 1618 3440 γεγονέναι
1673 3373 1884 3444 ἀνάγκη

291 3459 497 3512 εἰπεῖν.
537 3460 698 3513 Ὅθεν
741 3461 1008 3533 περιττῶς
1037 3461 1240 3528 ἐδόκεις
1272 3481 1362 3535 μοι
1392 3463 1595 3533 λέγειν,
1628 3463 1885 3518 ἀδύνατον

289 3549 545 3615 δοξάζειν
585 3551 644 3617 ἐξ
674 3551 774 3604 οὐκ
794 3551 959 3604 ὄντων
989 3553 1269 3620 γεγονέναι
1308 3572 1360 3607 τι
1397 3555 1532 3626 πρὸς
1572 3555 1668 3608 τοῦ
1721 3555 1880 3608 Θεοῦ.

305 3644 453 3698 Ἀλλ’
504 3644 532 3696 6
569 3645 665 3714 μὲν
699 3644 824 3717 περὶ
853 3644 1045 3697 τούτου
1075 3644 1231 3713 λόγος
1259 3639 1360 3700 ὧδε
1395 3647 1584 3718 ἐχέτω.
1624 3648 1732 3700 Καὶ
1772 3648 1881 3721 γὰρ

289 3740 433 3808 παρ’
457 3739 589 3808 ἡμῖν
611 3737 824 3809 ὁρῶμεν
855 3737 1172 3810 ἀνθρώπους
1199 3738 1256 3805 ἐξ
1285 3740 1384 3794 οὐκ
1409 3740 1576 3794 ὅντων
1597 3739 1883 3805 ποιοῦντάς

289 3845 441 3891 τινα,
479 3830 527 3880 εί
577 3830 669 3882 κα)⁸
723 3829 789 3883 τὰ
825 3829 1058 3901 μάλιστα
1107 3830 1355 3884 δοκοῦσιν
1405 3824 1549 3886 οὗτοι
1602 3837 1773 3887 ποιεῖν
1822 3835 1882 3890 ἐν

291 3938 427 3975 τινι.
473 3917 598 3975 Οἷον
625 3922 716 3975 ἐπὶ
753 3921 859 3975 τῶν
891 3923 1289 3994 ἀρχιτεκτόνων
1319 3924 1378 3978 τὸ
1411 3927 1758 3998 παράδειγμα
1791 3927 1884 3981 λά-

295 4014 488 4087 ϐωμεν
508 4031 525 4045 ⁸
561 4015 656 4068 καὶ
687 4015 794 4089 γὰρ
814 4009 958 4069 οὗτοι
989 4016 1199 4070 ποιοῦσι
1223 4017 1410 4080 πόλεις
1444 4019 1544 4072 οὐκ
1566 4020 1631 4071 ὲκ
1655 4019 1879 4084 πόλεων,

298 4107 398 4170 καὶ
427 4109 595 4172 ναοὺς
620 4107 818 4178 ὁμοίως
841 4109 941 4162 οὐκ
974 4111 1038 4161 ὲκ
1065 4107 1206 4162 ναῶν
1231 4107 1365 4172 (22).
1415 4109 1670 4178 Ἆτελής.

659 4227 885 4279 ΛΟΙΠΑ
936 4228 1038 4281 ΕΚ
1078 4229 1217 4282 ΤΩΝ
1249 4227 1529 4281 ΦΩΤΙΟΥ.

1914 1812 1957 1866 Β
2052 1803 2210 1860 VAL.
2249 1805 2324 1858 Ita
2355 1805 2488 1859 mihi
2526 1805 2758 1862 videtur.

2052 1895 2262 1951 ORTH.
2292 1895 2435 1966 Ergo
2471 1897 2516 1952 si
2550 1899 2775 1952 materia
2821 1897 2944 1953 sine»
2971 1898 3234 1968 qualitate
3282 1906 3336 1953 et
3380 1897 3556 1952 in-for.

1981 1990 2086 2045 mis
2116 1988 2253 2056 fuit,
2289 1989 2527 2046 mundus
2556 2006 2685 2045 vero
2716 1990 2892 2046 factus
2921 1999 3002 2046 est
3031 2007 3062 2045 a
3093 1990 3233 2058 Deo;
3271 1991 3324 2046 in
3351 1993 3556 2048 mundo

1982 2087 2162 2136 autem
2192 2089 2320 2137 sunt
2350 2082 2670 2152 qualitates;
2707 2083 2893 2154 utique
2931 2082 3252 2154 qualitatum
3302 2082 3557 2138 conditor

1981 2171 2086 2228 fuit
2109 2172 2272 2229 Deus.

2055 2262 2213 2318 VAL.
2237 2265 2316 2319 lta
2347 2274 2452 2321 est.

2055 2354 2264 2412 ORTH.
2315 2356 2455 2423 Quia
2516 2371 2681 2428 porro
2737 2359 2796 2411 in
2852 2356 3230 2428 superioribus
3283 2357 3555 2413 dicentem

1983 2449 2190 2514 audivi,
2216 2464 2324 2504 non
2353 2464 2515 2520 posse
2555 2450 2761 2520 aliquid
2791 2466 2857 2506 ex
2907 2450 3080 2505 nihilo
3111 2449 3248 2514 ﬁeri,
3286 2449 3557 2520 responde

1983 2541 2052 2597 ad
2083 2557 2259 2596 meam
2308 2543 2666 2612 qumstionem
2701 2538 3079 2599 :Videnturne
3127 2544 3224 2597 tibi
3267 2543 3556 2612 qualitates

1982 2633 2195 2697 mundi,
2221 2649 2289 2689 ex
2322 2649 2432 2687 non
2465 2633 2727 2704 subjectis
2760 2633 3118 2704 qualitatibus
3148 2633 3345 2689 factae?

2052 2725 2208 2780 VAL.
2253 2723 2542 2780 Videntur.

2053 2815 2264 2872 ORTtl.
2315 2816 2380 2870 Et
2424 2817 2524 2872 has
2571 2832 2694 2872 esse
2731 2815 2939 2890 aliquid
2974 2816 3122 2872 aliud
3164 2831 3194 2871 a
3249 2816 3558 2884 substantia

1983 2909 2314 2964 existimas?

2056 3002 2213 3057 VAL.
2256 3003 2357 3066 Ita,
2389 3001 2558 3057 aliud.

2055 3093 2269 3149 OBTH.
2313 3095 2450 3149 Cum
2486 3107 2618 3164 ergo
2653 3093 2796 3150 Deus
2817 3092 3112 3164 qualitates
3134 3107 3201 3147 ex
3231 3107 3340 3146 non
3371 3090 3556 3160 subje-

1985 3184 2089 3240 ctis
2120 3185 2474 3255 qualitatibus
2512 3186 2860 3254 condiderit,
2893 3201 2993 3240 nec
3029 3185 3134 3239 illae
3181 3184 3289 3240 sint
3313 3183 3467 3238 facta:
3485 3196 3554 3237 ex

1983 3278 2472 3343 substantiis,cum
2505 3295 2614 3332 non
2649 3278 3105 3334 sintsubstantiae
3137 3296 3150 3332 :
3182 3292 3406 3332 necesse
3451 3275 3558 3331 erit

1983 3367 2186 3432 dicere,
2225 3369 2348 3424 illas
2373 3383 2438 3423 ex
2484 3369 2656 3423 nihilo
2709 3367 2887 3438 ομ)θο
2933 3376 3145 3423 creatas
3180 3381 3323 3426 esse.
3378 3365 3558 3432 Quare

1981 3463 2256 3520 videbaris
2306 3463 2579 3532 superﬂue
2638 3463 2820 3518 dicere
2852 3478 2976 3518 esse
3024 3461 3378 3532 inopinabile,
3415 3459 3562 3530 quod

1984 3557 2128 3612 Deus
2158 3556 2363 3627 aliquid
2416 3571 2481 3611 ex
2534 3557 2705 3611 nihilo
2753 3556 3040 3611 creaverit.
3071 3555 3362 3609 Enimvero
3393 3569 3453 3609 ea
3488 3553 3560 3607 sit

1987 3649 2106 3720 ejus
2130 3649 2208 3704 rei
2247 3646 2472 3703 decisio.
2501 3645 2634 3702 Nam
2666 3647 2830 3702 etiam
2861 3646 3002 3716 apud
3039 3662 3158 3711 nos,
3193 3645 3438 3716 quaedam
3473 3645 3558 3700 vi-

1987 3743 2178 3799 demus
2225 3741 2506 3795 hominum
2547 3754 2715 3810 opera
2761 3738 2878 3794 tieri
2924 3752 2990 3791 ex
3025 3737 3217 3802 nihilo,
3249 3750 3558 3806 quanquam

1988 3833 2093 3904 ipsi
2157 3832 2392 3888 maxime
2445 3830 2733 3886 videantur
2783 3829 2963 3884 facere
3016 3829 3072 3883 in
3133 3829 3335 3898 aliquo.
3389 3825 3458 3882 Ut
3512 3826 3561 3883 si

1989 3925 2297 3996 exemplum
2347 3925 2416 3978 ab
2469 3924 2784 3978 architectis
2822 3923 3107 3993 capiamus
3151 3938 3163 3975 :
3200 3937 3326 3977 nam
3372 3929 3427 3976 et
3479 3920 3562 3976 illi

1988 4015 2151 4070 nrbes
2181 4014 2424 4068 condunt
2476 4029 2541 4068 ex
2582 4030 2692 4068 non
2740 4013 2992 4080 urbibus,
3026 4021 3077 4068 et
3121 4012 3322 4083 templa
3352 4027 3420 4068 ex
3450 4023 3564 4067 non

1987 4108 2230 4180 templis.
2259 4106 2625 4178 Imperfectus.

2350 4219 2672 4288 RELIQUA
2714 4219 2818 4274 EX
2854 4219 3162 4277 PHOTIO.

1569 4343 1845 4416 (Biblioth.
1895 4341 2018 4397 cod.
2054 4337 2329 4409 ccxxxv't.)

376 4457 443 4512 ΕΙ
469 4457 537 4522 δ’,
569 4456 651 4510 ὅτι
683 4458 891 4522 τούτοις
918 4458 1093 4512 οὐσίαι
1130 4457 1464 4521 ὑπόκεινται,
1505 4459 1604 4512 οἴει
1650 4457 1710 4523 ἐξ
1741 4454 1878 4526 (οὐκ)

2065 4451 2220 4518 Quod
2254 4450 2323 4513 si,
2349 4448 2477 4521 quia
2509 4448 2596 4505 his
2651 4448 2972 4506 substantiae
3001 4447 3259 4518 subjecta:
3285 4448 3415 4514 sint,
3445 4447 3562 4504 exi.

307 4549 476 4602 όντων
504 4548 618 4621 (23)
649 4549 816 4614 αὐτὰς
861 4553 1036 4605 ταῦτα
1083 4552 1291 4614 ποιεῖν,
1344 4550 1420 4622 τῷ
1463 4551 1605 4621 λόγῳ
1655 4548 1880 4620 σφάλλῃ.

304 4643 445 4698 Οὐδὲ
472 4643 582 4712 γὰρ
615 4645 649 4714 ἡ
676 4643 830 4696 οὐσία
861 4645 1008 4698 ἐστὶν
1038 4648 1070 4716 ἡ
1114 4645 1340 4698 ποιοῦσα
1365 4644 1462 4715 τὴν
1499 4642 1670 4706 πόλιν,
1698 4642 1730 4713 ἢ
1757 4643 1882 4705 τοὺς

303 4736 492 4800 ναοὺς,
520 4735 634 4790 ἀλλ’
657 4739 691 4808 ἡ
732 4737 858 4807 περὶ
889 4738 990 4808 τὴν
1017 4737 1206 4792 οὐσίαν
1239 4738 1423 4808 τέχνη,
1453 4736 1488 4806 ἢ
1517 4737 1617 4789 οὐκ
1659 4735 1717 4802 ἐξ
1748 4735 1880 4788 ὑπο-

308 4828 571 4898 κειμένης
597 4827 742 4888 τινὸς
771 4828 966 4900 τέχνης
998 4831 1054 4881 ὲν
1091 4831 1213 4892 ταῖς
1243 4828 1453 4891 οὐσίαις
1487 4827 1731 4896 γίνεται·
1763 4826 1882 4880 ἀλλ’

307 4918 372 4985 ἐξ
402 4920 506 4973 οὐκ
535 4917 704 4991 οὔσης
730 4922 788 4973 ὲν
819 4921 1009 4984 αὐταῖς
1043 4920 1270 4989 γίνεται.
1309 4921 1667 4991 ’Δπαντήσειν
1704 4919 1759 4972 δέ
1797 4937 1888 4990 μοι

310 5013 490 5076 δοκεῖς
518 5011 660 5065 οὕτω
688 5012 764 5083 τῷ
803 5013 978 5084 λόγῳο
1068 5013 1150 5064 ὅτι
1175 5012 1423 5084 τεχνίτης
1449 5015 1514 5083 τῇ
1547 5014 1604 5066 ὲν
1638 5015 1700 5083 τῇ
1733 5012 1891 5081 οὐσίᾳ

382 5189 499 5258 (22)
528 5189 625 5242 Ἐκ
653 5188 834 5242 ναῶν.
874 5186 990 5243 Huc
1029 5202 1203 5258 usque
1252 5184 1471 5258 Meursii
1518 5184 1706 5258 editio.
1742 5182 1883 5236 Pho-

311 5255 423 5316 tius
451 5275 582 5314 vero
599 5261 633 5312 I.
654 5275 704 5313 e.
730 5266 855 5330 post
881 5259 1044 5330 verba
1077 5255 1176 5330 οὐκ
1212 5259 1275 5311 ὲκ
1294 5257 1458 5330 ναῶν,
1483 5255 1671 5330 subdit
1696 5261 1880 5330 statim

352 5346 434 5384 me
491 5325 796 5400 sequuntur
839 5348 852 5384 :
902 5331 964 5382 Et
994 5328 1038 5382 δ’
1079 5329 1183 5392 ὅτι,
1223 5345 1276 5380 κ.
1306 5328 1436 5400 1.)“
1473 5325 1606 5400 Quae
1659 5325 1878 5400 quidem

352 5347 434 5384 ηε
491 5347 796 5400 sequuntur
839 5348 852 5384 :
902 5347 964 5382 ιιι
994 5347 1035 5382 ο·
1079 5347 1183 5392 οτι,
1223 5347 1276 5380 κ.
1306 5347 1357 5380 τ.
1390 5347 1436 5380 Α.
1473 5347 1604 5392 Quae
1659 5347 1878 5394 quiuem

311 5347 672 5455 ﬂoctissimus
700 5400 943 5461 Lamius,
975 5413 1083 5452 una
1111 5413 1235 5453 cum
1270 5398 1432 5451 tertio
1461 5396 1642 5466 operis
1673 5395 1881 5450 Metho-

311 5471 462 5524 diani
484 5481 741 5541 excerpta
769 5486 834 5525 ex
859 5469 1046 5524 codice
1075 5467 1347 5541 Sirmondi
1374 5465 1674 5541 descripto,
1697 5465 1880 5541 hausit

309 5555 375 5594 ex
405 5541 556 5596 edito
583 5533 1009 5600 Cdmbetisiano.
1040 5546 1092 5593 et
1121 5541 1174 5594 in
1209 5537 1518 5608 prazfatione
1545 5533 1611 5590 ad
1632 5537 1740 5592 vol.
1769 5533 1882 5589 VIII

312 5626 540 5678 operum
587 5611 808 5668 Meursii
848 5609 1128 5672 exhibuit,
1165 5607 1288 5678 pag.
1326 5625 1452 5670 νει,
1484 5621 1592 5677 quo
1621 5607 1880 5661 nimirum

312 5681 382 5804 Et)
415 5682 606 5738 eodem
643 5681 878 5737 Meursio
914 5680 1253 5738 Mcthodiana
1283 5681 1532 5751 evulgata
1560 5678 1877 5748 compleret.

369 5766 480 5804 ιιι..

369 5766 480 5808 ιιι..

1991 4545 2186 4601 stimas
2223 4543 2364 4613 (eos)
2394 4557 2504 4596 non
2557 4541 2672 4598 haec
2705 4541 2886 4596 facere
2908 4543 2994 4596 ἐι
3027 4541 3219 4601 nihilo,
3257 4541 3423 4595 verbo
3460 4539 3564 4594 fal-

1988 4636 2141 4693 leris.
2167 4634 2353 4705 Neque
2383 4634 2529 4690 enim
2577 4633 2881 4688 substantia
2930 4632 3118 4687 condit
3167 4632 3439 4686 civitatem
3467 4637 3563 4685 aut

1985 4729 2208 4800 templa,
2248 4726 2343 4782 sed
2399 4742 2489 4781 ars
2528 4741 2650 4795 qua:
2675 4733 2926 4780 versatur
2958 4725 3105 4778 circa
3151 4722 3511 4779 substantiam
3542 4740 3557 4778 :

1981 4834 2174 4889 eaque,
2210 4833 2317 4872 non
2350 4832 2417 4872 ex
2440 4816 2685 4886 subjecta
2731 4816 2914 4884 aliqua
2945 4822 3061 4868 arte
3097 4829 3220 4882 qua:
3241 4812 3312 4868 sit
3344 4811 3401 4866 in
3424 4810 3560 4867 sub—

1984 4912 2238 4976 stantiis,
2275 4911 2368 4966 sed
2391 4925 2454 4964 ex
2490 4925 2599 4963 non
2631 4918 2746 4963 arte
2769 4908 2822 4962 in
2867 4909 2996 4973 illis,
3029 4916 3363 4977 procreatur.
3399 4903 3562 4959 Vide-

1987 5005 2066 5060 ris
2101 5011 2276 5057 tamen
2307 5002 2380 5056 ita
2419 5001 2614 5054 rationi
2664 5016 2826 5071 posse
2871 5015 3158 5055 occurrere
3185 5008 3276 5052 :ut
3303 4997 3560 5051 nimirum

2062 5178 2175 5249 (‘23)
2210 5174 2488 5249 Ἐξιοὼς)
2517 5173 2725 5249 ὄντων.
2759 5173 2922 5249 Deest
2960 5174 3032 5249 μή
3053 5213 3067 5238 ,
3105 5181 3201 5249 aut
3230 5186 3562 5249 supervaca-

1987 5241 2242 5306 neum'so
2268 5241 2386 5300 οὐκ.
2435 5241 2625 5300 Statim
2664 5260 2795 5300 vero
2835 5241 2976 5298 forte
3017 5241 3312 5313 legendum
3329 5241 3556 5308 αὐτούς,

1988 5327 2048 5375 ut
2079 5317 2347 5374 referatur
2389 5318 2458 5370 ad
2511 5317 2858 5378 architectos,
2910 5314 2980 5368 de
3023 5315 3223 5383 quibus
3257 5314 3418 5383 paulo
3457 5327 3555 5368 su-

1987 5404 2193 5532 pea'is)’.
2208 5457 2404 5532 Locum
2424 5457 2686 5532 dicamus.
2721 5454 2897 5508 Τόπον
2916 5451 3376 5532 εἶναιηΡΙιοιί-θηο,
3400 5467 3560 5532 men-

1987 5525 2366 5594 dose,'al’rtov,
2411 5537 2521 5581 tota
2547 5527 2692 5582 enim
2727 5525 3126 5594 argumentatio
3158 5525 3213 5579 in
3243 5525 3493 5594 locoest,
3522 5536 3553 5574 a

1989 5618 2096 5673 quo
2113 5593 2290 5672 arguit
2313 5599 2377 5673 ad
2395 5613 2615 5673 causam
2631 5613 2646 5663 ;
2665 5593 2966 5673 utqu’orum
2985 5595 3126 5652 Deus
3147 5593 3414 5673 nequierit
3435 5607 3557 5673 esse

1989 5661 2312 5728 causa.'iiec
2339 5661 2676 5740 debeatcsse
2707 5661 2859 5724 locus
2882 5675 2935 5723 et
2964 5661 3434 5740 conceptaculum.
3469 5661 3557 5714 eo-

1990 5761 2142 5813 agt-um
2185 5749 2243 5796 ut
2267 5741 2447 5797 statim
2471 5738 2742 5796 subditur.
