3962 6204
468 344 619 447 ειιςεΙ
718 314 727 327 ’

1457 338 1515 395 S.
1550 337 1883 395 ΜΕΤΗΟΒΙΙ
1922 332 2233 396 EPISCOPI
2271 334 2360 389 ET
2400 331 2758 389 MABTYBIS

3602 330 3716 387 256

467 458 736 517 artiﬁcem
787 465 908 515 arte
959 472 1126 530 quam
1191 458 1248 512 in
1293 457 1600 515 substantia
1635 459 1854 523 habeat,
1885 458 2036 513 dicas

2145 455 2302 527 τέχνῃ
2332 455 2494 507 ποιεῖ.
2536 452 2683 523 Φημὶ
2740 450 2796 503 δὲ
2842 449 2976 522 πρὸς
3030 447 3220 513 τοῦτο,
3252 446 3492 503 aet-om
3534 448 3595 500 ὲν
3640 448 3718 519 τῷ

465 550 688 622 operari
718 547 852 621 (25).
887 546 971 603 Ad
998 549 1101 605 hoc
1127 549 1431 620 respondeo
1458 548 1678 621 :Neque
1705 550 1909 605 homini
1944 550 2041 604 ad-

468 643 627 701 nasci
653 652 829 701 artem
854 657 923 698 ex
971 641 1221 712 subjecta
1269 653 1418 713 arte;
1453 657 1578 697 nam
1607 658 1786 713 neque
1817 642 2042 699 concedi

467 744 668 807 potest,
703 735 957 805 ipsamin
989 750 1050 791 se
1097 734 1484 797 substantiam.
1533 744 1705 791 artem
1745 752 1888 793 esse.
1937 737 2042 791 Ars

460 828 614 884 enim
638 826 1021 883 accidentibus
1048 826 1394 890 adcensetur,
1437 828 1634 898 iisque.
1662 844 1893 899 quorum
1913 837 2043 884 tunc

465 920 542 976 sit
566 934 713 981 esse,
754 933 881 973 cum
936 918 993 973 in
1044 917 1352 974 substantia
1383 919 1561 989 aliqua
1616 929 1901 989 procreata
1926 921 2044 976 fue-

465 1013 601 1068 rint.
634 1010 807 1068 Homo
860 1011 1100 1082 quidem.
1137 1012 1255 1067 sine
1301 1012 1464 1067 etiam
1518 1013 1792 1067 tectonica
1820 1013 1986 1068 fuerit
2016 1030 2038 1065 -:

464 1113 524 1159 at
556 1104 669 1172 illa,
700 1104 806 1159 nisi
848 1104 1003 1174 prius
1057 1104 1359 1159 exsistente
1413 1103 1653 1166 homine,
1713 1104 1866 1158 nulla
1912 1104 2038 1159 erit.

465 1196 649 1264 Quare
676 1196 970 1252 dicendum
1002 1196 1339 1259 necessario,
1398 1195 1603 1251 habere
1643 1202 2038 1262 artesnatura,

466 1296 531 1344 ut
557 1306 623 1345 ex
651 1289 824 1344 nihilo
844 1288 977 1343 ﬁant
1000 1289 1056 1343 in
1087 1287 1424 1344 hominibus.
1480 1287 1622 1357 Ergo
1659 1288 1706 1344 si
1740 1289 1814 1343 ita
1842 1288 2042 1343 habere

464 1382 814 1438 ostendimus
855 1381 912 1435 in
970 1380 1328 1448 hominibus;
1359 1382 1633 1451 quomodo
1684 1395 1796 1435 non
1825 1396 2039 1451 aequum

462 1474 576 1527 erit
601 1472 805 1535 dicere,
840 1487 1003 1542 posse
1030 1487 1060 1526 a
1083 1470 1214 1536 Deo,
1242 1486 1350 1526 non
1404 1473 1579 1528 solum
1603 1472 1915 1543 qualitates,
1946 1476 2041 1528 sed

462 1570 523 1617 et
548 1562 905 1626 substantias,
937 1563 1053 1620 fieri
1088 1579 1154 1619 ex
1189 1561 1400 1618 nihilo?
1427 1563 1567 1619 Dum
1611 1564 1757 1619 enim
1781 1563 2044 1635 possibile

466 1650 684 1707 videtur
707 1659 769 1707 ut
794 1653 1012 1722 aliquoi
1048 1668 1117 1709 ex
1140 1653 1311 1708 nihilo
1341 1656 1455 1717 fiat,
1508 1669 1670 1725 posse
1697 1657 1863 1711 etiam
1909 1657 2042 1714 sub-

465 1745 704 1800 stantias
735 1761 801 1800 ex
830 1746 1003 1800 nihilo
1035 1746 1150 1802 fieri
1181 1747 1507 1802 ostenditur.
1561 1789 1571 1797 ,

542 1834 742 1891 Iterum
776 1853 905 1893 vero
936 1837 1184 1893 instituta
1216 1839 1285 1893 de
1339 1838 1499 1895 malis
1551 1838 1850 1909 disputatio
1880 1855 2039 1896 resu-
2067 1834 2111 1895 Β

470 1932 685 1991 matur.
708 1926 868 1993 Mala,
920 1935 1102 1983 utrum
1136 1929 1462 1985 substantite
1511 1930 1771 1987 videntur
1792 1932 1878 1987 vel
1908 1947 2046 2002 qua-

466 2017 649 2079 litates
677 2021 1148 2077 substantiarum?
1192 2050 1199 2061 ν

539 2105 697 2163 VAL.
729 2108 1051 2177 Qualitates.

537 2199 749 2257 ORTH.
784 2202 1009 2260 Materia
1036 2220 1185 2271 vero,
1227 2216 1415 2262 eratne
1462 2206 1583 2263 sine
1612 2208 1969 2278 qualitatibus
1990 2218 2048 2268 et

463 2293 755 2351 informis?

541 2383 699 2452 VAL.
734 2386 984 2444 Maxime.

456 2518 465 2527 .
535 2475 898 2545 ORTHJiaee
949 2494 1079 2548 ergo
1129 2479 1352 2534 nomina
1386 2479 1712 2544 substantia:
1737 2480 2049 2553 junguntur

456 2584 537 2631 ,οι
571 2567 639 2623 iis
672 2584 793 2637 quae
826 2570 928 2639 ipsi
960 2569 1237 2625 accidunt.
1270 2568 1456 2639 Neque
1507 2570 1653 2624 enim
1684 2571 2042 2631 homicidium

464 2667 554 2714 est
582 2659 909 2724 substantia,
944 2675 1119 2730 neque
1146 2659 1442 2730 quidquam
1476 2660 1705 2715 aliorum
1741 2665 2039 2735 malorum;

467 2750 563 2807 sed
600 2752 985 2822 agnominatur
1017 2753 1085 2807 ab
1106 2752 1538 2822 operationibus.
1572 2751 1707 2808 Nam
1738 2771 1915 2826 neque
1943 2758 2045 2815 ho-

468 2843 752 2899 micidium
783 2853 867 2899 est
890 2843 1091 2911 homo;
1124 2844 1219 2901 sed
1261 2843 1342 2905 is,
1390 2844 1462 2900 ob
1493 2846 1626 2902 illud
1671 2856 2043 2919 perpetratum

467 2920 705 3004 quadam
738 2936 885 2990 velut
930 2936 1169 2992 nominis
1201 2934 1522 3004 deflexione,
1576 2939 1850 2995 homicida
1874 2956 2044 3013 agno,-

466 3025 737 3094 minatur;
769 3041 893 3081 cum
923 3026 1039 3097 ipse
1069 3028 1486 3099 haudquaquam
1535 3030 1607 3085 sit
1646 3029 2039 3105 homicidium]:

465 3125 653 3186 atque,
712 3125 771 3171 ut
826 3118 1400 3199 compendiodicam,
1448 3120 1593 3199 nihil
1623 3121 1924 3193 quidquam
1973 3141 2041 3181 ex

463 3208 589 3265 aliis
644 3211 919 3275 malisest
956 3196 1261 3275 substantia
1297 3232 1310 3269 :
1345 3196 1453 3270 sed
1491 3222 1673 3284 potest
1725 3214 1834 3270 dici
1869 3217 2033 3284 mala,
2064 3214 2108 3274 ϐ

454 3300 615 3373 quod
667 3301 934 3357 malorum
985 3304 1265 3374 quidpiam
1294 3307 1487 3375 egerit.
1534 3304 1716 3367 Simili
1758 3308 1920 3364 modo
1947 3325 2040 3365 ra-

469 3394 758 3458 tiocinare,
798 3396 844 3450 si
870 3396 1003 3466 quid
1045 3398 1193 3453 aliud
1238 3399 1383 3470 quod
1412 3401 1483 3456 sit
1529 3416 1697 3459 causa
1743 3405 2037 3470 malorum,

462 3494 646 3544 mente
667 3489 997 3547 confluxeris
1031 3508 1044 3543 :
1073 3508 1268 3562 nempe
1299 3493 1462 3547 etiam
1505 3494 1640 3550 illud
1668 3497 1871 3551 malum
1887 3512 2035 3561 esse,

460 3580 612 3651 quod
666 3582 1004 3645 hominibus-
1032 3594 1377 3656 coaperctur,
1415 3597 1469 3647 et
1509 3599 1763 3660 suggerat
1808 3597 1871 3644 ut
1894 3590 2039 3649 mala

465 3672 689 3728 faciant.
743 3674 840 3731 Est
868 3678 1013 3732 enim
1042 3686 1097 3733 et
1125 3679 1243 3748 ipse
1277 3680 1577 3747 malus,'ob
1608 3696 1671 3736 ea
1705 3697 1826 3752 quae
1884 3682 2036 3737 facit.
2127 3725 2137 3733 .

464 3762 759 3836 Propterea
784 3769 925 3823 enim
948 3770 1150 3825 dicitur
1187 3787 1312 3829 esse
1342 3775 1539 3839 malus,
1571 3775 1718 3846 quod
1750 3777 1821 3832 sit
1848 3783 2042 3833 auctor

464 3858 757 3915 malorum.
787 3858 979 3927 Porro,
1009 3862 1155 3933 quod
1186 3865 1311 3933 quis
1362 3865 1515 3929 facit,
1556 3882 1667 3922 non
1689 3868 1819 3938 ipse
1842 3877 1927 3924 est
1946 3870 2041 3940 qui

465 3948 619 4014 facit,
650 3951 743 4008 sed
766 3952 886 4022 eius
918 3957 1163 4025 operatio
1183 3995 1200 4020 ,
1234 3958 1378 4016 unde
1400 3959 1505 4014 sibi
1558 3976 1862 4031 cognomen
1913 3963 2041 4017 mali

464 4042 707 4106 asciscit.
738 4044 873 4099 Nam
929 4049 975 4103 si
1036 4048 1091 4103 id
1142 4048 1323 4118 ipsum
1375 4052 1678 4109 dixerimus
1740 4054 2042 4125 essequod

465 4132 631 4201 facit;
661 4149 785 4190 cum
819 4136 983 4191 faciat
1003 4140 1178 4194 caedes
1205 4149 1260 4197 et
1290 4142 1561 4201 adulteria
1609 4153 1664 4201 et
1712 4146 1817 4201 hoc
1870 4162 2042 4217 genus

466 4226 698 4292 similia,
727 4229 842 4298 ipse
874 4230 966 4284 illa
1006 4230 1131 4286 erit.
1157 4231 1313 4297 Quod
1343 4236 1390 4290 si
1423 4236 1561 4314 ipse,
1611 4238 1704 4313 illa
1730 4247 1845 4302 est;
1880 4238 2043 4293 habet

466 4333 628 4374 suum
662 4336 806 4387 esse,
833 4335 956 4378 cum
986 4322 1076 4376 illa
1107 4331 1235 4379 sunt
1272 4340 1285 4376 :
1325 4326 1417 4381 ubi
1449 4336 1628 4384 autem
1676 4344 1786 4383 non
1817 4328 2040 4397 fuerint,

464 4410 630 4465 etiam
661 4412 776 4481 ipse
797 4412 996 4495 desinit
1019 4414 1158 4475 esse.
1201 4417 1364 4495 Fiunt
1394 4428 1577 4474 autem
1607 4421 1721 4475 haec
1760 4421 1829 4474 ab
1864 4419 2044 4475 homi-

467 4501 630 4557 nibus
658 4517 671 4553 :
700 4510 863 4557 erunt
892 4494 1027 4577 ergo
1058 4494 1308 4566 homines
1339 4510 1534 4566 horum
1568 4497 1856 4580 auctores;
1898 4520 1952 4568 et
1982 4520 2042 4567 ut

450 4591 578 4647 sint
604 4592 690 4647 vel
716 4609 823 4649 non
841 4596 971 4665 sint,
1004 4614 1203 4655 causae.
1229 4602 1392 4673 Atqui
1418 4603 1465 4659 si
1489 4604 1561 4658 ob
1580 4618 1643 4657 ea
1662 4614 1782 4673 quae
1806 4604 2039 4675 quisque

450 4681 619 4749 ~facit,
651 4684 828 4742 malus
850 4696 935 4743 est
956 4732 970 4756 ,
1017 4706 1138 4761 qum
1166 4693 1347 4747 autem
1394 4692 1544 4756 facit,
1572 4694 1901 4763 principium
1935 4694 2036 4748 ha-

467 4777 632 4845 bent;
668 4793 1011 4852 consequens
1043 4785 1118 4851 fit,
1152 4792 1211 4840 ut
1240 4795 1292 4841 et
1312 4786 1403 4842 ille
1430 4786 1659 4856 coeperit
1686 4803 1809 4842 esse
1838 4789 2035 4852 malus,

467 4872 843 4957 erepet-imque
872 4875 1033 4929 etiam
1070 4876 1175 4932 ista
1228 4872 1389 4932 mala'.
1421 4877 1579 4944 Quod
1624 4878 1672 4934 si
1705 4894 1888 4933 verum
1930 4888 2035 4943 est,

469 4977 629 5019 nemo
671 4965 839 5035 igitur
892 4970 1029 5022 ante
1076 4984 1239 5025 omne
1283 4971 1612 5040 principium
1667 4978 2041 5042 aeternumque

468 5055 646 5112 malus
675 5063 782 5122 est,
814 5072 878 5112 ac
911 5062 1086 5129 neque
1114 5060 1255 5115 mala
1284 5071 1412 5116 sunt
1440 5062 1701 5118 increata.

469 5212 653 5337 ἰο225)
682 5212 753 5269 Ut
778 5215 1028 5270 nimirum
1073 5216 1331 5284 artiﬁcem
1355 5224 1647 5287 artaquam
1669 5216 1723 5269 in
1744 5214 2041 5271 substantia

572 5289 692 5337 eat.
748 5284 896 5337 dicas
942 5288 1170 5337 onerari.
1211 5289 1276 5337 τῆ
1312 5288 1371 5337 ὲν
1406 5286 1658 5337 τῆ.οὑσια
1686 5287 1849 5337 τέννη
1877 5290 2039 5337 ποιεῖ.

454 5284 692 5359 .Qabeat,
748 5284 896 5359 dicas
942 5288 1170 5359 operari,
1191 5289 1277 5359 eis
1312 5288 1371 5341 ὲν
1406 5284 1658 5359 τῇ.οὑσιᾳ
1686 5287 1851 5359 τέχνῃ
1877 5290 2039 5359 ποιεῖ.

456 5350 589 5428 Non
641 5355 778 5428 bene
820 5347 1092 5428 interpres
1143 5347 1357 5421 Phoiii,
1407 5347 1498 5426 p'e'r
1539 5347 1706 5412 artem
1750 5347 1955 5428 aqua
1988 5359 2040 5412 in

472 5422 775 5503 substantia
813 5422 1083 5495 ﬁert-Qui
1112 5430 1258 5484 enim
1295 5422 1495 5503 hoc'ad
1524 5422 1902 5503 propositum,
1932 5443 2041 5503 quo

462 5496 737 5569 quaeritur
760 5535 777 5569 η
815 5514 947 5554 num
982 5515 1072 5554 ars
1095 5496 1669 5569 exprwjacente‘arte
1699 5500 1822 5561 liat,
1856 5500 1912 5553 in
1942 5496 2041 5552 ha-

460 5564 667 5639 beate,
701 5567 780 5620 vel
824 5576 885 5639 μι
923 5584 989 5624 ει
1032 5576 1150 5624 arte
1186 5564 1350 5639 quam
1380 5568 2041 5625 artifexsubstantialiter

475 5633 693 5697 habeat,
730 5645 792 5689 ut
820 5637 925 5693 ista
950 5640 1150 5694 solutio
1178 5633 1493 5704 (abnuendit;
1520 5639 1603 5694 vel
1631 5655 1697 5694 ex
1724 5640 1907 5693 .nihilo
1929 5638 2036 5702 sui,

478 5714 750 5778 tanquam
763 5721 951 5778 verum
982 5709 1260 5771 accidens,
1285 5709 1430 5778 quod
1465 5717 1674 5762 taututn
1708 5710 1800 5772 sit,
1827 5724 1951 5762 cum
1982 5709 2038 5762 in

479 5774 788 5833 substantia
837 5777 1017 5847 aliqua
1065 5778 1226 5833 fuerit
1271 5774 1506 5845 factum;
1543 5780 1685 5847 quod
1732 5778 2036 5836 Mcthodius

2142 546 2413 618 ἀνθρώπῳ
2441 545 2505 598 ἐκ
2531 560 2675 607 τινος
2707 543 3082 613 ὑποκειμένης
3103 541 3297 613 τέχνης
3329 540 3714 611 προσγίνεταιο

2141 639 2262 693 οὑδὲ
2293 638 2401 707 γὰρ
2452 637 2627 690 ἔνεστι
2669 636 2768 705 τὴν
2795 634 2880 705 ἐφ’
2914 634 3111 704 ἑαυτῆς
3169 633 3355 686 οὐσίαν
3385 631 3572 687 δοῦναι
3617 632 3717 701 τὴν

2141 731 2355 802 τέχνην.
2391 728 2511 782 Τῶν
2532 727 2643 800 γὰρ
2686 726 3103 798 συμϐεϐηκότων
3142 726 3279 787 ἐστὶ,
3319 724 3412 778 καὶ
3448 724 3559 779 τῶν
3591 723 3716 775 τότε

2141 821 2203 875 τὸ
2224 816 2364 874 εἶναι
2396 820 2627 891 ἐχόντων
2646 859 2661 883 ,
2699 819 2900 872 ὁπόταν
2952 819 3010 871 ὲν
3042 817 3197 887 ausi;
3224 816 3333 868 τινὶ
3362 814 3611 885 γένηται.
3660 810 3716 867 '0

2145 912 2246 984 μὲν
2275 912 2384 983 γὰρ
2415 911 2697 983 ἄνθρωπος
2729 910 2823 965 καὶ
2857 910 3023 981 χωρὶς
3053 908 3153 979 τῆς
3186 906 3505 977 τεκτονικῆς
3537 906 3711 968 ἔσται,

2142 1003 2177 1072 ἠ
2196 1002 2254 1055 δὲ
2280 1003 2381 1055 οὑκ
2414 1000 2587 1066 ἔσται,
2617 1000 2713 1055 ἐὰν
2745 1002 2819 1073 μὴ
2847 1000 3107 1073 πρότερον
3139 998 3421 1069 ἄνθρωπος
3529 996 3710 1062 Ὅθεν,

2138 1092 2240 1155 τὰς
2271 1092 2465 1162 τέχνας
2508 1093 2566 1159 ἐξ
2598 1094 2699 1151 οὐκ
2725 1092 2889 1148 ὄντων
2927 1093 3008 1154 εἰς
3048 1088 3367 1162 ἀνθρώπους
3409 1088 3712 1156 πεφυκέναι

2141 1186 2406 1255 γίνεσθαι,
2441 1187 2970 1256 λέγειν,ἀναγκαῖον.
3018 1186 3082 1239 Et
3126 1184 3302 1237 τοίνυν
3340 1182 3496 1237 τοῦτο
3539 1184 3711 1247 οὕτως

2142 1277 2286 1350 ἔχειν
2322 1280 2409 1332 ἐπ’
2455 1278 2757 1351 ἀνθρώπων
2796 1278 3101 1348 ἐδείξαμεν,
3142 1276 3258 1341 πῶς
3310 1276 3429 1347 οὑχὶ
3465 1274 3711 1345 προσῆκε

2140 1369 2232 1424 τὸν
2275 1370 2404 1425 Θεὸν
2438 1371 2512 1442 μὴ
2561 1370 2719 1441 μόνον
2748 1370 3069 1447 ποιότητας,
3116 1370 3176 1434 ἐξ
3205 1369 3303 1421 οὑκ
3344 1368 3512 1421 όντων
3546 1367 3712 1436 φάναι

2141 1460 2398 1515 δύνασθαι
2443 1464 2642 1526 ποιεῖν,
2676 1462 2812 1516 ἀλλὰ
2847 1461 2941 1515 καὶ
2979 1460 3199 1525 οὑσίας;
3239 1459 3323 1513 Τὸ.
3351 1460 3459 1529 γὰρ
3489 1459 3714 1512 δυνατὸν

2144 1553 2378 1623 φανῆναι
2411 1554 2472 1609 τὸ
2496 1554 2741 1624 γίνεσθαί
2765 1573 2816 1608 τι
2844 1552 2904 1618 ἐξ
2928 1553 3026 1608 οὑκ
3046 1553 3237 1617 ὄντων,
3270 1552 3363 1605 καὶ
3400 1552 3499 1615 τὰς
3526 1551 3715 1614 οὐσίας

2142 1645 2313 1710 οὕτως
2338 1646 2483 1717 ἔχειν
2512 1647 2809 1701 δείκνυται.

2207 1799 2377 1854 Πάλιν
2421 1798 2478 1854 δὲ
2517 1800 2839 1873 διαληπτέον
2888 1801 2995 1855 τῶν
3026 1798 3213 1856 κακῶν
3244 1798 3390 1871 πέρι.
3443 1798 3528 1853 Τὰ
3574 1798 3720 1854 κακὰ

2146 1894 2379 1966 πότερον.
2395 1894 2573 1948 οὐσίαι
2622 1911 2704 1949 σοι
2743 1893 2989 1948 δοκοῦσιν
3027 1888 3165 1947 εἶναι
3187 1931 3203 1957 ,
3237 1891 3271 1965 ἢ
3304 1892 3584 1963 ποιότητες
3630 1892 3724 1945 οὑ-

2148 1985 2276 2038 σιῶν
2298 2000 2312 2051 ;

2216 2078 2431 2132 οΥΑΛ.’
2455 2078 2767 2150 Ποιότητες.

2216 2170 2450 2224 ΟΡΘΟΔ.
2511 2170 2575 2225 Ἥ
2626 2170 2682 2223 δὲ
2733 2169 2832 2241 ὑλη
2887 2167 3078 2233 ἄποιος
3135 2164 3206 2241 ἦν
3266 2168 3359 2224 καὶ
3412 2168 3727 2240 ἀσχημάτι-

2148 2278 2270 2326 στος
2293 2280 2308 2328 ς

2217 2354 2417 2409 ΟΥΑΛ.
2461 2353 2636 2408 Οὕτω.

2130 2435 2140 2442 ’
2215 2446 2452 2519 ΟΡΘΟᾼ.
2490 2445 2801 2521 ,Πέπλεκται
2850 2445 2958 2519 ἄρα
2998 2445 3066 2501 τὰ
3106 2445 3347 2517 ὀνόματα
3410 2442 3586 2498 ταῦτα
3650 2445 3720 2514 τῇ

2144 2534 2302 2606 οὐσίᾳ
2337 2536 2401 2588 ἐκ
2426 2535 2534 2589 τῶν
2558 2536 2994 2613 συμϐεϐηκότων
3018 2537 3176 2608 αὑτῇ.
3212 2535 3347 2590 Οὑτε
3375 2536 3482 2607 γάρ
3519 2536 3668 2587 ἐστιν
3693 2524 3723 2588 ὅ

2146 2628 2304 2695 φόνος
2349 2628 2381 2699 ἡ
2427 2629 2604 2693 οὐσία,
2646 2628 2767 2683 οὕτε
2800 2648 2852 2683 τι
2884 2629 2991 2683 τῶν
3029 2628 3199 2684 ἄλλων
3237 2629 3453 2684 κακῶν·
3494 2628 3612 2682 ἀλλ’
3657 2631 3723 2682 ἐκ

2144 2721 2250 2774 τῶν
2304 2722 2592 2793 ἐνεργειῶν
2641 2716 3101 2795 παρονομάζεταί.
3141 2722 3278 2776 Οὔτε
3327 2722 3437 2794 γὰρ
3490 2723 3654 2792 φόνος
3693 2723 3724 2776 ὁ

2144 2812 2427 2885 ἄνθρωπος
2444 2831 2457 2845 ο
2486 2814 2619 2869 ἀλλὰ
2641 2815 2718 2887 τῷ
2744 2815 3102 2887 ἐνεργηκέναι
3126 2815 3332 2879 τοῦτον,
3375 2814 3724 2885 παρωνύμως

2145 2907 2338 2975 φονεὺς
2380 2907 2815 2980 παρονομᾶζεται
2840 2948 2854 2973 ,
2892 2908 2966 2979 μὴ
3008 2908 3083 2962 ῶν
3114 2909 3272 2979 φόνος
3327 2909 3520 2972 αὑτός·
3570 2906 3722 2974 οὔτε,

2147 2998 2444 3072 συλλήϐδην
2498 3003 2706 3067 εἰπεῖν,
2762 3001 2816 3054 τὶ
2862 3002 2970 3053 τῶν
3021 3001 3196 3055 ἄλλων
3245 3001 3431 3056 κακῶν
3484 3003 3635 3054 ἐστιν
3685 3001 3722 3072 ἠ

2142 3092 2327 3144 οὐσίαι
2370 3091 2507 3149 ἀλλὰ
2543 3093 2622 3165 τῷ
2667 3092 2869 3164 πρᾶξαί
2908 3109 2960 3146 τι
3003 3092 3111 3147 τῶν
3158 3094 3342 3147 κακῶν
3379 3094 3519 3165 κακὴ
3564 3093 3728 3161 λέγε-

2144 3181 2268 3236 σθαι
2292 3182 2531 3238 δύναται.
2572 3177 2800 3255 Ὁμοίως
2838 3184 3155 3256 ἐπινόησον,
3186 3184 3241 3238 εἴ
3277 3202 3329 3238 τι
3368 3185 3551 3257 ἕτερον
3585 3185 3725 3237 ἁνα-

2141 3277 2392 3342 πλὰττεις
2436 3281 2494 3333 ἐν
2533 3278 2611 3350 τῷ
2657 3276 2763 3349 νῷ,
2799 3278 2985 3350 κακῶν
3014 3281 3126 3342 τοῖς
3163 3278 3467 3350 ἀνθρώποις
3509 3278 3720 3345 αἴτιον,

2139 3369 2214 3434 ῶς
2245 3372 2464 3424 κάκεῖνο
2496 3370 2662 3424 κακὸν
2688 3369 2822 3439 (26),
2861 3371 2918 3423 ὲν
2950 3368 3029 3441 τῷ
3061 3370 3271 3433 τούτοις
3310 3371 3581 3443 ἐνεργεῖν,
3623 3373 3723 3445 καὶ

2141 3461 2462 3515 ὑποϐάλλειν
2507 3464 2679 3515 ποιεῖν
2714 3450 2801 3515 “τὰ
2852 3461 3016 3517 κακά.
3053 3463 3206 3515 Ἐστι
3245 3460 3354 3533 γὰρ
3412 3462 3504 3515 καὶ
3555 3452 3722 3528 αὑτὸς

2141 3551 2332 3618 κακὸς,
2366 3552 2425 3619 ἐξ
2455 3547 2530 3607 ὧν
2560 3557 2719 3607 ποιεῖ.
2750 3554 2849 3609 Διὰ
2873 3554 2982 3627 γὰρ
3011 3555 3167 3610 τοῦτο
3200 3555 3368 3619 κακὸς
3401 3552 3537 3609 εἶναι
3560 3555 3720 3624 λέγε-

2140 3662 2251 3711 ται,
2276 3646 2356 3699 ὅτι
2388 3645 2560 3716 (τῶν)
2604 3645 2789 3700 κακῶν
2834 3649 2947 3700 ἐστι
2978 3648 3238 3719 ποιητής·
3280 3645 3315 3700 ἃ
3347 3646 3403 3699 δέ
3435 3663 3520 3710 τις
3554 3651 3722 3711 ποιεῖ,

2140 3738 2240 3790 οὑκ
2273 3736 2418 3791 ἔστιν
2474 3738 2655 3802 αὐτὸς,
2700 3738 2813 3792 ἀλλ’
2856 3739 3107 3809 ἐνέργεια
3144 3738 3342 3799 αὑτοῦ,
3387 3738 3478 3807 ἀφ’
3517 3732 3591 3791 ὧν
3619 3738 3721 3808 τὴν

2143 3829 2514 3903 προσηγορίαν
2552 3829 2646 3885 τοῦ
2679 3824 2845 3896 κακὸς
2878 3831 2987 3904 (9.7)
3032 3831 3283 3901 λέγεσθαι
3316 3830 3600 3901 λαμϐάνει.
3656 3831 3720 3883 Εἰ

2142 3923 2251 3996 γὰρ
2273 3923 2436 3977 αὑτὸν
2474 3924 2720 3994 εἴποιμεν
2758 3918 2896 3977 εἶναι
2929 3924 2965 3977 ἃ
2995 3925 3165 3976 ποιεῖ’
3214 3925 3357 3975 ποιεῖ
3400 3922 3455 3974 δὲ
3488 3923 3683 3990 τόνους
3704 3963 3718 3983 ,

2144 4013 2236 4067 καὶ⁵
2268 4012 2532 4083 μοιχείας,
2570 4013 2663 4067 καὶ
2694 4013 2793 4066 ὅσα
2826 4013 3016 4083 ὃμοια·
3045 4012 3208 4075 αὐτὸς
3247 4012 3398 4065 ἔσται
3432 4011 3621 4066 ταῦτα.
3652 4013 3721 4065 Εἰ

2131 4103 2199 4156 ’δὲ
2229 4104 2389 4166 αὑτός
2418 4105 2533 4156 ἐστι
2566 4102 2765 4157 ταῦτα’
2797 4104 2885 4156 ὅτε
2911 4104 3140 4173 γίνεται,
3163 4103 3258 4174 τὴν
3288 4104 3543 4156 σύστασιν
3568 4102 3716 4172 ἔχει’

2142 4196 2203 4248 οὑ
2241 4196 2498 4265 γινόμενα
2536 4195 2616 4258 δὲ,
2650 4197 2742 4249 καὶ
2790 4195 2884 4249 τοῦ
2920 4191 3058 4249 εἶναι
3101 4195 3352 4249 παύεται.
3403 4194 3608 4248 Γίνεται
3654 4195 3715 4248 δὲ

2142 4287 2315 4342 ταῦτα
2360 4288 2494 4359 πρὸς
2526 4288 2857 4361 ἀνθρώπων
2902 4289 3111 4342 ἔσονται
3138 4288 3244 4360 ἄρα
3289 4288 3489 4342 τούτων
3527 4289 3576 4341 οἱ
3617 4288 3715 4342 ἇν-

2145 4378 2351 4450 θρωποι
2400 4380 2655 4451 ποιηταὶ,
2707 4379 2799 4431 καὶ
2847 4377 2940 4431 τοῦ
2989 4374 3125 4431 εἶναι
3165 4378 3260 4431 καὶ
3311 4378 3407 4431 τοῦ
3453 4376 3525 4448 μὴ
3572 4373 3717 4432 εἶναι

2146 4470 2326 4523 αἴτιοι.
2367 4469 2503 4523 Ἀλλ’
2527 4473 2573 4524 εἰ
2604 4468 2663 4535 ἐξ
2703 4463 2777 4523 ὧν
2803 4470 3015 4540 ἐνεργεῖ
3046 4469 3293 4533 ἕκαστος,
3337 4469 3574 4540 ὑπάρχει
3612 4486 3718 4523 κα-

2074 4561 2116 4617 D
2144 4560 2267 4625 κός·
2297 4560 2332 4615 ἃ
2362 4562 2419 4615 δὲ
2448 4562 2676 4633 ἐνεργεῖ,
2700 4560 2873 4643 αρχὴν
2904 4559 2996 4613 τοῦ
3027 4556 3164 4614 εἶναι
3191 4558 3454 4631 λαμϐάνει
3475 4577 3488 4590 ·
3512 4559 3720 4632 ἤρξατο

2145 4652 2392 4717 κάκεῖνος
2422 4648 2557 4706 εἶναι
2585 4652 2752 4715 κακός
2771 4669 2784 4682 ⁸
2822 4651 3025 4723 ἦρξατο
3048 4652 3104 4705 δὲ
3130 4652 3224 4706 καὶ
3249 4651 3420 4705 ταῦτα
3452 4652 3520 4704 τὰ
3545 4653 3715 4707 κακά.

2144 4743 2208 4794 Εἰ
2240 4743 2283 4796 δ’
2314 4742 2483 4807 οὓτως
2517 4742 2649 4813 ἔχει,
2686 4743 2788 4797 οὑκ
2820 4742 2966 4803 ἐστιν
2997 4742 3245 4814 ἀνάρχως
3273 4759 3354 4806 τις
3379 4743 3569 4807 κακὸς,
3594 4743 3718 4796 οὑδὲ

2146 4834 2416 4907 ἀγέννητα
2446 4834 2515 4888 τὰ
2535 4833 2697 4888 κακά.

2147 5217 2402 5282 intendit,
2433 5226 2490 5272 ut
2516 5231 2580 5274 eo
2611 5217 2846 5289 evincat.
2874 5230 3037 5289 posse
3065 5214 3234 5289 Deum
3263 5216 3467 5288 aliquid
3498 5218 3678 5289 majus
3699 5259 3713 5281 ,

2148 5304 2344 5359 nempe
2385 5304 2457 5359 ex,
2486 5288 2669 5359 nihilo
2700 5286 3127 5354 etiam’subjecti
3172 5296 3226 5340 et
3278 5286 3553 5353 absolute;
3587 5286 3716 5343 'nec

2151 5358 2326 5415 solum
2350 5358 2648 5429 accidentia
2671 5391 2692 5423 ς
2723 5359 2815 5415 sed
2850 5366 2903 5412 et
2931 5360 3517 5429 substantiascreare,
3540 5373 3716 5429 eoque

2148 5444 2259 5484 non
2288 5428 2544 5484 habuisse
2574 5444 2714 5499 opus
2740 5429 2968 5483 materia
2991 5426 3293 5499 adjutrice?
3318 5428 3545 5499 Reliqua
3576 5426 3716 5483 nihil

2150 5501 2265 5554 fere
2298 5500 2509 5553 felicius
2542 5498 2753 5554 reddita
2776 5539 2792 5563 ,
2827 5498 3010 5552 conati
3051 5513 3243 5554 sumus
3282 5498 3577 5555 restituere
3610 5519 3623 5554 :
3660 5505 3718 5553 et

2148 5569 2381 5639 quisque
2404 5570 2731 5634 adverterit,
2763 5569 2959 5624 collata
2980 5574 3210 5637 utraque
3231 5572 3504 5636 versione,
3530 5578 3586 5625 et
3608 5570 3715 5624 sibi

2148 5639 2287 5709 ipsa,
2315 5648 2369 5695 et
2398 5640 2592 5709 textui.
2892 5685 2909 5709 γ,

2218 5710 2330 5780 ('26)
2359 5708 2612 5780 Κάκεῖνος
2629 5710 2837 5764 κακόν.
2869 5708 2962 5780 ΔΙ.
2995 5711 3247 5774 κάκεῖνος
3275 5710 3462 5773 κακός.

2217 5779 2328 5851 ('37)
2352 5783 2565 5847 Καλός.
2590 5779 2673 5835 Al.
2719 5779 2912 5836 κακοῦ.
