3962 6204
241 246 338 302 251

1387 243 1519 313 LlB.
1559 242 1648 297 DE
1685 241 1938 298 ΗΒΕΒο
1974 240 2357 321 ΑῐὶΒιίῚὶιο.⁵

3360 251 3470 313 238

306 362 503 416 οΥΑΑ.
544 358 705 413 Ἀλλὰ
739 358 829 413 τὸν
856 359 953 430 μὲν
982 358 1119 431 πρὸς
1151 357 1245 412 τὸν
1272 358 1459 429 ἕτερον
1482 358 1638 428 λόγον
1679 360 1781 413 ίκα·

1972 356 2127 414 VAL.
2153 357 2265 429 (28)
2296 356 2604 425 Enimvero,
2636 361 2834 429 amice,
2886 371 3208 434 praesentem
3241 365 3465 436 quidem

240 472 364 518 νως,
407 450 452 508 ὦ
478 454 595 523 φίλε
619 493 635 518 ,
693 450 1050 522 πεποιηκέναι
1083 467 1176 522 μοι
1217 451 1411 516 δοκεῖς.
1443 453 1532 520 Ἐξ
1564 446 1639 506 ὧν
1684 451 1795 525 γὰρ

244 543 513 616 προλαϐὼν
534 544 703 597 ἔδωκε
726 543 806 614 τῷ
832 543 994 614 λόγῳ,
1019 543 1084 595 ὲκ
1102 543 1306 597 τούτων
1334 542 1585 611 συνάγειν
1608 542 1794 609 ἔδοξας

240 639 427 703 καλῶς.
469 638 555 700 Ὠς
579 637 797 708 ἀληθῶς
826 636 954 708 7&9,
988 638 1037 689 εί
1067 637 1252 700 ἄποιος
1278 635 1565 706 ἐτύγχανεν
1596 638 1629 708 ἡ
1670 635 1793 706 ὕλη,

235 733 335 786 τῶν
362 732 419 785 δὲ
460 730 762 800 ποιοτήτων
802 728 1131 800 δημιουργὸς
1159 727 1188 780 ὁ
1226 727 1386 789 Θεός·
1426 728 1706 800 ποιότητες
1735 729 1794 782 δὲ

232 825 294 878 τὰ
319 824 469 878 κακά
488 842 503 853 ·
553 822 663 875 τῶν
705 820 891 881 κακῶν
916 821 1069 876 ἔσται
1121 821 1347 893 ποιητὴς
1377 823 1407 875 ό
1433 821 1584 886 Θεός.
1639 824 1792 893 Ἐμοὶ

227 915 278 968 δὲ
303 912 499 983 ψεῦδος
525 912 692 976 δοκεῖ,
728 912 825 982 τὴν
856 910 988 983 ὕλην
1026 910 1212 973 ἄποιον
1263 909 1470 978 λέγειν’
1525 910 1646 963 οὐδὲ
1683 910 1792 981 γὰρ

226 1007 431 1061 ἔνεστιν
480 1007 658 1059 εἰπεῖν
711 1004 840 1076 περὶ
897 1003 996 1073 τῆς
1036 1019 1179 1067 τινος
1236 1001 1460 1067 οὐσίας,
1521 1002 1594 1066 ὡς
1646 1000 1791 1054 ἐστιν

222 1102 429 1164 ἄποιος.
474 1097 638 1152 Ἀλλὰ
660 1098 788 1169 μὴν,
824 1097 918 1152 καὶ
943 1098 1002 1151 ἐν
1023 1089 1069 1164 ᾧ
1098 1097 1286 1151 ἄποιον
1319 1092 1457 1148 εἶναι
1495 1093 1663 1163 λέγει,
1692 1094 1791 1167 τὴν

220 1193 480 1264 ποιότητα
528 1190 698 1259 αὐτῆς
726 1184 867 1243 εἶναι
920 1187 1175 1259 μηνύεις,
1225 1186 1383 1240 όποία
1427 1185 1574 1239 ἐστὶν
1621 1186 1655 1256 ἡ
1689 1183 1786 1258 ὕλη

217 1282 846 1355 διαγραφόμενοςοοὸπερ
877 1279 994 1333 ἐστὶ
1033 1278 1314 1349 ποιότητος
1339 1272 1499 1341 εἶδος.
1531 1276 1711 1339 Ὅθεν,
1738 1275 1794 1329 εί

217 1393 301 1432 σοι
329 1376 485 1446 φίλον
508 1375 677 1441 ἐστὶν,
701 1373 908 1429 ἄνωθεν
946 1372 1114 1443 ἄρχου
1149 1370 1244 1426 τοῦ
1276 1370 1434 1440 λόγου
1455 1386 1469 1401 ·
1515 1371 1639 1441 ἐμοὶ
1678 1368 1789 1440 γὰρ

214 1470 247 1540 ἡ
280 1467 382 1538 ὕλη
411 1465 705 1536 ποιότητας
735 1464 987 1535 ἀνάρχως
1019 1463 1159 1535 ἔχειν
1180 1463 1344 1516 δοκεῖ.
1375 1460 1531 1515 Οὕτω
1557 1459 1667 1531 γὰρ
1694 1459 1789 1513 καὶ

210 1558 283 1613 τὰ
330 1557 477 1611 κακὰ
524 1558 591 1611 ὲκ
645 1556 746 1627 τῆς
771 1555 1072 1625 ἀπρῤοίας
1118 1554 1297 1624 αὐτῆς.
1340 1547 1477 1617 εἶναι
1525 1550 1689 1620 λέγω,
1738 1543 1785 1605 ὦ

211 1650 361 1725 φίλε.

280 1923 522 1980 οΡθοΔ.
572 1924 637 1978 Et
685 1921 910 1994 εμποιος
958 1918 1026 1992 ἦν
1066 1921 1317 1992 ἁνάρχως
1358 1923 1392 1993 ἡ
1446 1920 1545 1993 ὕλη
1566 1960 1581 1984 ,
1640 1920 1784 1985 τίνος

209 2017 359 2088 (ἄρα)
385 2016 542 2070 ἔσται
575 2015 805 2087 ποιητὴς
835 2017 865 2069 ὁ
903 2014 1069 2080 θεός;
1115 2013 1241 2068 Εἴτε
1266 2014 1375 2085 7&9
1406 2012 1594 2095 οὐσίας
1625 2012 1783 2083 έροῦι

210 2127 333 2180 μεν,
357 2111 612 2181 προεῖναι
637 2123 847 2179 φαμενο
881 2107 991 2161 εἴτε
1024 2104 1089 2161 αὖ
1124 2116 1433 2177 ποιότητας,
1458 2107 1553 2161 καὶ
1583 2105 1784 2169 ταύτας

207 2202 480 2271 ῦπάρχειν
547 2200 796 2271 λέγομεν.
843 2199 1052 2257 Οὐκοῦν
1094 2200 1283 2263 οὐσίας
1332 2216 1391 2253 τε
1441 2197 1644 2270 οὔσης,
1689 2198 1782 2252 καὶ

209 2293 547 2363 ποιοτήτων,
602 2291 855 2362 περιττὸν
902 2286 1040 2346 εἷναί
1092 2309 1181 2363 μοι
1229 2290 1403 2355 δοκεῖ,
1452 2291 1783 2362 δημιουργὸν

207 2384 389 2452 λέγειν
423 2383 518 2437 τὸν
544 2383 696 2438 Θεόν.
737 2382 896 2439 ’Δλλὰ
926 2384 1220 2455 ἀπόκριναι
1263 2380 1641 2453 ἐρωτώμενος·
1675 2383 1781 2437 τίνι

206 2476 361 2548 τόπῳ
403 2476 731 2548 δημιουργὸν
763 2471 900 2531 εἶναι
932 2478 1039 2548 φῂς
1067 2476 1159 2533 τὸν
1189 2476 1350 2541 Θεόν;
1386 2475 1655 2547 πότερον,
1699 2477 1781 2531 ὅτι

208 2569 306 2632 τὰς
338 2568 528 2633 οὐσίας
558 2568 783 2640 ἔτρεψεν
809 2567 1022 2631 ὲκείνας
1046 2570 1126 2632 είς
1164 2568 1226 2623 τὸ
1263 2568 1460 2647 μηκέτι
1495 2568 1778 2640 ὑπάρχειν,

209 2663 370 2732 αἵπερ
389 2657 535 2732 ἦσάν
564 2677 694 2715 ποτε
712 2676 728 2692 ο
757 2661 791 2733 ἢ
826 2661 907 2713 ὅτι
936 2660 1035 2724 τὰς
1068 2660 1167 2731 μὲν
1199 2660 1385 2725 οὐσίας
1403 2659 1654 2730 ἐφύλαξε,
1681 2661 1780 2726 τὰς

208 2754 261 2808 δὲ
285 2755 582 2826 ποιότητας
608 2753 812 2807 τούτων
843 2753 1071 2825 ἔτρεψε;

272 2938 481 2992 ΟΥΔΛ.
511 2938 645 2991 Οὖτι
683 2955 773 3009 μοι
801 2939 949 2993 δοκεῖ
980 2934 1219 3011 ἀλλαγὴν
1244 2939 1442 2994 οὐσιῶν
1470 2940 1775 3010 γεγονέναι,

211 3026 337 3082 ἀλλὰ
359 3028 524 3099 μόνον
554 3031 884 3100 ποιοτήτων
919 3030 1039 3084 καθ’
1062 3030 1129 3096 ἃς
1155 3031 1483 3104 δημιουργὸν
1516 3030 1655 3088 εἶναι
1686 3034 1776 3088 λέμ-

211 3137 370 3192 τομεν
398 3121 493 3175 τὸν
526 3121 679 3178 Θεόν.
709 3123 820 3176 Καὶ
848 3121 1035 3195 ὥσπερ
1060 3127 1109 3177 εί
1136 3123 1286 3196 τύχοι
1311 3125 1488 3193 λέγειν
1525 3127 1590 3181 ἐκ
1613 3126 1775 3182 λίθων

208 3214 374 3266 οὶκίαν
425 3214 729 3282 γεγονέναι,
788 3214 876 3285 ἐφ’
919 3208 994 3270 ὧν
1029 3216 1129 3270 οὐκ
1182 3217 1386 3272 ἔνεστιν
1430 3220 1638 3285 εἰπεῖν,
1697 3220 1775 3285 ὠς

208 3302 383 3356 οὐκέτι
432 3302 571 3357 λίθοι
620 3304 837 3374 μένουσι
876 3305 941 3375 τῇ
984 3304 1175 3376 οὐσίᾳ,
1218 3306 1363 3360 οἰκία
1399 3307 1677 3380 λεγόμενοι
1723 3311 1773 3363 oi

209 3390 371 3447 λίθοι·
408 3396 477 3464 τῇ
530 3392 641 3464 7&9
678 3394 919 3464 ποιότητι
955 3394 1056 3464 τῆς
1111 3395 1413 3467 συνθέσεως
1453 3399 1553 3470 τὴν
1597 3400 1774 3454 οἰκίαν

211 3483 482 3552 γεγονέναι
513 3483 656 3555 φημί
678 3501 693 3515 ο
735 3483 878 3539 οὕτω
912 3503 1000 3557 μοι
1035 3486 1184 3541 δοκεῖ
1218 3490 1311 3543 καὶ
1334 3491 1427 3545 τὸν
1453 3491 1606 3558 Θεὸν,
1639 3495 1773 3549 ὐποκ-

216 3576 475 3646 μενούσης
514 3576 617 3646 τῆς
660 3577 876 3642 οὐσίας,
906 3580 1114 3651 τροπήν
1152 3596 1277 3637 τινα
1321 3583 1431 3637 τῶν
1475 3587 1772 3659 ποιοτήτων

213 3665 375 3735 αὐτῆς
402 3667 792 3737 πεποιηκέναι,
833 3668 953 3723 καθ’
994 3669 1062 3741 ῆν
1100 3670 1200 3742 τὴν
1241 3673 1393 3727 τοῦδε
1433 3673 1528 3729 τοῦ
1565 3676 1770 3749 κόσμου

217 3758 415 3825 γένεσιν
442 3760 582 3832 πρὸς
605 3760 698 3815 τοῦ
730 3759 866 3815 Θεοῦ
891 3763 1170 3831 γεγονέναι
1202 3766 1362 3837 φημί.

284 3851 516 3904 ΟΡΘΟΔ.
565 3852 800 3924 Πότερον
823 3853 916 3908 καὶ
946 3854 1028 3907 σοὶ
1050 3853 1287 3910 δοκεῖτὰ
1318 3855 1463 3910 κακὰ
1488 3857 1771 3931 ποιότητες

216 3940 396 3996 οὐσιῶν
421 3936 597 4008 εἷναι;

283 4034 476 4088 ΟΥΑΛ.
504 4037 683 4089 Δοκεῖ.

282 4124 508 4179 οΡΘοΔ.
553 4126 791 4182 ’Δνωθεν
824 4128 883 4182 δὲ
920 4125 1059 4202 ἦσαν
1100 4133 1155 4186 αἱ
1197 4132 1479 4204 ποιότητες
1510 4128 1667 4191 αὗται
1711 4136 1769 4190 ὲν
1819 4136 1837 4151 ⁹

220 4216 281 4283 τῇ
309 4215 423 4289 ὕλῃ,
449 4218 484 4289 ἢ
514 4218 690 4289 ἀρχὴν
713 4219 871 4291 ἔσχον
892 4220 987 4281 τοῦ
1012 4216 1185 4291 εἷναι;

283 4306 476 4364 οΥΔΛ.
506 4309 752 4363 Συνεῖναι
778 4312 919 4382 φημὶ
950 4313 1310 4387 ᾲγενητωςτῇ
1345 4314 1444 4389 ὕλῃ
1476 4315 1677 4379 ταύτας
1703 4316 1767 4387 δὴ

225 4397 310 4463 τὰς
336 4403 644 4474 ποιότητας.

284 4493 506 4550 οΡΘΟΔ.
548 4496 685 4566 Οὐχὶ
721 4495 776 4551 δὲ
812 4497 901 4551 τδν
939 4497 1071 4553 Θεὸν
1116 4500 1224 4571 φῂς
1260 4503 1467 4573 τροπήν
1509 4518 1630 4555 τινα
1658 4501 1768 4556 τῶν

226 4586 499 4655 ποιοτήτων
539 4587 894 4657 πεποιηκέναι
912 4606 927 4655 ;

289 4678 475 4730 οΥΑΛ.
513 4677 685 4732 Τοῦτό
716 4696 876 4750 φημι.

290 4768 508 4825 οΡΘοΔ.
538 4771 637 4834 Είς
664 4771 726 4824 τὸ
753 4775 999 4842 κρεῖττον
1024 4790 1039 4839 ;

294 4859 475 4914 υΥΔΔ.
520 4862 676 4930 Ἐμοὶ
705 4861 870 4918 δοκεῖ.

298 4954 506 5010 οΡΘΟΔ.
560 4956 770 5010 Οὐκοῦν
805 4958 854 5010 εί
887 4958 1167 5029 ποιότητες
1198 4958 1328 5028 ὕλης
1358 4959 1427 5013 τὰ
1464 4960 1630 5023 κακὰ,
1670 4960 1768 5024 τὰς

233 5042 283 5095 δὲ
310 5048 581 5122 ποιότητας
608 5049 779 5118 αὐτῆς
818 5052 899 5113 είς
924 5051 987 5103 τὸ
1016 5053 1260 5124 κρεῖττον
1287 5051 1510 5124 ἔτρεψεν
1537 5054 1567 5106 ό
1599 5051 1731 5116 Θεός
1750 5070 1766 5085 ’

230 5135 374 5193 πόθεν
389 5139 455 5194 τὰ
475 5140 620 5202 κακὰ
658 5139 839 5212 ζητεῖν
863 5141 1097 5212 ἀνάγκη.
1123 5143 1195 5195 Ἢ
1224 5143 1337 5215 γὰρ.
1373 5144 1564 5208 πᾶσαι,
1601 5145 1769 5198 κακαὶ

289 5294 549 5369 (τιεΠΑι.
608 5297 832 5354 Videtur
879 5298 970 5353 hic
1015 5313 1139 5354 esse
1182 5299 1376 5357 tertius
1429 5300 1765 5365 collocutor,

233 5365 380 5432 cujus’
398 5371 594 5425 mentio
624 5371 783 5425 initio
811 5369 890 5434 ﬁt,
920 5376 981 5422 ιιι
1015 5370 1200 5425 eadem
1227 5371 1416 5426 haeresi
1440 5372 1765 5437 laborantis,

232 5442 371 5503 atque
388 5437 800 5496 Valentinianus
825 5440 917 5510 qui
949 5441 1169 5495 modum
1205 5441 1368 5496 alium
1400 5442 1587 5497 tuendi
1614 5457 1769 5498 erro-

235 5516 363 5583 rem,
410 5510 559 5583 socio
611 5527 752 5581 pene
791 5509 1029 5576 re’vic‘to,
1064 5519 1336 5583 suggerat.
1396 5511 1537 5579 Quia
1582 5519 1764 5567 tamen

232 5569 429 5662 Photins
451 5569 722 5662 eiusmodi
749 5569 1027 5662 personas
1061 5569 1197 5636 non"
1221 5569 1440 5646 refert,~
1464 5583 1766 5662 maluimus

229 5648 434 5722 primth
469 5648 604 5713 illud
635 5648 831 5706 nomen
860 5651 1093 5722 retinere
1119 5667 1278 5722 quam
1317 5669 1381 5708 ex
1414 5653 1575 5708 nobis
1618 5652 1766 5707 aliud

227 5715 358 5773 dare.
389 5719 616 5777 Multum
655 5722 794 5781 lucis
822 5721 978 5780 affert
1007 5715 1287 5794 expressio
1324 5738 1683 5796 personarum
1709 5724 1765 5779 in

1900 449 2351 527 disputationem,
2393 452 2525 507 mihi
2558 460 2751 508 contra
2801 455 2968 510 alium
2999 460 3360 528 opportunius
3387 454 3471 517 vi;

1899 543 2047 602 deris
2098 543 2421 600 instituisse.
2487 543 2641 601 Unde
2694 547 2840 603 enim
2895 550 2986 606 ille
3016 552 3169 622 prius
3210 536 3362 613 Visus
3381 564 3471 614 est

1898 637 2137 693 orationi
2187 637 2508 703 concedere,
2535 637 2662 695 inde
2704 645 2761 693 tu
2813 641 2952 699 bene
2988 644 3139 701 visus
3162 660 3222 703 es
3242 650 3469 719 conelu-g

1897 729 2046 787 dere.
2079 728 2213 785 Nam
2239 745 2427 785 verum
2472 729 2666 798 habet,
2703 734 2869 788 semel
2892 750 3181 813 concesso,
3203 754 3325 795 esse
3349 757 3468 796 ma-

1899 822 2090 875 teriam
2124 823 2244 878 sine
2267 822 2529 893 qualitate
2567 830 2621 878 et
2676 823 2963 882 informem
2990 871 3005 896 ,
3045 827 3321 903 Deumque
3342 850 3467 891 esse

1896 913 2223 981 qualitatum
2279 921 2599 982 auctorem,
2663 931 2727 970 ac
2778 919 3066 989 qualitates
3103 937 3228 978 esse
3278 927 3462 994 mala;

1897 1001 2014 1058 fore
2035 1002 2202 1059 Deum
2229 1006 2498 1073 malorum
2546 1016 2844 1064 auctorem.
2877 1008 2947 1064 At
2995 1014 3129 1068 mihi
3159 1016 3353 1072 falsum
3382 1020 3465 1073 vi-

1899 1093 2062 1149 detur
2104 1112 2226 1171 esse
2271 1098 2555 1175 materiam
2605 1099 2724 1157 sine
2753 1103 3015 1172 qualitate
3069 1118 3121 1161 et
3152 1108 3458 1167 informem.

1894 1184 1971 1240 De
2014 1188 2162 1243 nulla
2214 1188 2362 1244 enim
2420 1192 2729 1246 substantia
2779 1196 2957 1263 possis
3016 1196 3284 1256 aﬂirmare
3340 1217 3465 1263 esse

1892 1282 2173 1353 qualitatis
2201 1290 2497 1353 expertem.
2530 1282 2671 1350 Quin
2703 1284 2807 1341 hoc
2837 1286 2955 1356 ipso
2987 1289 3131 1358 quod
3180 1292 3299 1347 sine
3326 1272 3463 1363 qua1

1892 1374 2042 1428 litate
2079 1373 2240 1448 dicis,
2290 1374 2605 1444 qualitatem
2637 1376 2756 1447 ejus
2801 1378 3097 1461 declaras,
3126 1368 3463 1461 describens

1890 1465 2070 1535 qualis
2103 1465 2173 1520 sit
2190 1465 2416 1541 materia
2448 1486 2460 1521 :
2502 1467 2651 1537 quod
2674 1454 3027 1540 estquaedam
3060 1454 3270 1542 species
3319 1492 3459 1546 qua-

1890 1556 2082 1611 litatis.
2116 1556 2320 1623 Quare,
2350 1557 2396 1614 si
2425 1557 2522 1613 tibi
2566 1559 2765 1629 placet,
2813 1561 2977 1616 altius
3004 1563 3189 1620 ordire
3220 1566 3494 1636 disputa-'

1890 1646 2116 1700 tionem.
2149 1646 2281 1701 Mihi
2330 1647 2477 1702 enim
2530 1652 2761 1703 materia
2813 1650 3105 1721 qualitates
3146 1654 3215 1710 ab
3254 1646 3462 1712 aeterno

1809 1738 1854 1795 Β
1882 1737 2083 1792 habere
2136 1738 2368 1792 videtur.
2412 1736 2490 1793 Ita
2524 1740 2745 1810 quippe,
2789 1756 2822 1796 ο
2854 1744 3051 1813 amice,
3100 1753 3155 1800 et
3185 1747 3351 1812 mala,
3389 1750 3461 1821 ab

1884 1829 2005 1901 ejus
2031 1844 2155 1883 esse
2183 1828 2426 1895 deﬂuxu,
2458 1831 2777 1901 pronuntio.

1955 1919 2260 1981 ORTHOD.
2288 1920 2345 1976 Si
2365 1925 2595 1998 materia
2621 1926 2738 1991 suis
2766 1924 2959 1995 aﬂ'ecta
2991 1908 3346 1998 qualitatibus
3388 1932 3461 1988 ab

1882 2019 2091 2087 aeterno
2137 2010 2262 2077 fuit,
2311 2012 2472 2081 cujus
2530 1996 2636 2068 erit
2684 2023 2898 2071 creator
2929 1996 3110 2073 Deus?
3164 2017 3289 2074 Sive
3308 2021 3457 2076 enim

1884 2104 2223 2181 substantias
2248 2104 2571 2174 dixerimus,
2595 2106 2709 2176 jam
2743 2114 2870 2162 ante
2899 2100 3067 2164 fuisse
3084 2096 3458 2182 atlirmamusj

1884 2196 1999 2265 sive
2020 2211 2216 2253 rursus
2235 2197 2547 2268 qualitates,
2578 2206 2631 2254 et
2663 2199 2786 2255 illas
2809 2200 3090 2256 exstitisse
3133 2204 3453 2263 asserimus.

1882 2284 2019 2341 Cum
2053 2304 2183 2361 ergo
2200 2290 2311 2344 sint
2342 2289 2460 2345 sine
2481 2288 2591 2344 Deo
2620 2298 2671 2345 et
2709 2291 3030 2347 substantiae
3056 2303 3109 2349 et
3143 2284 3456 2368 qualitates,

1883 2393 2345 2448 supervacaneum
2382 2381 2619 2446 videtur,
2682 2394 2739 2437 ut
2773 2381 2917 2461 Deus
2951 2385 3166 2441 dicatur
3216 2400 3453 2447 creator.

1881 2466 2149 2521 Caeterum
2181 2460 2524 2538 percontanti
2572 2462 2879 2541 responde:
2908 2472 3026 2540 Qua
3066 2478 3278 2534 ratione
3314 2480 3458 2537 dicis

1882 2554 2053 2611 Deum
2082 2572 2206 2613 esse
2240 2557 2601 2615 Creatorem?
2641 2560 2725 2617 An
2750 2565 2896 2633 quod
2951 2566 3286 2624 substantias
3334 2587 3457 2641 qum

1880 2646 2174 2716 aliquando
2202 2647 2445 2714 fuerunt,
2489 2649 2545 2703 in
2583 2651 2816 2707 nihilum
2866 2655 3169 2726 redegerit;
3204 2673 3271 2712 an
3307 2659 3456 2730 quod

1879 2735 2213 2792 substantias
2268 2740 2489 2808 quidem
2556 2743 2951 2813 conservarit,
3018 2748 3115 2803 sed
3161 2750 3455 2820 qualitates

1881 2844 2071 2884 earum
2094 2832 2360 2887 mutarit?

1930 2940 2106 3005 AVAL.
2132 2943 2291 2999 Nulla
2352 2948 2499 3013 mihi
2541 2949 2788 3007 videtur.
2820 2952 3255 3013 substantiarum
3309 2959 3453 3035 facta

1879 3035 2134 3100 mutatio,
2191 3038 2288 3093 sed
2330 3046 2546 3096 tantum
2602 3044 2951 3112 qualitatum,
2996 3064 3229 3119 quarum
3285 3067 3455 3111 causa

1880 3124 2062 3183 Deum.
2084 3142 2206 3185 esse
2246 3139 2549 3199 creatorem
2598 3134 2852 3199 dicimus.
2903 3136 2969 3191 Et
2997 3143 3450 3210 quemadmodum

1880 3219 1927 3273 si
1963 3219 2087 3289 quis
2123 3222 2291 3287 dicat,
2346 3223 2547 3285 factam
2593 3241 2661 3280 ex
2712 3228 2987 3299 lapidibus
3043 3232 3304 3303 domum;
3342 3253 3454 3308 quo

1879 3322 2062 3371 tamen
2087 3314 2491 3370 minimet‘uerit
2518 3320 2822 3387 negandum
2844 3322 2992 3394 ,(29),
3026 3340 3245 3382 manere
3273 3329 3454 3386 adhuc

1878 3401 2087 3471 lapides
2104 3406 2403 3462 secundum
2428 3410 2813 3476 substantiam,
2833 3415 2926 3484 qui
2944 3416 3201 3474 dicuntur
3219 3420 3448 3479 domus:

1877 3491 2099 3553 domum
2130 3495 2275 3551 enim
2315 3502 2731 3569 compositionis
2757 3507 3020 3574 qualitate
3054 3511 3176 3567 dico
3202 3512 3400 3568 factam
3430 3535 3447 3573 :

1877 3580 1952 3635 ita
1980 3596 2198 3651 censeo,
2226 3584 2417 3657 Deum,
2443 3600 2698 3648 manente
2726 3595 3055 3668 substantia,
3091 3605 3447 3671 mutationem

1877 3676 2167 3743 quamdam
2211 3679 2534 3748 qualitatum
2565 3682 2783 3752 fecisse,
2814 3688 3029 3751 ratione
3074 3692 3234 3762 cujus
3286 3711 3449 3752 mun-

1876 3765 2005 3820 dum
2038 3782 2070 3821 a
2110 3766 2220 3823 Deo
2242 3781 2485 3825 creatum
2518 3772 2744 3833 ailirmo.
3384 3792 3388 3796 ’

1946 3855 2249 3914 ORTHOD.
2285 3858 2585 3917 Videturne
2627 3864 2789 3931 etiam
2817 3864 2918 3921 tibi
2944 3864 3086 3920 mala
3113 3867 3450 3925 substantia-

1872 3955 1998 3997 rum
2032 3954 2155 3997 esse
2187 3946 2515 4015 qualitates?

1948 4036 2103 4094 VAL.
2139 4038 2381 4095 Videtur.

1945 4128 2249 4187 ORTHOD.
2277 4131 2589 4193 Fueruntne
2632 4134 2717 4191 ha
2772 4136 3067 4219 qualitates
3120 4141 3188 4195 ab
3235 4151 3441 4200 aeterno

1874 4220 1928 4279 in
1959 4224 2209 4289 materia,
2240 4237 2310 4277 an
2351 4223 2678 4295 principium
2708 4226 2924 4283 essendi
2954 4228 3300 4285 habuerunt?

1876 4360 1881 4365 .
1956 4313 2106 4369 VAL.
2143 4313 2337 4371 Fuisse
2392 4315 2492 4371 has
2519 4318 2807 4386 qualitates
2841 4319 2910 4374 ab
2929 4320 3132 4376 aeterno
3161 4337 3284 4376 cum
3317 4338 3437 4378 ma-

1800 4441 1845 4497 υ
1873 4406 2009 4461 teria
2041 4406 2316 4465 existimo.

1875 4544 1879 4549 ,
1940 4495 2151 4553 URTH.
2215 4497 2335 4554 Non
2387 4498 2671 4556 arbitraris
2725 4503 3082 4572 mutationem
3143 4505 3435 4575 quamdam

1866 4590 2190 4661 qualitatum
2220 4605 2345 4647 esse
2371 4605 2400 4643 a
2436 4589 2546 4647 Deo
2576 4578 2822 4671 factam?

1936 4682 2092 4736 VAL.
2116 4683 2366 4740 Arbitror
2386 4683 2607 4741 factam.

1938 4774 2148 4830 ORTH.
2184 4776 2242 4831 lu
2276 4777 2510 4832 melius?
2561 4848 2568 4855 .

1941 4866 2098 4943 VAL.
2123 4867 2253 4923 Mihi
2276 4868 2516 4941 videtur,

1936 4959 2147 5017 ORTH.
2180 4961 2239 5016 Si
2267 4976 2396 5032 ergo
2439 4961 2680 5019 materiae.
2708 4961 3007 5043 qualitates
3058 4962 3202 5016 mala
3263 4971 3428 5030 sunt,

1866 5052 2011 5115 Deus
2058 5060 2243 5110 autem
2293 5068 2388 5110 eas
2433 5053 2497 5117 in
2533 5054 2728 5110 melius
2783 5054 3070 5135 convertit,
3121 5053 3433 5131 necessario

1867 5146 2217 5216 quaerendum
2247 5152 2352 5210 est,
2384 5145 2528 5201 unde
2571 5146 2714 5200 mala
2746 5145 2878 5202 sint.
2914 5147 3022 5201 Aut
3050 5145 3195 5200 enim
3241 5159 3434 5233 omnes

1869 5300 2070 5356 talibus
2100 5300 2351 5371 dialogis.

1940 5371 2051 5450 (ΞΘ)
2084 5372 2200 5450 Quo
2257 5370 2429 5450 tamen
2476 5370 2893 5450 minimejfgerit
2934 5376 3224 5450 negandum
3248 5409 3285 5450 ,H
3320 5375 3430 5425 etc.

1868 5440 2171 5510 Quod'sola
2196 5443 2427 5515 mutatio
2469 5440 2823 5515 accidentalis
2854 5440 3182 5515 accesserit,
3219 5440 3437 5515 aliaque

1867 5521 2075 5567 tantum
2094 5522 2147 5568 et
2176 5513 2646 5583 a'lia‘compositio,
2667 5512 3146 5567 salva'substantia
3167 5512 3435 5583 lapidum,

1869 5586 2142 5655 interpres
2188 5582 2368 5637 Pbotii
2416 5574 2590 5636 totum
2637 5584 2948 5655 oppositum
2995 5574 3281 5653 exprimit,
3334 5574 3437 5649 sed

1870 5654 2022 5711 nullo
2053 5669 2218 5711 sensu
2240 5655 2377 5712 satis
2399 5668 2661 5725 congruo.
2722 5654 2725 5655 ⁷
3288 5700 3292 5704 ,
