  <div class='ocr_page' id='page_1' title='image "/cluster/home/n/w/nwhite01/storage/ocr_20150623/18/hvd.32044073501207/135.png"; bbox 0 0 3962 6204; ppageno 0'>
   <div class='ocr_carea' id='block_1_1' title="bbox 508 273 614 332">
    <p class='ocr_par' dir='ltr' id='par_1_1' title="bbox 508 273 614 332">
     <span class='ocr_line' id='line_1_1' title="bbox 508 273 614 332; baseline 0.028 -3"><span class='ocrx_word' id='word_1_1' title='bbox 508 273 614 332; x_wconf 72' lang='lat'><strong>259</strong></span> 
     </span>
    </p>
   </div>
   <div class='ocr_carea' id='block_1_2' title="bbox 1485 257 2773 321">
    <p class='ocr_par' dir='ltr' id='par_1_2' title="bbox 1485 257 2773 321">
     <span class='ocr_line' id='line_1_2' title="bbox 1485 257 2773 321; baseline -0.004 0"><span class='ocrx_word' id='word_1_2' title='bbox 1485 265 1544 321; x_wconf 91' lang='lat' dir='ltr'><strong>S.</strong></span> <span class='ocrx_word' id='word_1_3' title='bbox 1587 261 1917 320; x_wconf 79' lang='lat' dir='ltr'><strong>METIlODll</strong></span> <span class='ocrx_word' id='word_1_4' title='bbox 1952 259 2258 320; x_wconf 82' lang='lat' dir='ltr'><strong>EPlSCOPl</strong></span> <span class='ocrx_word' id='word_1_5' title='bbox 2298 261 2384 317; x_wconf 84' lang='lat' dir='ltr'><strong>ET</strong></span> <span class='ocrx_word' id='word_1_6' title='bbox 2417 257 2773 318; x_wconf 77' lang='lat' dir='ltr'><strong>MARTYRIS</strong></span> 
     </span>
    </p>
   </div>
   <div class='ocr_carea' id='block_1_3' title="bbox 3645 257 3747 316">
    <p class='ocr_par' dir='ltr' id='par_1_3' title="bbox 3645 257 3747 316">
     <span class='ocr_line' id='line_1_3' title="bbox 3645 257 3747 316; baseline 0.029 -3"><span class='ocrx_word' id='word_1_7' title='bbox 3645 257 3747 316; x_wconf 73' lang='lat'><strong>260</strong></span> 
     </span>
    </p>
   </div>
   <div class='ocr_carea' id='block_1_4' title="bbox 510 374 2085 455">
    <p class='ocr_par' dir='ltr' id='par_1_4' title="bbox 510 383 2081 455">
     <span class='ocr_line' id='line_1_4' title="bbox 510 383 2081 455; baseline -0.009 -6"><span class='ocrx_word' id='word_1_8' title='bbox 510 409 638 449; x_wconf 90' lang='lat' dir='ltr'><strong>cum</strong></span> <span class='ocrx_word' id='word_1_9' title='bbox 669 393 828 448; x_wconf 63' lang='lat' dir='ltr'><strong>bona</strong></span> <span class='ocrx_word' id='word_1_10' title='bbox 882 395 1090 455; x_wconf 86' lang='lat' dir='ltr'><strong>essent,</strong></span> <span class='ocrx_word' id='word_1_11' title='bbox 1122 389 1175 443; x_wconf 92' lang='lat' dir='ltr'><strong>in</strong></span> <span class='ocrx_word' id='word_1_12' title='bbox 1211 383 1407 442; x_wconf 88' lang='lat' dir='ltr'><strong>melius</strong></span> <span class='ocrx_word' id='word_1_13' title='bbox 1459 391 1588 439; x_wconf 88' lang='lat' dir='ltr'><strong>sunt</strong></span> <span class='ocrx_word' id='word_1_14' title='bbox 1635 399 1912 440; x_wconf 69' lang='lat' dir='ltr'><strong>conversae</strong></span> <span class='ocrx_word' id='word_1_15' title='bbox 1942 400 1956 438; x_wconf 73' lang='grc' dir='ltr'><em>τ</em></span> <span class='ocrx_word' id='word_1_16' title='bbox 1985 391 2081 436; x_wconf 86' lang='lat' dir='ltr'><strong>aut</strong></span> 
     </span>
    </p>
   </div>
   <div class='ocr_carea' id='block_1_5' title="bbox 2190 374 3747 455">
    <p class='ocr_par' dir='ltr' id='par_1_5' title="bbox 2190 374 3747 452">
     <span class='ocr_line' id='line_1_5' title="bbox 2190 374 3747 452; baseline -0.002 -17"><span class='ocrx_word' id='word_1_17' title='bbox 2190 377 2359 445; x_wconf 78' lang='grc' dir='ltr'>οὖσαι,</span> <span class='ocrx_word' id='word_1_18' title='bbox 2395 381 2486 434; x_wconf 70' lang='grc' dir='ltr'>ἐπὶ</span> <span class='ocrx_word' id='word_1_19' title='bbox 2525 381 2586 433; x_wconf 73' lang='grc' dir='ltr'>τὸ</span> <span class='ocrx_word' id='word_1_20' title='bbox 2630 381 2875 452; x_wconf 78' lang='grc' dir='ltr'>κρεῖττον</span> <span class='ocrx_word' id='word_1_21' title='bbox 2912 377 3258 449; x_wconf 71' lang='grc' dir='ltr'>ἐτράπησαν·</span> <span class='ocrx_word' id='word_1_22' title='bbox 3288 374 3320 448; x_wconf 79' lang='grc' dir='ltr'>ἢ</span> <span class='ocrx_word' id='word_1_23' title='bbox 3373 375 3429 430; x_wconf 86' lang='grc' dir='ltr'><strong>αί</strong></span> <span class='ocrx_word' id='word_1_24' title='bbox 3461 377 3561 448; x_wconf 81' lang='grc' dir='ltr'>μὲν</span> <span class='ocrx_word' id='word_1_25' title='bbox 3597 374 3747 432; x_wconf 73' lang='grc' dir='ltr'>οὖσαι</span> 
     </span>
    </p>
   </div>
   <div class='ocr_carea' id='block_1_6' title="bbox 511 474 2084 554">
    <p class='ocr_par' dir='ltr' id='par_1_6' title="bbox 511 474 2084 554">
     <span class='ocr_line' id='line_1_6' title="bbox 511 474 2084 554; baseline -0.009 -12"><span class='ocrx_word' id='word_1_26' title='bbox 511 486 794 542; x_wconf 73' lang='lat' dir='ltr'><strong>cum&#39;alia:</strong></span> <span class='ocrx_word' id='word_1_27' title='bbox 845 482 1064 554; x_wconf 86' lang='lat' dir='ltr'><strong>quidem</strong></span> <span class='ocrx_word' id='word_1_28' title='bbox 1099 480 1257 534; x_wconf 67' lang='lat' dir='ltr'><strong>bona:</strong></span> <span class='ocrx_word' id='word_1_29' title='bbox 1313 484 1519 541; x_wconf 91' lang='lat' dir='ltr'><strong>essent,</strong></span> <span class='ocrx_word' id='word_1_30' title='bbox 1557 475 1675 530; x_wconf 68' lang='lat' dir='ltr'><strong>alia:</strong></span> <span class='ocrx_word' id='word_1_31' title='bbox 1716 475 1900 541; x_wconf 77' lang='lat' dir='ltr'><strong>malae;</strong></span> <span class='ocrx_word' id='word_1_32' title='bbox 1929 474 2084 528; x_wconf 69' lang='lat' dir='ltr'><strong>malae</strong></span> 
     </span>
    </p>
   </div>
   <div class='ocr_carea' id='block_1_7' title="bbox 511 566 2079 650">
    <p class='ocr_par' dir='ltr' id='par_1_7' title="bbox 511 566 2079 650">
     <span class='ocr_line' id='line_1_7' title="bbox 511 566 2079 650; baseline -0.01 -18"><span class='ocrx_word' id='word_1_33' title='bbox 511 578 730 650; x_wconf 87' lang='lat' dir='ltr'><strong>quidem</strong></span> <span class='ocrx_word' id='word_1_34' title='bbox 762 591 871 631; x_wconf 87' lang='lat' dir='ltr'><strong>non</strong></span> <span class='ocrx_word' id='word_1_35' title='bbox 906 580 1034 629; x_wconf 89' lang='lat' dir='ltr'><strong>sunt</strong></span> <span class='ocrx_word' id='word_1_36' title='bbox 1059 578 1279 626; x_wconf 70' lang='lat' dir='ltr'><strong>mutata:</strong></span> <span class='ocrx_word' id='word_1_37' title='bbox 1311 570 1366 624; x_wconf 93' lang='lat' dir='ltr'><strong>in</strong></span> <span class='ocrx_word' id='word_1_38' title='bbox 1415 568 1650 632; x_wconf 87' lang='lat' dir='ltr'><strong>melius;</strong></span> <span class='ocrx_word' id='word_1_39' title='bbox 1677 566 1899 634; x_wconf 72' lang='lat' dir='ltr'><strong>reliqua:</strong></span> <span class='ocrx_word' id='word_1_40' title='bbox 1929 579 2079 630; x_wconf 90' lang='lat' dir='ltr'><strong>vero,</strong></span> 
     </span>
    </p>
   </div>
   <div class='ocr_carea' id='block_1_8' title="bbox 510 655 2083 742">
    <p class='ocr_par' dir='ltr' id='par_1_8' title="bbox 510 655 2083 742">
     <span class='ocr_line' id='line_1_8' title="bbox 510 655 2083 742; baseline -0.008 -17"><span class='ocrx_word' id='word_1_41' title='bbox 510 680 846 742; x_wconf 64' lang='lat' dir='ltr'><strong>quaecunque</strong></span> <span class='ocrx_word' id='word_1_42' title='bbox 873 673 1030 721; x_wconf 89' lang='lat' dir='ltr'><strong>erant</strong></span> <span class='ocrx_word' id='word_1_43' title='bbox 1083 659 1404 726; x_wconf 67' lang='lat' dir='ltr'><strong>commodae,</strong></span> <span class='ocrx_word' id='word_1_44' title='bbox 1441 666 1668 715; x_wconf 88' lang='lat' dir='ltr'><strong>ornatus</strong></span> <span class='ocrx_word' id='word_1_45' title='bbox 1715 671 1880 712; x_wconf 86' lang='lat' dir='ltr'><strong>causa</strong></span> <span class='ocrx_word' id='word_1_46' title='bbox 1921 670 1950 709; x_wconf 87' lang='lat' dir='ltr'><strong>a</strong></span> <span class='ocrx_word' id='word_1_47' title='bbox 1973 655 2083 712; x_wconf 88' lang='lat' dir='ltr'><strong>Deo</strong></span> 
     </span>
    </p>
   </div>
   <div class='ocr_carea' id='block_1_9' title="bbox 510 765 912 816">
    <p class='ocr_par' dir='ltr' id='par_1_9' title="bbox 510 765 912 816">
     <span class='ocr_line' id='line_1_9' title="bbox 510 765 912 816; baseline -0.01 0"><span class='ocrx_word' id='word_1_48' title='bbox 510 768 728 816; x_wconf 67' lang='lat' dir='ltr'><strong>mutaui:</strong></span> <span class='ocrx_word' id='word_1_49' title='bbox 764 765 912 813; x_wconf 90' lang='lat' dir='ltr'><strong>sunt.</strong></span> 
     </span>
    </p>
   </div>
   <div class='ocr_carea' id='block_1_10' title="bbox 579 843 1642 921">
    <p class='ocr_par' dir='ltr' id='par_1_10' title="bbox 579 843 1642 921">
     <span class='ocr_line' id='line_1_10' title="bbox 579 843 1642 921; baseline -0.01 -14"><span class='ocrx_word' id='word_1_50' title='bbox 579 851 736 907; x_wconf 55' lang='grc' dir='ltr'>νει..</span> <span class='ocrx_word' id='word_1_51' title='bbox 765 851 858 906; x_wconf 87' lang='lat' dir='ltr'><strong>Sic</strong></span> <span class='ocrx_word' id='word_1_52' title='bbox 887 865 988 921; x_wconf 77' lang='lat' dir='ltr'><strong>ego</strong></span> <span class='ocrx_word' id='word_1_53' title='bbox 1011 848 1125 920; x_wconf 90' lang='lat' dir='ltr'><strong>jam</strong></span> <span class='ocrx_word' id='word_1_54' title='bbox 1162 847 1291 901; x_wconf 91' lang='lat' dir='ltr'><strong>olim</strong></span> <span class='ocrx_word' id='word_1_55' title='bbox 1322 843 1642 900; x_wconf 74' lang='lat' dir='ltr'><strong>sentiebam.</strong></span> 
     </span>
    </p>
   </div>
   <div class='ocr_carea' id='block_1_11' title="bbox 576 934 2083 1011">
    <p class='ocr_par' dir='ltr' id='par_1_11' title="bbox 576 934 2083 1011">
     <span class='ocr_line' id='line_1_11' title="bbox 576 934 2083 1011; baseline -0.011 -9"><span class='ocrx_word' id='word_1_56' title='bbox 576 944 787 1002; x_wconf 80' lang='lat' dir='ltr'><strong>ORTH.</strong></span> <span class='ocrx_word' id='word_1_57' title='bbox 840 941 1124 1011; x_wconf 80' lang='lat' dir='ltr'><strong>Quomodo</strong></span> <span class='ocrx_word' id='word_1_58' title='bbox 1169 955 1300 1010; x_wconf 78' lang='lat' dir='ltr'><strong>ergo</strong></span> <span class='ocrx_word' id='word_1_59' title='bbox 1355 938 1528 992; x_wconf 85' lang='lat' dir='ltr'><strong>malas</strong></span> <span class='ocrx_word' id='word_1_60' title='bbox 1579 934 1901 1006; x_wconf 88' lang='lat' dir='ltr'><strong>qualitates,</strong></span> <span class='ocrx_word' id='word_1_61' title='bbox 1964 945 2083 988; x_wconf 82' lang='lat' dir='ltr'><strong>uta</strong></span> 
     </span>
    </p>
   </div>
   <div class='ocr_carea' id='block_1_12' title="bbox 509 1026 2084 1114">
    <p class='ocr_par' dir='ltr' id='par_1_12' title="bbox 509 1026 2084 1114">
     <span class='ocr_line' id='line_1_12' title="bbox 509 1026 2084 1114; baseline -0.011 -17"><span class='ocrx_word' id='word_1_62' title='bbox 509 1041 776 1114; x_wconf 88' lang='lat' dir='ltr'><strong>principio</strong></span> <span class='ocrx_word' id='word_1_63' title='bbox 806 1036 1047 1101; x_wconf 87' lang='lat' dir='ltr'><strong>fuerunt,</strong></span> <span class='ocrx_word' id='word_1_64' title='bbox 1081 1033 1301 1088; x_wconf 90' lang='lat' dir='ltr'><strong>relictas</strong></span> <span class='ocrx_word' id='word_1_65' title='bbox 1354 1029 1532 1084; x_wconf 83' lang='lat' dir='ltr'><strong>dicis?</strong></span> <span class='ocrx_word' id='word_1_66' title='bbox 1575 1026 1670 1082; x_wconf 79' lang='lat' dir='ltr'><strong>Vel</strong></span> <span class='ocrx_word' id='word_1_67' title='bbox 1724 1027 1817 1093; x_wconf 91' lang='lat' dir='ltr'><strong>ita,</strong></span> <span class='ocrx_word' id='word_1_68' title='bbox 1864 1034 1926 1079; x_wconf 90' lang='lat' dir='ltr'><strong>ut</strong></span> <span class='ocrx_word' id='word_1_69' title='bbox 1957 1041 2084 1096; x_wconf 89' lang='lat' dir='ltr'><strong>pos—</strong></span> 
     </span>
    </p>
   </div>
   <div class='ocr_carea' id='block_1_13' title="bbox 510 1117 2082 1191">
    <p class='ocr_par' dir='ltr' id='par_1_13' title="bbox 510 1117 2082 1191">
     <span class='ocr_line' id='line_1_13' title="bbox 510 1117 2082 1191; baseline -0.013 0"><span class='ocrx_word' id='word_1_70' title='bbox 510 1141 593 1191; x_wconf 89' lang='lat' dir='ltr'><strong>set</strong></span> <span class='ocrx_word' id='word_1_71' title='bbox 629 1135 770 1188; x_wconf 83' lang='lat' dir='ltr'><strong>Deus</strong></span> <span class='ocrx_word' id='word_1_72' title='bbox 797 1145 889 1186; x_wconf 87' lang='lat' dir='ltr'><strong>eas</strong></span> <span class='ocrx_word' id='word_1_73' title='bbox 947 1127 1179 1191; x_wconf 85' lang='lat' dir='ltr'><strong>tollere;</strong></span> <span class='ocrx_word' id='word_1_74' title='bbox 1218 1123 1303 1179; x_wconf 90' lang='lat' dir='ltr'><strong>vel</strong></span> <span class='ocrx_word' id='word_1_75' title='bbox 1338 1130 1398 1176; x_wconf 89' lang='lat' dir='ltr'><strong>ut</strong></span> <span class='ocrx_word' id='word_1_76' title='bbox 1438 1120 1673 1178; x_wconf 89' lang='lat' dir='ltr'><strong>voluerit</strong></span> <span class='ocrx_word' id='word_1_77' title='bbox 1716 1117 1956 1190; x_wconf 88' lang='lat' dir='ltr'><strong>quidem,</strong></span> <span class='ocrx_word' id='word_1_78' title='bbox 1986 1117 2082 1172; x_wconf 82' lang='lat' dir='ltr'><strong>sed</strong></span> 
     </span>
    </p>
   </div>
   <div class='ocr_carea' id='block_1_14' title="bbox 510 1210 2083 1296">
    <p class='ocr_par' dir='ltr' id='par_1_14' title="bbox 510 1210 2083 1296">
     <span class='ocr_line' id='line_1_14' title="bbox 510 1210 2083 1296; baseline -0.014 -13"><span class='ocrx_word' id='word_1_79' title='bbox 510 1243 620 1282; x_wconf 90' lang='lat' dir='ltr'><strong>non</strong></span> <span class='ocrx_word' id='word_1_80' title='bbox 650 1221 920 1296; x_wconf 87' lang='lat' dir='ltr'><strong>potuerit?</strong></span> <span class='ocrx_word' id='word_1_81' title='bbox 949 1217 1011 1273; x_wconf 90' lang='lat' dir='ltr'><strong>Si</strong></span> <span class='ocrx_word' id='word_1_82' title='bbox 1041 1216 1286 1288; x_wconf 90' lang='lat' dir='ltr'><strong>potuisse</strong></span> <span class='ocrx_word' id='word_1_83' title='bbox 1319 1212 1422 1278; x_wconf 91' lang='lat' dir='ltr'><strong>ais,</strong></span> <span class='ocrx_word' id='word_1_84' title='bbox 1471 1221 1525 1266; x_wconf 91' lang='lat' dir='ltr'><strong>et</strong></span> <span class='ocrx_word' id='word_1_85' title='bbox 1556 1210 1820 1274; x_wconf 84' lang='lat' dir='ltr'><strong>noluisse,</strong></span> <span class='ocrx_word' id='word_1_86' title='bbox 1858 1222 2083 1262; x_wconf 89' lang='lat' dir='ltr'><strong>necesse</strong></span> 
     </span>
    </p>
   </div>
   <div class='ocr_carea' id='block_1_15' title="bbox 509 1298 2082 1376">
    <p class='ocr_par' dir='ltr' id='par_1_15' title="bbox 509 1298 2082 1376">
     <span class='ocr_line' id='line_1_15' title="bbox 509 1298 2082 1376; baseline -0.015 0"><span class='ocrx_word' id='word_1_87' title='bbox 509 1330 593 1376; x_wconf 90' lang='lat' dir='ltr'><strong>est</strong></span> <span class='ocrx_word' id='word_1_88' title='bbox 624 1324 685 1372; x_wconf 95' lang='lat' dir='ltr'><strong>ut</strong></span> <span class='ocrx_word' id='word_1_89' title='bbox 719 1321 909 1370; x_wconf 87' lang='lat' dir='ltr'><strong>auctor</strong></span> <span class='ocrx_word' id='word_1_90' title='bbox 939 1312 1133 1366; x_wconf 89' lang='lat' dir='ltr'><strong>horum</strong></span> <span class='ocrx_word' id='word_1_91' title='bbox 1159 1308 1376 1362; x_wconf 83' lang='lat' dir='ltr'><strong>dicatur</strong></span> <span class='ocrx_word' id='word_1_92' title='bbox 1411 1322 1426 1358; x_wconf 89' lang='lat'><strong>:</strong></span> <span class='ocrx_word' id='word_1_93' title='bbox 1457 1303 1601 1374; x_wconf 91' lang='lat' dir='ltr'><strong>quod</strong></span> <span class='ocrx_word' id='word_1_94' title='bbox 1636 1301 1873 1372; x_wconf 88' lang='lat' dir='ltr'><strong>potuerit</strong></span> <span class='ocrx_word' id='word_1_95' title='bbox 1906 1298 2082 1354; x_wconf 55' lang='lat' dir='ltr'><strong>elllceo</strong></span> 
     </span>
    </p>
   </div>
   <div class='ocr_carea' id='block_1_16' title="bbox 509 1395 2084 1468">
    <p class='ocr_par' dir='ltr' id='par_1_16' title="bbox 509 1395 2084 1468">
     <span class='ocr_line' id='line_1_16' title="bbox 509 1395 2084 1468; baseline -0.014 0"><span class='ocrx_word' id='word_1_96' title='bbox 509 1428 571 1468; x_wconf 88' lang='lat' dir='ltr'><strong>re</strong></span> <span class='ocrx_word' id='word_1_97' title='bbox 594 1421 652 1466; x_wconf 91' lang='lat' dir='ltr'><strong>ut</strong></span> <span class='ocrx_word' id='word_1_98' title='bbox 672 1424 781 1465; x_wconf 85' lang='lat' dir='ltr'><strong>non</strong></span> <span class='ocrx_word' id='word_1_99' title='bbox 801 1411 988 1462; x_wconf 86' lang='lat' dir='ltr'><strong>essent</strong></span> <span class='ocrx_word' id='word_1_100' title='bbox 1009 1402 1181 1468; x_wconf 90' lang='lat' dir='ltr'><strong>mala;</strong></span> <span class='ocrx_word' id='word_1_101' title='bbox 1209 1407 1264 1455; x_wconf 93' lang='lat' dir='ltr'><strong>et</strong></span> <span class='ocrx_word' id='word_1_102' title='bbox 1302 1405 1482 1451; x_wconf 90' lang='lat' dir='ltr'><strong>tamen</strong></span> <span class='ocrx_word' id='word_1_103' title='bbox 1513 1395 1622 1460; x_wconf 87' lang='lat' dir='ltr'><strong>illa,</strong></span> <span class='ocrx_word' id='word_1_104' title='bbox 1655 1402 1714 1448; x_wconf 92' lang='lat' dir='ltr'><strong>ut</strong></span> <span class='ocrx_word' id='word_1_105' title='bbox 1751 1399 1928 1458; x_wconf 89' lang='lat' dir='ltr'><strong>erant,</strong></span> <span class='ocrx_word' id='word_1_106' title='bbox 1961 1405 2084 1446; x_wconf 85' lang='lat' dir='ltr'><strong>esse</strong></span> 
     </span>
    </p>
   </div>
   <div class='ocr_carea' id='block_1_17' title="bbox 510 1486 2085 1578">
    <p class='ocr_par' dir='ltr' id='par_1_17' title="bbox 510 1486 2085 1578">
     <span class='ocr_line' id='line_1_17' title="bbox 510 1486 2085 1578; baseline -0.017 -15"><span class='ocrx_word' id='word_1_107' title='bbox 510 1500 821 1578; x_wconf 85' lang='lat' dir='ltr'><strong>permiserit</strong></span> <span class='ocrx_word' id='word_1_108' title='bbox 855 1517 868 1553; x_wconf 92' lang='lat'>:</span> <span class='ocrx_word' id='word_1_109' title='bbox 907 1497 1070 1567; x_wconf 84' lang='lat' dir='ltr'><strong>idque</strong></span> <span class='ocrx_word' id='word_1_110' title='bbox 1102 1493 1354 1556; x_wconf 80' lang='lat' dir='ltr'><strong>maxime,</strong></span> <span class='ocrx_word' id='word_1_111' title='bbox 1379 1496 1666 1560; x_wconf 87' lang='lat' dir='ltr'><strong>postquam</strong></span> <span class='ocrx_word' id='word_1_112' title='bbox 1694 1486 1950 1556; x_wconf 68' lang='lat' dir='ltr'><strong>coepisset</strong></span> <span class='ocrx_word' id='word_1_113' title='bbox 1968 1498 2085 1538; x_wconf 84' lang='lat' dir='ltr'><strong>ma-</strong></span> 
     </span>
    </p>
   </div>
   <div class='ocr_carea' id='block_1_18' title="bbox 510 1578 2084 1651">
    <p class='ocr_par' dir='ltr' id='par_1_18' title="bbox 510 1578 2084 1651">
     <span class='ocr_line' id='line_1_18' title="bbox 510 1578 2084 1651; baseline -0.013 0"><span class='ocrx_word' id='word_1_114' title='bbox 510 1597 705 1651; x_wconf 88' lang='lat' dir='ltr'><strong>teriam</strong></span> <span class='ocrx_word' id='word_1_115' title='bbox 760 1592 1015 1646; x_wconf 87' lang='lat' dir='ltr'><strong>formare.</strong></span> <span class='ocrx_word' id='word_1_116' title='bbox 1052 1585 1112 1641; x_wconf 88' lang='lat' dir='ltr'><strong>Si</strong></span> <span class='ocrx_word' id='word_1_117' title='bbox 1161 1585 1303 1640; x_wconf 90' lang='lat' dir='ltr'><strong>enim</strong></span> <span class='ocrx_word' id='word_1_118' title='bbox 1357 1583 1562 1636; x_wconf 90' lang='lat' dir='ltr'><strong>nullam</strong></span> <span class='ocrx_word' id='word_1_119' title='bbox 1602 1594 1830 1650; x_wconf 87' lang='lat' dir='ltr'><strong>prorsus</strong></span> <span class='ocrx_word' id='word_1_120' title='bbox 1853 1578 1973 1647; x_wconf 86' lang='lat' dir='ltr'><strong>ejus</strong></span> <span class='ocrx_word' id='word_1_121' title='bbox 2002 1593 2084 1631; x_wconf 87' lang='lat' dir='ltr'><strong>ra-</strong></span> 
     </span>
    </p>
   </div>
   <div class='ocr_carea' id='block_1_19' title="bbox 510 1674 2083 1746">
    <p class='ocr_par' dir='ltr' id='par_1_19' title="bbox 510 1674 2083 1746">
     <span class='ocr_line' id='line_1_19' title="bbox 510 1674 2083 1746; baseline -0.012 -3"><span class='ocrx_word' id='word_1_122' title='bbox 510 1690 717 1742; x_wconf 91' lang='lat' dir='ltr'><strong>tionem</strong></span> <span class='ocrx_word' id='word_1_123' title='bbox 767 1681 1076 1746; x_wconf 83' lang='lat' dir='ltr'><strong>habuisset,</strong></span> <span class='ocrx_word' id='word_1_124' title='bbox 1102 1677 1274 1732; x_wconf 88' lang='lat' dir='ltr'><strong>videri</strong></span> <span class='ocrx_word' id='word_1_125' title='bbox 1318 1674 1586 1746; x_wconf 84' lang='lat' dir='ltr'><strong>potuisset</strong></span> <span class='ocrx_word' id='word_1_126' title='bbox 1639 1687 1746 1726; x_wconf 91' lang='lat' dir='ltr'><strong>non</strong></span> <span class='ocrx_word' id='word_1_127' title='bbox 1769 1681 1959 1725; x_wconf 87' lang='lat' dir='ltr'><strong>auctor</strong></span> <span class='ocrx_word' id='word_1_128' title='bbox 1989 1685 2083 1724; x_wconf 85' lang='lat' dir='ltr'><strong>eo-</strong></span> 
     </span>
    </p>
   </div>
   <div class='ocr_carea' id='block_1_20' title="bbox 2183 471 3750 543">
    <p class='ocr_par' dir='ltr' id='par_1_20' title="bbox 2183 471 3750 543">
     <span class='ocr_line' id='line_1_20' title="bbox 2183 471 3750 543; baseline -0.001 -16"><span class='ocrx_word' id='word_1_129' title='bbox 2183 474 2459 534; x_wconf 71' lang='grc' dir='ltr'>κακαὶ,⁶αἱ</span> <span class='ocrx_word' id='word_1_130' title='bbox 2483 473 2540 526; x_wconf 81' lang='grc' dir='ltr'>δὲ</span> <span class='ocrx_word' id='word_1_131' title='bbox 2581 474 2688 543; x_wconf 77' lang='grc' dir='ltr'><strong>μήο</strong></span> <span class='ocrx_word' id='word_1_132' title='bbox 2729 474 2782 525; x_wconf 88' lang='grc' dir='ltr'>αί</span> <span class='ocrx_word' id='word_1_133' title='bbox 2819 471 2916 541; x_wconf 80' lang='grc' dir='ltr'>μὲν</span> <span class='ocrx_word' id='word_1_134' title='bbox 2952 471 3118 524; x_wconf 72' lang='grc' dir='ltr'>κακαὶ</span> <span class='ocrx_word' id='word_1_135' title='bbox 3159 471 3259 523; x_wconf 79' lang='grc' dir='ltr'>οὐκ</span> <span class='ocrx_word' id='word_1_136' title='bbox 3304 471 3619 541; x_wconf 78' lang='grc' dir='ltr'>ἐτράπησαν</span> <span class='ocrx_word' id='word_1_137' title='bbox 3662 472 3750 526; x_wconf 74' lang='grc' dir='ltr'><strong>ἐπὶ</strong></span> 
     </span>
    </p>
   </div>
   <div class='ocr_carea' id='block_1_21' title="bbox 2181 560 3749 635">
    <p class='ocr_par' dir='ltr' id='par_1_21' title="bbox 2181 560 3749 635">
     <span class='ocr_line' id='line_1_21' title="bbox 2181 560 3749 635; baseline -0.001 -18"><span class='ocrx_word' id='word_1_138' title='bbox 2181 564 2242 617; x_wconf 77' lang='grc' dir='ltr'><strong>τὸ</strong></span> <span class='ocrx_word' id='word_1_139' title='bbox 2275 567 2548 635; x_wconf 58' lang='grc' dir='ltr'>κρεῖττον</span> <span class='ocrx_word' id='word_1_140' title='bbox 2587 565 2641 617; x_wconf 86' lang='grc' dir='ltr'><strong>αί</strong></span> <span class='ocrx_word' id='word_1_141' title='bbox 2669 562 2724 616; x_wconf 84' lang='grc' dir='ltr'>δὲ</span> <span class='ocrx_word' id='word_1_142' title='bbox 2753 562 2964 626; x_wconf 71' lang='grc' dir='ltr'>λοιπαὶ,</span> <span class='ocrx_word' id='word_1_143' title='bbox 3001 562 3122 614; x_wconf 85' lang='grc' dir='ltr'>ὃσαι</span> <span class='ocrx_word' id='word_1_144' title='bbox 3157 560 3398 632; x_wconf 81' lang='grc' dir='ltr'>διάφοροι</span> <span class='ocrx_word' id='word_1_145' title='bbox 3439 561 3749 631; x_wconf 79' lang='grc' dir='ltr'>ἐτύγχανον,</span> 
     </span>
    </p>
   </div>
   <div class='ocr_carea' id='block_1_22' title="bbox 2180 653 3591 728">
    <p class='ocr_par' dir='ltr' id='par_1_22' title="bbox 2180 653 3591 728">
     <span class='ocr_line' id='line_1_22' title="bbox 2180 653 3591 728; baseline -0.001 -20"><span class='ocrx_word' id='word_1_146' title='bbox 2180 657 2279 728; x_wconf 78' lang='grc' dir='ltr'>τῆς</span> <span class='ocrx_word' id='word_1_147' title='bbox 2307 656 2716 727; x_wconf 81' lang='grc' dir='ltr'><strong>διακοσμήσεως</strong></span> <span class='ocrx_word' id='word_1_148' title='bbox 2748 654 2911 708; x_wconf 72' lang='grc' dir='ltr'>ἕνεκα</span> <span class='ocrx_word' id='word_1_149' title='bbox 2936 653 3070 726; x_wconf 86' lang='grc' dir='ltr'>πρὸς</span> <span class='ocrx_word' id='word_1_150' title='bbox 3094 653 3228 708; x_wconf 83' lang='grc' dir='ltr'>Θεοῦ</span> <span class='ocrx_word' id='word_1_151' title='bbox 3254 653 3591 726; x_wconf 76' lang='grc' dir='ltr'>ἐτράπησαν.</span> 
     </span>
    </p>
   </div>
   <div class='ocr_carea' id='block_1_23' title="bbox 2252 833 3223 906">
    <p class='ocr_par' dir='ltr' id='par_1_23' title="bbox 2252 833 3223 906">
     <span class='ocr_line' id='line_1_23' title="bbox 2252 833 3223 906; baseline -0.001 -18"><span class='ocrx_word' id='word_1_152' title='bbox 2252 835 2455 889; x_wconf 78' lang='grc' dir='ltr'>ΟΥΑΛ.</span> <span class='ocrx_word' id='word_1_153' title='bbox 2483 834 2668 898; x_wconf 90' lang='grc' dir='ltr'>Οὕτως</span> <span class='ocrx_word' id='word_1_154' title='bbox 2697 833 2901 889; x_wconf 82' lang='grc' dir='ltr'>ἀνωθεν</span> <span class='ocrx_word' id='word_1_155' title='bbox 2923 833 3065 906; x_wconf 77' lang='grc' dir='ltr'>είχον</span> <span class='ocrx_word' id='word_1_156' title='bbox 3091 833 3223 904; x_wconf 76' lang='grc' dir='ltr'>ἐγώ.</span> 
     </span>
    </p>
   </div>
   <div class='ocr_carea' id='block_1_24' title="bbox 2251 923 3748 1000">
    <p class='ocr_par' dir='ltr' id='par_1_24' title="bbox 2251 923 3748 1000">
     <span class='ocr_line' id='line_1_24' title="bbox 2251 923 3748 1000; baseline 0.005 -24"><span class='ocrx_word' id='word_1_157' title='bbox 2251 923 2487 977; x_wconf 84' lang='grc' dir='ltr'>ΟΡΘυΔ.</span> <span class='ocrx_word' id='word_1_158' title='bbox 2539 923 2664 988; x_wconf 87' lang='grc' dir='ltr'><strong>Πῶς</strong></span> <span class='ocrx_word' id='word_1_159' title='bbox 2705 925 2883 978; x_wconf 81' lang='grc' dir='ltr'>τοίνυν</span> <span class='ocrx_word' id='word_1_160' title='bbox 2913 926 3013 988; x_wconf 86' lang='grc' dir='ltr'>τὰς</span> <span class='ocrx_word' id='word_1_161' title='bbox 3044 925 3153 979; x_wconf 91' lang='grc' dir='ltr'><strong>τῶν</strong></span> <span class='ocrx_word' id='word_1_162' title='bbox 3187 923 3402 995; x_wconf 81' lang='grc' dir='ltr'><strong>φαύλων</strong></span> <span class='ocrx_word' id='word_1_163' title='bbox 3441 927 3748 1000; x_wconf 75' lang='grc' dir='ltr'>ποιότητας,</span> 
     </span>
    </p>
   </div>
   <div class='ocr_carea' id='block_1_25' title="bbox 2183 1011 3753 1093">
    <p class='ocr_par' dir='ltr' id='par_1_25' title="bbox 2183 1011 3753 1093">
     <span class='ocr_line' id='line_1_25' title="bbox 2183 1011 3753 1093; baseline 0.005 -25"><span class='ocrx_word' id='word_1_164' title='bbox 2183 1014 2258 1079; x_wconf 88' lang='grc' dir='ltr'><strong>ῶς</strong></span> <span class='ocrx_word' id='word_1_165' title='bbox 2287 1011 2455 1086; x_wconf 79' lang='grc' dir='ltr'>εἶχον,</span> <span class='ocrx_word' id='word_1_166' title='bbox 2492 1015 2933 1070; x_wconf 85' lang='grc' dir='ltr'><strong>καταλελοιπέναι</strong></span> <span class='ocrx_word' id='word_1_167' title='bbox 2973 1017 3188 1086; x_wconf 86' lang='grc' dir='ltr'>λέγεις;</span> <span class='ocrx_word' id='word_1_168' title='bbox 3231 1018 3483 1090; x_wconf 83' lang='grc' dir='ltr'>Πότερον,</span> <span class='ocrx_word' id='word_1_169' title='bbox 3517 1021 3753 1093; x_wconf 82' lang='grc' dir='ltr'>δυνάμε-</span> 
     </span>
    </p>
   </div>
   <div class='ocr_carea' id='block_1_26' title="bbox 2182 1105 3759 1180">
    <p class='ocr_par' dir='ltr' id='par_1_26' title="bbox 2182 1105 3759 1180">
     <span class='ocr_line' id='line_1_26' title="bbox 2182 1105 3759 1180; baseline 0.002 -20"><span class='ocrx_word' id='word_1_170' title='bbox 2182 1123 2271 1160; x_wconf 90' lang='grc' dir='ltr'>νον</span> <span class='ocrx_word' id='word_1_171' title='bbox 2296 1106 2393 1177; x_wconf 82' lang='grc' dir='ltr'>μὲν</span> <span class='ocrx_word' id='word_1_172' title='bbox 2414 1106 2629 1169; x_wconf 83' lang='grc' dir='ltr'>ὲκείνας</span> <span class='ocrx_word' id='word_1_173' title='bbox 2663 1105 2869 1160; x_wconf 81' lang='grc' dir='ltr'><strong>ἀνελεῖν</strong></span> <span class='ocrx_word' id='word_1_174' title='bbox 2894 1124 2907 1137; x_wconf 91' lang='grc'>·</span> <span class='ocrx_word' id='word_1_175' title='bbox 2933 1108 2965 1178; x_wconf 81' lang='grc' dir='ltr'>ἢ</span> <span class='ocrx_word' id='word_1_176' title='bbox 2994 1106 3317 1177; x_wconf 80' lang='grc' dir='ltr'><strong>βουληθέντα</strong></span> <span class='ocrx_word' id='word_1_177' title='bbox 3345 1106 3464 1178; x_wconf 84' lang='grc' dir='ltr'>μὲν,</span> <span class='ocrx_word' id='word_1_178' title='bbox 3495 1111 3570 1180; x_wconf 79' lang='grc' dir='ltr'>μὴ</span> <span class='ocrx_word' id='word_1_179' title='bbox 3600 1110 3759 1168; x_wconf 80' lang='grc' dir='ltr'>δυνά-</span> 
     </span>
    </p>
   </div>
   <div class='ocr_carea' id='block_1_27' title="bbox 2186 1197 3758 1275">
    <p class='ocr_par' dir='ltr' id='par_1_27' title="bbox 2186 1197 3758 1275">
     <span class='ocr_line' id='line_1_27' title="bbox 2186 1197 3758 1275; baseline 0.004 -25"><span class='ocrx_word' id='word_1_180' title='bbox 2186 1214 2346 1269; x_wconf 90' lang='grc' dir='ltr'>μενον</span> <span class='ocrx_word' id='word_1_181' title='bbox 2387 1197 2479 1265; x_wconf 88' lang='grc' dir='ltr'>δέ;</span> <span class='ocrx_word' id='word_1_182' title='bbox 2515 1199 2576 1252; x_wconf 84' lang='lat' dir='ltr'><strong>El</strong></span> <span class='ocrx_word' id='word_1_183' title='bbox 2605 1197 2705 1269; x_wconf 82' lang='grc' dir='ltr'><strong>μὲν</strong></span> <span class='ocrx_word' id='word_1_184' title='bbox 2727 1198 2832 1270; x_wconf 82' lang='grc' dir='ltr'><strong>γὰρ</strong></span> <span class='ocrx_word' id='word_1_185' title='bbox 2873 1198 3168 1269; x_wconf 82' lang='grc' dir='ltr'>δυνάμενον</span> <span class='ocrx_word' id='word_1_186' title='bbox 3205 1199 3403 1269; x_wconf 88' lang='grc' dir='ltr'>λέγεις,</span> <span class='ocrx_word' id='word_1_187' title='bbox 3442 1202 3514 1273; x_wconf 82' lang='grc' dir='ltr'><strong>μὴ</strong></span> <span class='ocrx_word' id='word_1_188' title='bbox 3562 1202 3758 1275; x_wconf 85' lang='grc' dir='ltr'>βουλη-</span> 
     </span>
    </p>
   </div>
   <div class='ocr_carea' id='block_1_28' title="bbox 2183 1289 3759 1365">
    <p class='ocr_par' dir='ltr' id='par_1_28' title="bbox 2183 1289 3759 1365">
     <span class='ocr_line' id='line_1_28' title="bbox 2183 1289 3759 1365; baseline 0.003 -21"><span class='ocrx_word' id='word_1_189' title='bbox 2183 1289 2342 1344; x_wconf 82' lang='grc' dir='ltr'>θέντα</span> <span class='ocrx_word' id='word_1_190' title='bbox 2384 1290 2440 1343; x_wconf 82' lang='grc' dir='ltr'>δὲ</span> <span class='ocrx_word' id='word_1_191' title='bbox 2481 1289 2641 1344; x_wconf 73' lang='grc' dir='ltr'>αὑτὸν</span> <span class='ocrx_word' id='word_1_192' title='bbox 2685 1290 2855 1343; x_wconf 72' lang='grc' dir='ltr'>αἴτιον</span> <span class='ocrx_word' id='word_1_193' title='bbox 2900 1291 3104 1344; x_wconf 86' lang='grc' dir='ltr'>τούτων</span> <span class='ocrx_word' id='word_1_194' title='bbox 3134 1291 3280 1361; x_wconf 76' lang='lat' dir='ltr'><strong>(3l)°</strong></span> <span class='ocrx_word' id='word_1_195' title='bbox 3333 1294 3415 1346; x_wconf 78' lang='grc' dir='ltr'><strong>ὅτι</strong></span> <span class='ocrx_word' id='word_1_196' title='bbox 3461 1294 3759 1365; x_wconf 81' lang='grc' dir='ltr'>δυνάμενος</span> 
     </span>
    </p>
   </div>
   <div class='ocr_carea' id='block_1_29' title="bbox 2183 1380 3761 1459">
    <p class='ocr_par' dir='ltr' id='par_1_29' title="bbox 2183 1380 3761 1459">
     <span class='ocr_line' id='line_1_29' title="bbox 2183 1380 3761 1459; baseline 0.004 -24"><span class='ocrx_word' id='word_1_197' title='bbox 2183 1385 2402 1454; x_wconf 82' lang='grc' dir='ltr'>ποιῆσαι</span> <span class='ocrx_word' id='word_1_198' title='bbox 2434 1383 2508 1455; x_wconf 82' lang='grc' dir='ltr'>μὴ</span> <span class='ocrx_word' id='word_1_199' title='bbox 2535 1380 2674 1438; x_wconf 78' lang='grc' dir='ltr'>εἶναι</span> <span class='ocrx_word' id='word_1_200' title='bbox 2701 1385 2865 1450; x_wconf 86' lang='grc' dir='ltr'>κακὰ,</span> <span class='ocrx_word' id='word_1_201' title='bbox 2892 1384 3268 1456; x_wconf 82' lang='grc' dir='ltr'>συνεχώρησεν</span> <span class='ocrx_word' id='word_1_202' title='bbox 3300 1387 3437 1440; x_wconf 82' lang='grc' dir='ltr'>αὺτά</span> <span class='ocrx_word' id='word_1_203' title='bbox 3471 1389 3654 1459; x_wconf 85' lang='grc' dir='ltr'>μένειν</span> <span class='ocrx_word' id='word_1_204' title='bbox 3682 1390 3761 1453; x_wconf 86' lang='grc' dir='ltr'><strong>ὡς</strong></span> 
     </span>
    </p>
   </div>
   <div class='ocr_carea' id='block_1_30' title="bbox 2180 1466 3758 1550">
    <p class='ocr_par' dir='ltr' id='par_1_30' title="bbox 2180 1466 3758 1550">
     <span class='ocr_line' id='line_1_30' title="bbox 2180 1466 3758 1550; baseline 0.006 -25"><span class='ocrx_word' id='word_1_205' title='bbox 2180 1466 2276 1543; x_wconf 79' lang='grc' dir='ltr'><strong>ἦν’</strong></span> <span class='ocrx_word' id='word_1_206' title='bbox 2322 1473 2416 1527; x_wconf 76' lang='grc' dir='ltr'>καὶ</span> <span class='ocrx_word' id='word_1_207' title='bbox 2449 1472 2680 1544; x_wconf 85' lang='grc' dir='ltr'>μάλιστα</span> <span class='ocrx_word' id='word_1_208' title='bbox 2715 1475 2805 1528; x_wconf 83' lang='grc' dir='ltr'><strong>ὅτε</strong></span> <span class='ocrx_word' id='word_1_209' title='bbox 2845 1474 3192 1547; x_wconf 76' lang='grc' dir='ltr'>δημιουργεῖν</span> <span class='ocrx_word' id='word_1_210' title='bbox 3231 1475 3330 1546; x_wconf 75' lang='grc' dir='ltr'><strong>τὴν</strong></span> <span class='ocrx_word' id='word_1_211' title='bbox 3365 1477 3498 1548; x_wconf 86' lang='grc' dir='ltr'>ὕλην</span> <span class='ocrx_word' id='word_1_212' title='bbox 3531 1478 3758 1550; x_wconf 72' lang='grc' dir='ltr'>ἤρξατο.</span> 
     </span>
    </p>
   </div>
   <div class='ocr_carea' id='block_1_31' title="bbox 2183 1562 3762 1640">
    <p class='ocr_par' dir='ltr' id='par_1_31' title="bbox 2183 1562 3762 1640">
     <span class='ocr_line' id='line_1_31' title="bbox 2183 1562 3762 1640; baseline 0.006 -24"><span class='ocrx_word' id='word_1_213' title='bbox 2183 1563 2244 1616; x_wconf 86' lang='lat' dir='ltr'><strong>El</strong></span> <span class='ocrx_word' id='word_1_214' title='bbox 2287 1562 2396 1635; x_wconf 84' lang='grc' dir='ltr'><strong>γὰρ</strong></span> <span class='ocrx_word' id='word_1_215' title='bbox 2444 1565 2577 1636; x_wconf 82' lang='grc' dir='ltr'>μηδὲ</span> <span class='ocrx_word' id='word_1_216' title='bbox 2611 1565 2748 1629; x_wconf 84' lang='grc' dir='ltr'>ὅλως</span> <span class='ocrx_word' id='word_1_217' title='bbox 2797 1563 2986 1636; x_wconf 79' lang='grc' dir='ltr'>ἔμελεν</span> <span class='ocrx_word' id='word_1_218' title='bbox 3021 1565 3170 1636; x_wconf 80' lang='grc' dir='ltr'><strong>αὕτῷ</strong></span> <span class='ocrx_word' id='word_1_219' title='bbox 3213 1567 3311 1638; x_wconf 84' lang='grc' dir='ltr'><strong>τῆς</strong></span> <span class='ocrx_word' id='word_1_220' title='bbox 3361 1568 3512 1640; x_wconf 85' lang='grc' dir='ltr'>ὕλης,</span> <span class='ocrx_word' id='word_1_221' title='bbox 3556 1572 3659 1624; x_wconf 80' lang='grc' dir='ltr'><strong>οὐκ</strong></span> <span class='ocrx_word' id='word_1_222' title='bbox 3694 1573 3762 1626; x_wconf 77' lang='grc' dir='ltr'>ἂν</span> 
     </span>
    </p>
   </div>
   <div class='ocr_carea' id='block_1_32' title="bbox 2183 1649 3764 1735">
    <p class='ocr_par' dir='ltr' id='par_1_32' title="bbox 2183 1649 3764 1735">
     <span class='ocr_line' id='line_1_32' title="bbox 2183 1649 3764 1735; baseline 0.008 -29"><span class='ocrx_word' id='word_1_223' title='bbox 2183 1653 2354 1718; x_wconf 74' lang='grc' dir='ltr'>αἴτιος</span> <span class='ocrx_word' id='word_1_224' title='bbox 2398 1650 2498 1726; x_wconf 78' lang='grc' dir='ltr'><strong>ἦν,</strong></span> <span class='ocrx_word' id='word_1_225' title='bbox 2535 1649 2610 1710; x_wconf 85' lang='grc' dir='ltr'>ὧν</span> <span class='ocrx_word' id='word_1_226' title='bbox 2656 1655 2999 1728; x_wconf 77' lang='grc' dir='ltr'>συνεχώρησε</span> <span class='ocrx_word' id='word_1_227' title='bbox 3055 1657 3253 1728; x_wconf 90' lang='grc' dir='ltr'>μένειν.</span> <span class='ocrx_word' id='word_1_228' title='bbox 3296 1661 3448 1713; x_wconf 75' lang='grc' dir='ltr'><strong>Ἐπεὶ</strong></span> <span class='ocrx_word' id='word_1_229' title='bbox 3488 1662 3546 1716; x_wconf 83' lang='grc' dir='ltr'>δὲ</span> <span class='ocrx_word' id='word_1_230' title='bbox 3591 1664 3764 1735; x_wconf 82' lang='grc' dir='ltr'>μέρος</span> 
     </span>
    </p>
   </div>
   <div class='ocr_carea' id='block_1_33' title="bbox 512 1731 2085 1847">
    <p class='ocr_par' dir='ltr' id='par_1_33' title="bbox 512 1763 2083 1847">
     <span class='ocr_line' id='line_1_33' title="bbox 512 1763 2083 1847; baseline -0.013 -14"><span class='ocrx_word' id='word_1_231' title='bbox 512 1793 634 1833; x_wconf 91' lang='lat' dir='ltr'><strong>rum</strong></span> <span class='ocrx_word' id='word_1_232' title='bbox 663 1790 785 1847; x_wconf 68' lang='lat' dir='ltr'><strong>quae</strong></span> <span class='ocrx_word' id='word_1_233' title='bbox 817 1770 1066 1845; x_wconf 88' lang='lat' dir='ltr'><strong>permisit</strong></span> <span class='ocrx_word' id='word_1_234' title='bbox 1093 1782 1333 1824; x_wconf 89' lang='lat' dir='ltr'><strong>manere.</strong></span> <span class='ocrx_word' id='word_1_235' title='bbox 1383 1763 1677 1834; x_wconf 90' lang='lat' dir='ltr'><strong>Postquam</strong></span> <span class='ocrx_word' id='word_1_236' title='bbox 1722 1769 1922 1825; x_wconf 85' lang='lat' dir='ltr'><strong>autem,</strong></span> <span class='ocrx_word' id='word_1_237' title='bbox 1959 1776 2083 1832; x_wconf 89' lang='lat' dir='ltr'><strong>par-</strong></span> 
     </span>
    </p>
   </div>
   <div class='ocr_carea' id='block_1_34' title="bbox 2190 1731 3765 1847">
    <p class='ocr_par' dir='ltr' id='par_1_34' title="bbox 2190 1731 3765 1847">
     <span class='ocr_line' id='line_1_34' title="bbox 2190 1731 3765 1847; baseline 0 -49"><span class='ocrx_word' id='word_1_238' title='bbox 2190 1745 2286 1816; x_wconf 89' lang='grc' dir='ltr'><strong>μέν</strong></span> <span class='ocrx_word' id='word_1_239' title='bbox 2309 1763 2361 1798; x_wconf 86' lang='grc' dir='ltr'>τι</span> <span class='ocrx_word' id='word_1_240' title='bbox 2389 1745 2567 1847; x_wconf 63' lang='grc' dir='ltr'>αὐτῆς</span> <span class='ocrx_word' id='word_1_241' title='bbox 2589 1745 2930 1847; x_wconf 80' lang='grc' dir='ltr'>δημιουργεῖ,</span> <span class='ocrx_word' id='word_1_242' title='bbox 2959 1748 3120 1819; x_wconf 84' lang='grc' dir='ltr'>μέρος</span> <span class='ocrx_word' id='word_1_243' title='bbox 3152 1748 3207 1801; x_wconf 91' lang='grc' dir='ltr'><strong>δέ</strong></span> <span class='ocrx_word' id='word_1_244' title='bbox 3230 1766 3282 1802; x_wconf 93' lang='grc' dir='ltr'>τι</span> <span class='ocrx_word' id='word_1_245' title='bbox 3310 1751 3446 1823; x_wconf 76' lang='grc' dir='ltr'>αὐτῇ</span> <span class='ocrx_word' id='word_1_246' title='bbox 3477 1754 3560 1824; x_wconf 62' lang='lat' dir='ltr'><strong>sq,</strong></span> <span class='ocrx_word' id='word_1_247' title='bbox 3594 1731 3765 1809; x_wconf 78' lang='grc' dir='ltr'>δυνά-</span> 
     </span>
    </p>
   </div>
   <div class='ocr_carea' id='block_1_35' title="bbox 511 1853 2080 1940">
    <p class='ocr_par' dir='ltr' id='par_1_35' title="bbox 511 1853 2080 1940">
     <span class='ocr_line' id='line_1_35' title="bbox 511 1853 2080 1940; baseline -0.013 -14"><span class='ocrx_word' id='word_1_248' title='bbox 511 1878 620 1926; x_wconf 89' lang='lat' dir='ltr'><strong>tem</strong></span> <span class='ocrx_word' id='word_1_249' title='bbox 663 1867 883 1940; x_wconf 90' lang='lat' dir='ltr'><strong>quidem</strong></span> <span class='ocrx_word' id='word_1_250' title='bbox 931 1861 1172 1918; x_wconf 60' lang='lat' dir='ltr'><strong>materiae</strong></span> <span class='ocrx_word' id='word_1_251' title='bbox 1229 1858 1428 1912; x_wconf 80' lang='lat' dir='ltr'><strong>format</strong></span> <span class='ocrx_word' id='word_1_252' title='bbox 1480 1865 1534 1911; x_wconf 91' lang='lat' dir='ltr'><strong>et</strong></span> <span class='ocrx_word' id='word_1_253' title='bbox 1583 1853 1814 1926; x_wconf 84' lang='lat' dir='ltr'><strong>perlicit,</strong></span> <span class='ocrx_word' id='word_1_254' title='bbox 1872 1863 2080 1923; x_wconf 90' lang='lat' dir='ltr'><strong>partem</strong></span> 
     </span>
    </p>
   </div>
   <div class='ocr_carea' id='block_1_36' title="bbox 511 1947 2078 2032">
    <p class='ocr_par' dir='ltr' id='par_1_36' title="bbox 511 1947 2078 2032">
     <span class='ocr_line' id='line_1_36' title="bbox 511 1947 2078 2032; baseline -0.013 -14"><span class='ocrx_word' id='word_1_255' title='bbox 511 1961 762 2032; x_wconf 77' lang='lat' dir='ltr'><strong>negligit;</strong></span> <span class='ocrx_word' id='word_1_256' title='bbox 808 1972 932 2013; x_wconf 91' lang='lat' dir='ltr'><strong>cum</strong></span> <span class='ocrx_word' id='word_1_257' title='bbox 963 1963 1016 2011; x_wconf 92' lang='lat' dir='ltr'><strong>et</strong></span> <span class='ocrx_word' id='word_1_258' title='bbox 1065 1953 1212 2009; x_wconf 90' lang='lat' dir='ltr'><strong>illam</strong></span> <span class='ocrx_word' id='word_1_259' title='bbox 1256 1957 1440 2021; x_wconf 89' lang='lat' dir='ltr'><strong>posset</strong></span> <span class='ocrx_word' id='word_1_260' title='bbox 1503 1949 1561 2003; x_wconf 91' lang='lat' dir='ltr'><strong>in</strong></span> <span class='ocrx_word' id='word_1_261' title='bbox 1605 1947 1801 2001; x_wconf 91' lang='lat' dir='ltr'><strong>melius</strong></span> <span class='ocrx_word' id='word_1_262' title='bbox 1845 1952 2078 2012; x_wconf 88' lang='lat' dir='ltr'><strong>mutare,</strong></span> 
     </span>
    </p>
   </div>
   <div class='ocr_carea' id='block_1_37' title="bbox 511 2035 2085 2110">
    <p class='ocr_par' dir='ltr' id='par_1_37' title="bbox 511 2035 2085 2110">
     <span class='ocr_line' id='line_1_37' title="bbox 511 2035 2085 2110; baseline -0.012 -3"><span class='ocrx_word' id='word_1_263' title='bbox 511 2053 646 2108; x_wconf 86' lang='lat' dir='ltr'><strong>mihi</strong></span> <span class='ocrx_word' id='word_1_264' title='bbox 677 2049 894 2106; x_wconf 90' lang='lat' dir='ltr'><strong>videtur</strong></span> <span class='ocrx_word' id='word_1_265' title='bbox 937 2046 1206 2102; x_wconf 86' lang='lat' dir='ltr'><strong>malorum</strong></span> <span class='ocrx_word' id='word_1_266' title='bbox 1257 2057 1443 2106; x_wconf 89' lang='lat' dir='ltr'><strong>causa,</strong></span> <span class='ocrx_word' id='word_1_267' title='bbox 1473 2040 1565 2110; x_wconf 91' lang='lat' dir='ltr'><strong>qui</strong></span> <span class='ocrx_word' id='word_1_268' title='bbox 1597 2045 1802 2110; x_wconf 89' lang='lat' dir='ltr'><strong>partem</strong></span> <span class='ocrx_word' id='word_1_269' title='bbox 1843 2035 2085 2090; x_wconf 65' lang='lat' dir='ltr'><strong>materiae.</strong></span> 
     </span>
    </p>
   </div>
   <div class='ocr_carea' id='block_1_38' title="bbox 511 2126 2083 2212">
    <p class='ocr_par' dir='ltr' id='par_1_38' title="bbox 511 2126 2083 2212">
     <span class='ocr_line' id='line_1_38' title="bbox 511 2126 2083 2212; baseline -0.013 -10"><span class='ocrx_word' id='word_1_270' title='bbox 511 2146 708 2202; x_wconf 89' lang='lat' dir='ltr'><strong>malam</strong></span> <span class='ocrx_word' id='word_1_271' title='bbox 761 2141 1064 2212; x_wconf 88' lang='lat' dir='ltr'><strong>reliquerit.</strong></span> <span class='ocrx_word' id='word_1_272' title='bbox 1119 2139 1357 2194; x_wconf 84' lang='lat' dir='ltr'><strong>Alteram</strong></span> <span class='ocrx_word' id='word_1_273' title='bbox 1401 2148 1533 2205; x_wconf 79' lang='lat' dir='ltr'><strong>ergo</strong></span> <span class='ocrx_word' id='word_1_274' title='bbox 1591 2140 1795 2202; x_wconf 90' lang='lat' dir='ltr'><strong>partem</strong></span> <span class='ocrx_word' id='word_1_275' title='bbox 1841 2126 2083 2196; x_wconf 84' lang='lat' dir='ltr'><strong>inbujus</strong></span> 
     </span>
    </p>
   </div>
   <div class='ocr_carea' id='block_1_39' title="bbox 510 2225 2081 2296">
    <p class='ocr_par' dir='ltr' id='par_1_39' title="bbox 510 2225 2081 2296">
     <span class='ocr_line' id='line_1_39' title="bbox 510 2225 2081 2296; baseline -0.016 -2"><span class='ocrx_word' id='word_1_276' title='bbox 510 2236 738 2296; x_wconf 78' lang='lat' dir='ltr'><strong>exitium</strong></span> <span class='ocrx_word' id='word_1_277' title='bbox 762 2234 1020 2291; x_wconf 78' lang='lat' dir='ltr'><strong>formavit</strong></span> <span class='ocrx_word' id='word_1_278' title='bbox 1051 2252 1065 2288; x_wconf 89' lang='lat'><strong>:</strong></span> <span class='ocrx_word' id='word_1_279' title='bbox 1101 2233 1232 2294; x_wconf 87' lang='lat' dir='ltr'><strong>imo,</strong></span> <span class='ocrx_word' id='word_1_280' title='bbox 1284 2238 1338 2285; x_wconf 90' lang='lat' dir='ltr'><strong>et</strong></span> <span class='ocrx_word' id='word_1_281' title='bbox 1370 2228 1423 2282; x_wconf 93' lang='lat' dir='ltr'><strong>in</strong></span> <span class='ocrx_word' id='word_1_282' title='bbox 1451 2226 1554 2279; x_wconf 86' lang='lat' dir='ltr'><strong>hoc</strong></span> <span class='ocrx_word' id='word_1_283' title='bbox 1599 2225 1852 2285; x_wconf 81' lang='lat' dir='ltr'><strong>maxime,</strong></span> <span class='ocrx_word' id='word_1_284' title='bbox 1875 2229 2081 2286; x_wconf 90' lang='lat' dir='ltr'><strong>partem</strong></span> 
     </span>
    </p>
   </div>
   <div class='ocr_carea' id='block_1_40' title="bbox 509 2310 2084 2396">
    <p class='ocr_par' dir='ltr' id='par_1_40' title="bbox 509 2310 2084 2396">
     <span class='ocr_line' id='line_1_40' title="bbox 509 2310 2084 2396; baseline -0.015 -9"><span class='ocrx_word' id='word_1_285' title='bbox 509 2330 655 2386; x_wconf 87' lang='lat' dir='ltr'><strong>hanc</strong></span> <span class='ocrx_word' id='word_1_286' title='bbox 702 2329 949 2384; x_wconf 67' lang='lat' dir='ltr'><strong>materiae</strong></span> <span class='ocrx_word' id='word_1_287' title='bbox 978 2340 1141 2396; x_wconf 88' lang='lat' dir='ltr'><strong>quam</strong></span> <span class='ocrx_word' id='word_1_288' title='bbox 1175 2319 1462 2392; x_wconf 80' lang='lat' dir='ltr'><strong>diSposuit,</strong></span> <span class='ocrx_word' id='word_1_289' title='bbox 1498 2330 1725 2386; x_wconf 72' lang='lat' dir='ltr'><strong>quaeque</strong></span> <span class='ocrx_word' id='word_1_290' title='bbox 1753 2313 1866 2382; x_wconf 89' lang='lat' dir='ltr'><strong>jam</strong></span> <span class='ocrx_word' id='word_1_291' title='bbox 1905 2310 2084 2380; x_wconf 81' lang='lat' dir='ltr'><strong>perci-</strong></span> 
     </span>
    </p>
   </div>
   <div class='ocr_carea' id='block_1_41' title="bbox 511 2403 2084 2497">
    <p class='ocr_par' dir='ltr' id='par_1_41' title="bbox 511 2403 2084 2497">
     <span class='ocr_line' id='line_1_41' title="bbox 511 2403 2084 2497; baseline -0.015 -16"><span class='ocrx_word' id='word_1_292' title='bbox 511 2425 625 2497; x_wconf 91' lang='lat' dir='ltr'><strong>piat</strong></span> <span class='ocrx_word' id='word_1_293' title='bbox 654 2422 921 2479; x_wconf 88' lang='lat' dir='ltr'><strong>malorum</strong></span> <span class='ocrx_word' id='word_1_294' title='bbox 950 2415 1318 2476; x_wconf 87' lang='lat' dir='ltr'><strong>incommoda,</strong></span> <span class='ocrx_word' id='word_1_295' title='bbox 1368 2411 1571 2479; x_wconf 86' lang='lat' dir='ltr'><strong>injuria</strong></span> <span class='ocrx_word' id='word_1_296' title='bbox 1613 2405 1876 2461; x_wconf 77' lang='lat' dir='ltr'><strong>effecerit.</strong></span> <span class='ocrx_word' id='word_1_297' title='bbox 1913 2403 2084 2458; x_wconf 84' lang='lat' dir='ltr'><strong>Ante-</strong></span> 
     </span>
    </p>
   </div>
   <div class='ocr_carea' id='block_1_42' title="bbox 513 2487 2084 2586">
    <p class='ocr_par' dir='ltr' id='par_1_42' title="bbox 513 2487 2084 2586">
     <span class='ocr_line' id='line_1_42' title="bbox 513 2487 2084 2586; baseline -0.019 -15"><span class='ocrx_word' id='word_1_298' title='bbox 513 2487 675 2586; x_wconf 73' lang='lat' dir='ltr'><strong>quam</strong></span> <span class='ocrx_word' id='word_1_299' title='bbox 705 2513 848 2568; x_wconf 90' lang='lat' dir='ltr'><strong>enim</strong></span> <span class='ocrx_word' id='word_1_300' title='bbox 880 2515 1130 2564; x_wconf 74' lang='lat' dir='ltr'><strong>ornatum</strong></span> <span class='ocrx_word' id='word_1_301' title='bbox 1163 2502 1428 2571; x_wconf 80' lang='lat' dir='ltr'><strong>reciperet</strong></span> <span class='ocrx_word' id='word_1_302' title='bbox 1453 2497 1585 2568; x_wconf 78' lang='lat'><strong>(30),</strong></span> <span class='ocrx_word' id='word_1_303' title='bbox 1611 2495 1793 2549; x_wconf 88' lang='lat' dir='ltr'><strong>nullus</strong></span> <span class='ocrx_word' id='word_1_304' title='bbox 1813 2491 1862 2546; x_wconf 91' lang='lat' dir='ltr'><strong>ei</strong></span> <span class='ocrx_word' id='word_1_305' title='bbox 1897 2487 2084 2544; x_wconf 88' lang='lat' dir='ltr'><strong>aderat</strong></span> 
     </span>
    </p>
   </div>
   <div class='ocr_carea' id='block_1_43' title="bbox 513 2582 2083 2664">
    <p class='ocr_par' dir='ltr' id='par_1_43' title="bbox 513 2582 2083 2664">
     <span class='ocr_line' id='line_1_43' title="bbox 513 2582 2083 2664; baseline -0.02 1"><span class='ocrx_word' id='word_1_306' title='bbox 513 2609 783 2664; x_wconf 87' lang='lat' dir='ltr'><strong>malorum</strong></span> <span class='ocrx_word' id='word_1_307' title='bbox 808 2615 1007 2658; x_wconf 88' lang='lat' dir='ltr'><strong>sensus</strong></span> <span class='ocrx_word' id='word_1_308' title='bbox 1037 2617 1054 2655; x_wconf 87' lang='lat'><strong>:</strong></span> <span class='ocrx_word' id='word_1_309' title='bbox 1088 2610 1235 2652; x_wconf 90' lang='lat' dir='ltr'><strong>nunc</strong></span> <span class='ocrx_word' id='word_1_310' title='bbox 1256 2607 1406 2656; x_wconf 87' lang='lat' dir='ltr'><strong>vero,</strong></span> <span class='ocrx_word' id='word_1_311' title='bbox 1442 2589 1612 2644; x_wconf 74' lang='lat' dir='ltr'><strong>ambae</strong></span> <span class='ocrx_word' id='word_1_312' title='bbox 1666 2591 1846 2656; x_wconf 89' lang='lat' dir='ltr'><strong>partes</strong></span> <span class='ocrx_word' id='word_1_313' title='bbox 1878 2582 2083 2636; x_wconf 92' lang='lat' dir='ltr'><strong>malum</strong></span> 
     </span>
    </p>
   </div>
   <div class='ocr_carea' id='block_1_44' title="bbox 514 2674 2083 2755">
    <p class='ocr_par' dir='ltr' id='par_1_44' title="bbox 514 2674 2083 2755">
     <span class='ocr_line' id='line_1_44' title="bbox 514 2674 2083 2755; baseline -0.019 0"><span class='ocrx_word' id='word_1_314' title='bbox 514 2698 778 2755; x_wconf 82' lang='lat' dir='ltr'><strong>sentiunt.</strong></span> <span class='ocrx_word' id='word_1_315' title='bbox 821 2692 904 2748; x_wconf 92' lang='lat' dir='ltr'><strong>Sit</strong></span> <span class='ocrx_word' id='word_1_316' title='bbox 925 2690 1023 2745; x_wconf 93' lang='lat' dir='ltr'><strong>tibi</strong></span> <span class='ocrx_word' id='word_1_317' title='bbox 1050 2687 1119 2744; x_wconf 84' lang='lat' dir='ltr'><strong>ab</strong></span> <span class='ocrx_word' id='word_1_318' title='bbox 1151 2684 1373 2741; x_wconf 88' lang='lat' dir='ltr'><strong>homine</strong></span> <span class='ocrx_word' id='word_1_319' title='bbox 1397 2679 1726 2749; x_wconf 78' lang='lat' dir='ltr'><strong>exemplum.</strong></span> <span class='ocrx_word' id='word_1_320' title='bbox 1755 2674 2083 2745; x_wconf 85' lang='lat' dir='ltr'><strong>Priusquam</strong></span> 
     </span>
    </p>
   </div>
   <div class='ocr_carea' id='block_1_45' title="bbox 513 2768 2083 2848">
    <p class='ocr_par' dir='ltr' id='par_1_45' title="bbox 513 2768 2083 2848">
     <span class='ocr_line' id='line_1_45' title="bbox 513 2768 2083 2848; baseline -0.018 -2"><span class='ocrx_word' id='word_1_321' title='bbox 513 2790 657 2848; x_wconf 87' lang='lat' dir='ltr'><strong>enim</strong></span> <span class='ocrx_word' id='word_1_322' title='bbox 693 2788 844 2842; x_wconf 86' lang='lat' dir='ltr'><strong>fieret</strong></span> <span class='ocrx_word' id='word_1_323' title='bbox 895 2781 1119 2844; x_wconf 90' lang='lat' dir='ltr'><strong>animal,</strong></span> <span class='ocrx_word' id='word_1_324' title='bbox 1172 2777 1320 2833; x_wconf 91' lang='lat' dir='ltr'><strong>omni</strong></span> <span class='ocrx_word' id='word_1_325' title='bbox 1348 2787 1576 2846; x_wconf 86' lang='lat' dir='ltr'><strong>prorsus</strong></span> <span class='ocrx_word' id='word_1_326' title='bbox 1619 2768 1888 2824; x_wconf 89' lang='lat' dir='ltr'><strong>malorum</strong></span> <span class='ocrx_word' id='word_1_327' title='bbox 1916 2778 2083 2820; x_wconf 91' lang='lat' dir='ltr'><strong>sensu</strong></span> 
     </span>
    </p>
   </div>
   <div class='ocr_carea' id='block_1_46' title="bbox 513 2861 2083 2946">
    <p class='ocr_par' dir='ltr' id='par_1_46' title="bbox 513 2861 2083 2946">
     <span class='ocr_line' id='line_1_46' title="bbox 513 2861 2083 2946; baseline -0.017 -9"><span class='ocrx_word' id='word_1_328' title='bbox 513 2882 762 2937; x_wconf 88' lang='lat' dir='ltr'><strong>vacabat.</strong></span> <span class='ocrx_word' id='word_1_329' title='bbox 789 2877 868 2931; x_wconf 82' lang='lat' dir='ltr'><strong>Ex</strong></span> <span class='ocrx_word' id='word_1_330' title='bbox 899 2890 1007 2946; x_wconf 89' lang='lat' dir='ltr'><strong>quo</strong></span> <span class='ocrx_word' id='word_1_331' title='bbox 1057 2879 1240 2927; x_wconf 88' lang='lat' dir='ltr'><strong>autem</strong></span> <span class='ocrx_word' id='word_1_332' title='bbox 1273 2867 1481 2925; x_wconf 85' lang='lat' dir='ltr'><strong>ellictus</strong></span> <span class='ocrx_word' id='word_1_333' title='bbox 1525 2865 1687 2919; x_wconf 87' lang='lat' dir='ltr'><strong>homo</strong></span> <span class='ocrx_word' id='word_1_334' title='bbox 1711 2861 2083 2927; x_wconf 88' lang='lat' dir='ltr'><strong>formatusque</strong></span> 
     </span>
    </p>
   </div>
   <div class='ocr_carea' id='block_1_47' title="bbox 513 2951 2084 3042">
    <p class='ocr_par' dir='ltr' id='par_1_47' title="bbox 513 2951 2084 3042">
     <span class='ocr_line' id='line_1_47' title="bbox 513 2951 2084 3042; baseline -0.017 -13"><span class='ocrx_word' id='word_1_335' title='bbox 513 2973 748 3042; x_wconf 78' lang='lat' dir='ltr'><strong>imagine</strong></span> <span class='ocrx_word' id='word_1_336' title='bbox 775 2967 1003 3025; x_wconf 81' lang='lat' dir='ltr'><strong>eﬂicitur</strong></span> <span class='ocrx_word' id='word_1_337' title='bbox 1028 2981 1058 3018; x_wconf 90' lang='lat' dir='ltr'><strong>a</strong></span> <span class='ocrx_word' id='word_1_338' title='bbox 1080 2963 1211 3028; x_wconf 89' lang='lat' dir='ltr'><strong>Deo,</strong></span> <span class='ocrx_word' id='word_1_339' title='bbox 1243 2959 1407 3016; x_wconf 90' lang='lat' dir='ltr'><strong>etiam</strong></span> <span class='ocrx_word' id='word_1_340' title='bbox 1438 2954 1803 3012; x_wconf 86' lang='lat' dir='ltr'><strong>incumbentis</strong></span> <span class='ocrx_word' id='word_1_341' title='bbox 1837 2951 1964 3006; x_wconf 89' lang='lat' dir='ltr'><strong>mali</strong></span> <span class='ocrx_word' id='word_1_342' title='bbox 1993 2965 2084 3004; x_wconf 86' lang='lat' dir='ltr'><strong>ac-</strong></span> 
     </span>
    </p>
   </div>
   <div class='ocr_carea' id='block_1_48' title="bbox 514 3043 2085 3134">
    <p class='ocr_par' dir='ltr' id='par_1_48' title="bbox 514 3043 2085 3134">
     <span class='ocr_line' id='line_1_48' title="bbox 514 3043 2085 3134; baseline -0.017 -14"><span class='ocrx_word' id='word_1_343' title='bbox 514 3067 648 3134; x_wconf 90' lang='lat' dir='ltr'><strong>cipit</strong></span> <span class='ocrx_word' id='word_1_344' title='bbox 674 3075 919 3119; x_wconf 84' lang='lat' dir='ltr'><strong>sensum.</strong></span> <span class='ocrx_word' id='word_1_345' title='bbox 953 3058 1129 3127; x_wconf 81' lang='lat' dir='ltr'><strong>Atque</strong></span> <span class='ocrx_word' id='word_1_346' title='bbox 1170 3053 1325 3116; x_wconf 87' lang='lat' dir='ltr'><strong>adeo,</strong></span> <span class='ocrx_word' id='word_1_347' title='bbox 1360 3049 1506 3121; x_wconf 92' lang='lat' dir='ltr'><strong>quod</strong></span> <span class='ocrx_word' id='word_1_348' title='bbox 1541 3045 1782 3101; x_wconf 53' lang='lat' dir='ltr'><strong>materiae</strong></span> <span class='ocrx_word' id='word_1_349' title='bbox 1833 3043 1888 3097; x_wconf 92' lang='lat' dir='ltr'><strong>in</strong></span> <span class='ocrx_word' id='word_1_350' title='bbox 1922 3043 2085 3097; x_wconf 88' lang='lat' dir='ltr'><strong>bene-</strong></span> 
     </span>
    </p>
   </div>
   <div class='ocr_carea' id='block_1_49' title="bbox 515 3133 2086 3227">
    <p class='ocr_par' dir='ltr' id='par_1_49' title="bbox 515 3133 2086 3227">
     <span class='ocr_line' id='line_1_49' title="bbox 515 3133 2086 3227; baseline -0.017 -14"><span class='ocrx_word' id='word_1_351' title='bbox 515 3133 621 3213; x_wconf 80' lang='lat' dir='ltr'><strong>ficii</strong></span> <span class='ocrx_word' id='word_1_352' title='bbox 651 3163 857 3227; x_wconf 90' lang='lat' dir='ltr'><strong>partem</strong></span> <span class='ocrx_word' id='word_1_353' title='bbox 882 3169 911 3206; x_wconf 93' lang='lat' dir='ltr'><strong>a</strong></span> <span class='ocrx_word' id='word_1_354' title='bbox 945 3149 1058 3205; x_wconf 87' lang='lat' dir='ltr'><strong>Deo</strong></span> <span class='ocrx_word' id='word_1_355' title='bbox 1086 3147 1341 3204; x_wconf 89' lang='lat' dir='ltr'><strong>collatum</strong></span> <span class='ocrx_word' id='word_1_356' title='bbox 1367 3142 1528 3205; x_wconf 83' lang='lat' dir='ltr'><strong>dicis,</strong></span> <span class='ocrx_word' id='word_1_357' title='bbox 1562 3140 1742 3211; x_wconf 92' lang='lat' dir='ltr'><strong>potius</strong></span> <span class='ocrx_word' id='word_1_358' title='bbox 1767 3136 1836 3191; x_wconf 91' lang='lat' dir='ltr'><strong>ad</strong></span> <span class='ocrx_word' id='word_1_359' title='bbox 1861 3133 2086 3191; x_wconf 66' lang='lat' dir='ltr'><strong>exitium</strong></span> 
     </span>
    </p>
   </div>
   <div class='ocr_carea' id='block_1_50' title="bbox 515 3229 2090 3313">
    <p class='ocr_par' dir='ltr' id='par_1_50' title="bbox 515 3229 2090 3313">
     <span class='ocr_line' id='line_1_50' title="bbox 515 3229 2090 3313; baseline -0.017 -7"><span class='ocrx_word' id='word_1_360' title='bbox 515 3248 816 3306; x_wconf 87' lang='lat' dir='ltr'><strong>accessisse</strong></span> <span class='ocrx_word' id='word_1_361' title='bbox 860 3237 1304 3313; x_wconf 89' lang='lat' dir='ltr'><strong>deprehenditur.</strong></span> <span class='ocrx_word' id='word_1_362' title='bbox 1361 3233 1420 3289; x_wconf 91' lang='lat' dir='ltr'><strong>Si</strong></span> <span class='ocrx_word' id='word_1_363' title='bbox 1449 3247 1578 3289; x_wconf 89' lang='lat' dir='ltr'><strong>vero</strong></span> <span class='ocrx_word' id='word_1_364' title='bbox 1610 3229 1786 3296; x_wconf 89' lang='lat' dir='ltr'><strong>dicas,</strong></span> <span class='ocrx_word' id='word_1_365' title='bbox 1835 3243 1946 3283; x_wconf 86' lang='lat' dir='ltr'><strong>non</strong></span> <span class='ocrx_word' id='word_1_366' title='bbox 1990 3241 2090 3296; x_wconf 77' lang='lat' dir='ltr'><strong>po-</strong></span> 
     </span>
    </p>
   </div>
   <div class='ocr_carea' id='block_1_51' title="bbox 514 3318 2090 3395">
    <p class='ocr_par' dir='ltr' id='par_1_51' title="bbox 514 3318 2090 3395">
     <span class='ocr_line' id='line_1_51' title="bbox 514 3318 2090 3395; baseline -0.016 0"><span class='ocrx_word' id='word_1_367' title='bbox 514 3341 690 3395; x_wconf 88' lang='lat' dir='ltr'><strong>tuisse</strong></span> <span class='ocrx_word' id='word_1_368' title='bbox 718 3352 749 3391; x_wconf 89' lang='lat' dir='ltr'><strong>a</strong></span> <span class='ocrx_word' id='word_1_369' title='bbox 781 3333 889 3390; x_wconf 89' lang='lat' dir='ltr'><strong>Deo</strong></span> <span class='ocrx_word' id='word_1_370' title='bbox 918 3329 1124 3387; x_wconf 88' lang='lat' dir='ltr'><strong>aboleri</strong></span> <span class='ocrx_word' id='word_1_371' title='bbox 1147 3327 1289 3384; x_wconf 87' lang='lat' dir='ltr'><strong>mala</strong></span> <span class='ocrx_word' id='word_1_372' title='bbox 1323 3345 1339 3381; x_wconf 85' lang='lat'><strong>:</strong></span> <span class='ocrx_word' id='word_1_373' title='bbox 1379 3339 1505 3380; x_wconf 92' lang='lat' dir='ltr'><strong>cum</strong></span> <span class='ocrx_word' id='word_1_374' title='bbox 1568 3319 1840 3392; x_wconf 89' lang='lat' dir='ltr'><strong>ejusmodi</strong></span> <span class='ocrx_word' id='word_1_375' title='bbox 1885 3318 2090 3387; x_wconf 87' lang='lat' dir='ltr'><strong>impos-</strong></span> 
     </span>
    </p>
   </div>
   <div class='ocr_carea' id='block_1_52' title="bbox 517 3411 2088 3495">
    <p class='ocr_par' dir='ltr' id='par_1_52' title="bbox 517 3411 2088 3495">
     <span class='ocr_line' id='line_1_52' title="bbox 517 3411 2088 3495; baseline -0.015 -6"><span class='ocrx_word' id='word_1_376' title='bbox 517 3433 775 3495; x_wconf 87' lang='lat' dir='ltr'><strong>sibilitas,</strong></span> <span class='ocrx_word' id='word_1_377' title='bbox 801 3438 894 3482; x_wconf 90' lang='lat' dir='ltr'><strong>aut</strong></span> <span class='ocrx_word' id='word_1_378' title='bbox 916 3433 1113 3480; x_wconf 89' lang='lat' dir='ltr'><strong>natura</strong></span> <span class='ocrx_word' id='word_1_379' title='bbox 1145 3419 1480 3476; x_wconf 88' lang='lat' dir='ltr'><strong>imbecillum</strong></span> <span class='ocrx_word' id='word_1_380' title='bbox 1518 3423 1734 3487; x_wconf 76' lang='lat' dir='ltr'><strong>arguat,</strong></span> <span class='ocrx_word' id='word_1_381' title='bbox 1770 3419 1864 3467; x_wconf 87' lang='lat' dir='ltr'><strong>aut</strong></span> <span class='ocrx_word' id='word_1_382' title='bbox 1893 3411 2088 3466; x_wconf 89' lang='lat' dir='ltr'><strong>timore</strong></span> 
     </span>
    </p>
   </div>
   <div class='ocr_carea' id='block_1_53' title="bbox 516 3503 2087 3580">
    <p class='ocr_par' dir='ltr' id='par_1_53' title="bbox 516 3503 2087 3580">
     <span class='ocr_line' id='line_1_53' title="bbox 516 3503 2087 3580; baseline -0.016 -1"><span class='ocrx_word' id='word_1_383' title='bbox 516 3525 770 3579; x_wconf 77' lang='lat' dir='ltr'><strong>vincente</strong></span> <span class='ocrx_word' id='word_1_384' title='bbox 813 3517 1026 3575; x_wconf 82' lang='lat' dir='ltr'><strong>fortiori</strong></span> <span class='ocrx_word' id='word_1_385' title='bbox 1076 3511 1239 3569; x_wconf 85' lang='lat' dir='ltr'><strong>alicui</strong></span> <span class='ocrx_word' id='word_1_386' title='bbox 1281 3510 1672 3580; x_wconf 84' lang='lat' dir='ltr'><strong>mancipatum,</strong></span> <span class='ocrx_word' id='word_1_387' title='bbox 1733 3503 1858 3561; x_wconf 86' lang='lat' dir='ltr'><strong>vide</strong></span> <span class='ocrx_word' id='word_1_388' title='bbox 1903 3511 2087 3557; x_wconf 89' lang='lat' dir='ltr'><strong>utrum</strong></span> 
     </span>
    </p>
   </div>
   <div class='ocr_carea' id='block_1_54' title="bbox 515 3592 2088 3682">
    <p class='ocr_par' dir='ltr' id='par_1_54' title="bbox 515 3592 2088 3682">
     <span class='ocr_line' id='line_1_54' title="bbox 515 3592 2088 3682; baseline -0.018 -9"><span class='ocrx_word' id='word_1_389' title='bbox 515 3618 708 3673; x_wconf 87' lang='lat' dir='ltr'><strong>horum</strong></span> <span class='ocrx_word' id='word_1_390' title='bbox 737 3608 1094 3682; x_wconf 88' lang='lat' dir='ltr'><strong>omnipotenti</strong></span> <span class='ocrx_word' id='word_1_391' title='bbox 1123 3615 1176 3662; x_wconf 91' lang='lat' dir='ltr'><strong>et</strong></span> <span class='ocrx_word' id='word_1_392' title='bbox 1201 3606 1346 3661; x_wconf 90' lang='lat' dir='ltr'><strong>bono</strong></span> <span class='ocrx_word' id='word_1_393' title='bbox 1360 3603 1468 3659; x_wconf 87' lang='lat' dir='ltr'><strong>Deo</strong></span> <span class='ocrx_word' id='word_1_394' title='bbox 1484 3602 1619 3657; x_wconf 70' lang='lat' dir='ltr'><strong>velis</strong></span> <span class='ocrx_word' id='word_1_395' title='bbox 1645 3598 1936 3654; x_wconf 81' lang='lat' dir='ltr'><strong>ascribere.</strong></span> <span class='ocrx_word' id='word_1_396' title='bbox 1951 3592 2088 3649; x_wconf 80' lang='lat' dir='ltr'><strong>Por-</strong></span> 
     </span>
    </p>
   </div>
   <div class='ocr_carea' id='block_1_55' title="bbox 513 3681 2090 3772">
    <p class='ocr_par' dir='ltr' id='par_1_55' title="bbox 513 3681 2090 3772">
     <span class='ocr_line' id='line_1_55' title="bbox 513 3681 2090 3772; baseline -0.02 -8"><span class='ocrx_word' id='word_1_397' title='bbox 513 3723 578 3764; x_wconf 87' lang='lat' dir='ltr'><strong>ro</strong></span> <span class='ocrx_word' id='word_1_398' title='bbox 605 3707 804 3762; x_wconf 89' lang='lat' dir='ltr'><strong>iterum</strong></span> <span class='ocrx_word' id='word_1_399' title='bbox 857 3681 1149 3772; x_wconf 82' lang='lat' dir='ltr'><strong>propositae</strong></span> <span class='ocrx_word' id='word_1_400' title='bbox 1180 3695 1330 3749; x_wconf 89' lang='lat' dir='ltr'><strong>circa</strong></span> <span class='ocrx_word' id='word_1_401' title='bbox 1373 3687 1658 3745; x_wconf 87' lang='lat' dir='ltr'><strong>materiam</strong></span> <span class='ocrx_word' id='word_1_402' title='bbox 1680 3681 1971 3757; x_wconf 84' lang='lat' dir='ltr'><strong>quaestioni</strong></span> <span class='ocrx_word' id='word_1_403' title='bbox 2000 3695 2090 3734; x_wconf 90' lang='lat' dir='ltr'><strong>re-</strong></span> 
     </span>
    </p>
   </div>
   <div class='ocr_carea' id='block_1_56' title="bbox 515 3773 2088 3870">
    <p class='ocr_par' dir='ltr' id='par_1_56' title="bbox 515 3773 2088 3870">
     <span class='ocr_line' id='line_1_56' title="bbox 515 3773 2088 3870; baseline -0.02 -12"><span class='ocrx_word' id='word_1_404' title='bbox 515 3799 744 3870; x_wconf 66' lang='lat' dir='ltr'><strong>aponde.</strong></span> <span class='ocrx_word' id='word_1_405' title='bbox 772 3796 939 3852; x_wconf 87' lang='lat' dir='ltr'><strong>Estne</strong></span> <span class='ocrx_word' id='word_1_406' title='bbox 958 3790 1184 3847; x_wconf 87' lang='lat' dir='ltr'><strong>materia</strong></span> <span class='ocrx_word' id='word_1_407' title='bbox 1217 3786 1468 3856; x_wconf 80' lang='lat' dir='ltr'><strong>simplex,</strong></span> <span class='ocrx_word' id='word_1_408' title='bbox 1503 3797 1574 3837; x_wconf 73' lang='lat' dir='ltr'><strong>ait</strong></span> <span class='ocrx_word' id='word_1_409' title='bbox 1597 3775 1928 3848; x_wconf 73' lang='lat' dir='ltr'><strong>composita?</strong></span> <span class='ocrx_word' id='word_1_410' title='bbox 1953 3773 2088 3828; x_wconf 82' lang='lat' dir='ltr'><strong>Nam</strong></span> 
     </span>
    </p>
   </div>
   <div class='ocr_carea' id='block_1_57' title="bbox 518 3865 2088 3956">
    <p class='ocr_par' dir='ltr' id='par_1_57' title="bbox 518 3865 2088 3956">
     <span class='ocr_line' id='line_1_57' title="bbox 518 3865 2088 3956; baseline -0.02 -7"><span class='ocrx_word' id='word_1_411' title='bbox 518 3865 566 3949; x_wconf 82' lang='lat' dir='ltr'><strong>si</strong></span> <span class='ocrx_word' id='word_1_412' title='bbox 590 3888 817 3947; x_wconf 88' lang='lat' dir='ltr'><strong>materia</strong></span> <span class='ocrx_word' id='word_1_413' title='bbox 842 3885 1071 3956; x_wconf 77' lang='lat' dir='ltr'><strong>simplex</strong></span> <span class='ocrx_word' id='word_1_414' title='bbox 1097 3879 1200 3936; x_wconf 87' lang='lat' dir='ltr'><strong>fuit</strong></span> <span class='ocrx_word' id='word_1_415' title='bbox 1255 3885 1310 3934; x_wconf 91' lang='lat' dir='ltr'><strong>et</strong></span> <span class='ocrx_word' id='word_1_416' title='bbox 1341 3867 1652 3936; x_wconf 83' lang='lat' dir='ltr'><strong>uniformis,</strong></span> <span class='ocrx_word' id='word_1_417' title='bbox 1694 3883 1818 3924; x_wconf 91' lang='lat' dir='ltr'><strong>cum</strong></span> <span class='ocrx_word' id='word_1_418' title='bbox 1853 3865 2088 3921; x_wconf 86' lang='lat' dir='ltr'><strong>mundus</strong></span> 
     </span>
    </p>
   </div>
   <div class='ocr_carea' id='block_1_58' title="bbox 517 3961 2084 4054">
    <p class='ocr_par' dir='ltr' id='par_1_58' title="bbox 517 3961 2084 4054">
     <span class='ocr_line' id='line_1_58' title="bbox 517 3961 2084 4054; baseline -0.02 -13"><span class='ocrx_word' id='word_1_419' title='bbox 517 3980 859 4054; x_wconf 91' lang='lat' dir='ltr'><strong>compositus</strong></span> <span class='ocrx_word' id='word_1_420' title='bbox 892 3978 963 4032; x_wconf 87' lang='lat' dir='ltr'><strong>sit</strong></span> <span class='ocrx_word' id='word_1_421' title='bbox 991 3984 1044 4030; x_wconf 87' lang='lat' dir='ltr'><strong>et</strong></span> <span class='ocrx_word' id='word_1_422' title='bbox 1074 3988 1144 4028; x_wconf 81' lang='lat' dir='ltr'><strong>ex</strong></span> <span class='ocrx_word' id='word_1_423' title='bbox 1175 3968 1408 4026; x_wconf 90' lang='lat' dir='ltr'><strong>diversis</strong></span> <span class='ocrx_word' id='word_1_424' title='bbox 1453 3961 1781 4021; x_wconf 87' lang='lat' dir='ltr'><strong>substantiis</strong></span> <span class='ocrx_word' id='word_1_425' title='bbox 1831 3965 2084 4022; x_wconf 88' lang='lat' dir='ltr'><strong>constet,</strong></span> 
     </span>
    </p>
   </div>
   <div class='ocr_carea' id='block_1_59' title="bbox 519 4053 2089 4144">
    <p class='ocr_par' dir='ltr' id='par_1_59' title="bbox 519 4053 2089 4144">
     <span class='ocr_line' id='line_1_59' title="bbox 519 4053 2089 4144; baseline -0.019 -12"><span class='ocrx_word' id='word_1_426' title='bbox 519 4091 632 4132; x_wconf 85' lang='lat' dir='ltr'><strong>non</strong></span> <span class='ocrx_word' id='word_1_427' title='bbox 650 4053 838 4144; x_wconf 85' lang='lat' dir='ltr'><strong>potest</strong></span> <span class='ocrx_word' id='word_1_428' title='bbox 861 4068 969 4123; x_wconf 92' lang='lat' dir='ltr'><strong>dici</strong></span> <span class='ocrx_word' id='word_1_429' title='bbox 1000 4065 1178 4118; x_wconf 89' lang='lat' dir='ltr'><strong>factus</strong></span> <span class='ocrx_word' id='word_1_430' title='bbox 1221 4077 1290 4118; x_wconf 77' lang='lat' dir='ltr'><strong>ex</strong></span> <span class='ocrx_word' id='word_1_431' title='bbox 1320 4057 1576 4123; x_wconf 87' lang='lat' dir='ltr'><strong>materia;</strong></span> <span class='ocrx_word' id='word_1_432' title='bbox 1609 4053 1752 4125; x_wconf 94' lang='lat' dir='ltr'><strong>quod</strong></span> <span class='ocrx_word' id='word_1_433' title='bbox 1816 4067 1924 4106; x_wconf 92' lang='lat' dir='ltr'><strong>non</strong></span> <span class='ocrx_word' id='word_1_434' title='bbox 1958 4063 2089 4120; x_wconf 89' lang='lat' dir='ltr'><strong>pos-</strong></span> 
     </span>
    </p>
   </div>
   <div class='ocr_carea' id='block_1_60' title="bbox 518 4138 2087 4235">
    <p class='ocr_par' dir='ltr' id='par_1_60' title="bbox 518 4138 2087 4235">
     <span class='ocr_line' id='line_1_60' title="bbox 518 4138 2087 4235; baseline -0.02 -11"><span class='ocrx_word' id='word_1_435' title='bbox 518 4169 629 4225; x_wconf 89' lang='lat' dir='ltr'><strong>sint</strong></span> <span class='ocrx_word' id='word_1_436' title='bbox 659 4138 818 4235; x_wconf 46' lang='lat' dir='ltr'><strong>-qua:</strong></span> <span class='ocrx_word' id='word_1_437' title='bbox 877 4167 1006 4215; x_wconf 90' lang='lat' dir='ltr'><strong>sunt</strong></span> <span class='ocrx_word' id='word_1_438' title='bbox 1067 4154 1366 4225; x_wconf 86' lang='lat' dir='ltr'><strong>composita</strong></span> <span class='ocrx_word' id='word_1_439' title='bbox 1396 4191 1411 4216; x_wconf 97' lang='lat'><strong>,</strong></span> <span class='ocrx_word' id='word_1_440' title='bbox 1461 4163 1572 4204; x_wconf 92' lang='lat' dir='ltr'><strong>uno</strong></span> <span class='ocrx_word' id='word_1_441' title='bbox 1633 4147 1815 4216; x_wconf 89' lang='lat' dir='ltr'><strong>aliquo</strong></span> <span class='ocrx_word' id='word_1_442' title='bbox 1866 4138 2087 4198; x_wconf 87' lang='lat' dir='ltr'><strong>informi</strong></span> 
     </span>
    </p>
   </div>
   <div class='ocr_carea' id='block_1_61' title="bbox 517 4235 2086 4320">
    <p class='ocr_par' dir='ltr' id='par_1_61' title="bbox 517 4235 2086 4320">
     <span class='ocr_line' id='line_1_61' title="bbox 517 4235 2086 4320; baseline -0.021 -2"><span class='ocrx_word' id='word_1_443' title='bbox 517 4257 798 4318; x_wconf 80' lang='lat' dir='ltr'><strong>constitui.</strong></span> <span class='ocrx_word' id='word_1_444' title='bbox 851 4249 1223 4320; x_wconf 87' lang='lat' dir='ltr'><strong>Compositum</strong></span> <span class='ocrx_word' id='word_1_445' title='bbox 1277 4245 1444 4308; x_wconf 90' lang='lat' dir='ltr'><strong>enim,</strong></span> <span class='ocrx_word' id='word_1_446' title='bbox 1491 4239 1820 4311; x_wconf 90' lang='lat' dir='ltr'><strong>simplicium</strong></span> <span class='ocrx_word' id='word_1_447' title='bbox 1873 4235 2086 4304; x_wconf 87' lang='lat' dir='ltr'><strong>aliquo-</strong></span> 
     </span>
    </p>
   </div>
   <div class='ocr_carea' id='block_1_62' title="bbox 517 4329 2089 4408">
    <p class='ocr_par' dir='ltr' id='par_1_62' title="bbox 517 4329 2089 4408">
     <span class='ocr_line' id='line_1_62' title="bbox 517 4329 2089 4408; baseline -0.02 -1"><span class='ocrx_word' id='word_1_448' title='bbox 517 4367 641 4408; x_wconf 88' lang='lat' dir='ltr'><strong>rum</strong></span> <span class='ocrx_word' id='word_1_449' title='bbox 703 4344 1014 4403; x_wconf 89' lang='lat' dir='ltr'><strong>mistionem</strong></span> <span class='ocrx_word' id='word_1_450' title='bbox 1075 4337 1298 4393; x_wconf 89' lang='lat' dir='ltr'><strong>indicat.</strong></span> <span class='ocrx_word' id='word_1_451' title='bbox 1357 4331 1514 4399; x_wconf 87' lang='lat' dir='ltr'><strong>Quod</strong></span> <span class='ocrx_word' id='word_1_452' title='bbox 1570 4331 1617 4387; x_wconf 84' lang='lat' dir='ltr'><strong>si</strong></span> <span class='ocrx_word' id='word_1_453' title='bbox 1672 4329 1866 4384; x_wconf 89' lang='lat' dir='ltr'><strong>iterum</strong></span> <span class='ocrx_word' id='word_1_454' title='bbox 1918 4330 2089 4378; x_wconf 88' lang='lat' dir='ltr'><strong>mate-</strong></span> 
     </span>
    </p>
   </div>
   <div class='ocr_carea' id='block_1_63' title="bbox 2189 1836 3765 1918">
    <p class='ocr_par' dir='ltr' id='par_1_63' title="bbox 2189 1836 3765 1918">
     <span class='ocr_line' id='line_1_63' title="bbox 2189 1836 3765 1918; baseline 0.009 -31"><span class='ocrx_word' id='word_1_455' title='bbox 2189 1851 2350 1905; x_wconf 90' lang='grc' dir='ltr'>μενος</span> <span class='ocrx_word' id='word_1_456' title='bbox 2407 1836 2626 1890; x_wconf 81' lang='grc' dir='ltr'>κάκεῖνο</span> <span class='ocrx_word' id='word_1_457' title='bbox 2657 1837 2877 1908; x_wconf 82' lang='grc' dir='ltr'>τρέπειν</span> <span class='ocrx_word' id='word_1_458' title='bbox 2907 1839 2988 1902; x_wconf 87' lang='grc' dir='ltr'><strong>είς</strong></span> <span class='ocrx_word' id='word_1_459' title='bbox 3037 1837 3099 1891; x_wconf 84' lang='grc' dir='ltr'>τὺ</span> <span class='ocrx_word' id='word_1_460' title='bbox 3149 1842 3393 1911; x_wconf 86' lang='grc' dir='ltr'>κρεῖττον</span> <span class='ocrx_word' id='word_1_461' title='bbox 3415 1858 3430 1873; x_wconf 81' lang='grc' dir='ltr'><strong>ο</strong></span> <span class='ocrx_word' id='word_1_462' title='bbox 3464 1845 3637 1910; x_wconf 71' lang='grc' dir='ltr'>αἴτιός</span> <span class='ocrx_word' id='word_1_463' title='bbox 3666 1865 3765 1918; x_wconf 80' lang='grc' dir='ltr'><strong>μοι</strong></span> 
     </span>
    </p>
   </div>
   <div class='ocr_carea' id='block_1_64' title="bbox 2185 1926 3762 2008">
    <p class='ocr_par' dir='ltr' id='par_1_64' title="bbox 2185 1926 3762 2008">
     <span class='ocr_line' id='line_1_64' title="bbox 2185 1926 3762 2008; baseline 0.008 -29"><span class='ocrx_word' id='word_1_464' title='bbox 2185 1926 2293 1980; x_wconf 89' lang='grc' dir='ltr'><strong>τῶν</strong></span> <span class='ocrx_word' id='word_1_465' title='bbox 2322 1928 2504 1981; x_wconf 81' lang='grc' dir='ltr'>κακῶν</span> <span class='ocrx_word' id='word_1_466' title='bbox 2538 1926 2747 1997; x_wconf 87' lang='grc' dir='ltr'>(δοκεῖ),</span> <span class='ocrx_word' id='word_1_467' title='bbox 2780 1929 3093 1984; x_wconf 87' lang='grc' dir='ltr'>καταλιπὼν</span> <span class='ocrx_word' id='word_1_468' title='bbox 3119 1933 3282 2004; x_wconf 83' lang='grc' dir='ltr'>μέρος</span> <span class='ocrx_word' id='word_1_469' title='bbox 3322 1931 3455 2004; x_wconf 89' lang='grc' dir='ltr'>ὕλης</span> <span class='ocrx_word' id='word_1_470' title='bbox 3496 1939 3762 2008; x_wconf 79' lang='grc' dir='ltr'>πονηρόν.</span> 
     </span>
    </p>
   </div>
   <div class='ocr_carea' id='block_1_65' title="bbox 2199 2016 3767 2099">
    <p class='ocr_par' dir='ltr' id='par_1_65' title="bbox 2199 2016 3767 2099">
     <span class='ocr_line' id='line_1_65' title="bbox 2199 2016 3767 2099; baseline 0.008 -27"><span class='ocrx_word' id='word_1_471' title='bbox 2199 2020 2314 2072; x_wconf 89' lang='grc' dir='ltr'><strong>Ἐπ’</strong></span> <span class='ocrx_word' id='word_1_472' title='bbox 2341 2019 2545 2092; x_wconf 82' lang='grc' dir='ltr'><strong>ὀλέθρῳ</strong></span> <span class='ocrx_word' id='word_1_473' title='bbox 2571 2016 2662 2075; x_wconf 82' lang='grc' dir='ltr'><strong>οὖν</strong></span> <span class='ocrx_word' id='word_1_474' title='bbox 2685 2022 3079 2096; x_wconf 77' lang='grc' dir='ltr'><strong>ἐδημιούργησε</strong></span> <span class='ocrx_word' id='word_1_475' title='bbox 3107 2024 3305 2096; x_wconf 87' lang='grc' dir='ltr'>μέρους</span> <span class='ocrx_word' id='word_1_476' title='bbox 3323 2043 3338 2057; x_wconf 73' lang='grc'><strong><em>⁸</em></strong></span> <span class='ocrx_word' id='word_1_477' title='bbox 3360 2027 3494 2081; x_wconf 87' lang='grc' dir='ltr'><strong>ἀλλά</strong></span> <span class='ocrx_word' id='word_1_478' title='bbox 3525 2029 3634 2099; x_wconf 75' lang='grc' dir='ltr'>μὴν</span> <span class='ocrx_word' id='word_1_479' title='bbox 3663 2031 3767 2084; x_wconf 70' lang='grc' dir='ltr'>καὶ</span> 
     </span>
    </p>
   </div>
   <div class='ocr_carea' id='block_1_66' title="bbox 2186 2113 3769 2193">
    <p class='ocr_par' dir='ltr' id='par_1_66' title="bbox 2186 2113 3769 2193">
     <span class='ocr_line' id='line_1_66' title="bbox 2186 2113 3769 2193; baseline 0.008 -27"><span class='ocrx_word' id='word_1_480' title='bbox 2186 2113 2254 2167; x_wconf 84' lang='grc' dir='ltr'><strong>τὰ</strong></span> <span class='ocrx_word' id='word_1_481' title='bbox 2286 2115 2546 2184; x_wconf 88' lang='grc' dir='ltr'>μέγιστα,</span> <span class='ocrx_word' id='word_1_482' title='bbox 2589 2115 2731 2169; x_wconf 82' lang='grc' dir='ltr'>κατὰ</span> <span class='ocrx_word' id='word_1_483' title='bbox 2763 2117 2918 2170; x_wconf 78' lang='grc' dir='ltr'>τοῦτο</span> <span class='ocrx_word' id='word_1_484' title='bbox 2937 2159 2952 2183; x_wconf 89' lang='grc'><strong>,</strong></span> <span class='ocrx_word' id='word_1_485' title='bbox 2985 2117 3143 2171; x_wconf 83' lang='grc' dir='ltr'>τοῦτο</span> <span class='ocrx_word' id='word_1_486' title='bbox 3168 2119 3230 2172; x_wconf 88' lang='grc' dir='ltr'><strong>τὸ</strong></span> <span class='ocrx_word' id='word_1_487' title='bbox 3266 2120 3430 2192; x_wconf 82' lang='grc' dir='ltr'>μέρος</span> <span class='ocrx_word' id='word_1_488' title='bbox 3467 2122 3769 2193; x_wconf 71' lang='grc' dir='ltr'>ἠδικῆσθαί</span> 
     </span>
    </p>
   </div>
   <div class='ocr_carea' id='block_1_67' title="bbox 2192 2206 3770 2285">
    <p class='ocr_par' dir='ltr' id='par_1_67' title="bbox 2192 2206 3770 2285">
     <span class='ocr_line' id='line_1_67' title="bbox 2192 2206 3770 2285; baseline 0.009 -28"><span class='ocrx_word' id='word_1_489' title='bbox 2192 2221 2279 2276; x_wconf 87' lang='grc' dir='ltr'>μοι</span> <span class='ocrx_word' id='word_1_490' title='bbox 2307 2206 2470 2270; x_wconf 84' lang='grc' dir='ltr'>δοκεῖ,</span> <span class='ocrx_word' id='word_1_491' title='bbox 2499 2207 2635 2279; x_wconf 83' lang='grc' dir='ltr'>ὅπερ</span> <span class='ocrx_word' id='word_1_492' title='bbox 2677 2209 3046 2263; x_wconf 81' lang='grc' dir='ltr'><strong>κατεσκεύασε</strong></span> <span class='ocrx_word' id='word_1_493' title='bbox 3076 2211 3177 2280; x_wconf 81' lang='grc' dir='ltr'><strong>τῆς</strong></span> <span class='ocrx_word' id='word_1_494' title='bbox 3219 2211 3349 2283; x_wconf 85' lang='grc' dir='ltr'>ὕλης</span> <span class='ocrx_word' id='word_1_495' title='bbox 3392 2214 3575 2285; x_wconf 90' lang='grc' dir='ltr'>μέρος,</span> <span class='ocrx_word' id='word_1_496' title='bbox 3609 2218 3770 2270; x_wconf 85' lang='grc' dir='ltr'>ἀντι-</span> 
     </span>
    </p>
   </div>
   <div class='ocr_carea' id='block_1_68' title="bbox 2187 2295 3772 2381">
    <p class='ocr_par' dir='ltr' id='par_1_68' title="bbox 2187 2295 3772 2381">
     <span class='ocr_line' id='line_1_68' title="bbox 2187 2295 3772 2381; baseline 0.008 -32"><span class='ocrx_word' id='word_1_497' title='bbox 2187 2295 2594 2370; x_wconf 72' lang='grc' dir='ltr'>λαμϐανόμενον</span> <span class='ocrx_word' id='word_1_498' title='bbox 2635 2299 2703 2353; x_wconf 84' lang='grc' dir='ltr'><strong>τὰ</strong></span> <span class='ocrx_word' id='word_1_499' title='bbox 2761 2301 2825 2354; x_wconf 83' lang='grc' dir='ltr'>ὲκ</span> <span class='ocrx_word' id='word_1_500' title='bbox 2869 2300 2976 2354; x_wconf 91' lang='grc' dir='ltr'><strong>τῶν</strong></span> <span class='ocrx_word' id='word_1_501' title='bbox 3015 2303 3219 2356; x_wconf 82' lang='grc' dir='ltr'>κακῶν.</span> <span class='ocrx_word' id='word_1_502' title='bbox 3262 2305 3397 2376; x_wconf 79' lang='grc' dir='ltr'>Πρὶν</span> <span class='ocrx_word' id='word_1_503' title='bbox 3437 2308 3547 2381; x_wconf 78' lang='grc' dir='ltr'><strong>γὰρ</strong></span> <span class='ocrx_word' id='word_1_504' title='bbox 3590 2309 3772 2380; x_wconf 72' lang='grc' dir='ltr'>αὐτὴν</span> 
     </span>
    </p>
   </div>
   <div class='ocr_carea' id='block_1_69' title="bbox 2186 2387 3773 2464">
    <p class='ocr_par' dir='ltr' id='par_1_69' title="bbox 2186 2387 3773 2464">
     <span class='ocr_line' id='line_1_69' title="bbox 2186 2387 3773 2464; baseline 0.01 -23"><span class='ocrx_word' id='word_1_505' title='bbox 2186 2387 2615 2462; x_wconf 82' lang='grc' dir='ltr'>διακοσμηθῆναι</span> <span class='ocrx_word' id='word_1_506' title='bbox 2641 2431 2655 2454; x_wconf 90' lang='grc'><strong>,</strong></span> <span class='ocrx_word' id='word_1_507' title='bbox 2702 2392 2764 2445; x_wconf 81' lang='grc' dir='ltr'><strong>τὸ</strong></span> <span class='ocrx_word' id='word_1_508' title='bbox 2814 2393 2947 2464; x_wconf 84' lang='grc' dir='ltr'>μηδὲ</span> <span class='ocrx_word' id='word_1_509' title='bbox 2999 2395 3348 2451; x_wconf 83' lang='grc' dir='ltr'>αἰσθάνεσθαι</span> <span class='ocrx_word' id='word_1_510' title='bbox 3403 2399 3510 2452; x_wconf 87' lang='grc' dir='ltr'><strong>τῶν</strong></span> <span class='ocrx_word' id='word_1_511' title='bbox 3572 2403 3773 2458; x_wconf 85' lang='grc' dir='ltr'>κακῶν</span> 
     </span>
    </p>
   </div>
   <div class='ocr_carea' id='block_1_70' title="bbox 2189 2483 3772 2564">
    <p class='ocr_par' dir='ltr' id='par_1_70' title="bbox 2189 2483 3772 2564">
     <span class='ocr_line' id='line_1_70' title="bbox 2189 2483 3772 2564; baseline 0.008 -30"><span class='ocrx_word' id='word_1_512' title='bbox 2189 2484 2367 2555; x_wconf 80' lang='grc' dir='ltr'>παρῆν</span> <span class='ocrx_word' id='word_1_513' title='bbox 2413 2486 2585 2556; x_wconf 74' lang='grc' dir='ltr'>αὑτῇο</span> <span class='ocrx_word' id='word_1_514' title='bbox 2627 2483 2722 2538; x_wconf 80' lang='grc' dir='ltr'>νῦν</span> <span class='ocrx_word' id='word_1_515' title='bbox 2774 2485 2832 2539; x_wconf 81' lang='grc' dir='ltr'>δὲ</span> <span class='ocrx_word' id='word_1_516' title='bbox 2899 2485 3126 2541; x_wconf 71' lang='grc' dir='ltr'>ἕκαστον</span> <span class='ocrx_word' id='word_1_517' title='bbox 3169 2487 3280 2542; x_wconf 89' lang='grc' dir='ltr'>τῶν</span> <span class='ocrx_word' id='word_1_518' title='bbox 3346 2489 3528 2560; x_wconf 86' lang='grc' dir='ltr'>μερῶν</span> <span class='ocrx_word' id='word_1_519' title='bbox 3591 2493 3772 2564; x_wconf 74' lang='grc' dir='ltr'>αὐτῆς</span> 
     </span>
    </p>
   </div>
   <div class='ocr_carea' id='block_1_71' title="bbox 2188 2577 3770 2657">
    <p class='ocr_par' dir='ltr' id='par_1_71' title="bbox 2188 2577 3770 2657">
     <span class='ocr_line' id='line_1_71' title="bbox 2188 2577 3770 2657; baseline 0.004 -27"><span class='ocrx_word' id='word_1_520' title='bbox 2188 2577 2436 2648; x_wconf 78' lang='grc' dir='ltr'>αἴσθησιν</span> <span class='ocrx_word' id='word_1_521' title='bbox 2468 2577 2732 2648; x_wconf 76' lang='grc' dir='ltr'><strong>λαμϐάνει</strong></span> <span class='ocrx_word' id='word_1_522' title='bbox 2762 2578 2872 2631; x_wconf 92' lang='grc' dir='ltr'><strong>τῶν</strong></span> <span class='ocrx_word' id='word_1_523' title='bbox 2901 2578 3109 2635; x_wconf 87' lang='grc' dir='ltr'>κακῶν.</span> <span class='ocrx_word' id='word_1_524' title='bbox 3140 2581 3251 2634; x_wconf 70' lang='grc' dir='ltr'><strong>Καὶ</strong></span> <span class='ocrx_word' id='word_1_525' title='bbox 3293 2599 3382 2652; x_wconf 87' lang='grc' dir='ltr'>μοι</span> <span class='ocrx_word' id='word_1_526' title='bbox 3419 2583 3502 2635; x_wconf 80' lang='grc' dir='ltr'><strong>ἐπ’</strong></span> <span class='ocrx_word' id='word_1_527' title='bbox 3544 2583 3770 2657; x_wconf 81' lang='grc' dir='ltr'>ἀνθρὼ-</span> 
     </span>
    </p>
   </div>
   <div class='ocr_carea' id='block_1_72' title="bbox 2188 2668 3770 2746">
    <p class='ocr_par' dir='ltr' id='par_1_72' title="bbox 2188 2668 3770 2746">
     <span class='ocr_line' id='line_1_72' title="bbox 2188 2668 3770 2746; baseline 0.005 -26"><span class='ocrx_word' id='word_1_528' title='bbox 2188 2685 2288 2721; x_wconf 87' lang='grc' dir='ltr'>που</span> <span class='ocrx_word' id='word_1_529' title='bbox 2312 2668 2442 2722; x_wconf 81' lang='grc' dir='ltr'>λάϐε</span> <span class='ocrx_word' id='word_1_530' title='bbox 2467 2669 2528 2722; x_wconf 85' lang='grc' dir='ltr'>τὸ</span> <span class='ocrx_word' id='word_1_531' title='bbox 2563 2668 2930 2741; x_wconf 83' lang='grc' dir='ltr'>παράδειγμα.</span> <span class='ocrx_word' id='word_1_532' title='bbox 2977 2671 3114 2742; x_wconf 72' lang='grc' dir='ltr'>Πρὶν</span> <span class='ocrx_word' id='word_1_533' title='bbox 3153 2671 3302 2742; x_wconf 84' lang='grc' dir='ltr'>(γὰρ)</span> <span class='ocrx_word' id='word_1_534' title='bbox 3341 2670 3476 2736; x_wconf 78' lang='grc' dir='ltr'>ζῶον</span> <span class='ocrx_word' id='word_1_535' title='bbox 3512 2674 3770 2746; x_wconf 82' lang='grc' dir='ltr'>γένηται,</span> 
     </span>
    </p>
   </div>
   <div class='ocr_carea' id='block_1_73' title="bbox 2188 2753 3774 2830">
    <p class='ocr_par' dir='ltr' id='par_1_73' title="bbox 2188 2753 3774 2830">
     <span class='ocr_line' id='line_1_73' title="bbox 2188 2753 3774 2830; baseline 0.004 -19"><span class='ocrx_word' id='word_1_536' title='bbox 2188 2757 2508 2830; x_wconf 83' lang='grc' dir='ltr'>ἀναίσθητον</span> <span class='ocrx_word' id='word_1_537' title='bbox 2539 2753 2606 2830; x_wconf 82' lang='grc' dir='ltr'>ἧν</span> <span class='ocrx_word' id='word_1_538' title='bbox 2656 2757 2764 2812; x_wconf 87' lang='grc' dir='ltr'>τῶν</span> <span class='ocrx_word' id='word_1_539' title='bbox 2814 2757 3017 2812; x_wconf 89' lang='grc' dir='ltr'>κακῶν.</span> <span class='ocrx_word' id='word_1_540' title='bbox 3079 2759 3194 2828; x_wconf 72' lang='grc' dir='ltr'><strong>Ἀφ’</strong></span> <span class='ocrx_word' id='word_1_541' title='bbox 3244 2753 3305 2812; x_wconf 81' lang='grc' dir='ltr'>οὕ</span> <span class='ocrx_word' id='word_1_542' title='bbox 3349 2760 3406 2814; x_wconf 83' lang='grc' dir='ltr'>δὲ</span> <span class='ocrx_word' id='word_1_543' title='bbox 3464 2763 3774 2818; x_wconf 76' lang='grc' dir='ltr'>είκονισθὲν</span> 
     </span>
    </p>
   </div>
   <div class='ocr_carea' id='block_1_74' title="bbox 2189 2846 3776 2922">
    <p class='ocr_par' dir='ltr' id='par_1_74' title="bbox 2189 2846 3776 2922">
     <span class='ocr_line' id='line_1_74' title="bbox 2189 2846 3776 2922; baseline 0.003 -20"><span class='ocrx_word' id='word_1_544' title='bbox 2189 2847 2471 2921; x_wconf 86' lang='grc' dir='ltr'>ἄνθρωπος</span> <span class='ocrx_word' id='word_1_545' title='bbox 2498 2850 2633 2920; x_wconf 86' lang='grc' dir='ltr'>πρὸς</span> <span class='ocrx_word' id='word_1_546' title='bbox 2666 2847 2802 2902; x_wconf 85' lang='grc' dir='ltr'>Θεοῦ</span> <span class='ocrx_word' id='word_1_547' title='bbox 2835 2846 3074 2916; x_wconf 86' lang='grc' dir='ltr'>γίνεται,</span> <span class='ocrx_word' id='word_1_548' title='bbox 3107 2847 3226 2902; x_wconf 84' lang='grc' dir='ltr'>τότε</span> <span class='ocrx_word' id='word_1_549' title='bbox 3258 2851 3352 2904; x_wconf 78' lang='grc' dir='ltr'>καὶ</span> <span class='ocrx_word' id='word_1_550' title='bbox 3389 2851 3487 2922; x_wconf 82' lang='grc' dir='ltr'><strong>τὴν</strong></span> <span class='ocrx_word' id='word_1_551' title='bbox 3511 2852 3776 2922; x_wconf 73' lang='grc' dir='ltr'>αἴσθησιν</span> 
     </span>
    </p>
   </div>
   <div class='ocr_carea' id='block_1_75' title="bbox 2187 2939 3776 3014">
    <p class='ocr_par' dir='ltr' id='par_1_75' title="bbox 2187 2939 3776 3014">
     <span class='ocr_line' id='line_1_75' title="bbox 2187 2939 3776 3014; baseline 0.004 -21"><span class='ocrx_word' id='word_1_552' title='bbox 2187 2941 2280 2994; x_wconf 78' lang='grc' dir='ltr'><strong>τοῦ</strong></span> <span class='ocrx_word' id='word_1_553' title='bbox 2325 2941 2757 3014; x_wconf 81' lang='grc' dir='ltr'>προπελάζοντος</span> <span class='ocrx_word' id='word_1_554' title='bbox 2792 2939 2960 2994; x_wconf 83' lang='grc' dir='ltr'>κακοῦ</span> <span class='ocrx_word' id='word_1_555' title='bbox 3008 2942 3431 3013; x_wconf 77' lang='grc' dir='ltr'>προσλαμϐάνει.</span> <span class='ocrx_word' id='word_1_556' title='bbox 3463 2946 3572 2998; x_wconf 76' lang='grc' dir='ltr'><strong>Καὶ</strong></span> <span class='ocrx_word' id='word_1_557' title='bbox 3603 2945 3776 3001; x_wconf 80' lang='grc' dir='ltr'>τοῦτο</span> 
     </span>
    </p>
   </div>
   <div class='ocr_carea' id='block_1_76' title="bbox 2188 3031 3777 3106">
    <p class='ocr_par' dir='ltr' id='par_1_76' title="bbox 2188 3031 3777 3106">
     <span class='ocr_line' id='line_1_76' title="bbox 2188 3031 3777 3106; baseline 0.003 -20"><span class='ocrx_word' id='word_1_558' title='bbox 2188 3034 2324 3105; x_wconf 87' lang='grc' dir='ltr'>ὅπερ</span> <span class='ocrx_word' id='word_1_559' title='bbox 2353 3033 2474 3086; x_wconf 78' lang='grc' dir='ltr'>ἐπεὶ</span> <span class='ocrx_word' id='word_1_560' title='bbox 2508 3032 2798 3105; x_wconf 77' lang='grc' dir='ltr'>εὐεργεσίᾳ</span> <span class='ocrx_word' id='word_1_561' title='bbox 2834 3032 2936 3102; x_wconf 79' lang='grc' dir='ltr'><strong>τῆς</strong></span> <span class='ocrx_word' id='word_1_562' title='bbox 2962 3031 3094 3106; x_wconf 88' lang='grc' dir='ltr'>ὕλης</span> <span class='ocrx_word' id='word_1_563' title='bbox 3126 3035 3260 3106; x_wconf 85' lang='grc' dir='ltr'>πρὸς</span> <span class='ocrx_word' id='word_1_564' title='bbox 3307 3034 3441 3088; x_wconf 77' lang='grc' dir='ltr'><strong>Θεοῦ</strong></span> <span class='ocrx_word' id='word_1_565' title='bbox 3482 3035 3777 3104; x_wconf 73' lang='grc' dir='ltr'>γεγονένα.</span> 
     </span>
    </p>
   </div>
   <div class='ocr_carea' id='block_1_77' title="bbox 2189 3123 3777 3198">
    <p class='ocr_par' dir='ltr' id='par_1_77' title="bbox 2189 3123 3777 3198">
     <span class='ocr_line' id='line_1_77' title="bbox 2189 3123 3777 3198; baseline 0.003 -21"><span class='ocrx_word' id='word_1_566' title='bbox 2189 3123 2384 3194; x_wconf 88' lang='grc' dir='ltr'>λέγεις,</span> <span class='ocrx_word' id='word_1_567' title='bbox 2415 3125 2726 3196; x_wconf 84' lang='grc' dir='ltr'>εὑρίσκεται</span> <span class='ocrx_word' id='word_1_568' title='bbox 2763 3123 2964 3195; x_wconf 81' lang='grc' dir='ltr'>μᾶλλον</span> <span class='ocrx_word' id='word_1_569' title='bbox 2991 3125 3082 3178; x_wconf 75' lang='grc' dir='ltr'><strong>ἐπὶ</strong></span> <span class='ocrx_word' id='word_1_570' title='bbox 3113 3125 3191 3196; x_wconf 78' lang='grc' dir='ltr'>τῷ</span> <span class='ocrx_word' id='word_1_571' title='bbox 3232 3126 3434 3197; x_wconf 79' lang='grc' dir='ltr'>χείρονι</span> <span class='ocrx_word' id='word_1_572' title='bbox 3466 3128 3777 3198; x_wconf 75' lang='grc' dir='ltr'>προσγενό-</span> 
     </span>
    </p>
   </div>
   <div class='ocr_carea' id='block_1_78' title="bbox 2191 3215 3778 3288">
    <p class='ocr_par' dir='ltr' id='par_1_78' title="bbox 2191 3215 3778 3288">
     <span class='ocr_line' id='line_1_78' title="bbox 2191 3215 3778 3288; baseline 0.002 -18"><span class='ocrx_word' id='word_1_573' title='bbox 2191 3233 2350 3288; x_wconf 87' lang='grc' dir='ltr'>μενον</span> <span class='ocrx_word' id='word_1_574' title='bbox 2383 3217 2540 3288; x_wconf 77' lang='grc' dir='ltr'>αύτῇ.</span> <span class='ocrx_word' id='word_1_575' title='bbox 2571 3217 2635 3270; x_wconf 82' lang='grc' dir='ltr'><strong>Εἰ</strong></span> <span class='ocrx_word' id='word_1_576' title='bbox 2667 3215 2724 3269; x_wconf 81' lang='grc' dir='ltr'>δὲ</span> <span class='ocrx_word' id='word_1_577' title='bbox 2761 3216 2834 3287; x_wconf 81' lang='grc' dir='ltr'>μὴ</span> <span class='ocrx_word' id='word_1_578' title='bbox 2866 3215 3124 3269; x_wconf 88' lang='grc' dir='ltr'>δύνασθαι</span> <span class='ocrx_word' id='word_1_579' title='bbox 3167 3216 3372 3271; x_wconf 82' lang='grc' dir='ltr'>παῦσαι</span> <span class='ocrx_word' id='word_1_580' title='bbox 3399 3217 3465 3270; x_wconf 78' lang='grc' dir='ltr'><strong>τὰ</strong></span> <span class='ocrx_word' id='word_1_581' title='bbox 3495 3219 3643 3273; x_wconf 74' lang='grc' dir='ltr'>κακὰ</span> <span class='ocrx_word' id='word_1_582' title='bbox 3674 3220 3778 3274; x_wconf 79' lang='grc' dir='ltr'><strong>τὸν</strong></span> 
     </span>
    </p>
   </div>
   <div class='ocr_carea' id='block_1_79' title="bbox 2187 3306 3774 3384">
    <p class='ocr_par' dir='ltr' id='par_1_79' title="bbox 2187 3306 3774 3384">
     <span class='ocr_line' id='line_1_79' title="bbox 2187 3306 3774 3384; baseline 0.002 -24"><span class='ocrx_word' id='word_1_583' title='bbox 2187 3306 2318 3360; x_wconf 86' lang='grc' dir='ltr'>Θεὸν</span> <span class='ocrx_word' id='word_1_584' title='bbox 2369 3308 2510 3379; x_wconf 80' lang='grc' dir='ltr'><strong>φῄς·</strong></span> <span class='ocrx_word' id='word_1_585' title='bbox 2562 3308 2624 3361; x_wconf 81' lang='grc' dir='ltr'><strong>τὸ</strong></span> <span class='ocrx_word' id='word_1_586' title='bbox 2667 3307 2724 3361; x_wconf 82' lang='grc' dir='ltr'>δὲ</span> <span class='ocrx_word' id='word_1_587' title='bbox 2771 3306 3026 3362; x_wconf 88' lang='grc' dir='ltr'>ἀδύνατον</span> <span class='ocrx_word' id='word_1_588' title='bbox 3068 3309 3186 3379; x_wconf 76' lang='grc' dir='ltr'>ἦτοι</span> <span class='ocrx_word' id='word_1_589' title='bbox 3229 3312 3296 3380; x_wconf 79' lang='grc' dir='ltr'><strong>τῇ</strong></span> <span class='ocrx_word' id='word_1_590' title='bbox 3343 3309 3500 3378; x_wconf 82' lang='grc' dir='ltr'>φύσει</span> <span class='ocrx_word' id='word_1_591' title='bbox 3559 3309 3774 3384; x_wconf 80' lang='grc' dir='ltr'>ἀσθενῆ</span> 
     </span>
    </p>
   </div>
   <div class='ocr_carea' id='block_1_80' title="bbox 2190 3398 3775 3471">
    <p class='ocr_par' dir='ltr' id='par_1_80' title="bbox 2190 3398 3775 3471">
     <span class='ocr_line' id='line_1_80' title="bbox 2190 3398 3775 3471; baseline 0.002 -19"><span class='ocrx_word' id='word_1_592' title='bbox 2190 3399 2452 3471; x_wconf 85' lang='grc' dir='ltr'>ὑπάρχειν</span> <span class='ocrx_word' id='word_1_593' title='bbox 2495 3399 2661 3463; x_wconf 78' lang='grc' dir='ltr'><strong>ἐστὶν,</strong></span> <span class='ocrx_word' id='word_1_594' title='bbox 2695 3399 2728 3470; x_wconf 81' lang='grc' dir='ltr'>ἢ</span> <span class='ocrx_word' id='word_1_595' title='bbox 2774 3398 2852 3470; x_wconf 83' lang='grc' dir='ltr'><strong>τῷ</strong></span> <span class='ocrx_word' id='word_1_596' title='bbox 2895 3400 3146 3454; x_wconf 80' lang='grc' dir='ltr'>νικᾶσθαι</span> <span class='ocrx_word' id='word_1_597' title='bbox 3187 3400 3266 3470; x_wconf 84' lang='grc' dir='ltr'>τῷ</span> <span class='ocrx_word' id='word_1_598' title='bbox 3308 3400 3457 3471; x_wconf 76' lang='grc' dir='ltr'>φόϐῳ</span> <span class='ocrx_word' id='word_1_599' title='bbox 3499 3401 3775 3455; x_wconf 78' lang='grc' dir='ltr'>δεδουλω-</span> 
     </span>
    </p>
   </div>
   <div class='ocr_carea' id='block_1_81' title="bbox 2193 3487 3773 3560">
    <p class='ocr_par' dir='ltr' id='par_1_81' title="bbox 2193 3487 3773 3560">
     <span class='ocr_line' id='line_1_81' title="bbox 2193 3487 3773 3560; baseline 0.001 -18"><span class='ocrx_word' id='word_1_600' title='bbox 2193 3489 2350 3559; x_wconf 84' lang='grc' dir='ltr'>μένον</span> <span class='ocrx_word' id='word_1_601' title='bbox 2397 3487 2534 3559; x_wconf 87' lang='grc' dir='ltr'>πρός</span> <span class='ocrx_word' id='word_1_602' title='bbox 2581 3504 2725 3550; x_wconf 89' lang='grc' dir='ltr'>τινος</span> <span class='ocrx_word' id='word_1_603' title='bbox 2779 3488 3124 3560; x_wconf 86' lang='grc' dir='ltr'>κρείττονος;</span> <span class='ocrx_word' id='word_1_604' title='bbox 3174 3490 3275 3560; x_wconf 83' lang='grc' dir='ltr'><strong>ὅρα</strong></span> <span class='ocrx_word' id='word_1_605' title='bbox 3323 3491 3503 3543; x_wconf 86' lang='grc' dir='ltr'>ὁποῖον</span> <span class='ocrx_word' id='word_1_606' title='bbox 3558 3490 3773 3544; x_wconf 76' lang='grc' dir='ltr'>τούτων</span> 
     </span>
    </p>
   </div>
   <div class='ocr_carea' id='block_1_82' title="bbox 2190 3577 3768 3653">
    <p class='ocr_par' dir='ltr' id='par_1_82' title="bbox 2190 3577 3768 3653">
     <span class='ocr_line' id='line_1_82' title="bbox 2190 3577 3768 3653; baseline 0.001 -19"><span class='ocrx_word' id='word_1_607' title='bbox 2190 3581 2522 3650; x_wconf 80' lang='grc' dir='ltr'>προσάπτειν</span> <span class='ocrx_word' id='word_1_608' title='bbox 2552 3577 2756 3643; x_wconf 74' lang='grc' dir='ltr'>ἐθέλοις</span> <span class='ocrx_word' id='word_1_609' title='bbox 2778 3578 2855 3650; x_wconf 87' lang='grc' dir='ltr'>τῷ</span> <span class='ocrx_word' id='word_1_610' title='bbox 2880 3582 3276 3653; x_wconf 78' lang='grc' dir='ltr'>παντοκράτορι</span> <span class='ocrx_word' id='word_1_611' title='bbox 3301 3580 3394 3634; x_wconf 79' lang='grc' dir='ltr'>καὶ</span> <span class='ocrx_word' id='word_1_612' title='bbox 3417 3579 3605 3650; x_wconf 82' lang='grc' dir='ltr'>ἀγαθῷ</span> <span class='ocrx_word' id='word_1_613' title='bbox 3621 3580 3768 3650; x_wconf 79' lang='grc' dir='ltr'>Θεῷ.</span> 
     </span>
    </p>
   </div>
   <div class='ocr_carea' id='block_1_83' title="bbox 2201 3672 3774 3746">
    <p class='ocr_par' dir='ltr' id='par_1_83' title="bbox 2201 3672 3774 3746">
     <span class='ocr_line' id='line_1_83' title="bbox 2201 3672 3774 3746; baseline -0.001 -19"><span class='ocrx_word' id='word_1_614' title='bbox 2201 3672 2360 3728; x_wconf 83' lang='grc' dir='ltr'><strong>Ἀλλὰ</strong></span> <span class='ocrx_word' id='word_1_615' title='bbox 2411 3673 2572 3727; x_wconf 82' lang='grc' dir='ltr'>πάλιν</span> <span class='ocrx_word' id='word_1_616' title='bbox 2620 3673 2750 3745; x_wconf 72' lang='grc' dir='ltr'>περὶ</span> <span class='ocrx_word' id='word_1_617' title='bbox 2807 3675 2906 3746; x_wconf 84' lang='grc' dir='ltr'><strong>τῆς</strong></span> <span class='ocrx_word' id='word_1_618' title='bbox 2966 3675 3096 3746; x_wconf 89' lang='grc' dir='ltr'>ὕλης</span> <span class='ocrx_word' id='word_1_619' title='bbox 3149 3674 3459 3745; x_wconf 83' lang='grc' dir='ltr'>ἀπόκριναι.</span> <span class='ocrx_word' id='word_1_620' title='bbox 3529 3674 3774 3746; x_wconf 78' lang='grc' dir='ltr'>Πότερον</span> 
     </span>
    </p>
   </div>
   <div class='ocr_carea' id='block_1_84' title="bbox 2188 3764 3773 3841">
    <p class='ocr_par' dir='ltr' id='par_1_84' title="bbox 2188 3764 3773 3841">
     <span class='ocr_line' id='line_1_84' title="bbox 2188 3764 3773 3841; baseline 0.001 -21"><span class='ocrx_word' id='word_1_621' title='bbox 2188 3765 2332 3837; x_wconf 84' lang='grc' dir='ltr'>ἁπλῆ</span> <span class='ocrx_word' id='word_1_622' title='bbox 2364 3766 2448 3830; x_wconf 89' lang='grc' dir='ltr'>τίς</span> <span class='ocrx_word' id='word_1_623' title='bbox 2489 3766 2636 3818; x_wconf 82' lang='grc' dir='ltr'>ἐστιν</span> <span class='ocrx_word' id='word_1_624' title='bbox 2664 3766 2698 3836; x_wconf 83' lang='grc' dir='ltr'><strong>ἡ</strong></span> <span class='ocrx_word' id='word_1_625' title='bbox 2726 3764 2848 3837; x_wconf 85' lang='grc' dir='ltr'>ὕλη,</span> <span class='ocrx_word' id='word_1_626' title='bbox 2884 3765 2916 3836; x_wconf 80' lang='grc' dir='ltr'>ἢ</span> <span class='ocrx_word' id='word_1_627' title='bbox 2953 3765 3238 3832; x_wconf 86' lang='grc' dir='ltr'>σύνθετος;</span> <span class='ocrx_word' id='word_1_628' title='bbox 3272 3769 3335 3821; x_wconf 80' lang='lat' dir='ltr'><strong>El</strong></span> <span class='ocrx_word' id='word_1_629' title='bbox 3365 3766 3469 3841; x_wconf 86' lang='grc' dir='ltr'><strong>γὰρ</strong></span> <span class='ocrx_word' id='word_1_630' title='bbox 3503 3767 3647 3839; x_wconf 85' lang='grc' dir='ltr'>ἁπλῆ</span> <span class='ocrx_word' id='word_1_631' title='bbox 3681 3785 3773 3832; x_wconf 82' lang='grc' dir='ltr'>τις</span> 
     </span>
    </p>
   </div>
   <div class='ocr_carea' id='block_1_85' title="bbox 2188 3857 3767 3932">
    <p class='ocr_par' dir='ltr' id='par_1_85' title="bbox 2188 3857 3767 3932">
     <span class='ocr_line' id='line_1_85' title="bbox 2188 3857 3767 3932; baseline 0.002 -20"><span class='ocrx_word' id='word_1_632' title='bbox 2188 3859 2480 3931; x_wconf 74' lang='grc' dir='ltr'>ἐτύγχανεν</span> <span class='ocrx_word' id='word_1_633' title='bbox 2505 3858 2604 3931; x_wconf 88' lang='grc' dir='ltr'><strong>ὕλη</strong></span> <span class='ocrx_word' id='word_1_634' title='bbox 2636 3859 2731 3912; x_wconf 57' lang='grc' dir='ltr'><strong>καὶ⁹</strong></span> <span class='ocrx_word' id='word_1_635' title='bbox 2763 3857 3058 3932; x_wconf 80' lang='grc' dir='ltr'>μονοειδὴς,</span> <span class='ocrx_word' id='word_1_636' title='bbox 3089 3859 3340 3924; x_wconf 83' lang='grc' dir='ltr'>σύνθετος</span> <span class='ocrx_word' id='word_1_637' title='bbox 3361 3861 3418 3913; x_wconf 81' lang='grc' dir='ltr'>δὲ</span> <span class='ocrx_word' id='word_1_638' title='bbox 3468 3863 3496 3914; x_wconf 85' lang='grc' dir='ltr'>ὁ</span> <span class='ocrx_word' id='word_1_639' title='bbox 3537 3860 3767 3931; x_wconf 84' lang='grc' dir='ltr'>κόσμος,</span> 
     </span>
    </p>
   </div>
   <div class='ocr_carea' id='block_1_86' title="bbox 2188 3952 3773 4025">
    <p class='ocr_par' dir='ltr' id='par_1_86' title="bbox 2188 3952 3773 4025">
     <span class='ocr_line' id='line_1_86' title="bbox 2188 3952 3773 4025; baseline 0.001 -17"><span class='ocrx_word' id='word_1_640' title='bbox 2188 3956 2282 4008; x_wconf 73' lang='grc' dir='ltr'>καὶ</span> <span class='ocrx_word' id='word_1_641' title='bbox 2323 3956 2387 4007; x_wconf 79' lang='grc' dir='ltr'>ἐκ</span> <span class='ocrx_word' id='word_1_642' title='bbox 2419 3953 2692 4025; x_wconf 79' lang='grc' dir='ltr'>διαφόρων</span> <span class='ocrx_word' id='word_1_643' title='bbox 2735 3953 2932 4007; x_wconf 82' lang='grc' dir='ltr'>οὐσιῶν</span> <span class='ocrx_word' id='word_1_644' title='bbox 2966 3952 3233 4017; x_wconf 86' lang='grc' dir='ltr'>συνεστώς</span> <span class='ocrx_word' id='word_1_645' title='bbox 3280 3955 3459 4007; x_wconf 75' lang='grc' dir='ltr'>ἐστιν’</span> <span class='ocrx_word' id='word_1_646' title='bbox 3503 3955 3773 4014; x_wconf 83' lang='grc' dir='ltr'>ἀδύνατον</span> 
     </span>
    </p>
   </div>
   <div class='ocr_carea' id='block_1_87' title="bbox 2187 4046 3768 4122">
    <p class='ocr_par' dir='ltr' id='par_1_87' title="bbox 2187 4046 3768 4122">
     <span class='ocr_line' id='line_1_87' title="bbox 2187 4046 3768 4122; baseline -0.001 -20"><span class='ocrx_word' id='word_1_647' title='bbox 2187 4049 2372 4102; x_wconf 82' lang='grc' dir='ltr'>τοῦτον</span> <span class='ocrx_word' id='word_1_648' title='bbox 2397 4047 2456 4112; x_wconf 78' lang='grc' dir='ltr'><strong>ἐξ</strong></span> <span class='ocrx_word' id='word_1_649' title='bbox 2485 4046 2619 4118; x_wconf 83' lang='grc' dir='ltr'>ὕλης</span> <span class='ocrx_word' id='word_1_650' title='bbox 2653 4046 2932 4116; x_wconf 83' lang='grc' dir='ltr'>γεγονέναι</span> <span class='ocrx_word' id='word_1_651' title='bbox 2957 4048 3134 4116; x_wconf 90' lang='grc' dir='ltr'>λέγειν</span> <span class='ocrx_word' id='word_1_652' title='bbox 3160 4065 3173 4077; x_wconf 89' lang='grc'><strong>·</strong></span> <span class='ocrx_word' id='word_1_653' title='bbox 3203 4047 3283 4118; x_wconf 83' lang='grc' dir='ltr'>τῷ</span> <span class='ocrx_word' id='word_1_654' title='bbox 3324 4047 3394 4101; x_wconf 85' lang='grc' dir='ltr'><strong>τὰ</strong></span> <span class='ocrx_word' id='word_1_655' title='bbox 3426 4048 3653 4101; x_wconf 85' lang='grc' dir='ltr'>σύνθετα</span> <span class='ocrx_word' id='word_1_656' title='bbox 3688 4050 3768 4122; x_wconf 80' lang='grc' dir='ltr'>μὴ</span> 
     </span>
    </p>
   </div>
   <div class='ocr_carea' id='block_1_88' title="bbox 2187 4137 3767 4214">
    <p class='ocr_par' dir='ltr' id='par_1_88' title="bbox 2187 4137 3767 4214">
     <span class='ocr_line' id='line_1_88' title="bbox 2187 4137 3767 4214; baseline -0.001 -19"><span class='ocrx_word' id='word_1_657' title='bbox 2187 4137 2297 4195; x_wconf 72' lang='grc' dir='ltr'>οἶόν</span> <span class='ocrx_word' id='word_1_658' title='bbox 2339 4159 2400 4195; x_wconf 88' lang='grc' dir='ltr'><strong>τε</strong></span> <span class='ocrx_word' id='word_1_659' title='bbox 2441 4139 2500 4208; x_wconf 81' lang='grc' dir='ltr'>ἐξ</span> <span class='ocrx_word' id='word_1_660' title='bbox 2549 4140 2668 4204; x_wconf 77' lang='grc' dir='ltr'>ἑνὸς</span> <span class='ocrx_word' id='word_1_661' title='bbox 2695 4140 2886 4194; x_wconf 80' lang='grc' dir='ltr'>ἀποίου</span> <span class='ocrx_word' id='word_1_662' title='bbox 2918 4140 3015 4212; x_wconf 84' lang='grc' dir='ltr'><strong>τὴν</strong></span> <span class='ocrx_word' id='word_1_663' title='bbox 3049 4137 3305 4194; x_wconf 84' lang='grc' dir='ltr'>σύστασιν</span> <span class='ocrx_word' id='word_1_664' title='bbox 3339 4141 3498 4211; x_wconf 78' lang='grc' dir='ltr'>ἔχειν.</span> <span class='ocrx_word' id='word_1_665' title='bbox 3531 4141 3602 4194; x_wconf 87' lang='grc' dir='ltr'><strong>Τὸ</strong></span> <span class='ocrx_word' id='word_1_666' title='bbox 3650 4141 3767 4214; x_wconf 82' lang='grc' dir='ltr'><strong>γὰρ</strong></span> 
     </span>
    </p>
   </div>
   <div class='ocr_carea' id='block_1_89' title="bbox 2191 4228 3769 4305">
    <p class='ocr_par' dir='ltr' id='par_1_89' title="bbox 2191 4228 3769 4305">
     <span class='ocr_line' id='line_1_89' title="bbox 2191 4228 3769 4305; baseline 0.003 -18"><span class='ocrx_word' id='word_1_667' title='bbox 2191 4233 2440 4287; x_wconf 80' lang='grc' dir='ltr'>σύνθετον</span> <span class='ocrx_word' id='word_1_668' title='bbox 2473 4230 2660 4286; x_wconf 84' lang='grc' dir='ltr'>ἁπλῶν</span> <span class='ocrx_word' id='word_1_669' title='bbox 2692 4247 2852 4287; x_wconf 84' lang='grc' dir='ltr'>τινων</span> <span class='ocrx_word' id='word_1_670' title='bbox 2888 4231 3030 4303; x_wconf 80' lang='grc' dir='ltr'>μίξιν</span> <span class='ocrx_word' id='word_1_671' title='bbox 3065 4231 3276 4305; x_wconf 88' lang='grc' dir='ltr'>μηνύει.</span> <span class='ocrx_word' id='word_1_672' title='bbox 3322 4233 3385 4284; x_wconf 74' lang='lat' dir='ltr'><strong>Et</strong></span> <span class='ocrx_word' id='word_1_673' title='bbox 3411 4232 3453 4284; x_wconf 77' lang='grc' dir='ltr'>δ’</span> <span class='ocrx_word' id='word_1_674' title='bbox 3481 4228 3546 4285; x_wconf 81' lang='grc' dir='ltr'><strong>αὖ</strong></span> <span class='ocrx_word' id='word_1_675' title='bbox 3592 4234 3769 4291; x_wconf 79' lang='grc' dir='ltr'>πάλιν</span> 
     </span>
    </p>
   </div>
   <div class='ocr_carea' id='block_1_90' title="bbox 2191 4321 3770 4395">
    <p class='ocr_par' dir='ltr' id='par_1_90' title="bbox 2191 4321 3770 4395">
     <span class='ocr_line' id='line_1_90' title="bbox 2191 4321 3770 4395; baseline -0.001 -17"><span class='ocrx_word' id='word_1_676' title='bbox 2191 4323 2439 4379; x_wconf 86' lang='grc' dir='ltr'>σύνθετον</span> <span class='ocrx_word' id='word_1_677' title='bbox 2481 4325 2661 4394; x_wconf 87' lang='grc' dir='ltr'>λέγεις</span> <span class='ocrx_word' id='word_1_678' title='bbox 2705 4323 2804 4395; x_wconf 78' lang='grc' dir='ltr'>τὴν</span> <span class='ocrx_word' id='word_1_679' title='bbox 2833 4323 2997 4394; x_wconf 87' lang='grc' dir='ltr'>ὕλην,</span> <span class='ocrx_word' id='word_1_680' title='bbox 3040 4325 3256 4387; x_wconf 81' lang='grc' dir='ltr'>πάντως</span> <span class='ocrx_word' id='word_1_681' title='bbox 3299 4321 3359 4387; x_wconf 80' lang='grc' dir='ltr'>ἐξ</span> <span class='ocrx_word' id='word_1_682' title='bbox 3404 4322 3588 4376; x_wconf 84' lang='grc' dir='ltr'>ἁπλῶν</span> <span class='ocrx_word' id='word_1_683' title='bbox 3634 4340 3770 4377; x_wconf 78' lang='grc' dir='ltr'>συν-</span> 
     </span>
    </p>
   </div>
   <div class='ocr_carea' id='block_1_91' title="bbox 518 4409 2085 4504">
    <p class='ocr_par' dir='ltr' id='par_1_91' title="bbox 518 4418 2085 4504">
     <span class='ocr_line' id='line_1_91' title="bbox 518 4418 2085 4504; baseline -0.019 -7"><span class='ocrx_word' id='word_1_684' title='bbox 518 4447 657 4498; x_wconf 89' lang='lat' dir='ltr'><strong>riam</strong></span> <span class='ocrx_word' id='word_1_685' title='bbox 710 4438 862 4492; x_wconf 89' lang='lat' dir='ltr'><strong>dicas</strong></span> <span class='ocrx_word' id='word_1_686' title='bbox 893 4432 1023 4504; x_wconf 90' lang='lat' dir='ltr'><strong>quid</strong></span> <span class='ocrx_word' id='word_1_687' title='bbox 1075 4426 1468 4499; x_wconf 88' lang='lat' dir='ltr'><strong>compositum,</strong></span> <span class='ocrx_word' id='word_1_688' title='bbox 1514 4421 1735 4477; x_wconf 91' lang='lat' dir='ltr'><strong>omnino</strong></span> <span class='ocrx_word' id='word_1_689' title='bbox 1785 4418 1972 4473; x_wconf 90' lang='lat' dir='ltr'><strong>debuit</strong></span> <span class='ocrx_word' id='word_1_690' title='bbox 2019 4431 2085 4470; x_wconf 85' lang='lat' dir='ltr'><strong>ex</strong></span> 
     </span>
    </p>
   </div>
   <div class='ocr_carea' id='block_1_92' title="bbox 2190 4409 3763 4504">
    <p class='ocr_par' dir='ltr' id='par_1_92' title="bbox 2190 4409 3763 4490">
     <span class='ocr_line' id='line_1_92' title="bbox 2190 4409 3763 4490; baseline 0 -20"><span class='ocrx_word' id='word_1_691' title='bbox 2190 4419 2363 4488; x_wconf 86' lang='grc' dir='ltr'>ετέθη·</span> <span class='ocrx_word' id='word_1_692' title='bbox 2389 4418 2482 4471; x_wconf 64' lang='grc' dir='ltr'><strong>καὶ⁸</strong></span> <span class='ocrx_word' id='word_1_693' title='bbox 2503 4413 2570 4490; x_wconf 78' lang='grc' dir='ltr'>ἦν</span> <span class='ocrx_word' id='word_1_694' title='bbox 2595 4433 2725 4471; x_wconf 88' lang='grc' dir='ltr'>ποτε</span> <span class='ocrx_word' id='word_1_695' title='bbox 2751 4416 2870 4470; x_wconf 88' lang='grc' dir='ltr'>καθ’</span> <span class='ocrx_word' id='word_1_696' title='bbox 2895 4415 3060 4469; x_wconf 81' lang='grc' dir='ltr'>ἑαυτὰ</span> <span class='ocrx_word' id='word_1_697' title='bbox 3091 4415 3254 4470; x_wconf 82' lang='grc' dir='ltr'>ἁπλᾶ·</span> <span class='ocrx_word' id='word_1_698' title='bbox 3278 4409 3351 4470; x_wconf 84' lang='grc' dir='ltr'><strong>ὧν</strong></span> <span class='ocrx_word' id='word_1_699' title='bbox 3380 4414 3763 4485; x_wconf 80' lang='grc' dir='ltr'>συντεθέντων,</span> 
     </span>
    </p>
   </div>
   <div class='ocr_carea' id='block_1_93' title="bbox 521 4508 2087 4599">
    <p class='ocr_par' dir='ltr' id='par_1_93' title="bbox 521 4508 2087 4599">
     <span class='ocr_line' id='line_1_93' title="bbox 521 4508 2087 4599; baseline -0.017 -13"><span class='ocrx_word' id='word_1_700' title='bbox 521 4527 862 4599; x_wconf 84' lang='lat' dir='ltr'><strong>simplicibus</strong></span> <span class='ocrx_word' id='word_1_701' title='bbox 887 4519 1176 4593; x_wconf 88' lang='lat' dir='ltr'><strong>componi;</strong></span> <span class='ocrx_word' id='word_1_702' title='bbox 1207 4525 1472 4585; x_wconf 91' lang='lat' dir='ltr'><strong>erantque</strong></span> <span class='ocrx_word' id='word_1_703' title='bbox 1515 4513 1644 4568; x_wconf 91' lang='lat' dir='ltr'><strong>olim</strong></span> <span class='ocrx_word' id='word_1_704' title='bbox 1675 4515 1921 4579; x_wconf 89' lang='lat' dir='ltr'><strong>separata</strong></span> <span class='ocrx_word' id='word_1_705' title='bbox 1955 4508 2087 4563; x_wconf 89' lang='lat' dir='ltr'><strong>sim-</strong></span> 
     </span>
    </p>
   </div>
   <div class='ocr_carea' id='block_1_94' title="bbox 517 4602 2084 4698">
    <p class='ocr_par' dir='ltr' id='par_1_94' title="bbox 517 4602 2084 4698">
     <span class='ocr_line' id='line_1_94' title="bbox 517 4602 2084 4698; baseline -0.018 -17"><span class='ocrx_word' id='word_1_706' title='bbox 517 4623 704 4698; x_wconf 87' lang='lat' dir='ltr'><strong>plicia,</strong></span> <span class='ocrx_word' id='word_1_707' title='bbox 754 4633 985 4690; x_wconf 90' lang='lat' dir='ltr'><strong>quorum</strong></span> <span class='ocrx_word' id='word_1_708' title='bbox 1040 4610 1436 4684; x_wconf 86' lang='lat' dir='ltr'><strong>compositione</strong></span> <span class='ocrx_word' id='word_1_709' title='bbox 1489 4607 1630 4662; x_wconf 90' lang='lat' dir='ltr'><strong>facta</strong></span> <span class='ocrx_word' id='word_1_710' title='bbox 1683 4611 1768 4659; x_wconf 85' lang='lat' dir='ltr'><strong>est</strong></span> <span class='ocrx_word' id='word_1_711' title='bbox 1823 4602 2084 4670; x_wconf 88' lang='lat' dir='ltr'><strong>materia;</strong></span> 
     </span>
    </p>
   </div>
   <div class='ocr_carea' id='block_1_95' title="bbox 519 4698 2088 4787">
    <p class='ocr_par' dir='ltr' id='par_1_95' title="bbox 519 4698 2088 4787">
     <span class='ocr_line' id='line_1_95' title="bbox 519 4698 2088 4787; baseline -0.017 -13"><span class='ocrx_word' id='word_1_712' title='bbox 519 4714 823 4787; x_wconf 88' lang='lat' dir='ltr'><strong>composita</strong></span> <span class='ocrx_word' id='word_1_713' title='bbox 879 4718 1061 4766; x_wconf 90' lang='lat' dir='ltr'><strong>autem</strong></span> <span class='ocrx_word' id='word_1_714' title='bbox 1097 4703 1438 4776; x_wconf 84' lang='lat' dir='ltr'><strong>simplicibus</strong></span> <span class='ocrx_word' id='word_1_715' title='bbox 1488 4698 1936 4756; x_wconf 89' lang='lat' dir='ltr'><strong>constituuntur:</strong></span> <span class='ocrx_word' id='word_1_716' title='bbox 1970 4703 2088 4750; x_wconf 89' lang='lat' dir='ltr'><strong>erat</strong></span> 
     </span>
    </p>
   </div>
   <div class='ocr_carea' id='block_1_96' title="bbox 519 4789 2086 4882">
    <p class='ocr_par' dir='ltr' id='par_1_96' title="bbox 519 4789 2086 4882">
     <span class='ocr_line' id='line_1_96' title="bbox 519 4789 2086 4882; baseline -0.016 -19"><span class='ocrx_word' id='word_1_717' title='bbox 519 4811 678 4882; x_wconf 90' lang='lat' dir='ltr'><strong>plane</strong></span> <span class='ocrx_word' id='word_1_718' title='bbox 709 4820 833 4861; x_wconf 90' lang='lat' dir='ltr'><strong>cum</strong></span> <span class='ocrx_word' id='word_1_719' title='bbox 868 4802 1098 4858; x_wconf 86' lang='lat' dir='ltr'><strong>materia</strong></span> <span class='ocrx_word' id='word_1_720' title='bbox 1131 4813 1240 4853; x_wconf 91' lang='lat' dir='ltr'><strong>non</strong></span> <span class='ocrx_word' id='word_1_721' title='bbox 1262 4805 1401 4860; x_wconf 89' lang='lat' dir='ltr'><strong>erat,</strong></span> <span class='ocrx_word' id='word_1_722' title='bbox 1446 4793 1598 4865; x_wconf 91' lang='lat' dir='ltr'><strong>prius</strong></span> <span class='ocrx_word' id='word_1_723' title='bbox 1640 4789 1899 4845; x_wconf 91' lang='lat' dir='ltr'><strong>nimirum</strong></span> <span class='ocrx_word' id='word_1_724' title='bbox 1923 4800 2086 4858; x_wconf 92' lang='lat' dir='ltr'><strong>quam</strong></span> 
     </span>
    </p>
   </div>
   <div class='ocr_carea' id='block_1_97' title="bbox 517 4882 2086 4970">
    <p class='ocr_par' dir='ltr' id='par_1_97' title="bbox 517 4882 2086 4970">
     <span class='ocr_line' id='line_1_97' title="bbox 517 4882 2086 4970; baseline -0.017 -14"><span class='ocrx_word' id='word_1_725' title='bbox 517 4896 785 4970; x_wconf 83' lang='lat' dir='ltr'><strong>simplicia</strong></span> <span class='ocrx_word' id='word_1_726' title='bbox 813 4895 1044 4950; x_wconf 87' lang='lat' dir='ltr'><strong>coirent.</strong></span> <span class='ocrx_word' id='word_1_727' title='bbox 1081 4887 1237 4958; x_wconf 86' lang='lat' dir='ltr'><strong>Quod</strong></span> <span class='ocrx_word' id='word_1_728' title='bbox 1294 4887 1340 4942; x_wconf 88' lang='lat' dir='ltr'><strong>si</strong></span> <span class='ocrx_word' id='word_1_729' title='bbox 1393 4891 1510 4941; x_wconf 84' lang='lat' dir='ltr'><strong>erat</strong></span> <span class='ocrx_word' id='word_1_730' title='bbox 1547 4882 1897 4953; x_wconf 84' lang='lat' dir='ltr'><strong>quandoque,</strong></span> <span class='ocrx_word' id='word_1_731' title='bbox 1961 4893 2086 4932; x_wconf 89' lang='lat' dir='ltr'><strong>cum</strong></span> 
     </span>
    </p>
   </div>
   <div class='ocr_carea' id='block_1_98' title="bbox 521 4969 2090 5052">
    <p class='ocr_par' dir='ltr' id='par_1_98' title="bbox 521 4969 2090 5052">
     <span class='ocr_line' id='line_1_98' title="bbox 521 4969 2090 5052; baseline -0.016 -4"><span class='ocrx_word' id='word_1_732' title='bbox 521 4969 747 5048; x_wconf 87' lang='lat' dir='ltr'><strong>materia</strong></span> <span class='ocrx_word' id='word_1_733' title='bbox 779 5005 885 5043; x_wconf 88' lang='lat' dir='ltr'><strong>non</strong></span> <span class='ocrx_word' id='word_1_734' title='bbox 909 4993 1060 5052; x_wconf 87' lang='lat' dir='ltr'><strong>erat;</strong></span> <span class='ocrx_word' id='word_1_735' title='bbox 1092 4995 1370 5052; x_wconf 86' lang='lat' dir='ltr'><strong>nunquam</strong></span> <span class='ocrx_word' id='word_1_736' title='bbox 1395 4993 1523 5034; x_wconf 89' lang='lat' dir='ltr'><strong>vero</strong></span> <span class='ocrx_word' id='word_1_737' title='bbox 1560 4975 1682 5039; x_wconf 90' lang='lat' dir='ltr'><strong>fuit,</strong></span> <span class='ocrx_word' id='word_1_738' title='bbox 1717 4989 1838 5029; x_wconf 90' lang='lat' dir='ltr'><strong>eum</strong></span> <span class='ocrx_word' id='word_1_739' title='bbox 1887 4969 2090 5040; x_wconf 84' lang='lat' dir='ltr'><strong>ingeni-</strong></span> 
     </span>
    </p>
   </div>
   <div class='ocr_carea' id='block_1_99' title="bbox 520 5059 2089 5140">
    <p class='ocr_par' dir='ltr' id='par_1_99' title="bbox 520 5059 2089 5140">
     <span class='ocr_line' id='line_1_99' title="bbox 520 5059 2089 5140; baseline -0.017 -1"><span class='ocrx_word' id='word_1_740' title='bbox 520 5091 636 5140; x_wconf 91' lang='lat' dir='ltr'><strong>tum</strong></span> <span class='ocrx_word' id='word_1_741' title='bbox 661 5096 771 5135; x_wconf 91' lang='lat' dir='ltr'><strong>non</strong></span> <span class='ocrx_word' id='word_1_742' title='bbox 795 5083 942 5133; x_wconf 90' lang='lat' dir='ltr'><strong>esset</strong></span> <span class='ocrx_word' id='word_1_743' title='bbox 975 5094 988 5128; x_wconf 88' lang='lat'><strong>:</strong></span> <span class='ocrx_word' id='word_1_744' title='bbox 1020 5087 1125 5128; x_wconf 88' lang='lat' dir='ltr'><strong>non</strong></span> <span class='ocrx_word' id='word_1_745' title='bbox 1159 5085 1288 5140; x_wconf 78' lang='lat' dir='ltr'><strong>ergo</strong></span> <span class='ocrx_word' id='word_1_746' title='bbox 1305 5067 1529 5123; x_wconf 89' lang='lat' dir='ltr'><strong>materia</strong></span> <span class='ocrx_word' id='word_1_747' title='bbox 1560 5063 1800 5135; x_wconf 80' lang='lat' dir='ltr'><strong>ingenita</strong></span> <span class='ocrx_word' id='word_1_748' title='bbox 1819 5068 1924 5116; x_wconf 91' lang='lat' dir='ltr'><strong>est.</strong></span> <span class='ocrx_word' id='word_1_749' title='bbox 1956 5059 2089 5114; x_wconf 83' lang='lat' dir='ltr'><strong>Por-</strong></span> 
     </span>
    </p>
   </div>
   <div class='ocr_carea' id='block_1_100' title="bbox 520 5153 2084 5243">
    <p class='ocr_par' dir='ltr' id='par_1_100' title="bbox 520 5153 2084 5243">
     <span class='ocr_line' id='line_1_100' title="bbox 520 5153 2084 5243; baseline -0.014 -13"><span class='ocrx_word' id='word_1_750' title='bbox 520 5190 586 5230; x_wconf 89' lang='lat' dir='ltr'><strong>ro</strong></span> <span class='ocrx_word' id='word_1_751' title='bbox 639 5172 907 5243; x_wconf 89' lang='lat' dir='ltr'><strong>sequitur,</strong></span> <span class='ocrx_word' id='word_1_752' title='bbox 969 5176 1031 5223; x_wconf 91' lang='lat' dir='ltr'><strong>ut</strong></span> <span class='ocrx_word' id='word_1_753' title='bbox 1093 5161 1431 5220; x_wconf 88' lang='lat' dir='ltr'><strong>admittenda</strong></span> <span class='ocrx_word' id='word_1_754' title='bbox 1489 5158 1601 5216; x_wconf 88' lang='lat' dir='ltr'><strong>sint</strong></span> <span class='ocrx_word' id='word_1_755' title='bbox 1645 5158 1798 5228; x_wconf 88' lang='lat' dir='ltr'><strong>plura</strong></span> <span class='ocrx_word' id='word_1_756' title='bbox 1826 5153 2084 5226; x_wconf 81' lang='lat' dir='ltr'><strong>ingenita.</strong></span> 
     </span>
    </p>
   </div>
   <div class='ocr_carea' id='block_1_101' title="bbox 589 5353 2088 5441">
    <p class='ocr_par' dir='ltr' id='par_1_101' title="bbox 589 5353 2088 5441">
     <span class='ocr_line' id='line_1_101' title="bbox 589 5353 2088 5441; baseline -0.013 -18"><span class='ocrx_word' id='word_1_757' title='bbox 589 5367 1032 5441; x_wconf 55' lang='lat' dir='ltr'><strong>(50)_Antequqm</strong></span> <span class='ocrx_word' id='word_1_758' title='bbox 1055 5361 1192 5441; x_wconf 72' lang='lat' dir='ltr'><strong>enim</strong></span> <span class='ocrx_word' id='word_1_759' title='bbox 1221 5369 1466 5441; x_wconf 54' lang='lat' dir='ltr'><strong>omnium</strong></span> <span class='ocrx_word' id='word_1_760' title='bbox 1501 5355 1770 5441; x_wconf 52' lang='lat' dir='ltr'><strong>reciperet.</strong></span> <span class='ocrx_word' id='word_1_761' title='bbox 1805 5353 1944 5441; x_wconf 73' lang='grc' dir='ltr'>Πρὶν</span> <span class='ocrx_word' id='word_1_762' title='bbox 1971 5353 2088 5441; x_wconf 70' lang='grc' dir='ltr'>δια-</span> 
     </span>
    </p>
   </div>
   <div class='ocr_carea' id='block_1_102' title="bbox 523 5424 2092 5510">
    <p class='ocr_par' dir='ltr' id='par_1_102' title="bbox 523 5424 2092 5510">
     <span class='ocr_line' id='line_1_102' title="bbox 523 5424 2092 5510; baseline -0.011 -16"><span class='ocrx_word' id='word_1_763' title='bbox 523 5424 900 5510; x_wconf 38' lang='lat' dir='ltr'><strong>Marioque</strong></span> <span class='ocrx_word' id='word_1_764' title='bbox 916 5435 1098 5510; x_wconf 78' lang='lat' dir='ltr'><strong>Altera</strong></span> <span class='ocrx_word' id='word_1_765' title='bbox 1125 5433 1294 5510; x_wconf 1' lang='lat' dir='ltr'><strong>lectio,</strong></span> <span class='ocrx_word' id='word_1_766' title='bbox 1311 5428 1687 5510; x_wconf 80' lang='grc' dir='ltr'>διακριθῆναι,</span> <span class='ocrx_word' id='word_1_767' title='bbox 1719 5424 1880 5510; x_wconf 77' lang='lat' dir='ltr'><strong>quam</strong></span> <span class='ocrx_word' id='word_1_768' title='bbox 1919 5424 2092 5510; x_wconf 76' lang='lat' dir='ltr'><strong>inter-</strong></span> 
     </span>
    </p>
   </div>
   <div class='ocr_carea' id='block_1_103' title="bbox 522 5475 2090 5634">
    <p class='ocr_par' dir='ltr' id='par_1_103' title="bbox 522 5475 2090 5634">
     <span class='ocr_line' id='line_1_103' title="bbox 522 5475 2090 5634; baseline -0.011 -70"><span class='ocrx_word' id='word_1_769' title='bbox 522 5475 666 5634; x_wconf 55' lang='grc' dir='ltr'><strong>ἓξὲξ</strong></span> <span class='ocrx_word' id='word_1_770' title='bbox 675 5475 881 5562; x_wconf 55' lang='lat' dir='ltr'><strong>Fuﬁi-ii</strong></span> <span class='ocrx_word' id='word_1_771' title='bbox 904 5475 2090 5574; x_wconf 56' lang='grc' dir='ltr'><strong>ιὶἶζιξί“ε“ι;ῖ-ὖῐεῖιέ’ἶιῑ›ἳέιῌέἾεέηῖεῆῐδῲίίίιιτ</strong></span> 
     </span>
     <span class='ocr_line' id='line_1_104' title="bbox 578 5564 2087 5634; baseline -0.011 -1"><span class='ocrx_word' id='word_1_772' title='bbox 578 5578 830 5634; x_wconf 85' lang='lat' dir='ltr'><strong>ethodius</strong></span> <span class='ocrx_word' id='word_1_773' title='bbox 858 5576 927 5630; x_wconf 92' lang='lat' dir='ltr'><strong>de</strong></span> <span class='ocrx_word' id='word_1_774' title='bbox 963 5582 1159 5628; x_wconf 87' lang='lat' dir='ltr'><strong>ornatu</strong></span> <span class='ocrx_word' id='word_1_775' title='bbox 1183 5613 1199 5634; x_wconf 90' lang='lat'><strong>,</strong></span> <span class='ocrx_word' id='word_1_776' title='bbox 1243 5571 1568 5626; x_wconf 86' lang='lat' dir='ltr'><strong>formatione</strong></span> <span class='ocrx_word' id='word_1_777' title='bbox 1610 5575 1666 5622; x_wconf 92' lang='lat' dir='ltr'><strong>et</strong></span> <span class='ocrx_word' id='word_1_778' title='bbox 1713 5564 2046 5634; x_wconf 83' lang='lat' dir='ltr'><strong>perfectione</strong></span> <span class='ocrx_word' id='word_1_779' title='bbox 2071 5601 2087 5626; x_wconf 85' lang='lat'><strong>,</strong></span> 
     </span>
    </p>
   </div>
   <div class='ocr_carea' id='block_1_104' title="bbox 578 5564 2087 5636">
    <p class='ocr_par' dir='ltr' id='par_1_104' title="bbox 578 5564 2087 5636">
     <span class='ocr_line' id='line_1_105' title="bbox 578 5564 2087 5636; baseline -0.011 -3"><span class='ocrx_word' id='word_1_780' title='bbox 578 5578 830 5634; x_wconf 83' lang='lat' dir='ltr'><strong>ethodius</strong></span> <span class='ocrx_word' id='word_1_781' title='bbox 858 5576 927 5630; x_wconf 92' lang='lat' dir='ltr'><strong>de</strong></span> <span class='ocrx_word' id='word_1_782' title='bbox 963 5564 1159 5628; x_wconf 64' lang='lat' dir='ltr'><strong>ornat&#39;u</strong></span> <span class='ocrx_word' id='word_1_783' title='bbox 1183 5613 1199 5636; x_wconf 94' lang='lat'><strong>,</strong></span> <span class='ocrx_word' id='word_1_784' title='bbox 1243 5564 1568 5626; x_wconf 74' lang='lat' dir='ltr'><strong>formatione</strong></span> <span class='ocrx_word' id='word_1_785' title='bbox 1610 5575 1666 5622; x_wconf 93' lang='lat' dir='ltr'><strong>et</strong></span> <span class='ocrx_word' id='word_1_786' title='bbox 1713 5564 2046 5636; x_wconf 80' lang='lat' dir='ltr'><strong>perfectione</strong></span> <span class='ocrx_word' id='word_1_787' title='bbox 2071 5601 2087 5626; x_wconf 84' lang='lat'><strong>,</strong></span> 
     </span>
    </p>
   </div>
   <div class='ocr_carea' id='block_1_105' title="bbox 523 5635 2088 5721">
    <p class='ocr_par' dir='ltr' id='par_1_105' title="bbox 523 5635 2088 5721">
     <span class='ocr_line' id='line_1_106' title="bbox 523 5635 2088 5721; baseline -0.012 -18"><span class='ocrx_word' id='word_1_788' title='bbox 523 5665 687 5721; x_wconf 84' lang='lat' dir='ltr'><strong>quam</strong></span> <span class='ocrx_word' id='word_1_789' title='bbox 737 5645 1038 5721; x_wconf 58' lang='lat' dir='ltr'><strong>1nateria_._</strong></span> <span class='ocrx_word' id='word_1_790' title='bbox 1049 5635 1204 5713; x_wconf 77' lang='lat' dir='ltr'><strong>juxta</strong></span> <span class='ocrx_word' id='word_1_791' title='bbox 1230 5643 1414 5721; x_wconf 82' lang='lat' dir='ltr'><strong>_etiam</strong></span> <span class='ocrx_word' id='word_1_792' title='bbox 1458 5638 1781 5719; x_wconf 66' lang='lat' dir='ltr'><strong>haereticos,</strong></span> <span class='ocrx_word' id='word_1_793' title='bbox 1823 5635 2088 5707; x_wconf 87' lang='grc' dir='ltr'>δημιουρ-</span> 
     </span>
    </p>
   </div>
   <div class='ocr_carea' id='block_1_106' title="bbox 529 5709 2088 5793">
    <p class='ocr_par' dir='ltr' id='par_1_106' title="bbox 529 5709 2088 5793">
     <span class='ocr_line' id='line_1_107' title="bbox 529 5709 2088 5793; baseline -0.011 -18"><span class='ocrx_word' id='word_1_794' title='bbox 529 5709 647 5793; x_wconf 64' lang='grc' dir='ltr'>γίᾳ,</span> <span class='ocrx_word' id='word_1_795' title='bbox 677 5734 707 5773; x_wconf 82' lang='lat' dir='ltr'><strong>a</strong></span> <span class='ocrx_word' id='word_1_796' title='bbox 737 5715 846 5772; x_wconf 88' lang='lat' dir='ltr'><strong>Deo</strong></span> <span class='ocrx_word' id='word_1_797' title='bbox 873 5709 1100 5784; x_wconf 76' lang='lat' dir='ltr'><strong>accipiat</strong></span> <span class='ocrx_word' id='word_1_798' title='bbox 1127 5731 1141 5770; x_wconf 88' lang='lat'><strong>:</strong></span> <span class='ocrx_word' id='word_1_799' title='bbox 1177 5711 1244 5767; x_wconf 81' lang='lat' dir='ltr'><strong>ad</strong></span> <span class='ocrx_word' id='word_1_800' title='bbox 1272 5725 1436 5784; x_wconf 83' lang='lat' dir='ltr'><strong>quam</strong></span> <span class='ocrx_word' id='word_1_801' title='bbox 1479 5709 1664 5768; x_wconf 86' lang='lat' dir='ltr'><strong>etiam,</strong></span> <span class='ocrx_word' id='word_1_802' title='bbox 1689 5717 1841 5771; x_wconf 86' lang='lat' dir='ltr'><strong>parte</strong></span> <span class='ocrx_word' id='word_1_803' title='bbox 1875 5713 2088 5760; x_wconf 88' lang='lat' dir='ltr'><strong>tantum</strong></span> 
     </span>
    </p>
   </div>
   <div class='ocr_carea' id='block_1_107' title="bbox 2187 4505 3765 4582">
    <p class='ocr_par' dir='ltr' id='par_1_107' title="bbox 2187 4505 3765 4582">
     <span class='ocr_line' id='line_1_108' title="bbox 2187 4505 3765 4582; baseline -0.001 -20"><span class='ocrx_word' id='word_1_804' title='bbox 2187 4509 2406 4579; x_wconf 88' lang='grc' dir='ltr'>γέγονεν</span> <span class='ocrx_word' id='word_1_805' title='bbox 2435 4513 2468 4582; x_wconf 80' lang='grc' dir='ltr'>ή</span> <span class='ocrx_word' id='word_1_806' title='bbox 2495 4509 2594 4582; x_wconf 88' lang='grc' dir='ltr'>ὕλη</span> <span class='ocrx_word' id='word_1_807' title='bbox 2615 4527 2630 4542; x_wconf 86' lang='grc'><strong>·</strong></span> <span class='ocrx_word' id='word_1_808' title='bbox 2664 4511 2733 4565; x_wconf 86' lang='grc' dir='ltr'>τὰ</span> <span class='ocrx_word' id='word_1_809' title='bbox 2752 4510 2807 4564; x_wconf 77' lang='grc' dir='ltr'>δὲ</span> <span class='ocrx_word' id='word_1_810' title='bbox 2834 4509 3062 4562; x_wconf 86' lang='grc' dir='ltr'>σύνθετα</span> <span class='ocrx_word' id='word_1_811' title='bbox 3087 4507 3144 4572; x_wconf 77' lang='grc' dir='ltr'>ἐξ</span> <span class='ocrx_word' id='word_1_812' title='bbox 3171 4506 3356 4560; x_wconf 83' lang='grc' dir='ltr'>ἁπλῶν</span> <span class='ocrx_word' id='word_1_813' title='bbox 3385 4505 3483 4578; x_wconf 80' lang='grc' dir='ltr'><strong>τὴν</strong></span> <span class='ocrx_word' id='word_1_814' title='bbox 3507 4506 3765 4560; x_wconf 80' lang='grc' dir='ltr'>σύστασιν</span> 
     </span>
    </p>
   </div>
   <div class='ocr_carea' id='block_1_108' title="bbox 2187 4595 3766 4675">
    <p class='ocr_par' dir='ltr' id='par_1_108' title="bbox 2187 4595 3766 4675">
     <span class='ocr_line' id='line_1_109' title="bbox 2187 4595 3766 4675; baseline -0.003 -19"><span class='ocrx_word' id='word_1_815' title='bbox 2187 4602 2319 4673; x_wconf 79' lang='grc' dir='ltr'>ἔχει.</span> <span class='ocrx_word' id='word_1_816' title='bbox 2342 4600 2450 4657; x_wconf 88' lang='grc' dir='ltr'><strong>Ἦν</strong></span> <span class='ocrx_word' id='word_1_817' title='bbox 2476 4621 2606 4657; x_wconf 89' lang='grc' dir='ltr'>ποτε</span> <span class='ocrx_word' id='word_1_818' title='bbox 2635 4603 2842 4675; x_wconf 83' lang='grc' dir='ltr'>καιρὸς,</span> <span class='ocrx_word' id='word_1_819' title='bbox 2865 4603 2950 4655; x_wconf 81' lang='grc' dir='ltr'><strong>ὅτε</strong></span> <span class='ocrx_word' id='word_1_820' title='bbox 2976 4601 3074 4672; x_wconf 90' lang='grc' dir='ltr'>ὕλη</span> <span class='ocrx_word' id='word_1_821' title='bbox 3103 4599 3199 4653; x_wconf 79' lang='grc' dir='ltr'>οὐκ</span> <span class='ocrx_word' id='word_1_822' title='bbox 3227 4595 3321 4670; x_wconf 82' lang='grc' dir='ltr'><strong>ἦν·</strong></span> <span class='ocrx_word' id='word_1_823' title='bbox 3350 4599 3592 4653; x_wconf 83' lang='grc' dir='ltr'>τουτέστι</span> <span class='ocrx_word' id='word_1_824' title='bbox 3623 4600 3766 4671; x_wconf 77' lang='grc' dir='ltr'>πλὴν</span> 
     </span>
    </p>
   </div>
   <div class='ocr_carea' id='block_1_109' title="bbox 2186 4688 3761 4764">
    <p class='ocr_par' dir='ltr' id='par_1_109' title="bbox 2186 4688 3761 4764">
     <span class='ocr_line' id='line_1_110' title="bbox 2186 4688 3761 4764; baseline -0.003 -16"><span class='ocrx_word' id='word_1_825' title='bbox 2186 4695 2254 4748; x_wconf 87' lang='grc' dir='ltr'><strong>τά</strong></span> <span class='ocrx_word' id='word_1_826' title='bbox 2282 4695 2426 4748; x_wconf 82' lang='grc' dir='ltr'>ἁπλᾶ</span> <span class='ocrx_word' id='word_1_827' title='bbox 2449 4695 2742 4749; x_wconf 87' lang='grc' dir='ltr'>συνελθεῖν.</span> <span class='ocrx_word' id='word_1_828' title='bbox 2775 4696 2836 4747; x_wconf 87' lang='grc' dir='ltr'><strong>Εί</strong></span> <span class='ocrx_word' id='word_1_829' title='bbox 2869 4693 2925 4747; x_wconf 83' lang='grc' dir='ltr'>δὲ</span> <span class='ocrx_word' id='word_1_830' title='bbox 2958 4688 3026 4764; x_wconf 82' lang='grc' dir='ltr'><strong>ἦν</strong></span> <span class='ocrx_word' id='word_1_831' title='bbox 3059 4708 3189 4745; x_wconf 87' lang='grc' dir='ltr'>ποτε</span> <span class='ocrx_word' id='word_1_832' title='bbox 3221 4689 3432 4761; x_wconf 76' lang='grc' dir='ltr'>καιρὸς,</span> <span class='ocrx_word' id='word_1_833' title='bbox 3462 4691 3550 4743; x_wconf 80' lang='grc' dir='ltr'>ὅτε</span> <span class='ocrx_word' id='word_1_834' title='bbox 3589 4691 3622 4760; x_wconf 85' lang='grc' dir='ltr'><strong>ή</strong></span> <span class='ocrx_word' id='word_1_835' title='bbox 3659 4690 3761 4762; x_wconf 84' lang='grc' dir='ltr'>ὕλη</span> 
     </span>
    </p>
   </div>
   <div class='ocr_carea' id='block_1_110' title="bbox 2185 4781 3760 4858">
    <p class='ocr_par' dir='ltr' id='par_1_110' title="bbox 2185 4781 3760 4858">
     <span class='ocr_line' id='line_1_111' title="bbox 2185 4781 3760 4858; baseline -0.003 -18"><span class='ocrx_word' id='word_1_836' title='bbox 2185 4787 2285 4840; x_wconf 80' lang='grc' dir='ltr'><strong>οὐκ</strong></span> <span class='ocrx_word' id='word_1_837' title='bbox 2312 4782 2410 4858; x_wconf 81' lang='grc' dir='ltr'><strong>ἦν·</strong></span> <span class='ocrx_word' id='word_1_838' title='bbox 2437 4788 2536 4840; x_wconf 80' lang='grc' dir='ltr'><strong>οὐκ</strong></span> <span class='ocrx_word' id='word_1_839' title='bbox 2581 4783 2648 4858; x_wconf 83' lang='grc' dir='ltr'><strong>ἧν</strong></span> <span class='ocrx_word' id='word_1_840' title='bbox 2685 4785 2742 4840; x_wconf 91' lang='grc' dir='ltr'><strong>δέ</strong></span> <span class='ocrx_word' id='word_1_841' title='bbox 2789 4802 2916 4840; x_wconf 87' lang='grc' dir='ltr'>ποτε</span> <span class='ocrx_word' id='word_1_842' title='bbox 2947 4785 3136 4856; x_wconf 83' lang='grc' dir='ltr'>καιρὸς</span> <span class='ocrx_word' id='word_1_843' title='bbox 3157 4824 3172 4848; x_wconf 90' lang='grc'><strong>,</strong></span> <span class='ocrx_word' id='word_1_844' title='bbox 3220 4784 3308 4836; x_wconf 82' lang='grc' dir='ltr'><strong>ὅτε</strong></span> <span class='ocrx_word' id='word_1_845' title='bbox 3342 4782 3601 4852; x_wconf 81' lang='grc' dir='ltr'>ἀγένητον</span> <span class='ocrx_word' id='word_1_846' title='bbox 3649 4781 3760 4854; x_wconf 72' lang='lat'><strong>(‘52)</strong></span> 
     </span>
    </p>
   </div>
   <div class='ocr_carea' id='block_1_111' title="bbox 2187 4875 3762 4952">
    <p class='ocr_par' dir='ltr' id='par_1_111' title="bbox 2187 4875 3762 4952">
     <span class='ocr_line' id='line_1_112' title="bbox 2187 4875 3762 4952; baseline -0.004 -18"><span class='ocrx_word' id='word_1_847' title='bbox 2187 4881 2288 4934; x_wconf 80' lang='grc' dir='ltr'>οὐκ</span> <span class='ocrx_word' id='word_1_848' title='bbox 2311 4877 2378 4952; x_wconf 83' lang='grc' dir='ltr'><strong>ἦν</strong></span> <span class='ocrx_word' id='word_1_849' title='bbox 2394 4898 2407 4911; x_wconf 74' lang='grc' dir='ltr'><strong>ο</strong></span> <span class='ocrx_word' id='word_1_850' title='bbox 2439 4881 2540 4934; x_wconf 85' lang='grc' dir='ltr'><strong>ούκ</strong></span> <span class='ocrx_word' id='word_1_851' title='bbox 2569 4882 2696 4952; x_wconf 82' lang='grc' dir='ltr'>(ἄρα</span> <span class='ocrx_word' id='word_1_852' title='bbox 2716 4879 2889 4946; x_wconf 78' lang='grc' dir='ltr'>ἔσται)</span> <span class='ocrx_word' id='word_1_853' title='bbox 2918 4879 3178 4950; x_wconf 82' lang='grc' dir='ltr'>ἀγένητος</span> <span class='ocrx_word' id='word_1_854' title='bbox 3204 4879 3236 4949; x_wconf 82' lang='grc' dir='ltr'>ἡ</span> <span class='ocrx_word' id='word_1_855' title='bbox 3267 4877 3386 4946; x_wconf 90' lang='grc' dir='ltr'>ὕλη.</span> <span class='ocrx_word' id='word_1_856' title='bbox 3410 4876 3484 4928; x_wconf 78' lang='grc' dir='ltr'><strong>Τὸ</strong></span> <span class='ocrx_word' id='word_1_857' title='bbox 3508 4875 3554 4928; x_wconf 79' lang='grc' dir='ltr'>δ’</span> <span class='ocrx_word' id='word_1_858' title='bbox 3579 4875 3762 4929; x_wconf 76' lang='grc' dir='ltr'>ἐντεῦ-</span> 
     </span>
    </p>
   </div>
   <div class='ocr_carea' id='block_1_112' title="bbox 2189 4965 3761 5044">
    <p class='ocr_par' dir='ltr' id='par_1_112' title="bbox 2189 4965 3761 5044">
     <span class='ocr_line' id='line_1_113' title="bbox 2189 4965 3761 5044; baseline -0.002 -19"><span class='ocrx_word' id='word_1_859' title='bbox 2189 4971 2279 5026; x_wconf 92' lang='grc' dir='ltr'>θεν</span> <span class='ocrx_word' id='word_1_860' title='bbox 2309 4972 2658 5044; x_wconf 75' lang='grc' dir='ltr'><strong>(ἄρα’ἕσται)</strong></span> <span class='ocrx_word' id='word_1_861' title='bbox 2693 4972 2860 5026; x_wconf 83' lang='grc' dir='ltr'>πολλὰ</span> <span class='ocrx_word' id='word_1_862' title='bbox 2903 4970 2971 5025; x_wconf 78' lang='grc' dir='ltr'>τὰ</span> <span class='ocrx_word' id='word_1_863' title='bbox 3009 4971 3266 5042; x_wconf 88' lang='grc' dir='ltr'>ἀγένητα.</span> <span class='ocrx_word' id='word_1_864' title='bbox 3302 4971 3366 5022; x_wconf 76' lang='lat' dir='ltr'><strong>El</strong></span> <span class='ocrx_word' id='word_1_865' title='bbox 3395 4969 3504 5042; x_wconf 79' lang='grc' dir='ltr'><strong>γὰρ</strong></span> <span class='ocrx_word' id='word_1_866' title='bbox 3534 4965 3603 5041; x_wconf 76' lang='grc' dir='ltr'><strong>ἦν</strong></span> <span class='ocrx_word' id='word_1_867' title='bbox 3632 4969 3761 5038; x_wconf 80' lang='grc' dir='ltr'>ἀγέ-</span> 
     </span>
    </p>
   </div>
   <div class='ocr_carea' id='block_1_113' title="bbox 2189 5055 3755 5136">
    <p class='ocr_par' dir='ltr' id='par_1_113' title="bbox 2189 5055 3755 5136">
     <span class='ocr_line' id='line_1_114' title="bbox 2189 5055 3755 5136; baseline -0.001 -19"><span class='ocrx_word' id='word_1_868' title='bbox 2189 5081 2348 5134; x_wconf 85' lang='grc' dir='ltr'>νητος</span> <span class='ocrx_word' id='word_1_869' title='bbox 2389 5065 2417 5116; x_wconf 85' lang='grc' dir='ltr'>ὁ</span> <span class='ocrx_word' id='word_1_870' title='bbox 2452 5065 2603 5130; x_wconf 82' lang='grc' dir='ltr'>Θεὸς,</span> <span class='ocrx_word' id='word_1_871' title='bbox 2630 5060 2698 5136; x_wconf 78' lang='grc' dir='ltr'><strong>ἦν</strong></span> <span class='ocrx_word' id='word_1_872' title='bbox 2743 5064 2800 5116; x_wconf 84' lang='grc' dir='ltr'>δὲ</span> <span class='ocrx_word' id='word_1_873' title='bbox 2844 5063 3081 5133; x_wconf 84' lang='grc' dir='ltr'>ἀγένητα</span> <span class='ocrx_word' id='word_1_874' title='bbox 3114 5062 3210 5114; x_wconf 78' lang='grc' dir='ltr'><strong>καὶ</strong></span> <span class='ocrx_word' id='word_1_875' title='bbox 3241 5060 3308 5114; x_wconf 89' lang='grc' dir='ltr'><strong>τὰ</strong></span> <span class='ocrx_word' id='word_1_876' title='bbox 3335 5061 3501 5124; x_wconf 79' lang='grc' dir='ltr'>ἀπλᾶ,</span> <span class='ocrx_word' id='word_1_877' title='bbox 3537 5060 3595 5125; x_wconf 73' lang='grc' dir='ltr'>ἐξ</span> <span class='ocrx_word' id='word_1_878' title='bbox 3625 5055 3755 5129; x_wconf 83' lang='grc' dir='ltr'><strong>ὦνὴ</strong></span> 
     </span>
    </p>
   </div>
   <div class='ocr_carea' id='block_1_114' title="bbox 2191 5151 3760 5226">
    <p class='ocr_par' dir='ltr' id='par_1_114' title="bbox 2191 5151 3760 5226">
     <span class='ocr_line' id='line_1_115' title="bbox 2191 5151 3760 5226; baseline -0.003 -18"><span class='ocrx_word' id='word_1_879' title='bbox 2191 5155 2289 5226; x_wconf 88' lang='grc' dir='ltr'>ὕλη</span> <span class='ocrx_word' id='word_1_880' title='bbox 2341 5156 2626 5226; x_wconf 85' lang='grc' dir='ltr'>συνετέθη·</span> <span class='ocrx_word' id='word_1_881' title='bbox 2675 5156 2775 5209; x_wconf 81' lang='grc' dir='ltr'>οὐκ</span> <span class='ocrx_word' id='word_1_882' title='bbox 2830 5155 2936 5225; x_wconf 78' lang='grc' dir='ltr'><strong>ἄρα</strong></span> <span class='ocrx_word' id='word_1_883' title='bbox 2992 5154 3213 5222; x_wconf 75' lang='grc' dir='ltr'><strong>(ἔσται)</strong></span> <span class='ocrx_word' id='word_1_884' title='bbox 3243 5151 3336 5206; x_wconf 84' lang='grc' dir='ltr'><strong>δύο</strong></span> <span class='ocrx_word' id='word_1_885' title='bbox 3368 5153 3464 5207; x_wconf 68' lang='grc' dir='ltr'>καὶ</span> <span class='ocrx_word' id='word_1_886' title='bbox 3509 5153 3646 5224; x_wconf 85' lang='grc' dir='ltr'>μόνα</span> <span class='ocrx_word' id='word_1_887' title='bbox 3693 5151 3760 5205; x_wconf 70' lang='grc' dir='ltr'><strong>τὰ</strong></span> 
     </span>
    </p>
   </div>
   <div class='ocr_carea' id='block_1_115' title="bbox 2190 5345 3758 5424">
    <p class='ocr_par' dir='ltr' id='par_1_115' title="bbox 2190 5345 3758 5424">
     <span class='ocr_line' id='line_1_116' title="bbox 2190 5345 3758 5424; baseline -0.008 -18"><span class='ocrx_word' id='word_1_888' title='bbox 2190 5361 2478 5424; x_wconf 89' lang='lat' dir='ltr'><strong>perornata</strong></span> <span class='ocrx_word' id='word_1_889' title='bbox 2504 5393 2518 5414; x_wconf 90' lang='lat'><strong>,</strong></span> <span class='ocrx_word' id='word_1_890' title='bbox 2570 5351 2816 5424; x_wconf 87' lang='lat' dir='ltr'><strong>sequitur</strong></span> <span class='ocrx_word' id='word_1_891' title='bbox 2886 5347 3154 5420; x_wconf 86' lang='lat' dir='ltr'><strong>ejusmodi</strong></span> <span class='ocrx_word' id='word_1_892' title='bbox 3206 5345 3506 5407; x_wconf 91' lang='lat' dir='ltr'><strong>discretio,</strong></span> <span class='ocrx_word' id='word_1_893' title='bbox 3565 5348 3758 5395; x_wconf 78' lang='lat' dir='ltr'><strong>contra</strong></span> 
     </span>
    </p>
   </div>
   <div class='ocr_carea' id='block_1_116' title="bbox 2189 5423 2802 5493">
    <p class='ocr_par' dir='ltr' id='par_1_116' title="bbox 2189 5423 2802 5493">
     <span class='ocr_line' id='line_1_117' title="bbox 2189 5423 2802 5493; baseline 0 -17"><span class='ocrx_word' id='word_1_894' title='bbox 2189 5423 2352 5493; x_wconf 73' lang='lat' dir='ltr'><strong>guam</strong></span> <span class='ocrx_word' id='word_1_895' title='bbox 2385 5433 2577 5477; x_wconf 87' lang='lat' dir='ltr'><strong>auctor</strong></span> <span class='ocrx_word' id='word_1_896' title='bbox 2602 5423 2802 5493; x_wconf 79' lang='lat' dir='ltr'><strong>arguit.</strong></span> 
     </span>
    </p>
   </div>
   <div class='ocr_carea' id='block_1_117' title="bbox 2265 5481 3760 5564">
    <p class='ocr_par' dir='ltr' id='par_1_117' title="bbox 2265 5481 3760 5564">
     <span class='ocr_line' id='line_1_118' title="bbox 2265 5481 3760 5564; baseline -0.011 -16"><span class='ocrx_word' id='word_1_897' title='bbox 2265 5495 2374 5564; x_wconf 78' lang='grc'><strong>(31)</strong></span> <span class='ocrx_word' id='word_1_898' title='bbox 2407 5493 2602 5548; x_wconf 80' lang='grc' dir='ltr'><strong>Αὐτὸν</strong></span> <span class='ocrx_word' id='word_1_899' title='bbox 2653 5481 2843 5564; x_wconf 63' lang='lat' dir='ltr'><strong>51am-</strong></span> <span class='ocrx_word' id='word_1_900' title='bbox 2901 5491 3146 5544; x_wconf 78' lang='grc' dir='ltr'>τούτων.</span> <span class='ocrx_word' id='word_1_901' title='bbox 3195 5487 3280 5543; x_wconf 80' lang='lat' dir='ltr'><strong>Al.</strong></span> <span class='ocrx_word' id='word_1_902' title='bbox 3339 5486 3500 5542; x_wconf 79' lang='grc' dir='ltr'>αὑτὸν</span> <span class='ocrx_word' id='word_1_903' title='bbox 3553 5481 3760 5538; x_wconf 79' lang='grc' dir='ltr'>τούτων</span> 
     </span>
    </p>
   </div>
   <div class='ocr_carea' id='block_1_118' title="bbox 2190 5563 2877 5636">
    <p class='ocr_par' dir='ltr' id='par_1_118' title="bbox 2190 5563 2877 5636">
     <span class='ocr_line' id='line_1_119' title="bbox 2190 5563 2877 5636; baseline -0.001 -19"><span class='ocrx_word' id='word_1_904' title='bbox 2190 5564 2416 5636; x_wconf 85' lang='grc' dir='ltr'>ποιητὴν</span> <span class='ocrx_word' id='word_1_905' title='bbox 2446 5566 2618 5636; x_wconf 79' lang='grc' dir='ltr'>εἰπεῖν</span> <span class='ocrx_word' id='word_1_906' title='bbox 2643 5563 2877 5636; x_wconf 74' lang='grc' dir='ltr'>ἀνάγκη.</span> 
     </span>
    </p>
   </div>
   <div class='ocr_carea' id='block_1_119' title="bbox 2263 5633 3086 5706">
    <p class='ocr_par' dir='ltr' id='par_1_119' title="bbox 2263 5633 3086 5706">
     <span class='ocr_line' id='line_1_120' title="bbox 2263 5633 3086 5706; baseline -0.009 -17"><span class='ocrx_word' id='word_1_907' title='bbox 2263 5633 2384 5706; x_wconf 58' lang='grc'><strong>(32)</strong></span> <span class='ocrx_word' id='word_1_908' title='bbox 2417 5633 2740 5705; x_wconf 75' lang='grc' dir='ltr'><strong>Ἄγένητον.</strong></span> <span class='ocrx_word' id='word_1_909' title='bbox 2783 5633 3086 5704; x_wconf 81' lang='grc' dir='ltr'>Ἀγένητος.</span> 
     </span>
    </p>
   </div>
  </div>
