3972 6212
262 237 359 292 261

1418 234 1543 293 LIB.
1584 234 1672 290 DE
1710 231 1958 288 ΗΒΕΒο
1995 229 2350 288 ABBlTRIO.

3401 236 3510 292 962

261 350 533 421 ἀγένητα·
580 348 668 403 ἴνα
707 349 935 421 παρήσω
963 348 1073 419 (55)
1121 349 1182 403 rb
1215 349 1579 420 ἐπιζητῆσαι,
1624 350 1676 403 τι
1704 349 1821 402 ὄντα

1936 346 2067 400 Nam
2097 347 2143 402 si
2199 345 2342 400 Deus
2394 354 2512 400 erat
2570 345 2880 416 ingenitus,
2927 353 3191 418 erantque
3240 347 3514 420 simplicia

264 445 409 496 ἐστὶν
461 442 642 498 ἀπλᾶο
675 440 774 512 ὕλη
796 484 810 506 ,
845 443 878 514 ἦ
931 439 1068 505 εἶδος
1087 459 1101 507 ἶ

1156 443 1331 496 Πολλὰ
1378 442 1486 513 γὰρ
1530 441 1624 496 καὶ
1661 439 1834 504 οὕτως

1938 441 2029 496 illa
2061 440 2262 511 quibus
2292 438 2517 492 materia
2547 441 2849 510 composita
2871 438 2994 504 fuit,
3024 440 3264 511 ingenita
3293 461 3311 495 :
3351 443 3511 512 plane

263 536 434 589 ἄτοπα
453 535 890 606 ἀκολουθήσειαν.
919 539 1074 590 Δοκεῖ
1103 536 1160 589 δέ
1188 553 1270 590 σοι
1313 535 1476 606 μηδὲν
1517 535 1624 588 τῶν
1663 534 1821 587 ὄντων

1937 551 2047 591 non
2075 542 2233 590 erunt
2281 534 2512 604 amplius
2562 531 2690 596 duo,
2717 542 2770 588 et
2799 535 2914 589 sola
2942 535 3179 605 ingenita
3207 553 3221 590 :
3279 542 3340 590 ut
3373 553 3507 606 prae-

263 628 392 682 αὖτὸ
419 627 590 698 ἐαυτῷ
619 628 952 681 ἀντικεῖσθαι
973 645 987 690 ;

1937 627 2231 682 termittam
2283 641 2563 696 quaarere,
2622 625 2755 696 quid
2799 624 3003 681 fuerint
3059 627 3151 680 illa
3204 627 3508 700 simplicia;

266 739 388 774 num
417 721 665 786 materia,
696 736 766 774 an
821 720 1031 775 forma?
1065 719 1198 774 Nam
1233 719 1358 774 hinc
1383 719 1544 774 etiam
1571 727 1872 788 sequentur
1904 719 2075 773 multa
2109 718 2366 773 absurda.
2425 715 2532 772 Sed
2579 725 2632 773 et
2665 717 2769 774 hoc
2815 734 3002 789 quaero
3041 737 3054 774 :
3083 717 3225 773 Num
3290 717 3508 776 videtur

260 815 394 868 nihil
417 815 472 868 in
493 815 657 870 rebus
710 815 814 870 sibi
849 818 1025 884 ipsum
1049 829 1172 870 esse
1199 813 1580 868 contrarium?

327 909 536 961 ΟΥΑΛ.
571 909 747 961 Δοκεῖ.

324 994 562 1048 ΟΡΘΟΔ.
605 993 929 1046 Ἀντξκειται
970 992 1024 1045 δὲ
1054 992 1130 1063 τῷ
1167 994 1299 1064 πυρὶ
1335 993 1394 1046 rb
1419 991 1561 1064 ὕδωρ
1585 1010 1597 1022 ·
1631 993 1726 1046 καὶ
1754 993 1832 1064 τῷ

2014 894 2170 951 VAL.
2201 895 2446 952 Videtur.

2006 987 2214 1046 ORTH.
2241 989 2403 1060 Atqui
2441 989 2552 1060 igni
2581 990 2855 1044 contraria
2887 998 2970 1046 est
2999 1007 3169 1062 aqua;
3221 1002 3275 1049 et
3297 996 3402 1052 luci
3430 1007 3508 1056 te-

255 1085 395 1152 φωτὶ
429 1084 489 1136 rb
536 1085 726 1146 σκότος
747 1100 759 1113 ο
795 1083 890 1137 καὶ
921 1082 998 1153 τῷ
1037 1083 1228 1154 ψυχρῴ
1259 1083 1318 1136 rb
1363 1083 1592 1155 θερμόν·
1624 1083 1717 1137 καὶ
1753 1083 1821 1154 τῷ

1936 1081 2144 1148 nehraa;
2179 1090 2231 1138 et
2255 1081 2450 1152 frigido
2481 1081 2750 1150 calidum;
2776 1090 2831 1138 et
2860 1082 3014 1140 arido
3045 1084 3351 1143 humidum.

251 1175 407 1247 ξηρῷ
430 1176 492 1228 τὸ
524 1175 708 1246 ὑγρόν-

232 1282 241 1292 ·
320 1269 531 1323 οΥΑΛ.
565 1268 751 1331 Οὕτως
781 1267 924 1338 ἔχειν
951 1265 1024 1339 μὴ
1052 1267 1159 1338 (54)
1185 1267 1349 1321 δοκεῖ.

315 1359 559 1412 ΟΡΘΟΔ.
608 1359 815 1414 Οὐκοῦν
865 1362 912 1412 εἰ
949 1359 1114 1430 μηδὲν
1141 1359 1247 1412 τῶν
1287 1359 1454 1412 ὄντων
1487 1358 1618 1413 αὐτὸ
1651 1359 1828 1432 ἑαυτῷ

246 1453 570 1519 ἀντίκειται,
604 1453 852 1524 ἀλλήλοις
884 1453 940 1507 δὲ
979 1453 1150 1506 ταῦτα
1181 1453 1512 1508 ἀντίκειται·
1545 1456 1644 1509 οὐκ
1674 1456 1828 1509 ἔσον-

244 1562 336 1600 ται
377 1545 477 1617 ὕλη
525 1545 643 1617 μία,
676 1546 794 1600 οὐδὲ
832 1546 936 1618 μὴν
967 1546 1024 1611 ἐξ
1057 1545 1188 1618 ὕλης
1238 1549 1384 1618 μιᾶς.
1425 1548 1592 1604 Πάλιν
1629 1549 1686 1602 δὲ
1728 1563 1829 1602 πυ-

2005 1262 2159 1317 VAL.
2188 1263 2316 1318 Mihi
2340 1263 2414 1317 ita
2438 1263 2670 1319 videtur.

2003 1355 2211 1411 OltTll.
2242 1356 2382 1426 Ergo
2410 1356 2453 1411 si
2479 1357 2627 1410 nulla
2657 1371 2745 1412 res
2783 1357 2888 1414 sibi
2930 1357 3047 1430 ipsa
3080 1362 3356 1417 contraria
3385 1373 3501 1431 est;

1935 1447 2049 1503 hch
2079 1456 2261 1502 autem
2317 1447 2420 1503 sibi
2463 1455 2810 1520 repugnant:
2877 1466 2988 1507 non
3028 1467 3158 1522 ergo
3183 1465 3342 1511 erunt
3388 1458 3505 1512 sola

1933 1540 2160 1596 materia
2187 1557 2202 1604 ;
2237 1541 2346 1594 imo
2371 1556 2548 1611 neque
2576 1557 2643 1596 ex
2678 1542 2905 1597 materia
2937 1545 3074 1599 sola.
3110 1544 3346 1603 Rursum
3378 1564 3506 1603 vero

243 1638 437 1692 θέσθαι
477 1638 767 1711 βούλομαιο
801 1642 956 1693 Δοκεῖ
991 1655 1073 1693 σοι
1118 1639 1195 1694 τὰ,
1223 1641 1362 1711 μέρη
1398 1642 1472 1713 μὴ
1510 1642 1821 1714 ἀναιρετικὰ

1936 1630 2092 1684 velim
2121 1631 2309 1684 audire
2343 1650 2354 1684 :
2388 1629 2530 1684 Num
2563 1639 2724 1702 putas
2753 1639 2938 1703 partes
2971 1650 3079 1690 non
3123 1650 3183 1691 se
3226 1635 3376 1706 ipsas
3421 1638 3510 1694 in-

242 1730 495 1802 αλλήλων
523 1727 661 1785 εἶναι
686 1749 700 1797 ;

318 1822 528 1875 ΟΥΑΛ.
565 1824 737 1878 Δοκεῖ.

315 1913 555 1968 ΟΡΘΟΔ.
607 1911 760 1967 Εἶναι
797 1913 853 1967 δὲ
885 1915 980 1986 τῆς
1019 1915 1150 1986 ὕλης
1177 1917 1370 1988 μέροςο
1405 1917 1467 1971 τό
1498 1935 1556 1973 τε
1591 1919 1702 1993 πῦρ
1733 1922 1826 1975 καὶ

237 2005 304 2055 τὸ
344 2003 509 2075 ὕδωρ,
531 2004 794 2070 ὡσαύτως
820 2006 876 2059 δὲ
901 2007 994 2060 καὶ
1017 2006 1087 2060 τὰ
1114 2005 1276 2062 λοιπά
1297 2050 1312 2072 ,

317 2096 526 2150 ΟΥΑΛ.
564 2095 751 2161 Οὕτως
785 2097 914 2168 ἔχω.

313 2187 553 2240 οΡΘοΔ.
590 2189 655 2240 Τί
687 2189 743 2242 δέ
765 2207 779 2254 ;
805 2191 864 2242 οὐ
895 2191 1042 2244 δοκεῖ
1075 2208 1154 2244 σοι
1181 2191 1520 2263 ἀναιρετικὸν
1553 2194 1653 2265 μὲν
1689 2191 1823 2250 εἶναι

233 2276 339 2330 τοῦ
366 2277 536 2350 πυρὸς
562 2279 622 2332 rb
645 2279 808 2352 ὓδωρ,
831 2280 923 2334 τοῦ
951 2280 1004 2334 δὲ
1030 2281 1252 2346 σκότους
1278 2283 1338 2335 τὸ
1377 2283 1510 2352 φῶς,
1542 2285 1633 2337 καὶ
1658 2285 1824 2338 τᾶλλα

232 2371 344 2423 ὅπα
375 2372 586 2435 τούτοις
618 2371 972 2444 παραπλήσια
994 2389 1008 2438 ;

319 2463 525 2516 ΟΥΔΛ.
554 2465 732 2517 Δοκεῖ.

318 2554 558 2610 ΟΡΘΟΔ.
617 2554 847 2619 Οὐκοῦν,
888 2556 938 2608 ἐξ
982 2555 1049 2608 τά
1083 2554 1221 2626 μέρη
1258 2555 1357 2608 οὐκ
1405 2555 1548 2609 ἔστιν
1581 2556 1823 2628 ἀλλήλων

232 2647 588 2719 ἀναιρετικά,
621 2646 794 2702 ταῦτα
817 2648 872 2701 δὲ
904 2648 1224 2719 ἀναιρετικά
1253 2649 1364 2719 (55)
1402 2650 1686 2720 τυγχάνειο
1725 2653 1824 2704 οὐκ

231 2740 393 2811 (ἄρα)
428 2739 580 2793 ἔσται
606 2739 850 2811 ἀλλήλων
887 2741 1049 2812 μέρη.
1082 2741 1143 2794 El
1175 2740 1232 2793 δὲ
1266 2740 1365 2792 οὐκ
1397 2739 1547 2794 ἔσται
1579 2741 1823 2812 ἀλλήλων

233 2834 409 2905 μέρη,
449 2833 551 2886 οὐκ
595 2832 810 2888 ἔσονται
859 2832 990 2904 ὕλης
1045 2835 1190 2905 μιᾶς.
1251 2833 1409 2888 Ἀλλά
1461 2834 1564 2905 μὴν
1611 2835 1718 2888 οὐδ’
1758 2834 1824 2888 ἂν

227 2924 452 2976 ἔσονται
497 2923 621 2995 ὕλη,
655 2923 733 2994 τῷ
776 2924 941 2995 μηδὲν
977 2927 1040 2996 τῇ
1089 2923 1196 2977 τῶν
1249 2924 1416 2978 ὅντων
1461 2924 1592 2978 αὐτὸ
1628 2925 1820 2978 ἑαυτοῦ

227 3016 588 3087 ἀναιρετικὸν
613 3010 774 3071 εἶναι.
804 3015 988 3079 Obrue;
1013 3011 1104 3070 οὖν
1132 3015 1238 3070 τῶν
1267 3016 1654 3088 ἀντικειμένων
1680 3017 1823 3088 ἐχόν-

226 3127 362 3173 των,
402 3110 464 3162 τὸ
499 3109 572 3180 μὴ
607 3105 742 3162 εἶναι
784 3108 880 3180 τὴν
913 3107 1043 3180 ὕλην
1083 3107 1374 3164 δείκνυται.
1419 3109 1554 3180 Περὶ
1589 3109 1685 3180 μὲν
1717 3111 1818 3181 τῆς

227 3201 369 3274 ὕλης
405 3202 699 3274 αὐτάρκως
730 3201 862 3271 ἔχει.

311 3295 446 3348 Ἐπὶ
479 3294 537 3348 δὲ
558 3294 657 3366 τὴν
689 3291 796 3346 τῶν
828 3293 1014 3348 κακῶν
1040 3294 1284 3361 ἐξέτασιν
1303 3293 1557 3368 ἔρχεσθαι
1588 3293 1690 3356 δεῖ,
1723 3295 1819 3348 καὶ

225 3387 557 3454 ἀναγκαίως
593 3385 880 3456 ἀναζητεῖν
927 3385 996 3440 τὰ
1030 3386 1161 3456 παρ’
1193 3382 1519 3458 ἀνθρώποις.
1547 3385 1627 3438 Τά
1672 3385 1818 3456 παρά

225 3476 550 3548 ἀνθρώποις
599 3476 782 3538 κακά,
817 3477 1046 3548 πότερον
1103 3476 1217 3546 εἴδη
1263 3475 1518 3546 τυγχάνει
1563 3474 1732 3528 κακοῦ
1783 3474 1817 3546 ἢ

228 3569 414 3644 μέρῃ;
449 3570 514 3622 El
564 3570 672 3640 γὰρ
715 3568 864 3640 εῖδη·
899 3569 1000 3622 οὐκ
1033 3567 1211 3640 (ἄρα)
1240 3568 1389 3622 ἔσται
1439 3568 1624 3639 ἕτερον
1669 3569 1820 3638 παρὰ

224 3660 409 3713 ταῦτα
451 3661 545 3713 τὸν
591 3661 758 3714 κακὸν
787 3660 909 3714 καθ’
952 3661 1142 3714 ἑαυτόο
1187 3661 1266 3732 τῷ
1312 3661 1378 3715 τὰ
1423 3661 1554 3733 γένη
1611 3663 1668 3713 ὲν
1701 3663 1822 3724 ταῖς

226 3755 434 3808 εἴδεσιν
463 3754 809 3818 ἐξετάζεσθαι
835 3795 849 3817 ,
909 3753 1004 3807 καὶ
1054 3754 1366 3823 ὑφεστάναι.
1423 3755 1484 3807 Εἰ
1526 3754 1582 3807 δὲ
1627 3752 1818 3818 τοῦτο,

227 3845 474 3918 γενητὸν
506 3845 654 3916 (ἄρα)
688 3847 836 3900 ἔσται
877 3846 936 3899 rb
981 3846 1171 3902 κακόν.
1209 3847 1290 3900 Τά
1327 3845 1435 3917 γάρ
1473 3845 1587 3916 εἴδη
1619 3845 1820 3915 γενητὰ

227 3939 363 3991 ὂντα
417 3938 695 3991 δείκνυται
721 3955 737 3971 ο
771 3935 884 3991 οἷον
917 3938 1112 4007 φόνος,
1172 3938 1266 3991 καὶ
1322 3937 1565 4008 μοιχεία,
1611 3936 1705 3990 καὶ
1753 3935 1820 3989 τὰ

226 4031 453 4094 τούτοις
479 4030 856 4102 παραπλήσια.
899 4030 960 4082 El
988 4028 1044 4082 δὲ
1086 4027 1226 4101 μέρη
1264 4029 1405 4092 τινὸς
1449 4027 1619 4082 κακοῦ
1648 4025 1822 4080 ταῦτα

228 4128 374 4183 εἶναι
401 4127 628 4191 ἐθέλοις,
665 4127 781 4180 ἐστὶ
809 4125 864 4178 δὲ
898 4124 1068 4179 ταῦτα
1089 4125 1322 4195 γενητὰ·
1357 4123 1568 4193 ἀνάγκη
1603 4124 1822 4175 κάκεῖνο

227 4221 465 4292 γενητὸν
494 4221 779 4292 ὑπάρχειν.
814 4213 913 4272 Ὧν
945 4217 1054 4290 γὰρ
1085 4217 1152 4272 τά
1201 4219 1341 4290 μέρη
1385 4217 1614 4287 γενητὰ,
1649 4215 1821 4269 ταῦτα

226 4314 442 4383 ὁμοίως
485 4312 548 4377 ἐξ
599 4313 843 4382 ἀνάγκης
876 4311 992 4366 ἐστὶ
1047 4311 1268 4383 γενητὰ.
1318 4310 1390 4362 Tb
1440 4309 1548 4380 γὰρ
1599 4308 1716 4361 ὅλον
1759 4309 1821 4360 ἐκ

1856 1721 1898 1776 Β
1925 1723 2214 1777 terimere?

2001 1813 2154 1870 ΨΜ..
2187 1813 2345 1872 Ριιιο.

1997 1905 2206 1962 OR'I‘H.
2237 1906 2376 1962 Num
2408 1922 2536 1963 vero
2569 1907 2852 1964 existimas
2898 1909 3074 1979 ignem
3104 1917 3159 1966 et
3189 1926 3408 1983 aquam,
3439 1927 3504 1968 ac

1928 2002 2185 2057 similiter
2214 2001 2445 2072 reliqua,
2475 2016 2597 2056 esse
2628 2009 2812 2072 partes
2843 2003 3120 2058 materiae?

1997 2090 2152 2147 VAL.
2185 2089 2262 2145 Ita
2285 2091 2559 2147 existimo.

1996 2183 2206 2238 ΟιιΤιῐ.
2242 2182 2384 2249 Quid
2416 2183 2584 2239 vero?
2609 2182 2728 2238 Non
2763 2183 2978 2239 videtur
3028 2185 3127 2240 tibi
3159 2200 3298 2256 aqua
3326 2185 3503 2242 letlia-

1925 2274 1994 2328 lis
2041 2274 2184 2345 igni;
2219 2273 2422 2344 luxque
2475 2273 2749 2343 tenebris;
2801 2282 2856 2330 et
2885 2276 3012 2341 alia,
3049 2280 3224 2347 siqua
3253 2285 3381 2332 sunt
3415 2278 3502 2334 his

1875 2416 1898 2434 ,
1927 2366 2163 2420 similia?

2000 2458 2153 2512 VAL.
2195 2458 2436 2514 Videtur.

1994 2548 2205 2606 ORTH.
2241 2549 2298 2604 Si
2325 2566 2456 2621 ergo
2506 2559 2691 2622 partes
2723 2552 2947 2608 minime
2979 2553 3082 2609 sibi
3136 2553 3366 2609 invicem
3392 2555 3504 2610 exi-

1925 2643 2000 2697 tio
2029 2653 2184 2709 sunt;
2216 2643 2330 2699 hinc
2355 2653 2534 2699 autem
2561 2661 2620 2700 se
2650 2652 2838 2701 mutuo
2892 2646 3198 2716 perimunt;
3229 2648 3498 2718 sequitur,

1924 2744 1984 2788 It
2014 2751 2124 2789 non
2158 2736 2269 2790 sint
2300 2737 2532 2792 invicem
2562 2744 2764 2808 partes.
2804 2735 2860 2792 Si
2895 2747 3076 2795 autem
3120 2756 3227 2795 non
3253 2752 3380 2797 sunt
3411 2743 3500 2797 in-

1925 2828 2099 2884 vicem
2134 2837 2351 2900 partes;
2382 2845 2558 2901 neque
2592 2831 2755 2887 unius
2784 2833 3024 2887 materiae
3053 2843 3236 2904 partes
3271 2834 3500 2891 fuerint.

1925 2917 2037 2974 lmo
2076 2937 2254 2992 neque
2275 2931 2436 2978 erunt
2460 2925 2706 2989 materia,
2744 2925 2890 2994 quod
2923 2925 3059 2979 nihil
3107 2927 3213 2981 sibi
3251 2928 3354 2997 ipsi
3380 2930 3501 2983 exi-

1923 3014 2001 3067 tio
2024 3014 2095 3068 sit
2117 3023 2170 3069 et
2189 3017 2547 3072 contrarium.
2602 3017 2740 3072 Cum
2767 3033 2899 3089 ergo
2931 3018 3006 3073 ita
3044 3035 3103 3075 se
3140 3021 3375 3076 habeant
3397 3039 3500 3092 op-

1922 3107 2120 3177 posita,
2150 3117 2295 3178 patet
2316 3109 2440 3164 inde
2465 3125 2530 3164 ea
2565 3125 2674 3164 non
2704 3126 2828 3167 esse
2874 3113 3182 3168 materiam.
3229 3114 3405 3185 Atque
3432 3115 3501 3171 ile

1920 3199 2148 3254 materia
2180 3201 2313 3255 satis
2344 3201 2548 3256 dictum
2578 3203 2670 3257 sit.

1990 3290 2328 3348 Veniendum
2365 3301 2544 3349 autem
2577 3304 2661 3350 est
2712 3297 2778 3351 ad
2831 3299 3117 3359 malorum,
3154 3298 3498 3371 disquisitio-

1920 3399 2066 3448 lieni,
2086 3385 2506 3456 necessarioque
2530 3388 2854 3443 excutienda
2876 3397 3003 3444 sunt
3030 3392 3168 3445 mala
3193 3391 3497 3448 hominum.

1921 3475 2119 3543 Quaero
2145 3477 2312 3548 igitur
2339 3497 2352 3533 :
2386 3477 2524 3532 Mala
2546 3481 2850 3546 hominum,
2877 3490 3077 3538 suntne
3104 3485 3319 3554 species
3341 3485 3494 3550 mali,

1921 3581 1990 3622 an
2023 3568 2246 3638 partes?
2276 3567 2334 3623 Si
2373 3570 2620 3640 species;
2655 3586 2764 3626 non
2811 3571 2918 3626 erit
2948 3587 3079 3644 ergo
3111 3574 3257 3627 aliud
3298 3585 3498 3645 praeter

1920 3658 2036 3714 hinc
2103 3659 2410 3716 subsistens
2465 3663 2690 3727 malum,
2727 3676 2794 3717 eo
2825 3663 2972 3732 quod
3018 3681 3215 3735 genera
3271 3667 3326 3720 in
3370 3683 3498 3738 spe-

1920 3752 2112 3808 ciebus
2139 3752 2492 3809 inveniantur
2517 3764 2572 3810 et
2599 3755 2922 3812 subsistant.
2949 3744 3104 3823 Quod
3137 3759 3186 3814 si
3209 3759 3282 3813 ita
3309 3760 3495 3825 habet,

1920 3845 2024 3899 erit
2075 3861 2208 3902 sane
2255 3847 2456 3902 malum
2543 3849 2750 3919 aliquid
2801 3859 3170 3920 procreatum.
3216 3852 3306 3907 Sic
3347 3855 3496 3910 enim

1921 3938 2132 4004 species
2169 3955 2291 4010 qua:
2319 3940 2448 4004 sint,
2480 3939 2684 3996 factum
2715 3942 2935 4013 aliquod
2963 3945 3264 4000 ostendunt
3295 3964 3308 4000 :
3339 3953 3494 4017 puta,

1922 4029 2297 4094 homicidium,
2349 4031 2675 4088 adulterium
2699 4041 2754 4089 et
2814 4035 2901 4090 his
2933 4035 3155 4091 similia.
3195 4036 3288 4092 Sin
3311 4046 3494 4094 autem

1921 4122 2180 4176 malueris
2212 4138 2334 4179 esse
2365 4131 2550 4193 partes
2595 4125 2830 4196 alicujus
2862 4128 2988 4182 mali
3048 4148 3062 4184 :
3096 4143 3222 4184 cum
3258 4129 3362 4184 illae
3383 4130 3496 4184 sint

1921 4212 2052 4284 quid
2092 4213 2330 4280 factum;
2375 4215 2534 4285 plane
2578 4216 2638 4270 ﬁt
2693 4233 3003 4282 necessum,
3043 4229 3102 4274 ut
3151 4227 3208 4273 et
3260 4220 3393 4275 illud
3421 4223 3496 4276 sit

1921 4305 2054 4375 quid
2085 4304 2308 4359 factum.
2326 4305 2568 4372 Quorum
2599 4308 2742 4362 enim
2759 4317 2940 4378 partes
2965 4317 3094 4363 sunt
3119 4311 3248 4379 quid
3266 4311 3491 4378 factum,

232 4407 427 4479 μερῶν
459 4406 778 4475 συνέστηκε.
832 4406 942 4458 Καὶ
982 4405 1044 4458 τὸ
1079 4403 1176 4476 μὲν
1215 4402 1332 4456 ὅλον
1390 4402 1489 4455 οὐκ
1533 4400 1704 4460 ἔσται,
1743 4399 1816 4469 μὴ

1936 4398 2086 4450 :tiam
2119 4397 2234 4465 ipsa
2262 4395 2516 4452 similiter
2543 4399 2856 4454 necessario
2883 4399 3154 4469 ejusmodi
3175 4408 3323 4457 sunt.
3355 4400 3493 4457 Nam

229 4495 406 4550 εντων
445 4497 629 4567 μερῶν
652 4514 665 4526 ·
699 4496 848 4549 ἔσται
869 4495 926 4548 δέ
956 4494 1066 4565 (56)
1101 4511 1220 4547 τινα
1249 4492 1354 4545 τῶν
1383 4491 1586 4563 μερῶν,
1619 4489 1719 4543 κᾶν
1746 4487 1819 4560 μὴ

229 4593 292 4644 τὸ
321 4592 450 4644 ὅλον
480 4591 654 4660 παρῇ.
689 4589 915 4652 Οὐδενὸς
944 4589 1000 4642 δὲ
1030 4588 1138 4640 τῶν
1164 4587 1330 4639 ὄντων
1362 4585 1524 4656 μέρος
1576 4584 1673 4653 μέν
1707 4585 1820 4634 ἐστι

230 4682 488 4752 γενητὸν,
525 4682 688 4752 μέρος
713 4681 769 4734 δὲ
792 4681 1074 4751 ἀγένητον.
1112 4679 1174 4732 Εἰ
1209 4679 1265 4732 δὲ
1295 4679 1388 4731 καὶ
1411 4677 1569 4731 τοῦτο
1610 4693 1820 4747 συγχω-

235 4774 475 4844 ρήσαιμι
505 4771 584 4841 τῷ
610 4771 772 4842 λόγῳ,
807 4766 874 4841 ἦν
909 4780 1038 4823 ’ποτε
1065 4769 1126 4822 rb
1173 4768 1363 4834 κακὸν,
1411 4769 1498 4820 ὅτε
1532 4766 1821 4836 ὁλόκληρον

233 4867 337 4917 οὐκ
376 4861 480 4935 ἦν·
523 4865 767 4917 τουτέστι
810 4863 938 4936 πρὶν
966 4862 1365 4933 δημιουργῆσαι
1407 4861 1506 4929 τὴν
1551 4858 1682 4930 ὓλην
1732 4855 1823 4910 τὸν

236 4958 396 5012 Θεὸν.
445 4959 580 5011 Τότε
633 4958 690 5011 δὲ
741 4957 1034 5028 ὁλόκληρον
1077 4955 1319 5024 γίνεται,
1371 4955 1460 5007 ὅτε
1506 4953 1641 5024 πρὸς
1686 4949 1820 5003 Θεοῦ

235 5054 465 5118 γέγονεν
507 5051 818 5122 ἅνθρωπος·
844 5049 954 5102 τῶν
1002 5049 1110 5119 γὰρ
1141 5047 1323 5119 μερῶν
1367 5045 1461 5098 τοῦ
1501 5043 1674 5098 κακοῦ
1724 5043 1820 5097 ἄν-

238 5144 461 5214 θρωπος
490 5144 719 5215 ὑπάρχει
745 5143 990 5213 ποιητής.
1016 5139 1124 5193 Καὶ
1151 5139 1212 5191 τὸ
1250 5136 1497 5191 ἐντεῦθεν
1530 5136 1820 5207 ὀλόκληρον

238 5236 379 5292 εἶναι
435 5238 500 5290 rb
551 5237 718 5291 κακον
753 5239 924 5301 αἴτιος
963 5235 1112 5288 ἔσται
1149 5235 1559 5305 δημιουργήσας
1605 5234 1633 5285 ὁ
1658 5232 1816 5296 θεός’

237 5332 376 5402 ὅπερ
403 5329 621 5394 ἀσεὸές.
668 5331 730 5383 Εἰ
768 5330 812 5383 δ’
841 5329 948 5382 οὐδ’
997 5327 1255 5398 ὁπότερον
1296 5325 1500 5380 τούτων
1535 5325 1714 5394 λέγεις
1760 5323 1821 5377 rb

239 5423 432 5485 κακὸν,
463 5421 662 5493 πρᾶξιν
691 5421 748 5474 δέ
779 5437 924 5483 τινος
955 5414 1128 5472 κακοῦ
1161 5416 1274 5486 (57)
1315 5412 1451 5472 εἶναι
1481 5415 1659 5485 λέγεις
1679 5433 1692 5446 ·
1727 5431 1819 5484 γε-

214 5525 239 5600 ’3
316 5556 430 5624 (55)
476 5555 748 5622 "aprica.
784 5553 868 5610 Al.
903 5555 1210 5626 παρήσατο.

318 5629 431 5681 (54)
466 5625 584 5681 Μή.
623 5624 786 5679 Scrib
839 5625 946 5681 ιιοί.

225 5689 240 5704 ε
318 5629 431 5692 (54)
466 5625 584 5691 Μή.
623 5625 786 5679 Scrib
839 5625 946 5694 μοί.
991 5625 997 5626 ⁷
1043 5625 1048 5626 ⁷

321 5698 435 5766 (55)
481 5695 857 5764 Ἀναιρετικά.
895 5697 978 5750 Al.
1014 5694 1356 5749 συνανετικά.

1922 4500 2096 4549 totum
2129 4501 2345 4550 constat
2371 4494 2639 4564 partibus.
2674 4496 2751 4548 Ac
2783 4501 2956 4550 totum
2985 4494 3204 4565 quidem
3237 4510 3347 4549 non
3365 4496 3492 4556 erit.

1923 4588 2168 4658 partibus
2221 4605 2330 4643 non
2387 4588 2822 4643 exsistentibus:
2875 4595 3056 4658 partes
3113 4603 3242 4643 vero
3297 4588 3496 4658 aliquis

1921 4689 2102 4744 erunt,
2134 4695 2442 4750 quanquam
2473 4688 2646 4735 totum
2669 4679 3029 4735 desideretur.
3067 4677 3282 4734 Nullius
3309 4691 3490 4734 autem

1921 4774 2000 4828 rei
2034 4789 2161 4844 pars
2188 4774 2357 4828 altera
2389 4773 2568 4844 genita
2610 4780 2715 4836 est,
2741 4773 2912 4826 altera
2943 4771 3206 4842 ingenita.
3233 4771 3331 4826 Sin
3361 4787 3493 4828 vero

1922 4863 2024 4919 hoc
2052 4864 2216 4918 etiam
2246 4862 2482 4920 orationi
2517 4862 2754 4927 dedero;
2789 4861 2935 4915 haud
2965 4869 3146 4916 tamen
3177 4862 3362 4930 negari
3390 4876 3490 4930 po-

1920 4961 2048 5018 test,
2113 4953 2282 5009 l'uisse
2335 4952 2554 5024 quando
2607 4953 2810 5006 malum
2841 4967 2947 5006 non
2980 4953 3252 5022 integrum
3287 4959 3436 5006 esset
3472 4969 3486 5005 :

1924 5046 2026 5100 hoc
2067 5053 2171 5107 est,
2200 5054 2489 5114 antequam
2527 5043 2668 5097 Deus
2711 5043 2994 5099 materiam
3024 5041 3307 5096 formaret.
3332 5039 3492 5095 Post-

1922 5153 2084 5207 quam
2118 5136 2261 5192 Deus
2291 5137 2564 5191 hominem
2613 5135 2840 5198 creavit,
2871 5134 2983 5204 jam
3014 5134 3376 5205 integritatem
3404 5150 3494 5188 re-

1921 5229 2073 5298 cipit.
2097 5226 2230 5281 Nam
2267 5227 2447 5290 homo,
2471 5225 2707 5294 partium
2738 5225 2865 5279 mali
2895 5232 3085 5280 auctor
3111 5232 3196 5280 est
3228 5242 3242 5279 :
3291 5239 3487 5294 eoque,

1923 5323 2066 5377 Deus
2087 5318 2467 5391 quicondidit,
2513 5330 2704 5373 auctor
2736 5317 2898 5373 fuerit
2941 5317 3272 5388 integritatis
3320 5317 3486 5382 mali;

1920 5413 2065 5484 quod
2096 5411 2320 5483 impium
2349 5410 2498 5464 dictu
2523 5410 2614 5466 sit.
2645 5407 2702 5462 Si
2723 5423 2852 5465 vero
2871 5416 3120 5464 neutrum
3153 5408 3344 5464 horum
3376 5422 3488 5462 ma-

1994 5547 2106 5616 (56)
2150 5548 2353 5619 Ἔσται
2380 5545 2466 5619 δέ.
2509 5545 2594 5600 Al.
2637 5546 2745 5618 ἄρα
2771 5545 2848 5603 δέ.
2893 5545 2984 5602 Sic
3024 5553 3080 5603 et
3128 5545 3293 5619 paulo
3339 5531 3487 5616 post.

1923 5622 2093 5683 αἴτιος
2123 5619 2230 5688 ἄρα
2259 5618 2409 5670 ἔσται
2441 5617 2569 5688 δημ.

1997 5691 2106 5765 (57)
2143 5687 2360 5772 Καλιοῦ.
2395 5687 2500 5744 ΑΙ(
2519 5687 2708 5744 κακόν.
