3962 6204
498 240 606 298 265

1453 240 1512 295 S.
1553 233 2235 297 llETHODll‘EPlSCOPl
2269 240 2358 296 ET
2403 238 2761 295 MARTYRIS

3638 238 3739 294 266

498 355 611 409 lum
662 352 867 412 dixeris
897 368 1041 419 esse,
1103 352 1197 409 sed
1254 353 1486 424 alicujus
1508 357 1706 411 malam
1757 357 2068 412 actionem:

2176 356 2332 429 νητδν
2390 358 2553 412 αὐτὸν
2596 356 2859 427 ὑπάρχειν
2898 354 3139 426 μηνύεις.
3198 354 3261 415 Ἦ
3308 354 3416 427 γὰρ
3462 353 3558 409 τοῦ
3605 372 3745 419 τινος

499 454 614 501 tum
651 446 893 518 genitum
929 459 994 500 ac
1022 446 1155 515 quid
1216 445 1444 509 factum,
1477 446 1655 516 ipsum
1695 445 1883 503 doces.
1916 446 2072 513 Quod

500 540 647 594 enim
681 538 915 608 alicujus
944 540 1089 594 actio
1123 545 1230 604 est,
1291 539 1507 593 initium
1538 540 1759 595 essendi
1788 547 2071 609 acceptum

499 632 685 685 habet.
717 631 798 685 Ad
830 630 968 695 haec,
1000 632 1211 686 nullum
1234 624 1495 702 praeterea
1528 631 1677 686 aliud
1700 632 1899 687 malum
1930 632 2073 687 assi-

500 737 665 793 gnare
689 730 862 792 potes.
894 722 1068 789 Quam
1096 723 1436 778 enimaliam
1464 724 1756 787 actionem,
1805 734 1997 794 praeter
2020 723 2073 778 id

499 814 645 885 quod
691 815 1043 870 committunt
1095 815 1389 879 homines,
1444 816 1728 886 assignare
1782 816 2074 872 habueris?

498 905 634 959 Nam
658 906 806 976 quod
829 907 877 962 is
905 906 1001 979 qui
1035 915 1313 977 operatur,
1348 923 1458 962 non
1493 908 1566 962 sit
1594 890 1944 978 ipse‘malu'm
1986 923 2073 962 se-

497 1001 738 1057 cundum
770 1003 1037 1059 rationem
1056 1003 1393 1067 substantiae,
1430 1005 1526 1058 sed
1555 1002 1856 1058 secundum
1898 1002 2070 1070 ipsam

498 1095 622 1149 mali
658 1097 1047 1164 operationem,
1098 1095 1213 1167 jam
1265 1102 1545 1151 ostensum
1589 1094 1716 1150 fuit.
1767 1092 1902 1148 Nam
1933 1094 2073 1148 nihil

496 1196 582 1242 est
616 1188 819 1241 malum
876 1196 1095 1253 natura,
1146 1188 1242 1242 sed
1296 1203 1399 1241 usu
1428 1186 1565 1241 fiunt
1616 1188 1754 1241 mala
1783 1202 1903 1257 qua:
1932 1187 2073 1241 mala

499 1288 651 1337 sunt.
683 1280 894 1351 Quippe
919 1281 1071 1344 dico,
1098 1281 1273 1351 inquit
1296 1279 1667 1350 (Methodius),
1698 1287 1938 1333 creatum
1975 1278 2074 1333 ho-

499 1371 703 1426 minem
733 1372 891 1425 liberi
941 1364 1179 1435 arbitrii,
1219 1386 1330 1426 non
1376 1371 1526 1425 velut
1555 1370 1697 1424 malo
1753 1370 2071 1439 aliquojam

499 1463 822 1528 exsistente,
855 1464 1013 1541 cujus
1040 1464 1293 1535 eligendi,
1337 1464 1383 1519 si
1414 1458 1592 1526 vellet,
1610 1459 1945 1533 potestatem
1976 1460 2073 1513 ba-

507 1555 712 1610 heret:
764 1540 1136 1627 sedpro'pler
1186 1540 1503 1610 concessam
1556 1553 1866 1608 facultatem
1913 1551 2073 1606 obse—

399 1719 403 1722 ν
498 1646 702 1718 quendi
734 1647 846 1704 Deo
866 1650 950 1704 vel
972 1665 1082 1703 non
1112 1648 1469 1719 obsequendi.
1504 1646 1616 1702 Hoc
1639 1646 1784 1702 enim
1815 1645 1918 1700 sibi
1941 1652 2071 1697 tunc

497 1739 735 1804 volebat,
773 1755 838 1794 ac
864 1747 1005 1805 erat,
1039 1740 1267 1795 liberum
1293 1739 1603 1793 arbitrium.
1637 1736 1809 1791 Porro
1853 1741 2071 1789 creatus

495 1830 662 1884 homo
695 1836 1021 1900 praeceptum
1048 1845 1079 1882 a
1113 1828 1223 1884 Deo
1258 1828 1459 1897 accipit
1493 1846 1507 1882 :
1548 1834 1772 1897 tumque
1803 1823 1933 1877 hinc
1956 1837 2073 1876 ma-

498 1918 609 1973 lum
640 1920 846 1991 incipit.
883 1918 1001 1975 Non
1039 1922 1182 1975 enim
1231 1926 1385 1989 paret
1419 1918 1603 1973 divino
1653 1914 1909 1970 mandato
1947 1910 2074 1968 :id-

499 2024 605 2079 que
655 2018 710 2065 et
737 2009 914 2066 solum
969 2009 1175 2064 malum
1204 2016 1371 2073 erat,
1403 2008 1919 2079 inobedicntiajquze
1947 2016 2072 2060 esse

498 2102 685 2173 coepit.
1469 2108 1475 2117 ‘

621 2212 1003 2273 HETHODII
1062 2213 1164 2268 EX
1224 2213 1444 2270 LIBRO
1510 2212 1608 2267 DE
1671 2210 1943 2267 LIBERO

1097 2284 1470 2340 ARBITRIO.

2173 447 2370 520 πρᾶξις
2407 450 2583 520 ἀρχὴν
2629 449 2724 501 τοὺ
2761 442 2901 500 εἶναι
2943 446 3227 517 λαμϐάνει.
3268 447 3413 519 Πρὸς
3448 447 3507 501 δέ
3540 447 3745 512 τούτοις

2172 537 2325 590 οὐδὲν
2360 537 2545 610 ἕτερον
2576 536 2727 608 παρὰ
2769 535 2941 591 ταῦτα
2971 536 3138 589 κακὸν
3171 538 3344 589 εἰπεῖν
3383 535 3549 606 ἔχεις.
3582 536 3745 591 Ποίαν

2172 629 2281 700 γὰρ
2310 629 2504 700 πρᾶξιν
2534 629 2730 699 ἑτέραν
2773 628 2923 700 παρὰ
2950 628 3010 680 τὸ
3042 626 3149 698 (58)
3190 629 3248 681 ἐν
3295 626 3603 700 ἀνθρώποις
3636 627 3746 682 δει-

2172 720 2354 774 κνύειν
2398 720 2577 791 ἔχειςς
2611 722 2734 773 Ὅτι
2778 719 2887 791 γὰρ
2928 719 3193 791 ἐνεργῶν,
3232 720 3294 772 οὐ
3326 719 3472 772 κατὰ
3513 720 3605 773 τὸν
3650 720 3747 789 τῆς

2172 811 2360 877 οὐσίας
2417 812 2572 881 λόγον
2629 812 2863 883 ὑπάρχει
2906 811 3105 875 κακία,
3161 810 3298 865 ἀλλὰ
3339 811 3461 864 κατ’
3505 810 3637 862 αὐτὸ
3687 810 3749 863 τὸ

2173 906 2412 975 ἐνεργεῖν
2438 903 2496 956 τὸ
2529 902 2695 956 κακὸν
2716 902 2817 973 ἢδη
2841 901 3125 956 δέδεικται.
3157 902 3278 955 Ὅτι
3298 905 3364 972 τῇ
3394 900 3554 971 φύσει
3581 901 3748 954 κακὸν

2171 995 2322 1050 οὐδέν
2356 997 2524 1058 ἐστιν,
2557 995 2691 1048 ἀλλὰ
2728 998 2794 1066 τῇ
2828 996 3019 1065 χρήσει
3049 995 3258 1063 γίνεται
3309 993 3456 1046 κακὰ
3482 993 3551 1044 τὰ
3580 993 3743 1046 κακά.

2176 1087 2295 1141 Ὅτι
2321 1083 2683 1151 αὐτεξούσιον,
2729 1088 2884 1157 φησὶ,
2925 1086 3206 1156 γεγονέναι
3237 1086 3378 1156 φημὶ
3421 1085 3511 1137 τὸν
3542 1084 3754 1155 ἄνθρω-

2173 1197 2293 1245 πον,
2328 1181 2426 1251 οὐχ
2452 1181 2527 1243 ὡς
2550 1180 3015 1255 προύποκειμένου
3047 1179 3190 1242 τινὸς
3207 1180 3306 1250 ήδη
3339 1178 3532 1243 κακοῦ,
3563 1171 3624 1231 οὗ
3652 1179 3752 1248 τὴν

2172 1272 2453 1337 ἐξουσίαν,
2490 1275 2538 1326 εί
2567 1273 2822 1343 βούλοιτο,
2865 1271 2959 1325 τοῦ
3003 1270 3215 1325 ἑλέσθαι
3262 1271 3547 1340 ἄνθρωπος
3579 1271 3751 1340 ἐλάμ-

2173 1365 2354 1429 ϐανεν,
2375 1364 2508 1419 ἀλλὰ
2541 1366 2638 1437 τὴν
2669 1364 2763 1418 τοῦ
2789 1363 3081 1418 ὑπακούειν
3103 1362 3214 1432 (59)
3239 1360 3338 1433 [τῷ
3367 1361 3506 1432 Θεῷ,
3541 1363 3639 1416 καὶ
3677 1362 3751 1433 μὴ

2174 1455 2489 1528 ὑπακούειν]
2513 1457 2682 1510 αἴτιον
2717 1458 2873 1528 μόνον
2894 1452 2981 1527 ἦν.
3001 1452 3171 1508 Τοῦτο
3195 1455 3305 1527 γὰρ
3325 1454 3387 1508 τὸ
3404 1454 3757 1521 αὐτεξούσιον

2173 1548 2421 1602 ἐϐούλετο
2467 1550 2608 1602 τότε.
2673 1550 2784 1603 Kal.
2845 1549 3139 1618 γενόμενος
3200 1547 3484 1617 ἄνθρωπος
3529 1545 3757 1617 ἐντολὴν

2173 1638 2435 1710 λαμϐάνει
2468 1639 2617 1712 παρὰ
2647 1639 2740 1692 τοῦ
2774 1639 2946 1693 Θεοῦ.’
2971 1639 3083 1694 Καὶ
3113 1639 3361 1692 ἐντεῦθεν
3404 1639 3503 1709 ήδη
3535 1637 3599 1690 τὸ
3645 1654 3753 1691 κα-

2173 1730 2267 1784 κὸν
2292 1730 2535 1803 ἄρχεται.
2560 1732 2632 1784 Οὐ
2663 1731 2771 1803 γὰρ
2800 1731 3046 1785 πείθεται
3075 1730 3155 1801 τῷ
3174 1731 3302 1801 θείῳ
3331 1731 3751 1801 προστάγματιι

2175 1824 2268 1878 καὶ
2297 1823 2454 1876 τοῦτο
2494 1824 2588 1876 καὶ
2620 1822 2777 1893 μόνον
2808 1819 2877 1892 ἦν
2909 1823 2969 1876 τὸ
3004 1822 3192 1885 κακὸν,
3236 1824 3270 1893 ἡ
3301 1821 3555 1894 παρακοὴ
3576 1860 3591 1883 ,
3624 1821 3752 1890 ἥτις

2170 1909 2260 1962 τοῦ
2288 1910 2395 1981 (40)
2427 1904 2807 1981 εἶναιηρξατο.

2180 2200 2540 2257 ΜΕΘΟΔΙΟΥ
2593 2201 2693 2256 ΕΚ
2749 2200 3121 2324 ΤοὶέιῦἵξΡΙ
3186 2200 3326 2254 ΤΟΥ
3376 2198 3753 2254 ΑΥΤΕΞΟΥς

1622 2412 1962 2485 (Excerplum
1985 2410 2049 2464 R.
2078 2408 2143 2463 Ρ.
2171 2406 2444 2463 Sirmondi
2475 2404 2529 2460 S.
2557 2404 2639 2478 ,Ι

571 2534 742 2593 Homo
767 2536 911 2591 enim
936 2540 1259 2605 potestatem
1291 2534 1539 2605 accepit,
1573 2540 1634 2588 ut
1663 2550 1723 2590 se
1750 2534 1867 2605 ipse
1900 2530 2072 2587 servi-

492 2629 596 2684 tuti
634 2628 942 2690 addiceret,
971 2643 1083 2681 non
1136 2627 1389 2681 vincente
1448 2626 1779 2682 necessitate
1819 2632 2068 2690 naturae;

499 2734 674 2789 neque
698 2718 954 2773 facultate
976 2716 1276 2782 auferente,
1309 2718 1455 2788 quod
1483 2725 1599 2773 erat
1628 2718 1863 2783 melius;
1911 2715 2070 2785 cujus

496 2811 659 2867 etiam
696 2809 891 2878 gratia,
914 2808 1039 2863 dico
1081 2806 1253 2864 fuisse
1282 2823 1604 2864 concessam
1639 2828 1652 2863 :
1705 2817 1763 2863 ut
1806 2807 2068 2862 nimirum

499 2901 744 2955 accessio
772 2900 953 2970 aliqua
1004 2899 1163 2955 bonis
1194 2900 1469 2970 prioribus
1501 2900 1682 2966 fieret;
1717 2900 1861 2971 quod
1904 2901 1956 2956 ei
2001 2914 2066 2955 ex

2245 2523 2562 2593 Ἀνθρωπος
2592 2521 2700 2593 γὰρ
2733 2520 3065 2594 προσέλαϐεν
3101 2520 3371 2588 ἐξουσίαν,
3402 2522 3594 2577 ἐαυτὸν
3627 2525 3757 2579 δου-

2169 2614 2452 2686 λαγωγῶν,
2478 2613 2578 2668 οὐκ
2606 2613 2820 2687 ἀνάγκῃ
2843 2615 2941 2685 τῆς
2969 2613 3182 2683 φύσεως
3209 2614 3596 2687 κρατούμενος,
3624 2616 3758 2675 οὐδὲ

2168 2710 2267 2779 τῆς
2297 2707 2574 2777 δυνάμεως
2602 2706 2998 2779 ἀφαιρούμενος
3029 2705 3161 2780 (-51)l
3196 2708 3332 2780 ὅπερ
3367 2708 3515 2780 αὐτῷ
3564 2714 3759 2782 κρεῖτ-

2168 2817 2291 2855 τονο
2324 2796 2405 2854 -οὐ
2451 2800 2612 2853 ἓνεκα
2656 2799 2977 2871 κεχαρίσθαι
3030 2798 3201 2871 φημίο
3247 2800 3332 2853 ἵνα
3373 2818 3423 2854 τι
3464 2800 3628 2855 πλέον
3673 2796 3759 2858 ὧν

2170 2893 2283 2964 ἔχει
2317 2891 2618 2966 προσλάϐῃ,
2658 2893 2794 2963 ὅπερ
2843 2890 2992 2962 αὐτῷ
3036 2891 3186 2962 παρὰ
3211 2890 3305 2944 τοῦ
3347 2893 3658 2964 κρείττονος
3684 2897 3758 2949 ἐκ

498 2991 806 3047 obcdientia
835 3006 867 3046 a
892 2991 1105 3049 meliori
1125 2991 1374 3057 accedit,
1403 2999 1534 3051 etut
1559 2992 1803 3048 debitum
1837 2990 2069 3061 exigitur

2176 2987 2272 3058 τῆς
2301 2986 2543 3058 ὑπακοῆς
2568 2985 2938 3057 προσγίνεται,
2966 2984 3060 3037 καὶ
3087 2984 3161 3048 ὡς
3190 2983 3406 3060 ὀφειλὴν
3433 2986 3758 3042 ἀπαιτεῖται

498 3083 570 3139 ab
597 3090 842 3140 auctore.
872 3081 991 3138 Non
1020 3083 1310 3139 enimdico
1341 3083 1511 3140 fuisse
1538 3094 1777 3140 creatum
1799 3084 2068 3139 hominem

497 3171 556 3226 in
595 3172 892 3238 interitum,
941 3171 1035 3227 sed
1061 3180 1281 3242 propter
1309 3174 1552 3230 meliora.
1608 3172 1744 3228 Nam
1793 3174 1839 3230 si
1892 3171 2070 3228 factus

496 3268 643 3317 esset
668 3261 812 3316 velut
858 3262 1076 3331 aliquod
1123 3262 1191 3317 de
1221 3263 1501 3319 elementis
1532 3263 1647 3319 sive
1702 3261 1827 3318 aliis
1875 3261 1956 3317 sic
1984 3261 2070 3319 in-

499 3363 717 3408 scnsatc
750 3352 1295 3420 servientibus.Deo,
1327 3371 1439 3410 non
1488 3355 1601 3425 jam
1654 3356 1931 3426 proposito
1979 3352 2067 3408 di-

498 3461 658 3517 gnam
686 3445 987 3501 mercedem
1018 3446 1312 3516 reciperet;
1359 3448 1452 3504 sed
1485 3456 1630 3504 esset
1660 3449 1802 3504 velut
1829 3448 2070 3513 auctoris

499 3539 944 3602 instrumentum,
974 3537 1151 3595 aliene
1183 3554 1213 3592 a
1251 3539 1482 3604 ratione,
1510 3541 1582 3596 ob
1606 3540 1747 3606 male
1778 3548 1930 3610 gesta
1981 3554 2070 3594 re-

497 3630 847 3700 prehensioni
890 3631 1182 3697 obnoxius.
1220 3630 1402 3702 Causa
1447 3632 1597 3688 enim
1650 3631 1848 3689 horum
1922 3641 2070 3688 esset

499 3730 680 3776 utens.
708 3723 823 3777 lmo
840 3738 1023 3793 neque
1051 3723 1197 3793 quod
1230 3732 1314 3779 est
1343 3724 1538 3781 melius
1571 3724 1733 3780 homo
1775 3738 2069 3795 cognosce-

497 3824 604 3881 ret,
627 3816 731 3872 nisi
764 3816 911 3872 illius
936 3818 1280 3888 cognovisset
1310 3825 1588 3874 auctorem
1608 3860 1624 3882 ,
1651 3818 1746 3875 sed
1776 3819 1908 3874 illud
1946 3827 2070 3876 tan-

501 3915 615 3959 tum
647 3904 716 3959 ad
737 3905 884 3977 quod
913 3922 1035 3963 esse
1062 3919 1224 3964 natus
1256 3917 1360 3965 est.
1393 3907 1573 3974 Quare
1605 3910 1747 3975 dico,
1778 3925 1903 3969 cum
1924 3909 2069 3967 Deus

500 3995 777 4052 hominem
802 3998 1071 4055 honorare
1103 4008 1157 4055 et
1179 4001 1321 4056 scire
1350 4017 1474 4057 eum
1501 4002 1728 4058 meliora
1755 4003 1949 4067 vellet,
1975 4004 2070 4059 de-

498 4087 580 4145 dit
619 4090 668 4144 ei
699 4097 1055 4159 potestatem,
1101 4108 1207 4162 qua
1246 4105 1428 4164 posset
1478 4094 1655 4152 facere
1699 4112 1820 4167 qum
1870 4098 2065 4164 vellet;

497 4182 728 4252 ejusque
759 4190 1081 4252 potestatem
1118 4184 1185 4238 ad
1220 4185 1446 4241 meliora
1474 4186 1742 4255 hortatur,
1773 4206 1882 4247 non
1923 4189 2069 4260 quod

499 4289 695 4329 rursus
728 4272 941 4327 auferat
977 4280 1297 4343 potestatem
1330 4276 1555 4331 liberam
1581 4295 1744 4348 quam
1776 4281 1949 4347 dedit,
1973 4280 2070 4335 sed

2175 3077 2323 3150 παρὰ
2365 3076 2458 3130 τοῦ
2507 3077 2888 3148 πεποιηκότος.
2925 3077 2999 3130 Οὐ
3041 3075 3149 3147 γὰρ
3183 3076 3275 3128 ἐπὶ
3310 3074 3477 3149 βλάϐῃ
3523 3078 3615 3132 τὸν
3650 3080 3757 3133 ἄν·

2175 3168 2388 3239 θρωπον
2431 3169 2709 3238 γεγονέναι
2749 3169 2917 3240 φημίο
2958 3168 3120 3222 ἕνεκα
3152 3168 3209 3222 δὲ
3252 3169 3360 3223 τῶν
3396 3171 3758 3241 κρειττόνων.

2174 3261 2236 3313 Εἰ
2257 3260 2364 3331 γάρ
2390 3261 2464 3324 ὡς
2497 3261 2554 3313 ἓν
2582 3279 2633 3314 τι
2657 3260 2848 3330 γέγονε
2879 3260 2987 3315 τῶν
3022 3261 3322 3331 στοιχείων,
3352 3261 3384 3332 ἢ
3415 3260 3523 3315 τῶν
3543 3260 3759 3333 δμοίως⁵

2172 3352 2526 3407 δουλευόντων
2554 3351 2694 3423 Θεῷ,
2726 3354 2827 3407 οὐκ
2858 3351 2936 3406 ἔτι
2969 3352 3157 3424 μισθὸν
3190 3353 3337 3420 ἄξιον
3365 3354 3465 3423 τῆς
3494 3356 3761 3429 προαιρέ-

2175 3463 2312 3510 σεως
2354 3445 2649 3516 λαμϐάνει·
2703 3445 2818 3499 ἀλλ’
2853 3444 3042 3517 ὥσπερ
3075 3446 3304 3517 ὄργανον
3343 3447 3405 3501 ἂν
3434 3443 3499 3520 ἦν
3528 3448 3620 3502 τοῦ
3654 3451 3759 3521 δη-

2176 3538 2458 3611 μιουργοῦ,
2498 3538 2596 3610 τὴν
2645 3538 2745 3609 ἐφ’,
2779 3533 2861 3602 οἷς
2898 3539 2961 3605 οὐ
3008 3537 3189 3602 καλῶς
3234 3539 3487 3612 ἔπραξεν,
3535 3541 3756 3611 ἀλόγως

2176 3633 2383 3705 μέμψιν
2412 3632 2720 3702 ὑπομένωνσ
2748 3631 2952 3685 τούτων
2986 3629 3095 3701 γὰρ
3121 3631 3291 3695 αἴτιος
3316 3631 3426 3705 (42)
3446 3627 3512 3704 ἦν
3538 3635 3567 3686 ὁ
3597 3633 3757 3704 χρώ-

2176 3743 2356 3799 μενος.
2405 3723 2542 3777 Ἀλλ’
2575 3722 2697 3776 οὐδὲ
2734 3721 2795 3776 τὸ
2840 3725 3084 3792 κρεῖττον
3135 3722 3416 3795 ἄνθρωπος
3456 3724 3755 3793 ἠπίστατο,

2177 3820 2251 3891 μὴ
2286 3818 2376 3873 τὸν
2418 3816 2586 3872 αἴτιον
2636 3814 2812 3878 εἰδὼς,
2856 3814 2970 3868 ἀλλ’
3019 3816 3193 3869 ἐκεῖνο
3247 3816 3406 3887 μόνον
3452 3818 3535 3880 εἰς
3577 3816 3607 3870 ὃ
3652 3818 3759 3871 πέ-

2174 3927 2343 3979 φυκεν
2375 3904 2533 3963 εἶναι.
2566 3908 2712 3978 Φημὶ
2742 3906 3029 3979 τοιγαροῦν
3062 3907 3155 3959 τὸν
3187 3906 3317 3960 Θεὸν
3349 3907 3489 3960 οὕτω
3530 3908 3619 3961 τὸν
3652 3908 3757 3963 ἄν·

2175 4001 2390 4072 θρωπον
2415 4000 2638 4071 τιμῆσαι
2670 3998 3119 4070 προαιρούμενον,
3159 3998 3250 4052 καὶ
3283 3998 3388 4052 τῶν
3421 4000 3755 4070 κρειττόνων

2173 4094 2508 4165 ἐπιστήμονα
2539 4090 2798 4159 γίνεσθαι,
2843 4091 2944 4162 τὴν
2983 4090 3227 4154 ἐξουσίαν
3268 4090 3416 4160 αὐτῷ
3444 4089 3535 4143 τοῦ
3579 4091 3753 4145 δύνα-

2175 4185 2296 4239 σθαι
2329 4188 2499 4239 ποιεῖν
2526 4184 2561 4239 ἂ
2594 4184 2861 4254 βούλεται,
2889 4182 3174 4238 δεδωκέναι
3196 4199 3209 4210 ·
3240 4182 3335 4237 καὶ
3366 4181 3460 4253 τὴν
3492 4180 3749 4245 ἐξουσίαν

2173 4278 2336 4331 αὐτοῦ
2366 4281 2445 4342 είς
2480 4281 2723 4349 κρεῖττον
2753 4280 3059 4348 παραινεῖν,
3093 4276 3191 4329 οὐκ
3215 4274 3608 4348 ἀφαιρούμενον
3643 4276 3752 4329 πά-

502 4373 763 4432 tanquam
801 4365 944 4433 quod
966 4364 1160 4422 melius
1184 4373 1287 4430 est,
1319 4368 1597 4425 declarare
1616 4370 1762 4425 velit.
1794 4370 1965 4425 Habet
1993 4371 2069 4425 si-

2176 4370 2255 4423 λιν
2282 4371 2373 4424 τὸν
2406 4369 2765 4435 αὐτεξούσιον,
2800 4370 2932 4423 ἀλλὰ
2971 4369 3069 4421 τὸν
3096 4371 3340 4440 κρεῖττον
3381 4366 3599 4438 μηνύειν
3648 4366 3750 4420 θέ-

503 4454 1122 4525 ιιυίιιριηιροιεειαιεῐη,
1167 4467 1222 4512 et
1266 4459 1580 4513 mandatum
1622 4462 1818 4530 accipit
1865 4479 1879 4516 :
1929 4461 2070 4527 Deus

501 4551 683 4613 autem
716 4539 991 4613 admonet,
1023 4556 1084 4602 nt
1113 4548 1296 4613 homo,
1328 4549 1680 4619 voluntatem,
1714 4567 1819 4621 qua
1869 4561 2067 4624 potest,

505 4636 561 4693 in
600 4634 802 4691 bonum
850 4633 1135 4708 inﬂuxerit.
1176 4637 1247 4692 [Jt
1274 4637 1444 4711 enim,
1476 4653 1598 4693 cum
1630 4646 1784 4709 pater
1818 4657 2066 4713 puerum,

502 4728 706 4798 alioqui
754 4727 1043 4784 habentem
1095 4730 1408 4786 facultatem
1449 4730 1516 4785 ad
1559 4722 1945 4802 perdiscendas
1985 4733 2068 4788 di-

504 4818 785 4889 sciplinas,
821 4826 876 4874 et
914 4821 1087 4891 magis
1129 4836 1319 4877 earum
1364 4822 1546 4878 studio
1594 4823 2067 4894 adhazrescendmn

503 4909 775 4976 hortatur,
803 4909 1089 4981 declarans
1133 4927 1256 4969 esse
1294 4912 1345 4969 ci
1394 4914 1447 4969 id
1476 4915 1703 4981 melius,
1755 4931 1866 4971 non
1893 4918 2070 4986 privat

501 5018 728 5073 puerum
778 5010 1047 5074 potestate
1070 5020 1233 5075 quam
1264 5005 1805 5077 habet;-quanquam
1831 5009 1878 5064 is
1932 5009 2069 5075 nolit

503 5095 679 5152 libens
705 5096 885 5152 dicere
913 5097 1026 5151 :ita
1051 5105 1105 5152 et
1132 5096 1323 5164 Deum,
1354 5115 1476 5154 cum
1521 5100 1793 5156 hominem
1821 5101 2069 5173 hortatur

505 5198 566 5242 ut
586 5188 857 5257 mandatis
892 5197 1102 5260 pareat.
1137 5189 1557 5263 haudquaquam
1608 5194 1845 5261 arbitror
1869 5196 2067 5250 volun-

420 5336 423 5337 ν
505 5278 636 5336 tatis
692 5287 1012 5350 potestatem
1040 5281 1273 5348 auferre,
1301 5299 1410 5355 qua
1443 5286 1490 5341 is
1518 5286 1692 5358 possit
1742 5288 1905 5343 etiam
1958 5303 2068 5343 nou

723 5452 891 5527 Ilapd
916 5452 1007 5527 td.
1032 5452 1119 5509 Al.
1150 5453 1303 5527 παρὰ
1332 5454 1447 5511 τοῦ.

530 5518 687 5591 ι-(ὅθ)
728 5518 845 5589 1·ὴᾶ-
887 5524 995 5578 τοῦ
1038 5528 1139 5582 ὑπ.
1194 5518 1638 5591 P'raamittendum
1687 5525 1919 5583 fortasse
1958 5525 2063 5580 διά.

507 5584 630 5642 Mox
675 5584 1022 5649 scribendum
1067 5595 1245 5650 αἰτίαν
1298 5587 1513 5670 μόνην,
1552 5600 1634 5655 vel
1695 5597 1864 5652 αἴτιον
1906 5596 2065 5652 δύνα-

508 5673 620 5733 μιν.

2174 4462 2349 4515 λοντα.
2376 4463 2448 4516 Τὸ
2479 4462 2574 4533 μὲν
2598 4462 2705 4535 γὰρ
2733 4460 2989 4515 δύνασθαι
3024 4460 3285 4533 πάρεστιν
3309 4459 3456 4530 αὐτῷ
3477 4476 3489 4488 ·
3519 4459 3615 4512 καὶ
3643 4459 3749 4532 τὴν

2175 4555 2391 4625 ἐντολὴν
2430 4553 2725 4624 λαμϐάνει·
2773 4553 2870 4624 τὴν
2902 4553 2959 4606 δὲ
2996 4552 3090 4607 τοῦ
3134 4551 3394 4627 δύνασθαι
3424 4550 3748 4622 προαίρεσιν

2174 4649 2254 4710 εἰς
2282 4647 2340 4701 τὸ
2363 4648 2605 4717 κρεῖττον
2635 4646 2854 4717 τρέπειν
2881 4646 2909 4697 ὁ
2940 4644 3070 4707 Θεὸς
3096 4646 3369 4714 παραινεῖ.
3398 4645 3609 4714 Ὠσπερ
3637 4647 3749 4715 γὰρ

2176 4736 2359 4809 πατὴρ
2395 4734 2541 4790 παιδὶ
2571 4739 2857 4807 παραινεῖ,
2891 4734 3139 4798 ἐξουσίαν
3172 4734 3348 4804 ἔχοντι
3383 4733 3748 4804 ἐκμανθάνειν

2172 4827 2240 4880 τὰ
2269 4828 2587 4899 μαθήματα,
2619 4828 2712 4880 καὶ
2759 4826 2956 4898 μᾶλλον
2984 4825 3201 4897 ἔχεσθαι
3228 4824 3337 4879 τῶν
3375 4824 3744 4895 μαθημάτων,

2172 4919 2275 4980 ὅτι,
2307 4921 2550 4988 κρεῖττον
2574 4915 2729 4970 τοῦτο
2755 4916 2994 4987 μηνύων,
3024 4916 3084 4968 οὐ
3109 4915 3206 4986 τὴν
3230 4914 3323 4968 τοῦ
3353 4914 3615 4969 δύνασθαι
3650 4914 3743 4973 τοῦ

2174 5007 2360 5072 παιδὸς
2402 5007 2648 5072 ἐξουσίαν
2693 5008 2933 5086 ἀφαιρεῖ,
2983 5007 3085 5062 κᾶν
3145 5008 3219 5079 μὴ
3256 5007 3397 5061 ἑκὼν
3454 5006 3746 5079 μανθάνειν

2174 5097 2455 5169 βούληταιο
2489 5097 2629 5151 οὐτω
2675 5114 2764 5167 μοι
2792 5097 2886 5150 καὶ
2924 5097 3011 5150 τὸν
3049 5096 3180 5150 Θεὸν
3215 5097 3276 5149 οὐ
3320 5097 3488 5162 δοκεῖ,
3516 5095 3747 5168 προτρέ-

2173 5205 2343 5241 ποντα
2374 5187 2463 5241 τδν
2501 5186 2784 5258 ἄνθρωπον
2812 5171 3112 5242 ἰπείθεσθαι
3149 5192 3261 5252 τοῖς
3302 5189 3741 5265 προστάγμασιν,

2171 5282 2422 5352 ἀφαιρεῖν
2467 5279 2629 5332 αὐτὸν
2672 5277 2771 5350 τὴν
2808 5278 3053 5346 ἐξουσίαν
3089 5281 3187 5352 τῆς
3231 5280 3602 5353 προαιρέσεως
3647 5279 3740 5333 τοῦ

2244 5458 2357 5527 (ιο)
2401 5457 2530 5512 Τοῦ.
2564 5458 2649 5513 ΔΙ.
2683 5459 2845 5513 αὐτοῦ

2403 5529 2871 5605 ᾈςεαιρούμβνος.
2912 5530 3091 5605 S_crib.
3128 5533 3557 5605 ἀφαιρουμένης.

2246 5530 2328 5589 (Η
2403 5529 2871 5599 Ἁφαιρούμενος.
2912 5530 3091 5585 Serib.
3128 5533 3437 5605 ἀφαιρουμὲ
3508 5551 3557 5599 ς.

2246 5529 2358 5669 (λεί
2404 5600 2631 5652 Τούτων
2663 5600 2772 5670 γᾴρ
2799 5601 2915 5655 alr.
2949 5600 3127 5658 Locus
3157 5602 3357 5659 citatur
3386 5621 3415 5658 a
3438 5551 3550 5661 var.
3587 5601 3733 5661 Tur-

2176 5669 2332 5726 riauo
2363 5670 2454 5725 lib.
2487 5685 2537 5724 ιν
2564 5669 2860 5742 ργοΕρεδι.
2894 5670 3076 5741 Pont.,
3099 5687 3217 5744 cap.
3243 5672 3299 5727 2.
