3962 6204
501 246 606 302 9.67

1471 241 1529 298 S.
1565 239 1899 299 ΜΕΤΗΟΒΠ
1935 239 2245 298 EPISCOPI
2281 239 2368 296 ET
2402 237 2758 298 MARTYRiS

3633 237 3736 294 268

503 368 714 436 primis,
772 365 864 420 Dei
922 366 1175 417 mandata
1229 361 1522 434 negligere,
1575 377 1638 417 ac
1688 361 1912 431 iustitia:
1951 378 2069 432 qua:

2182 378 2327 431 γεται
2385 360 2573 416 κακόν.
2625 357 2908 430 Βαρυτάτη
2959 357 3017 411 δὲ
3069 356 3238 429 βλάϐη
3288 356 3348 410 τδ
3399 354 3736 427 παρακοῦσαι

502 459 759 529 adjuncta
787 453 1026 510 libertati
1053 462 1156 520 est,
1181 453 1380 509 limites
1399 454 1695 525 praeterire.

572 634 633 690 ll.
664 633 797 688 Illud
820 647 948 688 vero
973 632 1085 702 jam
1119 640 1275 688 antea
1305 631 1642 702 disputatum
1668 639 1774 696 est,
1796 639 2068 688 monstra-

498 736 745 798 tumque,
797 727 1044 796 pelliceas
1079 727 1283 780 tunicas
1313 727 1354 792 ',
1385 724 1532 780 aliud
1565 741 1687 780 esse
1716 733 1911 796 praeter
1944 743 2068 780 cor-

498 835 650 892 pora.
711 817 818 876 Sed
880 819 1234 875 nihilominus
1295 819 1440 874 idem
1488 833 1707 874 rursum
1757 819 2065 890 (dicendum

495 917 638 971 enim
669 914 868 985 saepius
897 914 1000 986 est)
1027 913 1129 968 hoc
1150 913 1270 968 loco
1299 919 1626 983 repetamus.
1658 910 1873 968 Primus
1906 911 2068 984 igitur

495 1009 613 1090 ipse
662 1023 884 1079 parens,
945 1014 1236 1078 antequam
1283 1021 1362 1062 ea:
1409 1005 1605 1060 tunica:
1650 1016 2064 1073 consuerentur,

494 1114 620 1154 ossa
643 1115 702 1155 se
725 1108 779 1156 et
802 1113 1021 1154 carnem
1049 1098 1250 1152 habere
1277 1097 1601 1163 conﬁtetur;
1625 1113 1748 1152 cum
1780 1098 2064 1161 nimirum,

494 1190 814 1262 perductam
867 1188 936 1244 ad
990 1204 1112 1245 sese
1154 1189 1433 1244 mulierem
1497 1189 1914 1258 contemplatus,
1950 1187 2067 1243 Hoc

494 1299 632 1337 nunc
664 1301 746 1348 os,
775 1281 972 1352 inquit,
1009 1297 1074 1336 ea:
1096 1280 1300 1336 ossibus
1326 1282 1476 1343 meis,
1527 1290 1577 1334 et
1626 1297 1749 1334 caro
1801 1281 1865 1335 de
1912 1294 2068 1336 carne

494 1389 630 1428 mea.
667 1371 730 1428 Et
782 1387 1004 1426 rursum
1037 1391 1051 1426 :
1085 1371 1214 1426 Htec
1258 1372 1529 1426 vocabitur
1565 1372 1772 1437 mulier,
1819 1373 2066 1443 quoniam

495 1464 559 1520 de
586 1467 694 1519 viro
722 1474 932 1534 sumpta
975 1474 1074 1520 est.
1106 1463 1331 1534 Propter
1360 1464 1456 1520 hoc
1489 1463 1739 1534 relinquet
1776 1463 1928 1516 homo
1957 1479 2069 1532 pa-

495 1568 624 1613 trem
675 1573 828 1612 suum
873 1567 921 1611 et
964 1565 1206 1622 matrem,
1238 1567 1286 1610 et
1319 1555 1605 1610 adhaerebit
1642 1556 1798 1610 uxori
1825 1572 1934 1609 stuc
1968 1571 1986 1609 :
2016 1567 2067 1609 et

495 1661 643 1705 erunt
675 1651 778 1705 duo
813 1651 868 1704 in
901 1667 1110 1704 carnem
1131 1666 1291 1704 unam
1317 1649 1358 1701 ⁸.
1394 1647 1576 1719 Neque
1597 1648 1738 1703 enim
1761 1658 1940 1703 certos
1970 1647 2069 1701 ho-

2173 453 2328 520 Θεοῦ,
2357 456 2482 518 τοὺς
2503 455 2661 526 ὅρους
2679 453 2778 524 τῆς
2808 451 2948 506 κατὰ
2972 451 3033 505 τὸ
3060 449 3399 518 αὐτεξούσιον
3430 449 3737 520 ὑπερϐάντα

2172 545 2540 618 δικαιοσύνης.

2243 637 2320 690 B'.
2360 636 2740 709 Προηπόρηται
2773 635 2882 708 (49)
2899 635 2955 689 δὲ
2988 635 3113 708 ἤδη,
3139 635 3232 688 καὶ
3258 631 3571 703 ἀπεδείχθη,
3603 631 3738 698 τοὺς

2172 728 2560 798 δερματίνους
2585 727 2839 797 χιτῶνας
2875 728 2948 799 μὴ
2983 723 3118 781 εἶναι
3155 726 3224 780 τά
3262 724 3509 796 σώματα.
3553 725 3738 794 Ὅμως

2171 820 2228 874 δὲ
2257 819 2363 891 ,καὶ
2417 819 2577 874 πάλιν
2632 820 2721 890 (οὐ
2774 820 2884 892 γάρ
2943 819 3088 887 άπαξ
3135 818 3360 890 ῥητέον)
3421 817 3736 890 φράσωμεν.

2171 913 2343 976 Αύτὺς
2387 912 2492 985 πρὸ
2525 913 2622 984 τῆς
2657 912 2998 984 κατασκευῆς
3045 911 3220 966 αὐτῶν
3247 913 3276 964 ὁ
3319 909 3743 983 πρωτόπλαστος

2171 1004 2420 1076 ὁμολογεῖ
2461 1005 2556 1058 καὶ
2589 1006 2722 1058 ὀστᾶ
2749 1004 2890 1076 ἐχειν
2936 1003 3030 1058 καὶ
3073 1003 3301 1075 σάρκας,
3354 1002 3514 1056 ὁπότε
3544 1000 3608 1072 δὴ
3645 1000 3743 1072 τὴν

2169 1101 2406 1166 γυναῖκα
2445 1097 2592 1168 αὐτῷ
2619 1100 3016 1170 προσαχθεῖσαν
3039 1096 3392 1166 θεασάμενος,
3427 1093 3608 1148 Τοῦτο
3627 1091 3745 1146 νῦν

2171 1188 2416 1256 ὀστοῦν,
2455 1189 2753 1262 ἐφώνησεν,
2797 1189 2865 1243 ἐκ
2889 1187 3008 1243 τῶν
3043 1185 3240 1242 ὀστῶν
3265 1204 3406 1255 μου,
3459 1184 3557 1238 καὶ
3585 1183 3743 1253 σὰρξ

2171 1282 2239 1335 ἐκ
2276 1281 2386 1350 τῆς
2421 1283 2647 1350 σαρκός
2689 1297 2837 1352 μου*
2875 1281 2969 1333 καὶ
3012 1279 3204 1334 πάλιν
3244 1278 3404 1344 Αὕτη
3437 1276 3745 1344 κληθήσε-

2170 1389 2265 1428 ται
2289 1373 2464 1444 γυνὴ,
2495 1374 2582 1428 ὅτι
2604 1375 2673 1427 ἐκ
2696 1373 2800 1427 τοῦ
2829 1371 3050 1442 ἀνδρὸς
3073 1370 3260 1440 αὐτῆς
3283 1371 3537 1442 ἐλήφθη.
3573 1373 3747 1426 Ἕνε-

2172 1484 2279 1520 κεν
2325 1468 2540 1521 τούτου
2593 1466 2942 1535 καταλείψει
2991 1463 3298 1534 ἄνθρωπος
3356 1465 3462 1518 τὸν
3515 1463 3749 1534 πατέρα

2171 1558 2377 1623 αὐτοῦ,
2415 1559 2512 1613 καὶ
2560 1557 2674 1628 τὴν
2709 1557 2964 1629 μητέρα,
3002 1556 3101 1611 καὶ
3140 1556 3749 1627 προσκολληθήσεται

2170 1650 2247 1721 τῇ
2285 1652 2520 1722 γυναικὶ
2565 1651 2750 1707 αὐτοῦ
2787 1650 2926 1723 (5Ο)’
2983 1649 3081 1704 καὶ
3118 1650 3359 1703 ἔσονται
3405 1652 3456 1702 οἱ
3507 1649 3619 1703 δύο
3657 1653 3749 1716 είς

495 1745 666 1799 mines
714 1743 856 1798 ferre
910 1758 1171 1813 possum,
1227 1742 1320 1810 qui
1369 1741 1620 1796 consulto
1673 1747 1947 1810 nugantur
2005 1753 2069 1793 ac

2182 1743 2367 1813 σάρκα
2387 1745 2554 1814 μίαν.
2584 1744 2658 1797 Οὺ
2690 1743 2799 1816 γάρ
2827 1745 2891 1815 δὴ
2921 1742 3178 1813 ἀνέξομαι
3212 1741 3634 1813 φληναφούντων
3666 1759 3751 1794 τι-

495 1834 806 1906 Scripturas
857 1833 1331 1905 impudentissime
1377 1833 1725 1904 detorquent,
1750 1848 1858 1903 quo
1908 1847 2068 1886 suum

495 1930 600 1985 Illis
623 1928 691 1984 de
732 1929 1134 1984 resurrectione
1177 1927 1295 1983 sine
1340 1942 1505 1984 carne
1538 1927 1734 1998 dogma
1761 1925 2021 1997 procedat
2051 1944 2064 1979 :

494 2021 585 2079 ιιιιί
629 2021 770 2086 ideo,
805 2028 858 2076 et
912 2035 1040 2075 ossa
1090 2021 1336 2090 quaedam
1369 2019 1746 2090 intelligibilia.
1777 2025 1832 2074 et
1875 2033 2068 2074 carnes

495 2111 742 2168 similiter
774 2110 1140 2181 intelligibiles
1191 2109 1486 2166 commenti
1518 2117 1666 2173 sunt,
1703 2122 1768 2162 ac
1796 2107 1912 2162 suis
1933 2107 2068 2162 alie--

495 2205 656 2275 goriis
691 2203 828 2258 alias
868 2203 1025 2257 aliter
1075 2218 1294 2259 sursum
1347 2204 1712 2272 deorsumque
1759 2217 1882 2257 sese
1937 2215 2070 2256 con-

453 2305 730 2360 _vertunt.
771 2297 935 2367 Atqui
970 2296 1083 2350 hac
1122 2295 1347 2367 perinde
1393 2310 1457 2349 ac
1516 2295 1720 2364 scripta
1771 2302 1931 2358 sunt,
1975 2308 2070 2348 ac-

494 2389 741 2461 cipienda
791 2403 948 2455 esse,
1002 2389 1207 2444 Christi
1257 2387 1544 2444 conﬁrmat
1587 2385 1925 2452 auctoritas;
1973 2384 2067 2438 ubi

495 2482 954 2554 mterrogantibus
997 2479 1290 2536 Pharisaais
1339 2479 1406 2533 de
1437 2479 1625 2533 uxoris
1669 2476 1925 2540 divortio,
1980 2493 2070 2532 re-

495 2577 778 2650 spondet:
837 2575 961 2631 Non
1018 2576 1236 2647 legistis,
1297 2574 1422 2645 quia
1479 2573 1569 2643 qui
1627 2570 1752 2641 fecit
1807 2570 2067 2625 hominem

495 2673 557 2726 ab
609 2672 780 2737 initio,
827 2670 1122 2724 masculum
1159 2678 1208 2722 et
1243 2667 1493 2736 feminam
1535 2664 1655 2734 fecit
1704 2679 1790 2718 eos
1814 2664 1841 2720 2
1880 2665 1950 2716 Et
1983 2662 2069 2715 di-

496 2766 619 2818 xit:
659 2764 880 2834 Propter
927 2763 1023 2817 hoc
1071 2761 1324 2832 relinquet
1383 2758 1538 2812 homo
1587 2766 1792 2827 patrem
1849 2763 1899 2810 ct
1953 2770 2068 2808 ma-

494 2865 626 2912 trem
645 2859 690 2922 ⁹,
723 2867 828 2913 etc.

562 2950 649 3007 ιιι.
685 2950 792 3006 Sed
823 2958 876 3006 et
911 2948 1044 3004 illud
1079 2946 1362 3020 perspicue
1415 2941 1709 3000 absurdum
1765 2948 1886 3005 est,
1919 2939 2068 2995 arbi-

499 3044 624 3098 trari
649 3057 850 3113 corpus
883 3041 940 3095 in
967 3050 1169 3095 aeterna
1203 3039 1290 3092 illa
1321 3037 1432 3091 vita
1475 3037 1698 3091 minime
1729 3048 1854 3089 cum
1883 3031 2066 3086 anima

499 3136 759 3201 futurum,
790 3133 933 3204 quod
983 3132 1114 3186 illud
1154 3139 1411 3200 tanquam
1446 3128 1724 3184 vinculum
1757 3141 1821 3180 ac
1875 3123 2065 3195 pedica

501 3229 596 3295 sit;
631 3234 689 3281 ut
718 3241 805 3288 ne,
825 3225 981 3294 juxta
1014 3223 1160 3294 quod
1193 3223 1506 3292 Opinantur,
1545 3217 1894 3288 sempiternis
1937 3215 2062 3270 vin-

501 3319 634 3375 culis
666 3316 1031 3387 corruptionis
1054 3313 1257 3369 addicti
1281 3314 1580 3377 videamur,
1603 3311 1697 3382 qui
1733 3309 1790 3364 in
1809 3310 1949 3364 lucis
1971 3308 2065 3364 illo

502 3426 660 3483 regno
689 3411 862 3467 simus
885 3407 1205 3462 habitaturi.
1228 3406 1363 3461 Cum
1393 3406 1536 3461 enim
1561 3401 1774 3459 abunde
1799 3401 2066 3458 dissoluta

502 3519 556 3557 ac
585 3501 817 3558 refutata
870 3500 940 3558 sit
984 3499 1076 3553 illa
1106 3497 1394 3563 sententia,
1431 3512 1538 3568 qua
1565 3495 1761 3550 animae
1788 3493 2066 3548 vinculum

501 3612 716 3652 carnem
747 3610 866 3651 esse
893 3591 1251 3658 deﬁniebant;
1283 3591 1446 3646 etiam
1494 3588 1629 3643 illud
1671 3587 1908 3642 solutum
1947 3591 2062 3649 est,

501 3705 609 3747 tore
639 3698 698 3745 ut
731 3689 853 3746 ideo
885 3703 1015 3742 caro
1045 3701 1154 3742 non
1176 3691 1450 3755 resurgat,
1481 3698 1550 3738 ne
1583 3681 1630 3738 si
1684 3696 1805 3736 eam
1853 3694 2066 3734 resum-

501 3783 786 3854 pserimus,
817 3780 982 3837 vincti
1012 3786 1235 3851 propter
1260 3791 1381 3832 eam
1409 3775 1465 3830 in
1492 3788 1660 3844 regno
1690 3773 1784 3827 illo
1813 3771 1954 3826 lucis
1977 3769 2063 3824 fu-

501 3875 602 3932 .uri
631 3875 826 3930 simus.

560 3965 649 4020 Ν.
691 3967 860 4039 Igitur
889 3981 958 4019 ne
989 3962 1296 4019 immortale
1342 3959 1617 4034 quoddam
1665 3974 1729 4014 ac
1778 3958 2067 4030 sempiter-

500 4073 622 4114 .Ium
651 4059 853 4113 malum
891 4065 1034 4110 esset
1061 4055 1244 4121 homo,
1292 4061 1353 4110 ut
1391 4054 1504 4124 jam
1558 4052 1796 4107 diximus
1821 4091 1835 4116 ,
1867 4051 1922 4105 in
1957 4064 2067 4120 quo

501 4158 776 4221 peccatum
832 4147 1134 4219 potioribus
1183 4155 1442 4211 auctum,
1496 4144 1796 4200 dominium
1855 4143 2070 4198 obtine~

501 4252 576 4298 (et
607 4243 753 4314 (48);
781 4242 926 4296 velut
947 4240 1093 4310 quod
1123 4239 1416 4295 immortali
1445 4238 1500 4292 in
1531 4253 1760 4307 corpore
1803 4235 2070 4306 pullulas-

502 4343 594 4396 εει,
623 4341 676 4388 et
707 4332 998 4388 immortali
1027 4331 1252 4402 perinde
1295 4331 1552 4384 alimento
1604 4330 1857 4399 glisceret
1887 4346 1900 4381 :
1935 4341 2064 4396 pro-

2171 1840 2296 1903 νῶν,
2322 1841 2413 1894 καὶ
2444 1837 2774 1911 βιαζομένων
2807 1837 3337 1911 ἀπηρυθριασμένως
3369 1835 3464 1908 τὴν
3495 1835 3748 1908 Γραφὴν,

2169 1933 2256 1987 ἵνα
2298 1933 2480 1996 αὐτοῖς
2517 1931 2638 2003 δίχα
2665 1931 2862 2003 σαρκὸς
2888 1928 3023 1984 εἶναι
3054 1931 3386 2003 προχωρήσῃ
3413 1927 3523 1999 (51)
3552 1931 3584 2000 ἡ
3613 1929 3753 1982 ἀνά-

2171 2041 2379 2088 στασις,
2402 2023 2534 2076 ὀστᾶ
2554 2021 2742 2092 νοητὰ,
2765 2022 2858 2076 καὶ
2883 2022 3086 2092 σάρκας
3103 2020 3295 2092 νοητὰς
3316 2018 3749 2088 ὑποτιθεμένων,

2169 2115 2263 2169 καὶ
2318 2115 2507 2169 ἄλλοτε
2553 2113 2726 2178 ἄλλως
2773 2113 2884 2166 ἀνω
2929 2113 3023 2166 καὶ
3063 2111 3213 2164 κάτω
3257 2108 3752 2182 μεταϐαλλομένων

2171 2207 2538 2279 ἀλληγορίαις.
2572 2205 2681 2258 Καὶ
2702 2204 2869 2257 ταῦτα
2896 2201 3088 2265 οὕτως,
3112 2201 3186 2265 ὼς
3207 2200 3534 2272 γέγραπται,
3569 2217 3756 2271 παρα-

2167 2298 2558 2372 λαμϐάνεσθαι,
2585 2297 2939 2368 κρατύνοντος
2977 2293 3070 2348 τοῦ
3101 2291 3334 2366 Χριστοῦ
3373 2293 3469 2363 τὴν
3497 2291 3752 2363 Γραφὴν,

2167 2394 2296 2449 ἔνθα
2347 2391 2768 2463 πυνθανομένοις
2805 2391 2918 2453 τοῖς
2953 2388 3267 2460 Φαρισαίοις
3297 2385 3424 2456 περὶ
3456 2381 3753 2457 χωρισμοῦ

2167 2485 2424 2555 γυναικὸς
2455 2484 2840 2556 άποκρίνεται’
2881 2484 3003 2536 Οὐκ
3040 2479 3358 2550 ἀνέγνωτε,
3392 2477 3480 2531 ὅτι
3506 2478 3608 2531 ἀπ’
3636 2475 3754 2545 ἀρ-

2168 2575 2286 2646 χῆς
2307 2579 2340 2630 ὀ
2367 2575 2580 2641 κτίσας
2617 2575 2806 2643 ἄρσεν
2836 2573 2935 2628 καὶ
2964 2573 3122 2642 θῆλυ
3169 2571 3455 2637 ἐποίησεν
3482 2571 3754 2636 αὑτούς;

2169 2668 2280 2722 Καὶ
2320 2668 2490 2722 εἶπεν
2511 2683 2526 2699 ·
2571 2651 2814 2721 Ἕνεκεν
2856 2667 3070 2720 τούτου
3121 2663 3470 2732 καταλείψει
3519 2661 3754 2731 ἀνθρω-

2169 2779 2282 2828 πος
2307 2760 2412 2816 τὸν
2437 2758 2682 2830 πατέρα,
2705 2760 2801 2814 καὶ
2826 2760 2895 2814 τὰ
2921 2756 3067 2830 ἐξῆς.

2239 2940 2314 2993 Γν.
2358 2939 2590 2992 Ἀτοπον
2621 2937 2730 3008 (52)
2761 2936 2817 2990 δέ
2846 2936 3068 2990 κάκεῖνο
3097 2935 3409 3007 προφανῶς,
3440 2933 3502 2988 τὸ
3534 2933 3755 2990 οἴεσθαι

2168 3030 2229 3085 τὸ
2252 3029 2411 3102 σῶμα
2435 3031 2493 3084 ἐν
2513 3032 2578 3101 τῇ
2603 3031 2681 3092 είς
2701 3029 2899 3092 αἰῶνας
2919 3027 3160 3098 διαγωγῇ
3185 3025 3260 3098 μὴ
3285 3025 3607 3080 συνέσεσθαι
3631 3025 3754 3096 (55)

2165 3127 2232 3196 τῇ
2278 3123 2444 3194 ψυχῇ,
2489 3121 2576 3176 διὰ
2602 3121 2664 3174 τὸ
2705 3119 2901 3191 δεσμὸν
2938 3119 3070 3172 αὐτὸ
3120 3119 3214 3172 καὶ
3252 3117 3417 3181 πέδας
3445 3112 3620 3171 εἶναι*
3656 3118 3755 3172 ἵνα

2171 3215 2245 3288 μὴ
2271 3214 2477 3268 αἱώνιοι
2503 3210 2790 3283 γενώμεθα
2824 3211 3142 3290 κατάκριτοι
3169 3210 3463 3281 δεσμῶται,
3499 3211 3624 3264 κατ’
3652 3211 3759 3264 αὐ-

2165 3307 2312 3372 τοὺς,
2344 3305 2550 3378 φθορᾶς
2576 3304 2690 3376 (54)
2717 3305 2774 3358 ἐν
2793 3306 2859 3376 τῇ
2891 3302 3135 3374 βασιλεία
3156 3303 3248 3356 τοῦ
3275 3303 3450 3372 φωτὸς
3469 3303 3753 3374 ἐσόμενοι.

2165 3399 2473 3471 Λελυμένου
2507 3397 2614 3469 γάρ
2651 3396 2870 3459 ἱκανῶς,
2895 3396 2988 3448 καὶ
3011 3394 3415 3466 ἐξελεγχθέντος
3437 3396 3532 3450 τοῦ
3558 3396 3753 3466 λόγου,

2168 3493 2226 3545 ὲν
2263 3485 2308 3560 ᾧ
2343 3489 2540 3562 δεσμὸν
2568 3489 2666 3561 τῆς
2701 3487 2880 3558 ψυχῆς
2931 3484 3189 3558 ὡρίζοντο
3224 3482 3363 3540 εἶναι
3397 3486 3494 3559 τὴν
3541 3487 3752 3558 σάρκα,

2167 3583 2384 3638 λέλυται
2418 3582 2512 3636 καὶ
2538 3581 2619 3646 τὸ,
2655 3581 2741 3635 ἵνα
2772 3580 2846 3652 μὴ
2879 3579 3154 3652 δεσμῶται
3184 3580 3241 3632 ἐν
3271 3581 3337 3650 τῇ
3372 3577 3625 3650 βασιλείᾳ
3652 3578 3752 3631 τοῦ

2169 3676 2366 3748 φωτὸς,
2391 3675 2440 3728 εί
2462 3673 2821 3746 ἀπολάϐωμεν
2849 3673 2961 3745 (55)
2985 3671 3174 3744 αὐτὴν,
3197 3670 3453 3743 ἐσόμεθα,
3475 3670 3564 3724 διά
3591 3668 3754 3725 τοῦτο

2169 3770 2270 3824 οὐκ
2295 3768 2680 3840 ἀναστήσεται.

2237 3955 2310 4005 Δν.
2337 3952 2454 4006 ’Ὶνα
2477 3950 2654 4004 τοίνυν
2672 3947 2784 4022 (56)
2817 3946 2890 4020 μὴ
2991 3944 3160 4000 κακὸν
3193 3943 3455 3998 ἀθάνατον
3475 3943 3505 3995 ὁ
3531 3940 3753 4014 ἄνθρω-

2169 4061 2269 4110 πος
2295 4085 2310 4110 ,
2375 4043 2408 4115 ἢ
2471 4042 2696 4106 ἀείζωον
2721 4081 2736 4106 ,
2787 4041 2924 4112 ἔχων
2976 4041 3034 4092 ἐν
3081 4036 3258 4107 ἐαυτῷ
3313 4035 3410 4108 τὴν
3467 4037 3754 4108 ἁμαρτίαν

2170 4133 2646 4208 κρατιστεύουσαν,
2680 4132 2778 4186 ἆτε
2823 4133 2878 4186 ἐν
2919 4129 3169 4201 ἀθανάτῳ
3214 4128 3591 4200 βλαστήσασαν
3633 4123 3751 4178 σώ-

2171 4245 2324 4300 ματι,
2365 4227 2459 4281 καὶ
2496 4227 2759 4281 ἀθάνατον
2795 4225 3020 4296 ἔχουσαν
3051 4224 3276 4295 τροφὴν,
3321 4224 3349 4275 ὁ
3388 4219 3518 4281 Θεὸς
3572 4217 3750 4272 αὐτὸν

2168 4322 2255 4376 διά
2292 4320 2448 4375 τοῦτο
2487 4319 2676 4392 θνητὸν
2720 4318 3035 4388 ἀπεφήνατο
3081 4315 3362 4387 νεκρύτητι
3411 4308 3746 4383 περιϐαλών.

501 4432 676 4494 ριει-ειι
704 4423 989 4478 mortalem
1031 4423 1182 4478 illum
1217 4421 1357 4476 Deus
1379 4436 1501 4474 esse
1539 4420 1749 4483 voluit,
1801 4433 1866 4472 ac
1895 4423 2069 4472 morte

2182 4414 2342 4469 Γοῦτο
2373 4413 2483 4485 γὰρ
2514 4414 2562 4466 οἱ
2591 4411 2905 4484 δερμάτινοι
2948 4407 3172 4481 χιτῶνες
3209 4406 3484 4459 ἐϐούλοντο
3503 4444 3516 4468 ,
3556 4403 3648 4456 ἵνα
3679 4403 3748 4474 δὴ

503 4517 788 4572 Jamnavit.
823 4514 938 4570 Hoc
961 4517 1105 4571 enim
1137 4521 1364 4571 scorteze
1415 4513 1518 4566 illa:
1563 4505 1760 4566 tun'icze
1787 4511 2064 4581 signiﬁca-

502 4616 644 4674 oant,
681 4615 742 4664 ut
772 4607 1032 4663 nimirum
1077 4621 1306 4678 corpore
1334 4605 1600 4668 resoluto,
1631 4617 1792 4658 omne
1839 4618 1908 4657 ex
1955 4602 2064 4657 imo

2170 4508 2260 4562 διὰ
2289 4509 2388 4578 τῆς
2418 4505 2725 4569 ἀναλύσεως
2748 4504 2859 4575 (57)
2891 4502 2982 4557 τοῦ
3019 4500 3272 4573 σώματος
3305 4501 3338 4570 ἡ
3369 4499 3616 4571 ἁμαρτία
3643 4496 3748 4550 κά-

2169 4599 2342 4655 τωθεν
2387 4598 2764 4671 αὑτόπρεμνος
2805 4596 2951 4649 πᾶσα
2996 4591 3305 4663 διαφθαρῇ,
3340 4589 3414 4654 ὼς
3459 4589 3595 4660 μηδὲ
3643 4589 3752 4643 κᾶν

568 4779 587 4808 ⁷
619 4776 748 4832 Gen.
777 4791 862 4840 ιιι,
890 4773 980 4828 2i.
1057 4773 1078 4804 ⁸
1103 4769 1230 4826 Gen.
1268 4786 1328 4836 ιι,
1360 4767 1450 4832 2'5,
1473 4764 1563 4820 24.
1643 4766 1665 4796 ⁸
1689 4761 1886 4818 Matth.
1921 4777 2036 4824 xu,
2059 4759 2115 4828 4,
2151 4759 2204 4814 5.

568 4935 678 5007 (4.8)
714 4931 1030 5007 Potioribus_
1058 4939 1293 5007 auctum,
1335 4924 1624 5007 dominium
1658 4916 2062 5007 obtineretzl‘Sic

503 4988 676 5064 visum
700 5012 785 5061 est
807 5002 1167 5075 circumloqui
1187 4988 1768 5075 το,’κρατιστεύουσαν·
1796 4988 2067 5075 signiticat

501 5061 644 5135 enim
676 5091 873 5131 novam
909 5075 1055 5128 illam
1092 5061 1467 5129 excellentiam
1487 5066 1704 5135 peccati
1735 5063 1790 5115 in
1827 5061 2065 5125 homine,

501 5082 644 5135 enim
676 5091 873 5131 novam
909 5082 1055 5128 illam
1095 5082 1467 5129 excellentiam
1485 5082 1704 5189 Belica“
1735 5082 1790 5115 ιιι
1827 5082 2065 5125 nomine,

501 5166 564 5206 ex
597 5146 828 5218 subjecti
869 5143 1302 5218 immortalitate,
1349 5139 1456 5194 nisi
1531 5151 1629 5191 eus
1664 5135 1841 5204 ipsum
1877 5147 1907 5184 a
1936 5145 2066 5201 pec-

502 5229 643 5285 cato,
675 5216 848 5272 morte
875 5216 1206 5270 damnasset.

571 5273 702 5361 (till
723 5291 948 5361 Προηίτ.
988 5286 1179 5357 Epiph.
1211 5284 1340 5338 baer.
1369 5296 1426 5334 n.
1471 5277 1542 5332 25
1563 5317 1577 5342 ,
1611 5273 1826 5332 emend.
1860 5289 1924 5328 ex
1967 5287 2065 5326 au-

503 5356 1096 5429 tog‘r.’R.P.Sirm._’
1177 5427 1184 5429 _
1277 5424 1302 5429 _
1385 5423 1430 5429 η
1593 5421 1605 5429 ι
1727 5416 1753 5428 _

547 5416 684 5518 ’(59)
726 5428 802 5498 Τῇ
839 5427 1076 5498 γυναικὶ
1121 5424 1325 5481 αὑτοῦ.
1368 5423 1479 5488 AL,
1513 5421 1648 5492 πρὸς
1696 5416 1794 5488 τῆν
1835 5416 2066 5484 γυναῖκα

503 5517 684 5552 αυτου.

577 5579 591 5634 t
601 5571 688 5640 51)
707 5571 770 5621 Δί
774 5585 850 5637 χα
871 5568 1096 5640 σαρκὸς
1116 5563 1265 5640 εἶναι
1284 5562 1662 5640 προχωρήσῃ.
1684 5556 1828 5614 Edit.
1845 5554 2064 5628 Epiph.,

505 5635 680 5699 male,
697 5641 759 5708 δὴ
774 5635 985 5708 eam;
1007 5639 1089 5708 ¹μὴ
1112 5635 1247 5690 εἶναι
1275 5635 1639 5708 προχώρησις.

579 5697 691 5784 (δέ)
733 5697 928 5766 'Lizo'z.
969 5697 1052 5761 'rz'x
1079 5697 1280 5778 Epiph.
1319 5697 1475 5771 ibid,
1521 5697 1574 5757 i..
1611 5702 1698 5768 ιτ,
1743 5697 1955 5756 cmend.
2002 5712 2066 5751 ex

2170 4913 2330 4971 codd.
2363 4911 2550 4983 Rupit.
2589 4917 2643 4966 et
2674 4909 2840 4965 Sirm.

2244 4969 2784 5056 (557)72733750'80f0at.
2834 4977 2924 5034 Sic
2957 4977 3115 5056 edit._
3137 4977 3205 5032 At
3246 4973 3432 5046 Rupil'.
3467 4980 3523 5029 et
3555 4969 3746 5036 Sirm..

2178 5047 2542 5110 συνενοῦσθαι.
2576 5055 2766 5106 anima:
2796 5067 2898 5104 non
2924 5047 3229 5103 uniendum.

2247 5127 2359 5196 (54)
2390 5125 2526 5181 Κατ’
2548 5123 2791 5196 αὐτοὺς,
2826 5120 3068 5196 φθορᾶς.
3106 5121 3269 5196 lmpr.
3298 5116 3439 5170 κατὰ
3458 5114 3588 5178 τοὺς
3619 5113 3752 5184 φθοο

2178 5190 2825 5269 ρέας,’ροι“ιίιριθ.5ἰιίιι.,
2854 5192 2949 5269 καὶ
2980 5190 3187 5269 ταυτοί.

2243 5253 2354 5340 (55)
2384 5269 2453 5321 Et
2484 5253 2892 5332 ἀπολάϐωμεν.
2917 5263 3081 5332 lmpr.
3109 5268 3162 5315 et
3193 5258 3381 5324 Sirm.,
3413 5257 3480 5328 ἦν
3507 5253 3754 5325 ἀπολαμ-

2171 5339 2420 5410 δάνομεν.

2247 5393 2359 5482 (δῦ)
2398 5410 2522 5482 "I_ra
2549 5406 2697 5482 τρίν.
2734 5405 2812 5459 Ex
2845 5402 3038 5473 Epiph.
3074 5402 3199 5455 I.‘c.
3231 5415 3382 5482 num.
3407 5397 3499 5462 24,
3526 5393 3747 5451 emend.

2176 5497 2238 5538 ex
2257 5477 2394 5535 'cn'd.
2427 5477 2637 5546 Rupit,
2673 5477 2725 5529 in
2749 5491 2858 5544 quo
2883 5484 2937 5530 et
2963 5489 3084 5546 qua:
3113 5478 3434 5546 sequuntur:

2247 5551 2356 5623 (57)
2390 5535 2888 5623 Τῆς’ςὶιάλύάεως
2933 5535 3038 5599 τοῦ
3079 5535 3369 5613 σώματος.
3416 5538 3608 5609 lmpr.,
3653 5535 3754 5606 τῆς

2174 5618 2376 5687 λύσεως
2409 5619 2502 5676 καὶ
2533 5618 2859 5689 διαιρέσεως.
