3962 6204
203 280 293 337 2C9

1254 275 1346 331 EX
1385 273 1594 332 LIBRO
1631 274 1718 329 DE
1759 268 2366 330 RESURBECTIONE.
2399 267 2409 277 ’

3337 267 3442 325 270

203 401 519 478 βραχύτατον
543 399 703 473 ρἶης
724 400 952 472 ὲαθῆναι
980 401 1166 473 μέρος,
1194 399 1287 471 ἀφ’
1309 394 1370 454 οὗ
1392 399 1512 454 νέαι
1537 399 1760 470 βλάσται

1867 402 2149 466 peccatum
2185 393 2437 462 stirpitus
2468 398 2789 446 enecaretur
2813 429 2828 454 ,
2882 404 2945 444 ac
2990 403 3059 444 ne
3110 387 3446 444 tenuissima:

201 498 352 552 πάλιν
377 495 788 569 ἁμαρτημάτων
821 493 1247 560 ἀναϐλύζωνται.

259 676 328 728 E'.
367 671 634 742 Καθάπερ
661 670 797 742 (57⁸)
825 669 933 742 γὰρ
965 671 1024 724 ἐν
1055 670 1448 740 οἰκοδομήμασι
1480 668 1625 722 ναῶν
1661 686 1760 722 κα-

195 769 296 830 λοῖς
329 763 440 836 (58)
474 764 616 834 συκῆ
647 762 989 834 γεννηθεῖσα,
1020 763 1114 816 καῖ
1142 764 1221 825 είς
1256 761 1511 815 ἔκστασιν
1538 761 1633 814 καὶ
1666 761 1761 831 μέ-

188 857 336 926 γεθος
381 856 796 928 εὐτραφήσασα,
837 857 930 909 καὶ
979 855 1070 907 ἐπὶ
1120 855 1300 918 πάσας
1356 852 1454 917 τὰς
1498 852 1761 924 ἁρμονίας

188 949 618 1019 πολυκλημάτοις
643 948 824 1018 ῥίζαις
844 947 952 1001 τῶν
971 946 1132 1001 λίθων
1153 946 1446 1019 κεχυμένη,
1477 947 1538 1000 οὐ
1564 947 1761 1019 πρότε-

188 1059 277 1113 ρον
298 1040 388 1092 τοῦ
411 1039 567 1107 φύειν
593 1039 890 1104 στέλλεται,
913 1039 1016 1102 ἕως
1036 1041 1184 1092 πᾶσα
1205 1037 1553 1110 ἀποσπασθῇ,
1578 1037 1763 1092 λυθέν-

183 1147 283 1183 των
310 1130 419 1183 τῶν
453 1130 576 1183 καθ’
620 1129 715 1193 οὓς
746 1129 1044 1200 ἐϐλάστησε
1077 1130 1273 1194 τόπους
1300 1129 1408 1185 τῶν
1440 1131 1632 1184 λίθων·
1673 1131 1762 1184 δυ·-

183 1223 333 1276 νατὸν
363 1223 475 1292 γὰρ
497 1225 576 1286 είς
605 1222 730 1287 τοὺς
755 1222 962 1276 ἑαυτῶν
991 1223 1390 1296 ἐναρμοσθῆναι
1412 1225 1611 1288 τόπους
1638 1226 1762 1286 τοὺς

182 1315 375 1378 λίθους,
403 1316 504 1385 τῆς
536 1314 710 1384 συκῆς
739 1313 1118 1386 ἀφῃρημένης,
1145 1315 1292 1377 ὅπως
1315 1317 1343 1368 ὁ
1374 1315 1471 1386 μὲν
1499 1316 1625 1379 ναὸς
1657 1315 1762 1368 σώ-

181 1411 356 1480 ζηται,
380 1408 550 1480 μηδὲν
575 1408 682 1460 τῶν
709 1406 1080 1476 ἀφανιζόντων
1111 1407 1272 1461 αὑτὸν
1300 1408 1484 1462 κακῶν
1505 1409 1562 1461 ἐν
1587 1407 1764 1478 ἐαυτῷ

183 1505 376 1574 μηκέτι
407 1502 590 1571 φέρων
612 1539 626 1563 ,
647 1503 680 1571 ἡ
715 1499 770 1551 δὲ
796 1500 937 1570 συκῆ
965 1500 1329 1570 πρώέλυμνος
1353 1499 1762 1554 ἀποσπασθεῖσα

181 1596 456 1667 ἀποθάνῃ·
495 1594 635 1647 κατά
667 1591 840 1646 ταῦτα
866 1593 960 1647 καὶ
986 1596 1014 1646 ὁ
1037 1593 1169 1654 Θεὸς
1187 1594 1218 1645 ὁ
1245 1593 1491 1664 τεχνίτης
1517 1593 1609 1645 τὸν
1638 1595 1763 1645 ἐαυ-

179 1687 433 1762 animi),
480 1686 572 1738 τὸν
623 1685 930 1755 ἄνθρωπον.
975 1684 1131 1756 δίκην
1181 1685 1378 1756 ἀγρίας
1427 1684 1618 1754 συκῆς,
1661 1684 1761 1753 τὴν

178 1777 454 1848 ἁμαρτίαν
486 1775 882 1844 βλαστήσαντα,
912 1771 1203 1826 διεκώλυσε
1232 1773 1461 1827 Θανάτου
1497 1772 1760 1844 προσκαί-
1793 1766 1832 1820 Β

181 1887 292 1940 pot;
324 1867 654 1939 προσϐολαῖς
675 1883 689 1896 ο
716 1864 1074 1931 ἀποκτείνων,
1100 1864 1238 1918 κατά
1264 1866 1326 1919 τὸ
1352 1866 1756 1938 γεγραμμένον,

179 1964 273 2015 καὶ
298 1960 581 2026 ζωοποιῶν
600 1977 614 1990 ⁸
646 1960 732 2013 ἴνα
761 1958 921 2012 πάλιν
957 1957 1066 2010 τῶν
1097 1958 1276 2011 αὐτῶν
1315 1961 1348 2030 ἡ
1383 1956 1521 2030 σὰρξ
1556 1958 1756 2030 μερῶν,

181 2055 318 2125 μετά
346 2055 409 2107 τὺ
435 2053 768 2124 ξηρανθῆναι
797 2052 890 2106 καὶ
917 2051 1208 2106 ἀποθανεῖν
1237 2050 1296 2104 τὸ
1329 2051 1650 2122 ἁμάρτημα,
1682 2051 1760 2103 δί-

179 2161 283 2215 κην
310 2142 890 2212 ἀνακαινοποιηθέντος
919 2140 1070 2205 ναοῦ,
1104 2140 1372 2204 ἀθάνατος
1400 2141 1494 2193 καὶ
1524 2141 1760 2211 ἀπήμων

178 2238 402 2309 ἐγερθῇ,
449 2235 646 2299 τελέως
693 2237 758 2288 ἐκ
794 2234 1008 2307 βάθρων
1055 2233 1396 2304 ἀπολομένης
1437 2233 1535 2303 τῆς
1576 2234 1759 2304 ἀμαρ-

176 2332 314 2394 τίας.
352 2329 567 2393 Ζῶντος
602 2328 708 2400 γὰρ
747 2326 828 2380 ἔτι
868 2327 960 2380 τοῦ
995 2326 1265 2397 σώματος,
1301 2324 1408 2398 πρὸ
1445 2323 1538 2378 τοῦ
1570 2323 1760 2396 τεθνή-

178 2425 394 2492 ξασθαι,
434 2422 600 2494 συζῇν
633 2422 846 2493 ἀνάγκη
880 2421 974 2474 καὶ
1005 2419 1102 2491 τὴν
1145 2418 1442 2491 ἁμαρτίαν,
1471 2417 1617 2471 ἔνδον
1662 2418 1760 2482 τὰς

177 2518 334 2587 ῥίζας
360 2515 534 2585 αὐτῆς
567 2515 625 2567 ἐν
658 2515 791 2584 ἡμῖν
833 2511 1323 2584 ἀποκρύπτουσαν,
1364 2511 1412 2562 εί
1446 2509 1538 2560 καὶ
1563 2506 1758 2573 ἔξωθεν

175 2611 373 2679 τομαῖς
391 2611 512 2671 ταῖς
538 2606 646 2660 ἀπὸ
668 2605 776 2659 τῶν
801 2603 1192 2676 σωφρονισμῶν
1224 2601 1358 2672 (59),
1387 2599 1480 2653 καὶ
1503 2598 1610 2652 τῶν
1641 2615 1761 2652 νου-

180 2701 446 2772 θετήσεων
475 2697 844 2753 ἀνεστέλλετο.
892 2695 1044 2750 Ἐπεὶ
1075 2691 1168 2749 οὖν
1191 2695 1290 2747 οὐκ
1313 2692 1376 2747 ἂν
1403 2691 1542 2763 μετὰ
1562 2691 1621 2744 τὸ
1654 2709 1761 2760 φω-

178 2792 423 2864 τισθῆναι
472 2790 788 2844 συνέϐαινεν
826 2788 1052 2853 ἀδικεῖν,
1096 2787 1192 2840 ἅτε
1231 2787 1574 2840 παντάπασιν
1625 2785 1758 2838 εἰλι-

181 2884 372 2958 κρινῶς
395 2883 760 2956 ἀφῃρημένης
790 2881 883 2950 ἀφ’
917 2879 1074 2952 ἡμῶν
1106 2879 1207 2950 τῆς
1239 2878 1528 2950 ἁμαρτίας.
1561 2877 1676 2931 Νῦν
1701 2877 1760 2930 δέ

177 2981 263 3034 καὶ
300 2978 442 3051 μετά
473 2977 537 3031 τὺ
574 2975 892 3040 πιστεύσαι,
927 2975 1024 3026 καὶ
1052 2974 1144 3026 ἐπὶ
1175 2973 1236 3026 τὸ
1276 2972 1420 3044 ὕδωρ
1460 2971 1633 3025 ἐλθεῖν
1665 2970 1758 3025 τοῦ

182 3070 470 3142 ἁγιασμοῦ,
510 3068 768 3132 πολλάκις
789 3070 844 3120 ἐν
871 3065 1166 3138 ἁμαρτίαις
1190 3065 1344 3129 ὄντες
1365 3063 1756 3137 εὑρισκόμεθα.

181 3163 358 3223 οὐδεὶς
396 3162 512 3233 γάρ
539 3160 711 3224 οὕτως
737 3160 1012 3231 ἁμαρτίας
1046 3158 1203 3221 ἐκτὸς
1230 3154 1370 3212 εἶναι
1400 3159 1754 3229 καυχήσεται,

182 3254 246 3317 ὡς
269 3253 408 3326 μηδὲ
430 3253 540 3306 κᾶν
557 3251 925 3322 ἐνθυμηθῆναι
944 3250 1003 3302 τὸ
1021 3249 1234 3302 σύνολον
1250 3248 1385 3313 ὅλως
1405 3248 1500 3320 τὴν
1521 3248 1753 3302 ἀδικίαν.

185 3344 331 3396 Ὥστε
372 3342 695 3414 συμϐέϐηκε
726 3343 836 3414 (60)
873 3340 1256 3394 συστέλλεσθαι
1288 3341 1406 3408 μὲν,
1449 3341 1542 3393 καὶ
1565 3357 1759 3393 κατευ-

183 3436 430 3501 viis-seat
457 3437 528 3506 τῇ
559 3434 739 3490 πίστει
762 3433 858 3490 νῦν
876 3434 985 3505 τὴν
1012 3433 1308 3505 ἁμαρτίαν,
1343 3434 1423 3497 είς
1455 3432 1518 3486 τὸ
1551 3433 1624 3505 μὴ
1658 3431 1759 3503 φύ-

186 3543 262 3581 ut
296 3527 411 3597 (6|)
447 3526 698 3597 καρποὺς
741 3524 1114 3595 βλαϐοποιοὺς,
1149 3525 1209 3578 ού
1259 3523 1363 3596 μὴν
1410 3523 1760 3594 ἀνασπασθῆ-

185 3639 263 3674 ναι
312 3622 409 3675 καὶ
452 3619 565 3672 τῶν
606 3617 771 3690 ῥιζῶν
830 3618 1008 3690 ἄχρις.
1054 3617 1168 3671 Νῦν
1217 3617 1315 3688 μὲν
1375 3616 1607 3671 ἐνταῦθα
1660 3619 1760 3681 τὰς

189 3715 412 3783 βλάστας
451 3712 645 3779 αὐτῆς,
692 3706 802 3764 οἷον
844 3711 945 3774 τάς
989 3709 1318 3781 ἐνθυμήσεις
1371 3709 1469 3774 τάς
1494 3712 1755 3782 πονηρὰς,

193 3805 564 3874 συστέλλομεν,
609 3805 682 3874 μή
725 3821 810 3866 τις
845 3803 970 3873 ῥίζα
999 3803 1224 3875 πικρίας
1257 3802 1370 3856 ἀνω
1427 3802 1632 3872 φύουσα
1673 3806 1758 3856 ἐν-

192 3897 406 3970 οχλήσῃ,
455 3897 531 3967 μὴ
562 3896 758 3956 ἐῶντες
785 3894 1069 3965 ἀναμύειν,
1092 3896 1185 3948 καὶ
1218 3894 1546 3963 διοίγνυσθαι
1572 3895 1640 3948 τὰ
1665 3913 1784 3967 με·-

197 3990 394 4058 μυκότα
420 3989 620 4059 στόμια
651 3987 788 4058 πρὸς
829 3987 926 4052 τὰς
957 3989 1215 4058 ἐκφύσεις
1233 4005 1248 4018 ο
1293 3987 1390 4041 τοῦ
1416 3988 1572 4057 λόγου
1606 3989 1760 4058 δίκην

198 4081 370 4151 ὀξίνης
416 4079 556 4147 πρὸς
599 4080 697 4143 τὰς
745 4078 899 4150 ῥίζας
940 4079 1112 4150 αὐτῆς
1154 4080 1252 4142 τάς
1288 4080 1438 4134 κάτω
1487 4081 1761 4152 φυομένας

1861 487 2085 558 quidem
2115 486 2264 540 fibrae
2303 491 2669 546 remanerent,
2700 481 2846 537 unde
2877 495 3017 536 nova
3055 479 3291 536 subinde
3319 495 3444 551 ger-

1859 580 2010 634 mina
2046 586 2396 648 peccatorum
2438 586 2806 644 erumperent.

1933 670 2001 726 ν.
2049 670 2120 725 Ut
2149 670 2294 726 enim
2329 667 2635 740 magniﬁcis
2667 668 2992 738 templorum
3036 668 3327 724 structuris
3354 684 3446 724 ca-

1863 760 2089 830 priﬁcus
2119 775 2396 823 crescens,
2434 769 2598 828 atque
2625 759 2679 812 in
2713 758 3004 812 maximam
3027 759 3443 829 amplitudinem

1865 853 2206 920 adolescens,
2242 859 2296 908 et
2323 851 2719 921 multiplicibus
2769 851 3014 905 radicum
3068 852 3310 908 brachiis
3348 870 3443 924 per

1863 961 2056 1003 omnes
2081 946 2321 1017 lapidum
2353 943 2550 1001 diﬁ‘usa
2574 959 2886 1015 compages,
2917 961 3026 999 non
3057 947 3213 1016 prius
3257 963 3446 1003 excre-

1865 1055 2018 1094 scere
2053 1054 2118 1094 ac
2170 1039 2437 1108 pullulare
2495 1037 2715 1101 desinit,
2749 1053 2914 1108 quam
2964 1038 3210 1108 disjectis
3268 1056 3334 1094 ex
3381 1057 3447 1096 co

1865 1132 2009 1188 unde
2040 1143 2200 1187 enata
2239 1144 2324 1190 est
2380 1133 2500 1187 loco
2545 1133 2848 1202 lapidibus,
2870 1141 2984 1186 tota
3012 1134 3230 1203 penitus
3259 1135 3448 1190 evulsa

1865 1226 2122 1281 concidat
2153 1245 2165 1280 :
2205 1235 2320 1280 tum
2352 1226 2520 1294 enim,
2554 1227 2768 1281 sublata
2784 1226 3064 1296 capriﬁco,
3092 1227 3302 1296 lapides
3331 1229 3448 1283 suis

1866 1317 2002 1372 locis
2030 1324 2262 1387 possunt
2285 1318 2522 1380 restitui,
2563 1324 2621 1370 ut
2654 1324 2708 1372 et
2731 1318 2992 1388 templum
3017 1319 3195 1388 ipsum
3231 1319 3446 1374 incolu-

1865 1426 1951 1465 me
1979 1417 2248 1477 servetur,
2297 1425 2420 1464 cum
2455 1411 2664 1463 nullum
2718 1411 2952 1480 amplius
3009 1426 3075 1465 ex
3125 1412 3192 1466 iis
3249 1413 3449 1482 quibus

1865 1504 2232 1569 evertebatur,
2263 1503 2627 1557 incommodis
2652 1503 2879 1570 habeat;
2909 1504 3200 1574 capriﬁcus
3220 1522 3349 1561 vero
3380 1507 3450 1561 ab

1865 1598 1991 1653 imis
2031 1598 2313 1652 radicibus
2343 1599 2532 1653 evulsa
2564 1599 2873 1652 moriatur:
2907 1597 2975 1652 ad
3009 1599 3260 1654 eumdem
3289 1601 3451 1670 plane

1864 1689 2086 1744 modum
2117 1689 2308 1745 artifex
2343 1689 2434 1744 ille
2459 1688 2627 1753 Deus,
2653 1691 2916 1761 templum
2939 1706 3122 1754 suum,
3148 1692 3446 1756 hominem,

1862 1781 1954 1850 qui
1985 1789 2290 1851 peccatum,
2319 1780 2562 1852 capriﬁci
2620 1781 2907 1850 cujusdam
2953 1782 3147 1844 instar,
3175 1783 3453 1851 produxe-

1861 1883 1967 1939 rat,
2015 1875 2206 1928 mortis
2267 1873 2336 1927 ad
2389 1883 2602 1944 tempus
2658 1873 3054 1944 impressione,
3095 1875 3450 1931 fruticatione

1862 1966 2096 2020 inhibuit
2144 1965 2253 2035 (63)
2281 1985 2296 2017 :
2331 1970 2424 2035 qui
2446 1965 2600 2034 juxta
2629 1966 2775 2036 quod
2799 1967 3060 2035 scriptum
3095 1975 3178 2022 est
3202 1969 3266 2030 ιθ,
3299 1971 3449 2022 occi-

1861 2056 1954 2110 dat
1987 2064 2041 2110 et
2067 2056 2252 2109 vivere
2275 2055 2473 2110 faciat:
2503 2067 2562 2110 ut
2598 2057 2792 2110 iisdem
2826 2055 3072 2126 partibus
3090 2072 3241 2121 caro,
3268 2060 3449 2112 exsico

1861 2153 1985 2200 cato
2031 2145 2504 2214 intermortuoque
2530 2153 2775 2215 peccato,
2811 2145 2957 2200 velut
2985 2147 3240 2215 templum
3272 2147 3450 2216 quod-

1861 2237 1985 2292 dam
2013 2238 2399 2300 instauratum,
2436 2238 2761 2294 immortalis
2796 2239 3109 2310 illatsaque,
3166 2240 3384 2295 sublato
3415 2255 3446 2294 a

1862 2327 2231 2385 fundamentis
2295 2330 2692 2401 profligatoque
2770 2339 3034 2401 peccato,
3115 2343 3448 2402 resurgeret.

1860 2422 2072 2479 Etenim
2102 2422 2345 2494 quandiu
2376 2439 2576 2493 corpus
2620 2423 2773 2488 vivit,
2809 2438 2911 2478 nec
2957 2423 3135 2478 adhuc
3166 2437 3446 2481 mortuum

1860 2525 1975 2582 est,
2007 2531 2132 2570 cum
2161 2531 2228 2571 eo
2252 2517 2434 2572 vivere
2463 2525 2749 2586 peccatum
2803 2531 3028 2571 necesse
3085 2523 3204 2580 est,
3257 2527 3312 2572 et
3347 2533 3447 2572 oc-

1861 2607 2038 2660 cultas
2072 2607 2127 2660 in
2160 2607 2321 2662 nobis
2354 2606 2570 2663 radices
2602 2622 2797 2677 agere,
2833 2607 3187 2676 quantumvis
3215 2608 3442 2677 quibus-

1861 2697 1987 2752 dam
2014 2698 2164 2753 velut
2193 2698 2611 2768 castigationum
2661 2698 3257 2768 reprehensionumque
3285 2709 3446 2770 puta-

1859 2787 2100 2843 tionibus
2136 2795 2477 2842 coerceatur.
2535 2787 2788 2857 Alioquin
2815 2797 2938 2856 post
2964 2788 3290 2858 baptismum
3322 2790 3446 2843 nqu

1861 2880 1973 2934 lum
2005 2881 2118 2949 jam
2148 2881 2330 2935 scelus
2375 2887 2788 2950 perpetramus,
2838 2889 3193 2953 posteaquam
3254 2898 3448 2951 pecca-

1860 2980 1976 3027 tum
2006 2985 2038 3024 a
2065 2971 2228 3027 nobis
2267 2973 2516 3027 funditus
2559 2980 2704 3028 esset
2735 2971 3032 3027 sublatum.
3082 2972 3244 3043 Atqui
3279 2975 3446 3028 etiam

1859 3074 1982 3136 post
2003 3072 2312 3134 susceptam
2345 3065 2525 3129 ﬁdem,
2549 3081 2613 3119 ac
2653 3074 2940 3136 postquam
2974 3066 3040 3120 ad
3075 3081 3271 3135 aquam
3297 3066 3446 3137 illam

1861 3157 2297 3213 sanctiﬁcantem
2329 3159 2698 3225 accessimus,
2753 3161 2895 3229 saepe
2946 3159 3188 3229 peccatis
3223 3159 3444 3214 obnoxii

1863 3249 2194 3305 invenimur.
2231 3249 2419 3320 Neque
2451 3251 2596 3306 enim
2623 3251 2759 3306 adeo
2785 3268 2844 3307 se
2878 3252 3176 3308 immunem
3199 3252 3267 3306 ab
3295 3250 3444 3306 omni

1862 3347 2088 3412 peccato
2122 3340 2345 3412 gloriari
2372 3340 2642 3410 quispiam
2682 3349 2882 3410 potest,
2921 3353 2978 3396 ut
3006 3358 3075 3398 ne
3113 3344 3446 3413 cogitatione

1865 3433 2083 3505 quidem
2139 3433 2318 3489 scelus
2369 3433 2538 3487 ullum
2574 3415 2842 3486 admittat.
2875 3434 3056 3500 Quare
3113 3435 3345 3500 accidit,
3385 3443 3446 3489 ut

1865 3526 2028 3580 modo
2053 3524 2273 3596 quidem
2321 3533 2605 3595 peccatum
2659 3525 2766 3580 ﬁde
2803 3527 3132 3596 reprimatur
3163 3535 3216 3581 et
3245 3542 3446 3581 conso-

1864 3617 2066 3688 piatur,
2099 3625 2158 3671 ut
2183 3634 2252 3673 ne
2275 3618 2614 3688 perniciosos
2658 3617 2870 3672 fructus
2913 3618 3166 3683 emittat;
3207 3633 3317 3671 non
3363 3626 3445 3672 ta-

1866 3726 1988 3765 men
2007 3719 2065 3764 ut
2086 3712 2309 3767 omnino
2342 3726 2406 3766 ac
2435 3712 2701 3766 radicitus
2725 3711 3127 3781 exstinguatur.
3144 3710 3436 3776 Quocirca,

1864 3818 2010 3856 nunc
2037 3803 2256 3872 quidem
2290 3802 2436 3858 illius
2469 3803 2732 3874 germina,
2766 3818 2964 3873 pravas
3010 3802 3268 3856 nimirum
3298 3804 3446 3872 cogi—
3489 3789 3498 3796 ’

1862 3895 2116 3959 tationes,
2150 3895 2493 3963 inhibemus;
2526 3913 2588 3949 ne
2607 3913 2709 3968 qua
2739 3893 2899 3948 radix
2924 3893 3301 3947 amaritudinis
3329 3910 3446 3946 sur-

1862 4002 1979 4040 sum
2010 3987 2309 4056 germinans
2338 3987 2401 4052 “,
2431 3987 2738 4042 molestiam
2789 3986 2947 4041 nobis
2989 3985 3177 4040 afferat
3205 4001 3217 4036 :
3249 4000 3312 4039 ac
3342 4000 3444 4040 nec

1863 4088 2080 4150 apertas
2111 4079 2178 4133 ad
2219 4079 2595 4149 pullulandum
2646 4081 2761 4134 vias
2806 4095 2870 4133 ac
2907 4080 3239 4149 spiramenta
3277 4077 3434 4134 debi-

200 4173 493 4242 τέμνοντος.
530 4173 664 4226 Τότε
707 4172 803 4225 καὶ⁵
846 4172 906 4225 τὸ
947 4173 1082 4237 ὅλως
1127 4171 1599 4244 ἐνθυμηθήσεσθαι
1633 4173 1760 4244 περὶ

1865 4187 2018 4227 scere
2044 4187 2108 4226 ac
2133 4171 2378 4241 pateﬁeri
2429 4173 2662 4227 sinimus
2682 4212 2697 4235 ,
2738 4172 2924 4227 divino
2954 4171 3135 4227 Verbo
3160 4211 3177 4237 ,
3234 4173 3444 4228 securis

203 4266 381 4329 κακίας
407 4265 858 4336 ἀφανισθήσεται.

1865 4265 2059 4325 instar,
2094 4261 2418 4319 fruticantes
2463 4263 2756 4318 identidem
2810 4256 2878 4318 ab
2908 4262 3091 4318 radice
3120 4263 3320 4333 stirpes
3344 4278 3441 4317 εις

205 4358 418 4415 cidente.
449 4360 521 4412 At
561 4358 618 4412 in
651 4355 836 4411 futuro
862 4356 955 4410 illo
983 4362 1154 4421 statu,
1186 4356 1314 4409 mali
1339 4356 1518 4411 omnis
1543 4355 1630 4410 vel
1660 4354 1842 4408 futura
1872 4354 2139 4424 cogitatio
2178 4355 2422 4410 tolletur.

269 4450 350 4515 ς’.
386 4450 524 4522 Φέρε
555 4447 666 4520 (62)
702 4448 828 4519 γὰρ,
866 4448 1085 4501 ἐπειδὰν
1120 4447 1328 4500 πολλῶν
1360 4448 1439 4500 δεῖ
1468 4447 1576 4501 τῶν
1627 4448 1758 4518 περὶ

1931 4447 2022 4502 Vl.
2063 4448 2176 4519 Age
2203 4448 2373 4513 enim,
2401 4447 2658 4520 quoniam
2679 4447 2867 4504 multis
2891 4463 3073 4502 rerum
3104 4446 3445 4517 ejuscemodi.

207 4540 272 4593 τά
303 4543 517 4596 τοιαῦτα
559 4541 1034 4614 παραδειγμάτων,
1063 4539 1314 4594 ἐντεῦθεν
1346 4539 1486 4593 αύτά
1527 4539 1758 4610 μάλιστα

212 4635 576 4706 σκεπτώμεθα,
621 4633 696 4705 μὴ
745 4634 1102 4704 ἀφιστάμενοι
1145 4633 1273 4704 πρὶν
1308 4631 1374 4686 ἂν
1420 4634 1501 4695 είς
1546 4631 1762 4703 εύδηλο-

207 4724 359 4794 τέραν
399 4726 690 4799 ἑρμηνείαν
744 4725 1162 4796 ἀποτελευτήσει
1189 4725 1280 4778 καὶ
1310 4723 1580 4789 ἀπόδειξιν
1613 4725 1640 4776 ὁ
1671 4722 1761 4776 λό-

209 4829 317 4883 γος.
339 4818 575 4873 Φαίνεται
605 4819 783 4873 τοίνυν
807 4817 994 4890 ῶσπερ
1023 4816 1076 4870 εί
1106 4834 1188 4880 τις
1216 4816 1546 4888 δημιουργὸς
1571 4816 1758 4888 ἄκρος,

287 5013 328 5044 ¹⁸
345 5014 482 5071 Deut.
509 5032 687 5083 xxx",
722 5017 810 5073 59.
875 5018 916 5050 ¹¹
957 5015 1090 5073 Heb.
1118 5031 1218 5084 xu,
1253 5015 1307 5072 5.

283 5194 403 5269 (57⁸)
431 5200 654 5255 Καθάπ.
693 5199 771 5253 Ex
791 5197 1140 5269 Epiph.iha:t:.
1166 5213 1222 5251 ιι.
1245 5196 1334 5251 25.

282 5265 636 5340 (ξὸγΚαλοῖς.
670 5265 1067 5340 Εάίιη-κξιλῶν.
1095 5267 1324 5340 Ειῃιοι,
1356 5265 1755 5340 εὐτροφήσασα.

284 5337 383 5410 (ξεν)
410 5341 863 5410 Σωφρονισμῶν.
903 5340 1000 5394 Ms.
1037 5338 1245 5408 Rupif.,
1277 5337 1590 5410 συμφορῶν.

279 5407 378 5481 (ϐυ)
408 5407 765 5481 Συλλέἐϐηκὲ.
815 5410 981 5475 Edit.,
1009 5407 1324 5481 συνέστηκε.

221 5478 527 5551 ευνάζεσθαὶ,
551 5484 675 5536 cod.
715 5481 890 5551 Rup.._
908 5478 1273 5544 κατευνάζειν.

281 5549 379 5615 (61)
411 5555 617 5606 Mam.
647 5547 814 5615 Edit.,
842 5547 1002 5604 οίσαι.

281 5619 378 5690 (69.)
407 5622 568 5690 Φέρε,
605 5639 658 5674 κ.
688 5639 736 5675 τ.
772 5622 820 5674 λ.
849 5621 925 5673 Ex
960 5619 1151 5689 Epiph.
1191 5619 1363 5690 n.27.

283 5689 381 5758 {63)
411 5689 766 5746 Fruticatione
836 5690 1076 5744 inhibuit.
1105 5689 1428 5762 Διεκῶλυσε,
1448 5705 1645 5762 nempe
1666 5689 1758 5743 τοῦ

229 5753 525 5822 βλαστάνειν.
557 5764 680 5818 Alia
718 5762 875 5820 lectio
902 5762 1165 5833 Epiphan.
1203 5753 1596 5817 διέλυσεειὶοηί
1626 5777 1757 5817 con-

1405 5421 1473 5462 0x
1497 5423 1597 5478 pro
1626 5423 1760 5459 κατ-

1864 4540 2127 4610 exemplis
2153 4555 2292 4611 opus
2327 4548 2412 4596 est
2444 4539 2558 4613 (64)
2580 4581 2595 4608 ,
2639 4541 2772 4596 hinc
2800 4541 3145 4612 potissimum
3178 4543 3282 4596 ista
3313 4557 3448 4595 con-

1867 4633 2204 4700 sideremus;
2237 4650 2415 4706 neque
2462 4636 2614 4704 prius
2645 4635 2713 4690 ab
2742 4650 2808 4690 eo
2837 4642 3158 4706 argumento
3196 4634 3446 4689 disceda-

1869 4742 1993 4781 mus
2017 4767 2031 4790 ,
2071 4741 2234 4798 quam
2268 4727 2324 4782 in
2354 4727 2638 4782 clariorem
2669 4727 3088 4797 explicationem
3122 4741 3187 4779 ac
3244 4725 3443 4795 proba-

1868 4818 2069 4874 tionem
2119 4825 2308 4875 nostra
2354 4819 2576 4875 desierit
2615 4819 2810 4874 oratio.
2844 4818 3074 4874 Perinde
3121 4820 3283 4889 igitur
3306 4833 3443 4872 con-

1903 5193 2032 5248 ruit.

1866 5209 2053 5336 εΐῗθῖ)
2089 5263 2576 5336 ραοηὶαηιγιηιιιιῖε
2604 5281 2798 5336 rerum
2846 5263 3164 5336 ejuscemodi
3193 5264 3443 5333 exemplis

1869 5333 1997 5406 opus
2030 5333 2126 5388 est.
2176 5335 2433 5406 Ἐπειδὰν
2455 5333 2664 5388 πολλῶν
2694 5337 2774 5388 δεῖ
2808 5333 2916 5387 τῶν
2950 5337 3076 5406 περὶ
3113 5335 3180 5406 τὰ
3223 5336 3446 5391 τοιαῦτα

1868 5404 2349 5476 παραδειγμάτων.
2392 5404 2667 5461 Transitio
2700 5415 2784 5460 est
2821 5409 2889 5458 ab
2927 5404 3174 5474 exemplo
3200 5406 3444 5476 caprifici

1868 5486 1922 5533 et
1954 5477 2139 5546 templi
2172 5476 2239 5529 ad
2269 5477 2574 5546 exemplum
2609 5477 2808 5542 simile,
2841 5476 2956 5529 vitii
2985 5477 3254 5545 labisque,
3289 5485 3342 5532 et
3367 5482 3445 5532 si-

1866 5547 2132 5612 mulacri;
2174 5547 2231 5600 in
2261 5547 2461 5615 quibus
2491 5547 2758 5602 ambobus
2791 5547 3000 5601 destrui
3037 5554 3285 5615 oporteat
3312 5551 3415 5604 sub
3437 5557 3484 5584 ~'

1870 5618 2065 5684 iectum
2092 5618 2286 5672 iterum
2315 5618 2752 5680 instaurandum,
2776 5625 2834 5670 ut
2854 5625 3042 5685 pereat
3069 5619 3214 5686 quod
3245 5620 3442 5671 malum

1867 5689 2119 5742 accessit.
2146 5689 2261 5742 Non
2285 5688 2421 5742 satis
2449 5688 2662 5743 videtur
2692 5687 2998 5758 exprimere
3027 5690 3294 5756 interpres
3323 5688 3445 5758 Epi-

1865 5759 2047 5828 phanii
2079 5779 2091 5814 :
2123 5758 2385 5829 Quoniam
2417 5760 2595 5818 multis
2626 5759 2692 5814 ad
2726 5758 2779 5814 id
2809 5761 3062 5832 eaemplis
3089 5775 3213 5827 opus
3231 5768 3340 5818 ,εει
