3962 6204
548 306 649 361 971

1513 296 1572 355 S.
1615 294 1947 355 METHODII
1986 292 2297 352 EPISCOPI
2331 293 2421 350 ET
2460 291 2821 351 MARTYRIS

3686 294 3791 350 272

553 423 745 496 tigisse
773 420 906 477 mihi
943 418 1161 476 videtur
1182 458 1197 484 ,
1251 432 1335 477 ac,
1369 416 1416 473 si
1464 415 1830 487 peritissimus
1857 413 2126 484 quispiam

2247 409 2449 483 ίγαλμα
2480 409 2643 465 καλὸν
2670 409 2780 464 ἀπὸ
2813 409 3014 484 χρυσοῦ
3057 407 3171 482 (66)
3216 409 3721 481 κατεσκευασμένον
3757 412 3791 484 ἢ

550 517 745 574 artifex
772 513 1046 585 egregiam
1082 527 1151 569 ex
1173 525 1310 565 auro
1338 510 1423 567 vel
1452 510 1557 564 alia
1606 509 1837 566 materia
1884 518 2124 563 statuam

551 627 583 668 a
606 627 666 668 se
692 608 1033 671 fabricatam,
1063 620 1128 660 ac
1150 604 1411 661 membris
1436 602 1690 660 omnibus
1715 601 1985 658 concinne
2014 598 2114 655 ele-

545 714 845 777 ganterque
871 699 1214 771 perpolitam,
1249 698 1474 753 alteram
1504 693 1734 762 conﬁet;
1768 694 1861 753 ubi
1892 690 2125 748 subinde

548 812 582 851 a
641 792 979 865 nequissimo
1028 790 1212 860 aliquo
1268 789 1529 846 fmdatam
1585 785 1994 849 animadvertit,
2028 782 2125 854 qui

550 888 694 943 hanc
749 892 943 942 statuae
977 882 1439 955 pulchritudinem
1493 896 1605 953 pra:
1652 878 1856 937 invidia
1888 892 1999 932 non
2045 873 2125 930 fe-

546 996 698 1045 rens,
725 978 905 1034 labem
933 977 1195 1046 aliquam,
1219 974 1437 1029 inanem
1465 989 1534 1030 ex
1562 970 1767 1028 invidia
1791 969 2125 1039 voluptatem

548 1082 926 1145 percepturus,
972 1069 1238 1127 intulerit.
1272 1066 1657 1124 Animadverte
1702 1064 1870 1127 enim,
1908 1060 2126 1132 sapien-

548 1166 763 1223 tissime
788 1162 1147 1235 Aglaophon:
1198 1159 1256 1216 Si
1298 1159 1448 1216 nullo
1483 1172 1712 1231 prorsus
1745 1153 1909 1209 modo
1939 1152 2127 1209 volue-

549 1259 624 1315 rit
655 1256 853 1314 artifex
874 1255 1076 1312 habere
1103 1253 1446 1323 deturpatam
1486 1259 1722 1309 statuam
1771 1260 1936 1319 quam
1972 1250 2127 1298 tanto

552 1350 735 1409 studio
768 1347 1144 1421 elegantiaque
1169 1344 1491 1410 elaboravit,
1526 1357 1746 1397 rursum
1786 1340 1946 1410 plane
1967 1333 2128 1390 indu-

550 1451 636 1500 cet
664 1444 721 1497 in
754 1442 1018 1504 animum,
1050 1446 1110 1494 ut
1154 1438 1443 1495 conflatam
1500 1434 1648 1490 illam
1674 1474 1690 1498 ,
1738 1430 1919 1503 qualis
1965 1434 2127 1483 antea

549 1541 690 1599 erat,
713 1532 942 1588 reﬁciat.
977 1528 1135 1597 Quod
1183 1528 1232 1584 si
1257 1528 1485 1583 fundere
1511 1526 1713 1588 denuo,
1742 1530 1908 1592 atque
1936 1518 2006 1573 ab
2042 1516 2129 1572 in-

551 1635 707 1696 tegro
738 1623 1027 1680 restituere
1056 1628 1110 1679 et
1133 1621 1440 1677 instaurare
1467 1633 1578 1674 non
1604 1618 1812 1689 placeat
1843 1633 1856 1669 :
1893 1610 1989 1669 sed
2015 1623 2131 1664 me-

552 1721 744 1776 dicans
763 1725 977 1773 tantum
1006 1726 1059 1772 et
1078 1716 1379 1786 corrigens,
1410 1716 1485 1770 ita
1507 1714 1585 1770 uti
1613 1729 1672 1769 se
1716 1711 1919 1768 habet.
1962 1706 2130 1763 relin-

2231 500 2361 574 ὖλης
2400 502 2591 575 ἑτέρας
2633 500 2801 573 αὐτῷ,
2835 501 2929 555 καὶ
2970 502 3146 557 πάντα
3178 501 3246 555 τὰ
3288 501 3421 572 μέλη
3473 503 3794 575 συμμέτρως

2228 572 2527 689 εἰς’κάλλος
2557 596 3076 667 διακεκοσμημένον,
3104 594 3264 649 πάλιν
3287 593 3537 667 χωνεύοι⁹
3562 572 3795 668 λελωϐη-

2233 688 2391 760 μένον
2418 684 2572 757 ἄφνω
2602 688 2935 758 θεασάμενος
2962 686 3066 742 ὑπό
3085 703 3228 751 τινος
3248 684 3536 758 ἀνθρώπου
3570 704 3797 759 πονηρο-

2228 781 2414 845 τάτου,
2446 780 2506 845 ὃς
2541 781 2641 834 οὐκ
2679 779 2917 850 ἐνεγκὼν
2944 779 3049 833 ὑπὸ
3081 777 3378 850 βασκανίας
3409 777 3683 847 εὐπρεπὲς
3720 775 3798 832 εἷ-

2230 890 2318 929 ναι
2370 873 2431 926 τὸ
2467 871 2708 944 ἄγαλμα,
2762 873 2996 938 ὲσίνατο,
3051 870 3281 942 ματαίαν
3321 869 3511 941 ἡδονὴν
3556 871 3801 943 καρπού-

2234 982 2393 1037 μενος
2426 965 2537 1037 (67)
2575 966 2671 1019 τοῦ
2712 964 2925 1035 φθόνου.
2973 963 3215 1035 Πρόσχες
3248 961 3378 1034 γὰρ,
3424 958 3472 1017 ὧ
3523 962 3799 1032 σοφώτατε

2245 1053 2572 1124 Ἀγλαοφῶν,
2621 1054 2725 1119 ὅτι,
2768 1055 2817 1108 ει
2874 1053 3111 1126 βούλοιτο
3153 1052 3226 1124 μὴ
3264 1048 3404 1107 εἶναι
3444 1054 3801 1125 σεσινωμένον

2230 1145 2364 1210 ὅλως
2409 1148 2438 1201 ό
2481 1147 2807 1219 δημιουργὸς
2858 1149 2952 1204 καὶ
2998 1148 3194 1219 ψεκτὸν
3248 1148 3311 1202 τὸ
3358 1147 3497 1216 μετὰ
3532 1148 3801 1220 τοσαύτης

2228 1238 2379 1310 αὐτῷ
2416 1238 2652 1311 σπουδῆς
2691 1256 2751 1293 τε
2794 1240 2888 1293 καὶ
2934 1240 3210 1310 φροντίδος
3256 1239 3629 1310 πεπονημένον
3666 1239 3803 1312 (68),

2232 1331 2392 1385 πάλιν
2446 1333 2891 1404 προτραπήσεται
2947 1332 3328 1404 συγχωνεύσας
3387 1333 3539 1397 αὐτὸ,
3592 1331 3807 1387 τοιοῦτο

2233 1424 2427 1487 ποιεῖν,
2457 1416 2567 1477 οἷον
2602 1423 2694 1477 καὶ
2718 1422 2951 1495 πρόσθεν
2983 1419 3073 1495 ἦν.
3115 1425 3178 1477 Εἰ
3223 1422 3281 1476 δὲ
3328 1422 3404 1494 μὴ
3448 1423 3807 1494 ἀναχωνεύοι,

2235 1513 2369 1585 μηδὲ
2401 1513 2755 1578 άνασκευάζοι
2798 1513 2927 1584 (69),
2951 1515 3036 1585 (ἐᾷ
3081 1514 3140 1567 δὲ
3168 1513 3340 1578 οὓτως
3387 1513 3592 1585 μένειν)
3643 1514 3811 1587 θερα-

2234 1603 2413 1659 πεύων
2470 1605 2603 1659 αὐτὸ
2650 1606 2746 1660 καὶ
2787 1604 3274 1678 ἐπανορθούμενος,
3323 1605 3539 1679 ἀνάγκη
3580 1606 3667 1680 δὴ,
3703 1626 3813 1662 πυ-

2237 1697 2599 1770 ρακτούμενον
2629 1698 2722 1751 καὶ
2766 1697 3163 1769 χαλκευόμενον
3207 1696 3270 1751 τὸ
3313 1697 3551 1769 ἄγαλμα,
3604 1699 3814 1771 μηιώτι

552 1818 715 1883 quat;
749 1822 976 1865 necesse
1004 1814 1110 1871 est,
1135 1813 1195 1861 ut
1221 1784 1335 1876 igni
1362 1802 1682 1861 candefacta
1727 1810 1888 1871 atque
1912 1806 2027 1852 arte
2054 1794 2135 1849 fa-

2247 1791 2489 1847 Ξύνασθαι
2536 1791 2936 1864 διατηρηθῆναι
2981 1791 3045 1845 τὸ
3093 1791 3256 1856 αὐτὸ,
3308 1790 3443 1846 ἀλλὰ
3475 1791 3815 1864 διηλλαγμέ-

552 1903 681 1961 brili
706 1909 1003 1959 retractata
1030 1900 1260 1971 efﬁgies,
1293 1913 1403 1955 non
1453 1897 1568 1967 jam
1618 1893 1808 1949 eadem
1839 1902 2131 1946 conserve-

553 2005 665 2060 tur,
683 1993 780 2051 sed
807 2001 1141 2051 commutata
1163 2006 1228 2045 ac
1253 1989 1626 2046 subdistracta
1648 1992 1928 2056 appareat.
1951 1980 2133 2059 Quare

552 2089 600 2145 si
620 2088 941 2159 praeclarum
960 2094 1014 2142 et
1027 2083 1361 2141 omnislabis
1374 2095 1569 2151 expers
1588 2087 1760 2134 totum
1779 2075 2133 2133 simulacrum

552 2183 704 2248 velit,
732 2179 970 2251 confingi
1009 2177 1345 2246 conﬁarique
1378 2176 1575 2230 iterum
1616 2176 1860 2241 oportet;
1891 2174 1950 2221 ut
1975 2163 2135 2236 quid-

554 2273 689 2345 quid
718 2273 1108 2329 malevolorum
1134 2268 1326 2324 fraude
1347 2277 1510 2336 atque
1540 2263 1745 2321 invidia
1777 2254 2134 2329 turpitudinis

552 2382 623 2422 ac
648 2366 768 2421 vitii
804 2378 889 2422 est
921 2365 1148 2423 allatum
1173 2400 1189 2426 ,
1240 2357 1637 2416 instauratione
1693 2368 1760 2407 ac
1807 2348 2136 2407 conﬁatione

557 2460 785 2515 tollatur
806 2499 825 2527 ,
858 2457 1039 2528 ipsum
1066 2468 1197 2510 vero
1221 2452 1598 2513 simulacrum,
1630 2447 1686 2501 in
1723 2444 1911 2500 eadem
1944 2452 2136 2496 rursus

558 2552 743 2623 Specie
777 2550 1050 2620 integrum
1083 2554 1138 2602 et
1160 2545 1417 2608 illaesum,
1450 2541 1555 2596 sibi
1605 2552 1768 2609 quam
1798 2533 2137 2590 simillimum

558 2644 839 2699 reddatur.
864 2641 942 2695 lta
972 2642 1120 2696 enim
1143 2635 1431 2708 contingit,
1465 2648 1576 2689 non
1612 2640 1671 2689 ut
1696 2636 1899 2691 statua,
1930 2625 2000 2680 ab
2037 2639 2134 2681 eo-

558 2737 681 2792 dem
703 2737 823 2807 ipso
850 2733 1059 2789 artiﬁce
1089 2739 1298 2803 pereat,
1324 2728 1540 2784 tametsi
1573 2724 1694 2780 fusa
1721 2735 1916 2777 rursus
1957 2719 2138 2775 solva-

556 2839 650 2886 tur
672 2829 731 2884 in
763 2826 1069 2890 materiam,
1108 2822 1205 2880 sed
1240 2829 1299 2877 ut
1345 2821 1402 2875 in
1449 2820 1720 2889 integrum
1770 2813 2135 2869 restituatur:

558 2934 727 2993 utque
745 2921 896 2977 labes
911 2933 1101 2974 omnes
1118 2924 1172 2973 et
1198 2914 1464 2972 foeditates
1484 2917 1730 2982 pereant;
1754 2902 2021 2976 siquidem
2032 2901 2139 2958 illa

558 3014 963 3077 absumuntur;
994 3023 1110 3064 non
1148 3017 1208 3061 ut
1253 3007 1631 3060 instaurentur
1681 3008 1735 3054 et
1765 2995 2000 3064 amplius
2052 3005 2141 3046 re-

558 3105 724 3161 deant
751 3123 764 3159 :
797 3108 1084 3174 propterea
1112 3096 1258 3171 quod
1281 3098 1337 3151 in
1358 3093 1507 3149 omni
1526 3100 1641 3147 arte
1655 3085 2139 3161 praestantissimus

560 3195 745 3269 opifex
802 3209 913 3249 non
959 3206 1026 3248 eo
1059 3190 1321 3262 respiciat
1351 3197 1411 3240 ut
1441 3199 1603 3239 suum
1623 3196 1761 3251 opus
1788 3175 2143 3249 turpitudinis

561 3267 769 3359 aliquid
803 3286 888 3342 vel
935 3281 1255 3341 oﬁensionis
1307 3279 1533 3340 habeat,
1589 3274 1687 3331 sed
1744 3280 1805 3327 ut
1859 3267 2144 3341 aptissime

559 3381 904 3438 modulatum
936 3375 1249 3447 aﬁ‘abreque
1272 3372 1476 3427 factum
1500 3374 1680 3423 exeat.
1712 3364 1860 3421 Idem
1892 3363 2061 3431 igitur
2085 3359 2142 3415 in

561 3475 722 3530 nobis
753 3471 953 3528 fecise
979 3468 1116 3524 mihi
1160 3454 1307 3522 Deus
1349 3470 1405 3519 et
1454 3459 1868 3516 administrasse
1903 3453 2140 3510 videtur.

562 3566 700 3621 Cum
732 3564 878 3621 enim
910 3561 1208 3625 hominem,
1240 3553 1706 3626 elegantissimum
1751 3561 1891 3618 opus
1942 3559 2100 3601 suum
2122 3581 2142 3611 ,

564 3654 931 3715 fraudulentis
957 3652 1171 3708 artibus
1206 3657 1375 3718 atque
1403 3643 1610 3698 invidia
1642 3638 1978 3711 perspiceret
2004 3635 2145 3692 male

564 3752 833 3814 habitum,
854 3746 1020 3803 talem
1056 3757 1157 3815 pro
1186 3755 1287 3797 sua
1332 3736 1666 3806 benignitate
1708 3731 2019 3800 relinquere
2047 3742 2146 3783 no-

569 3846 695 3913 luit,
729 3858 800 3899 ne
828 3842 889 3896 in
920 3851 1140 3894 omnem
1172 3831 1532 3890 aeternitatem
1574 3824 1838 3883 infectum
1888 3821 2102 3876 macula
2126 3859 2142 3885 ,

565 3933 876 3993 immortale
905 3929 1040 3986 illud
1064 3940 1252 3985 secum
1301 3922 1594 3979 adveheret
1622 3917 1951 3990 vituperium
1969 3955 1986 3982 ,
2049 3913 2147 3972 sed

564 4031 624 4086 in
653 4027 939 4083 materiam
966 4021 1146 4077 denuo
1169 4016 1416 4082 resolvit,
1449 4020 1511 4069 ut
1538 4009 1805 4083 quidquid
1860 4010 1913 4064 in
1963 4022 2030 4064 eo
2065 4005 2149 4061 vi-

567 4122 774 4178 tiosum
802 4125 953 4183 erat,
984 4112 1376 4171 reformatione
1409 4112 1528 4179 ipsa
1559 4107 1706 4163 velut
1727 4105 2027 4175 eliquatum
2059 4107 2147 4157 at-

569 4227 679 4285 que
707 4209 1040 4267 exstinctum
1075 4203 1299 4274 periret.
1329 4199 1484 4266 Quod
1509 4199 1653 4254 enim
1686 4197 1798 4253 illic
1843 4203 1930 4252 est
1957 4201 2149 4250 statua

568 4302 857 4365 conflatio,
886 4298 1030 4354 idem
1057 4294 1153 4351 hic‘
1181 4307 1331 4349 mors
1358 4300 1479 4357 est,
1528 4289 1925 4358 dissolutioque
1952 4300 2143 4357 corpoo

572 4399 689 4452 ris:
727 4408 792 4449 ac
817 4390 963 4464 quod
994 4390 1107 4445 illic
1128 4397 1231 4453 est,
1259 4387 1456 4441 iterum
1493 4382 1825 4438 conformari
1867 4379 2150 4435 materiam

572 4496 737 4558 atque
758 4486 814 4539 in
841 4483 1133 4555 pristinum
1180 4479 1415 4534 nitorem
1448 4474 1698 4537 restitui,
1745 4471 1889 4526 idem
1920 4470 2011 4525 hic
2040 4476 2146 4533 est,

573 4589 698 4653 post
733 4583 967 4633 mortem
995 4585 1321 4643 resurgere:
1357 4565 1816 4638 quemadmodum
1863 4561 2027 4617 etiam
2069 4558 2155 4615 Je-

570 4673 779 4730 remias
804 4669 1069 4744 propheta
1110 4666 1213 4741 [ait
1238 4661 1485 4734 Iudaeis].
1520 4652 1611 4716 Sic
1641 4659 1786 4714 enim
1816 4665 1871 4712 et
1902 4656 1994 4711 ille
2037 4655 2153 4725 jam

574 4777 693 4824 tum
720 4767 802 4823 eis
825 4764 1112 4821 denuntiat
1157 4759 1496 4832 spondetque
1537 4754 1727 4809 dicens
1758 4771 1773 4807 :
1809 4749 1878 4805 Et
1909 4748 2153 4805 descendi

576 4865 635 4918 in
654 4865 869 4916 domum
897 4857 1081 4930 ﬁguli;
1125 4864 1174 4910 et
1202 4869 1317 4909 ecce
1347 4850 1437 4905 ille
1466 4846 1692 4917 faciebat
1734 4860 1859 4914 opus
1885 4856 2037 4910 super
2073 4840 2157 4896 la-

577 4954 787 5028 pidibus
820 4972 840 5010 .-
885 4961 936 5007 et
966 4946 1234 5004 intercidit
1267 4962 1358 5000 vas
1394 4942 1507 5013 (65)
1541 4939 1677 5011 quod
1704 4939 1815 5008 ipse
1847 4933 2071 5007 faciebat
2102 4935 2156 4988 in

813 5094 882 5180 Et
930 5090 1197 5180 intercidit
1244 5079 2157 5180 £798;etéﬁ€62=gllgiflfggnngifﬁ

580 5154 832 5224 Nobilius
862 5165 1060 5221 habere
1088 5164 1303 5234 aliquos
1334 5159 1549 5234 codices
1573 5175 1595 5234 :_
1613 5154 1795 5208 minus
1828 5163 2012 5234 tamen
2033 5157 2158 5234 apte

581 5220 827 5297 iiIi—eiii?
843 5220 1134 5306 exponere,
1180 5220 1417 5306 'cadendo
1464 5227 1915 5306 dissipatunrest.
1943 5220 2158 5306 ‘Melius

583 5287 1144 5377 aliiI'diidp—srum‘est',
1174 5319 1255 5377 ac
1292 5302 1451 5377 velut
1483 5287 1625 5377 inter
1667 5295 1868 5377 digitos
1906 5287 2157 5377 etnqu'asi

584 5359 914 5448 Eiiiﬁii’ixi
934 5359 1212 5448 ejusmodi
1234 5370 1642 5448 so_let,_dcllt_txit
1660 5359 2160 5448 ac'intercittl‘itli’eo

583 5431 991 5576 ἱξῗῖεζὲόιιιιίἶ
1007 5431 1012 5432 ί
1033 5431 1210 5503 reddit
1253 5431 1491 5514 simplex
1532 5439 1715 5505 ἔπεσε,
1758 5434 1906 5507 quod
1946 5431 2159 5488 smnia

695 5536 764 5575 en
796 5560 809 5573 .

626 5528 809 5576 abent.

656 5591 771 5661 (66)
814 5589 949 5646 Ἀπὸ
975 5607 1070 5659 χρ.
1106 5584 1411 5661 Εᾶίῐη-ὐπὸ
1440 5600 1529 5661 χρε

657 5645 773 5733 (67)
799 5645 1659 5733 ΚαρπόἶῦμενοςκὈοάεἶΒιῳη
1694 5645 2120 5733 καρποξόμενοςέ

661 5723 781 5799 (68)
805 5723 1144 5802 ΙιεῖτιξοινκῚιι.Δ
1164 5723 1355 5802 codex,
1376 5723 1784 5795 πεπονημένοςς
1818 5732 1995 5787 neque
2024 5728 2216 5802 praei.

591 5804 695 5862 fert
717 5797 1061 5874 subsequens
1090 5797 1241 5852 αὐτό.

2181 4515 2229 4572 D

2236 1902 2324 1941 vov
2364 1885 2473 1957 (70)
2508 1884 2724 1939 ἔσεσθαι
2771 1885 2867 1939 καὶ
2904 1884 3343 1955 ὑπεσπασμένον.
3384 1884 3483 1939 Διά
3531 1902 3711 1952 τουτο,
3760 1888 3816 1941 ει

2238 1976 2477 2049 βούλοιτο
2498 1976 2658 2032 καλὸν
2689 1976 2784 2033 καὶ
2813 1976 3044 2048 ἄμωμον
3076 1976 3196 2031 ὃλον
3229 1977 3358 2031 αὐτὸ
3386 1973 3545 2041 εἶναι,
3581 1976 3819 2034 ἀνςιρθλᾰςΙ

2240 2071 2363 2127 σθαι
2418 2072 2581 2137 αὐτὸ,
2631 2072 2724 2125 καὶ
2770 2070 3204 2141 ἀναχωνεύεσθαι
3254 2070 3360 2124 δεῖ·
3415 2071 3564 2134 ὅπως
3601 2072 3673 2126 τά
3712 2073 3816 2144 μὲν

2238 2162 2401 2236 αἴσχη
2442 2164 2537 2217 καὶ¹
2581 2163 2649 2216 τὰ
2701 2161 3050 2234 ἀλλοιώματα
3087 2164 3267 2218 πάντα
3307 2162 3377 2217 τὰ
3416 2163 3476 2230 ἐξ
3516 2163 3821 2236 ἐπιϐουλῆς

2238 2254 2386 2326 αὑτῴ
2419 2256 2514 2309 καὶ
2548 2254 2741 2325 φθόνου
2771 2254 3108 2328 ὑπάρξαντα,
3132 2255 3268 2309 αὐτά
3303 2256 3401 2327 μὲν
3429 2255 3519 2310 διὰ
3550 2257 3649 2328 τῆς
3681 2258 3821 2311 ἀνα-

2241 2348 2438 2418 σκευῆς
2479 2348 2574 2402 καὶ
2619 2347 3036 2419 άναχωνεύσεως
3071 2347 3387 2416 ἀπόληται·
3429 2347 3490 2401 τὸ
3528 2348 3589 2402 δὲ
3634 2351 3713 2414 εἰς
3755 2348 3824 2403 τὸ

2240 2439 2372 2493 αὐτὸ
2393 2437 2532 2503 εἶδος
2557 2439 2740 2500 ἀσινὲς
2764 2439 2859 2494 καὶ
2888 2439 3174 2511 ἀκίϐδηλον
3204 2434 3359 2504 αὖθις
3384 2438 3607 2510 ἄγαλμα
3633 2441 3823 2511 όμοιὲο

2239 2548 2403 2617 τατον
2457 2527 2648 2585 ἑαυτοῦ
2698 2528 3009 2602 κατασταθῇ
3064 2531 3156 2602 Τῷ
3211 2533 3308 2604 μὲν
3369 2533 3479 2603 γὰρ
3541 2532 3823 2604 ἀγάλματι

2239 2620 2535 2678 ἀπολέσθαι
2588 2622 2691 2675 οὐκ
2737 2622 2884 2676 ἐστιν
2912 2622 3018 2675 ὑπὸ
3077 2622 3154 2693 τῷ
3208 2622 3357 2694 αὐτῷ
3400 2622 3512 2693 (71)
3574 2623 3821 2699 τεχνίτῃ,

2242 2714 2343 2770 κᾶν
2367 2713 2525 2769 πάλιν
2558 2714 2637 2775 είς
2670 2711 2803 2782 ὓλην
2833 2713 2999 2783 χυθῇ·
3025 2712 3541 2785 ἀποκατασταθῆναι
3566 2713 3624 2766 δὲ
3662 2712 3824 2768 ἐστι·

2239 2813 2356 2872 τοῖς
2381 2807 2439 2860 δὲ
2481 2806 2694 2876 αἴσχεσι
2734 2806 2829 2860 καὶ⁵
2857 2794 3145 2877 λωόήμασι
3193 2805 3488 2861 ἀπολέσθαι
3543 2806 3643 2877 μὲν
3676 2806 3824 2874 ἐστι,

2242 2901 2498 2973 τήκονται
2525 2899 2634 2971 γάρ
2652 2915 2667 2930 ·
2695 2898 3207 2969 ἀποκατασταθῆναι
3233 2898 3291 2954 δὲ
3311 2901 3413 2953 οὐκ
3442 2898 3558 2952 ἐστι
3576 2915 3591 2930 ·
3626 2899 3717 2954 διὰ
3759 2901 3829 2955 τὸ

2244 2994 2303 3049 ἐν
2350 2992 2501 3064 πάσῃ
2531 2992 2694 3064 τέχνῃ
2736 2990 2826 3046 τὸν
2855 2992 3076 3062 ἄριστον
3106 2991 3435 3063 δημιουργὸν
3471 2992 3545 3063 μὴ
3579 2992 3716 3064 πρὸς
3762 2994 3829 3049 τὸ

2247 3085 2457 3156 αἴσχιον
2482 3086 2516 3157 ἢ
2544 3082 3067 3155 ἐπιτευχθησόμενον
3100 3084 3215 3154 (72)
3241 3085 3396 3156 όρᾷν,
3426 3083 3563 3138 ἀλλά
3593 3084 3730 3157 πρὸς
3764 3086 3830 3140 τὸ

2171 3151 2214 3209 C
2249 3151 2560 3251 σύ
2596 3175 2692 3230 καὶ
2718 3151 2876 3239 ε’θθὲς
2912 3151 3008 3231 τοῦ
3045 3151 3565 3247 δημιουρξουμένου.
3612 3151 3831 3231 ’ἑαυτὸν

2247 3272 2357 3344 γάρ
2396 3271 2643 3341 φαίνεται
2675 3268 2737 3340 δή
2773 3285 2861 3340 μοι
2892 3268 2987 3321 καὶ
3028 3270 3110 3339 ἐφ’
3146 3268 3302 3340 ἡμῶν
3328 3269 3359 3320 ό
3398 3266 3529 3330 Θεὸς
3565 3266 3831 3339 διῳκονο-

2252 3365 2502 3438 μηκέναι.
2538 3362 2641 3417 Τὸν
2672 3361 2782 3435 γὰρ
2808 3360 3115 3434 ἄνθρωπον,
3146 3361 3207 3415 τὸ
3233 3358 3679 3433 εὐπρεπέστατον
3705 3363 3834 3416 ἑαυ-

2247 3458 2342 3512 τοῦ
2367 3458 2632 3530 τέχνημα,
2669 3455 2964 3527 βασκάνοις
2999 3454 3312 3518 ἐπιϐουλαῖς
3342 3453 3539 3525 φθόνου
3574 3472 3834 3509 κεκακω-

2253 3552 2411 3625 μένον
2444 3550 2586 3619 ίδὼν,
2615 3552 2716 3606 οὐκ
2742 3549 3000 3621 ἠνέσχετο
3025 3547 3263 3602 τοιοῦτον
3297 3547 3618 3619 καταλεῖψαι
3648 3547 3835 3617 φιλᾶν⁴

2251 3645 2467 3717 θρωπος
2505 3644 2602 3709 ὢν,
2639 3645 2788 3708 ὅπως
2823 3642 2899 3715 μὴ
2927 3642 2993 3695 δι’
3036 3640 3231 3705 αἰῶνος
3273 3640 3359 3710 εἴη
3396 3641 3830 3712 μεμωμημένον,

2251 3738 2516 3792 ἀθάνατον
2559 3736 2698 3808 ἔχων
2738 3738 2795 3790 ὲν
2842 3733 3016 3806 ἑαυτῷ
3049 3735 3141 3789 τὸν
3183 3733 3348 3804 ψόγον
3364 3750 3379 3765 ο
3416 3733 3555 3787 ἀλλά
3585 3732 3833 3787 διέλυσεν

2251 3832 2331 3893 είς
2364 3829 2495 3902 ὓλην
2537 3828 2720 3893 πάλιν,
2753 3828 2840 3882 ἵνα
2870 3826 2958 3881 διὰ
2997 3825 3098 3896 τῆς
3146 3823 3498 3888 ἀναπλάσεως
3529 3823 3833 3890 ὲκτακῶσι,

2252 3924 2346 3979 καὶ
2373 3919 2771 3993 ἐξαφανισθῶσι
2807 3919 2985 3973 πάντα
3009 3918 3079 3971 τὰ
3108 3919 3168 3971 ὲν
3198 3916 3348 3989 αὐτῷ
3383 3918 3723 3989 μωμήματα.
3753 3914 3837 3971 Τὸ

2252 4012 2361 4087 γὰρ
2407 4015 2523 4067 ἐκεῖ
2563 4010 3001 4084 ἀναχωνευθῆναι
3051 4008 3141 4062 τὸν
3185 4006 3477 4079 ἀνδριάντα
3513 4005 3738 4073 τοῦτον,
3771 4005 3841 4061 τὸ

2253 4106 2486 4161 ἐνταῦθα
2519 4105 2810 4160 ἀποθανεῖν
2868 4103 2965 4159 καὶ
3008 4100 3327 4170 διαλυθῆναι
3362 4100 3421 4153 τὸ
3453 4099 3646 4170 σῶμα·
3679 4097 3745 4152 τὸ
3775 4098 3841 4153 δὲ

2253 4200 2371 4252 ἐκεῖ
2392 4196 2968 4271 ἀναμορφοποιηθῆναι
2995 4194 3107 4266 (75)
3127 4193 3224 4265 τὴν
3256 4191 3414 4264 ὕλην,
3438 4192 3470 4263 ἥ
3511 4192 3842 4261 ἀνακοσμο-

2256 4293 2564 4364 ποιηθῆναι,
2611 4290 2769 4344 τοῦτο
2816 4287 3048 4342 ἐνταῦθα
3091 4285 3252 4357 (μετὰ
3287 4284 3349 4338 τὸ
3397 4280 3707 4353 ἀποθανεῖν)
3767 4283 3842 4336 τὸ

2255 4385 2581 4457 ἀναστῆναι·
2616 4382 2806 4455 ὥσπερ
2844 4379 2938 4435 καὶ
2975 4382 3004 4433 ό
3039 4380 3326 4451 προφήτης
3364 4376 3649 4448 Ἱερεμίας.
3692 4375 3844 4429 Τού-

2256 4496 2369 4544 τοις
2398 4477 2507 4549 γὰρ
2549 4476 2647 4549 ἠδη
2688 4476 2784 4530 καὶ
2811 4474 2972 4538 αὐτὸς
2999 4465 3101 4527 ὧδε
3147 4470 3320 4527 ταῦτα
3361 4469 3683 4541 παρεγγυᾷ·
3719 4470 3837 4522 Καὶ

2257 4571 2533 4639 κατέϐην,
2559 4569 2755 4637 λέγων,
2783 4569 2872 4632 εὶς
2896 4564 3005 4619 τὸν
3032 4560 3201 4619 οἷκον
3221 4562 3329 4617 τοῦ
3362 4561 3664 4631 κεραμέως
3682 4576 3699 4591 ο
3734 4560 3836 4615 καὶ

2257 4663 2384 4719 ἰδοὺ
2416 4660 2594 4728 αὐτὸς
2628 4660 2816 4714 ἐποίει
2846 4658 3025 4727 ἔργον
3051 4656 3150 4710 ἐπὶ
3180 4654 3298 4709 τῶν
3331 4655 3549 4710 λίθων·
3587 4653 3690 4706 καὶ
3743 4652 3842 4705 ὄι-

2253 4758 2439 4813 ἐπεσε
2467 4755 2534 4811 τὸ
2569 4753 2837 4826 ἀγγεῖον,
2875 4752 2907 4806 ὅ
2940 4752 3125 4812 αὐτὸς
3161 4751 3347 4805 ἐποίει
3383 4750 3455 4803 ἐν
3474 4748 3603 4814 ταῖς
3622 4746 3844 4816 χερσὶν

2254 4851 2459 4907 αὑτοῦ·
2483 4849 2582 4905 καὶ
2605 4847 2789 4902 πάλιν
2815 4846 3102 4914 ἐποίησεν
3132 4842 3315 4910 αὐτὸς
3344 4841 3586 4912 ἀγγεῖον
3607 4841 3837 4909 ἕτερον,

2257 4942 2452 5009 καθὼς
2496 4940 2719 5011 ἤρεσεν
2744 4936 3002 4993 ἐνώπιον
3041 4934 3228 4991 αὐτοῦ
3264 4933 3371 4989 τοῦ
3413 4930 3667 5001 ποιῆσαι
3701 4931 3836 5002 (74).

2329 5075 2441 5147 (69)
2511 5069 2938 5147 Ἀτέασκευάζοι.
2991 5068 3156 5135 Editi,
3212 5066 3538 5138 ἀναγκάζω,
3594 5073 3652 5120 et
3713 5078 3838 5118 mox

2258 5145 2515 5203 omittunt
2541 5145 2734 5208 οὕτως.

2331 5217 2442 5284 (70)
2471 5207 2935 5284 Διηλλαγμένον.
2956 5210 3067 5284 7M3.
3092 5208 3258 5281 Rup.,
3283 5207 3666 5284 διηγαλμένοῑ.

2332 5276 2442 5360 (71)
2477 5276 2616 5360 *Ὑπὸ
2771 5285 2903 5339 αὐτ.
2955 5283 3146 5360 impr,
3181 5276 3543 5348 ”ιιιίιιε,”κατὰ
3589 5276 3671 5347 τῷ
3713 5276 3812 5330 αὐτ

2262 5353 2381 5416 Mox
2422 5353 2550 5414 ibid.
2578 5354 2733 5427 λυθῇ,
2763 5353 3039 5427 prolabi].

2335 5430 2444 5501 (7‘2)
2479 5421 2810 5501 _’Emret)zB.
2845 5421 3035 5501 serite
3064 5421 3353 5501 ἀποτευχθ.

2335 5441 2424 5501 (72
2489 5441 2810 5495 ἰ’πιτευχυ.
2845 5441 3035 5480 bcrtbc
3064 5441 3353 5491 αποτευχσ.

2334 5441 2453 5577 (73)Δ
2477 5499 2868 5577 Ἀναμορῇοπ.
2903 5496 3070 5565 Rup.,
3092 5489 3573 5566 ἀναμορφωθῆναι,
3590 5500 3649 5545 et
3676 5487 3851 5559 paulo

2180 5629 2184 5641 ,
2261 5567 2898 5646 ριιεῖ,-’άνακρσμηθ.ἧναι.

2271 5629 2284 5732 ἰ
2334 5629 2443 5728 (ῖὲί)
2481 5638 2590 5697 Τοῦ
2622 5629 2891 5708 acori-(dat.
2923 5635 3086 5707 Rnp.,
3121 5636 3312 5691 ποιεῖν.
3344 5630 3465 5688 Mox
3486 5645 3639 5698 vero,
3667 5629 3856 5683 ποιεῖν

2264 5732 2411 5786 υμιν.
2532 5738 2545 5748 ο
