3962 6204
250 299 353 355 273

1323 296 1414 353 EX
1454 293 1656 352 LIBRO
1699 294 1785 350 DE
1818 291 2433 352 BESURRECTIONEJ

3379 287 3484 343 ετι

252 416 361 470 Καὶ
385 416 613 485 ἐγένετο
638 414 823 485 λόγος
850 414 1071 484 Kvplov
1099 414 1249 483 πρὸς
1267 415 1365 485 μὲ,
1387 415 1598 485 λέγων’
1624 417 1687 469 Et
1715 432 1790 467 κα

1920 414 2158 467 manibus
2189 414 2342 478 suis;
2379 421 2428 465 et
2464 425 2671 463 rursum
2727 407 2882 478 ﬁnxit
2947 405 3036 460 ille
3082 423 3170 460 uas
3224 405 3478 468 alterum,

256 506 369 573 θὼς
392 510 425 561 δ
450 506 740 576 κεραμεὺς
770 502 949 573 οὗτος
976 508 1047 560 οὐ
1075 505 1410 576 δυνήσομαι
1437 507 1611 561 τοῦτο
1639 505 1812 574 ποιῆ-

255 616 357 654 σαι
393 598 562 669 ὑμᾶς,
593 593 762 665 οἶκος
800 596 1078 667 Ἰσραήλ’;
1119 598 1263 663 Ἰδοὺ
1293 599 1371 666 ὡς
1403 602 1437 654 ὁ
1477 600 1671 668 πηλὸς
1704 599 1811 655 τοῦ

254 689 539 760 κεραμέως
560 688 736 759 ὑμεῖς
764 689 913 745 ἐστε
942 691 1013 744 ἐν
1042 691 1171 759 ταῖς
1195 693 1370 762 χερσί
1390 710 1531 763 μου.

310 866 385 918 Ζ’.
419 862 663 935 Πρὸσχες
679 864 814 936 (η’)
838 864 945 938 γὰρ
972 866 1139 931 ὅπως,
1173 868 1246 931 ὡς
1265 866 1421 938 ἔφην,
1449 867 1586 939 μετὰ
1614 867 1674 922 τὸ
1707 887 1810 923 παι

247 955 580 1029 ραόἦναιτδν
595 956 903 1028 ἄνθρωπον,
928 961 961 1030 ἠ
987 958 1192 1030 μεγάλη
1223 960 1343 1032 χεὶρ
1373 962 1452 1025 είς
1480 964 1625 1025 νῖκος
1652 979 1813 1016 κατα-

244 1047 420 1119 teth
441 1050 501 1103 τὺ
528 1050 727 1122 ἑαυτῆς
754 1050 915 1123 ἔργον
942 1052 1042 1107 οὐκ
1069 1053 1331 1126 ηύδόκησε
1359 1055 1435 1119 ὡς
1463 1056 1712 1128 κίϐδηλον
1734 1057 1813 1131 τῷ

242 1138 460 1212 πονηρῷ
491 1140 691 1205 ἀδίκως
724 1142 861 1195 αὐτὸ
884 1143 1246 1217 λυμηναμὲνῳ
1263 1145 1552 1216 βασκάνοις
1575 1148 1774 1212 αἰτίαις
1793 1164 1807 1177 ·

238 1231 369 1286 ἀλλὰ
424 1231 697 1305 ἁνατήξας
750 1234 1037 1289 ἁνέδευσεν
1105 1231 1261 1300 αὖθις
1317 1239 1396 1303 είς
1451 1238 1621 1310 πηλὸν
1639 1280 1655 1305 ,
1723 1235 1812 1294 οἷα

237 1324 513 1397 κεραμεὺς
561 1325 730 1393 ἄγγος
780 1326 1111 1391 ἀνακλάσας,
1159 1328 1295 1401 πρὸς
1342 1330 1402 1383 τὸ
1449 1331 1809 1402 ἀφανισθῆναι

240 1416 332 1487 μὲν
371 1415 466 1469 διὰ
496 1416 597 1486 τῆς
640 1416 999 1482 ἀναπλάσεως
1047 1417 1224 1472 πάντα
1262 1418 1332 1473 τὰ
1379 1421 1437 1473 ὲν
1470 1420 1618 1492 αὐτῷ
1646 1423 1809 1494 αἴσχη

236 1508 323 1562 καὶ
356 1507 666 1579 θλάσματα,
702 1508 1000 1580 γενηθῆναι
1044 1509 1103 1563 δὲ
1142 1510 1203 1563 τὸ
1249 1511 1357 1565 πᾶν
1388 1512 1593 1568 ἄνωθεν
1632 1513 1810 1585 ἀμέμ-

232 1617 381 1664 πτως
395 1600 651 1672 ἀρεστόν.

1912 503 2354 574 quemadmodum
2383 503 2580 572 placuit
2627 500 2710 554 illi
2739 508 2794 552 ut
2824 499 3037 568 faceret.
3069 496 3135 551 Et
3172 496 3370 566 factum
3400 505 3480 550 est

1913 594 2118 649 verbum
2157 595 2369 648 Domini
2397 592 2466 648 ad
2521 609 2629 657 me,
2682 591 2894 645 dicens:
2924 590 3002 654 Si,
3041 586 3481 661 quemadmodum

1911 685 2103 755 ﬁgulus
2152 684 2269 746 iste,
2302 700 2403 737 non
2435 691 2611 752 potero
2642 698 2727 735 vos
2763 680 2936 750 facere
2959 718 2974 743 ,
3023 677 3207 731 domus
3265 675 3480 733 Israel?

1913 774 2065 839 Ecce,
2090 779 2225 832 sicut
2254 778 2421 830 lutum
2455 775 2606 845 ﬁguli
2642 790 2728 828 vos
2757 772 2882 827 estis
2898 770 2954 824 in
3003 768 3243 823 manibus
3265 768 3389 822 meis
3408 767 3475 823 ".

1980 866 2094 926 VII.
2128 866 2264 923 Illud
2294 868 2461 932 enim,
2486 866 2564 920 uti
2594 864 2860 930 dicebam,
2883 863 3041 918 velim
3069 859 3316 916 attendas
3345 878 3361 916 :
3392 865 3474 926 ut,

1911 970 2033 1033 post
2058 961 2296 1016 hominis
2327 959 2837 1029 transgressionem,
2874 952 3109 1009 noluerit
3152 953 3344 1024 ingens
3384 951 3477 1006 illa

1910 1068 2105 1108 manus
2152 1067 2291 1124 Opus
2339 1067 2499 1109 suum
2532 1059 2787 1120 tanquam
2828 1045 3216 1111 adulterinum,
3265 1043 3477 1099 nefario

1910 1142 1987 1196 illi
2024 1143 2115 1213 qui
2145 1158 2210 1197 ex
2240 1141 2443 1197 invidia
2478 1155 2573 1210 per
2612 1139 2867 1208 injuriam
2904 1137 3032 1191 illud
3082 1136 3360 1201 violasset,
3407 1133 3477 1189 ad

1908 1234 2190 1289 victoriam
2205 1248 2268 1288 ac
2285 1248 2385 1288 ceu
2407 1231 2683 1301 triumpho
2710 1229 2976 1301 agendum
3001 1226 3310 1297 relinquere
3324 1223 3435 1295 (80)
3456 1241 3473 1280 :

1909 1326 2003 1380 sed
2028 1340 2219 1380 rursus
2238 1326 2533 1395 eliquatum
2552 1322 2829 1393 subegerit
2857 1321 2910 1375 in
2938 1321 3134 1385 lutum,
3175 1333 3239 1373 ac
3263 1317 3310 1373 si
3344 1317 3479 1388 ligu-

1908 1419 1994 1472 Ius
2026 1434 2123 1474 vas
2161 1416 2490 1489 confringat,
2510 1424 2567 1470 ut
2598 1429 2737 1471 nova
2771 1413 3009 1475 tlctione,
3035 1410 3303 1482 quidquid
3334 1411 3477 1464 ineo

1910 1506 2170 1562 fmdatum
2216 1516 2304 1563 est
2349 1523 2413 1563 ac
2468 1506 2793 1562 contusione
2837 1502 3231 1566 deformatum,
3260 1502 3477 1572 penitus

1908 1600 2081 1661 tollat,
2111 1608 2394 1671 totumque
2423 1598 2724 1669 opiﬁcium,
2756 1604 2818 1651 ut
2853 1612 2883 1651 a
2910 1593 3201 1666 principio,
3244 1594 3480 1664 irreprc—

1908 1689 2177 1745 liensibile
2203 1699 2598 1760 acceptumque
2625 1687 2873 1743 exsistat.

296 1773 374 1825 H’.
398 1772 518 1827 Οὐκ
544 1773 775 1846 ἀρεστὸν
802 1774 913 1848 (75)
940 1776 996 1830 δὲ
1022 1777 1219 1842 ἐκεῖνο,
1241 1777 1303 1832 τὸ
1325 1777 1503 1848 λέγειν
1533 1780 1611 1843 είς
1638 1778 1793 1852 ἄρδηι

1976 1779 2112 1835 VIII.
2147 1779 2252 1835 Sed
2283 1796 2384 1835 nec
2424 1779 2556 1834 illud
2578 1792 2905 1849 magnopere
2933 1777 3126 1848 probo,
3168 1782 3229 1829 ut
3258 1774 3480 1829 univer-

227 1862 543 1918 ἀπολεῖσθαι
582 1865 644 1919 τὸ
676 1867 783 1919 πᾶν
801 1882 815 1897 ⁸
845 1867 939 1921 καὶ
966 1867 1094 1939 γῆν.
1127 1869 1219 1923 καὶ
1249 1868 1406 1943 ἀέρα,
1438 1870 1533 1925 καὶ
1558 1870 1803 1943 οὐρανὸν,

226 1956 303 2027 μὴ
330 1956 574 2012 ἔσεσθαι.
617 1959 1097 2033 Ἐκπυρωθήσεται
1126 1962 1224 2033 μὲν
1246 1962 1354 2034 γὰρ
1380 1963 1514 2036 πρὸς
1542 1963 1805 2037 κάθαρσιν

225 2045 317 2099 καὶ
356 2046 781 2118 ἁνακαινισμὸν,
840 2050 1157 2123 καταϐασίῳ
1188 2053 1296 2116 πᾶς
1328 2053 1357 2105 ὁ
1386 2052 1590 2124 κόσμος
1637 2071 1805 2108 κατα-

220 2135 553 2208 κλυζόμενος
582 2139 713 2209 πυρί
746 2138 888 2210 (76)·
918 2141 979 2193 ού
1008 2140 1112 2213 μὴν
1135 2143 1215 2206 είς
1236 2141 1508 2197 ἀπώλειαν
1529 2142 1804 2199 ἐλεύσεται

220 2229 460 2300 παντελῆ
504 2231 599 2283 καὶ
648 2230 874 2304 φθοράν.
920 2234 983 2287 Εἰ
1014 2233 1122 2306 γὰρ
1162 2237 1407 2307 κρεῖττον
1446 2236 1506 2290 τὸ
1543 2238 1617 2309 μὴ
1660 2238 1803 2293 εἶναι

215 2313 309 2377 τοῦ
335 2310 483 2370 εἶναι
509 2318 599 2371 τὸν
626 2319 849 2390 κόσμον,
879 2321 966 2375 διὰ
986 2322 1039 2374 τί
1062 2323 1124 2376 τὸ
1149 2327 1327 2396 χεῖρον
1353 2327 1536 2398 ᾑρεῖτο
1569 2330 1802 2400 ποιήσας

215 2404 305 2459 τὸν
352 2406 559 2477 κόσμον
590 2411 620 2462 ὁ
666 2410 828 2475 Θεόςς
880 2412 1016 2466 Ἀλλ’
1049 2415 1170 2468 οὐδὲ
1210 2417 1239 2469 ὁ
1294 2416 1425 2482 Θεὸς
1489 2421 1731 2491 ματαίως
1765 2421 1798 2493 ἢ
1836 2427 1843 2433 ’

214 2500 403 2568 χεῖρον
429 2500 602 2553 ἐποίει
628 2500 763 2572 (77).
782 2503 989 2558 Οὐκοῦν
1018 2507 1097 2571 είς
1122 2506 1183 2560 τὸ
1204 2503 1344 2563 εἶναι
1372 2510 1465 2564 καὶ
1497 2511 1676 2582 μένειν
1702 2513 1799 2586 τὴν

217 2589 395 2642 κτίσιν
427 2593 455 2643 ὁ
486 2590 623 2655 Θεὸς
650 2592 1049 2668 διεκοσμήσατο
1072 2638 1087 2663 ,
1133 2600 1383 2673 καθάπερ
1424 2604 1516 2657 καὶ
1558 2605 1591 2676 ἡ
1629 2606 1799 2675 Σοφία

215 2681 559 2754 συνίστησιν,
586 2686 825 2742 Ἕκτισε
851 2689 959 2758 γὰρ
995 2692 1083 2758 είς
1124 2692 1189 2746 τὸ
1212 2689 1393 2759 εἶναι,
1446 2694 1678 2765 λέγουσα
1724 2696 1798 2752 τὰ

211 2772 429 2839 πάντα,
458 2778 494 2830 ό
525 2778 697 2844 Θεόςο
724 2780 825 2834 καὶ
853 2780 1129 2851 σωτήριοι
1167 2787 1228 2838 at
1258 2786 1524 2856 γενέσεις
1556 2789 1661 2844 τοῦ
1698 2791 1799 2845 κό-

210 2877 367 2930 σμου
382 2881 397 2893 ·
418 2866 519 2919 καὶ
545 2868 656 2921 οὐκ
671 2868 843 2922 ἔστιν
862 2870 932 2924 ἐν
957 2872 1167 2939 αὐταῖς
1186 2874 1501 2944 φάρμακον
1521 2878 1790 2948 ὀλέθρου.

207 2955 314 3007 Καὶ
357 2957 390 3009 ὁ
436 2956 653 3022 Παῦλος
694 2960 750 3013 δὲ
788 2963 974 3033 σαφῶς
1022 2969 1306 3039 μαρτυρεῖ,
1341 2966 1545 3038 λέγων’
1591 2971 1660 3026 Ἡ
1683 2972 1794 3042 γὰρ

1906 1888 2027 1928 sum
2062 1873 2164 1929 hoc
2192 1872 2436 1928 funditus
2486 1872 2790 1943 periturum
2842 1870 3127 1935 dicamus;
3158 1882 3222 1922 ac
3250 1877 3473 1931 terram,

1905 1980 2195 2034 aeremque
2215 1972 2268 2019 et
2297 1964 2497 2019 caelum
2530 1961 2857 2033 quandoque
2885 1960 3153 2015 desitura.
3184 1957 3329 2013 Sane
3353 1958 3476 2029 qui.

1903 2056 2025 2112 dem
2054 2056 2292 2112 mundus
2323 2056 2411 2110 hic
2438 2065 2585 2110 totus
2614 2065 2674 2109 ut
2712 2053 2931 2125 purgari
2954 2053 3130 2123 possit
3171 2058 3226 2108 et
3264 2053 3477 2107 instau-

1901 2150 2035 2212 rari.
2066 2147 2468 2205 exundantibus
2507 2148 2574 2202 de
2603 2146 2744 2202 caelo
2776 2144 3033 2208 ﬂammis,
3059 2143 3313 2199 incendio
3341 2157 3476 2198 con-

1900 2238 2180 2316 Hagrabit;
2206 2259 2315 2299 non
2346 2250 2529 2298 tamen
2558 2240 2802 2297 interibit
2837 2255 2901 2296 ac
2933 2236 3314 2310 corrumpetur
3355 2253 3475 2293 om-

1899 2339 2051 2391 nino.
2090 2334 2302 2390 Etenim
2332 2334 2378 2390 si
2410 2334 2671 2389 mundum
2698 2348 2806 2386 non
2837 2346 2959 2386 esse
2986 2344 3149 2401 quam
3183 2344 3326 2395 esse,
3356 2342 3487 2385 mes

1898 2427 2005 2484 lius
2038 2437 2160 2495 est;
2192 2443 2291 2483 cur
2318 2427 2463 2498 quod
2488 2425 2730 2482 deterius
2753 2431 2857 2488 est,
2897 2423 3162 2478 mundum
3195 2421 3473 2477 fabrican-

1899 2518 1991 2587 do,
2022 2517 2166 2574 Deus
2197 2518 2463 2591 eligeret?
2493 2519 2562 2573 At
2588 2532 2766 2589 neque
2796 2515 2939 2571 Deus
2971 2515 3198 2581 frustra,
3218 2516 3302 2570 vel
3324 2512 3470 2584 quod

1899 2613 2140 2669 deterius
2183 2621 2287 2678 est,
2317 2628 2556 2685 unquam
2604 2616 2840 2666 crearet.
2874 2608 3237 2677 Quamobrem
3284 2616 3346 2662 ut
3378 2623 3470 2664 es-

1897 2711 2019 2760 sent
2049 2719 2113 2758 ac
2139 2712 2442 2765 manerent,
2479 2699 2731 2756 conditas
2776 2714 2807 2753 a
2857 2715 2914 2754 se
2952 2714 3042 2754 res
3075 2696 3222 2754 Deus
3258 2699 3470 2753 consti-

1896 2797 2034 2862 tuit;
2064 2793 2522 2866 quemadmodum
2572 2793 2738 2847 etiam
2797 2788 3076 2861 Sapientia
3139 2791 3337 2846 astruit
3382 2789 3469 2844 his

1894 2886 2076 2943 verbis
2102 2906 2115 2942 :
2143 2885 2351 2941 Creauit
2378 2886 2538 2949 enim,
2570 2892 2629 2937 ut
2661 2892 2833 2939 essent
2857 2884 3056 2951 omnia,
3092 2881 3266 2947 Deus;
3292 2892 3344 2937 et
3376 2900 3465 2936 sa-

1896 2978 2095 3033 lutares
2131 2989 2253 3033 sunt
2290 2977 2473 3032 mundi
2493 2976 2853 3048 generationes
2884 2992 2902 3029 :
2931 2984 2980 3030 et
3013 2991 3116 3029 non
3150 2985 3229 3030 est
3264 2976 3318 3028 in
3356 2973 3463 3029 illis

204 3047 663 3115 ἀποκαραδοκία
690 3051 800 3121 τῆς
828 3056 1082 3124 κτίσεως
1110 3056 1226 3127 τὴν
1251 3060 1641 3131 ἀποκάλυψιν
1675 3064 1793 3119 τῶν

204 3139 350 3167 -.Ῑλμ
372 3141 483 3167 ...2.
519 3141 667 3167 0--.":
692 3145 905 3167 1...--en1
960 3165 970 3167 _
992 3166 1050 3167 ,,,,
1139 3149 1216 3167 ηε*
1298 3152 1309 3167 ι
1584 3157 1595 3167 .
1769 3161 1782 3167 -

1897 3070 2328 3126 medicamentum
2346 3047 2643 3125 exterminii
2667 3067 2730 3121 “.
2761 3067 2861 3122 Cui
2884 3076 2937 3122 et
2958 3068 3243 3138 perspicue
3261 3066 3466 3123 Paulus

201 3141 350 3233 υίῷν
371 3141 483 3195 τοῦ
518 3141 667 3196 Θεοῦ
684 3145 1095 3233 ἀπεκδέχεται.
1138 3149 1216 3219 Τῇ
1246 3152 1357 3221 γὰρ
1377 3157 1722 3225 ματαιότητι
1751 3161 1788 3229 ἡ

1897 3161 2238 3231 astipulatur,
2271 3161 2344 3215 ita
2378 3161 2608 3230 loquens
2646 3176 2661 3214 :
2690 3156 2834 3212 Nam
2856 3160 3175 3228 exspectatio
3206 3169 3460 3213 creatura:

196 3232 404 3299 κτίσις
435 3233 728 3304 ὑπετάγη,
765 3239 879 3307 οὐχ
908 3232 1155 3306 ἑκοῦσα,
1186 3243 1348 3298 ἀλλὰ
1379 3245 1478 3300 διὰ
1510 3247 1616 3302 τὸν
1639 3252 1788 3304 ὐπο-

1897 3254 2258 3307 νειοίαιὶοηεηι
2294 3251 2529 3322 ﬁliorum
2569 3250 2667 3305 Dei
2709 3259 2994 3320 exspectat.
3046 3250 3285 3304 Vanitati
3322 3252 3463 3304 enim

195 3322 472 3389 τάξαντα
488 3326 585 3378 ἐπ’
617 3327 851 3383 ἐλπίδι·
881 3330 970 3386 ὅτι
998 3333 1095 3388 καί
1137 3335 1290 3405 αὐτὴ
1323 3339 1361 3407 ἡ
1398 3341 1595 3407 κτίσις
1621 3342 1790 3397 ἐλευ-

1897 3352 2133 3395 creatura
2171 3339 2406 3408 subjecta
2460 3348 2559 3404 est,
2602 3357 2704 3394 non
2733 3340 2930 3404 valens,
2966 3339 3055 3394 sed
3097 3351 3307 3411 propter
3341 3357 3475 3396 eum.

191 3415 608 3485 σερωθήσεται
649 3421 767 3475 ἀπὸ
814 3423 927 3492 τῆς
961 3424 1243 3496 δουλείας
1284 3429 1394 3500 τῆς
1435 3433 1658 3502 φθορᾶς
1700 3439 1786 3503 είς

1897 3432 1977 3501 qui
2002 3429 2224 3500 subjecit
2252 3447 2366 3483 eam
2392 3430 2447 3483 in
2469 3445 2557 3498 spe
2576 3446 2595 3484 :
2628 3430 2753 3499 quia
2781 3439 2831 3484 et
2856 3432 2973 3499 ipsa
2998 3440 3243 3485 creatura
3266 3431 3452 3487 libera-

186 3506 309 3576 τὴν
347 3510 711 3580 ἐλευθερίαν
737 3513 849 3583 τῆς
878 3515 1061 3587 δόξης
1085 3518 1204 3574 τῶν
1232 3520 1458 3577 τέκνων
1484 3526 1589 3581 τοῦ
1614 3530 1783 3584 Θεοῦ.

190 3598 275 3666 Τῇ
324 3599 441 3670 γὰρ
483 3605 835 3673 ματαιότητι
903 3609 943 3677 ἠ
988 3611 1199 3680 κτίσις
1251 3614 1539 3689 ὑπετάγη,
1591 3620 1773 3690 φησίν.

1887 3522 2030 3577 bitur
2061 3540 2093 3577 a
2141 3523 2389 3577 seruitute
2420 3522 2795 3592 corruptionis,
2839 3524 2895 3576 in
2939 3523 3237 3578 libertatem
3271 3526 3458 3596 gloritc

1885 3615 2120 3685 ﬁliorum
2146 3615 2243 3670 Dei
2274 3615 2338 3671 ¹⁸.
2372 3613 2609 3669 Vanitati
2641 3615 2799 3679 enim,
2834 3614 3030 3685 inquit,
3063 3624 3309 3670 creatura
3332 3617 3459 3671 sub-

194 3690 786 3781 Ἐλευθερωθήσεσθαι
826 3696 885 3750 δὲ
927 3699 1024 3769 τῆς
1054 3702 1308 3781 τοιαύτης
1340 3704 1582 3771 δουλείας
1624 3727 1785 3780 προσ-

1897 3706 2020 3761 lecta
2045 3707 2363 3775 est;abbac
2398 3722 2526 3761 vero
2559 3708 2823 3763 servitute
2850 3706 2940 3761 illa
2958 3715 3242 3777 exspectat
3260 3708 3455 3762 libera-

181 3780 347 3853 δοκᾷ,
417 3784 604 3839 κτίσιν
656 3787 746 3840 τὸν
802 3788 1014 3862 κόσμον
1066 3780 1253 3849 τοῦτον
1307 3795 1628 3869 βουλόμενος
1681 3819 1781 3871 κατ

184 3871 301 3924 ὶεῖν
338 3872 483 3943 (78).
522 3875 597 3927 Οὐ
631 3875 740 3945 γὰρ
777 3875 846 3930 τὰ
885 3877 959 3950 μὴ
990 3877 1297 3952 βλεπόμενα
1336 3886 1401 3955 τῇ
1455 3885 1627 3958 φθορᾷ
1658 3887 1780 3941 δου-

184 3960 363 4026 λεύει,
411 3961 552 4018 ἀλλὰ
594 3964 765 4019 ταῦτα
796 3965 861 4039 δὴ
906 3968 973 4022 τὰ
1016 3969 1352 4044 βλεπόμενα..
1387 3975 1554 4030 Μὲνει
1599 3978 1705 4050 ἄρα
1745 3981 1779 4051 ἡ

187 4052 375 4117 κτίσις
405 4056 490 4120 είς
522 4056 585 4109 τὸ
610 4057 831 4127 ἄμεινον
856 4059 1419 4137 ἀνακαινοποιηθεῖσα,
1461 4070 1554 4123 καὶ
1585 4069 1781 4143 εὐπρε-

195 4144 467 4217 πές-τερον
498 4147 865 4222 ἀγαλλομένη,
893 4153 986 4205 καὶ
1017 4155 1282 4225 χαίρουσα
1310 4160 1402 4212 ἐπὶ
1431 4163 1544 4224 τοῖς
1570 4162 1779 4225 τέκνοις

200 4236 291 4290 τοῦ
338 4237 502 4304 θεοῦ,
551 4243 619 4312 τῇ
668 4242 961 4298 ἀναστάσει
1002 4247 1268 4309 στενάζει
1316 4251 1450 4324 (79),
1497 4254 1596 4307 καὶ
1631 4270 1779 4309 συν-

206 4325 393 4383 ωδίνει
418 4328 559 4393 νῦν,
593 4330 691 4401 τὴν
723 4333 1093 4406 ἀπολύτρωσιν
1116 4339 1272 4409 ήμῶν
1303 4342 1408 4396 ἀπὸ
1437 4342 1537 4413 τῆς
1574 4345 1776 4418 φθορᾶς

1884 3805 1999 3853 tum
2030 3798 2096 3853 iri
2126 3816 2137 3849 :
2162 3813 2270 3866 quo
2290 3805 2555 3854 creaturae
2579 3800 2797 3854 nomine
2825 3798 3089 3854 mundum
3122 3798 3268 3852 hunc
3292 3799 3457 3869 signi-

1883 3891 2046 3946 ﬁcare
2075 3889 2270 3945 voluit.
2305 3889 2423 3945 Non
2464 3891 2608 3947 enim
2638 3906 2760 3961 quae
2793 3890 2965 3945 videri
3013 3897 3316 3960 nequeunt,
3355 3890 3452 3946 sed

1881 3982 1997 4038 haec
2028 3998 2149 4052 quae
2189 3981 2580 4052 adspectabilia
2632 3990 2795 4048 sunt,
2829 3983 3153 4052 corruptelae
3181 3983 3447 4039 serviunt.

1881 4071 2058 4128 Manet
2092 4072 2257 4144 igitur
2298 4081 2548 4128 creatura
2596 4072 2652 4127 in
2682 4081 2885 4129 statum
2926 4073 3202 4129 meliorem
3253 4074 3451 4130 decen-

1879 4167 2182 4236 tioremque
2207 4172 2496 4230 renovata,
2525 4165 2768 4236 gaudens
2809 4167 3199 4236 exsultansque
3227 4182 3327 4236 pro
3358 4182 3469 4222 το·-

1877 4256 2225 4327 surgentibus
2281 4255 2410 4311 ﬁliis
2452 4255 2546 4310 Dei
2602 4274 2616 4311 :
2666 4266 3003 4327 quapropter
3050 4256 3464 4327 ingemiscit'et;

1875 4348 2108 4418 parturit
2129 4346 2303 4412 modo,
2334 4355 2655 4419 exspectans
2683 4359 2736 4404 et
2758 4350 2874 4420 ipsa
2902 4347 3326 4419 redemptionem
3346 4366 3448 4403 no.

207 4418 299 4512 ttat
344 4420 484 4512 αύτὴ
520 4419 618 4474 τοῦ
667 4421 916 4493 σώματος
951 4427 1356 4502 ἀπεκδεχομένη
1378 4449 1391 4463 ο
1428 4433 1575 4500 ὅπως
1619 4439 1651 4507 ὴ
1661 4436 1775 4506 μῶν

1897 4451 2048 4497 ιιι-σπι
2072 4456 2103 4495 a
2140 4442 2494 4512 corruptione
2521 4443 2806 4512 corporis;
2832 4448 2893 4495 ut
2913 4457 3035 4496 cum
3068 4439 3333 4497 fuerimus
3357 4458 3450 4499 ex-

209 4508 598 4601 ὲξεγερθέντων
652 4516 746 4569 καὶ
799 4517 1273 4591 ἀποτιναξαμένων
1322 4523 1422 4595 τὴν
1475 4528 1771 4601 νεκρότητα

208 4600 302 4670 τῆς
325 4604 542 4675 σαρκὸς,
576 4607 717 4659 κατὰ
746 4607 806 4660 τὸ
833 4611 1250 4682 γεγραμμένον,
1297 4614 1629 4682 Ἐκτίναξαι
1666 4620 1773 4675 τὸν

208 4690 373 4757 χοῦν,
400 4695 495 4748 καί
525 4695 841 4766 ἀνάστηθι,
876 4699 1022 4774 [καὶ]
1056 4702 1327 4770 κάθισον,
1345 4703 1768 4780 Ἰερουσαλὴμ,

207 4780 671 4857 ἐλευθερωθέντων
699 4806 761 4844 τε
802 4791 902 4862 τῆς
937 4793 1244 4866 ἁμαρτίας,
1280 4798 1770 4873 ἐλευθερωθήσεται

280 4937 527 4999 “1mm.
552 4959 714 5011 xviii,
745 4945 867 5003 3-6.
946 4948 991 4981 ¹³
1011 4948 1141 5022 Sap.
1175 4968 1217 5020 ι,
1246 4954 1333 5010 14.

432 5107 659 5176 Πρόσχ.
689 5105 766 5161 Ex
794 5106 1012 5178 Epiph.,
1039 5107 1171 5162 luer.
1204 5125 1356 5165 num.
1394 5110 1487 5166 28.

270 5166 530 5307 (5)0151
563 5166 855 5243 ἀῖεστόνί
870 5166 950 5233 Ex
981 5166 1174 5249 Epiph.
1204 5180 1333 5235 ibid.
1377 5197 1530 5235 num.
1562 5182 1656 5238 51.

296 5238 382 5307 76)
408 5247 824 5307 Καταϐασίφ...
843 5250 988 5307 πυρί
993 5291 1009 5307 .
1026 5249 1279 5306 Mendose
1302 5252 1485 5307 imum.
1506 5260 1656 5307 uasat

205 5299 244 5374 ᾧ
408 5238 824 5312 Καταέασίῳ...
843 5250 1009 5318 πυρί.
1025 5238 1279 5306 Méndose
1302 5252 1485 5323 impr.,
1506 5252 1783 5321 καταϐὰς,

201 5326 244 5454 ἡ,
419 5387 573 5441 Ἀλλ’
593 5386 802 5443 οὐδὲ...
827 5389 1034 5445 ἐποίει.
1056 5388 1155 5444 Hic
1182 5391 1311 5446 editi
1339 5392 1518 5446 mutili
1538 5400 1593 5447 et
1615 5408 1769 5448 men-

1878 4532 2027 4588 citati
2050 4548 2081 4587 a
2107 4535 2358 4601 mortuis,
2385 4548 2449 4590 ac
2493 4534 2677 4590 carnis
2712 4535 3094 4590 mortalitatem
3131 4537 3447 4593 excusseri-

1882 4642 2027 4689 mus,
2065 4641 2165 4698 pro
2184 4640 2249 4680 eo
2280 4641 2345 4681 ac
2380 4626 2642 4697 scriptum
2669 4634 2751 4681 est
2791 4646 2804 4681 :
2839 4626 3040 4682 Excute
3097 4627 3359 4696 pulverem
3395 4639 3445 4683 et

1878 4717 1999 4771 sede
2035 4733 2054 4772 :
2088 4734 2267 4788 surge,
2313 4718 2673 4773 Jerusalem”
2700 4734 2719 4772 :
2752 4717 3125 4788 fuerimusque
3167 4717 3378 4774 liberati
3412 4735 3441 4773 a

1879 4808 2144 4877 peccatis,
2167 4809 2283 4878 ipsa
2315 4824 2535 4880 quoque
2578 4810 2838 4866 liberetur
2864 4825 2893 4864 a
2921 4810 3272 4879 corruptione
3296 4827 3310 4863 :
3339 4823 3443 4864 nes

1432 4955 1477 4989 ιδ
1508 4956 1658 5014 Rom.
1686 4972 1807 5027 vm,
1842 4941 2031 5018 £9420.
2108 4963 2153 4995 "
2184 4960 2300 5018 Isa.
2334 4976 2429 5029 LII,
2459 4960 2517 5017 2.

1947 5132 2053 5181 ere,
2085 5117 2168 5180 είς
2198 5118 2353 5187 νῖκος
2381 5115 2723 5187 καταλεῖψαι.
2756 5117 2964 5174 Alludit
2995 5116 3061 5171 at]
3086 5115 3251 5171 verba
3278 5108 3433 5187 Pauli

1918 5186 2047 5241 Cor.
2077 5202 2167 5252 xv,
2191 5186 2282 5250 54,
2322 5188 2583 5273 Αρεογρια
2613 5185 2694 5273 est
2724 5206 2864 5270 mors
2975 5188 3215 5273 victoria,
3246 5186 3326 5273 εἰς
3354 5185 3438 5273 νί-

1875 5273 1988 5321 κος,
2022 5272 2332 5326 quanquam
2367 5257 2566 5313 habent
2599 5258 2765 5329 aliqui
2798 5259 3015 5314 codices
3045 5262 3241 5321 νεῖκος,
3271 5263 3332 5309 ιιι
3354 5262 3441 5308 ιο-

1875 5334 2053 5381 statur
2078 5325 2258 5382 Estius
2290 5329 2473 5384 multis
2509 5344 2803 5385 excurrens
2830 5329 2895 5382 ad
2927 5344 3049 5393 eum
3083 5328 3283 5382 locum.
3316 5322 3450 5381 Non.

1873 5396 2033 5471 video
2053 5411 2161 5471 cur
2191 5397 2474 5471 Epiphanii
2508 5401 2774 5471 interpres
2804 5401 3113 5471 suspicatus
3144 5397 3216 5453 sit
3249 5396 3433 5471 legen-

198 5445 511 5540 r'Na'm
557 5464 682 5540 ρρει
716 5457 806 5539 τὸν
839 5460 1039 5540 κόσμον
1059 5463 1088 5515 ὁ
1117 5445 1267 5526 Osos,
1301 5445 1768 5535 δεδεηῐιίάέᾶῐῶς

1897 5445 1994 5521 tr";
2005 5445 2474 5540 ’τιῖξρεἱῖᾧξῖᾀὲῖ
2488 5445 2617 5534 έὸξξ
2624 5445 3234 5540 ’νῖᾆῶὖςῗὲιὶἶὲιῖῦεἶιῖι
3249 5445 3433 5520 Era}.

197 5518 535 5591 ἱχειροποίει.
558 5518 801 5591 Ὀύκοῦν,
832 5547 885 5583 κ.
916 5518 967 5586 τ.
995 5530 1045 5583 λ.

258 5539 302 5573 ει
373 5539 535 5578 ποίει.
573 5539 801 5591 υῡκουν,
832 5547 885 5583 κ.
916 5547 967 5586 τ.
997 5539 1045 5583 λ.

399 5596 645 5669 Καλεῖν.
670 5598 841 5669 _Rup.,
878 5599 1202 5667 φιλοκαλεῖν.

256 5661 371 5738 (29)
399 5665 500 5738 Διὸ
534 5682 635 5720 στ.
670 5661 854 5738 Ιιηρτ.,
886 5661 952 5724 δι’
979 5670 1072 5734 οὓς
1103 5687 1186 5725 στ.

255 5731 370 5806 (80)
405 5736 491 5789 Ad
531 5731 808 5793 uictoriam
837 5757 898 5794 ac
923 5758 1013 5796 ceu
1035 5731 1294 5811 triumpho
1325 5744 1584 5816 agendum
1607 5748 1762 5804 relin-

1864 5544 2047 5592 utrum
2095 5536 2361 5608 signiticet
2398 5551 2412 5589 :
2452 5542 2504 5594 in
2550 5547 2699 5594 tanta
2734 5541 3059 5596 contumelia

1861 5607 2279 5676 Composuimus
2326 5625 2392 5665 ex
2445 5610 2627 5673 editis,
2685 5617 2739 5663 et
2792 5607 3162 5679 Rupil‘ucaldii
3219 5607 3465 5679 codice;

1860 5686 2066 5732 textum
2098 5694 2290 5741 unum,
2340 5694 2533 5734 sanum
2567 5680 2703 5735 satis
2727 5687 2780 5734 et
2808 5678 3037 5748 clarum,
3063 5678 3430 5738 cummmbi-

1860 5763 1963 5819 que
1984 5748 2201 5805 luxatus
2229 5756 2403 5806 exstet
2432 5752 2716 5823 minusque
2747 5765 2935 5808 sanus.

3136 5539 3439 5606 robroque..
