3972 6212
270 254 379 310 ΞΠ

1339 252 1428 308 EX
1468 251 1672 309 LIBRO
1709 251 1797 306 DE
1831 245 2434 307 RESURBECTIONE.

3382 229 3484 285 278

277 375 494 447 μένους,
543 373 578 445 ἢ
621 374 990 446 γαμήσοντας,
1032 374 1067 447 ἢ
1115 376 1564 447 γεννησομένους,
1614 375 1728 428 ἀλλ’
1759 373 1824 436 ὡς

1937 385 2039 424 nec
2066 365 2316 423 morituri
2351 362 2463 418 sint
2514 357 2768 429 amplius,
2791 368 2893 410 nec
2939 348 3227 422 capulandi
3262 347 3487 447 nuptiis,

275 465 536 534 ἀγγέλους
583 465 1009 536 ἀμεταστρόφως
1052 467 1110 520 ὲν
1165 465 1439 538 ἀφθαρσίᾳ
1508 465 1577 520 τά
1635 466 1832 535 ἄριστα

277 557 594 628 πράξοντας.
624 555 716 608 Διὸ
749 556 988 628 ληρῶδες
1013 558 1075 611 τὺ
1113 560 1172 612 ὲν
1196 559 1324 631 ποίᾳ
1349 559 1586 628 διαγωγῇ
1616 558 1737 612 τότε
1767 557 1832 631 δὴ

274 649 342 701 τά
371 647 594 718 σώματα
624 647 835 702 ἔσονται
865 649 1133 718 λέγεσθαι,
1171 652 1307 724 μήτε
1333 652 1511 723 ἀέρος,
1543 651 1679 722 μήτε
1707 651 1830 721 γῆς,

271 741 412 810 μήτε
445 738 562 794 τῶν
582 739 756 794 ἄλλων
793 741 1085 812 ἐσομένων.

346 1000 401 1053 l'.
449 999 628 1066 ¹Ἄξιον
674 998 731 1054 δὲ
769 999 878 1072 (88)
927 1002 1147 1055 κάκεῖνο
1190 1002 1324 1076 πρὸς
1370 1005 1482 1066 τοῖς
1527 1004 1834 1076 εἰρημένοις
1882 1015 1885 1018 ’

267 1091 610 1154 ἐπισκοπεῖν,
633 1089 708 1153 ὠς
737 1089 848 1160 ἔχει
872 1090 1069 1161 πολλὴν
1090 1089 1380 1144 διάπτωσιν
1400 1130 1416 1155 ,
1456 1093 1504 1145 el
1525 1091 1604 1144 δεῖ
1622 1095 1834 1164 παρρη-

269 1179 395 1233 σίαν
429 1181 582 1248 ἀγειν
617 1181 743 1250 περὶ
776 1179 1128 1252 τηλικούτων,
1179 1181 1510 1252 Ἀγλαοφῶν.
1551 1185 1834 1255 Ἐφρασας

269 1272 380 1343 γὰρ
410 1272 791 1343 ἀποφήνασθαι
817 1273 910 1326 τὸν
943 1273 1165 1344 Κύριον,
1188 1273 1263 1339 ὼς
1294 1275 1343 1327 οἱ
1362 1274 1462 1344 τῆς
1489 1277 1835 1338 ἀναστάσεως

266 1363 583 1432 τευξόμενοι
629 1364 869 1417 ἔσονται
902 1363 1020 1418 τότε
1059 1365 1140 1431 ὡς
1181 1364 1443 1436 ἄγγελοι,
1487 1366 1612 1420 ἔνθα
1640 1366 1833 1438 πειρά-

266 1453 454 1515 ζουσιν
494 1455 653 1508 αὑτὸν
682 1457 738 1508 oi.
764 1456 1127 1511 Σαδδουκαῖοι.
1181 1456 1474 1530 Ἐπέιρερες
1512 1454 1604 1511 οὖν
1627 1475 1640 1488 ·
1673 1458 1734 1511 Ol
1778 1458 1834 1511 δὲ

266 1543 511 1612 ἄγγελοι,
539 1545 692 1608 ἐκτὸς
716 1545 864 1610 ὄντες
899 1546 1121 1616 σαρκὸς,
1153 1548 1210 1602 ὲν
1249 1549 1645 1620 μακαριότητος
1671 1549 1836 1621 ἀκρό-

267 1653 412 1707 τητι,
441 1637 529 1690 διά
568 1636 724 1690 τοῦτο
773 1638 869 1692 κα)⁸
919 1638 1078 1710 δόξης
1107 1639 1245 1693 εἱσι·
1293 1641 1385 1694 καὶ
1421 1642 1566 1712 ἡμᾶς
1599 1641 1655 1693 δὲ
1702 1641 1832 1712 ἄρα,

1933 468 2026 516 aut
2052 454 2398 530 procreanda;
2439 451 2614 508 soboli
2653 460 2874 518 operam
2904 442 3105 505 daturi,
3137 439 3230 496 sed
3273 436 3486 507 angelo'

1934 568 2055 607 rum
2107 565 2278 617 more,
2308 548 2428 604 sine
2478 544 2588 598 ulla
2643 539 2962 600 mutatione,
3003 532 3296 589 immortali
3344 538 3488 585 statu

1933 640 2244 698 felicissime
2265 635 2460 691 victuri
2490 632 2622 704 (90).
2646 626 2986 697 Proindeque
3009 630 3091 678 est
3107 617 3330 678 stultum
3344 636 3485 691 quaen

1933 751 2077 802 rere,
2101 747 2338 805 quanam
2359 729 2484 785 vitae
2507 725 2720 782 ratione
2750 735 2917 777 usura
2949 719 3058 774 sint
3090 729 3341 787 corpora,
3365 727 3487 766 cum

1932 840 2108 896 neque
2139 839 2251 889 aer,
2278 834 2454 890 neque
2473 825 2642 881 terra,
2661 827 2835 885 neque
2857 809 3150 881 quidquam
3172 812 3489 862 ceterorum

1933 917 2004 974 sit
2031 914 2264 984 amplius
2301 909 2566 964 futurum.

2004 1007 2071 1063 Χ.
2103 1007 2184 1062 Ad
2211 1005 2327 1059 haec
2355 1017 2486 1057 vero
2541 1005 2625 1055 est
2657 1005 2710 1052 et
2761 994 2891 1050 illud
2919 993 3111 1047 merito
3141 987 3489 1044 consideran-

1933 1100 2062 1156 dum
2087 1139 2102 1164 ,
2135 1105 2194 1150 ut
2221 1093 2478 1149 nimirum
2515 1089 2712 1144 habeat
2744 1085 2963 1139 multam
3007 1081 3222 1135 ruinam
3244 1077 3380 1148 (91),
3411 1083 3491 1127 at-

1934 1207 2039 1262 que
2062 1205 2091 1244 a
2123 1202 2252 1244 vero
2281 1187 2556 1240 incautum
2587 1179 2817 1235 abducat
2851 1195 2866 1231 :
2895 1172 3160 1245 siquidem
3201 1177 3284 1226 est.
3326 1169 3492 1262 iure-

1933 1259 2036 1338 hus
2067 1279 2234 1335 tantis
2263 1277 2523 1332 audacter
2555 1270 2905 1342 loquendum,
2937 1286 2970 1320 υ
2999 1263 3338 1338 Aglaophon.
3357 1259 3492 1314 Nam

1934 1373 2118 1430 dixisti
2153 1367 2500 1442 respondisse
2537 1364 2821 1419 Dominum
2869 1357 3186 1413 Sadducaeis
3231 1353 3489 1409 tentanti—

1933 1466 2036 1521 bus
2058 1505 2073 1531 ,
2109 1463 2245 1526 fore,
2289 1468 2349 1514 ut
2407 1459 2501 1529 qui
2556 1453 2970 1512 resurrectionis
2999 1456 3279 1518 compotes
3309 1454 3490 1507 erunt,

1933 1558 2038 1611 sint
2093 1556 2226 1609 sicut
2277 1551 2528 1622 angeli“.
2572 1545 2808 1602 intulisti
2867 1559 3041 1614 ergo:
3076 1538 3239 1609 Atqui
3297 1537 3491 1604 angeli,

1936 1648 2064 1718 quia
2093 1645 2277 1702 carnis
2322 1650 2593 1712 expertes,
2634 1641 2688 1694 in
2736 1651 2946 1692 summa
2995 1635 3200 1704 degunt
3236 1629 3492 1685 felicitate

266 1727 616 1792 ἑξισάζεσθαι
663 1729 947 1800 μέλλοντας
973 1732 1244 1801 ἀγγέλοις,
1273 1732 1482 1804 ἀνάγκη
1507 1732 1588 1804 δὴ,
1621 1731 1824 1802 σαρκῶι

1937 1743 1992 1792 et
2018 1735 2187 1806 gloria
2224 1750 2240 1790 :
2275 1747 2447 1803 quare
2477 1739 2532 1787 et
2560 1744 2660 1785 nos
2689 1743 2828 1799 quos
2855 1724 3058 1794 aequari
3091 1727 3303 1792 oportet
3329 1734 3493 1786 ange-

265 1818 530 1884 ὡσαύτως
568 1821 797 1886 ἐκείνοις
835 1824 1093 1894 γυμνοὺς,
1137 1823 1397 1892 ἀγγέλους
1442 1822 1660 1877 ἔσεσθαι
1698 1823 1830 1876 δεῖν’

265 1911 368 1964 οὐκ
411 1913 727 1984 ἐπιστήσας,
785 1907 829 1968 ὦ
888 1913 1074 1986 ἄριστε
1100 1956 1113 1979 ,
1158 1913 1232 1979 ὡς
1263 1917 1292 1968 ό
1322 1916 1552 1985 ποιήσας
1593 1914 1686 1968 καὶ
1720 1914 1832 1967 δια-

269 2005 551 2074 κοσμήσας
585 2003 643 2070 ἐξ
683 2005 782 2058 ούκ
816 2004 983 2059 ὅντων
1022 2005 1083 2059 τὺ
1117 2007 1242 2071 πᾶν,
1277 2007 1374 2078 τὴν
1410 2006 1518 2059 τῶν
1551 2006 1830 2061 ἀθανάτων

266 2096 450 2165 φύσιν,
491 2096 551 2149 ού
580 2096 738 2167 μόνον
789 2099 868 2161 εἰς
911 2097 1170 2166 ἀγγέλους
1214 2099 1310 2152 καὶ
1339 2097 1680 2172 λειτουργοὺς
1719 2099 1831 2152 δια-

265 2188 460 2259 νείμας
496 2187 870 2260 διεκόσμησεν,
920 2189 1055 2244 ἀλλὰ
1095 2191 1188 2245 καὶ
1237 2193 1316 2255 εἰς
1359 2191 1552 2263 ἀρχὰς,
1597 2191 1688 2246 καὶ
1717 2191 1833 2263 θρό-

265 2297 409 2342 νους,
443 2279 536 2332 καὶ
564 2280 827 2346 ἐξουσίας.
861 2281 1021 2335 Ἀλλο
1042 2281 1149 2354 γάρ
1173 2282 1327 2351 γένος
1347 2284 1408 2335 τὸ
1432 2283 1536 2336 τῶν
1565 2283 1828 2352 ἀγγέλων,

264 2372 358 2423 καὶ
383 2370 510 2424 ἄλλο
537 2372 596 2424 τὸ
622 2371 731 2425 τῶν
768 2372 950 2444 ἀρχῶν
983 2374 1077 2427 καὶ
1117 2372 1399 2441 ἐξουσιῶν·
1430 2374 1511 2427 ὅτι
1543 2373 1614 2446 μὴ
1645 2374 1830 2444 τάγμα

263 2459 342 2524 ἓν,
371 2462 464 2514 καὶ
494 2461 589 2532 μία
615 2464 888 2527 σύστασις,
920 2463 1013 2517 καὶ
1035 2463 1193 2534 φυλὴ,
1219 2465 1310 2518 καὶ
1339 2464 1540 2535 πατριά
1561 2465 1668 2519 τῶν
1697 2467 1828 2520 ἀθα-

262 2554 476 2606 νάτων·
543 2554 678 2608 ἀλλά
731 2555 884 2627 γένη,
940 2557 1034 2609 καὶ
1086 2556 1268 2625 φυλαὶ,
1297 2556 1389 2610 καὶ
1419 2557 1699 2628 διαφοραί·
1733 2557 1826 2612 καὶ⁵

261 2643 385 2698 οὔτε
410 2644 480 2698 τά
509 2645 791 2716 χερουσὶμ,
821 2647 918 2718 τῆς
951 2647 1085 2712 ἰδίας
1118 2647 1443 2718 ἐξιστάμενα
1476 2647 1708 2717 φύσεως,
1743 2651 1824 2712 εἰς

255 2735 359 2807 τὴν
400 2736 510 2790 τῶν
556 2738 798 2805 ἀγγέλων
853 2739 994 2794 ἰδέαν
1043 2738 1568 2811 μετασκευάζονταιο
1615 2739 1724 2794 οὔτ’
1754 2737 1821 2795 αὖ

253 2828 425 2880 πάλιν
473 2828 552 2891 εἰς
595 2827 786 2900 ἑτέραν
819 2829 931 2900 (89)
971 2832 1020 2884 οι
1065 2831 1304 2901 ἄγγελοι.
1337 2827 1492 2885 Εἶναι
1535 2831 1644 2904 γάρ
1687 2833 1826 2888 αὐτὰ

253 2919 364 2990 χρὴ
392 2919 488 2971 καὶ
515 2919 544 2971 ὃ
575 2921 698 2984 εἰσι,
731 2921 823 2973 καὶ
855 2919 884 2973 δ
919 2921 1223 2990 γεγόνασιν.
1265 2921 1429 2992 Ἀτάρ
1453 2923 1545 2976 καὶ
1571 2923 1599 2974 ὁ
1623 2922 1826 2994 ἄνθρω-

251 3027 358 3072 πος
400 3009 494 3062 τὸν
540 3010 740 3082 κόσμον
786 3012 987 3076 οἰκεῖν,
1031 3013 1125 3065 καὶ
1157 3011 1264 3065 τῶν
1315 3013 1371 3067 ὲν
1420 3011 1568 3083 αὐτῷ
1611 3014 1825 3067 πάντων

254 3098 611 3169 ἡγεμονεύειν
645 3077 886 3171 ταχθεὶς,
934 3103 1034 3173 τῆς
1066 3102 1126 3167 ἐξ
1176 3103 1350 3175 ἀρχῆς
1394 3077 1822 3174 διακοσμήσεως,
1854 3077 1894 3134 C

249 3191 524 3254 ἀθάνατος
557 3191 653 3255 ῶν,
683 3191 776 3245 τοῦ
799 3189 935 3248 εἶναι
966 3193 1246 3265 ἄνθρωπος
1274 3193 1466 3248 οὔποτε
1498 3195 1826 3267 μεταϐληθῆ-

250 3299 408 3336 σεται
448 3282 572 3336 οὔτε
604 3286 684 3347 εἰς
707 3285 804 3356 τὴν
843 3285 950 3340 τῶν
995 3286 1238 3355 ἀγγέλων
1285 3285 1406 3341 οὔτε
1461 3290 1540 3352 εἰς
1587 3287 1682 3358 τὴν
1712 3287 1823 3341 τῶν

246 3373 460 3445 ἐτέρων
492 3376 736 3446 μορφήν·
766 3376 848 3429 ὅτι
896 3376 1028 3447 μηδὲ
1069 3379 1120 3430 οἱ
1159 3378 1375 3448 ἄγγελοι
1416 3381 1495 3444 εἰς
1533 3379 1630 3450 τὴν
1659 3379 1823 3450 ἀλλην

246 3467 349 3537 τῆς
372 3465 436 3530 ἐξ
463 3467 638 3537 ἀρχῆς
679 3467 819 3532 ἰδέας
844 3471 1342 3541 μετακοσμούμενοι
1381 3471 1818 3543 μεταϐάλλονται.

259 3560 324 3613 Ὀ
348 3559 461 3630 γὰρ
491 3559 724 3630 Χριστὸς
754 3557 886 3632 ἧκεν
915 3561 1013 3615 οὐκ
1043 3565 1121 3625 εἰς
1148 3563 1337 3634 ἑτέραν
1378 3563 1820 3634 μεταπλασθῆναι

245 3650 608 3724 κηρύσσωνῆ
651 3651 1153 3725 μετασκευασθῆναι
1196 3653 1295 3724 τὴν
1345 3655 1684 3726 ἀνθρωπείαν
1721 3655 1822 3723 φύ-

352 3805 406 3835 ²¹
447 3803 642 3860 Matth.
672 3821 812 3861 xxu.
848 3806 937 3861 30.

315 3920 438 3992 (88)
474 3920 670 3985 Ἄξιον
690 3923 775 3976 δέ.
804 3924 880 3976 Ex
905 3921 1096 3992 Epiph.
1122 3922 1275 3992 been,
1304 3937 1361 3992 n.
1387 3921 1473 3992 35.

319 3991 443 4057 (89)
485 3994 588 4055 Εἰς
609 3992 834 4060 ἑτέραν.
859 3988 1022 4058 Εᾶῖιίξ
1055 3995 1134 4055 εἰς
1166 3991 1280 4062 (τὴν
1297 3991 1424 4061 τῶν)
1454 3989 1670 4062 ἐτέρων.
1705 3988 1825 4044 Mox

245 4060 442 4133 iidem,
480 4063 694 4133 vitiose,
724 4066 774 4116 εξ
807 4062 915 4133 γάρ
943 4071 1065 4132 post
1095 4060 1402 4133 γεγόνασιν.

318 4131 444 4211 (90)⁹
488 4129 829 4212 Ρςζὲξξιςιὶηιέ
858 4129 1063 4212 victuri,
1116 4129 1184 4186 τὰ
1239 4132 1432 4202 ἄριστα
1480 4131 1818 4212 πράξοντας.

245 4198 484 4255 Phrasis
512 4202 650 4254 nihil
680 4218 837 4265 nova,
871 4202 1170 4273 rudiusque
1191 4198 1448 4272 expressa
1479 4198 1585 4257 illis
1614 4201 1818 4267 verbis,

247 4275 454 4338 optima
483 4287 693 4341 quisque
721 4273 934 4341 facturi.

318 4288 454 4323 rima
477 4288 693 4393 gms-que
721 4288 934 4341 Iactura.

317 4341 436 4409 (9|)
525 4351 544 4394 t
595 4343 842 4396 nimirum
879 4343 1066 4396 habeat
1095 4341 1316 4395 multam
1336 4342 1564 4406 ruinam,
1589 4349 1698 4396 etc.
1719 4340 1818 4395 Co-

243 4410 434 4478 gimur
466 4411 622 4482 longa
646 4412 746 4466 hac
781 4412 1100 4482 paraphrasi
1127 4426 1295 4480 pauca
1327 4412 1415 4482 illa
1444 4414 1604 4482 verba
1632 4413 1816 4480 expri-

243 4495 418 4553 mere.
559 4482 669 4552 ἔχει
697 4480 891 4553 πολλὴν
915 4480 1232 4553 διάπτωσιν,
1256 4481 1346 4553 ubi
1369 4481 1454 4553 τὸ,
1472 4481 1582 4552 ἔχει
1611 4481 1819 4553 accipio

245 4561 306 4622 ut
332 4551 669 4622 absolutum,
694 4551 964 4622 quomodo
991 4560 1074 4608 est
1103 4551 1307 4606 ercis
1334 4551 1813 4622 elegantissimum.

242 4617 343 4673 Est
366 4621 549 4692 littera
574 4617 752 4678 minus
774 4638 904 4677 sana
929 4641 942 4677 :
964 4623 1045 4688 τὸ,
1062 4617 1441 4692 διαλεγόμενος
1455 4622 1508 4676 in
1534 4622 1816 4691 impressis

243 4691 533 4758 propalam
585 4693 838 4748 vitiosum
895 4702 979 4748 est
1036 4712 1050 4748 :
1105 4691 1671 4761 omisitnusque_cum
1726 4707 1814 4746 se-

243 4761 441 4828 quenti
481 4765 841 4833 πραγμάτων,
865 4763 1035 4819 secuti
1063 4762 1225 4833 alium
1253 4759 1493 4816 codicem
1521 4759 1729 4833 Rupif.,
1748 4777 1815 4816 ex

243 4845 359 4901 quo
404 4837 463 4884 et
502 4831 665 4887 editis
715 4848 877 4887 unam
920 4834 1078 4887 nobis
1119 4832 1350 4886 litteram
1383 4831 1811 4901 composuimus.

244 4899 520 4968 impressa
567 4904 714 4956 velut
758 4902 1006 4973 Origenis
1036 4909 1096 4956 et.
1122 4901 1175 4973 in
1204 4902 1360 4973 tertia
1388 4899 1640 4973 persona,
1673 4901 1812 4973 refe-

245 4978 409 5042 runt_;
438 4985 539 5026 nos
565 4986 688 5026 cum
726 4988 828 5027 ms.
862 4971 920 5026 ut
949 4971 1358 5042 Aglaophontis,
1391 4979 1445 5026 et
1471 4971 1524 5025 in
1549 4972 1808 5035 secunda,

242 5039 392 5162 good
440 5042 612 5110 magis
652 5050 915 5098 consonat
957 5039 1198 5112 reliquis.
1245 5041 1595 5111 lmpugnatur
1637 5058 1809 5096 novus

291 5110 698 5162 riaenianorum
735 5129 910 5162 error.
950 5129 1014 5162 ex
1057 5113 1236 5162 nriore
1266 5111 1358 5162 illo
1395 5113 1809 5162 resurrectionis

291 5110 698 5177 rigenianorum
735 5129 910 5176 error,
950 5129 1014 5168 ex
1057 5110 1236 5181 priore
1266 5110 1358 5165 illo
1395 5110 1809 5167 resurrectionis

243 5180 457 5248 absque
482 5196 648 5235 carne
674 5190 848 5244 ortus,
878 5180 1070 5252 nempe
1088 5182 1403 5238 mutationis
1425 5182 1727 5235 animarum
1753 5185 1809 5236 in

243 5252 490 5321 angelos,
525 5252 580 5306 in
623 5267 730 5321 quo
767 5261 850 5307 est
883 5255 1048 5306 multa
1091 5253 1180 5306 illa
1209 5267 1396 5306 eorum
1431 5253 1805 5321 παράπτωσις,

243 5320 466 5394 offensio
503 5335 525 5394 :_
556 5320 701 5394 velat
729 5322 1169 5394 impingentibus,
1196 5321 1364 5378 semel
1390 5337 1430 5375 a.
1452 5320 1682 5378 veritate
1712 5322 1808 5378 de-

243 5392 348 5440 vris
380 5389 711 5448 hominibus.

317 5460 426 5535 (θεὲ)
459 5460 531 5512 Et
561 5461 909 5535 administris,
961 5464 1055 5516 καὶ
1095 5462 1458 5535 λειτουργούς.
1504 5464 1714 5535 Accipit
1745 5471 1805 5518 ut

243 5523 492 5607 ordinem
523 5533 766 5599 angelico
797 5523 1150 5607 superiorem,
1181 5543 1239 5586 ut
1279 5523 1802 5607 ei_sequenti'loca-

249 5603 391 5674 tione
413 5611 786 5674 creaturarum
817 5618 914 5672 pro
941 5605 1203 5672 cujusque
1246 5603 1414 5673 gradu
1467 5607 1632 5674 liquet
1657 5623 1672 5670 ;
1697 5620 1802 5674 qua

251 5669 411 5722 talos
439 5673 682 5732 assignat
710 5669 946 5736 angelis;
979 5669 1178 5728 lumina
1197 5669 1343 5736 ve'ro,
1372 5669 1575 5736 potiora
1600 5676 1652 5728 in
1687 5669 1800 5729 coe-

1934 1827 2020 1890 lis,
2053 1839 2278 1881 necesse
2307 1832 2390 1879 est
2426 1821 2492 1876 ad
2519 1819 2765 1876 eumdem
2796 1815 3014 1870 modum
3043 1828 3206 1867 carne
3237 1809 3492 1873 nudatos,

1933 1919 2152 1989 angelos
2185 1916 2320 1972 fieri.
2356 1913 2467 1969 Nec
2509 1911 2664 1974 illud,
2715 1909 2916 1979 optime
2945 1903 3210 1964 virorum,
3247 1900 3492 1954 animad-

1931 2007 2140 2064 vertisti
2168 2025 2183 2074 ;
2210 2021 2354 2070 eum,
2385 2004 2481 2074 qui
2518 2018 2585 2075 ex
2621 1999 2789 2054 nihilo
2819 1996 3080 2051 mundum
3113 1991 3398 2047 fabricavit
3429 2005 3490 2043 ac

1931 2099 2235 2162 constituit,
2265 2112 2372 2152 non
2409 2093 2616 2165 angelis
2658 2091 2820 2146 modo
2870 2097 2923 2144 et
2962 2083 3299 2141 administris
3333 2081 3443 2153 (92;
3473 2099 3490 2147 ;

1930 2191 2025 2246 sed
2057 2198 2110 2246 et
2134 2187 2528 2261 principatibus
2555 2192 2610 2239 et
2637 2183 2850 2238 thronis
2877 2189 2930 2236 et
2951 2177 3312 2251 potestatibus
3348 2190 3470 2230 eam

1930 2282 2052 2338 dem
2078 2279 2502 2338 immortalitatis
2532 2286 2784 2332 naturam
2814 2272 3138 2342 impertisse.
3165 2269 3326 2324 Aliud
3346 2267 3488 2323 enim

1929 2372 2243 2444 angelorum
2279 2385 2473 2441 genus,
2506 2366 2760 2436 aliudque
2802 2362 3207 2434 principatuum
3246 2368 3299 2414 et
3341 2358 3487 2411 aliud

1927 2471 2296 2535 potestatum;
2337 2475 2402 2517 eo
2429 2460 2571 2530 quod
2604 2474 2712 2513 non
2744 2471 2887 2510 unus
2917 2454 3072 2516 ordo,
3107 2467 3314 2507 unusve
3370 2465 3485 2504 cm-

1929 2563 2019 2612 tus
2051 2570 2115 2610 ac
2137 2555 2311 2609 tribus
2343 2552 2657 2622 familiaque
2695 2549 2766 2606 sit
2804 2546 3189 2625 immortalium
3225 2563 3238 2598 :
3271 2543 3364 2598 sed
3396 2559 3487 2610 geo

1926 2660 2140 2710 uerum,
2173 2659 2236 2698 ac
2266 2643 2414 2698 velut
2443 2642 2679 2696 tribuum
2711 2647 2764 2696 et
2812 2636 3093 2692 nationum
3123 2634 3374 2690 divortia.
3413 2633 3486 2686 Ac

1928 2751 2105 2807 neque
2138 2735 2438 2800 cherubim,
2465 2730 2823 2789 desciscentia
2856 2744 2885 2783 a
2919 2735 3115 2782 natura
3144 2741 3265 2790 sua,
3302 2725 3358 2779 in
3391 2741 3485 2778 an-

1928 2831 2176 2902 gelorum
2203 2828 2436 2898 speciem
2468 2833 2792 2889 transeunt;
2822 2834 2996 2891 neque
3027 2825 3217 2873 contra
3245 2817 3300 2870 in
3331 2824 3483 2869 natu-

1927 2937 2044 2976 ram
2083 2921 2245 2976 aliam
2293 2919 2469 2990 angeli
2522 2922 2945 2972 commutantur.
2995 2911 3225 2982 Quippe,
3248 2924 3371 2964 esse
3398 2909 3484 2964 illa

1927 3013 2071 3085 quod
2116 3021 2262 3075 sunt,
2297 3020 2351 3066 ct
2404 3010 2709 3080 cujusmodi
2765 3007 3027 3078 producta
3087 3011 3234 3068 sunt,
3264 3018 3482 3057 necesse

1929 3114 2032 3162 est.
2074 3105 2434 3171 Quamobrem
2467 3102 2627 3157 etiam
2651 3101 2814 3154 homo
2846 3098 2978 3166 (95),
3014 3098 3107 3169 qui
3137 3104 3196 3151 ut
3218 3095 3482 3150 habitaret

1929 3193 2192 3248 mundum
2220 3193 2582 3260 omnibusque
2609 3190 2664 3243 in
2687 3203 2752 3243 eo
2774 3187 2940 3242 rebus
2971 3192 3248 3256 przeesset,
3280 3200 3344 3238 ex
3370 3185 3481 3253 pri-

1927 3299 2016 3340 ma
2047 3283 2401 3354 dispositione
2429 3281 2758 3336 constitutus
2788 3289 2872 3332 est
2897 3318 2911 3342 ,
2948 3278 3096 3332 velut
3135 3275 3480 3337 immortalis,

1927 3389 2206 3448 nunquam
2237 3375 2292 3428 in
2321 3373 2635 3444 angelorum
2668 3377 2761 3424 aut
2796 3368 3022 3424 alterius
3053 3367 3344 3438 cujuslibet
3374 3365 3481 3418 for-

1925 3483 2068 3523 mam
2095 3484 2162 3524 e):
2192 3466 2409 3522 homine
2435 3462 2834 3520 convertendus
2857 3470 2940 3518 est
2963 3479 2978 3528 ;
3010 3459 3226 3532 quando
3258 3474 3358 3514 nec
3386 3475 3481 3512 an-

1925 3559 2030 3624 geli
2073 3560 2141 3614 ab
2166 3573 2228 3615 ea
2255 3572 2420 3628 quam
2443 3555 2598 3610 initio
2621 3555 2799 3611 sortiti
2826 3560 2952 3609 sunt
2974 3552 3151 3621 specie
3181 3561 3231 3605 et
3262 3557 3479 3611 natura,

1922 3652 2301 3710 transformari
2341 3659 2396 3706 et
2427 3649 2626 3704 mutari
2663 3654 2910 3720 possunt.
2943 3645 3007 3700 Et
3039 3659 3166 3701 vero
3207 3643 3480 3709 Christus,

1937 3919 2026 3984 lis,
2054 3927 2108 3994 et
2133 3921 2512 3994 respondentia
2546 3922 2857 3994 purioribus
2879 3921 2986 3978 illis
3016 3920 3475 3994 luminibusassL

1935 3989 2418 4064 gnatissupremis
2465 3989 2776 4064 spiritibus,
2811 4008 3002 4062 nempe
3054 3992 3386 4064 seraphinis;
3421 4001 3477 4046 ut

1925 4068 1992 4135 et
2006 4059 2229 4135 sedibus
2238 4059 2572 4135 _t_hronisq'ue
2598 4059 3294 4135 potestatumgrespondent
3328 4064 3474 4135 cmli.

1924 4127 2189 4204 Ministris
2217 4131 2323 4186 illis
2349 4127 2701 4204 {respici-ens
2763 4135 2902 4188 forte
2932 4127 3075 4187 illud'
3105 4133 3238 4204 psal.
3263 4146 3378 4196 Clll,
3399 4133 3432 4185 4
3461 4151 3474 4186 :

1925 4198 2030 4283 Qui
2072 4200 2202 4268 facit
2221 4202 2444 4283 .angelos
2487 4198 2887 4283 suosrspiritus,
2936 4212 2985 4283 et
3012 4198 3309 4283 Lminislros
3352 4220 3476 4283 suos

1920 4270 2191 4344 gemmam
2214 4270 2347 4344 ignis
2371 4287 2539 4344 {quae
2563 4282 2645 4330 est
2676 4275 2862 4344 purior
2895 4273 3086 4342 spiritu
3106 4287 3214 4344 seu
3244 4282 3402 4344 vento
3424 4282 3476 4327 et

1918 4339 2072 4415 ﬂatu_
2103 4341 2214 4415 illic
2235 4339 2570 4415 Vsignilicato,
2603 4339 2940 4415 propiusque
2957 4341 3167 4415 accedit
3223 4341 3290 4394 ad
3309 4351 3476 4415 natu-

1918 4425 2035 4464 ram
2058 4411 2320 4483 luminum
2350 4414 2581 4483 igneam,
2603 4411 3037 4477 Vel'fOrnialiter,
3064 4413 3219 4483 juxta
3269 4413 3476 4481 pleros-

1919 4495 2024 4553 que
2052 4479 2260 4553 Patres,
2292 4479 2394 4537 vel'
2411 4485 2602 4539 saltem
2633 4485 2854 4547 virtute,
2885 4485 3043 4553 juxta
3066 4479 3476 4553 Peripateticos

1917 4559 1970 4604 et
2000 4549 2312 4622 invehentes
2337 4555 2584 4622 quintam
2611 4554 2756 4608 illam
2784 4549 3092 4609 essentiam.
3128 4549 3308 4612 Via—Ci
3347 4570 3475 4622 pos-

1917 4630 2046 4694 sunt
2094 4621 2196 4694 ista
2255 4621 2435 4678 minus
2486 4623 2816 4694 Dionysiana
2864 4646 2884 4694 :7
2941 4621 3474 4694 sedignihil_mi’rum

1918 4689 2100 4763 ignoto
2141 4690 2399 4763 Dionysio
2446 4711 2556 4750 non
2613 4689 2786 4750 solum
2844 4693 3134 4759 Methodio,
3171 4691 3473 4763 sedetiam

1914 4759 2322 4834 Chrysostomo,
2351 4765 2444 4834 qui
2481 4773 2536 4820 et
2587 4764 2704 4834 ipse
2738 4763 2873 4817 nihil
2905 4763 3228 4834 Dionysiane
3262 4761 3329 4815 de
3373 4779 3471 4815 an-

1913 4833 2227 4903 gelissentit
2257 4845 2311 4888 et
2341 4833 2519 4899 docet,
2550 4833 2672 4888 cum
2701 4843 2892 4903 praeter
2919 4843 3076 4888 notos
3100 4833 3255 4886 nobis
3285 4847 3471 4886 eorum

1912 4902 2160 4972 populos,
2188 4903 2386 4974 ἄπειρα
2415 4903 2538 4974 ἔθνη
2573 4904 2666 4956 καὶ
2687 4902 2826 4972 φῦλα
2860 4903 3128 4974 ἀμύθητα.
3151 4917 3252 4974 nec
3280 4917 3347 4956 ex
3375 4919 3472 4974 no-

1912 4971 2060 5027 mine
2093 4980 2223 5028 nota
2278 4971 2577 5037 contendit,
2609 4981 2663 5027 et
2702 4971 2910 5042 probat
2931 4989 2994 5027 ex
3029 4971 3120 5026 illo
3148 4971 3370 5042 Ephes.,
3404 4972 3472 5025 Et

1912 5058 2062 5113 omne
2097 5058 2281 5096 nomen
2309 5045 2446 5113 quod
2474 5041 2779 5113 nominatur
2808 5060 2909 5096 non
2951 5043 3134 5113 δοιιιηι
3153 5043 3206 5094 in
3241 5041 3338 5113 hoc
3372 5059 3472 5096 sw-
3508 5076 3514 5088 ι

1910 5112 2049 5173 culo,
2084 5113 2195 5175 sed,
2229 5111 2360 5176 etc.,
2386 5113 2532 5166 hom.
2568 5112 2623 5176 4,
2659 5111 2736 5166 De
2765 5114 3015 5180 incompr.
3048 5120 3102 5166 et
3125 5112 3180 5174 '5,
3207 5111 3470 5167 cherubin

1907 5183 2054 5237 velut
2069 5181 2305 5305 ltlhronos
2325 5181 2442 5247 Dei,
2477 5197 2651 5252 eoque
2684 5182 2762 5237 illi
2789 5182 3215 5252 conjunctiores,
3253 5182 3472 5253 prafcrt

1908 5266 2064 5305 seran
2103 5267 2182 5304 in.

1908 5266 2182 5306 seranntn.

1977 5266 2467 5445 Egggauamobrem
2519 5323 2677 5376 etiam
2705 5323 2876 5386 homo,
2916 5321 3056 5394 ἀτάρ
3083 5321 3177 5376 καὶ
3203 5323 3232 5374 ό
3260 5320 3469 5393 ἀνθρω-

1977 5410 2024 5445 c.
2105 5408 2154 5445 lc
2185 5394 2330 5445 clare
2381 5393 2621 5445 procedit
2663 5392 3002 5445 Methodiana
3045 5395 3462 5445 araumentatio.

1906 5409 2024 5456 πος.
2062 5392 2154 5446 Sic
2185 5394 2330 5446 clare
2379 5393 2621 5462 procedit
2663 5392 3002 5448 Methodiana
3027 5392 3462 5463 argumentatio,

1905 5477 2065 5532 quam
2108 5463 2374 5532 impressa
2412 5464 2649 5532 omnino
2694 5463 3061 5518 obscurabant
3114 5463 3468 5518 condition‘ali

1905 5530 1996 5586 illa
2017 5533 2087 5587 el.
2112 5530 2365 5601 lnlerpr.,
2397 5531 2602 5604 Etenim
2636 5541 2684 5586 et
2728 5532 2902 5604 homo,
2953 5542 3084 5596 etc.,
3115 5549 3222 5604 quo
3255 5533 3464 5603 signifi-

1903 5611 2060 5657 catur
2091 5610 2148 5656 ut
2197 5602 2543 5670 antecedens,
2601 5606 2746 5674 quod
2804 5603 3105 5662 Methodius
3133 5602 3376 5660 assumit
3407 5612 3468 5658 ut

1903 5688 2259 5735 consequens.
