3972 6212
274 270 373 328 231

1339 271 1430 328 EX
1470 272 1671 328 ιιι]ηο
1708 273 1797 327 DE
1833 272 2458 334 RESURRECTIONE.‘

3401 287 3510 344 282

346 391 450 442 lB’.
476 386 566 441 Διδ
584 385 872 458 ἐπίστησον
903 383 1032 456 (99),
1063 386 1182 450 ὼςὸ
1208 386 1410 460 Κύριος
1426 389 1496 442 τὰ
1523 389 1659 443 αὐτὰ
1673 387 1821 444 ταῦτι

1937 455 1941 460 η
2031 388 2147 446 ΧΗ,
2179 389 2256 445 Ac
2283 390 2427 454 vide,
2477 405 2682 460 quaeso.
2733 395 3187 462 quemadmodum
3224 397 3511 467 Dominus,

271 481 542 535 διδάσκειν
567 478 751 542 θέλων,
772 477 846 548 μὴ
874 477 1231 531 πιστευόντων
1250 479 1614 535 Σαδδουκαίων
1645 483 1725 544 εἰς
1748 481 1846 553 τὴν

1947 479 2134 536 eadem
2182 481 2272 536 illa
2326 481 2541 537 tradere
2583 480 2898 541 Sadducaais
2938 487 3396 544 resurrectionem
3415 506 3514 548 ne~

273 572 566 623 ἀνάστασιν
613 566 712 637 τῆς
765 567 988 638 σαρκός.
1033 566 1218 639 Δόγμα
1265 569 1373 642 γὰρ
1417 569 1573 624 τοῦτο
1617 572 1821 625 Σαδδουη

1945 574 2221 641 gantibus,
2275 574 2526 630 voluerit.
2595 574 2689 629 Est
2737 577 2880 631 enim
2951 579 3053 633 hoc
3086 579 3512 640 Sadducaaorum

272 659 634 718 καίων.’()θεν
669 660 1131 731 συσκευασάμενοι
1171 662 1271 733 τὴν
1319 662 1460 717 κατά
1489 663 1586 736 τὴν
1611 667 1846 732 γυναῖκα

271 757 365 810 καὶ
411 755 538 818 τοὺς
583 753 723 808 ἑπτά
771 752 1030 822 ἀδελφοὺς
1077 753 1406 827 παραϐολὴν,
1447 756 1533 811 ἵνα
1580 755 1668 810 τὸν
1717 757 1844 828 περὶ

268 848 619 910 ἀναστάσεως
641 847 742 916 τῆς
774 846 972 917 σαρκὸς
997 846 1152 917 λόγον
1182 849 1519 920 ἀπορήσωσι,
1567 849 1844 920 Προσῆλ-

268 944 379 996 θον
429 936 588 1004 αὐτῷ
614 980 628 1004 ,
683 939 814 1010 φησὶ
839 978 854 1002 ,
906 939 1004 993 καὶ
1059 938 1445 995 Σαδδουκαῖοι
1474 981 1489 1005 ,
1535 941 1839 1012 λέγοντες,

265 1030 611 1085 ἀνάστασιν
648 1027 734 1098 μὴ
783 1026 956 1086 εἶναι.
1107 1027 1200 1086 οὖν
1243 1032 1494 1104 Χριστὸς,
1545 1035 1593 1086 εί
1645 1034 1719 1106 μὴ
1772 1030 1841 1105 ἦν

265 1125 565 1187 ἀνάστασις
617 1122 836 1196 σαρκὸς,
867 1122 1001 1176 ἀλλά
1035 1124 1192 1194 μόνον
1218 1119 1465 1189 ἐσώζετο
1491 1125 1657 1198 ψυχὴ,
1720 1143 1842 1180 συνο

263 1215 421 1270 έθετο
465 1214 530 1267 ἂν
583 1214 786 1278 αὐτοῖς,
820 1214 896 1278 ὡς
947 1214 1126 1279 καλῶς
1174 1217 1267 1270 καὶ
1327 1217 1501 1290 ὀρθῶς
1560 1217 1834 1291 φρονοῦσι.

263 1309 403 1364 Νυνὶ
463 1308 518 1361 δὲ
560 1307 951 1378 ἀποκρίνεται,
987 1306 1188 1376 λέγων’
1234 1307 1333 1363 Ἑν
1382 1310 1455 1379 τῇ
1511 1311 1839 1366 ἀναστάσει

261 1403 405 1457 οὔτε
467 1399 795 1471 γαμοῦσιν,
859 1401 997 1454 οὔτε
1061 1401 1450 1470 γαμίσκονται
1474 1445 1488 1470 ,
1552 1404 1689 1458 ἀλλ’
1756 1404 1838 1469 ὡς

258 1492 505 1561 ἄγγελοι
564 1492 633 1545 ἐν
695 1489 928 1560 οὐρανῷ
992 1491 1185 1543 είσινο
1231 1492 1291 1545 οὐ
1366 1492 1442 1564 τῷ
1505 1494 1683 1564 σάρκα
1755 1491 1830 1564 μή

257 1583 444 1654 ἔχειν,
497 1583 633 1638 ἀλλά
673 1583 752 1655 τῷ
799 1582 871 1654 μὴ
923 1587 1120 1654 γαμεῖν
1163 1585 1257 1639 καὶ
1317 1584 1648 1655 γαμεῖσθαι,
1701 1585 1836 1639 ἀλλὰ

259 1673 400 1731 εἶναι
448 1675 632 1729 λοιπὸν
685 1676 744 1728 ὲν
800 1675 1093 1750 ἀφθαρσίᾳ.
1148 1676 1256 1732 Καί
1324 1695 1520 1749 φησιν,
1582 1676 1833 1746 ἀγγέλοις

1943 665 2156 737 dogma.
2189 665 2340 722 Unde
2372 667 2670 737 composita
2690 668 2801 730 illa,
2852 668 2919 724 de
2972 671 3197 728 muliere
3225 673 3398 744 deque
3426 691 3515 731 se-

1942 765 2084 826 ptem
2121 755 2401 818 fratribus.
2428 758 2710 827 parabola.
2744 773 2906 827 quam
2956 761 3216 817 adversus
3267 779 3514 820 resurre-

1941 847 2140 903 ctionis
2161 864 2450 917 corporum
2495 849 2689 920 dogma
2725 858 3089 920 proponerent
3122 869 3134 904 :
3167 854 3514 910 Accesserant

1941 939 2010 993 ad
2042 943 2373 1010 eum.inquit
2399 942 2465 1008 ",
2494 940 2797 1005 Sadducwi,
2825 941 3052 998 dicentes
3082 949 3512 1003 resurrectionem

1940 1041 2044 1080 non
2071 1042 2203 1081 esse.
2255 1026 2491 1084 Proinde
2543 1029 2818 1089 Christus.
2873 1031 2918 1085 si
2969 1033 3115 1086 nulla
3164 1037 3512 1096 carnisesset

1940 1119 2286 1178 resurrectio.
2341 1119 2434 1174 sed
2486 1121 2665 1174 anima
2722 1121 2989 1176 duntaxat
3035 1124 3266 1180 salutem
3323 1143 3513 1183 conse-

1938 1219 2214 1278 queretur.
2250 1210 2361 1266 illis
2392 1212 2578 1282 utique
2607 1220 2794 1283 utpote
2827 1221 2977 1269 recte
3001 1230 3064 1269 ac
3092 1219 3351 1285 praeclare
3378 1235 3508 1274 sen-

1939 1303 2221 1362 tientibus.
2287 1320 2439 1358 suam
2505 1305 2883 1360 auctoritatem
2947 1307 3286 1378 adjungeret.
3343 1311 3508 1382 Atqui

1937 1392 2043 1448 alia
2075 1393 2258 1447 omnia
2294 1395 2631 1464 respondens
2684 1397 2864 1450 ait”:
2903 1393 2970 1450 In
3018 1401 3393 1454 resurrectione
3425 1419 3511 1456 ne-

1934 1500 2032 1554 que
2061 1483 2256 1538 ducunt
2285 1503 2494 1555 uxores,
2553 1505 2711 1557 neque
2746 1489 2967 1556 nubunt,
3023 1489 3112 1544 sed
3147 1501 3202 1544 ut
3241 1495 3410 1563 angeli
3453 1497 3508 1549 in

1935 1576 2062 1650 caglo
2111 1585 2234 1630 sunt
2266 1593 2285 1630 :
2317 1592 2425 1630 non
2467 1577 2612 1647 quod
2659 1594 2878 1634 carnem
2941 1595 3050 1634 non
3102 1580 3366 1648 habeant,
3409 1584 3506 1639 sed

1935 1668 2079 1739 quod
2111 1677 2328 1724 mutuas
2350 1671 2570 1738 nuptias
2599 1672 2778 1726 nullas
2823 1673 3173 1738 contrahant,
3223 1674 3317 1730 sed
3357 1675 3508 1731 dein-

257 1767 404 1820 κατὰ
465 1765 622 1818 τοῦτο
685 1764 1116 1837 πλησιάζοντας,
1179 1767 1262 1820 ἵνα
1324 1765 1512 1839 ὥσπερ
1559 1768 1608 1819 οἰ
1666 1767 1821 1834 ἄγγε-

1940 1777 2068 1832 ceps
2090 1762 2200 1817 sint
2228 1763 2598 1832 corruptionis
2623 1772 2896 1834 expertes.
2937 1764 3098 1820 Addit
3126 1783 3276 1833 vero,
3307 1783 3370 1823 ea
3403 1783 3506 1824 nos

253 1857 337 1911 λοι
390 1861 448 1910 ἐν
490 1855 568 1927 τῷ
610 1855 841 1928 οὐρανῷ,
874 1856 1015 1910 οὕτω
1064 1859 1157 1911 καὶ
1199 1860 1360 1929 ἡμεῖς
1405 1860 1462 1911 ὲν
1515 1857 1593 1928 τῷ
1644 1875 1826 1929 παρα-

248 1951 436 2021 δείσῳ,
469 1952 608 2020 μήτε
654 1949 853 2020 γάμοις
899 1949 931 2020 ἦ
986 1949 1284 2014 εἰλαπίναις
1330 1949 1409 2003 ἐτι
1457 1949 1822 2021 σχολάζοντες,

248 2043 390 2096 ἀλλά
439 2043 535 2096 τοῦ
584 2041 801 2112 βλέπειν
849 2043 922 2113 (1)
967 2045 1059 2097 τὸν
1089 2043 1240 2106 Θεὸν,
1271 2043 1366 2096 καὶ
1411 2047 1674 2116 γεωργεῖν
1727 2042 1824 2115 τὴν

247 2135 416 2209 ζωὴν,
448 2137 875 2209 πρυτανεύοντος
915 2139 1046 2210 ήμῖν
1088 2135 1182 2189 τοῦ
1215 2135 1470 2208 Χριστοῦ.
1505 2136 1580 2189 Οὐ
1612 2135 1721 2207 γὰρ
1747 2132 1823 2189 εἶ-

245 2245 370 2291 πεν,
396 2229 640 2282 ἔσονται
678 2227 937 2298 ἄγγελοι,
965 2227 1078 2282 ἀλλ’
1101 2227 1180 2293 ὡς
1218 2224 1490 2296 ἄγγελοι,
1524 2222 1636 2278 οἷον
1673 2224 1821 2294 δόξῃ

236 2322 357 2391 μὲν
398 2321 496 2373 καὶ
528 2318 686 2388 τιμῇ,
727 2318 867 2372 κατά
893 2319 953 2371 τὸ
981 2317 1384 2390 γεγραμμένον,
1407 2317 1819 2385 ἐστεφανωμέ-

237 2431 359 2473 νοι.
373 2410 579 2480 βραχὺ
596 2409 662 2463 δέ
684 2428 737 2463 τι
754 2409 910 2478 παρὰ
931 2409 1071 2476 τοὺς
1097 2408 1390 2479 ἀγγέλους
1409 2407 1818 2464 διαλλάσσον-

238 2524 362 2572 τες,
398 2505 495 2557 καὶ
518 2503 686 2571 ὲγγὺς
706 2502 857 2565 ὄντες
890 2501 982 2556 τοῦ
1012 2497 1150 2554 εἶναι
1192 2499 1426 2570 ἄγγελοι.
1471 2499 1736 2573 Καθάπερ
1767 2502 1816 2554 εί

235 2599 449 2666 ἔλεγεν,
485 2595 650 2666 οὔσης
685 2594 937 2661 εὐταξίας
968 2593 1108 2647 κατά
1137 2595 1226 2647 τὸν
1261 2593 1420 2663 ἀέρα,
1454 2593 1547 2646 καὶ
1579 2593 1817 2664 γαλήνης

235 2692 458 2754 νυκτὸς,
481 2690 578 2744 καὶ
603 2688 815 2741 πάντων
835 2687 914 2758 τῷ
943 2689 1040 2759 τῆς
1062 2687 1290 2758 σελήνης
1315 2685 1540 2756 αἰθερίῳ
1564 2684 1702 2754 φωτὶ
1726 2702 1817 2738 κε-

232 2800 418 2852 κοσμη
429 2781 678 2851 μένων,ή
705 2780 896 2850 σελήνη
920 2780 1094 2849 φαίνει
1116 2779 1191 2842 ὡς
1215 2781 1243 2832 ὁ
1267 2777 1438 2848 ἥλιος.
1457 2778 1566 2832 Καὶ
1592 2777 1652 2831 οὑ
1675 2778 1814 2831 πάν-

231 2890 343 2934 τως
370 2872 439 2924 ἂν
476 2870 628 2942 ἥλιον
659 2866 794 2922 εἶναι
822 2870 921 2941 τὴν
949 2869 1176 2940 σελήνην
1212 2869 1617 2940 ἀπομαρτυρεῖν
1649 2868 1812 2922 αὐτὸν

228 2961 470 3032 λέγομεν
504 2961 570 3029 (ι’.
603 2959 900 3030 λέγοιμεν),
928 2959 1042 3012 ἀλλ’
1079 2959 1154 3022 ὡς
1183 2959 1350 3029 ἥλιον.
1379 2960 1586 3031 Ὥσπερ
1617 2961 1708 3014 καὶ
1752 2959 1813 3014 τὸ

233 3053 313 3124 μὴ
341 3054 592 3126 ὑπάρχον
623 3052 840 3124 χρυσὸς,
872 3053 1038 3121 ἐγγὺς
1057 3052 1115 3105 δὲ
1141 3052 1234 3105 τοῦ
1265 3048 1403 3106 εἶναι
1428 3052 1625 3123 χρυσὸς
1648 3069 1814 3121 πεφυο

1935 1862 2087 1924 parte
2143 1855 2350 1924 angelis
2398 1857 2714 1924 proximos;
2753 1863 2810 1910 ut
2845 1858 3299 1927 quemadmodum
3328 1860 3505 1931 angeli

1934 1946 1987 1999 in
2012 1947 2173 2008 cado,
2201 1946 2280 2000 sic
2313 1962 2414 2000 nos
2449 1946 2500 1998 in
2528 1948 2782 2015 paradiso
2804 1965 2981 2018 neque
3013 1951 3218 2019 nuptiis
3267 1952 3505 2020 amplius

1932 2052 2108 2106 neque
2129 2037 2394 2091 conviviis
2429 2037 2826 2108 indulgeamus,
2860 2041 2954 2095 sed
2986 2041 3040 2095 in
3081 2043 3504 2113 contemplanda

1931 2125 2042 2184 Deo
2063 2130 2470 2200 excolendaque
2519 2132 2625 2184 vita
2670 2131 2843 2187 simus
2890 2132 3164 2201 occupati,
3189 2133 3418 2203 praside
3438 2150 3503 2192 ac

1928 2220 2269 2277 moderatore
2321 2223 2558 2278 Christo.
2591 2221 2724 2277 Nam
2780 2239 2888 2277 non
2932 2224 3090 2286 dixit,
3126 2234 3278 2280 erunt
3308 2227 3499 2296 angeli,

1927 2312 2045 2377 sed,
2081 2313 2216 2367 sicut
2247 2314 2440 2384 angeli.
2502 2315 2650 2370 velut
2702 2315 2959 2369 nimirum
2993 2316 3164 2386 gloria
3205 2326 3255 2371 et
3308 2318 3501 2374 honore

1925 2402 2184 2464 coronati.
2217 2410 2276 2455 ut
2299 2402 2559 2472 scriptum
2591 2409 2696 2471 est,
2741 2403 3018 2472 paululum
3076 2419 3194 2458 vero
3245 2404 3309 2459 ab
3335 2424 3497 2478 ange-

1927 2493 1994 2548 lis
2044 2494 2343 2562 cli/ferentes
2374 2496 2441 2558 “,
2495 2502 2658 2565 atque
2711 2494 2927 2550 illorum
2984 2505 3194 2550 natura!
3240 2499 3495 2567 proximi.

1923 2585 2092 2652 Quasi
2115 2588 2188 2640 ita
2225 2587 2462 2642 diceret:
2507 2588 2803 2658 tranquillo
2841 2603 2936 2658 per
2969 2597 3183 2644 noctem
3210 2605 3274 2644 ac
3304 2607 3498 2648 sereno

1921 2693 2066 2743 aere,
2090 2695 2217 2733 cum
2269 2679 2480 2734 cmlesti
2513 2680 2632 2736 luce
2679 2681 2820 2734 luna:
2842 2681 3024 2735 omnia
3063 2681 3492 2750 collustrantur,

1921 2769 2048 2826 luna
2077 2771 2216 2826 sicut
2245 2771 2325 2826 sol
2348 2771 2616 2842 splendet.
2649 2771 2785 2826 Tum
2821 2773 2988 2836 enim,
3019 2789 3126 2828 non
3157 2775 3380 2830 omnino
3408 2792 3500 2833 so-

1920 2865 2024 2920 lem
2049 2880 2173 2921 esse
2219 2865 2403 2920 lunam
2456 2881 2522 2921 ex
2566 2867 2714 2922 illius
2742 2866 3057 2922 testimonio
3091 2868 3494 2939 colligeremus,

1919 2958 2015 3017 sed
2065 2958 2134 3012 ad
2193 2959 2362 3014 solem
2409 2959 2688 3014 accedere.
2734 2959 2890 3014 Sicut
2918 2961 3080 3015 etiam
3114 2961 3258 3032 quod
3302 2977 3498 3017 aurum

1919 3065 2029 3105 non
2059 3059 2161 3113 est,
2191 3065 2325 3104 auro
2362 3059 2543 3104 tamen
2596 3061 2795 3106 natura
2842 3067 2940 3108 sua
2975 3054 3334 3124 propinquius
3375 3064 3494 3123 est,

383 3119 476 3209 ὡς.
721 3119 959 3214 λέγεται,
980 3145 1075 3199 καὶ
1101 3145 1159 3198 οὐ
1185 3145 1381 3217 χρυσός
1520 3145 1576 3198 δὲ
1597 3141 1665 3216 ἦν
1685 3119 1817 3216 χρυ-

1925 3139 2069 3193 velut
2106 3154 2298 3194 aurum
2332 3139 2555 3205 dicitur,
2578 3158 2685 3196 non
2712 3158 2904 3196 aurum
2931 3163 2943 3197 :
2971 3160 3092 3198 nam
3129 3147 3176 3200 si
3206 3156 3352 3201 esset
3397 3161 3497 3202 au-

228 3241 344 3303 σὸς,
378 3239 484 3292 οὐκ
537 3237 750 3308 ἐλέγετο
799 3236 864 3292 ἂν
901 3237 974 3302 ὠς
1009 3237 1228 3308 χρυσὸς,
1258 3236 1393 3290 ἀλλά
1421 3237 1644 3309 χρυσός.
1663 3236 1815 3291 Ἐπεὶ

223 3332 281 3386 δὲ
304 3335 387 3403 μὴ
413 3333 531 3384 ἐστι
546 3333 765 3404 χρυσὸς,
791 3331 925 3386 ἀλλὰ
955 3332 1048 3385 τοῦ
1085 3328 1222 3385 εἶναι
1241 3331 1545 3403 (2)χρυσὸς.
1568 3333 1662 3385 καὶ
1679 3349 1815 3402 φαν-

223 3424 330 3489 τάξ
334 3424 496 3477 εσθαι
522 3424 611 3477 τὸν
636 3423 855 3496 χρυσὸν,
878 3424 952 3487 ὡς
971 3422 1172 3495 χρυσὸς
1199 3422 1411 3491 λέγεται
1427 3440 1441 3453 ο
1465 3422 1606 3476 οὕτω
1627 3424 1718 3477 καὶ
1740 3423 1815 3487 ὡς

224 3517 502 3586 ἀγγέλους
538 3517 754 3570 ἔσεσθαι
782 3515 1030 3585 λέγοντος
1057 3518 1182 3580 τοὺς
1211 3516 1394 3585 ἁγίους
1415 3518 1473 3570 ὲν
1493 3518 1557 3586 τῇ
1581 3515 1815 3569 ἀναστά-

226 3629 329 3672 σει,
368 3611 474 3663 οὐκ
522 3610 650 3662 αὐτὸ
680 3609 839 3663 τοῦτο
878 3609 1141 3678 ἀγγέλους
1181 3609 1343 3663 αὐτὸν
1385 3607 1814 3678 ἐπαγγέλλεσθαι

222 3699 508 3770 ἀκούομεν
527 3701 652 3762 τοὺς
672 3699 860 3768 ἁγίους
893 3701 950 3752 ὲν
977 3702 1043 3770 τῇ
1073 3700 1362 3753 ἀναστάσει
1391 3699 1634 3763 ἔσεσθαι,
1679 3698 1814 3753 ἀλλά

221 3794 399 3860 ἐγγὺς
425 3790 520 3843 τοῦ
561 3787 696 3844 εἶναι
727 3791 1010 3860 ἀγγέλους.
1045 3793 1202 3845 Ὥστε
1235 3791 1571 3861 ἀλογώτατον
1604 3792 1809 3861 λέγειν’

233 3883 466 3954 Ἐπειδὴ
489 3886 516 3937 ὁ
534 3883 766 3955 Χριστὸς
806 3884 1120 3956 ἀπεφήνατο
1137 3886 1264 3950 τοὺς
1283 3885 1467 3954 ἁγίους
1487 3885 1712 3955 ὀφθῆναι
1740 3883 1816 3948 ὡς

221 3976 502 4045 ἀγγέλους
526 3977 585 4028 ὲν
611 3979 677 4046 τῇ
710 3975 1021 4040 ἀναστάσει,
1043 3977 1114 4030 τὰ
1139 3976 1366 4048 σώματα
1392 3976 1480 4030 διὰ
1502 3977 1661 4031 τοῦτο
1686 3975 1840 4030 ταῦ-ο·

221 4087 290 4124 τα
324 4070 402 4140 μὴ
432 4069 776 4125 ἀνίστασθαιο
824 4070 1000 4124 καίτοι
1029 4070 1128 4140 τῆς
1159 4069 1352 4134 λέξεως
1383 4071 1551 4142 αὐτὴν
1581 4071 1679 4142 τὴν
1705 4087 1814 4123 πα-

225 4161 475 4232 ράδειξιν
499 4159 766 4232 δηλούσης
796 4161 983 4232 σαφῶς
1007 4161 1100 4215 τοῦ
1127 4180 1191 4215 συ
1201 4162 1534 4233 μ6αίνοντος.
1554 4164 1812 4217 Ἀνάστα-

225 4273 311 4318 σις
347 4256 462 4327 γάρ
492 4255 594 4309 οὐκ
624 4256 715 4308 ἐπὶ
734 4253 826 4308 τοῦ
857 4255 930 4326 μὴ
966 4255 1334 4319 πεπτωκότος,
1360 4256 1474 4308 ἀλλ’
1498 4257 1589 4309 ἐπὶ
1613 4255 1704 4310 τοῦ
1727 4274 1816 4309 πε-

222 4348 512 4410 πτωκότος
558 4347 793 4415 λέγεται,
846 4347 938 4400 καὶ
980 4345 1577 4420 ἀνισταμένου-’ὤσπερ
1613 4348 1813 4402 ὁπόταν

1917 3245 2061 3295 rum,
2097 3245 2205 3286 non
2258 3239 2518 3302 tanquam
2560 3247 2778 3300 aurum,
2813 3235 2910 3291 sed
2961 3251 3158 3290 aurum
3192 3236 3300 3292 dici
3328 3255 3494 3310 opor-

1917 3330 2072 3377 teret.
2109 3323 2246 3388 Quia
2281 3339 2410 3378 vero
2443 3340 2638 3379 aurum
2691 3342 2798 3381 non
2823 3334 2909 3382 est
2933 3367 2949 3392 ,
2993 3326 3089 3382 sed
3123 3343 3260 3383 auro
3308 3331 3493 3400 proxi-

1916 3431 2089 3482 mum,
2117 3424 2170 3472 et
2199 3423 2258 3471 ut
2280 3418 2576 3472 mentiatur
2608 3419 2846 3489 speciem
2903 3421 3044 3483 auri.
3094 3421 3242 3476 sicut
3300 3439 3493 3478 aurum

1915 3512 2116 3568 dicitur
2148 3513 2375 3568 :eodem
2406 3514 2564 3584 plane
2589 3514 2772 3582 modo,
2801 3514 2946 3586 quod
2980 3516 3035 3570 in
3066 3520 3492 3584 resurrectione,

1917 3605 2034 3660 fore
2061 3613 2282 3662 sanctos
2341 3607 2486 3659 sicut
2533 3607 2754 3677 angelos
2803 3608 3196 3676 pronuntiavit,
3243 3627 3350 3668 non
3413 3613 3496 3668 sic

1916 3697 2290 3768 accipiendum
2323 3705 2428 3762 est,
2473 3707 2531 3751 ut
2550 3714 2644 3754 eos
2693 3699 2914 3769 angelos
2959 3698 3074 3755 fore
3116 3701 3363 3766 voluerit,
3397 3703 3495 3759 sed

1915 3805 2104 3845 eorum
2137 3797 2348 3844 tantum
2399 3790 2699 3846 conditioni
2732 3791 3091 3862 propinquos.
3127 3792 3491 3859 Quamobrem

1916 3885 2304 3940 stultissimum
2328 3893 2412 3938 est
2460 3884 2538 3937 ita
2591 3886 2890 3956 colligere:
2921 3887 3189 3952 Quoniam
3239 3887 3493 3945 Christus

1915 3983 2138 4032 sanctos
2160 3978 2212 4032 in
2250 3977 2654 4034 resurrectione
2684 3986 2941 4050 tanquam
2973 3981 3195 4052 angelos
3226 3980 3402 4037 visum
3424 3981 3493 4037 iri

1916 4069 2306 4139 pronuntiavit,
2341 4067 2549 4124 idcirco
2582 4069 2698 4125 fore
2739 4079 2797 4124 ut
2817 4087 3047 4142 corpora
3088 4072 3202 4128 haec
3261 4088 3371 4127 non
3401 4087 3494 4128 rc-

1916 4160 2277 4225 surrexerint,
2330 4161 2631 4230 praesertim
2661 4178 2787 4217 cum
2837 4178 2940 4216 vox
2973 4163 3111 4233 ipsa,
3144 4163 3292 4220 velut
3317 4164 3486 4219 colla-

1917 4251 2063 4307 tione
2097 4252 2198 4323 (4),
2230 4252 2350 4321 ejus
2401 4253 2545 4323 quod
2576 4256 2864 4326 contingit,
2900 4256 3168 4311 rationem
3204 4257 3490 4326 perspicue

1917 4345 2186 4400 ostendat.
2221 4344 2355 4400 Nam
2385 4348 2715 4403 resurrectio
2763 4364 2871 4402 nou
2913 4348 2979 4402 de
3005 4363 3070 4402 eo
3105 4349 3307 4404 dicitur
3345 4347 3490 4418 quod

223 4440 376 4507 λέγει
411 4441 510 4492 καὶ
542 4442 570 4493 ὁ
609 4442 891 4512 προφήτης
911 4458 924 4470 ·
962 4441 1070 4496 Καὶ
1099 4440 1423 4507 ἀναστήσω
1444 4440 1557 4509 τὴν
1573 4441 1815 4510 σκηνὴν

1925 4453 2194 4508 nunquam
2223 4439 2420 4494 cecidit
2444 4457 2459 4506 ;
2483 4440 2575 4496 sed
2593 4440 2660 4496 de
2690 4455 2755 4495 eo
2783 4439 2925 4510 quod
2956 4441 3174 4502 cecidit,
3204 4450 3258 4497 et
3292 4442 3490 4497 iterum

227 4531 416 4584 Διιεὶδ
454 4531 571 4599 τὴν
614 4532 1226 4586 πεπτωκυῖαν.Ἔπεσε
1258 4532 1314 4585 δὲ
1349 4532 1623 4586 ὀκλάσασα
1651 4535 1683 4605 ή
1717 4551 1808 4587 πο-

222 4622 365 4694 θητὴ
404 4624 574 4694 σκηνὴ
609 4625 706 4694 τῆς
733 4624 910 4694 ψυχῆς
937 4627 1023 4690 εὶς
1051 4624 1167 4695 γῆν
1199 4622 1483 4692 χώματος.
1507 4625 1580 4678 Οὐ
1612 4624 1720 4696 γάρ
1747 4624 1809 4678 τὸ

227 4719 303 4786 μὴ
336 4716 593 4785 θνῆςκον,
633 4715 766 4770 ἀλλά
793 4717 850 4770 τὸ
880 4716 1112 4787 θνῆσκον
1141 4717 1398 4770 κλίνεται.
1427 4717 1660 4787 Θνήσκει
1686 4717 1743 4769 δὲ
1773 4719 1806 4789 ἡ

227 4806 400 4876 σάρξ·
434 4807 580 4879 ψυχὴ
620 4807 676 4860 δὲ
712 4809 787 4879 (5)
819 4808 1105 4872 ἀθάνατος.
1138 4809 1247 4862 Καὶ
1278 4809 1474 4872 τοίνυν,
1508 4811 1555 4862 εἰ
1593 4811 1626 4880 ή
1659 4809 1804 4882 ψυχὴ

223 4898 518 4963 ἀθάνατος,
557 4899 714 4970 σῶμα
749 4899 805 4953 δὲ
842 4900 871 4952 ὀ
908 4899 1120 4972 νεκρὸς,
1150 4902 1200 4953 οἱ
1229 4901 1477 4969 λέγοντες
1512 4902 1805 4957 ἀνάστασιν

227 4989 330 5058 μὲν
361 4987 524 5055 εἶναι,
556 4992 755 5064 σαρκὸς
781 4992 836 5045 δὲ
873 4991 946 5064 μή
971 4989 1128 5057 εἶναι,
1165 4993 1448 5066 ἀρνοῦνται
1481 4995 1804 5051 ἀνάστασινο

223 5081 307 5132 ὄτι
343 5081 419 5153 μή
455 5083 514 5136 τὺ
542 5083 728 5150 ἑστὸς,
767 5084 902 5138 ἀλλά
941 5082 1002 5137 τὸ
1047 5086 1332 5149 πεπτωκὸς
1356 5092 1449 5145 καὶ
1470 5091 1645 5144 κλιθὲν
1663 5090 1808 5143 διαν-

1923 4531 2182 4602 assurgit.
2229 4529 2392 4587 Velut
2427 4548 2550 4587 cum
2610 4533 2876 4603 propheta
2911 4531 3045 4587 dicit
3077 4553 3090 4588 :
3126 4533 3192 4587 Et
3223 4533 3490 4589 suscitabo

1916 4621 2313 4678 tabernaculum
2358 4623 2523 4678 David
2545 4623 2682 4695 quod
2705 4622 2965 4678 ceciderat
2997 4623 3064 4678 ’⁷.
3096 4623 3303 4679 Cecidit
3330 4639 3491 4694 porro

1912 4717 2280 4771 desideratum
2334 4716 2465 4771 illud
2503 4717 2911 4772 tabernaculum
2944 4718 3244 4787 collapsum
3293 4717 3346 4770 in
3387 4725 3490 4770 ter-

1914 4826 2028 4863 ram
2062 4812 2264 4880 aggeris
2295 4811 2362 4863 ".
2406 4809 2525 4866 Non
2569 4811 2712 4864 enim
2743 4809 2890 4879 quod
2941 4826 3050 4864 non
3109 4811 3360 4869 moritur,
3393 4808 3489 4862 sed

1915 4903 2060 4972 quod
2082 4904 2334 4968 moritur,
2365 4903 2630 4958 inclinare
2655 4903 2874 4957 dicitur.
2922 4901 2991 4955 At
3045 4901 3276 4955 moritur
3302 4912 3433 4952 caro
3469 4913 3485 4949 ε

1918 4997 2098 5050 anima
2129 4997 2330 5066 quippe
2354 4996 2697 5050 immortalis.
2727 4994 3070 5065 Quapropter
3092 4993 3136 5048 si
3163 4990 3488 5047 immortalis

1920 5093 2008 5142 est
2037 5087 2239 5149 anima,
2270 5099 2468 5156 corpus
2498 5102 2624 5142 vero
2650 5085 2881 5140 cadaver
2916 5091 2999 5139 est
3025 5101 3039 5151 ;
3063 5082 3156 5153 qui
3191 5081 3264 5135 ita
3301 5094 3488 5134 resur-

289 5266 342 5301 ⁸³
375 5266 575 5324 Matth.
599 5283 738 5334 xm,
767 5268 858 5324 25.
925 5268 970 5300 "
1001 5266 1145 5322 Ibid.
1213 5270 1259 5303 "
1290 5269 1441 5326 Psal.
1479 5286 1599 5336 vui,
1636 5268 1689 5324 6.
1761 5269 1804 5300 "
1834 5267 1998 5323 Amos
2033 5284 2110 5334 Ix,
2145 5269 2230 5324 ll.
2299 5268 2345 5300 ’⁸
2382 5266 2523 5322 Dan.
2560 5281 2659 5326 xu.
2685 5265 2741 5318 2.

299 5443 414 5508 (99)
442 5445 541 5519 Διὸ
573 5448 767 5503 eam.
794 5449 868 5504 Ex
895 5448 1086 5519 Epiph.
1126 5455 1282 5515 luctu,
1312 5467 1366 5505 n.
1399 5449 1484 5505 55.

302 5521 380 5590 (ξι
411 5517 523 5590 Τοῦ
539 5520 646 5590 βλ.
685 5519 849 5590 Forte
865 5517 1052 5590 eam.

304 5588 611 5661 (2)_'A.1.lc't
655 5589 760 5644 τοῦ
793 5587 1073 5647 εἶν.Ῥοει
1099 5590 1235 5646 άλλά
1281 5592 1430 5649 deest
1469 5590 1653 5661 ἐγγύς.
1707 5589 1798 5647 Sic

231 5672 378 5730 enim
401 5659 629 5730 legimus
655 5662 812 5728 paulo
844 5669 984 5730 post.

321 5729 394 5796 (5)
438 5728 610 5797 Τι’χὴ
633 5730 718 5785 δέ.
749 5728 909 5796 Edili,
945 5730 1089 5804 ψυχὴ
1117 5731 1241 5803 γάρ.

1981 5447 2056 5517 (4)
2096 5445 2246 5501 Velut
2278 5445 2577 5509 collatione,
2601 5455 2705 5517 etc.
2733 5442 2895 5517 Editi.
2936 5443 3152 5516 πρᾶξιν,
3186 5445 3256 5517 At
3297 5444 3484 5500 πασά-

1907 5515 2091 5586 δειξιν,
2124 5534 2223 5571 vox
2257 5520 2558 5587 aptissima.
2600 5515 2788 5570 Posset
2820 5516 2960 5587 forte
2981 5533 3086 5570 uno
3113 5516 3279 5587 verbo
3306 5517 3482 5584 reddi,

1907 5585 2330 5644 contentionem:
2383 5589 2656 5658 quomodo
2679 5587 2764 5648 τὸ,
2793 5585 3209 5658 παραδεικνύειν
3243 5587 3484 5642 dicimus

1905 5659 2212 5714 contendere
2260 5676 2354 5715 seu
2403 5657 2476 5712 ea:
2551 5657 2769 5713 aduri-so
2814 5658 3050 5728 conferre
3093 5668 3144 5714 et
3197 5668 3482 5713 contraco-

1908 5749 2045 5788 ποτε.
