3962 6204
564 283 674 341 283

1545 285 1607 344 ε.
1647 285 1979 343 nemon"
2018 285 2328 344 EPISCOPI
2367 284 2455 340 ετ
2498 268 2850 338 MARTYRIS

3679 273 3780 329 εει

566 405 861 462 rectionem
887 421 1009 462 esse
1037 404 1386 468 confitentur,
1411 414 1475 461 ut
1500 423 1621 464 eam
1647 408 1784 463 nihil
1809 408 1874 462 ad
1909 423 2123 464 carnem

2230 411 2437 464 ίσταται
2461 448 2478 474 ,
2523 403 2664 458 κατά
2689 404 2749 458 τὸ
2777 397 3184 474 γεγραμμένον·
3215 395 3312 464 Μὴ
3341 397 3373 450 ὁ
3405 394 3641 448 πίπτων
3678 393 3783 446 οὐκ

564 499 835 569 pertinere
886 505 1092 568 putent,
1127 502 1583 556 resurrectionem
1628 501 1846 570 penitus
1903 507 2120 571 negant.

2228 500 2559 560 ἀνίσταται,
2610 495 2647 564 ἢ
2675 497 2707 548 ό
2733 492 3122 576 ἀποστρέφων
3145 492 3255 545 οὐκ
3279 484 3671 554 ἁναστρέφει;

564 591 1010 663 Quandoquidem
1055 607 1166 647 non
1228 592 1360 647 illud
1391 593 1539 663 quod
1593 601 1722 658 stat,
1763 593 1859 650 sed
1916 593 2061 663 quod
2108 593 2304 647 cecidit
2363 603 2417 646 et
2466 589 2784 649 inclinavit,
2841 599 3136 655 exsurgere
3186 581 3384 636 dicitur
3411 587 3467 633 et
3514 576 3782 640 suscitari,

557 691 714 762 juxta
748 704 811 744 ac
845 688 1105 758 scriptum
1147 697 1231 749 est
1261 690 1309 723 ⁸⁸·
1338 708 1354 744 :
1390 689 1642 761 Nunquid
1693 690 1783 762 qui
1824 691 1967 744 cadit
2001 705 2103 744 non
2137 689 2384 759 resurgit,
2421 697 2513 740 aut
2544 685 2634 756 qui
2659 683 2846 739 avertit
2881 696 3058 735 senon
3093 676 3410 732 revertitur?

633 781 767 836 Xlll.
797 781 1064 850 Quoniam
1091 799 1220 839 caro
1250 785 1393 840 inter
1416 784 1653 841 conﬁnia
1685 786 2056 856 corruptionis
2076 795 2131 840 et

561 875 1018 946 incorruptionis,
1056 891 1120 930 ac
1170 893 1272 932 nec
1319 879 1596 948 corruptio
1651 894 1750 934 nec
1790 879 2128 948 incorruptio

557 976 738 1022 creata
768 975 919 1035 erat;
976 967 1119 1023 victa
1172 984 1301 1024 vero
1330 976 1414 1024 est
1441 985 1473 1024 a
1499 969 1848 1039 corruptione
1906 975 2129 1039 propter

561 1059 890 1128 voluptatem
920 1098 935 1121 ,
962 1073 1274 1128 quanquam
1329 1067 1476 1114 esset
1533 1058 1958 1128 incorruptionis
1987 1071 2126 1127 opus

556 1158 611 1204 et
641 1148 920 1219 possessio
945 1165 958 1200 :
991 1148 1197 1203 idcirco
1230 1147 1372 1204 facta
1403 1159 1487 1205 est
1512 1149 1842 1218 corruptioni
1867 1147 2122 1211 obnoxia,

561 1241 946 1310 inclinavitque
987 1241 1042 1293 in
1091 1249 1286 1294 terram
1339 1241 1541 1311 aggeris
1565 1241 1631 1296 '°.
1662 1239 1955 1311 Postquam
1995 1254 2124 1311 ergo

559 1334 702 1387 victa
727 1332 920 1388 fuisset
945 1346 975 1385 a
1003 1332 1374 1404 corruptione,
1419 1334 1690 1404 mortique
1735 1341 1956 1404 propter
1987 1348 2126 1403 prat-

558 1427 942 1480 varicationem
965 1425 1164 1480 tradita
1187 1466 1203 1492 ,
1240 1426 1416 1481 noluit
1439 1423 1582 1482 Deus
1611 1427 1782 1498 ipsam
1815 1443 1914 1482 ceu
1949 1427 2122 1482 haere-

557 1519 780 1573 ditatcm
843 1520 1182 1590 corruptioni
1241 1521 1308 1574 ad
1340 1520 1622 1575 victoriam
1654 1520 1993 1591 relinquere;
2028 1518 2125 1574 sed

556 1627 777 1668 rursum
829 1611 973 1666 victa
1011 1627 1108 1682 per
1137 1611 1595 1668 resurrectionem
1647 1619 1842 1676 morte,
1875 1611 2126 1666 incorru-

2297 785 2396 838 II".
2431 781 2646 851 Ἐπειδὴ
2697 779 2944 852 μεθόριος
2973 774 3071 847 (ι·)
3100 775 3198 845 τῆς
3229 769 3537 842 ἀφθαρσίας
3576 768 3784 837 ἐγένετο

2227 878 2320 932 καὶ
2341 877 2443 946 τῆς
2496 873 2699 946 φθορᾶς
2727 875 2760 944 ή
2806 870 2960 943 σὰρξ,
3000 870 3098 922 οὐκ
3128 863 3260 921 οὖσα
3303 863 3425 918 οὕτε
3459 862 3636 934 φθορὰ
3665 862 3786 915 οὒτε

2226 968 2499 1040 ἀφθαρσία
2519 1007 2533 1031 ,
2564 965 2835 1038 ἐκρατήθη
2863 963 2919 1016 δὲ
2949 961 3036 1014 διὰ
3060 961 3157 1031 τὴν
3187 955 3375 1030 ἡδονὴν
3404 955 3510 1008 ὑπὸ
3536 955 3636 1025 τῆς
3665 953 3787 1022 φθο-

2229 1063 2346 1134 ρᾶς,
2391 1061 2601 1131 ποίημα
2635 1058 2732 1128 τῆς
2754 1054 3056 1127 ἀφθαρσίας
3081 1052 3174 1105 καὶ
3218 1051 3404 1121 κτῆμα
3437 1049 3786 1116 ὑπάρχουσα·

2227 1154 2316 1208 διὰ
2353 1152 2510 1205 τοῦτο
2541 1150 2754 1219 ἐγένετο
2806 1137 3036 1220 φθαρτὴ’
3060 1145 3154 1198 καὶ
3193 1145 3279 1208 εις
3306 1139 3422 1211 γῆν
3465 1138 3651 1208 ἐκλίθη
3683 1135 3792 1205 χώ-

2224 1262 2428 1316 ματος.
2458 1243 2568 1297 Καὶ
2591 1243 2712 1294 ἐπεὶ
2742 1236 2832 1295 οὖν
2870 1237 3147 1309 ἐκρατήθη
3177 1234 3283 1287 ὑπὸ
3307 1233 3406 1302 τῆς
3436 1231 3663 1302 φθορᾶς,
3703 1229 3793 1281 καὶ

2231 1337 2444 1407 θανάτῳ
2491 1334 2580 1389 διὰ
2606 1333 2890 1408 παρακοὴν
2931 1329 3220 1402 παρεδόθη,
3269 1329 3346 1390 εἰς
3367 1328 3513 1387 νῖκος
3567 1321 3737 1393 αὐτὴν
3768 1323 3794 1374 ὁ

2228 1430 2359 1494 Θεὸς
2404 1433 2478 1501 τῇ.
2506 1429 2679 1501 φθορᾷ
2720 1427 2964 1497 καθάπερ
3009 1418 3448 1494 κληρονομίανοὺ
3474 1417 3791 1471 κατέλιπεν

2229 1522 2365 1582 ἀλλά
2394 1522 2574 1586 πάλιν,
2625 1522 2714 1575 διὰ
2743 1521 2840 1590 τῆς
2873 1517 3217 1580 ἀναστάσεως
3261 1515 3487 1584 νικήσας
3518 1511 3616 1563 τὸν
3636 1509 3798 1562 θανα-

2227 1635 2339 1682 τον,
2382 1615 2662 1688 παρέδωκε
2695 1617 2760 1684 τῇ
2805 1610 3114 1682 ἀφθαρσίᾳ,
3176 1608 3263 1661 ἵνα
3308 1605 3382 1677 μὴ
3411 1603 3799 1674 κληρονομήσῃ

558 1704 729 1776 ptioni
761 1704 1032 1769 reddidit,
1069 1711 1128 1759 ut
1161 1720 1230 1760 ne
1278 1704 1562 1776 corruptio
1617 1703 2080 1774 incorruptionem
2106 1745 2122 1773 ,

2231 1713 2264 1782 ἡ
2297 1707 2470 1780 φθορά
2511 1706 2608 1777 τὴν
2653 1703 2980 1776 ἀφθαρσίαν,
3015 1701 3125 1755 ἀλλ’
3163 1702 3197 1770 ἡ
3225 1696 3499 1770 ἀφθαρσία
3542 1694 3603 1748 τὸ
3634 1693 3801 1786 φθαρ

557 1793 655 1849 sed
701 1793 872 1865 magis
926 1793 1284 1863 incorruptio,
1317 1794 1463 1864 quod
1513 1801 1595 1849 est
1646 1795 2015 1863 corruptibile,
2064 1796 2120 1850 in

558 1885 926 1940 haereditatem
958 1886 1247 1954 acciperet.
1301 1885 1381 1940 Ad
1430 1886 1545 1941 haec
1600 1885 1782 1956 itaque
1832 1886 2124 1956 respondet

554 1975 893 2047 Apostolus:
933 1975 1151 2045 Oportet
1203 1977 1340 2030 enim
1401 1976 1734 2044 corruptibile
1786 1977 1882 2031 hoc
1911 1977 2125 2030 induere

554 2068 1083 2137 incorruptionem,et
1106 2068 1328 2121 mortale
1367 2067 1461 2121 hoc
1492 2066 1702 2122 induere
1751 2068 2126 2122 immortalita-

558 2169 660 2214 tem
691 2159 756 2212 ³¹.
803 2158 1169 2231 Corruptibile
1193 2167 1374 2214 autem
1412 2167 1466 2213 et
1490 2160 1716 2214 mortale
1769 2160 1873 2214 hoc
1903 2159 2126 2216 induere

553 2253 1016 2308 immortalitatem
1065 2261 1118 2307 et
1163 2252 1649 2323 incorruptionem,
1683 2253 1814 2324 quid
1849 2253 1999 2308 aliud
2030 2254 2123 2319 sit,

555 2360 717 2416 quam
749 2352 808 2398 ut
836 2343 974 2415 quod
1020 2345 1309 2397 seminatur
1339 2345 1393 2398 in
1441 2346 1804 2413 corruptione,
1840 2353 2024 2414 surgat
2066 2346 2124 2398 in

553 2439 944 2508 incorruptione
980 2436 1025 2468 "
1065 2437 1195 2507 (non
1223 2438 1368 2492 enim
1408 2437 1587 2490 anima
1632 2437 2005 2506 corruptibilis
2042 2444 2126 2491 est

553 2539 649 2586 aut
681 2531 960 2597 mortalis;
997 2529 1348 2597 corruptibile
1403 2543 1533 2583 vero
1561 2536 1613 2582 et
1638 2528 1782 2598 quod
1810 2527 2119 2597 corrumpi-

554 2630 665 2687 tur,
709 2622 813 2676 ista
841 2637 968 2677 caro
997 2621 1143 2693 est)?
1175 2630 1233 2676 ut
1280 2623 1414 2674 sicut
1464 2621 1786 2688 portavimus
1843 2619 2123 2690 imaginem

555 2711 765 2776 terreni,
795 2720 1057 2780 portemus
1077 2720 1124 2765 et
1147 2712 1424 2780 imaginem
1454 2711 1673 2765 caelestis
1697 2711 1762 2765 ³³.
1787 2707 1920 2764 Nam
1949 2710 2125 2780 imago

553 2803 758 2858 terreni
780 2819 941 2874 quam
969 2803 1327 2873 portavimus,
1363 2803 1497 2858 illud
1535 2811 1618 2858 est
1653 2822 1665 2856 :
1697 2801 1858 2856 Terra
1882 2818 1957 2864 es,
1993 2811 2043 2856 et
2071 2803 2124 2856 in

555 2903 752 2948 terram
802 2895 1073 2948 reverteris
1099 2892 1166 2946 “.
1196 2893 1378 2964 Imago
1399 2901 1579 2948 autem
1626 2893 1868 2948 caelestis
1922 2900 2006 2948 est
2037 2907 2126 2948 re-

556 2985 825 3041 surrectio
853 3001 923 3040 ex
940 2986 1171 3041 mortuis
1195 2993 1250 3041 et
1270 2985 1612 3055 incorruptio
1644 3004 1658 3039 :
1698 2983 1768 3038 Ut
1797 2985 1933 3038 sicut
1967 2983 2123 3040 Chri-

2221 1802 2330 1857 τόν.
2375 1797 2836 1870 ἘἰιταποκρίνεταιΔ
2866 1794 2997 1864 γοῦν
3023 1796 3052 1847 ό
3073 1791 3390 1853 Ἀπόστολος
3414 1807 3426 1818 ·
3457 1787 3558 1842 Δεῖ
3591 1787 3700 1856 τὰρ
3731 1785 3798 1839 τὸ

2221 1893 2483 1964 φθαρτὸν
2530 1889 2705 1945 τοῦτο
2745 1887 3114 1942 ἐνδύσασθαι
3159 1882 3502 1953 ἀφθαρσίαν
3521 1921 3553 1946 ,.
3592 1879 3692 1933 καί
3731 1876 3801 1932 τὸ

2223 1983 2445 2051 θνητὸν
2483 1979 2658 2035 τοῦτο
2681 1977 3051 2034 ἐνδύσασθαι
3083 1974 3436 2029 ἀθανασίαν.
3461 1969 3704 2043 Φθαρτὺν
3747 1967 3801 2021 δέ

2227 2075 2324 2130 καὶ
2345 2073 2539 2144 θνητὸν
2567 2070 2880 2142 ἐνδυόμενον
2903 2065 3200 2121 ἀθανασίαν
3230 2064 3282 2116 τί
3304 2063 3429 2117 ἀλλο
3451 2064 3517 2115 ἂν
3537 2059 3622 2130 εἴη
3645 2075 3722 2110 πα
3732 2055 3804 2129 pit

2223 2167 2290 2221 τὸ
2340 2165 2739 2234 σπειρόμενον
2797 2160 2868 2214 ἐν
2905 2157 3095 2229 φθορᾷ
3147 2155 3246 2210 καὶ
3287 2152 3689 2223 ἀνισταμενον
3735 2153 3804 2206 ἐν

2223 2257 2523 2328 ἀφθαρσίᾳ
2574 2255 2675 2326 (ὅτι
2725 2252 2800 2325 μὴ
2849 2251 3061 2322 φθαρτή
3103 2251 3250 2302 ἐστιν
3290 2247 3324 2319 ἢ
3360 2245 3529 2317 θνητὴ
3573 2248 3608 2316 ἡ
3649 2244 3811 2316 ψυχὴ

2223 2349 2360 2404 ἀλλά
2391 2349 2454 2401 τὸ
2484 2341 2676 2418 θνητὸν
2697 2343 2856 2398 τοῦτο
2880 2343 2975 2397 καὶ
3007 2341 3358 2414 φθειρόμενον
3391 2337 3663 2410 σαρκίον);
3684 2339 3801 2401 ἵνα,

2223 2440 2416 2508 καθὼς
2447 2437 2820 2508 ἐφορέσαμεν
2855 2434 2971 2503 τὴν
3004 2434 3204 2488 εἰκόνα
3234 2430 3339 2484 τοῦ
3367 2428 3594 2499 χοϊκοῦ,
3629 2428 3809 2499 φορέ-

2223 2549 2422 2601 σωμεν
2459 2529 2557 2584 καὶ
2607 2530 2721 2599 τὴν
2764 2528 2968 2582 εἰκόνα
3009 2525 3118 2580 τοῦ
3153 2524 3532 2593 ἐπουρανίου.
3579 2523 3644 2575 Ἡ
3690 2522 3807 2595 γὰρ

2223 2624 2384 2678 είκὼν
2411 2623 2507 2677 τοῦ
2530 2621 2712 2693 χοῖκοῦ
2739 2621 2807 2692 ἢν
2851 2620 3210 2692 ἐφορέσαμεν,
3234 2617 3315 2684 τὸ,
3349 2615 3437 2684 Γῆ
3465 2612 3538 2678 εἷ,
3576 2614 3674 2668 καὶ
3711 2617 3809 2682 εις

2225 2713 2340 2784 γῆν
2361 2714 2696 2782 ἁπελεύση,
2724 2713 2901 2766 ἐστίν·
2932 2713 2965 2782 ἡ
2996 2711 3053 2765 δέ
3093 2708 3256 2764 εἰκὼν
3283 2707 3378 2760 τοῦ
3409 2704 3736 2776 ἐπουρανίου
3773 2705 3814 2777 ἡ,

2225 2808 2290 2860 ἐκ
2317 2805 2523 2877 νεκρῶν
2562 2807 2857 2868 ἀνάστασις
2887 2805 2980 2859 καὶ
3014 2806 3047 2874 ἠ
3078 2801 3382 2873 ἀφθαρσία·
3417 2801 3533 2862 ἵνα,
3573 2800 3809 2866 Ὠσπερ

2223 2897 2441 2969 ἠγέρθη
2464 2901 2496 2952 ό
2521 2898 2778 2966 Χριστὸς
2815 2897 2913 2952 διὰ
2941 2895 3052 2966 τῆς
3070 2895 3256 2962 δόξης
3277 2891 3385 2946 τοῦ
3423 2891 3675 2959 Πατρός,
3701 2891 3810 2944 οὔ·

2229 3006 2338 3054 τως
2369 2991 2467 3043 καὶ
2490 2989 2661 3058 ἡμεῖς
2689 2991 2759 3044 ὲν
2785 2989 3087 3056 καινότητι
3108 2987 3255 3056 ζωῆς
3287 2983 3809 3054 περιπατήσωμεν.

552 3086 666 3132 stus
698 3079 928 3132 surrexit
953 3094 1044 3147 per
1065 3079 1289 3149 gloriam
1321 3077 1524 3141 Patris,
1557 3077 1635 3130 ita
1657 3085 1708 3130 et
1739 3093 1833 3130 nos
1872 3077 1927 3130 in
1979 3077 2123 3131 nori-

2229 3077 2292 3130 El
2321 3076 2378 3130 δὲ
2402 3094 2484 3140 τις
2506 3078 2689 3131 είκόνα
2721 3077 2820 3149 μὲν
2867 3076 3056 3148 χοῖκὴν
3093 3075 3192 3146 τὴν
3218 3075 3398 3147 σάρκα
3429 3074 3600 3146 αὐτὴν
3638 3073 3813 3127 οἴοιτο

555 3179 665 3224 tate
702 3171 822 3224 vita:
843 3169 1170 3225 ambulemus
1205 3169 1269 3224 ³⁵.
1301 3167 1457 3236 Quod
1478 3170 1523 3224 si
1545 3170 1670 3239 quis
1697 3176 1968 3224 terrenam
1987 3167 2123 3221 ima-

549 3263 755 3334 ginem,
818 3277 1039 3318 carnem
1093 3261 1254 3319 istam
1309 3261 1417 3316 dici
1468 3260 1777 3326 existimet,
1844 3261 2122 3315 caelestem

552 3366 685 3406 vero
719 3351 1028 3422 imaginem,
1059 3366 1258 3422 corpus
1309 3350 1455 3407 aliud
1510 3350 1755 3422 spiritale
1785 3358 1979 3421 praeter
2001 3364 2124 3404 car-

554 3458 679 3498 nem
707 3460 724 3511 ;
749 3443 835 3496 hic
884 3442 1038 3514 prius
1070 3443 1290 3514 cogitet,
1347 3449 1409 3496 ut
1455 3442 1729 3506 Christus,
1764 3441 2005 3497 caelestis
2035 3439 2124 3495 ille

552 3533 738 3600 homo,
776 3535 1020 3590 eamdem
1068 3534 1436 3590 membrorum
1490 3535 1740 3598 formam,
1772 3533 2123 3602 eamdemque

554 3628 846 3699 imaginem
886 3643 951 3683 ac
971 3643 1190 3683 carnem
1222 3628 1392 3684 nostri
1419 3626 1651 3682 similem
1681 3635 1903 3697 gestans
1923 3664 1939 3690 ,
1966 3624 2122 3680 visus

553 3721 661 3788 sit;
697 3729 919 3792 propter
978 3736 1140 3792 quam
1194 3721 1380 3786 etiam,
1426 3721 1542 3791 ipse
1575 3735 1680 3775 non
1720 3720 1903 3784 homo,
1962 3718 2124 3774 homo

554 3811 734 3868 factus
757 3814 861 3868 sit:
890 3820 948 3868 ut
977 3815 1111 3868 sicut
1161 3814 1214 3867 in
1270 3812 1443 3866 Adam
1478 3827 1655 3865 omnes
1696 3811 2014 3875 moriuntur,
2046 3810 2126 3864 ita

548 3912 603 3957 et
632 3903 687 3957 in
738 3901 952 3959 Christo
983 3919 1159 3958 omnes
1192 3903 1517 3972 viviﬁcentur
1548 3900 1614 3954 ³⁸.
1645 3899 1765 3955 Non
1798 3902 1945 3956 enim
2001 3898 2124 3956 ideo

553 4009 773 4051 carnem
806 3996 1038 4065 portavit
1067 4003 1122 4050 et
1150 3994 1345 4062 induit,
1367 4001 1426 4050 ut
1448 4010 1557 4050 non
1581 3993 1840 4048 liberaret
1891 4000 1947 4049 et
1975 4006 2127 4048 resu-

552 4086 779 4140 scitaret
800 4100 1040 4140 carnem.
1065 4083 1196 4139 Nam
1217 4085 1346 4156 quid
1370 4085 1574 4141 frustra
1603 4099 1822 4140 carnem
1843 4083 2121 4149 induebat,

553 4194 716 4249 quam
749 4195 846 4233 nec
869 4179 1073 4233 salvam
1107 4177 1284 4234 facere
1313 4179 1596 4236 statuisset
1621 4194 1720 4234 nec
1754 4176 2126 4235 resuscitare?

553 4270 624 4323 At
653 4270 787 4323 nihil
814 4269 906 4324 Dei
930 4269 1104 4324 Filius
1131 4269 1336 4327 frustra
1383 4271 1534 4327 facit.
1583 4271 1704 4327 Non
1730 4285 1861 4342 ergo
1889 4271 2125 4327 inaniter

554 4361 812 4430 nullaque
844 4362 1075 4416 utilitate
1111 4364 1254 4418 servi
1279 4363 1509 4418 formam
1555 4367 1877 4435 assumpsit,
1927 4364 2023 4420 sed
2065 4371 2122 4418 ut

551 4453 952 4508 resurrectione
968 4453 1198 4510 donaret
1225 4470 1290 4510 ac
1319 4457 1502 4511 salvos
1526 4456 1748 4510 faceret.
1783 4455 1922 4510 Vere
1949 4455 2122 4526 siqui-

552 4541 674 4596 dem
692 4541 852 4598 homo
879 4544 1055 4600 factus
1105 4553 1159 4601 et
1213 4554 1464 4602 mortuus
1501 4553 1621 4614 est,
1664 4563 1773 4602 non
1806 4547 2122 4617 apparentia

551 4635 812 4705 inanique
867 4638 1071 4707 Specie,
1133 4637 1227 4694 sed
1278 4646 1338 4694 ut
1388 4639 1651 4704 veritate,
1712 4640 2118 4710 primogenitum

550 4739 882 4784 mortuorum
915 4731 982 4796 ³⁷,
1035 4739 1252 4788 terreno
1280 4731 1500 4787 homine
1539 4731 1595 4786 in
1635 4733 1936 4800 caelestem,
1971 4748 2119 4788 mor-

551 4823 759 4894 talique
791 4824 844 4876 in
870 4823 1227 4880 immortalem
1247 4831 1477 4890 mutato,
1506 4840 1626 4881 sese
1648 4824 1946 4880 exhiberet.
1978 4824 2115 4880 Cum

551 4932 680 4988 ergo
715 4916 790 4970 ait
815 4915 1017 4972 Paulus
1043 4917 1122 4973 ³⁸ε
1162 4917 1302 4974 Caro
1330 4927 1380 4971 et
1410 4917 1626 4988 sanguis
1652 4932 1862 4987 regnum
1891 4914 1990 4970 Dei
2011 4933 2116 4971 non

549 5018 770 5078 possunt
795 5010 1080 5078 possidere,
1113 5010 1395 5065 non.velut
1418 5009 1602 5064 carnis
1651 5009 2116 5079 regenerationem

554 5107 714 5170 neget
745 5100 818 5154 ita
845 5101 1020 5165 effert,
1045 5100 1141 5156 sed
1164 5115 1272 5170 quo
1304 5099 1519 5164 doceat,
1551 5115 1661 5154 non
1706 5114 1868 5170 posse
1890 5114 2117 5170 regnum

554 5189 671 5256 Dei,
698 5192 844 5262 quod
877 5193 947 5248 sit
965 5193 1074 5248 vita
1106 5199 1329 5259 aeterna,
1372 5192 1640 5262 possideri
1669 5207 1700 5246 a
1731 5206 1959 5262 corpore
1983 5230 1998 5257 ,
2024 5189 2120 5246 sed

553 5296 800 5353 corpusa
823 5283 951 5338 vita.
983 5282 1040 5338 Si
1072 5284 1217 5339 enim
1266 5299 1490 5354 regnum
1522 5283 1638 5349 Dei,
1667 5299 1790 5339 cum
1821 5283 1892 5337 sit
1923 5283 2056 5347 vita,
2089 5296 2121 5335 a

555 5388 785 5445 corpore
837 5375 1242 5446 possiderctur,
1292 5376 1537 5432 eveniret
1570 5377 1736 5433 vitam
1778 5375 2057 5431 absorberi
2088 5389 2121 5428 a

2223 3166 2495 3236 λέγεσθαι,
2525 3169 2707 3222 εἰκόνα
2725 3169 2784 3222 δέ
2814 3167 3136 3240 ἐπουράνιον
3164 3166 3290 3221 ἀλλο
3317 3166 3467 3236 παρά
3488 3165 3586 3236 τὴν
3622 3165 3813 3238 σάρκα

2224 3259 2382 3332 σῶμα
2413 3261 2776 3332 πνευματικόν
2796 3278 2810 3292 ·
2842 3258 3198 3331 ἐνθυμηθήτω
3235 3258 3300 3330 δὴ
3331 3254 3484 3321 οὗτος
3514 3256 3809 3329 πρότερον,

2222 3353 2304 3408 ὅτι
2363 3354 2621 3426 Χριστὸς,
2647 3357 2675 3408 ὁ
2719 3354 2966 3423 οὐράνιος
3007 3351 3314 3424 ἄνθρωπος,
3351 3352 3412 3404 τὸ
3442 3351 3576 3405 αὐτὸ
3609 3351 3806 3421 σχῆμα

2221 3444 2332 3499 τῶν
2372 3444 2567 3516 μελῶν,
2630 3446 2725 3500 καὶ
2786 3446 2971 3499 είκόνα
2997 3445 3091 3498 καὶ
3144 3444 3322 3516 σάρκα
3375 3443 3476 3515 τὴν
3521 3443 3694 3512 αὐτὴν
3739 3443 3809 3512 τῇ

2223 3535 2470 3607 ἡμετέρᾳ
2506 3534 2739 3606 φορέσας
2797 3535 2970 3605 ἐφάνη
2994 3550 3008 3564 ο
3044 3533 3108 3586 δι’
3143 3534 3206 3604 ἢν
3241 3533 3354 3595 καὶ,
3382 3529 3670 3602 ἄνθρωπος
3701 3529 3810 3582 οὐκ

2223 3627 2320 3692 ὢν,
2350 3627 2634 3700 ἄνθρωπος
2667 3627 2915 3696 ἐγένετοε
2957 3627 3066 3688 ἵνα,
3100 3623 3361 3692 καθάπερ
3398 3623 3468 3677 ἐν
3495 3621 3576 3689 τῷ
3619 3621 3810 3691 ’Δδὰμ

2224 3720 2445 3786 πάντες
2469 3720 2985 3790 ἀποθνήσκουσιν,
3017 3719 3203 3784 οὕτως
3229 3717 3328 3770 καὶ
3356 3717 3426 3769 ἐν
3457 3715 3539 3781 τῷ
3567 3713 3808 3784 Χριστῷ

2226 3811 2446 3877 πάντες
2475 3808 3041 3879 ζωοποιηθὴσωνται.
3069 3811 3133 3862 Ei
3169 3811 3275 3881 γὰρ
3293 3851 3308 3874 ,
3339 3807 3426 3861 διὰ
3453 3808 3516 3860 τὸ
3544 3807 3618 3877 μὴ
3654 3805 3814 3859 ἐλευ-

2226 3904 2464 3977 θερῶσαι
2489 3903 2586 3976 τὴν
2614 3904 2789 3975 σάρκα
2815 3904 2909 3956 καὶ
2940 3904 3262 3973 ἀναστῆσαι,
3301 3901 3480 3972 σάρκα
3516 3901 3747 3971 ἐφόρεε-ε
3761 3916 3805 3963 ι,

2223 3997 2277 4050 τί
2301 3998 2395 4051 καὶ
2425 3995 2697 4068 περισσῶς
2729 3996 2906 4067 σάρκα
2949 3995 3154 4066 ἐφόρει,
3187 3995 3253 4065 ὴν
3280 3991 3404 4045 οὔτε
3452 3991 3645 4056 σῶσαι,
3679 3990 3812 4044 οὔτε

2225 4089 2529 4159 ἀναστῆσαι
2584 4087 2899 4159 προῄρητο;
2940 4087 3075 4140 Ἀλλ’
3115 4087 3266 4141 οὐδὲν
3310 4085 3582 4158 περισσῶς
3613 4088 3814 4138 ποιεῖό

2227 4178 2356 4243 Υἱὸς
2382 4178 2476 4232 τοῦ
2504 4177 2660 4230 Θεοῦ.
2705 4177 2818 4230 Οὐκ
2859 4177 2966 4248 ἀρα
2995 4175 3284 4246 ἀνωφελῶς
3323 4175 3420 4246 τὴν
3461 4174 3675 4244 μορφὴν
3702 4173 3810 4226 τοῦ

2224 4268 2412 4322 δούλου
2429 4268 2709 4333 ἀνέλαϐεν,
2750 4267 2883 4321 ἀλλά
2903 4267 3034 4340 πρὸς
3060 4267 3121 4320 τὸ
3151 4267 3451 4337 ἀναστῆσαι
3482 4265 3572 4317 καὶ
3601 4262 3807 4318 σῶσαι.

2241 4360 2475 4433 Ἀληθῶς
2507 4361 2616 4433 γὰρ
2653 4358 2934 4432 ἄνθρωπος
2958 4360 3169 4428 ἐγένετο
3199 4360 3291 4411 καὶ
3315 4355 3571 4419 ἀπέθανε,
3620 4356 3719 4408 καὶ
3739 4357 3812 4408 οὐ

2224 4454 2304 4526 τῷ
2353 4455 2549 4517 δοκεῖν,
2601 4454 2713 4508 ἀλλ’
2761 4454 2847 4507 ἵνα
2884 4451 3100 4524 ἀληθῶς
3136 4452 3502 4520 πρωτότοκος
3551 4450 3809 4520 ἀναφανῇ

2227 4546 2346 4600 τῶν
2369 4545 2614 4613 νεκρῶν,
2647 4545 2737 4599 τὸν
2765 4544 2946 4615 χοῖκὸν
2965 4541 3281 4615 μεταϐαλὼν
3311 4543 3389 4604 είς
3413 4541 3687 4611 οὐράνιον,
3711 4541 3814 4592 καὶ

2226 4637 2317 4691 τὸν
2349 4635 2540 4708 θνητὸν
2582 4639 2659 4701 εἰς
2691 4636 2976 4690 ἀθάνατον.
3023 4634 3250 4688 Ὀπόταν
3279 4628 3369 4686 οὖν
3397 4631 3594 4700 σάρκα
3615 4633 3644 4684 ὀ
3666 4630 3816 4684 Παῦ-

2228 4732 2317 4791 λος
2361 4729 2458 4782 καὶ
2490 4723 2634 4797 αἷμα
2661 4727 2989 4792 ,Βασιλείαν
3035 4725 3182 4780 Θεοῦ
3226 4723 3676 4792 κληρονομῆσαι
3713 4720 3811 4793 μὴ

2225 4823 2519 4877 δύνασθαι
2576 4820 2707 4891 λέγῃ
2727 4860 2742 4884 ,
2771 4819 2868 4890 οὐχ
2915 4819 2990 4882 ὼς
3019 4819 3084 4872 ἐκ
3115 4816 3326 4889 φαύλης
3367 4816 3443 4888 (5)
3477 4816 3574 4886 τῆς
3601 4817 3815 4887 σαρκὸς

2223 4916 2321 4988 τὴν
2353 4912 2768 4983 παλιγγενεσίαν
2800 4911 3177 4980 ἀποφαίνεται,
3206 4909 3318 4963 ἀλλ’
3349 4909 3425 4971 ὼς
3448 4907 3714 4961 διδάσκων
3744 4909 3808 4961 οὗ

2227 5005 2675 5080 κληρονομεῖσθαι
2700 5002 2971 5074 βασιλείαν
3001 5001 3159 5063 Θεοῦ,
3208 4999 3419 5055 αἰώνιον
3455 4999 3813 5071 ὑπάρχουσαν

2227 5100 2391 5172 ζωὴν,
2454 5099 2558 5153 ὑπὸ
2608 5097 2703 5152 τοῦ
2755 5095 3022 5167 σώματος,
3064 5093 3200 5148 ἀλλά
3247 5093 3306 5147 τὸ
3358 5093 3520 5163 σῶμα
3567 5093 3672 5145 ὑπὸ
3706 5091 3813 5160 τῆς

2227 5189 2394 5260 ζωῆς.
2440 5190 2503 5242 El
2545 5187 2654 5259 γὰρ
2700 5185 3114 5257 ἐκληρονομεῖτο
3173 5187 3205 5256 ἡ
3250 5183 3490 5254 βασιλεία
3533 5180 3629 5234 τοῦ
3669 5177 3810 5234 Θεοῦ

2227 5282 2331 5334 ὑπὸ
2377 5279 2473 5334 τοῦ
2517 5279 2786 5350 σώματος,
2827 5278 2939 5350 ζωὴ
2988 5277 3326 5350 ὑπάρχουσα,
3382 5275 3694 5330 συνέϐαινεν
3735 5274 3815 5327 ἂν

2224 5373 2320 5446 τὴν
2356 5373 2499 5442 ζωὴν
2545 5372 2648 5424 ὑπὸ
2705 5372 2807 5442 τῆς
2841 5371 3046 5443 φθορᾶς
3073 5368 3483 5424 καταπίνεσθαι.
3524 5365 3641 5420 Νῦν
3665 5365 3817 5420 δέτῦ

633 5518 676 5587 ’ξ
702 5480 898 5574 lerem.
935 5537 1055 5585 vm,
1098 5523 1148 5576 ι.
1221 5523 1264 5553 ³⁸
1297 5520 1438 5576 Dan.
1463 5536 1562 5587 xu,
1585 5521 1640 5576 2.
1720 5521 1763 5552 ³¹
1794 5520 1813 5573 l
1844 5519 1967 5576 Cor.
2030 5535 2121 5584 xv,

2233 5559 2247 5573 .
2321 5519 2364 5550 "
2403 5516 2531 5571 ibid.
2573 5516 2662 5570 42.
2743 5515 2835 5569 ³³1
2882 5516 3008 5570 Cor.
3039 5533 3127 5580 xv,
3181 5515 3271 5570 49.
3345 5514 3388 5546 ³⁵
3424 5511 3552 5568 Gen.
3586 5528 3676 5580 ut,
3715 5512 3814 5568 19.

561 5584 607 5617 "
641 5585 792 5643 Rom.
828 5605 906 5653 vt,
939 5591 996 5644 4.
1042 5584 1302 5646 “lCor.
1332 5607 1426 5656 xv,
1459 5584 1559 5645 22.
1629 5593 1670 5624 ³⁷
1703 5593 1858 5661 Apoc.
1897 5609 1935 5658 ι,
1961 5591 2014 5648 5.

636 5727 734 5800 (4⁸)
774 5728 1004 5799 Ἐπειδὴ
1028 5734 1155 5801 μεθ.
1190 5731 1265 5786 Ex
1288 5732 1387 5787 cod
1436 5730 1618 5804 Rupif.

2111 5587 2200 5644 ³³1
2229 5587 2356 5646 Cor.
2382 5604 2472 5652 xv,
2507 5589 2596 5644 50.

2298 5728 2376 5802 (5)
2418 5729 2519 5784 Ἐκ
2538 5729 2793 5799 φαύλης.
2833 5727 3008 5784 Scrib.
3046 5723 3384 5796 ἐκφαυλίζων
3412 5739 3478 5779 ex
3497 5721 3821 5778 Photianis.
