3972 6212
273 270 378 326 285

1315 265 1409 324 EX
1447 266 1651 324 LlBRO
1690 266 1780 321 DE
1818 266 2449 326 RESURRECTIONE.‘

3405 271 3512 328 286

272 385 559 459 θνῆσκονή
589 385 700 457 ζωὴ
729 384 1084 457 κληρονομεῖ·
1116 385 1202 440 ἵνα
1233 386 1320 452 εις
1349 385 1516 453 νῖκος
1543 389 1576 441 ὁ
1595 385 1849 452 θάνατος

1951 383 2318 454 corruptione.
2343 382 2499 438 Nunc
2527 397 2659 438 vero
2708 383 2822 438 vita
2851 391 3122 438 mortuum
3149 383 3414 455 possidet,
3451 395 3512 438 ut

275 475 578 544 καταποθῇ
595 478 712 530 ὑπὸ
733 474 842 543 τῆς
865 471 1032 545 ζωῆς,
1065 475 1240 530 καὶτὸ
1257 475 1493 548 φθαρτὸν
1521 477 1620 548 τῆς
1641 477 1851 550 ἀφθαρ-

278 572 399 634 σίας
425 571 606 640 κτῆμα
635 569 728 621 καὶ
755 569 853 639 τῆς
881 567 1176 632 ἀθανασίας
1205 571 1368 640 φανῇ,
1395 568 1592 638 ἄφετον
1624 569 1723 640 μὲν
1755 569 1849 623 καὶ

275 660 560 730 ἐλεύθερον
611 657 841 711 Θανάτου
888 658 1174 728 γενόμενον
1204 657 1299 711 καὶ
1333 656 1624 728 ἁμαρτίας,
1666 656 1850 711 δοῦλον

271 753 329 806 δὲ
355 750 452 805 κα)⁵
505 751 745 822 ὑπήκοον
813 749 1142 814 ἀθανασίαςο
1199 751 1346 814 ὅπως
1385 749 1484 820 τῆς
1544 749 1848 821 ἀφθαρσίας

271 845 360 915 εἴη
380 843 444 896 τὸ
467 842 623 913 σῶμα
648 841 854 913 κτῆμα,
893 842 987 896 καὶ
1012 841 1086 914 μὴ
1105 840 1196 894 τοῦ
1220 841 1468 912 σώματος
1491 842 1524 913 ὴ
1548 839 1844 913 ἀφθαρσία.

347 1041 448 1093 1Δ’.
477 1038 540 1090 Εἰ
566 1037 629 1090 ὲκ
644 1035 900 1107 τοιαύτης
929 1035 1005 1106 (6)
1035 1035 1291 1103 σταγόνος
1325 1035 1583 1108 βραχείας
1611 1037 1706 1092 καὶ
1745 1055 1850 1109 μη-

269 1129 422 1184 δέπω
468 1128 634 1198 οῦσης
683 1127 742 1180 τὺ
798 1126 1036 1189 σύνολον,
1093 1126 1227 1197 μηδὲ
1258 1127 1316 1179 ὲν
1354 1127 1590 1200 ὑγρασία
1625 1128 1845 1202 τοιαύτῃ

272 1225 369 1276 καὶ
393 1223 591 1290 συνοχῇ
621 1221 712 1272 καὶ
742 1217 963 1289 πγμῷ,
996 1219 1059 1270 ἐκ
1077 1215 1169 1270 τοῦ
1206 1217 1428 1288 μηδενὸς
1447 1217 1729 1290 ἄνθρωπος
1757 1221 1846 1288 γί-

270 1329 447 1378 νεται,
489 1312 604 1374 πῶς
629 1309 749 1379 οὐχὶ
788 1308 986 1380 μᾶλλον
1011 1308 1075 1360 ὲκ
1103 1307 1195 1360 τοῦ
1248 1307 1350 1377 ἤδη
1385 1308 1725 1379 ὑπάρξαντος
1753 1309 1848 1362 ἀν-

272 1404 497 1479 θρώπου
532 1401 814 1474 ἄνθρωπος
857 1400 1008 1453 ἔσται
1037 1395 1191 1462 αὖθις
1215 1401 1243 1452 ό
1275 1397 1589 1470 ἀνθρωπος;
1625 1401 1700 1454 Ού
1737 1400 1848 1474 γάρ

269 1497 418 1550 οὕτω
447 1494 522 1565 (7)
561 1492 697 1564 μετὰ
709 1493 768 1545 τὸ
789 1491 887 1562 ἤδη
914 1491 1276 1560 γεγενημένον
1295 1491 1387 1544 καὶ
1418 1491 1664 1545 διαλυθὲν
1685 1494 1845 1565 ποιῆ-

274 1603 364 1640 σαι
389 1585 573 1646 πάλιν,
602 1584 678 1647 ὼς
711 1581 935 1654 μηδέπω
980 1580 1342 1651 γεγενημένον
1376 1581 1440 1634 ὲκ
1463 1580 1558 1634 τοῦ
1592 1580 1665 1653 μὴ
1695 1582 1848 1648 ὄντος

271 1678 701 1733 κατασκευάσαι.
764 1678 886 1732 Ἐάν
923 1675 1016 1732 οῦν
1044 1679 1386 1753 ὲθελήσωμεν
1433 1681 1601 1746 δεῖξαι
1626 1683 1724 1754 τὴν
1754 1699 1847 1751 γο-

269 1773 368 1844 νὴν
398 1771 496 1842 τὴν
526 1771 634 1824 ἀπὸ
656 1769 750 1824 τοῦ
775 1771 999 1844 ἄρρενος
1027 1773 1480 1847 ἀποκρινομένην,
1510 1776 1844 1848 παραγάγω-

275 1879 377 1932 μεν
408 1861 488 1926 δὲ,
511 1861 641 1913 αὐτὸ
662 1859 781 1914 καθ’
815 1862 995 1924 ἑαυτὸ,
1018 1864 1113 1916 καὶ
1141 1862 1462 1936 τεθνηκότος
1489 1865 1670 1937 σῶμα·
1697 1869 1846 1920 ποῖον

271 1955 656 2007 πιστεύσουσιν
684 1955 819 2024 ήμίν
873 1955 923 2007 οἱ
963 1954 1175 2027 θεωροὶ,
1205 1959 1285 2020 είς
1311 1957 1370 2010 τὸ
1402 1959 1640 2030 φανερὸν·
1660 1944 1848 2012 ἑκατέ-

275 2063 386 2118 ρων
418 2046 708 2116 κειμένων,
748 2045 964 2100 ἔσεσθαι
990 2047 1312 2120 ἄνθρωπον;
1344 2045 1452 2122 ἆρα
1481 2051 1581 2123 τὴν
1615 2053 1848 2122 σταγόνα

272 2137 489 2206 ἐκείνην
521 2140 620 2208 τὴν
647 2139 782 2202 ὅλως
799 2139 950 2193 οὐδὲν
976 2141 1346 2212 ὑπάρχουσαν,
1372 2143 1512 2214 ἢτὸν
1537 2144 1635 2216 ἤδη
1663 2145 1848 2216 σχῆμα

274 2231 369 2282 καὶ
421 2230 648 2299 μέγεθος
702 2233 796 2284 καὶ
847 2232 1145 2286 ὑπόστασιν
1195 2233 1411 2304 ἔχοντας
1459 2236 1650 2308 Είγάρ
1675 2239 1849 2292 ἐκεῖνο

268 2320 328 2372 τὺ
383 2320 520 2384 ὅλως
556 2321 728 2386 οὐδὲν,
794 2323 952 2393 μόνον
999 2324 1350 2396 ἐθελήσαντος
1401 2325 1556 2390 Θεοῦ,
1598 2328 1755 2382 πάλιν
1788 2329 1849 2382 τὸ

265 2409 406 2462 αὐτὸ
432 2409 716 2481 ἅνθρωπος
755 2411 983 2480 γίνεται,
1019 2413 1198 2486 πολλῷ
1229 2413 1428 2484 μᾶλλον
1453 2415 1512 2467 τὸ
1544 2415 1645 2486 ήδη
1672 2417 1848 2489 ὑπάρ-

263 2519 365 2572 χον
402 2504 498 2556 καὶ
537 2503 980 2574 τετελειωμένον,
1027 2505 1380 2577 ἐθελήσαντος
1416 2506 1510 2559 τοῦ
1571 2507 1728 2573 Θεοῦ,
1787 2508 1850 2562 τὸ

265 2595 407 2647 αὐτὸ
459 2594 622 2647 πάλιν
662 2595 945 2668 ἄνθρωπος
973 2597 1227 2666 γενέσθαι
1263 2598 1360 2670 (8).
1407 2599 1560 2653 Ἐπεὶ⁸
1585 2600 1637 2653 τί
1668 2600 1850 2670 βουλό-

268 2703 435 2756 μενος
462 2687 536 2756 (9)
571 2687 599 2739 ό
621 2686 864 2756 θεολόγος
886 2689 1144 2760 Μωῦσῆς,
1173 2689 1270 2760 τήν
1291 2690 1430 2744 κατά
1459 2691 1556 2762 τὴν
1583 2708 1851 2764 σκηνοπη-

264 2779 397 2846 γίαν
434 2777 624 2849 ἑορτὴν
665 2780 722 2831 ἐν
765 2778 844 2850 τῷ
867 2780 1136 2851 Λευῖτικῷ
1185 2781 1460 2852 μυστικῶς
1488 2783 1848 2854 εἰσηγήσατος

263 2865 418 2941 τΔρα
440 2870 549 2942 γὰρ
583 2869 668 2924 ἵνα
713 2869 885 2935 οῦτως
929 2872 1276 2944 ἑορτάσωμεν
1310 2873 1388 2944 τῷ
1423 2873 1562 2945 Θεῷ,
1598 2874 1850 2947 καθάπερ

267 2961 597 3032 ἐξηγοῦνται
627 2961 963 3033 χυδαιότερον
986 2965 1035 3016 οἱ
1051 2964 1296 3017 Ἰουδαῖοι
1323 2964 1569 3030 νοοῦντες
1590 2967 1687 3031 τὰς
1715 2967 1851 3039 Γραο

1950 492 2091 530 mors
2110 477 2168 530 in
2201 475 2474 530 victoriam
2507 473 2851 528 absorbeatur
2879 493 2909 528 α
2932 475 3042 529 vita
3092 475 3176 530 "z
3213 483 3380 546 utque
3410 475 3511 531 ob-

1948 567 2174 622 noxium
2216 565 2351 620 illud
2379 565 2739 636 corruptioni,
2771 565 3199 637 incorruptionis
3228 567 3511 622 immorta-

1947 657 2228 728 litatisque
2272 656 2551 727 possessio
2602 657 2728 710 liat:
2761 655 3112 726 solutumque
3141 663 3196 710 et
3221 655 3451 710 liberum
3478 671 3510 711 a

1948 758 2122 806 morte
2151 756 2206 804 et
2234 752 2491 819 peecato‘,
2524 747 2917 802 immortalitati
2957 763 3174 802 servum
3206 747 3512 802 subditum-

1948 859 2054 914 que
2073 841 2377 899 concedat:
2417 848 2478 894 ut
2524 840 2595 896 sit
2641 855 2876 910 corpus,
2915 839 3344 911 incorruptionis
3387 854 3512 910 pos-

1948 935 2123 992 sessio
2147 952 2163 1002 ;
2197 949 2306 989 non
2332 931 2695 1003 incorruptio,
2727 931 2993 1001 corporis.

2017 1044 2156 1103 XIV.
2207 1045 2344 1102 Cum
2367 1061 2432 1101 ex
2473 1054 2582 1099 tam
2637 1043 2851 1098 modica
2901 1041 3107 1098 stillula
3169 1057 3234 1098 ac
3278 1043 3511 1099 necdum

1947 1129 2174 1213 prorsus
2199 1139 2518 1200 exsistenle,
2543 1151 2611 1192 ne
2633 1135 2852 1207 quidem
2891 1135 2946 1189 in
2977 1134 3245 1206 ejusmodi
3263 1135 3510 1200 humido,

1949 1233 2408 1302 arctitudineque,
2458 1244 2522 1284 ac
2565 1229 2833 1300 parvitate
2887 1227 3032 1300 (l0);
3065 1228 3296 1298 denique
3337 1244 3402 1284 ex
3426 1229 3513 1284 ni-

1947 1324 2081 1387 hilo,
2119 1323 2280 1378 homo
2303 1322 2398 1376 ﬁat
2422 1338 2436 1376 ε
2465 1320 2558 1390 qui
2589 1335 2694 1374 non
2725 1319 2908 1390 potius
2936 1335 3001 1373 ex
3025 1319 3242 1374 homine
3264 1319 3355 1389 qui
3385 1319 3509 1385 fuit,

1949 1414 2112 1470 fuerit
2139 1429 2335 1470 rursus
2384 1412 2787 1468 resurrectione
2839 1409 3044 1464 homo?
3087 1408 3264 1464 Minus
3314 1410 3512 1480 quippe

1946 1505 2162 1559 videtur
2189 1503 2425 1568 dillicile,
2455 1512 2514 1557 ut
2542 1502 2686 1572 quod
2724 1501 2825 1556 fuit
2852 1506 2906 1556 et
2942 1507 3026 1557 est
3047 1498 3392 1564 dissolutum,
3418 1499 3513 1556 de-

1947 1611 2058 1651 nuo
2090 1604 2450 1666 componatur
2468 1601 2522 1648 et
2552 1600 2864 1662 reparatum
2914 1590 3006 1645 fiat
3029 1631 3044 1655 ,
3074 1606 3235 1660 quam
3280 1598 3339 1645 ut
3365 1588 3512 1661 quod
3537 1648 3540 1652 ,

1949 1687 2190 1744 nondum
2217 1687 2341 1752 fuit,
2359 1702 2423 1742 ex
2441 1686 2612 1740 nihilo
2629 1683 2870 1755 prodeat.
2900 1681 3098 1750 Quare,
3116 1683 3164 1737 si
3193 1682 3395 1746 lubeat,
3423 1696 3518 1737 cx-

1949 1787 2154 1836 cretam
2185 1793 2216 1831 a
2249 1777 2494 1832 masculo
2527 1775 2793 1842 feturam;
2848 1775 3025 1846 ipsam
3062 1773 3317 1828 nimirum
3361 1787 3513 1830 seor-

1947 1871 2084 1926 sim:
2118 1869 2467 1939 defunctiqne
2486 1868 2736 1931 cadaver,
2775 1866 2830 1920 in
2861 1866 3098 1922 medium
3121 1865 3510 1936 producamus.

1947 1962 2084 2018 Tum
2106 1977 2260 2033 rogo,
2300 1961 2564 2016 ambobus
2596 1960 2774 2030 palam
2806 1959 3070 2029 expositis
3087 1959 3510 2029 propositisque,

1947 2053 2222 2123 quodnam
2246 2059 2582 2122 spectatores
2607 2050 2880 2106 hominem
2906 2050 3020 2104 fore
3051 2049 3312 2106 credituri
3344 2057 3472 2106 sunt
3488 2049 3517 2105 τ

1945 2158 2077 2199 num
2138 2142 2399 2197 stillulam
2445 2141 2626 2210 illam,
2679 2157 2800 2213 qua:
2854 2141 2988 2196 nihil
3027 2155 3254 2212 prorsus
3285 2141 3390 2198 sit?
3440 2156 3514 2198 an

1946 2241 2222 2288 mortuum
2254 2231 2426 2301 ﬁgura
2453 2230 2566 2300 jam
2598 2231 2850 2302 moleque
2881 2239 2934 2287 et
2983 2232 3287 2287 substantia
3314 2231 3515 2302 praedi-

1946 2325 2107 2381 tum?
2139 2325 2194 2380 Si
2227 2326 2372 2380 enim
2399 2324 2534 2380 illud
2563 2323 2708 2396 quod
2742 2325 2900 2395 plane
2947 2323 3085 2378 nihil
3105 2324 3370 2391 videatur,
3403 2323 3515 2381 Deo

1947 2425 2158 2473 tantum
2201 2417 2416 2473 volente
2459 2417 2638 2486 ipsum
2689 2415 2885 2471 iterum
2938 2416 3101 2472 homo
3143 2424 3509 2487 procreatur:

1947 2509 2144 2580 potiori
2158 2509 2302 2580 jure,
2330 2508 2477 2578 quod
2523 2517 2608 2564 est
2656 2508 2770 2577 jam
2826 2515 2880 2564 et
2919 2507 3022 2562 fuit
3054 2518 3511 2574 consummatum,

1949 2602 2240 2657 accedente
2280 2602 2463 2656 divina
2489 2601 2788 2663 voluntate.
2844 2599 2897 2654 id
2933 2600 3108 2670 ipsum
3145 2600 3322 2654 denuo
3352 2599 3518 2656 homo

1949 2690 2058 2746 ﬁet.
2121 2689 2255 2746 Nam
2323 2691 2576 2760 alioqui,
2640 2690 2772 2761 quid
2825 2691 3015 2745 volens
3083 2689 3364 2761 theologus
3423 2688 3516 2746 illo

1948 2784 2182 2858 Moyses,
2220 2785 2418 2842 festum
2448 2782 2928 2839 tabernaculorum
2987 2781 3305 2853 spiritaliter
3345 2779 3516 2837 edixit

1949 2879 2237 2950 sanxitque
2278 2877 2688 2941 celebrandum,
2719 2876 2775 2930 in
2799 2873 3042 2932 Levitico
3068 2875 3150 2930 “i
3182 2874 3321 2929 Num
3369 2874 3513 2930 enim

1949 2983 2011 3031 ut
2038 2976 2112 3030 ita
2138 2975 2308 3031 Deum
2339 2973 2478 3030 festo
2509 2973 2754 3028 colamus
2786 3011 2801 3038 ,
2837 2969 3294 3042 quemadmodum
3341 2968 3513 3025 Judaei

269 3055 414 3122 φάς
451 3053 526 3116 ὠς
559 3053 651 3106 τοῦ
680 3053 814 3107 Θεοῦ
840 3058 1064 3127 σκηναῖς
1092 3056 1366 3121 τοιαύταις
1389 3059 1454 3111 ἐκ
1485 3058 1733 3130 καρπῶν,
1759 3060 1849 3113 καὶ

1951 3067 2116 3123 vilius
2146 3067 2533 3138 vulgariusque
2579 3063 2894 3135 Scripturas
2925 3063 3284 3135 intelligentes
3308 3102 3324 3128 ,
3356 3077 3518 3132 expo-

266 3144 486 3196 κλάδων
511 3145 605 3196 καὶ
621 3143 830 3214 φύλλων
856 3147 1387 3219 κατεσκευασμέναις
1412 3149 1798 3219 ἀρεσκομένου,
1815 3149 1852 3203 ὰ

267 3234 479 3298 εὐθέως
525 3236 874 3307 μαραίνονται
912 3237 1012 3309 τὴν
1056 3238 1218 3310 χλόην
1264 3239 1677 3312 ἀποσυλώμενα.
1737 3241 1851 3296 Οὐκ

266 3328 424 3381 ἔστιν
449 3329 642 3381 εἰπεῖν.
662 3329 816 3392 Τίνος
843 3331 992 3401 μὲνὴ
1025 3331 1392 3400 Σκηνοπηγία,
1415 3332 1655 3402 φράσατε
1674 3349 1689 3398 ;
1707 3334 1854 3405 είσήυ

267 3421 375 3492 χθη
435 3422 659 3491 μήνυμα
695 3421 794 3491 τῆς
827 3421 1084 3492 ἀληθινῆς
1114 3422 1270 3494 ἡμῶν
1298 3421 1501 3494 ταύτης
1537 3424 1758 3494 σκηνῆς,
1785 3424 1852 3494 ἥν

268 3510 692 3564 καταπεσοῦσαν
755 3513 834 3574 είς
879 3511 1084 3584 φθορὰν
1129 3513 1216 3568 διά
1259 3512 1358 3584 τὴν
1401 3513 1727 3585 παράὃασιν,
1758 3515 1852 3568 καὶ

267 3603 582 3673 λελυμένην
610 3608 675 3675 τῇ
693 3605 956 3677 ἁμαρτίᾳ,
980 3603 1136 3670 αὖθις
1157 3606 1519 3678 συμπήξασαν
1549 3607 1850 3680 ἀνώλεθρον

266 3697 608 3765 ἀναστήσειν
631 3698 658 3749 ό
673 3696 802 3760 Θεὸς
829 3699 1200 3770 ἀπηγγείλατο
1220 3699 1283 3770 (Ῑ.
1301 3698 1423 3770 ὲπ-)
1443 3717 1456 3730 ο
1490 3700 1634 3763 ὅπως
1668 3699 1853 3772 έορτά-

268 3800 354 3837 σω
365 3801 470 3853 μεν
509 3784 655 3854 αὐτῷ
693 3784 905 3856 άληθῶς
921 3785 1018 3858 τὴν
1057 3788 1295 3859 μεγάλην
1319 3787 1508 3860 ἑορτὴν
1550 3789 1642 3842 καὶ
1689 3789 1850 3842 πολυ-

267 3876 578 3947 θρύλλητον
624 3876 723 3946 τῆς
764 3879 1138 3950 Σκηνοπηγίας
1162 3881 1219 3932 ὲν
1245 3882 1310 3951 τῇ
1344 3879 1662 3933 ἀναστάσειο
1691 3881 1851 3934 όπότε

270 3968 720 4039 συμπηγνύμενα
764 3969 922 4040 ήμῶν
949 3971 1027 4034 είς
1067 3971 1473 4043 κατακόσμησιν
1505 3973 1604 4042 τῆς
1645 3971 1850 4026 ἀθανα-

271 4062 402 4122 σίας
462 4062 558 4113 καὶ
597 4061 909 4131 συμφωνίας
947 4059 1016 4114 τά
1073 4062 1425 4134 σκηνώματα,
1481 4065 1546 4117 ὲκ
1589 4063 1684 4116 τοῦ
1731 4064 1854 4135 χοὸς

268 4151 535 4223 ἄφθαρτα
585 4153 922 4207 ἀνίστανταιο
959 4155 1121 4208 ὁπότε
1184 4154 1468 4208 ἀκούσουσι
1508 4156 1576 4207 τά
1616 4155 1749 4209 ὀστᾶ
1785 4157 1854 4210 τά

270 4245 422 4316 ξηρά
453 4246 597 4299 κατά
629 4246 724 4317 τὴν
762 4247 1165 4318 ἁψευδεστάτην
1193 4246 1544 4318 προφητείαν,
1588 4247 1855 4318 προσαγό-

274 4355 422 4408 μενα
449 4337 586 4408 πρὸς
607 4337 702 4400 τὰς
741 4339 1002 4410 ἁρμονίας
1035 4337 1233 4404 αὐτῶν,
1259 4338 1360 4391 ὑπὸ
1383 4338 1474 4392 τοῦ
1507 4338 1853 4404 ζωοπλάστου

1939 3810 2168 3872 pactum
2229 3805 2701 3874 compositumque
2736 3843 2750 3869 ,

1953 3160 2136 3216 nunt?
2185 3159 2332 3214 velut
2383 3157 2640 3213 nimirum
2691 3157 2802 3214 Deo
2835 3159 3084 3229 placeant
3125 3154 3392 3226 ejusmodi
3447 3170 3515 3212 ex

1952 3250 2218 3306 fructibus
2248 3250 2522 3318 ramisque
2560 3255 2614 3303 et
2643 3247 2789 3306 foliis
2823 3249 3086 3305 adornata
3136 3246 3514 3313 tabernacula,

1953 3358 2073 3415 quae
2103 3341 2263 3398 satim
2279 3339 2578 3410 despoliata
2596 3341 2776 3398 virore
2805 3347 3163 3397 marcescant.
3185 3337 3340 3393 Haud
3357 3339 3517 3409 plane

1952 3435 2116 3491 fuerit
2147 3432 2460 3488 dicendum.
2499 3430 2662 3497 Sane,
2697 3449 2850 3503 rogo,
2885 3434 3174 3503 cujusnam
3205 3432 3275 3487 sit
3307 3431 3514 3487 Sceno-

1953 3525 2145 3598 pegia?
2174 3525 2422 3578 instituta
2483 3531 2568 3578 est
2617 3532 2677 3578 ut
2725 3524 2839 3578 veri
2863 3522 3200 3578 tabernaculi
3235 3523 3406 3575 nostri
3447 3521 3519 3576 si-

1953 3633 2142 3688 gnum,
2173 3614 2318 3686 quod
2350 3615 2406 3669 in
2459 3615 2865 3685 corruptionem
2913 3613 3358 3685 praevaricatione
3391 3626 3518 3682 pro-

1951 3711 2185 3780 lapsum,
2213 3716 2545 3780 peccatoque
2585 3710 2846 3774 solutum,
2880 3723 2940 3764 se
2974 3706 3118 3761 Deus
3145 3706 3324 3760 denuo
3363 3719 3516 3759 com-

2826 3801 3098 3856 incolume
3153 3799 3514 3854 excitaturum

1952 3895 2236 3964 promisit;
2262 3912 2368 3966 quo
2393 3896 2444 3951 ei
2477 3897 2722 3960 veritate,
2779 3907 3030 3964 magnam
3075 3892 3221 3946 illam
3261 3892 3516 3947 decanta-

1953 3987 2328 4058 tissimamque
2360 3985 2707 4058 Scenopcgize
2753 3986 3146 4041 solemnitatem
3180 3983 3514 4038 celebremus

1955 4077 2009 4130 in
2037 4077 2466 4143 resurrectione;
2522 4076 2742 4146 quando
2775 4071 3054 4144 com'pacta
3095 4073 3162 4128 ad
3195 4071 3515 4128 immortali-

1954 4171 2084 4226 tatis
2111 4169 2590 4240 consonantiaeque
2625 4179 2878 4225 ornatum
2913 4176 3098 4222 nostra
3140 4165 3510 4230 tabernacula,

1957 4261 2217 4316 immunia
2276 4276 2307 4314 a
2359 4260 2709 4331 corruptione
2739 4261 2784 4292 “
2834 4259 2901 4314 de
2941 4259 3159 4329 pulvere
3195 4267 3512 4326 resurgent;

1957 4351 2174 4420 quando
2233 4349 2502 4420 auditura.
2534 4357 2683 4417 sunt,
2745 4356 2805 4405 ut
2833 4349 3116 4405 verissime
3167 4347 3329 4402 habet
3387 4360 3516 4418 pro-

269 4432 414 4486 Θεοῦ
447 4432 543 4484 καὶ
575 4432 948 4503 ἀριστοτέχνου
990 4432 1520 4497 ἀνακαινοποιοῦντος
1555 4430 1709 4497 αὖθις
1748 4433 1848 4504 τὴν

1951 4443 2112 4514 pheta
2127 4443 2193 4507 δ’,
2212 4457 2337 4498 ossa
2349 4442 2520 4507 arida,
2540 4443 2654 4499 suis
2680 4443 2872 4498 iterum
2885 4440 3256 4496 commissuris
3283 4439 3514 4504 reddita,

277 4527 467 4597 σάρκα
513 4524 607 4576 καὶ
658 4524 1076 4596 συμμιγνύντος,
1121 4527 1180 4579 οὐ
1210 4526 1466 4590 τοιούτοις
1497 4527 1574 4580 ἔτι
1610 4527 1848 4598 δεσμοῖς,

273 4611 356 4680 οἷς
394 4617 493 4668 καὶ
525 4615 736 4688 πρῶτον
780 4619 1075 4689 συνείχετο,
1116 4619 1230 4673 ἀλλ’
1279 4620 1571 4690 ἀκηράτοις
1620 4621 1852 4690 πάμπαν

274 4707 469 4760 λοιπὸν
513 4709 606 4762 καὶ
653 4708 886 4774 ἀλύτοις.
943 4711 1282 4782 Ἐθεασάμην
1333 4711 1439 4782 γάρ
1487 4712 1544 4764 ὲν
1587 4711 1852 4788 ⁶Ὀλύμπῳ

278 4800 395 4869 ἐγὼ
421 4801 562 4873 (ὅρος
582 4801 639 4854 δέ
669 4805 786 4857 ἐστι
815 4803 914 4874 τῆς
943 4805 1182 4874 Λυκίας)
1209 4803 1320 4874 πῦρ
1366 4803 1680 4874 αὐτομάτως
1714 4805 1854 4858 κατά

278 4894 381 4963 τὴν
407 4892 714 4965 ἀκρώρειαν
751 4895 844 4948 τοῦ
883 4895 1040 4969 ὅρους
1063 4896 1305 4950 κάτωθεν
1333 4898 1397 4948 ἐκ
1424 4895 1526 4965 τῆς
1548 4897 1650 4968 γῆς
1672 4896 1852 4949 ἀναδι-

278 4985 538 5056 ἂόμενον·
580 4989 708 5058 περὶ
748 4989 778 5042 ὃ
820 4989 930 5062 πῦρ
967 4991 1131 5059 ἄγνου
1175 4990 1338 5060 φυτὸν
1373 4991 1560 5055 ἑστὸς,
1582 4989 1725 5044 οὓτω
1753 4989 1852 5060 μὲν

350 5155 398 5188 ³³
432 5156 450 5207 l
487 5152 614 5207 Cor.
641 5170 729 5218 xv,
757 5155 848 5209 54.
927 5153 972 5185 ⁵⁸
999 5152 1146 5208 Levi‘
1193 5169 1354 5218 xxtn,
1385 5153 1456 5208 '59
1489 5168 1605 5223 seq.

359 5300 437 5364 (6)
470 5299 536 5349 Εἰ
561 5297 630 5349 ἐκ
659 5314 708 5348 τ.
745 5295 819 5350 Ex
847 5296 1034 5351 eodem
1061 5295 1181 5351 cod.
1218 5295 1404 5364 Rupil‘.

360 5370 437 5434 (7)
467 5369 549 5419 Οὐ
582 5367 688 5438 ¹πὰρ
707 5367 874 5438 οὕτω.
911 5366 1070 5421 Deest
1109 5367 1334 5438 ἄπορον,
1381 5372 1476 5419 aut
1505 5365 1635 5435 quid
1657 5366 1854 5423 simile.

359 5439 438 5512 (8)
473 5435 782 5512 ζενέρνθαι.
813 5435 852 5512 ξ
856 5445 984 5512 orte
1004 5435 1308 5512 γενήσεται.

361 5505 441 5574 (9)
475 5506 640 5578 Ἐπεί
684 5509 742 5560 τί
788 5507 1045 5578 βουέόμ.
1097 5505 1242 5578 Idem
1304 5517 1680 5578 argumentum
1732 5522 1852 5576 per-

289 5588 490 5648 tractat
528 5579 586 5630 S.
623 5577 779 5648 Pater
802 5581 856 5631 in
900 5575 1145 5632 Convivia
1195 5575 1389 5631 decent‘
1421 5577 1568 5648 Virg.
1591 5575 1746 5632 Orat.
1779 5593 1852 5643 Ix,

295 5647 328 5716 ᾖ
357 5664 393 5703 ι.
429 5664 582 5715 seqq.
609 5645 773 5700 GALL.

369 5720 478 5789 (10)
503 5721 579 5770 ,κισ
598 5719 871 5788 parvitate,
902 5718 996 5772 καὶ
1016 5717 1235 5789 πυγμῷ.
1261 5717 1389 5774 Mihi
1422 5717 1576 5774 valde
1599 5724 1853 5788 suspecta

1961 4533 2281 4590 admovente
2315 4533 2528 4589 vivillco
2574 4533 2748 4605 plaste
2807 4534 3117 4604 optimoque
3153 4530 3347 4601 opifice
3382 4529 3513 4594 Deo,

1957 4641 2176 4680 carnem
2197 4624 2376 4680 denuo
2401 4634 2696 4679 ren0vante
2713 4625 3204 4692 commiscenteque
3231 4628 3285 4676 et
3311 4618 3516 4674 astrin-

1956 4724 2132 4787 gente,
2165 4733 2273 4771 non
2296 4716 2410 4786 jam
2443 4717 2695 4786 qualibus
2748 4717 2910 4770 etiam
2960 4715 3112 4768 initio
3137 4711 3517 4767 continebatur

1949 4807 2203 4872 vinculis,
2235 4809 2331 4864 sed
2374 4807 2533 4878 plane
2582 4807 2842 4876 deinceps
2895 4805 3295 4860 immortalibus
3353 4809 3517 4870 atque

1947 4899 2350 4954 insolubilibus.
2402 4897 2538 4952 Nam
2593 4898 2704 4953 vidi
2727 4913 2828 4968 ego
2889 4897 2943 4951 in
2985 4895 3212 4969 Olympo
3255 4894 3326 4965 (is
3351 4905 3515 4962 porro

1951 5005 2110 5046 mons
2133 4998 2218 5046 est
2239 4989 2436 5062 Lyciae)
2468 4991 2646 5061 ignem
2686 4999 2878 5060 sponte
2926 5005 3046 5054 sua,
3094 4992 3148 5042 in
3198 4986 3398 5041 montis
3424 5000 3515 5039 ca-

1685 5153 1728 5184 “
1768 5151 1911 5208 Dan.
1943 5154 2118 5222 xn,2.
2191 5154 2238 5187 ⁸³
2276 5153 2464 5210 Ezeclt.
2499 5169 2703 5218 xxxvn,
2734 5153 2789 5207 ι.

1961 5312 2066 5351 vox
2093 5307 2196 5353 est.
2227 5297 2362 5351 lllud
2390 5297 2617 5361 clarum,
2669 5295 2880 5349 elevare
2925 5291 3044 5346 istis
3083 5291 3336 5346 omnibus
3367 5290 3510 5344 fetu-

1955 5383 2095 5430 ram,
2126 5382 2229 5437 qua
2256 5367 2436 5437 proles
2461 5367 2632 5435 primo
2651 5363 3004 5437 ‘concipitur,
3039 5361 3184 5437 velut
3217 5375 3330 5416 rem
3373 5377 3510 5437 pene

1953 5439 2110 5492 nihili
2143 5431 2159 5489 Ξ
2198 5431 2394 5506 εἰαυε
2427 5431 2606 5489 tamen
2648 5433 2789 5489 Deus
2823 5448 2982 5488 suum
3008 5431 3170 5506 _i_ll_ud
3203 5445 3362 5506 opu_s,
3383 5431 3509 5506 __ho-

1953 5509 2173 5570 minem,
2207 5501 2332 5577 quia
2380 5508 2497 5560 vult
2544 5506 2738 5577 so_lu_m,
2777 5511 2970 5577 eruat;
3007 5501 3058 5556 id
3087 5501 3262 5577 ipsum
3296 5501 3510 5577 facilius

1952 5570 2293 5648 praestilnrus
2358 5592 2423 5633 ex
2476 5574 2853 5647 pra‘defunctis
2913 5570 3253 5646 corporibus,
3313 5570 3510 5644 majori

1952 5651 2112 5717 mole,
2144 5656 2250 5704 etc.
