3962 6204
425 197 534 259 987

1394 196 1451 253 S.
1484 195 1816 269 METEODII
1853 198 2175 269 EPISCOPI,
2200 200 2288 256 ET
2327 200 2687 259 MARTYRIS

3535 205 3644 261 28$

421 318 667 385 cnmine,
714 333 781 375 ex
839 317 951 373 imo
992 322 1152 373 terra
1196 324 1599 386 erumpentem;
1630 318 1785 387 juxta
1825 335 1988 390 quem

2104 320 2309 385 ιύθαλὲς
2333 321 2433 375 καὶ
2458 321 2698 393 χλοερὸν,
2730 320 2871 376 οὕτω
2912 321 2969 377 δὲ
3000 321 3238 387 σύσκιον,
3262 320 3340 387 ὥς
3371 321 3643 379 ὑποτοπά-

420 418 605 469 exstat
634 411 796 465 arbor
843 408 1025 478 Agnus
1077 407 1300 464 nomine
1321 409 1434 479 (ll)
1452 448 1469 473 ,
1497 409 1635 465 adeo
1661 409 1872 477 ﬂorida,
1902 412 1983 471 νίτ

424 519 556 561 rens
580 510 635 559 et
654 515 847 572 opaca,
878 508 942 554 ut
965 499 1186 570 jugibus
1217 500 1397 570 potius
1423 501 1579 571 aquis
1609 501 1810 573 irrigua
1835 504 1990 559 nasci

423 596 695 653 videatur.
748 595 921 659 Quam
982 593 1148 662 igitur
1184 592 1256 647 ob
1307 609 1551 655 causam,
1615 610 1738 649 cum
1784 605 1991 653 natura:

421 685 808 757 corruptibiles
838 685 968 747 sint,
993 696 1045 740 et
1071 699 1302 753 corpora
1330 686 1438 755 igni
1461 700 1871 751 consumantur,
1888 706 1991 746 nec

425 780 542 836 ﬁeri
571 777 744 848 possit
772 784 832 833 ut
865 776 976 847 igni
1012 775 1180 831 illaasa
1233 786 1604 845 permaneant,
1665 794 1788 848 quae
1823 781 1989 836 semel

424 888 523 944 per
551 880 803 927 naturam
839 877 965 926 sunt
1003 870 1406 925 combustibilia
1452 885 1465 921 :
1505 877 1716 926 tantum
1746 873 1902 928 abest
1930 881 1990 928 ut

425 965 542 1022 haec
588 964 753 1020 arbor
803 969 1104 1027 exuratur,
1171 972 1230 1017 ut
1271 962 1455 1027 etiam,
1507 978 1816 1034 quanquam
1866 976 1989 1021 nata

422 1055 696 1119 comburi,
725 1053 988 1110 virentior
1012 1054 1241 1111 exsistat
1271 1062 1433 1126 atque
1466 1053 1780 1124 ﬂorentior;
1804 1056 1987 1128 idque.

420 1163 552 1204 cum
583 1148 649 1201 ad
673 1147 845 1218 ipsius
899 1147 1018 1216 ejus
1063 1147 1277 1203 radices
1306 1146 1448 1216 ignis
1482 1144 1726 1202 foveatur
1774 1155 1829 1203 et
1860 1164 1989 1204 eru-

424 1248 556 1297 ctet.
589 1239 731 1296 Sane
755 1255 856 1311 ego
883 1239 1170 1310 deccrptos
1215 1251 1247 1290 e
1296 1238 1717 1310 circumjacente
1746 1242 1879 1298 silva
1903 1257 1994 1296 ar-

427 1334 646 1397 borum,
677 1349 882 1395 ramos,
917 1332 972 1388 in
996 1332 1175 1403 ignem
1205 1332 1317 1388 illic
1345 1340 1715 1403 erumpentem
1743 1334 1988 1404 conieci;

425 1427 524 1497 qui
585 1427 768 1481 subito
817 1425 1054 1480 ﬂammis
1106 1424 1365 1493 correpti,
1398 1425 1454 1479 in
1488 1425 1727 1480 cinerem
1783 1425 1990 1481 redacti

427 1525 579 1574 sunt.
612 1517 766 1589 Rogo
816 1518 1029 1588 itaque.
1063 1516 1416 1588 quamobrem
1444 1515 1589 1586 quod
1643 1531 1817 1586 neque
1859 1517 1997 1576 solis

426 1616 622 1665 aestum
659 1608 800 1664 ferre
829 1616 1027 1679 potest,
1064 1608 1161 1663 sed
1215 1607 1321 1663 nisi
1364 1608 1620 1679 irrigetur
1646 1616 1987 1679 poteturqne.

2090 428 2181 467 σαι
2206 412 2344 486 ὕδωρ
2384 413 2582 485 μᾶλλον
2632 414 2853 481 ᾀένναον
2900 415 3031 469 αὐτὸ
3074 414 3514 486 βεδλαστηκέναι.
3565 414 3648 469 Δι’

2087 507 2154 578 ἢν
2179 506 2354 561 αἰτίαν
2376 502 2491 571 οὖν,
2516 508 2565 560 εἰ
2588 507 2774 578 φύσεις
2799 508 2905 561 είσὶ
2926 508 3197 580 φθαρτῶν,
3227 508 3318 561 καὶ
3346 507 3451 560 ὑπὸ
3481 508 3651 579 πυρὸς

2088 599 2625 671 καταναλισκομένων
2652 601 2935 672 σωμάτων,
2984 601 3076 655 καὶ
3109 600 3368 654 ἀδύνατον
3401 599 3652 654 ἄκαυστι

2086 690 2354 761 διαμεῖναι
2373 690 2442 746 τὰ
2463 692 2607 759 ἅπαξ
2624 692 2835 763 φύσεως
2855 694 3159 765 ὑπάρχοντα
3187 694 3286 764 τῆς
3316 693 3609 763 θανατικῆς
3626 709 3649 724 ⁸

2086 781 2146 835 ού
2203 782 2360 853 μόνον
2418 784 2480 837 ού
2534 783 2929 854 καταφλέγεται
2990 785 3050 839 τὸ
3097 785 3260 855 φυτὸν
3314 783 3491 848 τοῦτο,
3530 784 3651 839 ἀλλ’

2088 876 2448 947 ἀκμαιότερον
2488 877 2685 947 μᾶλλον
2714 878 2944 950 ὑπάρχει
2979 878 3074 931 καὶ
3110 877 3484 949 χλοηρότερον,
3525 877 3557 929 ὃ
3580 879 3650 950 τῇ

2089 966 2247 1036 φύσει
2269 968 2384 1022 ἐστὶ
2405 969 2656 1034 καυστὸν,
2706 970 2799 1024 καὶ
2830 969 3001 1024 ταῦτα
3030 969 3342 1040 περὶαύτὰς
3363 968 3525 1024 αὐτοῦ
3553 972 3657 1032 τὰς

2090 1058 2244 1129 ῥίζας
2279 1058 2372 1113 τοῦ
2417 1060 2585 1132 πυρὸς
2632 1060 3014 1132 ὲντυφομένου.
3068 1058 3311 1123 κλάδους
3362 1058 3494 1128 γοῦν
3540 1056 3658 1126 ἐγὼ

2087 1145 2316 1221 δένδρων
2365 1150 2433 1203 ὲκ
2478 1150 2576 1221 τῆς
2619 1150 3022 1223 παρακειμένης
3047 1149 3175 1220 ὕλης
3209 1148 3410 1221 ἔρριψα
3438 1148 3559 1203 καθ’
3596 1148 3661 1201 ὃν

2088 1239 2438 1311 ἀνερεύγεται
2483 1243 2546 1296 τὸ
2603 1242 2711 1313 πῦρ
2757 1243 2940 1306 τόπον,
2985 1242 3080 1296 καὶ
3111 1240 3312 1305 εὐθέως
3356 1242 3437 1304 είς
3480 1239 3664 1313 φλόγα

2088 1331 2344 1403 ἀρθέντες
2365 1332 2769 1404 ὲτεφρώθησαν.
2785 1333 3034 1406 Φράσατε
3061 1328 3153 1388 οὖν
3177 1330 3263 1403 δὴ,
3282 1331 3353 1385 δι’
3379 1333 3445 1404 ἧν
3476 1330 3664 1386 αἰτίαν

2087 1422 2149 1476 τὸ
2166 1422 2240 1494 μὴ
2266 1424 2533 1496 ὑποφέρον
2551 1425 2689 1496 μηδὲ
2707 1425 2804 1496 τὴν
2838 1423 2901 1488 ἐξ
2916 1423 3067 1495 ἡλίου
3090 1422 3345 1489 δέξασθαι
3369 1421 3664 1491 ἔκκαυσιν,

2088 1515 2221 1570 ἀλλὰ
2254 1515 2637 1588 ξηραινόμενον
2669 1516 2763 1571 ἐὰν
2791 1515 2866 1588 μὴ
2902 1514 3135 1587 άρδευθῇ
3172 1513 3393 1587 βραχὲν,
3417 1513 3668 1584 τοσούτῳ

2095 1606 2264 1677 πυρὸς
2291 1607 2514 1679 φλογμῷ
2538 1609 2888 1680 συνεχόμενον
2923 1609 2984 1661 οὐ
3011 1606 3487 1668 καταναλίσκεται,
3523 1604 3669 1659 ἀλλὰ

430 1700 651 1768 arescit,
676 1708 991 1755 coarctante
1018 1707 1171 1753 tanto
1199 1698 1472 1764 incendio,
1503 1714 1609 1753 non
1630 1700 1987 1765 consumitur;

2104 1694 2157 1769 ζῇ
2209 1714 2268 1751 τε
2308 1697 2402 1751 καὶ
2452 1698 2672 1765 ϐάλλεις
2734 1698 2800 1752 Τί
2825 1693 2917 1753 οὖν
2964 1698 3209 1769 βούλεται
3232 1697 3293 1753 τὸ
3323 1696 3670 1768 παράδοξονς

428 1792 567 1863 quin
599 1791 732 1846 vivit
752 1798 806 1846 et
854 1789 1051 1847 ﬂoret?
1075 1789 1216 1856 Quid
1257 1790 1359 1845 sibi
1394 1804 1523 1859 ergo
1544 1789 1658 1844 vult
1691 1788 1794 1846 hoc
1826 1789 1993 1846 mira-

432 1884 661 1939 culum?
709 1882 896 1939 Posuit
957 1883 1100 1939 Deus
1151 1882 1346 1938 futurie
1402 1881 1509 1939 diei
1538 1882 1683 1937 illius
1730 1882 1992 1937 indicium

430 1977 707 2049 quoddam
728 1986 784 2032 et
807 1976 1053 2040 initium,
1083 1982 1141 2029 ut
1159 1976 1419 2039 sciamus,
1452 1975 1567 2030 fore
1598 1983 1656 2029 ut
1686 1975 1810 2047 igne
1832 1975 1994 2031 caeli-

432 2079 524 2128 tus
545 2071 782 2142 pluente,
806 2070 1277 2126 omnibusobrutis
1305 2069 1733 2139 absumptisque,
1762 2082 1993 2140 corpora

433 2163 529 2218 illa
585 2177 706 2233 qua:
755 2161 1069 2217 claruerunt
1100 2160 1154 2215 in
1187 2159 1436 2216 castitate
1495 2167 1549 2214 et
1601 2160 1837 2230 justitia,
1895 2173 1995 2229 per

436 2256 613 2327 ignem
646 2271 755 2310 non
776 2268 937 2312 secus
968 2268 1031 2308 ac
1060 2268 1154 2323 per
1196 2266 1391 2322 aquam
1434 2249 1705 2322 frigidam,
1736 2251 1856 2308 sine
1893 2251 1994 2306 ali-

432 2365 547 2420 quo
574 2347 760 2404 dolore
810 2362 874 2402 ac
906 2346 1151 2402 molestia
1187 2345 1257 2399 ab
1293 2344 1412 2412 ipso
1464 2343 1819 2401 deducantur.
1855 2341 1995 2402 Vere

433 2441 581 2496 enim
620 2446 940 2494 nostrorum
995 2435 1425 2500 commodorum,
1483 2433 1881 2491 studiosissime
1939 2443 1995 2491 et

439 2532 720 2600 magniﬁce
744 2530 992 2593 Domine,
1029 2528 1121 2581 tibi
1154 2528 1346 2598 [actori
1398 2528 1622 2582 serviens
1670 2537 1914 2582 creatura
1940 2528 1994 2581 in

435 2620 689 2673 ultionem
727 2617 975 2673 adversus
1005 2618 1209 2689 iniquos
1242 2618 1533 2673 intenditur
1580 2616 1953 2688 obrigescitque
1974 2633 1993 2672 :

433 2717 593 2778 atque
613 2707 681 2761 ad
706 2707 1009 2775 beneﬁcium
1046 2721 1142 2776 pro
1185 2707 1250 2761 iis
1291 2707 1379 2778 qui
1414 2704 1683 2775 conﬁdunt
1729 2706 1783 2759 in
1812 2715 1881 2771 te,
1914 2722 1996 2761 re—

434 2798 604 2852 missa
630 2798 897 2852 emollitur
918 2797 962 2829 “
997 2816 1011 2851 :
1043 2798 1364 2867 volenthue
1392 2803 1465 2859 te,
1491 2796 1632 2866 ignis
1661 2794 1877 2864 quidem
1911 2811 1997 2851 re-

435 2888 719 2955 frigerium
746 2887 895 2954 facit,
938 2888 1006 2944 iis
1063 2887 1198 2944 nihil
1234 2887 1376 2942 laesis
1409 2901 1641 2957 quorum
1681 2886 1798 2956 ipse
1834 2886 1994 2940 saluti

437 2983 751 3038 consultum
772 2982 1116 3049 decreveris;
1148 2987 1339 3035 contra
1371 2994 1500 3036 vero
1529 2994 1671 3049 aqua
1709 2978 1993 3035 vehemen-

2095 1790 2302 1861 Δεῖγμα
2358 1789 2515 1845 τοῦτο
2562 1791 2663 1862 τῆς
2709 1789 3008 1864 μελλούσης
3067 1790 3097 1843 ὁ
3141 1789 3273 1854 Θεὸς
3317 1788 3533 1861 ἡμέρας
3575 1786 3673 1842 καὶ

2097 1882 2376 1953 προοίμιον
2430 1882 2599 1947 ἔθετο,
2650 1884 2738 1938 ἵνα
2763 1882 3116 1955 γινώσκωμεν
3156 1881 3525 1955 εὐδηλότερον,
3560 1881 3673 1948 ὅτι,

2098 1974 2313 2028 πάντων
2366 1975 2500 2047 πυρὶ
2557 1975 2875 2046 καταϐασίῳ
2920 1974 3434 2046 κατομδρουμένων,
3487 1972 3559 2026 τὰ
3606 1974 3675 2027 ὲν

2097 2064 2290 2137 ἁγνείᾳ
2310 2068 2532 2137 σώματα
2557 2068 2649 2121 καὶ
2668 2067 2982 2139 δικαιοσύνῃ
2999 2066 3389 2136 διαπρέψαντα,
3410 2064 3676 2136 καθάπερ

2095 2156 2288 2230 ψυχρῷ
2320 2158 2472 2212 ύδατι
2502 2158 2579 2229 τῷ
2604 2159 2737 2230 πυρὶ
2761 2155 2911 2212 οὐδὲν
2944 2157 3301 2229 ἁλγυνόμενα,
3331 2156 3469 2229 πρὸς
3497 2154 3677 2210 αὑτοῦ

2097 2249 2466 2322 ἐπιϐήσονται.
2502 2250 2737 2322 Ἀληθῶς
2763 2251 2891 2323 γὰρ,
2911 2244 2957 2305 ὦ
2988 2247 3344 2322 μεγαλωφελῆ
3374 2247 3469 2302 καὶ
3497 2263 3688 2318 μεγαοη

2096 2343 2298 2418 λόδωρε
2321 2345 2584 2405 Δέσποτα.
2629 2346 2668 2413 ἡ
2697 2342 2894 2410 κτίσις
2934 2358 3032 2397 σοι
3059 2341 3139 2409 τῷ
3162 2340 3481 2408 ποιήσαντι
3510 2342 3681 2407 ὑπη-

2089 2438 2375 2509 ρετοῦσα,
2420 2438 2771 2492 ἐπιτείνεται
2809 2439 2899 2503 εις
2924 2438 3186 2491 κόλασιν
3232 2434 3380 2488 κατὰ
3403 2431 3523 2487 τῶν
3545 2429 3682 2485 ἀδί-

2098 2545 2238 2586 κωνο
2262 2529 2359 2583 καὶ
2386 2528 2609 2583 ἀνίεται
2637 2531 2724 2594 εις
2758 2528 3106 2599 εὐεργεσίαν
3133 2524 3284 2596 ὑπὲρ
3308 2524 3426 2579 τῶν
3441 2523 3542 2578 ἐπὶ
3564 2519 3681 2578 σοι

2098 2619 2489 2676 πεποιθότων·
2514 2619 2607 2672 καὶ
2633 2618 2877 2682 θέλοντός
2914 2634 3030 2682 σου,
3059 2615 3169 2689 πῦρ
3202 2615 3299 2687 μὲν
3342 2612 3683 2683 καταψύχει,

2099 2712 2490 2784 λυμαινόμενον
2517 2711 2669 2765 οὐδὲν
2712 2705 2787 2766 ὧν
2836 2711 3000 2776 αύτδς
3046 2710 3251 2783 κρίνεις
3273 2706 3637 2772 διασώζεσθαι
3662 2723 3680 2739 ο

2103 2803 2245 2875 ὓδωρ
2293 2805 2385 2858 καὶ
2442 2803 2674 2876 ἔμπαλιν
2718 2802 3067 2877 δριμυτέραις
3116 2798 3445 2872 καταφλέγει
3496 2798 3686 2871 πυρὸς

2103 2894 2454 2968 προσϐολαῖςο
2487 2896 2581 2949 καὶ
2606 2895 2759 2948 οὐδὲν
2790 2892 3165 2948 ἀντιτάσσεται
3194 2909 3285 2945 σου
3316 2889 3394 2961 τῷ
3424 2888 3685 2961 ἀνικήτῳ

2102 2989 2314 3059 κράτει,
2368 2989 2461 3041 καὶ
2485 2991 2550 3059 τῇ
2594 2991 2661 3060 σῇ
2712 2987 2873 3058 ίσχύῖ.
2900 2986 3083 3040 Πάντα
3107 2984 3215 3057 γὰρ
3253 2983 3470 3045 ἔκτισας
3492 2981 3553 3047 ἐξ
3570 2981 3687 3035 οὐκ

452 3076 562 3132 tius
589 3075 877 3144 acriusque
910 3073 1031 3145 igne
1086 3072 1387 3138 comburit,
1437 3086 1538 3126 nec
1569 3071 1863 3141 quidquam
1896 3071 1994 3124 im-

2104 3075 2298 3130 όντων·
2343 3078 2420 3131 διὸ
2478 3058 2573 3131 καὶ
2612 3058 2785 3132 πάντα
2823 3075 3188 3149 μεταλλεύεις,
3230 3075 3301 3129 σά
3330 3074 3685 3144 ὑπάρχοντα,

453 3167 669 3222 mortali
705 3176 795 3222 tuo
848 3165 1078 3236 imperio
1122 3174 1175 3220 et
1192 3164 1376 3218 virtuti
1430 3163 1660 3218 resistit.
1702 3161 1894 3218 Omnia
1924 3163 2001 3218 si-

2106 3168 2201 3221 καὶ
2230 3169 2671 3240 μετασκευάζεις,
2716 3170 2873 3240 μόνος
2906 3168 3164 3241 ὑπάρχων
3200 3166 3351 3230 θεὸς,
3372 3166 3448 3229 ὡς
3475 3163 3686 3227 θέλεις.

439 3260 663 3332 quidem
691 3276 754 3315 ex
778 3261 947 3315 nihilo
976 3259 1175 3316 creasti
1214 3279 1226 3314 :
1260 3274 1429 3330 quare
1454 3258 1615 3314 etiam
1651 3258 1853 3324 omnia,
1879 3274 1999 3315 cum
2031 3267 2126 3318 tua
2154 3263 2285 3331 sint,
2319 3272 2379 3319 ut
2431 3264 2674 3329 libuerit,
2714 3265 2770 3320 in
2812 3265 3038 3321 formam
3080 3264 3242 3318 aliam
3295 3262 3687 3330 rationemque

441 3354 717 3409 convertis
739 3361 792 3407 et
818 3360 1017 3416 mutas,
1051 3351 1147 3421 qui
1164 3350 1314 3405 solus
1343 3349 1488 3405 Deus
1517 3350 1762 3407 exsistis.

516 3445 630 3502 XV.
661 3446 956 3517 Apostolus
978 3460 1130 3517 ergo,
1157 3461 1279 3499 cum
1311 3444 1557 3516 plantare
1582 3453 1637 3502 et
1663 3446 1862 3517 rigare,
1894 3446 1999 3500 arti

445 3554 513 3596 ac
544 3548 701 3595 terra:
725 3546 779 3595 et
802 3554 954 3610 aqua:
983 3538 1303 3603 tribuisset,
1345 3537 1457 3595 Deo
1487 3539 1588 3593 soli
1637 3540 1999 3594 accretionem

446 3632 739 3698 concessit,
767 3645 891 3686 cum
922 3631 999 3685 ait
1026 3647 1040 3684 :
1080 3628 1260 3701 Neque
1287 3629 1378 3701 qui
1414 3629 1620 3698 plantat
1655 3639 1732 3685 est
1763 3629 1998 3701 aliquid,

428 3741 607 3795 neque
631 3725 721 3795 qui
750 3725 918 3793 rigat;
967 3722 1058 3777 sed
1079 3725 1169 3795 qui
1197 3721 1289 3777 dat
1317 3724 1691 3777 incrementum
1713 3762 1728 3789 ,
1760 3722 1901 3778 Deus
1931 3722 1998 3776 “.

446 3815 682 3873 Noverat
711 3816 855 3870 enim
906 3815 1144 3871 divinam
1177 3815 1346 3881 illam,
1371 3820 1497 3870 ante
1517 3814 1701 3895 omnia
1726 3814 1963 3887 genitam
1982 3853 2000 3881 ,

447 3908 630 3963 omnia
658 3908 1061 3979 progignentem
1087 3908 1439 3980 omniumque
1467 3905 1728 3963 artiﬁcem
1769 3906 1863 3964 Dei
1903 3905 2004 3963 Sa-

447 4003 742 4074 pientiam,
770 4002 1024 4058 universa
1050 4001 1106 4057 in
1145 4001 1407 4057 mundum
1455 4000 1790 4074 producere;
1841 4015 2005 4072 quam

448 4094 613 4149 etiam
643 4092 852 4163 antiqui
882 4101 1132 4147 naturam
1156 4102 1489 4150 vocaverunt
1510 4100 1565 4149 et
1586 4093 2004 4164 providentiam,

449 4184 595 4253 quod
625 4198 839 4253 semper
871 4184 1158 4253 providens
1177 4200 1519 4255 curansque,
1550 4184 1803 4241 omnibus
1833 4183 1922 4239 det
1950 4190 2009 4238 ut

450 4283 748 4331 nascantur
788 4280 843 4329 et
867 4284 1133 4329 crescant.
1169 4274 1302 4329 Nam
1323 4316 1338 4341 ,
1374 4276 1549 4347 inquit
1572 4276 1640 4344 ",
1672 4275 1835 4331 Pater
1866 4292 2008 4330 meus

2172 3446 2275 3503 ιε’.
2314 3445 2372 3499 '0
2397 3443 2526 3515 γοῦν
2564 3443 2882 3509 ’Λπόστολος
2927 3443 3060 3517 (12),
3107 3446 3169 3499 τὸ
3213 3445 3535 3515 φυτεύεσθαι
3580 3449 3689 3502 καὶ

2105 3538 2417 3604 ποτίζεσθαι
2443 3538 2604 3610 τέχνῃ
2649 3538 2741 3592 καὶ
2772 3541 2843 3610 γῇ
2877 3539 2970 3592 καὶ
2992 3537 3141 3592 ὕδατι
3169 3537 3311 3603 δοὺς,
3338 3538 3418 3609 τῷ
3463 3539 3586 3613 Θεῷ
3610 3542 3683 3597 ce

2105 3628 2352 3696 αὐξάνειν
2377 3629 2717 3703 συνεχώρησε
2755 3629 2926 3701 μόνῳ·
2964 3628 3119 3696 ἔνθα,
3151 3630 3291 3683 οὔτε
3324 3632 3357 3684 ό
3397 3633 3686 3700 φυτεύων·

2105 3721 2243 3775 οὔτε
2280 3724 2313 3776 ὁ
2340 3720 2588 3783 ποτίζων
2625 3721 2760 3775 ἐστι
2805 3738 2883 3788 τι,
2943 3721 3080 3775 ἀλλ’
3119 3723 3152 3774 ό
3184 3720 3464 3785 αὐξάνων
3504 3724 3679 3792 Θεὸς,

2107 3810 2234 3884 ἔφη.
2268 3813 2560 3869 Ἦπίστατο
2582 3812 2691 3885 γὰρ
2711 3812 2886 3866 πάντα
2903 3812 3177 3883 γεννῶσαν
3201 3813 3298 3885 τὴν
3329 3815 3680 3887 πρωτόγονον

2111 3904 2302 3976 σοφίαν
2331 3905 2425 3960 τοῦ
2469 3906 2625 3972 Θεοῦ,
2661 3907 2755 3961 καὶ
2800 3906 3017 3962 πάντων
3049 3906 3335 3978 τεχνίτιδα,
3373 3909 3553 3963 πάντα
3593 3912 3681 3976 είς

2107 3996 2199 4050 τὸν
2231 3996 2433 4069 κόσμον
2472 3999 2790 4070 προφέρεινο
2840 3999 2905 4069 ἢν
2940 3997 3049 4070 γὰρ
3074 3998 3184 4069 (l3)
3216 3999 3430 4059 παλαιοὶ
3477 3999 3678 4072 ἄνδρες

2110 4086 2271 4157 φύσιν
2300 4087 2561 4144 ἐκάλεσαν
2600 4091 2693 4144 καὶ
2727 4089 2998 4162 πρόνοιαν,
3033 4089 3185 4162 παρὰ
3214 4090 3275 4144 τὸ
3307 4091 3454 4163 φύειν
3498 4091 3674 4164 αὐτὴν

2114 4181 2329 4235 ἅπαντα
2361 4182 2453 4235 καὶ
2482 4180 2666 4248 αὔξειν
2684 4221 2699 4246 ,
2747 4182 3149 4255 προνοουμένην
3189 4185 3277 4238 ἀεὶ
3323 4185 3413 4238 καὶ
3448 4184 3673 4255 φροντί-

2115 4270 2343 4337 ζουσαν-
2384 4274 2437 4325 Ὁ
2478 4273 2588 4344 γὰρ
2622 4271 2821 4341 Πατήρ
2862 4290 2980 4343 μου
3026 4272 3138 4340 ἕως
3174 4273 3305 4343 ἄρτι
3353 4272 3674 4344 ἐργάζεται,

453 4382 615 4435 usque
657 4365 810 4418 modo
849 4375 1113 4434 operatur,
1146 4377 1196 4421 et
1240 4383 1331 4439 ego
1386 4384 1588 4438 operor.
1651 4366 2000 4435 Quamobrem

2118 4366 2269 4435 φησὶ,
2311 4363 2470 4435 κάγὼ
2509 4363 2836 4434 ἐργάζομαι.
2878 4365 3038 4419 Ὅθεν
3082 4365 3170 4419 διὰ
3216 4365 3388 4420 ταῦτα
3417 4365 3481 4437 δὴ
3508 4367 3607 4420 καὶ
3649 4369 3678 4421 ὁ

453 4456 618 4511 etiam
654 4453 941 4522 Salomon,
992 4459 1249 4528 artiﬁcem
1283 4459 1545 4524 omnium,
1596 4459 1883 4530 appellavit
1910 4459 1957 4492 ‘°
1990 4476 2005 4513 :

454 4547 655 4622 quippe
683 4564 805 4603 cum
841 4549 989 4603 nulla
1018 4550 1086 4604 sit
1113 4550 1167 4605 in
1198 4549 1306 4605 Deo
1346 4549 1641 4621 indigentia
1663 4592 1677 4613 ,
1706 4550 1802 4607 sed
1830 4551 2010 4606 omnia

420 4672 421 4677 η
456 4641 743 4710 opulenter
779 4650 834 4696 et
866 4655 1053 4697 creare
1097 4649 1151 4698 et
1179 4641 1357 4698 facere
1388 4649 1444 4697 et
1476 4643 1686 4698 variare
1716 4651 1771 4698 et
1817 4659 2015 4715 augere

420 4768 425 4777 ι
457 4733 656 4789 valeat.

2113 4456 2362 4527 Σολομῶν
2405 4455 2685 4511 ἁπάντων
2716 4455 2883 4528 αὐτὴν
2931 4458 3231 4527 τεχνίτιδα
3275 4458 3529 4512 ἐκάλεσεν
3548 4475 3564 4489 '
3597 4462 3679 4523 είς

2114 4552 2265 4606 οὐδὲν
2297 4552 2660 4623 πτωχεύοντος
2691 4551 2783 4607 τοῦ
2827 4553 2985 4617 Θεοῦ,
3029 4552 3162 4607 ἀλλὰ
3193 4553 3459 4616 πλουσίως
3498 4553 3679 4606 πάντα

2118 4644 2213 4699 καὶ
2248 4642 2471 4709 κτίζειν,
2501 4646 2597 4700 καὶ
2640 4647 2830 4712 ποιεῖν,
2867 4644 2962 4699 καὶ
3003 4644 3329 4710 ποικίλλειν,
3375 4644 3469 4699 καὶ
3494 4640 3680 4710 αὔξειν

2119 4735 2434 4807 δυναμένου.

531 4847 575 4881 ⁸³
610 4847 738 4916 Sap.
764 4863 877 4915 xw,
906 4848 997 4903 24.
1080 4846 1166 4901 ιιι
1198 4845 1324 4903 Cor.
1359 4862 1442 4914 ιιι,
1466 4845 1521 4900 7.
1603 4845 1648 4879 “
1670 4843 1890 4910 Jaan.v,
1916 4847 2000 4902 l7.

2104 4847 2134 4879 ’⁸
2165 4845 2290 4917 Sap.
2317 4865 2418 4917 vn,
2439 4847 2527 4904 21.

533 4964 646 5035 (ll)
677 4963 849 5035 A_rbor
880 4962 1058 5033 Agnus
1107 4962 1335 5035 nomine,
1399 4962 1560 5030 ἄγνου
1606 4958 1795 5035 φυτόν.
1824 4957 2019 5035 Hiero:-

461 5030 661 5108 nyinus
701 5033 871 5089 Levit.
890 5030 1087 5094 xixm,
1117 5033 1208 5092 40.
1238 5031 1450 5086 calicem
1472 5030 1716 5110 torrentis
1744 5031 1898 5091 dicit,
1924 5030 2017 5084 ubi

462 5109 624 5163 etiam
651 5102 793 5159 LXX
835 5103 901 5159 ad
922 5117 1108 5160 vocem
1134 5103 1318 5174 -ἄγνου
1353 5102 1557 5174 addunt
1584 5118 1676 5174 του
1703 5100 2017 5174 χειμάρρου,

462 5120 624 5163 etlam
651 5120 793 5159 ωιλ
835 5120 901 5159 au
922 5120 1108 5160 vocem
1156 5120 1318 5166 αγνου
1353 5120 1557 5157 auuunt
1584 5120 1676 5155 του
1703 5120 2025 5166 χειμαρρου,

465 5119 624 5163 etlam
651 5119 793 5159 ιιλλ
835 5119 901 5159 au
922 5119 1108 5160 vocem
1156 5119 1318 5170 αγνου
1353 5119 1557 5157 auuunt
1584 5119 1676 5155 του
1703 5119 2022 5174 χειμαρρου,

465 5177 533 5232 ad
565 5174 976 5245 significandum
1011 5172 1537 5245 gandere_ejusmodi
1562 5172 1811 5245 arborem
1842 5172 2022 5245 aquis,

465 5240 822 5315 videmusque
856 5240 1057 5315 passim
1091 5240 1426 5315 luxuriantes
1451 5241 1517 5296 ad
1557 5244 1704 5312 ripas
1730 5240 2020 5315 ﬂuminum

467 5318 712 5385 iocisque
735 5312 1068 5384 palustribus
1092 5330 1106 5365 :
1131 5329 1239 5384 quo
1265 5313 1435 5382 magis
1473 5321 1702 5382 augetur
1730 5312 2023 5385 Methodia-

471 5383 801 5441 num—istud
857 5402 982 5442 vere
1042 5383 1246 5455 grande
1297 5385 1658 5455 miraculum:
1698 5383 1784 5455 c_ui
1836 5390 2015 5455 tamen

472 5464 724 5511 astruunt
752 5455 911 5510 Iidem
942 5452 1096 5511 nives
1120 5456 1224 5509 illa:
1249 5454 1490 5523 ad_ipsas
1513 5454 1694 5508 fauces
1714 5452 2016 5523 ﬂammivo-

474 5540 593 5582 mas
630 5525 884 5579 similium
913 5527 1173 5580 montium
1219 5526 1276 5579 in
1320 5521 1492 5581 Italia.
1522 5524 1756 5593 olimque
1788 5522 1843 5593 in
1878 5521 2017 5593 Sici-

476 5597 569 5657 lia,
597 5594 690 5650 ubi
710 5594 1000 5648 bituminea
1045 5595 1271 5649 materia
1302 5594 1449 5647 velut
1480 5592 1742 5649 exhausta
1769 5592 1836 5647 ad
1869 5592 2021 5646 ﬂamo

479 5681 597 5723 mas
630 5664 749 5719 illas
796 5664 1065 5720 terribiles
1107 5665 1336 5720 videtur.
1384 5661 1487 5719 Job
1516 5678 1727 5733 quoque
1767 5677 1887 5733 cap.
1930 5679 2020 5729 IL,

2127 4960 2221 5038 ubi
2250 4960 2410 5038 εἰει..
2443 4962 2647 5026 κλῶνες
2695 4960 2887 5038 ᾁγροῦ,
2920 4968 2974 5016 et
3010 4961 3229 5038 éqnjla,
3273 4960 3681 5038 lceatxugdp-

2128 5034 2224 5103 ρου
2249 5074 2263 5099 ,
2294 5033 2481 5088 salices
2504 5031 2782 5095 torrentis,
2818 5040 2973 5086 notat
3008 5031 3254 5103 Nobilius
3297 5033 3350 5087 in
3382 5034 3504 5089 aliis
3525 5031 3683 5094 libris

2126 5102 2249 5172 esse
2301 5102 2484 5172 ἄγνουο
2522 5103 2657 5158 forte
2690 5102 3061 5165 scribendum.
3090 5102 3274 5171 ἄγνου.
3305 5102 3506 5159 Catena
3534 5104 3682 5160 Lon-

2126 5171 2356 5244 diniana
2375 5173 2427 5227 in
2457 5172 2576 5244 Job,
2609 5172 2674 5244 ad
2705 5188 2826 5244 enr_n
2864 5188 3078 5244 versum
3114 5189 3312 5241 marg..
3346 5192 3435 5244 πο.
3468 5173 3675 5243 ἄγνου,

2123 5250 2176 5296 et
2199 5242 2274 5294 sic
2300 5243 2354 5294 in
2377 5259 2474 5297 ms.
2505 5242 2725 5297 Thecla.
2779 5241 3035 5298 Eamdem
3099 5241 3568 5299 arboremﬁetiam
3613 5262 3682 5301 ex

2125 5312 2369 5385 profanis
2399 5313 2554 5385 docet
2589 5314 2850 5385 Dioscor.
2881 5315 2914 5367 Ι.
2963 5330 3003 5376 ι,
3037 5330 3086 5368 c.
3108 5314 3234 5385 ll6,
3259 5315 3486 5385 ejusque
3512 5330 3684 5384 expo-

2125 5381 2266 5452 sitor
2291 5381 2621 5438 lllatthiolus.
2649 5414 2720 5425 —-
2754 5383 2992 5452 Hujusce
3044 5384 3257 5439 arboris
3278 5381 3524 5439 meminit
3550 5381 3678 5440 item

2125 5450 2182 5525 ξ.
2222 5451 2421 5525 Martyr
2449 5454 2502 5525 in
2528 5452 2778 5525 _Convirio
2800 5450 2973 5509 decem
2999 5454 3184 5525 virgin.
3228 5455 3334 5511 sub
3361 5455 3600 5522 initium,
3629 5461 3685 5510 et

2121 5522 2273 5595 Orat.
2290 5522 2416 5595 τίς
2440 5522 2683 5595 5.(3Αιι..

2195 5593 2306 5666 il?)
2328 5593 2566 5666 'OVroﬁr
2613 5596 2742 5666 ‘Aa.
2766 5594 2844 5649 Ex
2876 5595 3064 5650 eodem
3097 5595 3219 5650 cod.
3254 5593 3437 5666 Rnpif.

2197 5660 2309 5737 (i5)
2342 5660 2454 5720 “Ha
2631 5665 2738 5723 Pro
2781 5666 2890 5738 γάρ
2918 5666 3081 5722 scrib.
3116 5667 3235 5722 καί.
