3962 6204
503 243 605 302 291

1474 253 1533 309 S.
1571 249 1903 306 METIIODII
1943 249 2249 304 ιςυιδευρι
2285 251 2363 302 121
2418 252 2598 301 MAI“
2622 249 2778 304 1Ιέιὸ

3625 255 3726 311 292

500 365 694 436 ligatas
735 367 942 422 animas
985 381 1014 421 ιι
1075 363 1303 420 Ieremia
1357 365 1618 436 pmpheta
1689 364 1792 419 dici
1847 363 1938 429 ",
1991 375 2054 417 eo

2171 360 2496 432 δεσμώτιδας
2545 361 2647 428 τὰς
2695 363 2875 436 ψυχὰς
2923 360 3065 438 [καί]
3113 365 3266 439 παρὰ
3315 367 3410 422 τοῦ
3456 373 3724 444 προφήτου

501 457 644 526 quod
671 456 726 511 in
754 456 1070 526 corporibus
1098 455 1225 510 sint.
1258 453 1442 523 Neque
1473 455 1616 508 enim
1649 453 1844 508 animm
1866 465 2058 520 Opera-

502 547 678 602 tioues
706 561 734 600 a
758 560 986 615 corpore
1014 545 1258 616 impediri
1299 545 1558 610 aﬂirmat;
1583 544 1694 600 imo
1719 557 1918 613 corpus
1947 541 2058 596 cir-

499 637 754 692 cumferri
781 639 981 708 potius,
998 649 1051 694 et
1065 640 1341 710 cooperari
1373 641 1436 693 ad
1454 655 1516 694 ea
1533 639 1599 694 ad
1619 654 1739 708 quae
1765 638 1944 692 anima
1970 636 2056 691 in-

501 725 655 781 vitat.
678 725 990 789 Enimvero,
1015 727 1286 796 quomodo
1310 727 1409 783 hac
1435 727 1488 780 in
1512 735 1662 796 parte
1681 724 2056 798 intelligendus

500 814 790 885 Gregorius
819 816 1028 888 (20-21)
1059 815 1383 888 Theologus,
1411 826 1464 872 et
1486 815 1576 872 alii
1607 815 1828 886 plures?

572 901 638 958 ll.
671 900 826 968 Quod
850 901 1130 972 Origenes,
1162 909 1289 972 post
1313 900 1835 970 praevaricationem,
1867 917 2068 972 corpus

500 997 695 1050 animae
725 993 929 1048 vinculi
955 994 1078 1047 loco
1115 989 1434 1062 adjunctum
1469 989 1708 1055 dixerit,
1755 1007 1880 1048 cum
1915 993 2068 1063 prius

499 1089 619 1145 sine
651 1102 882 1158 corpore
915 1084 1141 1140 viveret.
1173 1083 1279 1140 Sed
1306 1092 1363 1139 et
1404 1083 1507 1140 hoc
1536 1083 1832 1154 adiecerit,
1867 1099 2067 1157 corpus

496 1181 645 1253 quod
673 1189 988 1252 gestamus,
1014 1192 1240 1234 causam
1284 1191 1410 1232 esse
1454 1183 1806 1246 peccatorum
1839 1192 1855 1230 :
1897 1191 2070 1248 quare

497 1275 658 1328 etiam
696 1271 972 1328 vinculum
998 1267 1310 1340 appellavit,
1344 1275 1406 1320 ut
1429 1265 1577 1338 quod
1596 1266 1834 1322 animam
1859 1280 1891 1322 a
1909 1267 2068 1326 bonis

496 1365 754 1436 Operibus
780 1363 1071 1434 prohibere
1103 1359 1300 1431 possit.

570 1456 656 1512 Ill.
689 1454 847 1522 Quod
875 1454 922 1511 si
961 1468 1166 1522 corpus
1204 1452 1392 1508 datum
1422 1461 1508 1509 est
1545 1450 1742 1506 animae
1777 1457 1838 1504 ut
1879 1449 2068 1506 vincu-

495 1549 609 1605 lum
658 1555 781 1618 post
814 1545 1348 1618 praevaricationem,
1401 1544 1484 1600 vel
1528 1551 1613 1601 est
1652 1543 1839 1598 datum
1874 1542 1975 1613 ipsi
2010 1552 2068 1598 ut

495 1639 760 1695 malorum
782 1637 1062 1692 vinculum
1089 1633 1226 1707 (22),
1248 1634 1334 1690 vel
1364 1641 1420 1688 ut
1444 1633 1732 1688 bonorum.
1771 1628 1915 1686 Sane
1937 1643 2067 1685 vero

493 1729 682 1800 nequit
709 1726 826 1782 ﬁeri
861 1735 922 1782 ut
962 1726 1233 1781 bonorum
1290 1721 1572 1778 vinculum
1622 1738 1636 1774 :
1685 1719 1870 1774 nullus
1918 1715 2054 1772 enim

2171 1715 2424 1818 τεχνιτῶν
2467 1715 2626 1812 ἄλλοξ
2666 1747 2745 1819 τῷ
2786 1715 3386 1822 αμαρτήσαντιδίδωσι

493 1820 742 1876 medicus
800 1818 1011 1875 aliusve
1048 1813 1242 1871 artifex
1283 1813 1581 1871 remedium
1611 1812 1856 1884 peccanti
1889 1811 2067 1884 porri-

493 1912 606 1980 git,
638 1920 699 1966 ut
741 1909 864 1981 plus
908 1916 1138 1981 peccet:
1176 1907 1348 1963 multo
1378 1906 1562 1962 minus
1595 1904 1760 1963 Deus.
1805 1904 2066 1977 Superest

489 2015 621 2070 ergo
673 2007 735 2055 ut
778 1999 850 2055 sit
900 1999 1089 2054 datum
1131 2006 1392 2068 tanquam
1438 1997 1720 2053 vinculum
1768 1998 2060 2053 malorum.

489 2089 656 2162 Atqui
680 2091 950 2154 videmus,
982 2095 1042 2143 ut
1071 2087 1306 2158 primum
1338 2084 1476 2141 Cain
1503 2085 1609 2141 hoc
1628 2101 1856 2156 corpore
1895 2085 2064 2141 vesti-

489 2191 604 2248 tus,
629 2181 983 2239 homicidium
1014 2179 1210 2236 fecerit
1237 2197 1251 2234 :
1284 2179 1492 2250 posteri
1541 2193 1674 2235 vero
1701 2179 1769 2234 ad
1801 2193 1921 2250 qua:
1948 2193 2065 2235 sce-

492 2277 607 2334 lera
638 2276 877 2347 prolapsi
929 2275 1071 2342 sint,
1126 2283 1211 2331 est
1271 2273 1646 2330 manifestum.
1696 2273 1838 2346 Ergo
1887 2288 2066 2344 neque

488 2385 693 2442 corpus
736 2377 822 2424 est
859 2366 1140 2423 vinculum
1173 2365 1443 2422 malorum
1494 2382 1510 2419 :
1555 2380 1685 2438 ergo
1731 2380 1907 2436 neque
1952 2366 2065 2420 ullo

489 2462 652 2517 modo
690 2459 1002 2528 vinculum;
1042 2473 1220 2529 neque
1250 2458 1384 2514 illud
1415 2457 1598 2513 anima
1638 2465 1764 2528 post
1803 2457 2064 2528 praevari-

488 2554 760 2608 cationem
792 2551 1028 2622 primum
1057 2548 1255 2604 induit.

559 2643 650 2700 lV.
687 2643 892 2708 Homo,
925 2641 1138 2712 inquit,
1173 2642 1222 2698 si
1253 2639 1374 2711 ejus
1405 2647 1660 2698 naturam
1688 2648 1936 2714 spectes,
1969 2657 2064 2697 ve-

486 2739 705 2794 rissime
727 2736 960 2804 dicitur,
986 2750 1164 2806 neque
1215 2735 1397 2790 anima
1431 2735 1550 2790 sine
1577 2748 1838 2805 corpore,
1884 2749 2063 2803 neque

486 2837 698 2896 contra,
729 2844 931 2896 corpus
959 2827 1081 2884 sine
1108 2827 1329 2895 anima;
1363 2825 1460 2883 sed
1493 2826 1625 2882 illud
1647 2827 1795 2898 quod
1827 2841 1894 2880 ex
1932 2841 2063 2882 coa-

487 2923 676 2978 litione
705 2920 900 2976 anima:
927 2928 982 2976 et
1004 2920 1286 2991 corporis,
1313 2919 1369 2974 in
1393 2933 1556 2974 unam
1582 2918 1794 2991 pulchri
1823 2919 2061 2990 bonique

488 3014 717 3069 formam
755 3012 1047 3070 conﬂatur.
1108 3011 1370 3083 Origenes
1421 3026 1583 3078 vero,
1615 3019 1675 3066 ut
1725 3010 1880 3066 Plato
1918 3010 2054 3083 (25),

485 3109 660 3166 solam
697 3107 934 3161 animam
964 3104 1101 3159 dixit
1129 3104 1464 3161 constituere
1491 3103 1788 3160 hominem.

563 3197 622 3254 ν.
648 3197 1017 3254 ῡὶσοτοηιίιιιιι
1039 3197 1182 3252 inter
1216 3195 1491 3252 hominem
1539 3202 1596 3251 et
1627 3201 1822 3251 caetera
1851 3195 2060 3249 anima-

483 3289 557 3346 lia
595 3303 717 3345 esse
750 3287 923 3343 dicit:
959 3295 1124 3357 atque
1160 3284 1248 3341 his
1279 3284 1500 3356 quidem
1524 3301 1649 3342 esse
1688 3284 1846 3341 datas
1875 3285 2058 3340 diver-

482 3396 576 3440 sas
605 3389 814 3436 natura:
859 3381 1071 3450 species
1121 3379 1471 3450 formasque,
1518 3386 1754 3450 quantas
1797 3379 2056 3435 nimirum

482 3475 658 3532 solida
687 3474 800 3546 (24)
833 3481 888 3530 et
919 3472 1095 3529 oculis
1139 3471 1388 3542 subjecta
1433 3480 1630 3528 natura
1685 3471 1798 3528 Deo
1831 3472 2058 3544 iubente

483 3568 742 3640 produxit
775 3581 788 3618 :
829 3565 1037 3619 homini
1066 3578 1196 3620 vero
1233 3563 1419 3618 datum
1450 3577 1576 3619 esse
1597 3601 1613 3626 ,
1648 3570 1710 3616 ut
1750 3572 1899 3618 esset
1946 3559 2057 3617 Deo

483 3661 679 3716 similis
700 3665 755 3714 et
773 3656 1054 3713 deiformis
1075 3695 1091 3722 ,
1120 3663 1288 3726 utque
1309 3654 1514 3720 omnia,
1539 3653 1609 3709 ad
1629 3661 1875 3709 exactam
1906 3653 2055 3709 illam

479 3753 847 3824 exetnplarem
901 3749 1081 3806 Patris
1138 3747 1529 3818 Unigenitique
1574 3746 1868 3817 imaginem
1927 3762 2054 3818 spe-

480 3845 721 3912 ctantia,
750 3843 995 3899 haberet.
1037 3838 1225 3901 Fuerit
1267 3853 1396 3898 vero
1423 3837 1880 3896 considerandum
1917 3838 2053 3912 (25),

487 3954 597 4010 qua
629 3945 856 3993 sanctus
884 3935 1098 3990 ratione
1127 3933 1180 3988 id
1213 3931 1380 3988 dicat.

552 4029 640 4085 Vl.
667 4027 912 4084 Phidiam
936 4026 1260 4084 statuarium
1281 4024 1378 4092 ait,
1407 4039 1532 4081 cum
1564 4021 1788 4080 Pisaeam
1815 4030 2054 4077 statuam

480 4139 548 4180 ex
575 4123 741 4178 ebore
790 4120 1106 4188 formassct,
1139 4119 1438 4190 imperasse
1479 4113 1615 4173 ante
1649 4124 1884 4172 statuam
1939 4113 2057 4186 (26)

553 4259 598 4292 ⁸⁷
632 4258 822 4315 Thren.
859 4271 945 4321 ιιι,
980 4255 1072 4312 54.

553 4389 764 4464 (20-21)
795 4386 1068 4464 Quomodo
1093 4387 1191 4464 hac
1212 4387 1268 4440 in
1286 4395 1443 4464 Parte
1461 4384 2046 4464 intelligendus_Greg_o-

2181 451 2442 524 Ἱερεμίου
2471 451 2772 515 καλεῖσθαι,
2795 453 2882 508 διὰ
2903 454 2965 508 τὸ
2996 457 3052 508 ὲν
3084 454 3326 526 σώμασιν
3355 457 3522 522 αὑτὰς
3541 463 3730 532 τυγχά.

2169 561 2302 599 νειν.
2332 545 2409 600 Οὐ
2433 545 2543 618 γὰρ
2567 546 2878 617 ἐμποδίζειν
2909 547 3009 611 τὰς
3035 549 3135 619 τῆς
3164 549 3340 621 ψυχῆς
3368 551 3637 623 ἐνεργείας
3674 554 3728 609 τὸ

2172 637 2330 710 σῶμα
2342 638 2579 692 τίθεται·
2602 639 3072 711 συμπεριάγεσθαι
3085 641 3140 694 δὲ
3164 641 3361 712 μᾶλλον
3377 643 3436 696 τὸ
3454 643 3628 716 σῶμα,
3642 648 3730 702 καὶ

2172 733 2512 802 συνενεργεῖν
2542 730 2679 802 πρὸς
2708 731 2745 785 ἅ
2770 731 2972 805 ἡψυχὴ
3014 733 3311 804 ἐπιτρέπει.
3358 735 3513 789 Ἀλλὰ
3539 737 3652 801 πῶς
3674 739 3730 794 τδ

2167 820 2263 876 τοῦ
2297 821 2548 892 θεολόγον
2575 823 2874 896 Γρηγορίου
2907 825 3142 896 νοητέον,
3181 826 3275 880 καὶ
3300 826 3474 881 ἄλλων
3494 829 3727 899 «eam;

2240 915 2316 969 Β.
2355 918 2477 970 ’Ὁτι
2521 917 2803 989 Ὠριγένης
2827 916 3022 988 δεσμὸν
3045 917 3106 971 τὸ
3139 919 3297 990 σῶμα
3324 920 3477 989 ἔλεγε
3502 923 3731 978 δεδόσθαι

2168 1010 2234 1082 τῇ
2259 1008 2402 1082 ψυχῇ
2430 1010 2570 1082 μετά
2599 1009 2699 1082 τὴν
2722 1010 3052 1082 παράϐασιν,
3077 1013 3204 1083 πρὶν
3225 1013 3281 1066 δὲ
3302 1013 3608 1084 ἀσωμάτοις
3628 1016 3731 1088 (Ξῖ)

2169 1100 2336 1173 αὐτὴν
2369 1099 2665 1172 βιοτεύειν
2702 1101 2839 1156 ἀλλὰ
2882 1103 2975 1157 καὶ
3011 1102 3170 1156 τοῦτο
3201 1104 3260 1157 τὸ
3297 1105 3477 1177 σῶμα,
3519 1107 3547 1160 ὃ
3589 1127 3735 1180 περι-

2168 1193 2420 1264 κείμεθα,
2451 1192 2625 1248 αἴτιον
2677 1189 2814 1249 εἶναι
2845 1193 2954 1248 τῶν
2989 1194 3304 1267 ἁμαρτιῶνο
3335 1197 3423 1251 διὰ
3453 1199 3613 1253 τοῦτο
3653 1206 3734 1255 καὶ

2167 1285 2363 1358 δεσμὸν
2395 1286 2600 1356 ἔλεγεν,
2640 1286 2717 1352 ὡς
2761 1288 2868 1342 ἀπὸ
2897 1289 3008 1342 τῶν
3050 1289 3271 1358 ἀγαθῶν
3301 1290 3480 1364 ἔργων
3514 1294 3735 1348 κωλύειν

2167 1379 2462 1452 δυνάμενον
2490 1378 2588 1452 τὴν
2609 1379 2804 1452 ψυχήν.

2239 1472 2312 1528 Γ’.
2343 1473 2466 1525 Ὅτι
2489 1472 2540 1524 εἰ
2575 1471 2773 1544 δεσμὸς
2802 1471 2957 1544 ἐδόθη
2989 1474 3050 1528 τὸ
3082 1475 3244 1546 σῶμα
3272 1477 3409 1548 μετὰ
3434 1478 3532 1549 τὴν
3567 1481 3736 1551 παρὰ·

2169 1564 2345 1628 ϐασιν,
2379 1563 2413 1636 ἦ
2451 1563 2560 1618 τῶν
2589 1563 2794 1629 κακῶν,
2825 1564 2858 1636 ἢ
2887 1566 2996 1620 τῶν
3027 1567 3246 1636 ἀγαθῶν
3279 1570 3432 1642 ἐδόθη
3475 1575 3539 1643 τῇ
3575 1573 3733 1644 ψυχῇ.

2167 1656 2288 1710 Τῶν
2318 1655 2419 1728 μὲν
2440 1651 2533 1711 οὖν
2565 1657 2808 1727 ἀγαθῶν,
2837 1659 3096 1716 ἀδύνατον
3119 1679 3134 1693 ο
3171 1663 3290 1716 οὐδὲ
3333 1665 3441 1736 γὰρ
3475 1666 3675 1737 ἰατρῶν
3705 1669 3734 1737 ἢ

3429 1757 3735 1827 φάρμακον,

2165 1838 2306 1894 ὥστε
2336 1840 2495 1896 πλέον
2527 1839 2926 1914 ὲξαμαρτῆσαι.
2967 1845 3041 1916 μὴ
3081 1846 3162 1900 ὅτι
3202 1864 3266 1917 γε
3295 1848 3444 1913 Θεὸς.
3479 1851 3738 1906 Λεξπεται

2164 1933 2228 2006 δὴ
2255 1933 2362 1987 τῶν
2390 1935 2595 1990 κακῶν.
2641 1937 2800 1993 Ἀλλὰ
2833 1941 2942 2012 μὴν
2969 1939 3208 2012 ὁρῶμεν,
3232 1942 3308 2006 ὡς
3343 1945 3461 1997 κατ’
3492 1945 3673 2016 ἀρχὰς
3711 1946 3737 1999 ὁ

2169 2029 2266 2099 μὲν
2293 2028 2456 2094 Κάῖν,
2494 2030 2874 2103 περικείμενος
2908 2031 3068 2086 τοῦτο
3095 2033 3154 2086 τὺ
3205 2035 3385 2106 σῶμα,
3418 2036 3734 2105 ἐφόνευσεν

2162 2122 2212 2174 οἱ
2238 2121 2296 2176 δὲ
2323 2121 2518 2195 ἐφεξῆς
2551 2124 2691 2196 πρὸς
2719 2124 2785 2190 ἃς
2837 2124 3258 2198 ἀθεμιτουργίας
3311 2125 3632 2194 ἐξώκειλαν.
3658 2129 3728 2200 δῆ-

2164 2210 2272 2266 λον.
2303 2214 2436 2268 Οὐδὲ
2463 2215 2572 2270 τῶν
2600 2216 2786 2270 κακῶν
2811 2217 2917 2288 ἄρα
2944 2216 3142 2288 δεσμὸς
3167 2217 3230 2272 τὸ
3260 2219 3437 2291 σῶμα,
3464 2221 3578 2274 οὐδ’
3612 2221 3736 2284 ὅλως

2165 2305 2272 2377 ἄρα
2299 2305 2494 2379 δεσμός
2514 2325 2528 2338 ·
2557 2308 2668 2362 οὐδ’
2697 2308 2924 2382 ὕστερον
2953 2309 3086 2365 αὐτὸ
3115 2311 3424 2382 ἠμφιέσατο
3455 2313 3606 2384 μετὰ
3647 2314 3736 2385 τὴν

2165 2395 2475 2467 παράόασιν
2511 2399 2545 2471 ἡ
2581 2399 2744 2473 ψυχή.

2231 2644 2305 2698 A'.
2340 2643 2462 2698 Ὀτι
2489 2643 2794 2719 ἄνθρωπος,
2819 2647 2972 2721 φησὶ,
3001 2647 3217 2719 λέγεται
3251 2647 3389 2704 κατὰ
3416 2650 3588 2720 φύσιν
3618 2653 3737 2722 ἁλη-

2163 2734 2397 2791 θέστατα
2437 2736 2560 2791 οὔτε
2593 2738 2738 2811 ψυχὴ
2773 2742 2941 2814 χωρὶς
2984 2740 3262 2814 σώματος,
3313 2742 3424 2796 οὔτ’
3453 2739 3522 2797 αὖ
3584 2745 3735 2798 πάλιν

2163 2828 2321 2900 σῶμα
2347 2831 2514 2902 χωρὶς
2569 2830 2780 2904 ψυχῆς·
2827 2833 2962 2888 ἀλλὰ
2995 2833 3055 2889 τὸ
3107 2837 3171 2888 ἐκ
3219 2836 3533 2902 συστάσεως
3567 2839 3737 2910 ψυχῆς

2160 2920 2254 2974 καὶ
2286 2921 2537 2993 σώματος
2570 2925 2652 2988 εἰς
2681 2924 2808 2996 μίαν
2835 2925 2934 2998 τὴν
2962 2927 3056 2981 τοῦ
3093 2927 3258 2981 καλοῦ
3294 2930 3510 3001 μορφὴν
3548 2948 3733 2984 συντε-

2161 3009 2271 3066 θέν.
2315 3011 2372 3067 '0
2401 3012 2449 3067 δ’
2482 3013 2764 3088 Ὠριγένης
2779 3015 2876 3089 τὴν
2901 3017 3076 3090 ψυχὴν
3113 3017 3280 3091 μόνην
3309 3018 3492 3088 ἔλεγεν
3525 3023 3737 3096 ἄνθρω-

2086 3074 2132 3138 C
2162 3119 2284 3168 πον,
2315 3104 2390 3168 ὡς
2411 3104 2439 3156 ὁ
2459 3074 2706 3162 Πλατιον.

2229 3195 2308 3250 E'.
2341 3198 2464 3251 ’Ότι
2494 3198 2756 3270 διαφορὰν
2781 3199 3071 3275 ἀνθρώπου
3115 3205 3212 3260 καὶ
3239 3205 3348 3260 τῶν
3382 3205 3566 3261 ἄλλων
3591 3207 3737 3272 ζώων

2159 3289 2320 3360 φησι·
2355 3289 2447 3344 καὶ
2484 3294 2595 3355 τοῖς
2632 3291 2731 3363 μὲν
2767 3293 2996 3369 διάφορα
3045 3299 3298 3370 σχήματα
3330 3299 3551 3369 φύσεως
3596 3301 3734 3354 δέδο-

2155 3397 2278 3444 ται,
2309 3381 2404 3434 κα)⁷
2455 3385 2693 3454 μορφαὶ,
2736 3385 2998 3461 emam
3056 3391 3371 3462 στερέμνιος
3419 3393 3514 3446 καὶ
3570 3397 3734 3467 ὁρατὴ

2158 3472 2317 3542 φύσις
2348 3474 2659 3542 κελεύοντος
2699 3479 2956 3552 ἐγέννησε
2985 3481 3151 3537 Θεοῦ·
3187 3485 3266 3557 τῷ
3306 3486 3364 3540 δὲ
3403 3486 3464 3541 τὸ
3502 3487 3734 3552 θεοειδὲς

2156 3567 2250 3620 καὶ
2282 3565 2599 3636 θεοείκελον,
2642 3573 2736 3626 καὶ
2767 3574 2944 3629 πάντα
2986 3577 3122 3650 πρὸς
3155 3579 3369 3652 ἐκείνην
3405 3581 3733 3656 ἀπηκριϐω-

2169 3657 2335 3747 μένην
2375 3658 2434 3747 (1⁵.
2467 3662 2920 3742 ἀπηκριϐωμένα)
2958 3674 3059 3747 τὴν
3103 3677 3452 3747 πρωτότυπον
3477 3679 3577 3732 τοῦ
3623 3683 3729 3733 Πα-

2166 3743 2292 3835 τρὸς
2323 3746 2415 3835 καὶ
2441 3748 2773 3819 Μονογενοῦς
2815 3743 3025 3818 εἰκόνα.
3043 3743 3160 3818 Καὶ.
3185 3765 3301 3830 πῶς
3337 3765 3495 3822 τοῦτο
3524 3766 3673 3835 λέγει
3702 3768 3730 3820 δ

2167 3827 2318 3898 ἅγιος
2341 3834 2714 3947 ὲπιῗεπτέον.

2225 4030 2316 4096 ς’.
2354 4029 2475 4083 Ὅτι
2510 4028 2646 4102 φησὶ
2671 4027 2883 4083 Φειδίαν
2907 4029 3001 4083 τὸν
3021 4030 3458 4102 ἀγαλματοποιὸν
3476 4073 3490 4096 ,
3535 4035 3599 4088 τὸ
3629 4036 3728 4088 Πι-

2156 4123 2306 4173 σαῖον
2349 4120 2561 4175 εἴδωλον
2605 4123 2906 4194 ποιήσαντα
2950 4123 3012 4186 ἐξ
3059 4123 3349 4194 ἐλέφαντος
3373 4126 3506 4197 (28),
3551 4145 3726 4199 προσ-

2157 4392 2284 4440 sunt
2307 4383 2563 4440 Methodii
2585 4400 2641 4439 ιι.
2678 4384 2746 4439 18
2768 4384 2908 4454 apud
2941 4383 3321 4454 Epiphanium,

480 4449 614 4538 rius,
640 4449 758 4538 etc.
774 4449 891 4522 πῶς
905 4457 1121 4538 νοητέον
1136 4457 1197 4510 τὸ
1220 4449 1314 4538 τοᾷ
1338 4455 1586 4538 θεολόγον
1610 4449 1909 4538 Γρηγορίον
1930 4449 2054 4538 {Je-

2230 4456 2341 4526 (24)
2372 4456 2578 4538 S‘ol_id_a.
2599 4449 2932 4538 στερέμνιος.
2964 4449 3161 4526 Nempe
3179 4465 3325 4510 terra
3347 4465 3398 4538 et
3422 4469 3582 4538 aqua,
3601 4473 3726 4528 qua

476 4530 667 4601 iunius
721 4529 1201 4601 interseriturtac
1231 4528 1377 4601 velut
1427 4541 1692 4601 concesso
1741 4528 1861 4601 viro
1897 4535 2046 4584 tanto

481 4596 846 4673 Origenianis,
881 4599 1041 4670 cujus
1072 4599 1142 4673 ab
1166 4599 1416 4673 Origene,
1442 4596 1500 4673 in
1537 4612 1734 4673 errore
1773 4597 2047 4673 hoc__pes_-

482 4666 640 4736 sima,
666 4687 773 4726 non
803 4666 1055 4726 occurrat
1085 4666 1397 4725 discrimen.
1451 4666 1643 4724 Melius
1669 4675 1819 4723 certe
1877 4666 2046 4724 Maxi-

481 4759 604 4798 mus
623 4744 731 4806 ille,
759 4757 883 4797 vere
911 4741 1180 4796 maximus
1211 4736 1457 4810 Gregorii
1515 4738 1797 4808 expositor
1850 4754 2046 4810 prope-

481 4815 624 4870 diem
659 4812 924 4878 edendus,
952 4810 1020 4864 ad
1053 4807 1353 4866 orationem
1397 4807 1470 4863 De
1503 4807 1682 4863 amore
1734 4807 2042 4878 pauperum,

481 4885 574 4940 ubi
607 4883 903 4954 Gregorius
933 4878 1650 4954 nonnullamdillicultatem
1673 4878 1911 4954 przefert.

553 4955 665 5027 (22)
705 4949 797 5027 Vel
819 4964 896 5009 est
938 4952 1122 5027 datum
1171 4953 1272 5022 ipsi
1307 4961 1378 5027 ⁵ιιι
1435 4949 1697 5004 malorum
1757 4949 2040 5027 vinculum.

479 5021 929 5082 Velut'nimirum
955 5022 1156 5079 abillis
1205 5021 1500 5092 prohibens
1529 5027 1630 5092 :put
1679 5037 1745 5076 ex
1793 5025 2043 5091 sequenti

518 5096 820 5161 rohatione,
852 5110 961 5151 non
990 5090 1248 5163 prohibiti
1291 5093 1420 5148 mali
1451 5093 1508 5146 in
1533 5090 1703 5146 Caino
1731 5099 1785 5163 et
1811 5090 2044 5163 posteris

504 5169 698 5238 iquet;_
729 5182 849 5238 quae
879 5161 1158 5238 pluribus
1173 5163 1528 5238 prosequitur
1577 5163 1694 5232 ipse
1735 5161 2042 5219 Methodius

480 5235 623 5309 apud
647 5235 1016 5309 Epiphanium
1044 5252 1099 5290 ιι.
1132 5235 1221 5291 45.

554 5308 670 5379 (25)
703 5302 964 5379 Ὁιιιρεηεε
1018 5323 1156 5374 vero,
1207 5315 1263 5379 ιιι
1307 5305 1486 5379 Plato.
1534 5302 1653 5379 Alia
1714 5303 1901 5370 lectio,
1933 5305 2040 5379 οὐδ’

494 5375 799 5450 ᾮριγένης,
816 5375 1284 5450 minus_congruit_
1311 5396 1326 5430 :
1349 5377 1506 5447 plane
1519 5377 1678 5450 enim_
1697 5376 2042 5450 consensisse

469 5446 694 5519 videtur
713 5446 972 5519 Origenes
1001 5446 1233 5511 Platoni,
1255 5446 1507 5518 dogmate
1537 5446 1682 5517 quod
1717 5452 1925 5516 spectat
1972 5446 2038 5500 ad

483 5517 729 5600 animas;
753 5517 976 5600 ut'ipsa}
995 5526 1179 5599 essent
1205 5517 1398 5600 homo;
1429 5532 1740 5600 quanquam
1790 5531 1898 5600 non
1949 5531 2035 5600 re:

481 5587 724 5656 ciperent
774 5587 893 5642 eam
941 5587 1462 5652 denominationem,
1499 5587 1607 5643 nisi
1658 5589 1714 5641 in
1747 5587 1938 5641 ordine
1970 5587 2038 5641 ad

480 5671 700 5728 corpus,
753 5664 806 5712 et
835 5657 965 5711 illud
1015 5659 1356 5714 connotando
1388 5667 1448 5712 ut
1499 5658 1776 5728 proprium
1818 5657 2032 5712 mobile.

482 5725 746 5786 Videntur
771 5742 900 5785 vero
925 5742 1046 5784 esse
1081 5728 1194 5784 haec
1222 5731 1386 5788 verba
1421 5725 1618 5799 Photii,
1640 5728 1824 5799 priora
1855 5735 2033 5786 autem

2148 4525 2264 4600 ipsa
2296 4525 2427 4600 sUnt
2451 4529 2483 4597 ἡ
2511 4529 2678 4600 ὁρατὴ
2701 4525 2994 4600 {pingue}:
3039 4525 3145 4595 qua
3178 4541 3335 4582 sacer
3384 4525 3567 4600 textus
3599 4525 3727 4599 pro-

2183 4595 2507 4670 uetari-fert
2545 4595 3068 4670 'animalia.__h_ii'nus
3097 4611 3227 4653 vero
3273 4598 3528 4668 quadrat,
3570 4595 3721 4670 quod

2146 4667 2457 4724 reddiderat
2482 4670 2750 4740 interpres
2776 4666 2976 4720 valida.

2212 4760 2325 4831 (25)
2359 4758 2541 4815 Fuerit
2571 4776 2687 4816 vero
2719 4760 3178 4823 considerandum,
3214 4768 3320 4816 etc.
3372 4759 3606 4814 Planum
3639 4771 3725 4816 est

2144 4847 2267 4887 esse
2291 4831 2469 4886 Photii
2495 4833 2680 4894 verba,
2703 4831 3027 4888 remittentis
3049 4833 3116 4886 ad
3137 4834 3313 4902 ipsum
3345 4831 3680 4885 Methodium
3704 4849 3719 4898 ;

2145 4917 2461 4972 quanquam
2495 4904 2762 4972 interpres
2785 4901 3019 4956 violenta
3042 4910 3094 4972 ct
3130 4901 3481 4972 punctatione
3509 4912 3567 4958 et
3585 4917 3719 4957 ver-

2144 4971 2297 5028 sione
2315 4971 2389 5027 ad
2414 4971 2744 5027 Methodi’um
2775 4973 2997 5029 referat.
3032 4971 3157 5027 Fuit
3201 4975 3372 5028 codex
3431 4971 3719 5027 Sirmundi

2144 5053 2204 5096 ut
2238 5053 2712 5115 reprazsentan'ius.
2741 5042 2929 5100 Potest
2969 5059 3098 5115 ergo
3127 5044 3300 5098 videri
3333 5043 3447 5113 ipse
3479 5043 3717 5115 ihletho-

2143 5115 2268 5197 dius
2299 5113 2511 5185 plenius
2538 5113 2847 5170 edisserens
2885 5129 2942 5170 ιι.
2972 5113 3052 5168 18⁷
3083 5123 3139 5168 et
3184 5116 3250 5172 i9
3289 5115 3432 5187 apud
3477 5114 3721 5185 Epipha-

2141 5201 2311 5240 mum.

2213 5276 2506 5351 (26)_Ante
2557 5287 2810 5351 statuam,
2839 5277 3175 5351 {impetrem
3231 5277 3324 5351 τοῦ
3376 5279 3719 5350 ἀγάλματος.

2143 5349 2234 5403 Sic
2287 5349 2449 5404 etiam
2502 5350 2643 5419 apud
2697 5349 3058 5420 Epiphanium
3109 5350 3486 5420 ιι.19,ᾃὰμφὶ
3525 5349 3724 5420 πόδας

2141 5421 2448 5491 ἔμπροσθεν
2486 5418 2579 5474 τοῦ
2611 5418 2944 5491 ἀγάλματος,
2998 5421 3090 5476 ubi
3113 5420 3251 5478 bene
3304 5418 3583 5485 Petavius,
3649 5419 3722 5491 et!

3559 5489 3727 5564 pedes

2211 5651 2324 5723 (27)
2366 5650 2729 5723 ’Λσωμάτως.
2754 5651 2840 5723 λΑι.
2875 5650 3182 5722 ἀσώματον.

2214 5721 2330 5798 (28)
2371 5721 2569 5796 Ἐλέέλ
2600 5722 2689 5780 Al.
2724 5721 3016 5793 ἑλεφάντοιι
