3962 6204
522 240 632 299 295

1469 233 1527 292 S.
1565 210 1897 292 ΜΕΤίίοΒιί
1934 233 2245 291 EPISCOPI
2287 235 2376 292 ΕΤ
2417 236 2778 294 ΜΑιιτγιιιδ

3641 243 3736 298 296

518 357 674 414 dicit.
723 353 910 426 Neque
954 350 1099 408 enim
1126 349 1456 421 Apostolus,
1507 349 1718 418 inquit,
1774 347 2074 418 paradisun

2192 347 2420 420 Παύλῳ·
2457 347 2606 416 λέγει
2635 351 2771 422 γάρ’
2810 351 2947 403 Ἀλλ’
2985 351 3105 405 οὐδὲ
3136 351 3166 404 ὁ
3207 351 3525 415 Ἀπόστολος
3569 353 3734 408 ὑποτί-

517 452 576 507 in
611 448 775 505 tertio
804 445 944 500 coelo
977 445 1242 508 collocat,
1278 443 1323 498 si
1369 442 1493 514 quis
1526 443 1671 496 illius
1699 441 1862 494 verba
1894 439 2081 494 subtili

516 541 749 614 quadam
787 535 1139 606 intelligentia
1172 534 1437 604 percipiat
1464 553 1476 587 :
1499 531 1619 586 Scio
1649 529 2080 600 enim,inquit“,

516 629 819 702 hujusmodi
839 629 1096 681 hominem
1129 636 1336 695 raptum
1362 641 1521 694 usque
1543 623 1610 676 ad
1643 625 1850 676 tertium
1873 621 2079 676 caelum.

524 724 594 780 Et
622 724 728 777 scio
773 718 1077 790 hujusmodi
1125 718 1418 776 hominem.
1468 717 1572 770 sive
1608 715 1661 768 in
1699 729 1944 782 corpore,
1978 713 2084 768 sive

515 825 668 870 extra
699 829 915 882 corpus,
947 811 1086 864 Deus
1107 813 1236 873 scit;
1266 809 1513 880 quoniam
1554 816 1740 876 raptus
1781 814 1860 860 est
1897 805 1953 858 in
1987 819 2085 873 pa-

515 903 776 958 radisum.
826 902 1038 968 Quibus
1082 902 1298 964 verbis,
1335 901 1471 954 duas
1500 913 1559 953 se
1590 898 1828 952 illustres
1876 897 2083 950 revela-

516 998 694 1052 tiones
749 996 952 1050 vidisse
1019 993 1322 1064 significat;
1376 993 1462 1049 bis
1503 990 1790 1046 manifeste
1840 999 2078 1060 raptus:

515 1089 684 1145 semel
714 1087 932 1158 quidem
961 1101 1133 1156 usque
1163 1086 1226 1140 ad
1263 1086 1483 1140 tertium
1513 1083 1746 1150 malum;
1780 1083 1944 1138 semel
1985 1098 2082 1135 au-

515 1191 646 1244 tem,
685 1180 738 1233 in
773 1178 1105 1249 paradisum.
1133 1175 1260 1230 llaac
1288 1175 1431 1230 enim
1470 1175 1631 1229 verba
1667 1191 1680 1226 :
1721 1170 1844 1226 Scio
1871 1180 2079 1239 raptum

513 1271 816 1341 hujusmodi
838 1285 1000 1340 usque
1029 1268 1099 1323 ad
1131 1268 1341 1320 tertium
1374 1264 1583 1330 cwlum,
1619 1261 1892 1334 peculiare
1919 1259 2080 1330 quid-

515 1362 641 1417 dam
665 1402 681 1426 ,
724 1376 848 1416 cum
875 1359 941 1414 ad
963 1361 1179 1414 tertium
1209 1358 1407 1412 caelum
1444 1363 1589 1411 esset
1621 1361 1861 1415 evectus,
1895 1362 2081 1406 osten-

516 1467 641 1506 sum
680 1451 757 1505 illi
803 1465 925 1505 esse
964 1449 1356 1504 demonstrant.
1389 1445 1522 1499 lllud
1559 1457 1690 1499 vero
1728 1440 1874 1512 quod
1906 1441 2077 1510 subji—

513 1545 659 1599 citur
687 1563 701 1599 :
728 1541 798 1596 Et
818 1543 925 1597 scio
956 1537 1261 1609 hujusmodi
1303 1537 1584 1600 hominem,
1613 1536 1720 1590 sive
1739 1535 1792 1588 in
1823 1548 2038 1603 corpore
2059 1571 2075 1596 ,

513 1635 619 1691 sive
645 1643 796 1689 extra
822 1647 1006 1702 corpus
1028 1673 1042 1699 ,
1073 1629 1214 1684 Deus
1251 1630 1387 1694 scit;
1415 1629 1664 1699 quoniam
1697 1634 1880 1695 raptus
1911 1634 1988 1678 est
2019 1623 2074 1677 in

2188 439 2338 494 θεται
2363 437 2499 494 εἶναι
2528 442 2617 494 τὸν
2646 441 2968 514 παράδεισον
3000 445 3058 496 ὲν
3087 442 3165 514 τῷ
3192 443 3359 514 τρίτῳ
3376 443 3606 514 οὐρανῷ,
3638 448 3739 511 τοῖς

2183 531 2393 585 λεπτῶν
2442 533 2742 605 ἀκροᾶσθαι
2787 534 2958 603 λόγων
3011 535 3419 605 ἐπισταμένοις,
3469 531 3609 589 Οἶδα
3639 537 3740 607 γὰρ

2182 626 2292 679 τὸν
2331 625 2600 679 τοιοῦτον
2661 625 3001 696 ἁρπαγέντα
3059 627 3170 692 ἕως
3232 626 3430 693 τρίτου
3469 628 3740 695 οὐρανοῦ,

2182 717 2374 786 λέγων.
2403 717 2515 772 Καὶ
2555 717 2686 771 οῖδα
2718 721 2825 771 τὸν
2865 718 3133 772 τοιοῦτον
3160 717 3490 786 ἄνθρωπον,
3533 719 3651 773 εἴτε
3680 720 3742 774 ἐν

2183 809 2262 874 τῷ
2282 809 2525 878 σώματι,
2556 811 2674 863 εἴτε
2698 811 2874 879 χωρὶς
2897 811 3002 864 τοῦ
3030 809 3317 879 σώματος,
3343 814 3375 863 ό
3401 810 3542 877 Θεὸς
3567 811 3741 867 older

2183 902 2271 958 ὅτι
2299 903 2536 973 ἡρπάγη
2564 906 2650 969 είς
2688 903 2794 956 τὸν
2831 903 3212 971 παράδεισον.
3245 902 3348 956 Δύο
3381 904 3745 974 ἀποκαλύψεις

2185 995 2422 1064 μεγάλας
2454 996 2751 1066 ἑωρακέναι
2785 995 2996 1066 μηνύει,
3026 995 3108 1058 δὶς
3122 994 3450 1066 ἀναληφθεὶς
3476 997 3742 1067 ἐναργῶςο

2183 1083 2329 1148 ἅπαξ
2364 1085 2460 1155 μὲν
2486 1085 2590 1148 ἕως
2611 1085 2793 1156 τρίτου
2820 1085 3069 1157 οὐρανοῦ,
3097 1087 3238 1153 ἅπαξ
3271 1087 3315 1140 δ’
3345 1089 3424 1150 είς
3446 1089 3535 1142 τὸν
3568 1091 3744 1162 παρά-

2179 1176 2374 1229 δεισον.
2402 1174 2474 1226 Τὸ
2500 1174 2627 1246 γὰρ,
2657 1170 2800 1228 Οἶδα
2827 1175 3163 1245 ἁρπαγέντα
3203 1177 3308 1230 τὸν
3336 1175 3608 1231 τοιοῦτον
3640 1179 3748 1246 ἕως

2178 1268 2377 1334 τρίτου
2407 1266 2664 1335 adparat?
2684 1307 2698 1332 ,
2742 1266 2884 1330 ίδίως
2921 1267 3261 1338 ἀποκάλυψιν
3296 1271 3443 1342 αὐτῷ
3487 1271 3628 1324 κατὰ
3659 1269 3749 1324 τὸν

2177 1358 2357 1429 τρίτον
2381 1359 2605 1430 οὐρανὸν
2635 1357 2928 1429 πεφηνέναι
2953 1359 3249 1431 συνίστησι.
3269 1360 3340 1412 Τὸ
3364 1361 3441 1424 δὲ,
3464 1361 3573 1414 Καὶ
3593 1361 3747 1425 οῖδα,

2181 1451 2339 1504 πάλιν
2372 1451 2782 1523 ἐπιφερόμενον,
2811 1451 2917 1506 τὸν
2952 1451 3225 1507 τοιοῦτον
3261 1455 3593 1521 ἄνθρωπον,
3626 1453 3750 1506 εἴτε

2179 1542 2509 1612 ἐνσώματι,
2541 1543 2662 1596 εἴτε
2695 1543 2866 1608 ἐκτὸς
2895 1543 3185 1613 σώματος,
3207 1547 3239 1598 o'
3282 1545 3426 1610 Θεὸς
3447 1540 3629 1607 οἶδεν,
3661 1542 3750 1597 ὅτι

2181 1633 2418 1704 ἡρπάγη
2442 1637 2530 1700 εἰς
2575 1633 2682 1688 τὸν
2725 1633 3121 1702 παράδεισον,
3171 1635 3362 1706 ἑτέραν
3405 1630 3559 1698 αὖθις
3601 1631 3751 1706 αὐτῷ

511 1727 819 1800 paradisum
838 1742 856 1779 :
878 1723 1024 1778 aliud
1058 1737 1248 1777 rursus
1279 1722 1331 1774 in
1360 1721 1616 1791 paradiso
1646 1719 1721 1772 illi
1749 1715 2074 1788 patefactum

2179 1725 2592 1797 πεφανερῶσθαι
2616 1725 2757 1778 κατὰ
2788 1725 2881 1779 τὸν
2910 1726 3232 1797 παράδεισον
3260 1725 3598 1795 ἀποκάλυψιν
3635 1725 3745 1778 δεί-

511 1828 567 1876 et
597 1818 894 1875 revelatum
925 1813 1184 1869 ostendit.
1243 1810 1370 1866 Haec
1410 1820 1588 1864 autem
1622 1823 1688 1864 eo
1733 1808 1896 1873 dicit,
1934 1805 2079 1878 quod

511 1910 848 1967 contrarium
902 1906 1198 1962 sentientes
1223 1947 1238 1972 ,
1280 1901 1594 1975 paradisum
1623 1909 1833 1955 tantum
1859 1899 2079 1971 spirita-

510 2001 616 2056 lem
676 2005 940 2069 ponerent
987 2010 1056 2050 ex
1108 1993 1409 2064 apostolico
1463 1991 1648 2058 dicto,
1708 1990 1854 2045 velut
1910 2003 2077 2060 supra

510 2092 746 2159 caelum;
793 2098 852 2144 ut
899 2087 1024 2143 inde
1101 2085 1338 2142 futuram
1367 2085 1424 2140 in
1452 2084 1710 2155 paradiso
1742 2083 1909 2138 vitam
1958 2083 2078 2139 sine

509 2199 739 2256 corpore
767 2181 1179 2237 concluderent.

577 2275 649 2332 X.
682 2275 845 2330 Docet
879 2275 1074 2336 etiam,
1127 2271 1330 2326 malum
1369 2267 1547 2324 facere
1593 2275 1690 2323 aut
1717 2282 1828 2322 non
1859 2265 2073 2332 facere,

507 2386 629 2425 esse
664 2369 719 2422 in
747 2374 936 2422 nostra
959 2373 1228 2436 potestate
1259 2382 1272 2419 :
1306 2379 1433 2418 nam
1480 2361 1721 2432 alioquin
1745 2375 1853 2414 non
1884 2374 2077 2430 pinnas

507 2461 782 2515 lueremus
834 2471 932 2528 pro
974 2456 1114 2510 male
1150 2455 1317 2520 actis,
1377 2468 1478 2508 nec
1532 2452 1753 2523 praemia
1799 2451 2074 2522 recipere-

505 2567 631 2607 mus
662 2550 776 2623 (54)
807 2563 905 2620 pro
927 2547 1138 2602 meritis
1165 2565 1177 2600 :
1201 2554 1256 2600 at
1284 2548 1523 2616 cogitare
1547 2582 1562 2608 ,
1598 2543 1682 2598 vel
1703 2557 1812 2598 non
1839 2543 2076 2612 cogitare

505 2643 671 2708 mala,
703 2657 810 2697 non
847 2655 969 2696 esse
995 2641 1048 2694 in
1079 2649 1263 2694 nostra
1296 2637 1532 2709 positum
1552 2643 1842 2708 potestate.
1874 2635 2076 2701 Quam-

506 2735 693 2790 obrem
736 2733 811 2786 ait
861 2731 1108 2786 divinum
1171 2727 1400 2783 Paulum
1453 2727 1637 2782 dicere
1690 2745 1703 2782 :
1769 2724 1895 2779 Non
1937 2727 2073 2780 enim

505 2826 642 2900 quod
660 2825 804 2889 volo,
833 2823 928 2878 hoc
948 2837 1078 2893 ago;
1104 2819 1194 2876 sed
1223 2819 1359 2890 quod
1382 2819 1532 2883 nolo,
1559 2817 1654 2871 hoc
1685 2817 1824 2886 facio
1847 2815 1916 2871 '°.
1960 2813 2075 2868 Hoc

505 2927 592 2976 est
619 2938 632 2974 :
661 2918 780 2972 Non
807 2915 952 2987 quod
992 2914 1114 2969 volo
1137 2913 1396 2984 cogitare.
1423 2912 1526 2965 hoc
1557 2909 1737 2979 cogito
1756 2949 1771 2974 ,
1805 2905 1901 2962 sed
1927 2905 2074 2976 quod

503 3011 656 3067 nolo.
708 3007 884 3063 Porro
933 3005 1267 3062 eradicatum
1319 3004 1395 3057 ait
1424 3002 1578 3056 mala:
1610 2999 1957 3072 cogitationis
1987 2998 2069 3052 vi-

2179 1833 2354 1869 κνυσι.
2381 1815 2566 1870 Ταῦτα
2587 1816 2644 1870 δὲ
2661 1816 2826 1885 λέγει,
2855 1818 2978 1870 ἐπεὶ
2997 1818 3046 1870 oi
3069 1817 3135 1870 δι’
3165 1817 3411 1881 ἐναντίας
3441 1817 3531 1870 τὸν
3564 1817 3748 1888 παραυ

2177 1910 2348 1964 δεισον
2378 1912 2566 1982 νοητὸν
2597 1911 2778 1965 ἔθεντο
2810 1912 2876 1966 ὲκ
2908 1911 3002 1965 τοῦ
3035 1911 3388 1965 ἀποστολικοῦ
3439 1909 3626 1982 ῥητοῦ,
3676 1911 3747 1972 ὡς

2177 2005 2306 2059 ὅντα
2331 2005 2469 2076 ὑπὲρ
2508 2004 2599 2058 τὸν
2627 2005 2880 2076 οὐρανόν·
2918 2005 3005 2057 ἵνα
3053 2005 3114 2058 τὸ
3151 2005 3455 2076 ἀσωμάτως
3489 2003 3747 2072 γενέσθαι

2176 2094 2275 2166 τὴν
2297 2095 2354 2148 ὲν
2384 2093 2462 2165 τῷ
2494 2094 2806 2166 παραδείσῳ
2838 2094 3112 2168 διαγωγὴν
3142 2093 3458 2158 συνάξωσιν.

2245 2273 2302 2324 I'.
2340 2271 2460 2324 ὀτι
2482 2273 2613 2343 φησὶ
2640 2271 2699 2324 τὸ
2724 2271 2822 2342 μὲν
2846 2271 3069 2343 πρᾶξαι,
3092 2271 3125 2343 ἢ
3159 2271 3233 2343 μὴ
3259 2269 3464 2343 πρᾶξαι
3484 2269 3554 2324 τὰ
3577 2270 3747 2333 κακὰ,

2175 2362 2258 2430 ἐφ’
2303 2363 2460 2433 ἡμῖν·
2510 2363 2630 2416 ἐπεὶ
2662 2363 2760 2416 οὐκ
2810 2363 2876 2417 ἂν
2913 2363 3067 2427 δίκας
3110 2362 3348 2434 ὲδίδομεν
3399 2361 3507 2415 τῶν
3559 2363 3749 2426 κακῶς

2173 2452 2484 2524 δρωμένων,
2535 2455 2641 2508 οὐδ’
2695 2455 2928 2526 ἀμοιϐὰς
2959 2455 3336 2528 ἐλαμϐάνομεν
3377 2455 3485 2508 τῶν
3526 2457 3744 2520 καλῶς.

2173 2545 2234 2598 τὸ
2272 2545 2316 2598 δ’
2340 2545 2712 2619 ἐνθυμηθῆναι
2751 2547 2822 2601 τὰ
2877 2547 3054 2613 κακὰ,
3105 2549 3138 2620 ἢ
3179 2550 3275 2620 μὴ,
3319 2549 3416 2602 οὐκ
3456 2549 3543 2618 ἐφ’
3587 2552 3748 2621 ἡμῖν.

2173 2637 2271 2690 Διὰ
2297 2637 2452 2692 τοῦτο
2484 2640 2576 2693 καὶ
2600 2639 2693 2693 τὸν
2714 2639 2854 2694 θεῖον
2884 2641 3094 2694 Παῦλόν
3116 2659 3247 2712 φησι
3279 2641 3457 2710 λέγειν
3476 2658 3489 2671 ·
3522 2645 3605 2695 Οὐ
3637 2643 3752 2712 γὰρ

2173 2728 2205 2782 ὃ
2234 2728 2403 2796 θέλω,
2454 2729 2627 2785 τοῦτο
2680 2731 2962 2800 πράσσωο
2988 2734 3125 2788 ἀλλ’
3151 2733 3184 2788 ὂ
3227 2736 3299 2788 οὐ
3351 2735 3522 2798 θέλω,
3569 2735 3750 2789 τοῦτο

2172 2821 2318 2874 ποιῶ
2338 2838 2351 2852 ’
2381 2823 2686 2888 τουτέστιν,
2719 2825 2816 2895 οὐχ
2850 2825 2880 2878 ὃ
2902 2825 3038 2879 θέλω
3080 2827 3300 2893 ἐννοεῖν,
3329 2827 3488 2881 τοῦτο
3544 2829 3749 2881 ὲννοῶο

2171 2913 2333 2966 ἀλλ’ὃ
2365 2912 2439 2985 μὴ
2500 2913 2657 2967 θέλω.
2727 2913 3117 2988 Ἐκριζωθῆναι
3149 2916 3204 2971 δέ
3258 2933 3391 2988 φησι
3439 2918 3534 2971 καὶ
3573 2916 3638 2972 τὸ
3687 2917 3754 2971 τὰ

2172 3005 2320 3060 κακὰ
2375 3006 2723 3078 ἐνθυμεῖσθαι
2791 3007 2878 3061 διὰ
2927 3010 3025 3080 τῆς
3070 3006 3166 3062 τοῦ
3220 3008 3450 3079 φυσικοῦ
3509 3008 3753 3065 θανάτου

504 3102 665 3164 tium,
689 3098 1006 3154 adveniente
1043 3096 1277 3153 naturali
1308 3103 1480 3149 morte
1505 3108 1519 3145 :
1545 3108 1671 3147 nam
1699 3099 1754 3148 et
1773 3090 1896 3147 ideo
1921 3105 2071 3145 mors

2175 3067 2650 3170 napouaiar'émi.
2682 3101 2776 3154 καὶ
2806 3099 2894 3155 διὰ
2915 3067 3073 3155 τοῦτο
3101 3103 3130 3154 ὁ
3163 3067 3388 3165 θάνατος
3406 3101 3562 3173 ἐδόθη
3596 3104 3755 3175 παρὰ

505 3191 780 3264 peccatori
810 3189 1012 3245 inﬂicta
1042 3198 1145 3252 est,
1174 3197 1232 3243 ut
1276 3203 1345 3243 ne
1373 3186 1575 3241 malum
1609 3193 1868 3240 mter-num
1904 3181 2066 3239 foret.

505 3285 772 3342 Caeterum
820 3297 927 3352 qua
981 3282 1034 3336 id
1096 3281 1310 3337 ratione
1379 3278 1827 3349 intelligendum?
1877 3274 2068 3331 Scien-

2170 3190 2305 3244 θεοῦ
2347 3191 2425 3263 τῷ
2481 3191 2902 3265 ὲξημαρτηκότι,
2937 3195 3024 3248 ἵνα
3056 3194 3130 3266 μὴ
3167 3194 3431 3250 ἀθάνατον
3475 3195 3635 3267 μείνῃ
3696 3195 3756 3248 τὸ

2171 3284 2358 3338 κακόν.
2393 3283 2550 3338 Ἀλλὰ
2581 3285 2696 3350 πῶς
2708 3286 2866 3340 τοῦτο
2898 3285 3106 3360 εἴρηται
3139 3286 3510 3358 (σημειωτέον,
3543 3288 3627 3340 ὅτι
3657 3287 3754 3340 καὶ

507 3377 637 3432 dum
667 3374 782 3448 (55)
818 3375 920 3430 hoc
947 3375 1110 3431 etiam
1141 3375 1211 3430 ab
1238 3374 1360 3429 aliis
1385 3373 1590 3428 nostris
1616 3370 1871 3426 Patribus
1898 3370 2068 3426 fuisse

2175 3376 2348 3441 ἅλλοις
2376 3378 2531 3450 ἡμῶν
2557 3381 2831 3451 Πατράσιν
2866 3381 3293 3452 είρηται),είπερ
3318 3383 3348 3434 ὁ
3376 3379 3607 3441 θάνατος
3635 3381 3756 3443 τοῖς

505 3467 786 3522 traditum.
823 3465 968 3522 Mors
1013 3477 1158 3522 certe
1224 3481 1320 3536 per
1365 3463 1498 3519 illud
1551 3473 1766 3534 tempus
1803 3478 1911 3534 quo
1944 3463 2067 3533 quis

2175 3471 2353 3524 τοῦτον
2387 3473 2800 3545 μετερχομένοις
2853 3473 2993 3528 κατὰ
3023 3475 3114 3528 τὸν
3135 3474 3324 3544 καιρὸν
3374 3473 3581 3525 ἐκεῖνον
3619 3470 3754 3524 οὔτε

504 3559 597 3616 illa
626 3559 958 3633 defungitur,
982 3573 1160 3631 neque
1189 3555 1437 3614 accessio
1470 3561 1818 3625 peccatorum
1838 3593 1855 3621 ,
1890 3569 2068 3626 neque

503 3655 803 3711 subtractio
834 3653 1020 3710 fuerit.

2175 3563 2459 3636 προσθήκη
2491 3563 2614 3619 οὔτε
2646 3566 3052 3640 ὑφαίρεσις(57)
3075 3566 3487 3640 ἁμαρτημάτων
3512 3565 3753 3633 vivam;

501 3883 883 3955 Compendiosa
923 3881 1194 3951 Expositio
1217 3878 1499 3955 dictorum
1540 3876 1888 3955 quorumdam
1922 3891 2054 3946 apo-

2175 3877 2277 3933 Τοῦ
2313 3877 2520 3955 αὐτοῦ,
2568 3877 2636 3955 ἐκ
2684 3874 2789 3955 τοῦ
2837 3873 3022 3955 αυτοῦ
3065 3874 3272 3955 λογον,
3323 3869 3757 3955 αποστολικῶν

676 3943 1098 4016 διοίξεοτιιηι,ἐπ
1132 3949 1310 4006 eodem
1343 3949 1400 4004 S.
1433 3943 1684 4003 Methodii
1716 3947 1874 4004 libro.
1957 3943 1965 3946 ⁷

2438 3947 2638 4017 ῥητῶν
2674 3947 2952 4016 ἑρμηνεία
2986 3947 3135 3998 κατὰ
3171 3943 3456 4008 σύνοψιν.

1630 4059 1810 4136 (Apud
1831 4059 2082 4116 Photium
2107 4061 2260 4128 ibid.,
2289 4079 2410 4134 pag,
2441 4061 2598 4134 909.)

571 4178 614 4231 l.
636 4174 800 4231 Lecta
825 4182 909 4230 est
961 4189 1026 4228 ex
1067 4177 1258 4254 eodem
1287 4174 1436 4230 illius
1487 4173 1628 4229 libro
1669 4172 2059 4241 compendiosa

2238 4175 2315 4226 A'.
2359 4172 2693 4242 Ἀνεγνώσθη
2744 4170 2839 4225 τοῦ
2880 4167 3067 4236 αὑτοῦ,
3110 4171 3173 4223 ὲκ
3204 4167 3298 4222 τοῦ
3341 4166 3500 4221 αὐτοῦ
3551 4165 3756 4235 λόγου,

499 4265 771 4320 dictorum
829 4265 1186 4336 quorumdam
1245 4265 1667 4336 apostolicorum
1727 4264 2057 4333 esplanatio.

2175 4265 2534 4320 ἀποστολικῶν
2567 4263 2741 4337 ῥητῶν
2777 4262 3038 4335 ἑρμηνεία
3065 4261 3202 4316 κατὰ
3231 4260 3462 4329 σύνοψιν.
3503 4259 3758 4331 Ἰδωμεν

499 4356 797 4413 Videamus
827 4375 956 4414 vero
987 4359 1135 4430 quod
1179 4359 1415 4429 primum
1449 4358 1502 4412 in
1527 4359 1846 4427 Apostolum
1871 4356 2056 4412 dicere

2175 4356 2240 4420 δὲ,
2270 4357 2323 4410 τί
2355 4352 2422 4428 ἦν
2449 4357 2584 4430 ὅπερ
2614 4355 2827 4428 πρῶτον
2859 4355 2937 4418 είς
2969 4353 3060 4406 τὸν
3104 4351 3418 4405 Ἀπόστολον
3453 4350 3758 4423 προήχθη-

499 4449 611 4522 (36)
641 4452 884 4522 aggressi
917 4429 1212 4508 fueramus.
1243 4449 1378 4507 Nam
1410 4449 1554 4520 quod
1590 4451 1665 4503 ait
1696 4450 1742 4482 ⁸ο
1778 4469 1791 4504 :
1829 4448 1937 4520 Ego
1965 4465 2060 4502 au-

2175 4465 2261 4516 ιεν
2297 4450 2489 4502 εἰπεῖν.
2529 4429 2603 4501 Τὸ
2643 4447 2773 4518 γὰρ,
2812 4446 2951 4517 Ἐγὼ
2994 4445 3064 4499 δὲ
3095 4445 3266 4511 ἓζῑυν,
3313 4442 3501 4513 λεχθὲν
3553 4442 3752 4514 αὐτῷ,

567 4565 614 4603 ⁸⁸
644 4566 688 4624 ll
716 4566 842 4624 Cor.
870 4583 969 4633 xu,
992 4568 1048 4635 2,
1087 4568 1142 4624 3.
1216 4567 1264 4600 '°
1287 4563 1440 4620 Rom.
1471 4580 1567 4629 vu,
1593 4565 1679 4620 l5.
1738 4563 1783 4596 ⁵¹
1807 4563 1958 4620 Rom.
1990 4581 2086 4628 vn,
2117 4563 2171 4621 9.

2172 4699 2370 4769 quibus
2391 4698 2500 4768 jam
2523 4696 2744 4769 subiicit
2773 4710 2890 4752 sua.
2919 4694 3151 4769 Exstant
3179 4694 3282 4748 ista
3318 4692 3457 4769 apud
3495 4691 3750 4769 Epiphac

2168 4765 2317 4824 nium
2353 4765 2407 4823 n.
2440 4769 2529 4823 55.
2561 4766 2818 4822 Litteram
2863 4769 3000 4822 male
3049 4766 3487 4833 inlerpunetione
3543 4766 3600 4817 in
3632 4765 3750 4817 im-

2165 4844 2370 4912 pressis
2400 4839 2766 4912 depravatam,
2794 4852 2891 4891 nec
2927 4839 3060 4912 bene
3084 4837 3346 4912 redditam
3370 4835 3745 4898 rcstituimus,

2167 4905 2227 4964 iit
2262 4911 2374 4980 ipsa
2408 4905 2505 4978 per
2529 4925 2587 4964 se
2622 4908 2766 4980 clara
2812 4909 3089 4980 procedat.
3115 4905 3285 4980 Quod
3313 4920 3501 4980 _porro_
3525 4914 3747 4974 spectat

2165 4981 2232 5035 ad
2270 4974 2428 5035 istan]
2484 4979 2735 5034 Methodii
2773 4974 3190 5047 eiposilionem,
3240 4975 3398 5047 video
3437 4974 3747 5028 adversan-

2166 5061 2248 5107 tes
2276 5052 2458 5122 plures
2480 5051 2748 5122 iuniores,
2783 5046 3013 5122 quorum
3041 5047 3244 5122 leviora
3265 5046 3553 5122 videantur
3579 5061 3749 5122 argu-

2166 5116 2369 5177 menta.
2403 5116 2515 5189 Ego
2553 5135 2676 5174 cum
2718 5116 2994 5173 soliditate
3023 5116 3436 5189 subtilissimum
3472 5116 3744 5189 arbitror,

2163 5203 2326 5262 quam
2375 5186 2535 5262 etiam
2581 5191 2862 5260 amplexus
2911 5197 3228 5262 estinostcr
3279 5186 3594 5262 Qajetauus,
3650 5187 3753 5240 vir

2164 5257 2311 5318 certe
2337 5261 2482 5316 acris
2505 5257 2704 5330 ingenii
2728 5262 2783 5314 in
2811 5261 3061 5314 venando
3091 5273 3253 5314 sensu
3289 5257 3533 5319 litterali,
3565 5271 3744 5330 quem

2138 5349 2331 5390 .unum
2360 5333 2470 5390 fere
2514 5327 2776 5388 58111311112
2818 5330 2956 5384 Puto
2987 5341 3165 5385 tamen
3190 5345 3297 5384 non
3329 5340 3452 5381 esse
3506 5327 3759 5381 restrin-

2161 5405 2389 5476 gendam
2441 5403 2790 5476 apostolicam
2819 5402 3188 5476 sententiam,
3239 5399 3306 5476 ad
3333 5397 3527 5476 Asolam
3583 5398 3752 5476 illam

2161 5467 2562 5532 Methodianam
2604 5473 3016 5545 expositionem,
3067 5485 3243 5543 neque
3293 5467 3348 5525 id
3379 5469 3760 5593 conttipdchssc

3575 5555 3603 5593 ε
3671 5553 3754 5591 o-

3575 5553 3754 5593 εωθ-

569 4703 694 4778 (511
743 4701 849 4778 Nec
883 4704 1126 4778 praemia
1157 4705 1520 4778 reciperantis,
1561 4709 1666 4757 etc.
1700 4701 1854 4778 Apud
1918 4698 2064 4778 Plio-

494 4769 702 4846 tiu‘mfii
738 4769 924 4846 apud
983 4769 1363 4846 Restituim'us
1393 4775 1514 4828 οὺδέ
1555 4789 1646 4846 ex
1705 4769 1920 4846 codice
1948 4769 2063 4846 Sir-

495 4840 708 4928 mundi'.
739 4840 961 4900 Tractat
999 4847 1104 4902 ista
1136 4845 1440 4901 Methodius
1463 4861 1517 4900 n.
1551 4842 1620 4899 56
1651 4841 1792 4914 apud
1823 4840 2063 4913 Epipha-

494 4931 669 4972 mum.

567 4987 680 5069 (ὄξ)
703 4985 1002 5069 §ciendu_m,
1031 4996 1135 5042 etc.
1177 4985 1499 5069 lta_pas§im
1546 4985 1971 5069 Cb'ryso‘stomus
2007 4988 2063 5069 et

495 5053 608 5112 alii.
633 5053 840 5112 Iudicat
865 5058 1029 5114 etiam
1057 5053 1317 5128 prapheta
1349 5057 1455 5113 illis
1489 5053 1675 5128 verbis
1694 5071 1706 5106 :
1745 5053 2058 5121 Superuenit

495 5132 844 5184 mansuetudo
872 5140 921 5184 et
959 5126 1324 5199 corripiemur,
1367 5137 1474 5199 etc.
1507 5126 1865 5199 AAcceleratas
1914 5138 2061 5199 mor-

493 5204 579 5271 tes
600 5199 956 5271 quorumdam
991 5191 1261 5271 singulari
1294 5191 1556 5253 beneficio
1600 5197 1852 5271 legimus,
1883 5191 2059 5271 ut_Jo-

495 5265 744 5341 sizjetc.
772 5269 1041 5341 Interpres
1065 5265 1204 5341 male
1250 5269 1355 5324 ista
1391 5265 2056 5341 sequentibus__co_pulat:

493 5339 648 5409 velut
667 5341 758 5394 illa
788 5333 972 5396 dicant
1016 5341 1105 5396 alii
1142 5340 1352 5404 Patres,
1380 5333 1488 5394 non
1520 5333 2059 5409 priora_illa_;ﬂetlio-

497 5407 592 5492 dii.
629 5408 731 5492 Est.
749 5412 906 5481 plane
935 5412 1068 5466 illud
1116 5410 1275 5492 sine?
1301 5406 1660 5480 epiphonema
1689 5406 1892 5492 Pbotii,
1921 5421 2057 5476 qua-

494 5476 793 5555 [ingessit-It
819 5492 1100 5555 auctorum
1128 5476 1290 5555 dictis
1310 5476 1635 5555 ceucensor
1652 5477 1911 5534 annectit.

495 5615 520 5630 κ
567 5540 677 5618 (36)
702 5549 853 5630 Qyod
880 5555 1104 5630 primum
1132 5554 1183 5630 i_n
1211 5552 1520 5630 Apostotitm
1549 5550 1748 5630 dicere,
1770 5558 1874 5628 etc.
1905 5546 1958 5599 τί
1985 5540 2054 5615 ἦν

493 5617 630 5692 ᾇπερ
661 5617 1306 5692 πρῶτον...προήχθημεν
1327 5623 1518 5692 εἰπεῖν.
1550 5617 1713 5692 Plura
1729 5619 1840 5692 jam
1860 5618 1913 5670 in
1929 5631 2053 5670 eum

493 5680 672 5742 locum
706 5680 1134 5758 'disputave'rat',‘
1165 5680 1313 5747 velut
1359 5689 1684 5763 Origeniana
1729 5680 2044 5752 destruens,

2225 5682 2336 5755 (37)
2379 5680 2613 5755 'rstaip.
2643 5681 2727 5736 Al.
2767 5680 2976 5751 ὕφεσις.
