3962 6204
1411 205 1469 261 S.
1512 202 1845 261 ΜΕἸἩΟΒΠ
1882 201 2193 261 EPISCOPI
2230 202 2319 260 ET
2355 202 2717 261 EARTYBlS

3610 211 3709 264 δυο

448 308 790 403 acceperam,
837 335 898 385 ut
926 325 1005 382 illi
1050 323 1314 382 obediens
1371 325 1633 381 virentem
1682 338 1900 396 semper
1959 323 2017 381 ad

2127 323 2219 379 τὸν
2259 323 2534 397 ἁμαρτίας
2587 323 2888 398 ὑπάρχειν,
2930 321 3021 378 διὰ
3060 322 3161 395 τῆς
3196 320 3417 394 ἐντολῆς
3461 322 3713 395 ἀφορμὴν

447 423 917 480 immortalitatem
943 426 998 474 et
1052 417 1311 491 gaudium
1341 417 1507 473 vitam
1558 417 1853 480 haberem,
1887 431 2022 472 con.

448 517 712 572 temnenti
737 511 894 575 mihi,
928 511 1097 567 cessit
1133 511 1189 565 in
1226 518 1478 566 mortem.
1511 508 1724 580 Quippe
1772 508 2025 565 diabolus

446 624 610 681 quem
674 607 764 662 hic
816 603 1023 660 Paulus
1077 612 1362 676 peccatum
1410 602 1834 673 appellavit,eo
1877 603 2024 672 quod

446 702 564 774 ipse
592 700 928 755 architectus
962 698 1038 753 sit
1076 706 1130 754 et
1177 704 1372 752 auctor
1403 695 1638 766 peccati,
1676 695 1967 751 occasione
1993 711 2025 751 a

445 802 671 866 peccato
702 800 951 864 accepta,
1000 800 1059 847 ut
1092 806 1189 861 per
1240 789 1666 845 inobedientiam
1725 787 2021 860 deciperet,

443 890 730 959 deceptum
754 888 988 954 occidit;
1021 887 1411 954 sententiaeque
1431 883 1577 937 illius
1601 881 1810 953 peregit
1835 896 2022 939 reum:

446 977 514 1033 In
542 996 648 1050 qua
677 986 853 1032 autem
899 976 983 1030 die
1019 974 1349 1029 comederitis
1398 988 1465 1027 ea:
1510 989 1594 1037 eo,
1637 984 1803 1026 morte
1833 972 2025 1026 morie-

445 1073 597 1127 mini.
632 1069 820 1142 Itaque
877 1070 962 1124 lex
1018 1066 1228 1139 quidem
1278 1074 1466 1120 sancta
1496 1073 1544 1118 et
1575 1063 1883 1118 mandatum
1905 1080 2025 1118 san-

443 1173 608 1229 ctum,
628 1172 676 1217 et
702 1162 933 1233 justum,
965 1169 1014 1214 et
1037 1159 1229 1212 bonum
1261 1156 1348 1211 "z
1385 1156 1807 1211 velutnimirum
1837 1154 1905 1209 ad
1936 1169 2026 1210 sa-

444 1257 637 1322 lutem,
669 1270 780 1310 non
809 1252 877 1313 ad
909 1252 1136 1308 exitium
1164 1248 1536 1305 datum.Nihil
1560 1249 1704 1304 enim
1735 1248 2023 1304 credamus

448 1347 568 1405 ﬁeri
595 1363 626 1402 a
666 1344 777 1401 Deo
801 1343 993 1399 inutile
1041 1348 1092 1398 et
1143 1340 1387 1396 noxium.
1412 1338 1519 1406 Qui
1557 1337 1731 1409 ergo?
1754 1336 1905 1405 Quod
1927 1335 2022 1391 bo-

446 1459 575 1499 num
615 1440 837 1496 eamihi
849 1439 1050 1510 factum
1068 1442 1144 1490 est
1162 1445 1301 1487 mors
1331 1431 1416 1487 "?
1456 1430 1509 1487 id
1562 1429 1845 1493 nimirum,
1878 1429 2022 1501 quod

444 1535 646 1591 summi
678 1547 741 1587 ac
768 1529 1027 1603 praecipui
1058 1526 1344 1597 cujusdam
1396 1524 1527 1580 boui
1558 1538 1725 1578 causa
1754 1522 2020 1588 futurum,

444 1626 580 1703 mihi
639 1623 817 1679 fuerat
864 1622 979 1693 lege
1031 1617 1399 1691 praeceptum?
1451 1614 1626 1670 Absit.
1650 1612 1838 1685 Neque
1879 1614 2022 1669 enim

2132 415 2315 472 λαϐὼν
2349 416 2486 488 πρὸς
2515 415 2798 488 παρακοὴν
2825 414 3106 486 ἀπατῆσαί
3142 430 3230 486 με,
3261 414 3550 485 ἀπατήσας
3580 414 3711 467 ad-

2132 526 2339 565 κτεινε·
2374 508 2473 580 τῷ,
2503 502 2587 581 τῌ
2637 507 2689 561 δ’
2742 506 2820 562 ἂν
2859 508 3048 576 ἡμέρᾳ
3097 504 3322 576 φάγητε
3353 504 3455 560 an?
3503 505 3710 560 αὐτοῦ.

2132 603 2365 671 θανάτῳ
2399 600 2825 667 ἀποθανεῖσθε,
2868 599 3238 671 κατακρίματι
3287 597 3585 652 ὑπεύθυνον
3623 616 3714 668 γε·

2131 695 2317 750 νέσθαι
2360 692 2857 765 κατεργασάμενος.
2886 694 3061 747 Ὥστε
3098 696 3131 747 ὀ
3166 690 3285 761 μὲν
3315 692 3500 761 νόμος
3527 690 3713 761 ἅγιος,

2131 788 2231 843 καὶ
2278 790 2316 857 ἠ
2367 785 2586 855 ἐντολὴ
2634 785 2742 839 τοῦ
2788 785 2937 841 Θεοῦ
2987 785 3145 855 ἁγία,
3190 784 3288 838 καὶ
3343 782 3573 848 δικαία,
3612 782 3714 838 καὶ

2108 879 2358 951 ’ἁγαθήο
2391 880 2473 933 ὅτι
2520 878 2595 950 μὴ
2634 879 2725 931 ἐπὶ
2769 878 2831 931 τὸ
2875 876 3093 948 βλάψαι,
3145 875 3260 929 ἀλλ’
3309 876 3400 930 ἐπὶ
3433 875 3495 929 τὸ
3540 873 3715 929 σῶσαι

2131 972 2307 1045 ἐδόθη.
2344 970 2438 1042 Μὴ
2484 969 2593 1041 γὰρ
2636 967 2876 1040 οἰώμεθα
2924 968 3195 1037 ἀνωφελές
3250 985 3305 1021 τι
3354 967 3388 1038 ἢ
3453 966 3717 1041 βλαϐερὸν

2130 1066 2304 1117 ποιεῖν
2333 1063 2427 1117 τὸν
2457 1061 2608 1116 Θεόν.
2641 1060 2708 1114 Τί
2752 1056 2875 1127 οὗνς
2915 1060 2985 1115 Τὸ
3037 1058 3261 1129 ἀγαθὸν
3300 1058 3431 1128 ἐμοί
3475 1058 3716 1128 ἐγένετο

2130 1155 2420 1222 θάνατος;
2468 1153 2497 1208 ὃ
2538 1152 2631 1207 τοῦ
2680 1153 2935 1224 μεγίστου
2984 1168 3073 1223 μοι
3117 1151 3193 1216 ὡς
3243 1153 3412 1204 αῐτιον
3455 1151 3715 1222 ἐσόμενον

2130 1247 2358 1317 ἀγαθοῦ,
2404 1245 2749 1319 νομοθέτημα
2795 1244 2988 1317 ὲδόθη;
3039 1243 3137 1313 Μὴ
3178 1244 3408 1315 γένοιτο
3428 1244 3450 1297 !
3479 1245 3598 1298 Ὅτι
3633 1244 3717 1315 μὴ

2129 1340 2164 1411 ἡ
2191 1338 2378 1412 ἐντολὴ
2409 1337 2503 1392 τοῦ
2532 1337 2668 1392 Θεοῦ
2698 1340 2777 1402 είς
2803 1337 2863 1391 τὸ
2892 1335 3366 1412 καταδουλῳθῆναί
3404 1353 3470 1409 με
3497 1336 3719 1406 ἐγένετο

2127 1435 2195 1504 τῇ
2227 1411 2402 1505 φθορᾷ
2439 1432 2606 1495 αἰτία,
2628 1430 2741 1485 ἀλλ’
2780 1432 2808 1484 ὁ
2852 1429 3128 1494 διάϐολοςο
3173 1411 3269 1483 ’ἴνα
3302 1429 3586 1502 φανερωθῇ
3618 1428 3717 1483 διὰ

2127 1524 2221 1579 τοῦ
2249 1524 2453 1594 ἀγαθοῦ
2483 1525 2543 1578 τὸ
2568 1524 2738 1578 κακὸν
2769 1522 3183 1587 κατασκευάσας
3202 1539 3216 1553 ·
3249 1522 3336 1577 ἵνα
3361 1522 3586 1593 γένηται
3614 1525 3718 1578 καὶ

2128 1617 2356 1690 ἐλεγχθῇ
2414 1617 2536 1672 καθ’
2580 1616 2885 1689 ὑπερϐολὴν
2935 1619 2965 1670 ὁ
3011 1615 3237 1687 εὑρετὴς
3289 1615 3390 1686 τῆς
3434 1614 3719 1687 ἁμαρτίας

444 1716 542 1774 Dei
570 1714 884 1771 mandatum
910 1712 1041 1767 mihi
1062 1725 1229 1768 causa
1256 1709 1377 1772 fuit,
1408 1716 1467 1764 ut
1499 1707 2017 1778 corruptionisjugo

2124 1708 2462 1780 ἁμαρτωλός.
2497 1707 2755 1778 Οἴδαμεν
2785 1707 2916 1777 γὰρ,
2948 1706 3036 1761 ὅτι
3064 1710 3097 1761 d
3128 1707 3310 1776 νόμος
3353 1706 3486 1761 ἐστὶ
3525 1720 3717 1761 irrev-

442 1811 812 1879 manciparer,
846 1804 942 1861 sed
971 1804 1222 1860 diabolus
1261 1801 1376 1873 ('58)
1418 1809 1520 1855 :ut
1556 1800 1734 1872 palam
1768 1800 2021 1870 prodere-

443 1911 558 1965 tur,
588 1900 683 1971 qui
745 1913 840 1969 per
890 1897 1096 1952 bonum
1151 1894 1285 1949 mihi
1329 1900 1479 1981 esset
1510 1892 1732 1947 molitus
1777 1891 2016 1958 malum;

441 1992 707 2063 ﬁeretque
734 1997 788 2045 et
815 1989 1243 2043 convinceretur
1296 1985 1549 2039 inventor
1577 1982 1811 2054 peccati,
1853 1997 2020 2053 supra

442 2083 666 2139 modum
692 2088 970 2153 peccator.
995 2078 1205 2133 Scimus
1231 2076 1370 2130 enim
1424 2075 1551 2146 quia
1595 2074 1679 2128 lea:
1721 2075 2019 2144 spiritualis

440 2184 519 2229 est
540 2174 585 2206 ⁵⁷
621 2194 637 2229 :
665 2188 858 2243 eoque,
907 2170 1043 2226 nulli
1072 2169 1239 2225 ullius
1276 2167 1463 2222 damni
1503 2174 1588 2222 est
1621 2181 1809 2222 causa.
1842 2166 2018 2236 Spiri-

443 2266 608 2322 tualia
637 2265 804 2327 enim,
837 2262 1028 2333 procul
1077 2276 1107 2314 a
1170 2259 1469 2330 cupiditate
1497 2259 1673 2313 aliena
1714 2272 1745 2311 a
1784 2258 2017 2325 ratione,

442 2359 634 2430 procul
664 2372 694 2411 a
722 2365 954 2427 peccato
982 2353 1249 2408 habitant.
1276 2350 1388 2421 Ego
1416 2363 1590 2405 autem
1621 2349 1855 2403 carnalis
1877 2366 2016 2416 sum,

443 2447 788 2503 venumdatus
808 2446 903 2500 sub
942 2454 1173 2514 peccato.
1208 2440 1377 2509 Quasi
1406 2443 1612 2496 diceret
1640 2460 1653 2495 :
1687 2440 1799 2511 Ego
1835 2449 2018 2494 autem

443 2540 682 2595 carnalis
718 2552 863 2602 sum,
889 2546 944 2591 et
973 2536 1028 2589 in
1052 2535 1181 2591 boui
1212 2534 1449 2604 malique
1474 2532 1735 2596 conﬁnio,
1770 2532 1919 2587 velut
1952 2532 2017 2586 li-

442 2631 558 2685 beri
583 2629 820 2691 arbitrii,
848 2627 1098 2699 positus;
1124 2634 1183 2680 ut
1210 2626 1265 2680 in
1316 2641 1435 2680 mea
1459 2627 1531 2679 sit
1561 2630 1852 2695 potestate,
1886 2624 2017 2696 quid

441 2722 602 2777 velim
637 2720 855 2791 eligere.
892 2718 1054 2774 Ροδαὶ
1078 2716 1457 2787 enim,inquit,
1491 2726 1614 2770 ante
1642 2716 1833 2783 faciem
1869 2726 2017 2771 tuam

441 2814 605 2866 vitam
634 2820 684 2865 et
714 2819 933 2864 mortem
958 2810 1025 2867 ⁸³.
1054 2808 1191 2863 Cum
1242 2809 1425 2879 itaque
1465 2808 1803 2873 annuissem,
1828 2816 1888 2862 ut
1914 2808 2018 2880 legi

441 2904 667 2976 quidem
702 2903 956 2974 spiritali,
1014 2902 1297 2967 mandato,
1338 2902 1583 2972 inquam,
1614 2915 1724 2955 non
1751 2898 2020 2969 obseque-

442 3010 568 3062 rer;
595 2995 927 3064 obsequerer
960 3008 1091 3049 vero
1120 2993 1223 3064 legi
1254 2993 1485 3057 carnali,
1536 2993 1804 3062 Serpentis
1851 2991 2016 3046 nimi-

2119 1802 2395 1872 ματιχός·
2430 1801 2510 1854 διὸ
2537 1800 2631 1854 καὶ
2662 1800 2814 1854 οὐδὲν
2839 1799 3012 1863 αἴτιος
3042 1798 3244 1870 paean;
3280 1798 3475 1852 οὐδενί.
3510 1798 3719 1871 Πόρρω

2124 1893 2232 1967 γὰρ
2262 1893 2553 1965 ἐπιθυμίας
2592 1893 2785 1963 ἀλόγου
2830 1894 2926 1947 καὶ
2978 1893 3248 1966 ἁμαρτίας
3295 1893 3596 1964 ἐσκήνηται
3639 1893 3719 1948 τὰ

2125 1986 2487 2058 πνευματικά.
2533 1985 2678 2056 Ἐγὼ
2716 1985 2785 2039 δὲ
2826 1986 3111 2054 σάρκινός
3160 1987 3297 2054 ειμι,
3328 1984 3718 2054 πεπραμένος

2124 2079 2243 2134 ὑπὸ
2272 2079 2386 2149 τὴν
2417 2080 2727 2150 ἁμαρτίαν.
2763 2073 2918 2133 Οἷον·
2957 2078 3096 2147 Ἐγὼ
3127 2078 3182 2132 δὲ
3212 2078 3464 2151 σάρκινος
3493 2077 3590 2143 ὢν,
3615 2080 3719 2133 καὶ

2124 2170 2183 2225 ἐν
2234 2170 2383 2243 μέσῳ
2415 2162 2513 2225 τοῦ
2561 2170 2764 2240 ἀγαθοῦ
2818 2172 2911 2225 καὶ
2961 2171 3198 2244 πονηροῦ
3232 2170 3599 2235 κατασταθεὶς
3631 2171 3715 2235 ὡς

2124 2262 2489 2331 αὐτεξούσιος,
2520 2264 2605 2316 ἵνα
2636 2265 2720 2317 ἐπ’
2754 2264 2876 2335 ἐμοὶ
2914 2264 3126 2318 ἑλέσθαι
3150 2265 3179 2318 6
3227 2263 3486 2334 βούλομαι
3614 2263 3718 2318 Τέο

2124 2359 2289 2411 θεικα
2320 2356 2429 2426 γὰρ
2460 2356 2570 2425 πρὸ
2600 2356 2922 2425 προσώπου
2948 2374 3086 2421 σου,
3110 2358 3263 2429 φησι,
3287 2356 3401 2425 τὴν
3429 2355 3584 2425 ζωὴν
3606 2357 3714 2412 καί

2123 2452 2229 2502 τὸν
2269 2447 2543 2503 θάνατον.
2585 2448 2799 2514 Νεύσας
2821 2449 2952 2520 πρὸς
3000 2449 3062 2502 τὸ
3095 2447 3436 2521 παρακοῦσαι
3477 2450 3577 2519 μὲν
3610 2448 3716 2503 τοῦ

2124 2539 2494 2611 πνευματικοῦ
2520 2540 2684 2611 νόμου
2710 2556 2725 2571 ’
2770 2534 2858 2593 οἶα
2899 2540 3001 2610 τῆς
3025 2539 3242 2610 ἐντολῆς
3265 2556 3278 2569 ο
3311 2539 3615 2594 ἐπακοῦσαι
3651 2539 3715 2594 δὲ

2122 2630 2217 2685 τοῦ
2253 2629 2465 2685 ὑλικοῦ’
2514 2616 2722 2686 chorei}
2753 2632 2933 2703 ὄφεως
2958 2632 3055 2703 τῆς
3086 2631 3445 2703 συμϐουλίαςο
3480 2631 3716 2702 πέπρα-

2118 2741 2225 2794 μαι
2253 2723 2341 2777 διὰ
2371 2723 2469 2795 τὴν
2495 2727 2749 2797 τοιαύτην
2774 2726 3005 2797 αἵρεσιν,
3038 2722 3218 2778 πεσὼν
3252 2725 3358 2778 ὑπὸ
3400 2724 3500 2796 τὴν
3524 2725 3719 2796 ἁμαρ-

2123 2815 2264 2879 τίαν,
2286 2814 2365 2886 τῷ
2390 2815 2639 2888 διαϐόλῳ.
2662 2817 2824 2872 Ὅθεν
2860 2816 3106 2871 ἐντεῦθεν
3144 2816 3509 2888 πολιορκῆσάν
3548 2834 3616 2888 με
3648 2817 3717 2871 τὺ

2124 2907 2293 2962 κακὸν
2323 2908 2552 2974 ὲνιζάνει
2583 2910 2676 2963 καὶ
2704 2908 3115 2979 ὲμπολιτεύεται
3148 2909 3471 2963 είσοικίσθαι
3501 2909 3617 2981 ('59)
3652 2910 3718 2963 ὲν

2122 3002 2188 3072 τῇ
2243 3000 2405 3072 σαρκί
2460 3017 2584 3070 μου,
2629 2999 2784 3071 δίκης
2822 3001 3126 3072 ὲντεθείσης
3182 3018 3293 3072 μοι,
3339 3002 3439 3075 τὴν
3481 3002 3718 3074 ἐντολὴν

443 3103 565 3143 rum
599 3087 850 3157 consilio,
866 3096 1084 3157 propter
1127 3086 1398 3155 eiusmodi
1459 3086 1782 3142 electionem
1825 3088 2014 3156 lapsus

2124 3092 2461 3162 ἂθετήσαντι,
2488 3093 2760 3163 πραθῆναι
2786 3092 2865 3165 τῷ
2888 3094 3060 3164 κακῷ.
3097 3095 3187 3149 Διὸ
3212 3096 3403 3160 καὶτὸ,
3433 3100 3517 3151 Οὐ
3544 3097 3724 3167 τινώ-

442 3184 500 3238 in
529 3188 837 3251 peccatum,
869 3179 1085 3235 diabolo
1104 3180 1447 3234 venumdatus
1471 3195 1610 3234 sum.
1648 3178 1785 3234 Hinc
1815 3180 2017 3234 malum

441 3274 593 3328 velut
639 3271 922 3337 obsidens,
975 3272 1110 3327 mihi
1157 3273 1506 3337 adhaerescit,
1564 3281 1728 3344 atque
1767 3273 1821 3328 in
1853 3289 2019 3330 carne

442 3380 563 3419 mea
598 3372 858 3435 tanquam
891 3365 948 3420 in
977 3364 1138 3421 domo
1172 3366 1413 3432 habitat;
1449 3366 1553 3420 hac
1581 3367 1765 3421 violati
1816 3382 2017 3438 praece-

441 3458 521 3528 pti
570 3458 741 3513 multa
797 3457 1071 3528 imposita,
1123 3458 1201 3513 uti
1251 3458 1397 3513 malo
1441 3458 1725 3513 venderer.
1782 3454 1939 3513 Unde
1967 3469 2021 3515 et

443 3549 589 3620 quod
619 3550 855 3605 dicitur:
890 3547 1012 3603 Non
1045 3566 1298 3621 cognosco
1323 3548 1459 3622 quod
1488 3565 1703 3619 operor:
1728 3556 1783 3605 et
1817 3567 1831 3604 :
1867 3548 2020 3617 Quod

443 3641 532 3697 odi
563 3641 704 3712 facio
732 3640 778 3673 ”
815 3659 829 3696 :
860 3657 973 3697 non
1007 3641 1089 3696 sic
1142 3641 1316 3712 accipi
1350 3642 1530 3706 debet,
1566 3640 1723 3711 quasi
1754 3641 1822 3696 de
1877 3641 2020 3696 malo

440 3749 605 3805 opere
637 3733 991 3805 intelligatur,
1014 3732 1110 3789 sed
1137 3734 1421 3789 dumtaxat
1444 3732 1512 3788 de
1531 3734 1880 3804 cogitatione.
1898 3731 2016 3789 Non

440 3827 585 3882 enim
616 3828 673 3882 in
701 3835 891 3884 nostra
924 3837 1010 3882 est
1038 3834 1323 3898 potestate,
1357 3833 1418 3881 ut
1445 3826 1749 3898 cogitemus
1791 3825 1873 3882 vel
1907 3842 2018 3881 non

440 3920 740 3995 cogitemus
766 3920 995 3987 absona,
1031 3919 1128 3976 sed
1191 3930 1248 3976 ut
1278 3926 1497 3974 utamur
1541 3919 1627 3974 vel
1653 3933 1761 3975 non
1791 3927 2015 3975 utamur

441 4010 713 4080 erigitatis.
740 4007 901 4075 Nam,
954 4025 1023 4065 ne
1070 4009 1229 4064 nobis
1288 4008 1601 4065 istiusmodi
1653 4010 2015 4080 cogitationes

441 4102 877 4170 obrepant,qu:e
929 4101 1196 4171 probandi
1248 4101 1424 4157 nostri
1474 4116 1641 4157 causa
1682 4103 2016 4159 intrinsecus

443 4192 834 4254 immittuntur,
865 4190 1155 4260 prohibere
1184 4206 1292 4246 non
1331 4205 1663 4261 possumus;
1695 4209 1803 4248 non
1826 4209 2018 4249 assen-

444 4282 534 4336 tiri
555 4290 609 4336 et
636 4296 742 4337 non
791 4282 892 4347 uti,
948 4297 1264 4352 possumus.
1296 4281 1587 4348 Quocirca,
1644 4285 1913 4355 ejusmodi
1946 4301 2016 4341 ne

2119 3198 2246 3237 σκω
2279 3182 2310 3236 6
2346 3183 2763 3253 κατεργάζομαι
2783 3200 2797 3214 ·
2848 3186 2962 3249 καὶ,
2996 3185 3149 3240 Ποιῶ
3200 3186 3231 3240 6
3262 3186 3440 3257 μισῶ,
3474 3187 3719 3261 λεγόμε-

2120 3292 2236 3330 νον·
2284 3277 2385 3329 οὐκ
2438 3277 2531 3330 ἐπὶ
2580 3276 2674 3330 τοῦ
2717 3277 2909 3349 δρᾶσαι
2955 3278 3016 3330 τὸ
3060 3276 3259 3347 φαῦλον
3296 3280 3717 3353 παραληπτέον,

2119 3367 2233 3421 ἀλλ’
2266 3370 2357 3423 ὲπί
2393 3368 2489 3422 τοῦ
2533 3369 2692 3440 μόνον
2735 3368 3120 3441 ἐνθυμηθῆναι.
3167 3371 3242 3424 Οὐ
3290 3372 3398 3444 γὰρ
3439 3372 3528 3443 ἐφ’
3575 3375 3717 3445 ἡμῖν

2119 3461 2180 3515 τὸ
2206 3460 2632 3533 ὲνθυμεῖσθαι,ἢ
2669 3462 2743 3535 μὴ
2783 3461 3149 3534 ἐνθυμεῖσθαι,
3190 3467 3364 3517 κεῖται
3396 3464 3469 3517 τὰ
3504 3465 3712 3531 ἄτοπα,

2126 3552 2262 3608 ἀλλὰ
2290 3555 2351 3608 τὸ
2370 3555 2605 3627 χρῆσθαι
2634 3556 2667 3627 ἢ
2700 3556 2773 3628 μὴ
2797 3556 3032 3629 χρῆσθαι
3052 3559 3161 3622 τοῖς
3194 3556 3559 3630 ἐνθυμήμασι.
3588 3561 3719 3615 Κω-

2125 3645 2284 3700 λῦσαι
2330 3647 2427 3718 μὲν
2453 3646 2559 3718 γὰρ
2589 3647 2808 3701 πίπτειν
2853 3650 2938 3712 είς
2976 3650 3125 3721 ἡμᾶς
3165 3650 3291 3713 τοὺς
3321 3649 3615 3721 λογισμοὺς
3644 3654 3714 3706 οὐ

2123 3736 2428 3809 δυνάμεθα,
2472 3739 2915 3812 προσδεχομένων
2962 3738 3072 3811 (40)
3122 3738 3278 3812 ἡμῶν
3333 3739 3533 3804 ἔξωθεν
3560 3744 3713 3795 ἐἱσι

2126 3826 2483 3898 πνεομένους·
2518 3829 2592 3901 μὴ
2626 3829 2914 3901 πεισθῆναι
2945 3830 3147 3901 μέντοι,
3175 3830 3208 3902 ἢ
3246 3831 3321 3902 μὴ
3348 3831 3584 3903 χρῆσθαι
3613 3831 3714 3887 δυ-

2118 3918 2349 3989 νάμεθα.
2378 3919 2470 3972 Διὸ
2499 3920 2559 3973 τὸ
2592 3921 2690 3991 μὲν
2718 3921 2891 3975 θέλειν
2920 3920 3060 3976 αὐτὰ
3093 3922 3168 3993 μὴ
3194 3922 3562 3996 ἐνθυμηθῆναι
3592 3943 3705 3979 παι

2124 4009 2385 4082 ρὰκειται·
2408 4012 2467 4064 τὸ
2485 4011 2538 4065 δὲ
2558 4013 2996 4088 κατεργάσασθαι
3016 4015 3096 4079 είς
3118 4015 3180 4069 τὸ
3204 4015 3481 4087 ἀφανίσαι,
3513 4019 3602 4071 ἵνα
3627 4018 3714 4091 μὴ

2120 4095 2276 4163 αὖθις
2299 4100 2427 4174 περὶ
2439 4099 2532 4154 τὸν
2559 4101 2817 4174 λογισμὸν
2830 4104 3153 4172 ἀνέλθωσιν,
3178 4104 3240 4160 οὔ
3263 4123 3280 4138 ο
3306 4108 3385 4161 ὅτι
3418 4107 3492 4180 μὴ
3519 4112 3713 4164 κεῖται

2119 4191 2276 4246 τοῦτο
2296 4194 2381 4263 ἐφ’
2397 4195 2547 4264 ἡμῖν,
2567 4192 2641 4257 ὡς
2665 4181 2910 4264 ἔφηνοιῖἶς
2935 4193 3071 4252 εἶναι
3088 4198 3180 4253 τὸν
3201 4198 3325 4253 νοῦν
3344 4199 3579 4254 τοιοῦτον
3601 4202 3713 4256 τοῦ

2126 4285 2315 4357 ῥητοῦ·
2354 4289 2436 4341 Οὐ
2476 4289 2586 4356 γὰρ
2623 4288 2654 4341 6
2692 4288 2866 4353 θέλω,
2915 4288 3061 4345 ποιῶ
3107 4291 3358 4362 ἀγαθόν·
3411 4290 3551 4345 θέλω
3587 4294 3713 4366 γὰρ

440 4371 686 4441 cogitare
738 4372 958 4442 quidem
1018 4372 1174 4438 velle,
1215 4382 1418 4429 nostrae
1470 4383 1555 4431 est
1592 4378 1881 4446 potestatis
1915 4396 1929 4432 :
1962 4377 2017 4433 id

2222 4376 2567 4450 ἐνθυμεῖσθαι
2597 4379 2632 4434 ἃ
2661 4379 2884 4450 βλάπτει
2912 4400 2998 4456 με.
3040 4385 3256 4457 Ἐπειδὴ
3279 4384 3436 4439 τοῦτο
3461 4385 3523 4439 τὸ
3565 4388 3717 4456 ἀγα.

442 4472 623 4521 autem
679 4464 898 4534 assequi
930 4470 991 4518 ut
1018 4464 1236 4534 penitus
1266 4466 1685 4536 exstinguantur
1721 4482 1895 4537 neque
1924 4483 2019 4523 no-

438 4555 526 4614 bis
547 4554 780 4626 amplius
799 4568 1112 4621 occurrant,
1138 4557 1382 4612 minime.
1412 4556 1571 4623 Nam,
1601 4564 1662 4613 ut
1690 4559 1824 4631 dixi,
1844 4560 2017 4617 haud-

507 4710 709 4768 ”Rom.
741 4729 838 4777 vn,
870 4713 955 4768 12.
1032 4713 1080 4745 "
1108 4711 1238 4768 ibid.
1274 4714 1359 4769 15.
1450 4714 1494 4746 ³⁷
1530 4714 1657 4770 ibid.
1707 4717 1789 4775 ιι.

1888 4719 1935 4752 ⁸⁸
1965 4717 2131 4776 Eccli.
2164 4736 2256 4786 xr,
2284 4721 2384 4789 ης
2415 4721 2529 4778 Jer.
2564 4736 2679 4789 ut,
2719 4724 2773 4784 8.

2123 4467 2215 4522 θδν
2240 4470 2597 4543 πανάμωμον.
2618 4474 2729 4527 Καὶ
2753 4473 2927 4529 τοῦτο
2947 4474 3083 4546 μὲν,
3114 4475 3147 4529 6
3179 4476 3333 4533 θέλω
3362 4478 3609 4549 ἀγαθὸν,
3628 4482 3712 4533 οὐ

2109 4561 2304 4617 ιποιῶ·
2355 4562 2388 4617 6
2436 4562 2505 4617 δὲ
2536 4565 2623 4635 μὴ
2663 4568 2833 4633 θέλω,
2870 4569 3123 4637 πράσσω
3166 4572 3385 4626 κακόνθ
3424 4573 3487 4626 οὐ
3531 4572 3711 4628 θέλων

2876 4726 2923 4761 ⁸⁸
2958 4731 3107 4785 Rom.
3140 4744 3238 4793 vn,
3266 4728 3355 4785 15.

509 4901 627 4989 (58)
656 4900 759 4957 Sed
772 4902 1049 4989 giabolus.
1079 4903 1250 4989 Quem
1275 4903 1477 4989 ubique
1495 4904 1813 4989 dicitJPauli
1869 4908 2004 4989 illud
2111 4912 2288 4989 lente;-
2320 4924 2573 4984 peccator
2606 4934 2619 4971 :
2657 4932 2753 4989 seu
2772 4916 3057 4989 maximus
3083 4924 3359 4989 peccator.
3383 4915 3545 4989 Apud
3571 4915 3706 4989 Epi-

437 4972 733 5044 peccatum.
770 4972 865 5028 Est
913 4976 1265 5044 paraphrasis
1318 4972 1465 5031 velut
1509 4979 1787 5044 continua,
1823 4981 2007 5044 sequi-

439 5041 635 5117 turque
659 5041 1363 5117 ,Gmcam'punetationem,
1398 5049 1698 5117 quarverha
1729 5041 1840 5112 illa,
1872 5041 2010 5104 ἀλλὰ

435 5115 471 5185 ὴ
511 5114 778 5187 ἁμαρτία,
810 5114 1121 5187 referuntur
1150 5117 1216 5171 ad
1246 5114 1433 5186 priora
1470 5135 1485 5172 :
1518 5116 1693 5171 Latini
1725 5127 1904 5175 autem
1938 5120 2007 5175 ad

437 5183 721 5260 mluentia
751 5183 1016 5260 referunt,
1036 5202 1199 5242 sensu
1224 5183 1335 5241 rion
1361 5188 1432 5241 ita
1457 5188 1636 5258 plano.
1681 5187 1806 5244 Vult
1855 5206 2004 5260 ergo,

2115 4983 2374 5059 phaniuin
2398 4991 2577 5059 tamen
2600 5003 2654 5040 ιι.
2670 4987 2749 5042 56
2770 4987 3002 5043 habetur
3026 4983 3218 5041 Latina
3240 4983 3529 5059 punctatio
3561 4983 3703 5045 :sed

2118 5063 2296 5127 potest
2321 5055 2511 5111 vitiosa
2538 5072 2681 5119 esse,
2713 5074 2823 5113 non
2855 5059 3036 5113 minus
3071 5055 3318 5127 quam’cb
3342 5057 3545 5124 αἰτίας,
3578 5059 3705 5114 ἀντὶ

2114 5124 2232 5200 τοᾷ,
2261 5127 2431 5200 uitia,
2487 5128 2634 5197 quod
2664 5128 2993 5200 immediate
3022 5124 3283 5200 praecedit
3317 5138 3709 5200 :.possentque

2115 5195 2230 5250 illic
2264 5198 2418 5266 plura
2462 5195 2676 5252 restitui
2709 5214 2779 5254 ex
2820 5195 3040 5254 nostris
3077 5195 3399 5265 Photianis';
3447 5195 3705 5266 puta,'n.

438 5268 547 5341 pop
578 5256 771 5336 legem,
808 5256 902 5311 sed
937 5266 1223 5341 peceatum
1257 5256 1548 5341 occasione
1590 5260 1742 5328 legis,
1777 5256 2006 5341 mortem

2258 5256 2444 5341 initio,
2497 5266 2716 5341 ἔδωμεν,
2749 5270 2873 5324 ἀντὶ
2905 5270 3020 5334 τοῦ,
3052 5269 3221 5341 ἴωμεν
3245 5288 3259 5303 ο
3309 5256 3704 5341 ὲνέκίσσησαν,

439 5323 862 5400 ἰῃάυξίὲεθηιιι
894 5323 1218 5383 ostendatur
1258 5323 1725 5400 convincaturque
1771 5331 2005 5385 maxima

2124 5323 2232 5391 ὶντὶ
2254 5338 2347 5390 τοῦ
2371 5323 2716 5400 ὲνεκίσσὴσα.

440 5392 561 5469 ejus
594 5396 905 5469 improbitas
937 5408 992 5452 et
1035 5401 1266 5465 malitia;
1329 5402 1473 5469 quod
1512 5392 1711 5454 malum
1771 5410 2003 5466 tantum,

441 5460 587 5544 bono
614 5460 708 5519 illo
746 5470 1129 5544 conciliaverit
1183 5485 1197 5521 :
1244 5460 1569 5544 egregieque
1618 5471 1858 5544 quadrat
1893 5460 2007 5525 Me;

441 5532 713 5611 thodianfe
746 5536 801 5588 in
829 5538 1127 5611 diabolum,
1159 5532 1307 5611 vere.
1340 5532 1651 5611 γενόμενον”
1680 5541 1801 5594 καθ’
1838 5543 2008 5611 ὑπερ-

439 5599 602 5672 ϐολὴν
653 5602 974 5675 ἁμαρτωλὸν
998 5625 1011 5638 ·
1044 5599 1269 5663 Paulina
1308 5599 1522 5678 phrasis
1556 5629 1567 5665 :
1601 5611 1704 5678 Qui
1739 5614 1810 5666 sit
1833 5599 2008 5666 lactus

437 5685 535 5727 Seu
568 5679 826 5735 ostensus
848 5691 913 5731 eo
951 5678 1123 5733 abusu
1162 5679 1394 5745 bonique
1430 5682 1796 5748 perversione,
1832 5681 2009 5739 excel-

2760 5408 2952 5482 Epiph.
2988 5411 3116 5466 haer.
3144 5426 3290 5476 wa,
3314 5425 3467 5466 num.
3499 5408 3569 5464 56
3593 5408 3710 5464 sub

2118 5477 2299 5540 linem,
2330 5480 2709 5534 εἰσοικεῐσθαι.

2117 5549 2317 5688 pulli.
2330 5548 2855 5674 ῗρὲίζδεκομένων·
2888 5551 3033 5623 Las"
3058 5552 3193 5623 πρδς
3220 5553 3451 5624 δοκιμήν
3474 5567 3545 5609 ex
3564 5547 3713 5624 ερε-
