3972 6212
318 225 422 284 30!

1399 225 1491 281 EX
1528 225 1731 281 LIBRO
1768 225 1856 281 DE
1887 224 2476 284 BESURRECTiONE.

3426 229 3530 285 30°.

318 342 636 407 ἐννοεῖσθαι,
663 344 754 398 καὶ
781 343 1138 415 ἐννοοῦμενος,
1167 344 1204 399 ἃ
1243 345 1317 417 μὴ
1347 343 1503 399 θέλω.
1524 347 1635 400 Καὶ
1659 345 1879 400 ἐπισκέ-

1982 362 2252 417 quaquam
2307 347 2362 402 id
2391 345 2626 417 positum
2673 344 2842 401 estin
2892 352 3079 401 nostra
3118 342 3418 400 facultate:
3470 357 3532 398 ut

319 436 522 509 ψασθαι
553 434 681 507 (ﬂ),
708 437 756 489 εί
784 436 858 508 μὴ
889 434 975 489 διὰ
997 435 1168 490 ταῦτα
1199 435 1337 490 αὐτὰ
1377 438 1469 491 καὶ
1498 438 1527 490 ὁ
1562 437 1726 491 Δαυῒδ
1760 440 1874 491 ἐνε-

318 527 548 598 τύγχανε
567 527 644 597 τῷ
667 526 804 597 Θεῷ,
839 512 1199 599 δυσχεραίνων
1227 527 1319 581 ἐπὶ
1345 527 1423 598 τῷ
1442 527 1746 596 λογίζεσθαι
1778 530 1873 582 καὶ

317 618 497 682 αὐτὸν,
519 619 556 673 ἃ
588 617 660 688 μὴ
685 616 899 688 ἢθελενο
936 618 1066 673 Ἀπὸ
1105 617 1222 672 τῶν
1252 619 1513 687 κρυφίων
1539 637 1659 688 μου
1689 620 1870 676 καθά-

309 711 490 779 ρισόν
511 726 608 778 με,
638 709 734 762 καὶ
776 708 893 763 ἀπὸ
927 709 1262 777 ἀλλοτρίων
1279 709 1478 779 φεῖσαι
1513 709 1618 763 τοῦ
1648 710 1870 766 δούλου

309 818 454 856 σου.
483 801 615 854 Ἐὰν
644 799 729 869 μή
761 817 879 869 μου
914 802 1438 869 κατακυριεύσωσι,
1473 803 1605 855 τότε
1639 800 1874 871 ἄμωμος

310 893 547 968 ἐσίομαι,
584 892 679 946 καὶ
714 891 1213 962 καθαρισθήσομαι
1243 892 1360 948 ἀπὸ
1390 894 1674 963 ἁμαρτιας
1696 893 1875 963 μεγὰ-

310 988 449 1051 λης.
484 983 593 1037 Καὶ
624 983 785 1047 αὐτὸς
824 982 881 1036 δέ
917 984 946 1035 ὁ
991 983 1303 1047 Ἀπόστολος
1322 986 1380 1037 ἐν
1402 985 1563 1058 ἑτέρᾳ
1590 986 1700 1057 (42)
1720 1003 1733 1017 ο
1765 991 1876 1041 Λο-

313 1076 566 1148 τισμοὺς
589 1075 1022 1144 καθαιροῦντες,
1050 1076 1146 1129 καὶ
1175 1074 1296 1131 πᾶν
1328 1077 1544 1147 ὕψωμα
1573 1078 1885 1148 ἐπαιρόμε-

311 1186 426 1223 rar
461 1168 613 1222 κατὰ
645 1165 751 1234 τῆς
781 1166 1053 1236 γνώσεως
1086 1168 1191 1222 τοῦ
1233 1168 1409 1222 Θεοῦ’
1451 1169 1547 1222 καὶ
1580 1172 1876 1238 αἰχμαλω-

310 1260 570 1327 τίζοντες
604 1258 727 1315 πᾶν
761 1259 954 1328 νόημα
997 1261 1085 1326 εὶς
1125 1257 1239 1327 τὴν
1269 1259 1548 1330 ὑπακοὴν
1592 1263 1698 1316 τοῦ
1739 1264 1874 1330 Χρι-

309 1366 465 1405 στου

1975 439 2090 494 haec
2111 441 2183 495 sit
2202 439 2347 493 illius
2377 439 2481 492 loci
2530 441 2819 502 sententia,
2874 436 3000 494 Non
3045 438 3183 492 enim
3216 436 3356 509 quod
3391 438 3525 500 voto,

1976 532 2113 601 facio
2148 531 2355 585 bonum.
2384 528 2518 584 Volo
2546 529 2689 584 enim
2712 530 2933 584 minime
2961 530 3216 601 cogitare,
3252 543 3373 599 qua:
3396 528 3529 583 mihi

1974 629 2227 676 noceant.
2251 619 2385 674 Nam
2419 628 2502 676 est
2531 621 2635 674 hoc
2662 622 2858 676 bonum
2898 636 3157 692 perquam
3187 620 3532 690 irreprehen-

1975 712 2134 767 sibile
2162 720 2217 766 et
2262 728 2456 781 purum
2516 712 2653 784 (45).
2689 711 2975 774 Caeterum,
3010 714 3199 765 bonum
3230 711 3366 765 illud
3389 710 3529 782 quod

1977 802 2113 868 uolo,
2143 818 2245 856 non
2276 801 2447 871 facio;
2480 803 2617 872 quod
2639 810 2813 856 autem
2872 802 3014 864 nolo,
3049 818 3145 871 ago
3168 800 3365 855 malum
3384 818 3402 854 :
3436 798 3530 871 qui

1977 894 2256 960 nimirum,
2313 894 2479 948 nolim
2531 895 2792 966 cogitare,
2843 902 2897 950 et
2926 895 3179 965 cogitem,
3231 909 3351 964 qua:
3380 894 3529 948 nolo.

1975 983 2150 1056 Atque
2204 984 2337 1040 illud
2375 1001 2557 1055 quaeso
2590 986 2786 1050 videte,
2823 1002 2954 1040 num
2990 985 3235 1040 eamdem
3283 985 3354 1040 ob
3400 999 3532 1038 cau-

1977 1094 2092 1135 sam
2132 1080 2300 1135 David
2326 1079 2436 1136 Deo
2486 1082 2832 1152 supplicaret,
2864 1095 3004 1150 aegre
3062 1078 3262 1145 ferens,
3303 1077 3447 1148 quod
3477 1085 3531 1133 ct

1974 1172 2093 1242 ipse
2141 1172 2401 1243 cogitaret
2428 1188 2549 1242 quia
2592 1174 2773 1227 minus
2805 1172 3000 1226 vellet:
3053 1168 3133 1223 Ab
3186 1168 3423 1231 occultis,
3447 1167 3531 1221 in-

1979 1264 2116 1334 quit,
2141 1266 2266 1318 meis
2298 1265 2493 1318 munda
2522 1280 2619 1325 me,
2666 1271 2717 1317 et
2767 1262 2829 1315 ab
2854 1262 3039 1315 alienis
3063 1277 3219 1330 parce
3245 1277 3389 1315 seruo
3416 1268 3526 1314 tuo.

1984 1355 2044 1410 Si
2066 1356 2167 1410 mei
2196 1373 2301 1410 non
2343 1356 2537 1426 fuerint
2566 1354 2847 1416 dominati,
2874 1366 2993 1407 tunc
3025 1353 3393 1406 immaculatus
3417 1368 3528 1412 ero,

307 1458 363 1502 et
386 1446 710 1502 emundabor
736 1464 770 1502 α
811 1455 1021 1517 peccato
1058 1464 1247 1519 magno
1274 1449 1342 1505 “.
1372 1447 1480 1505 Sed
1506 1458 1561 1506 et
1607 1449 1900 1532 Apostolus
1930 1450 1988 1506 in
2019 1454 2263 1524 Epistula
2301 1454 2404 1508 alia
2429 1453 2472 1484 “
2509 1450 2904 1522 :Cogitationes
2926 1449 3272 1513 destruentes,
3322 1457 3371 1500 et
3415 1462 3533 1499 om-

307 1558 433 1598 nem
462 1543 795 1598 altitudinem
837 1543 1167 1599 extollentem
1206 1560 1263 1599 se
1308 1544 1557 1602 adtersus
1592 1547 1865 1602 scientiam
1896 1546 2025 1614 Dei,
2047 1558 2097 1604 et
2134 1550 2189 1603 in
2214 1550 2566 1619 captivitatem
2608 1545 2897 1616 redigentes
2955 1560 3158 1598 omnem
3214 1540 3534 1595 intellectum

308 1638 371 1693 is
393 1638 692 1710 obsequium
715 1639 931 1694 Christi.

387 1732 464 1787 θ’.
505 1732 567 1785 Et
587 1731 645 1785 δέ
676 1748 761 1794 τις
790 1731 956 1802 ὁμόσε
982 1730 1061 1803 τῷ
1085 1732 1228 1803 λόγῳ
1261 1732 1394 1788 ἰέναι
1423 1733 1636 1806 τολμῶν
1657 1734 1881 1806 ἀποκρί-

2048 1730 2112 1785 ll.
2147 1727 2300 1797 Quod
2325 1728 2372 1785 si
2404 1729 2548 1799 quis,
2581 1728 2667 1784 his
2707 1728 2866 1784 dictis
2918 1726 3179 1798 refragari
3225 1741 3412 1788 ausus,
3442 1725 3537 1780 ob'

308 1840 477 1888 νοιτο,
509 1823 585 1886 ὡς
609 1823 717 1896 ἄρα
741 1823 978 1877 διδάσκει
1006 1826 1035 1879 ὁ
1079 1825 1414 1890 Ἀπόστολος,
1450 1827 1525 1891 ὡς
1552 1827 1613 1879 οὐ
1642 1827 1797 1897 μόνον
1820 1829 1879 1879 ὲν

309 1915 396 1985 τῷ
419 1914 724 1983 λογίζεσθαι
755 1914 817 1968 τὸ
848 1915 1016 1969 κακὸν
1046 1914 1331 1987 μισοῦμεν,
1368 1917 1461 1970 καὶ
1487 1915 1516 1969 δ
1540 1917 1601 1969 οὐ
1634 1916 1878 1986 θέλομεν,

311 2005 630 2077 πράττομεν
648 2021 663 2035 ο
692 2003 824 2057 ἀλλὰ
854 2004 948 2058 καὶ
976 2006 1033 2058 ἐν
1063 2004 1142 2075 τῷ
1160 2003 1593 2076 κατεργάζεσθαι
1620 2004 1770 2067 αὐτὸ,
1794 2001 1883 2056 διὰ

306 2094 411 2147 τό·
477 2096 560 2147 οὐ
614 2092 723 2163 γὰρ
775 2092 807 2147 ὃ
854 2092 1026 2157 θέλω,
1077 2092 1224 2148 ποιῶ
1285 2092 1527 2163 ἀγαθὸν,
1594 2091 1839 2162 λελέχθαι
1860 2107 1876 2122 ⁸

309 2186 455 2240 ἀλλ’
504 2184 535 2237 ὃ
588 2187 662 2239 οὐ
703 2184 853 2239 θέλω
899 2185 1107 2250 κακὸν,
1148 2185 1322 2240 τοῦτο
1375 2184 1629 2253 πράσσω
1649 2201 1663 2214 ·
1721 2182 1882 2248 ἀξιὼ-

314 2276 501 2347 σωμέν
521 2293 623 2329 που
647 2278 694 2330 εἰ
721 2275 893 2347 ἀληθῆ
919 2275 1033 2346 (45)
1059 2276 1255 2345 λέγειὸ
1282 2275 1456 2331 ταῦτα
1484 2269 1883 2344 λέγων,’διασα-

310 2366 518 2437 φῆσαι·
555 2366 620 2419 Τί
662 2361 730 2437 ἦν
771 2366 833 2419 τὸ
876 2365 1065 2429 κακὸν,
1088 2365 1117 2419 δ
1142 2365 1319 2437 ἐμίσει
1354 2365 1450 2437 μὲν
1474 2367 1503 2419 ὁ
1541 2365 1878 2431 Ἀπόστολος,

311 2461 413 2512 καὶ
437 2459 538 2512 οὐκ
569 2457 820 2511 ἐδούλετο
850 2460 1045 2522 ποιεῖν,
1078 2457 1249 2512 ἐποίει
1275 2456 1331 2510 δέ
1350 2474 1364 2487 ο
1398 2457 1491 2510 xui.
1535 2457 1598 2510 τὸ
1623 2456 1823 2525 ἀγαθὸν
1851 2457 1881 2511 ὃ

313 2550 565 2604 ἐϐούλετο
615 2555 710 2620 μὲν
744 2552 933 2613 ποιεῖν,
975 2550 1074 2603 οὐκ
1116 2549 1285 2602 ἐποίει
1316 2548 1407 2602 δὲ*
1460 2548 1575 2603 ἀλλ’
1603 2549 1882 2621 ἀντιστρὸ-

314 2658 432 2709 φως
453 2659 468 2672 ·
499 2642 688 2704 ὁσάκις
723 2641 820 2709 μὲν
845 2640 1001 2711 ἡθελε
1034 2639 1254 2710 ποιῆσαι
1280 2640 1341 2693 τὸ
1365 2639 1586 2709 ἀγαθὸν,
1619 2640 1883 2694 τοσαυτά-

312 2751 404 2800 κις
422 2732 485 2787 οὐ
516 2732 580 2785 τὸ
603 2732 824 2801 ἀγαθὸν,
848 2732 878 2785 ὃ
901 2731 1109 2804 ἤθελεν,
1143 2732 1316 2786 ἐποίει
1334 2749 1347 2762 ·
1371 2730 1506 2785 ἀλλὰ
1536 2731 1596 2784 τὸ
1621 2731 1876 2803 πονηρὸν,

310 2818 344 2871 δ
375 2818 452 2889 μὴ
484 2818 696 2889 ἢθελεν,
728 2819 934 2883 ἐποίεις
967 2819 1089 2884 Πῶς
1115 2819 1171 2873 δὲ
1200 2820 1294 2874 καὶ
1331 2821 1501 2891 ἡμᾶς,
1531 2822 1614 2883 είς
1647 2819 1708 2873 τὸ
1747 2837 1881 2874 παν·-

311 2911 554 2967 τάπασιν
596 2910 1016 2976 ἀποτινάξασθαι
1045 2911 1105 2965 τὸ
1144 2912 1474 2983 ἁμαρτάνειν
1507 2912 1880 2983 προτρεπόμε-

315 3020 427 3067 νος,
471 3004 731 3072 Μιμηταί
774 3021 916 3072 μου,
942 3004 1322 3074 ἀποφαίνεται,
1363 3003 1635 3073 γίνεσθε,
1688 3002 1882 3071 καθὼς

1975 1823 2180 1893 jiciat:
2217 1822 2403 1876 haberi
2431 1838 2497 1876 es
2529 1819 2806 1891 Apostolo,
2848 1818 2992 1890 quod
3039 1833 3147 1873 non
3183 1818 3357 1872 solum
3382 1817 3530 1889 cogi-

1979 1914 2146 1970 tando
2181 1915 2381 1968 malum
2406 1911 2715 1975 oderimus,
2770 1919 2831 1968 et
2874 1910 3020 1982 quod
3058 1912 3312 1966 nolumus
3363 1908 3533 1963 facia-

1980 2022 2132 2071 mus;
2182 2019 2370 2060 verum
2419 2010 2581 2059 etiam
2622 2004 2742 2073 ipso
2794 2017 2981 2073 opere,
3028 2017 3093 2056 eo
3142 2003 3286 2071 quod
3341 2000 3530 2054 dicat:

1982 2097 2105 2151 Non
2132 2097 2269 2152 enim
2290 2095 2425 2166 quod
2451 2096 2564 2150 uolo
2589 2095 2800 2158 bonum,
2818 2094 2914 2148 hoc
2934 2094 3072 2164 facio
3095 2110 3113 2148 :
3135 2093 3224 2148 sed
3252 2093 3389 2163 quod
3413 2093 3534 2147 uolo

1980 2185 2200 2252 malum,
2232 2183 2328 2238 hoc
2349 2200 2448 2255 ago
2479 2184 2564 2250 είς
2598 2183 2744 2238 hunc
2771 2197 2923 2247 sane,
2959 2183 3049 2253 qui
3074 2183 3149 2236 ita
3176 2182 3322 2237 dicat
3364 2190 3418 2236 et
3448 2196 3536 2235 ra-

1979 2276 2290 2340 tiocinetur,
2318 2277 2365 2331 si
2395 2274 2557 2330 modo
2582 2290 2710 2330 vera
2738 2275 2892 2340 dicit,
2922 2275 3194 2344 explicare
3210 2273 3532 2343 jubeamus:

1981 2367 2254 2440 quodnam
2284 2377 2430 2423 esset
2463 2366 2596 2421 illud
2629 2367 2852 2429 malum,
2899 2365 3046 2436 quod
3086 2381 3208 2419 cum
3240 2364 3537 2435 Apostolus

1981 2458 2187 2515 odisset
2213 2473 2317 2513 nec
2351 2458 2510 2513 vellet
2545 2457 2746 2523 facere,
2778 2457 3134 2513 nihilominus
3158 2456 3401 2512 faceret:
3440 2467 3536 2513 aut

1981 2550 2114 2605 iiiud
2138 2564 2170 2605 e
2201 2548 2477 2603 contrario
2500 2550 2726 2611 bonum,
2747 2547 2891 2617 quod
2918 2562 3040 2601 cum
3069 2548 3226 2604 vellet
3254 2555 3536 2620 praestare,

1980 2653 2090 2693 non
2115 2643 2297 2707 posset
2331 2656 2345 2692 :
2392 2636 2501 2690 imo
2533 2650 2667 2691 vero
2694 2640 2909 2706 quoties
2947 2645 3164 2709 patrare
3194 2640 3393 2694 bonum
3424 2641 3537 2694 vel-

1980 2729 2076 2793 let,
2105 2744 2212 2784 non
2242 2729 2385 2800 quod
2412 2729 2573 2784 vellet
2598 2728 2838 2796 bonum;
2880 2731 2975 2785 sed
3008 2732 3208 2786 malum
3237 2732 3384 2802 quod
3414 2724 3536 2786 nol-

1981 2821 2075 2885 let,
2101 2821 2382 2891 patraret?
2432 2819 2551 2887 Qua
2584 2821 2862 2877 enimvero
2892 2823 3125 2886 ratione,
3172 2824 3441 2879 hortando
3468 2824 3536 2878 ad

1981 2913 2362 2969 excutiendum
2404 2911 2714 2969 omnimode
2751 2925 3056 2986 peccatum,
3095 2915 3396 2971 Imitatores
3438 2918 3539 2972 mei

1982 3014 2164 3072 estote,
2192 3007 2329 3060 sicut
2355 3013 2403 3060 et
2427 3021 2519 3076 ego
2545 3003 2742 3061 Christi
2770 3008 2836 3072 “,
2871 3008 3225 3078 pronuntiat?
3276 3007 3369 3063 Sic
3407 3024 3537 3064 sane

315 3095 480 3166 κάγὼ
539 3095 829 3163 Χριστοῦς
884 3096 1066 3160 Οὕτως
1109 3096 1171 3150 οὐ
1210 3096 1288 3168 τῷ
1350 3098 1523 3149 ποιεῖν
1564 3095 1601 3150 ἃ.
1644 3096 1718 3168 μὴ
1755 3097 1882 3168 ἠθε-

1985 3112 2094 3151 non
2125 3098 2180 3151 in
2211 3097 2417 3168 agendo
2439 3113 2560 3167 qua:
2590 3101 2775 3161 nollet,
2809 3099 2903 3154 sed
2944 3100 2998 3154 in
3039 3100 3154 3155 sola
3189 3100 3537 3170 cogitatione,

313 3188 429 3252 λεν,
484 3188 713 3242 ὑπέθετο
753 3188 823 3243 τὰ
867 3189 1256 3260 προειρημένα,
1294 3188 1430 3242 ἀλλὰ
1466 3188 1546 3260 τῷ
1599 3189 1756 3259 μόνον
1805 3187 1887 3241 λοο

310 3279 583 3349 τέξεσθαι.
605 3279 754 3333 Ἐπεὶ
777 3279 892 3343 πῶς
916 3279 981 3333 ἂν
1005 3276 1073 3351 ἦν
1107 3280 1347 3352 μιμητὴς
1369 3280 1604 3352 Χριστοῦ
1624 3279 1888 3352 ἀκριϐήςῖ

312 3372 501 3425 Καλὸν
538 3371 636 3441 μὲν
664 3366 780 3435 οὖν,
822 3371 870 3423 si
902 3371 977 3443 μὴ
1010 3372 1248 3441 εἴχομεν,
1274 3366 1342 3442 ἦν
1376 3370 1440 3425 ἂν
1464 3372 1558 3425 καὶ
1584 3368 1890 3442 χαρμιώτα-

310 3479 431 3528 τον,
459 3462 586 3525 τοὺς
607 3463 1066 3534 άπιπράσσοντας
1093 3465 1224 3533 ἡμῖν
1245 3464 1338 3516 καὶ
1365 3463 1702 3535 μαχομένους
1722 3479 1737 3493 ο
1769 3461 1889 3516 ἐπεὶ

306 3555 373 3608 δὲ
415 3554 575 3607 τοῦτο
614 3553 891 3618 ἀδύνατον,
927 3555 1020 3608 καὶ
1047 3554 1076 3607 ὃ
1104 3554 1326 3625 θέλομεν
1362 3554 1422 3607 οὐ
1454 3553 1745 3625 δυνάμεθα.
1780 3554 1882 3607 Θέ-
1922 3630 1930 3637 ἢ

306 3646 484 3715 λομεν
508 3645 616 3717 γὰρ
639 3645 712 3716 μὴ
732 3645 879 3717 ἔχειν
904 3646 1029 3709 τοὺς
1052 3644 1366 3711 ἐξέλκοντας
1384 3646 1463 3710 εἰς
1486 3644 1630 3715 πάθη
1647 3662 1660 3675 ο
1683 3640 1749 3715 ἦν
1774 3644 1882 3716 γὰρ

307 3736 573 3808 ἀνιδρωτὶ
618 3736 879 3807 σωθῆναι·
913 3736 1004 3789 καὶ
1039 3735 1068 3789 ὃ
1114 3736 1355 3806 θέλομεν,
1386 3734 1540 3788 τοῦτο
1564 3736 1627 3789 οὐ
1655 3734 1880 3803 γίνεται,

309 3828 437 3881 ἀλλ’
468 3827 502 3881 ὃ
523 3828 585 3880 οὐ
616 3827 860 3898 θέλομεν.
890 3829 981 3880 Δεῖ
1021 3828 1129 3898 γὰρ
1171 3829 1317 3898 ἡμᾶς
1358 3825 1761 3897 δοκιμάζεσθαι,
1806 3827 1884 3891 ὡς

309 3920 492 3991 ἐχρῆν
515 3919 649 3990 (μ).
676 3919 767 3990 Μὴ
795 3918 1079 3989 ἐνδιδῶμεν
1103 3916 1260 3992 [οὗν],
1291 3912 1336 3971 ὧ
1372 3919 1538 3990 ψυχὴ,
1575 3919 1648 3991 μὴ
1678 3918 1885 3971 ἐνδιδῶ-

316 4030 421 4083 μεν
453 4014 514 4066 ἐν
540 4012 618 4082 τῷ
645 4011 862 4083 πονηρῷ
879 4029 894 4042 ·
938 4012 1073 4075 ἀλλ’,
1117 4012 1531 4077 Ἀναλαϐόντες
1560 4010 1673 4079 τὴν
1697 4024 1881 4064 πανοι-

312 4105 509 4156 πλίαν
534 4102 642 4156 τοῦ
675 4101 842 4165 Θεοῦ,
860 4101 1384 4169 ὑπερασπίζουσαν
1407 4100 1595 4170 ἡμῶν,
1620 4100 1883 4155 ἐνδυσώ-

306 4200 467 4265 μεθα
491 4195 604 4249 τὸν
634 4194 867 4264 θώρακα
893 4194 1003 4262 τῆς
1030 4194 1436 4261 δικαιοσύνης,
1455 4194 1551 4248 καὶ
1582 4192 1887 4248 ὑποδυσώ-

306 4290 468 4357 μεθα
500 4285 645 4352 τοὺς
686 4285 874 4353 πόδας
904 4286 975 4339 ὲν
1008 4286 1317 4355 ἑτοιμασίᾳ
1353 4284 1460 4340 τοῦ
1495 4284 1879 4355 Eamne/ttat).

1985 3191 2261 3259 praemissa
2282 3191 2487 3247 docuit.
2508 3192 2723 3263 Alioqui
2747 3192 2911 3257 enim,
2935 3194 3029 3261 qui
3051 3193 3163 3262 ipse
3189 3193 3409 3247 sedulus
3425 3203 3541 3247 erat

1986 3278 2226 3334 imitator
2260 3280 2502 3337 Christi?
2531 3280 2667 3337 illud
2700 3281 2919 3353 quidem
2951 3283 3244 3353 optandum
3275 3291 3413 3347 erat,
3449 3284 3540 3337 lte-

1984 3369 2224 3440 titiaaque
2279 3372 2684 3442 plenissimum,
2742 3380 2802 3427 ut
2853 3373 3198 3429 adversarios
3246 3373 3425 3429 nullos
3475 3389 3540 3429 ac

1984 3459 2170 3516 hostes
2202 3461 2562 3530 haberemus;
2618 3463 2714 3519 sed
2767 3465 3026 3535 quoniam
3078 3464 3195 3520 ﬁeri
3244 3465 3386 3522 istud
3431 3479 3541 3521 non

1985 3560 2188 3624 potest,
2218 3554 2344 3609 hinc
2370 3570 2587 3625 quoque
2616 3562 2699 3610 est
2730 3563 2792 3609 ut
2819 3556 2964 3625 quod
2994 3557 3265 3623 volumus,
3283 3572 3392 3611 non
3415 3573 3541 3626 pos-

1988 3647 2182 3705 simus.
2215 3644 2480 3701 Volumus
2511 3647 2677 3711 enim,
2721 3662 2827 3701 non
2858 3646 3053 3703 habere
3083 3648 3317 3716 aliquem
3351 3648 3444 3717 qui
3473 3648 3543 3703 ad

1985 3738 2272 3809 passiones
2305 3738 2543 3809 vitisque
2569 3738 2862 3795 detrahat:
2901 3755 3030 3794 nam
3061 3748 3206 3794 esset
3250 3754 3314 3794 ea
3368 3741 3539 3804 salus,

1989 3831 2206 3888 sudoris
2241 3845 2475 3900 expers:
2512 3839 2766 3885 caeterum
2800 3846 2911 3885 non
2946 3832 3126 3887 evenit
3156 3831 3301 3901 quod
3338 3835 3421 3901 sic
3448 3849 3544 3887 vo-

1987 3918 2190 3984 lumus,
2221 3918 2313 3974 sed
2344 3918 2487 3988 quod
2511 3920 2784 3975 nolumus.
2814 3917 2903 3973 Uti
2931 3920 3073 3975 enim
3094 3920 3353 3986 diximus,
3383 3936 3546 3991 opor-

1958 4005 2064 4062 ‘tet
2090 4022 2190 4063 nos
2222 4007 2462 4078 probari.
2493 4006 2571 4062 Ne
2590 4022 2740 4077 ergo,
2775 4007 2979 4072 anima,
3021 4023 3118 4074 ne,
3160 4022 3314 4079 rogo,
3347 4023 3544 4063 conce-

1986 4098 2179 4153 damus
2234 4098 2290 4152 in
2320 4099 2463 4152 malo
2509 4098 2651 4153 :sed
2682 4086 3007 4155 assumentes
3063 4108 3391 4152 armaturam
3447 4097 3545 4153 Dei

1974 4202 2084 4260 qua
2116 4192 2470 4258 protegamur
2499 4193 2558 4242 et
2629 4192 2732 4244 tuti
2762 4191 2953 4253 simus,
2971 4189 3199 4258 justitia:
3218 4190 3434 4244 loricam
3464 4192 3546 4244 in-

1983 4282 2232 4349 duamus,
2271 4291 2321 4337 et
2346 4281 2637 4337 calceemus
2663 4281 2813 4351 pedes
2843 4283 2898 4336 in
2942 4283 3323 4351 prwparatione
3368 4281 3544 4336 Evan-

396 4464 445 4496 ⁸⁸
482 4462 634 4518 Psal.
669 4479 824 4528 svnt,
866 4463 953 4527 1⁸5,
987 4462 1075 4517 14.
1144 4463 1186 4498 ⁸⁸
1215 4460 1281 4517 II
1304 4459 1428 4517 Cor.
1454 4477 1511 4526 x,
1534 4460 1589 4527 4,
1626 4460 1681 4515 5.
1748 4460 1793 4491 ⁶¹
1821 4458 1882 4514 Rt

2007 4474 2104 4526 vn,
2133 4454 2214 4514 l9.
2256 4459 2301 4492 “
2333 4457 2503 4515 ICor.
2532 4476 2609 4526 ιι,
2646 4458 2697 4513 1.

389 4642 508 4710 (ιι)
543 4640 1030 4710 Ἐπισκέψασθιιι.
1067 4636 1227 4693 Forte
1257 4635 1641 4706 ἐπισκέψασθε.

389 4711 509 4776 (ιιι)
541 4710 767 4778 Ἑτέρα.
792 4711 900 4771 AL,
926 4709 1118 4778 ἑτέρῳ.

387 4768 508 4852 (tsi
556 4768 794 4852 τΑλῆρῆ.
820 4768 942 4852 _AI.,
980 4768 1219 4852 etiam.
1252 4776 1319 4852 Et
1341 4775 1551 4852 _m_ox,_a
1581 4774 1889 4852 peegsmo.

417 4853 513 4921 41)
548 4846 791 4921 fama
820 4848 948 4921 Leg.
976 4846 1132 4919 ἔφην,
1161 4863 1224 4902 ex
1259 4846 1560 4921 Epiphanio
1586 4861 1647 4921 _n.
1682 4846 1765 4921 ὅθ,

417 4858 513 4921 u)
555 4858 791 4918 Ἑχρην.
821 4858 948 4919 Leg.
976 4858 1132 4919 ἔφην,
1161 4863 1224 4902 ex
1259 4858 1560 4915 Epiphanio
1593 4861 1647 4899 η.
1682 4858 1765 4901 δυ,

391 4858 510 4991 ξιξ)
540 4917 589 4972 Ν
572 4936 681 4991 3m
696 4929 771 4991 est
795 4921 891 4973 hoc
905 4919 1093 4991 bonum
1111 4932 1357 4991 perquam
1378 4915 1826 4991 irrepreliensibile
1842 4924 1892 4969 et

314 4983 536 5062 parum.
569 4989 933 5062 Πανάμωμον,
977 4983 1121 5062 velut
1145 4983 1381 5041 ἀπάθεια
1410 4983 1498 5062 illa
1536 4985 1609 5039 ila
1642 4983 1894 5039 Patribus

318 5058 374 5117 et
394 5060 664 5131 theologis
694 5058 936 5131 mysticis
967 5058 1269 5131 decantata.
1302 5058 1594 5126 paucisque
1608 5070 1887 5131 concessa.

320 5131 449 5186 Fuit
472 5134 529 5184 in
547 5125 901 5201 ea_insigiiis,
931 5129 1093 5201 cujus
1125 5125 1311 5182 hodie
1333 5135 1579 5201 octavam
1625 5125 1766 5181 diem
1798 5138 1888 5201 so-

319 5201 489 5256 lemni
548 5195 772 5260 cilicio]
792 5195 1204 5261 Praedicator-es,
1263 5198 1515 5252 colimus.
1571 5204 1758 5251 noster
1800 5195 1889 5250 ille

319 5270 588 5331 Thomas,
613 5271 703 5338 qui
724 5286 989 5338 nunquam
1020 5267 1282 5337 pestifera:
1310 5265 1589 5338 superbiai,
1620 5265 1786 5338 tantis
1834 5271 1889 5320 et

317 5342 516 5410 gratia:
530 5349 589 5393 et
610 5336 812 5394 natura
839 5336 995 5393 donis
1010 5336 1223 5410 auctus,
1247 5337 1554 5410 persenserit
1578 5336 1891 5410 stimulum:

320 5405 570 5479 omnique
598 5418 799 5475 postea,
827 5423 857 5461 a
895 5409 1220 5462 iniraculose
1247 5408 1446 5462 cini-tis
1491 5406 1736 5465 renibus,
1770 5405 1892 5458 libi-

318 5481 463 5531 dinis
494 5494 650 5531 sensu
679 5479 907 5531 caruerit
934 5496 952 5531 :
980 5479 1059 5531 sic
1104 5477 1285 5531 divina
1316 5478 1511 5531 aratia.
1561 5475 1729 5530 menti
1760 5489 1885 5530 vere

359 5496 463 5533 11118
494 5494 650 5531 sensu
679 5491 907 5532 caruerit
934 5496 952 5532 ἔ
980 5493 1059 5532 SIC
1104 5491 1285 5531 utvma
1316 5491 1511 5539 ωἐιιιι,
1561 5491 1729 5530 menti
1760 5491 1853 5530 ver

319 5494 463 5533 amis
494 5494 650 5531 sensu
679 5494 907 5532 caruerit
934 5496 952 5532 :
980 5494 1059 5532 suc
1104 5494 1285 5531 amna
1316 5494 1511 5547 gratia,
1561 5494 1729 5530 menti
1760 5494 1885 5530 vere

319 5549 604 5619 angelica},
642 5557 863 5619 aptante
905 5548 1204 5603 vasculum.
1235 5545 1618 5619 Emendandus
1649 5562 1718 5601 ex
1744 5545 1887 5619 'istis

324 5616 507 5673 tritus
554 5616 1056 5688 Epiphanii,_quam
1088 5618 1252 5673 etiam
1292 5616 1723 5688 emendationem
1757 5617 1887 5670 sub-

320 5688 500 5758 iuncti
528 5685 695 5744 in'eo
722 5685 1093 5760 iambi,'plane
1132 5687 1371 5761 exigunt.
1400 5685 1573 5742 Plane
1602 5699 1749 5750 vero,
1796 5700 1887 5740 so-

1921 4638 1966 4694 Ι)
1995 4636 2105 4693 lida
2133 4635 2269 4708 haec,
2296 4634 2535 4708 Paulina:
2579 4637 2725 4692 illius
2779 4640 3060 4693 sententiae
3114 4637 3433 4708 explicatio;
3484 4647 3545 4694 ut

1986 4712 2129 4779 ipse
2140 4706 2250 4775 jam
2274 4708 2456 4776 justus
2488 4707 2753 4776 iustorum
2791 4718 2910 4776 agat
2940 4706 3247 4776 personam,
3275 4716 3329 4760 et
3372 4708 3541 4779 inea,

1986 4777 2094 4835 vim
2121 4778 2287 4841 illam,
2319 4793 2394 4847 ex_
2417 4779 2554 4830 mala
2586 4779 2930 4847 suggestione
2950 4779 3229 4837 dmmonis,
3262 4785 3355 4830 aut
3375 4777 3541 4832 etiam

1985 4866 2055 4906 ex
2086 4846 2281 4901 virium
2314 4845 2629 4900 inferiorum
2661 4845 2928 4902 seditione
2953 4857 3005 4900 et
3037 4847 3398 4908 contumacia,
3435 4847 3541 4899 im-

1987 4918 2171 4974 missis
2202 4916 2381 4986 pravis
2401 4918 2839 4986 cogitationibus,
2865 4933 3093 4986 quarum
3115 4933 3220 4986 non
3245 4919 3415 4985 possit
3436 4931 3542 4969 non

1989 4935 2171 4974 “"5815
2202 4935 2381 4986 pravus
2401 4935 2839 4986 cogllaUOlIlDUS,
2904 4935 3093 4971 uarum
3115 4935 3220 4970 non
3245 4935 3415 4985 p055”.
3436 4935 3542 4969 non

1989 4989 2186 5043 habere
2232 5000 2475 5050 sensum,
2513 4998 2770 5055 queratur
2797 4935 3079 5056 et1ugeat.
3117 4985 3174 5041 Si
3208 4994 3387 5041 autem
3417 5000 3542 5040 cum

1990 5059 2133 5117 aliis,
2158 5057 2214 5110 in
2245 5070 2472 5125 persona
2502 5056 2738 5111 hominis
2760 5071 2864 5110 non
2890 5057 3024 5125 justi
3045 5065 3097 5112 et
3128 5058 3182 5111 in
3214 5057 3408 5125 gratia.
3441 5056 3542 5108 ad-

1988 5125 2497 5196 miserimusqloqui,
2532 5125 2693 5196 fuerit
2715 5128 2876 5180 etiam
2912 5129 2965 5180 in
2994 5126 3249 5196 Operibus
3282 5126 3543 5196 nonnulla

1988 5195 2253 5264 ejusmodi
2279 5194 2359 5249 vis
2373 5195 2713 5249 concedenda
2731 5216 2745 5260 -,
2763 5198 2863 5251 etsi
2887 5212 2996 5250 non
3022 5194 3243 5250 omnino
3272 5195 3540 5256 absoluta,

1989 5275 2049 5337 et
2075 5266 2366 5337 qualisest
2410 5264 2466 5337 _i_n
2520 5265 2935 5337 cogitationibus
2971 5285 2984 5321 :
3021 5282 3181 5337 quam
3218 5274 3396 5318 tamen
3430 5264 3545 5334 ipse

1990 5334 2116 5397 sibi,
2145 5336 2224 5389 sic
2247 5334 2444 5388 diaboli
2471 5336 2737 5404 captivus,
2763 5334 3131 5404 actusque'ad
3160 5337 3330 5403 ipsius
3358 5339 3544 5404 voiun-

1990 5415 2151 5460 tatem
2192 5405 2246 5458 in
2274 5405 2453 5459 scelus
2498 5403 2680 5466 omne,
2737 5403 3082 5474 ascripserit;
3146 5407 3238 5473 qui
3290 5412 3345 5458 ct
3379 5403 3543 5459 Deum

1991 5475 2458 5545 cleseruerit,__nec
2500 5474 2681 5545 adhuc
2717 5477 3008 5530 conciliare
3042 5474 3264 5537 volenti,
3297 5476 3539 5545 acquies-

1993 5560 2116 5599 cere
2141 5546 2289 5617 velit.
2321 5542 2574 5617 Egregia_
2598 5553 2725 5600 sunt
2757 5560 2877 5617 qua:
2894 5545 3313 5617 Amphilochius
3360 5542 3542 5617 noster

1995 5616 2338 5687 prosequitur
2369 5612 2515 5668 hom.
2541 5612 2605 5669 de
2635 5612 2937 5687 pandentia
2962 5612 3025 5670 ili
3056 5616 3363 5685 huiusmodi
3388 5616 3541 5687 cogi.

1995 5686 2248 5752 taliones,
2270 5698 2585 5756 magnaeque
2609 5697 2663 5741 et
2691 5686 3012 5742 eruditionis
3041 5697 3092 5744 et
3130 5686 3542 5744 consolationis.
