3962 6204
481 204 586 258 305

1431 201 1490 256 S.
1535 200 1862 301 MELI'HODH
1903 199 2208 257 EPESCOPI
2249 202 2336 257 ET
2381 203 2738 259 M.-\RTYRIS
3559 217 3642 274 5ίί

478 324 618 394 gelii.
656 321 721 377 In
754 321 991 377 omnibus
1017 330 1190 375 autem
1218 338 1548 377 assumamus
1575 333 1780 378 scutum
1812 323 1958 393 ﬁdei,
1981 325 2027 377 in

2151 323 2273 377 Ἐπὶ
2300 323 2452 380 πᾶσί
2466 343 2529 380 τε
2543 326 2930 396 ἀναλάϐωμεν
2945 325 3051 380 τὸν
3066 327 3276 394 θυρεὸν
3291 327 3391 397 τῆς
3406 334 3638 404 πίστεως,

478 431 585 486 qua
606 416 866 482 possimus
897 415 1071 466 omnia
1100 413 1202 466 tela
1234 415 1536 484 nequissimi
1569 415 1722 484 ignea
1749 417 2040 486 exstingue-

477 523 534 560 re
564 523 582 560 :
605 516 653 560 et
676 506 879 576 galeam
905 503 1128 567 salutis,
1177 514 1225 558 et
1267 503 1503 574 gladium
1527 507 1771 572 spiritus,
1801 509 1934 576 quod
1961 517 2039 561 est

476 597 684 652 verbum
740 595 838 648 Dei
893 611 912 648 :
962 602 1018 646 ut
1070 596 1332 662 possimus
1363 605 1505 649 stare
1534 595 1782 650 adversus
1816 597 2036 651 insidias

475 687 676 742 diaboli
708 687 754 717 “
777 703 794 740 :
822 687 1163 757 cogitationes
1193 686 1317 740 item
1346 685 1635 748 destruere,
1661 697 1709 740 et
1730 704 1929 742 omnem
1956 687 2039 742 al~

479 779 753 831 titudinem
795 777 1126 831 extollentem
1176 794 1230 833 se
1273 777 1520 833 adversus
1565 780 1839 832 scientiam
1879 779 2037 834 Chri-

476 870 546 924 sti
573 870 636 924 ‘i'.
673 870 933 936 Quoniam
969 886 1071 923 non
1113 878 1190 923 est
1238 869 1386 924 nobis
1443 870 1745 924 colluctatio
1788 871 2035 926 adversus

476 977 684 1015 carnem
705 971 753 1015 et
784 963 1087 1032 sanguinem
1111 962 1177 1015 “.
1211 960 1332 1015 Non
1355 961 1494 1016 enim
1521 963 1660 1033 quod
1682 961 1797 1016 volo
1821 962 2031 1026 bonum,

477 1051 572 1105 hoc
593 1067 724 1122 ago;
751 1051 838 1105 sed
871 1051 1008 1122 quod
1041 1049 1149 1115 odi,
1177 1051 1311 1105 illud
1357 1053 1518 1121 facio.
1580 1053 1641 1109 Si
1685 1064 1858 1108 autem
1897 1054 2035 1126 quod

479 1142 618 1206 nolo,
659 1141 789 1195 illud
833 1143 1004 1211 facio,
1041 1143 1306 1196 consentio
1339 1142 1458 1212 legi,
1494 1144 1740 1213 quoniam
1772 1143 1905 1198 bona
1933 1155 2030 1200 est.

480 1232 634 1287 Nunc
664 1243 833 1286 autem
851 1233 968 1302 jam
999 1250 1100 1287 non
1141 1250 1232 1304 ego
1274 1250 1458 1303 operor
1487 1234 1642 1302 illud,
1670 1233 1761 1289 sed
1782 1236 1920 1306 quod
1944 1236 2036 1290 Isa-

477 1327 608 1379 bitat
640 1326 693 1378 in
721 1343 796 1379 me
817 1334 1105 1393 peccatum.
1135 1324 1256 1380 Scio
1283 1327 1421 1379 enim
1445 1327 1570 1396 quia
1603 1343 1705 1380 non
1743 1326 1948 1381 habitat
1979 1328 2032 1382 in

476 1435 575 1480 me,
604 1419 697 1471 hoc
726 1427 800 1472 est
824 1418 876 1469 in
905 1433 1064 1470 carne
1094 1434 1228 1481 mea,
1262 1417 1451 1471 bonum
1480 1417 1544 1472 ⁸⁷.
1585 1417 1851 1474 Praeclare
1884 1419 2030 1474 istud

475 1509 712 1579 quidem.
745 1507 1067 1563 Meministis
1094 1509 1257 1573 enim,
1308 1509 1450 1578 quod
1483 1511 1736 1578 superius
1769 1509 1871 1564 fuit
1899 1525 2031 1565 con-

2140 416 2211 469 ἐν
2239 411 2278 488 ᾖ
2303 416 2682 486 δυνησόμεθα
2719 415 2916 470 πάντα
2940 416 3008 470 τὰ
3028 417 3185 485 ,ϐέλη
3215 420 3312 473 τοῦ
3334 427 3567 492 πονηροῦ
3588 431 3644 484 τὰ

2139 505 2527 575 πεπυρωμένα
2549 506 2760 559 σϐέσαι
2781 525 2795 536 ·
2829 506 2927 560 καὶ
2959 505 3070 573 τὴν
3101 513 3534 577 περικεφαλαίαν
3561 518 3647 571 τοῦ

2138 599 2456 665 σωτηρίου,
2475 599 2569 652 καὶ
2588 597 2702 666 τὴν
2715 598 3015 667 μάχαιραν
3030 599 3135 652 τοῦ
3151 602 3480 670 πνεύματος,
3496 605 3524 657 ὅ
3539 607 3646 661 ἐστι

2129 687 2295 756 ῥῆμα
2336 687 2510 741 Θεοῦ·
2549 689 2698 757 πρὸς
2731 688 2796 741 τὸ
2829 688 3118 742 δύνασθαι
3150 689 3358 758 στῆναι
3391 694 3526 761 πρὸς
3557 696 3649 765 τὴν

2130 777 2445 846 μεθοδείαν
2471 777 2578 830 τοῦ
2606 778 2887 834 διαϐόλου
2907 797 2920 810 ·
2961 782 3282 850 λογισμούς
3310 798 3371 834 τε
3393 787 3645 851 καθελειν,

2135 869 2239 922 παὶ
2262 868 2383 925 πᾶν
2398 870 2611 940 ὒψωμα
2626 872 3016 941 ἐπαιρόμενον
3031 874 3176 926 κατὰ
3190 872 3294 941 τῆς
3307 873 3554 941 γνώσεως
3565 877 3652 930 τοῦ

2133 961 2534 1030 Χριστοῦ.Ὅτι
2554 961 2639 1031 μή
2667 963 2835 1016 ἐστιν
2859 964 3002 1032 ημῖν
3025 966 3062 1032 ἠ
3086 963 3245 1031 πάλη
3271 965 3410 1032 πρὸς
3429 961 3554 1034 αἷμα
3572 967 3652 1022 καί

2134 1052 2348 1122 σάρκα.
2372 1057 2453 1108 Οὐ
2473 1055 2582 1122 γὰρ
2601 1054 2632 1107 ὃ
2654 1056 2804 1109 θέλω
2827 1055 3098 1123 πράσσω,
3121 1056 3258 1110 ἀλλ’
3280 1055 3310 1108 ὃ
3328 1056 3494 1125 μισῶ,
3506 1060 3654 1114 τοῦτο

2133 1143 2298 1197 ποιῶ.
2309 1148 2376 1198 El
2389 1144 2454 1197 δὲ
2468 1145 2497 1197 ὃ
2511 1147 2582 1198 οὺ
2595 1144 2768 1210 θέλω,
2782 1146 2956 1200 τοῦτο
2988 1145 3152 1208 ποιῶ,
3169 1148 3432 1216 σύμφημι
3443 1147 3654 1218 τῷνόμφ

2133 1235 2218 1290 ὅτι
2241 1237 2426 1302 καλός
2445 1236 2576 1306 (49).
2602 1237 2752 1290 Νυνὶ
2787 1236 2855 1290 δὲ
2882 1239 2991 1290 οὐκ
3017 1238 3105 1291 ἐτι
3130 1235 3246 1306 ἐγὼ
3282 1236 3657 1306 κατεργάζομαι

2131 1327 2298 1393 αὐτὸ,
2318 1328 2454 1382 ἀλλ’
2467 1329 2503 1397 ἡ
2527 1328 2777 1383 οἰκοῦσα
2793 1329 2860 1381 ἐν
2879 1328 3008 1398 ἐμοὶ
3021 1325 3435 1397 ἀμαρτία.οἶδα
3450 1333 3564 1397 γὰρ,
3585 1328 3657 1381 ὅτι

2131 1421 2241 1474 οὐκ
2261 1419 2413 1473 οἰκεῖ
2424 1421 2493 1473 ἐν
2505 1421 2632 1490 ἐμοὶ
2643 1460 2657 1484 ,
2671 1420 2940 1475 τουτέστι
2959 1420 3029 1473 ἐν
3044 1419 3116 1488 τῇ
3131 1421 3311 1488 σαρκί
3323 1437 3454 1488 μου,
3468 1419 3528 1472 τὸ
3542 1420 3661 1488 ἁγα-

2132 1512 2259 1564 θόν·
2277 1509 2448 1582 ὀρθῶς
2469 1509 2659 1578 λέγων.
2678 1510 2966 1582 Μέμνησθε
2981 1510 3108 1582 γὰρ,
3122 1510 3200 1574 ὡς
3217 1512 3270 1562 ἐν
3281 1513 3388 1574 τοῖς
3399 1509 3672 1582 ἔμπροσθεν’

475 1608 721 1655 stitutum
762 1618 776 1654 :
815 1607 875 1654 ut
907 1615 971 1654 ex
1003 1615 1110 1670 quo
1136 1600 1370 1669 primum
1419 1600 1582 1655 homo
1617 1602 1896 1666 seductus,
1934 1601 2027 1656 Dei

2131 1600 2505 1673 διωριζόμεθα,
2537 1601 2630 1671 ἀφ’
2662 1596 2724 1656 οὗ
2773 1601 2862 1654 τὸν
2912 1601 3198 1673 ἄνθρωπον
3229 1600 3548 1671 πλανηθέντα
3577 1599 3656 1672 τὴν

475 1691 784 1744 mandatum
825 1691 1074 1760 violavit,
1111 1691 1255 1755 inde,
1308 1707 1375 1746 ex
1431 1692 1798 1748 inobedientia
1853 1704 2027 1748 ortum

2137 1667 2363 1763 ἐντολὴν-
2376 1667 2636 1762 ἀθετῆσαι
2670 1693 2892 1765 συνέϐη,
2925 1667 3171 1746 ἐντεῦθεν
3199 1695 3263 1746 ἐκ
3289 1667 3397 1763 τῆς-
3419 1667 3660 1763 παρακοῆς

476 1791 777 1854 peccatum,
813 1782 993 1838 sedem
1043 1783 1096 1836 in
1127 1799 1191 1839 eo
1222 1785 1485 1854 posuerit.
1545 1783 1636 1839 Sic
1666 1787 1810 1840 enim
1842 1787 2036 1842 seditio

473 1873 696 1930 conﬂari
723 1875 889 1945 coepit
921 1873 1033 1944 (46)
1087 1887 1200 1930 :ac
1258 1875 1587 1932 turbulentis
1645 1877 2034 1948 agitationibus

473 1967 1002 2038 cogitationibusque
1033 1966 1347 2037 incongruis
1375 1981 1566 2022 sumus
1600 1967 1813 2037 repleti,
1851 1967 2035 2024 divino

473 2059 652 2115 alﬁatu
679 2061 860 2125 vacui,
887 2076 1176 2131 rerumque
1202 2061 1255 2115 in
1283 2060 1512 2116 materia
1532 2069 1585 2114 et
1618 2075 2031 2130 corporearum,

471 2168 633 2222 quam
662 2153 894 2208 callidus
928 2152 1086 2209 nobis
1116 2167 1343 2224 serpens
1373 2151 1691 2218 insulilaret,
1739 2153 2035 2224 cupiditate

474 2243 636 2314 pleni.
693 2241 832 2299 Hinc
882 2242 1045 2308 Deus,
1100 2252 1328 2298 mortem
1357 2259 1464 2314 qua
1495 2243 1698 2299 deleret
1726 2255 2029 2315 peccatum,

473 2335 645 2390 nostri
667 2350 834 2391 causa
857 2336 1208 2405 excogitavit,
1237 2346 1292 2389 ut
1322 2351 1390 2391 ne
1425 2340 1477 2389 in
1511 2337 1670 2391 nobis
1708 2337 2028 2393 immortali.

471 2428 592 2495 bus,
618 2428 1071 2498 quemadmodum
1089 2427 1294 2482 dictum
1322 2437 1427 2492 est,
1457 2426 1834 2497 reﬂorescens,
1868 2432 2031 2486 etiam

470 2521 648 2590 ipsum
689 2521 991 2575 immortale
1023 2528 1188 2575 esset.
1220 2519 1354 2574 Cum
1389 2535 1518 2590 ergo
1568 2520 1643 2574 ait
1683 2520 1980 2591 Apostolus
2013 2542 2028 2579 :

471 2611 595 2666 Scio
622 2613 760 2666 enim
791 2612 927 2682 quod
951 2629 1052 2666 non
1084 2611 1291 2665 habitat
1321 2613 1374 2664 in
1408 2628 1506 2674 me,
1541 2611 1637 2666 hoc
1668 2622 1766 2678 est,
1791 2615 1843 2668 in
1876 2633 2032 2672 carne

472 2719 610 2767 mea,
633 2702 842 2771 bonum,
884 2710 1164 2774 peccatum
1200 2703 1371 2757 voluit
1407 2704 1740 2774 signiﬁcare,
1777 2709 1920 2777 quod
1964 2724 2030 2763 ex

470 2797 561 2850 illa
596 2795 764 2851 divini
801 2795 1038 2850 mandati
1070 2795 1526 2866 transgressione,
1548 2812 1644 2867 per
1676 2799 2029 2869 cupiditatem

468 2887 525 2940 in
559 2899 660 2940 nos
694 2885 968 2940 invectum
998 2893 1082 2940 est
1118 2904 1132 2941 :
1186 2901 1253 2942 ex
1313 2901 1443 2956 quo,
1501 2903 1599 2943 ceu
1652 2889 1776 2944 novi
1807 2890 2027 2961 quidam

473 2976 678 3031 surculi
707 2977 1024 3047 voluptaria:
1061 2992 1160 3033 nos
1189 2976 1570 3048 cogitationes,
1633 2995 1730 3035 ceu
1792 2983 2024 3053 agmine,
2054 3014 2096 3072 α

465 3067 823 3120 circumstant
847 3080 1060 3135 semper
1081 3072 1136 3120 et
1163 3064 1435 3120 obsident.
1485 3064 1580 3121 Est
1611 3067 1755 3120 enim
1787 3067 1841 3121 in
1869 3068 2026 3124 nobis

465 3160 665 3230 duplex
699 3159 1093 3230 cogitationum
1128 3174 1300 3229 genus
1332 3177 1346 3213 :
1383 3158 1530 3212 aliud
1556 3159 1700 3230 quod
1757 3176 1823 3215 ex
1870 3163 2026 3232 cupi-

465 3251 632 3304 ditate
659 3249 776 3314 illa,
803 3248 1052 3303 latitante
1075 3248 1129 3301 in
1161 3263 1390 3318 corpore
1431 3248 1659 3302 excitari
1707 3249 1875 3317 solet;
1906 3266 2028 3321 qua:

464 3338 742 3402 nimirum,
799 3346 856 3392 ut
899 3337 1032 3402 dixi,
1063 3353 1094 3391 a
1130 3337 1322 3394 fraude
1365 3337 1700 3409 artiﬁcioque
1757 3342 2022 3410 procedit,

461 3429 664 3484 addicti
690 3429 928 3484 materia:
955 3429 1180 3499 spiritus
1211 3428 1356 3499 (47);
1393 3429 1537 3484 aliud
1565 3438 1765 3493 autem,
1796 3430 1938 3501 quod
1958 3447 2024 3484 ex

463 3522 581 3592 lege
617 3519 856 3574 mandati
883 3520 1164 3574 derivatur
1203 3539 1217 3576 :
1259 3522 1397 3593 lege,
1432 3523 1677 3592 inquam,
1722 3522 1834 3584 illa,
1863 3538 2022 3593 quam

465 3612 686 3668 insitam
740 3619 794 3666 et
840 3627 870 3664 a
925 3623 1118 3665 natura
1154 3613 1450 3684 ingenitam
1508 3613 1791 3668 hausimus
1830 3631 1842 3666 :
1880 3613 1932 3666 in
1970 3612 2023 3666 id

462 3702 702 3756 animum
727 3701 1054 3756 excitanlem
1084 3710 1598 3772 provocantemque,
1637 3702 1783 3772 quod
1812 3710 1894 3757 est
1921 3704 2022 3756 ho-

462 3802 699 3849 nestum.
762 3793 839 3847 Eo
887 3795 1065 3875 [itaut
1116 3803 1299 3850 mente
1331 3794 1547 3865 quidem
1583 3793 2024 3849 condelectemur

464 3887 564 3957 legi
591 3886 682 3941 Dei
721 3905 734 3942 :
768 3886 871 3940 hoc
895 3889 1039 3941 enim
1062 3895 1146 3942 est
1173 3886 1336 3941 homo
1369 3887 1458 3941 ille
1496 3886 1726 3940 interior
1757 3905 1770 3939 :
1807 3886 2056 3968 cupidi-O

463 3986 574 4034 tate
597 3988 779 4033 autem
813 3995 934 4048 quae
960 3980 1169 4033 habitat
1208 3979 1266 4033 in
1297 3994 1482 4041 carne,
1519 3975 1622 4048 legi
1657 3975 2024 4032 diaboli.Haac

460 4070 606 4124 enim
635 4085 698 4125 ea
725 4069 809 4125 lex
843 4080 926 4126 est
961 4071 1102 4141 (48),
1136 4086 1260 4125 cum
1311 4071 1493 4124 divina
1547 4083 1815 4139 pugnans,
1865 4069 2024 4139 eique

459 4162 754 4227 resistens;
801 4160 877 4214 illi
918 4160 1176 4214 nimirum
1234 4162 1433 4217 mentis
1469 4160 1525 4214 in
1564 4160 1789 4222 bonum,
1825 4159 2024 4230 impul-

459 4253 636 4318 sioni;
669 4267 790 4322 quae
819 4253 1049 4309 vitiosas
1085 4251 1531 4323 faeculentasque,
1557 4259 1610 4306 et
1643 4251 1712 4306 ad
1759 4251 2024 4323 improbi-

457 4351 621 4399 tatem
652 4345 945 4413 dissipatas
971 4343 1332 4416 cogitationes
1356 4345 1628 4415 producit.

525 4451 612 4506 lli.
638 4452 915 4522 Siquidem
943 4453 1237 4525 Apostolus
1290 4463 1402 4510 tres
1449 4455 1671 4509 omnino
1722 4455 1866 4526 leges
1915 4454 2018 4509 hoc

457 4545 657 4601 inloco
679 4543 995 4603 distinxisse
1027 4546 1314 4602 manifeste
1365 4545 1598 4602 videtur.
1636 4544 1752 4600 Una
1790 4547 1880 4600 illa
1908 4553 2011 4610 est,

449 4637 606 4708 juxta
643 4637 865 4693 insitum
908 4639 1068 4696 nobis
1110 4639 1338 4704 bonum,
1391 4653 1554 4709 quam
1604 4645 1790 4708 aperte
1841 4637 2011 4708 legem

2135 1783 2230 1852 τὴν
2259 1781 2530 1853 ἁμαρτίαν
2561 1782 2828 1836 λαϐοῦσαν
2855 1783 3087 1852 γένεσιν,
3115 1785 3198 1846 είς
3220 1782 3377 1835 αὑτὸν
3404 1780 3663 1851 είσῳκηκὲ-

2135 1888 2240 1926 ναι.
2273 1871 2427 1924 Οὕτω
2475 1870 2584 1943 γὰρ
2635 1871 2822 1934 στάσις
2874 1871 3116 1935 ἐνέπεσε,
3155 1870 3473 1942 σφαδασμῶν
3507 1886 3557 1921 τε
3585 1868 3663 1922 καὶ

2133 1961 2406 2032 λογισμῶν
2453 1963 2729 2016 ἀνοικείων
2763 1961 3194 2034 ἐπληρώθημεν·
3233 1961 3534 2023 κενωθέντες
3581 1959 3663 2030 μὲν

2132 2052 2226 2105 τοῦ
2273 2054 2662 2124 ἐμφυσήματος
2695 2052 2786 2105 τοῦ
2818 2051 2974 2115 Θεοῦ,
3008 2052 3383 2124 πληρωθέντες
3423 2051 3475 2103 δέ
3502 2048 3664 2102 ἐπιθυ-

2138 2143 2262 2215 μίας
2310 2142 2519 2214 ὑλικῆς,
2548 2145 2614 2214 ἣν
2655 2144 2683 2195 ό
2732 2142 3064 2222 πολύτροπος
3099 2144 3217 2212 (50)
3267 2141 3570 2210 ἐνεφύσησεν
3600 2139 3666 2201 είς

2135 2236 2278 2304 ἡμᾶς
2309 2233 2452 2302 ὄφις.
2487 2233 2576 2286 Διὸ
2603 2233 2696 2286 καὶ
2723 2233 2813 2286 τὸν
2846 2233 3072 2286 θάνατον
3100 2234 3127 2285 ὁ
3164 2234 3297 2296 Θεὸς
3327 2231 3454 2303 πρὸς
3485 2228 3666 2298 ἀναίρε-

2135 2343 2218 2378 σιν
2261 2324 2360 2394 τῆς
2402 2323 2674 2396 ἁμαρτίας
2721 2324 2860 2394 ὑπὲρ
2897 2323 3055 2394 ἡμῶν
3089 2323 3379 2396 ἀνεύρετο·
3415 2323 3496 2374 ἵνα
3531 2319 3593 2390 μὴ
3618 2320 3664 2369 ὲν

2133 2416 2422 2480 ἀθανάτοις
2469 2419 2599 2489 ἡμῖν
2647 2415 2991 2479 ἀνατείλασα,
3017 2416 3092 2479 ὡς
3137 2416 3297 2486 ἔφην,
3337 2413 3576 2472 ἀθάνανος

2135 2505 2294 2559 Ὅθεν
2337 2509 2366 2560 ὁ
2405 2507 2750 2569 Ἀπόστολος·
2793 2501 2936 2559 οἴδα
2986 2505 3117 2575 γὰρ,
3163 2505 3255 2559 ὅτι
3298 2506 3404 2558 οὐκ
3451 2500 3586 2555 οἰκεῖ
3608 2499 3666 2550 ἐν

2131 2598 2282 2668 ἐμοὶ,
2319 2597 2628 2652 τουτέστιν
2671 2597 2740 2650 ἐν
2775 2595 2848 2665 τῇ
2874 2597 3052 2664 σαρκί
3073 2615 3217 2666 μου,
3262 2597 3327 2650 τὸ
3351 2593 3573 2664 ἀγαθὸν,
3595 2591 3664 2643 λέ-

2131 2707 2261 2758 γων,
2294 2689 2390 2761 τὴν
2434 2690 2541 2742 ἀπὸ
2587 2689 2688 2759 τῆς
2732 2688 3091 2760 παραϐάσεως
3138 2689 3232 2742 διὰ
3271 2689 3365 2758 τῆς
3411 2683 3664 2754 ἐπιθυμίας

2131 2779 2546 2834 εἰσοικισθεῖσαν
2575 2781 2654 2843 εἰς
2682 2780 2828 2850 ἡμᾶς
2863 2779 3135 2849 ἁμαρτίαν
3166 2779 3408 2849 βούλεται
3442 2773 3662 2846 μηνύειν⁸

2129 2867 2196 2944 ἦς
2229 2873 2314 2942 δὴ,
2346 2871 2596 2943 καθάπερ
2629 2871 2982 2943 βλαστήματα
3027 2871 3142 2935 νέα,
3174 2873 3224 2924 οἱ
3267 2870 3519 2941 φιλήδονοι
3561 2863 3666 2936 περὶ

2130 2967 2276 3036 ἡμᾶς
2320 2966 2406 3018 ἀεὶ
2447 2965 2695 3036 λογισμοὶ
2727 2964 3088 3018 συνίστανται,
3126 2963 3296 3016 Δισσὰ
3337 2961 3440 3032 γὰρ
3482 2963 3535 3012 ἐν
3556 2957 3668 3028 ἡμῖν

2129 3056 2403 3128 λογισμῶν
2446 3056 2610 3126 γένηο
2660 3055 2720 3109 τὸ
2749 3055 2849 3127 μὲν
2879 3055 2986 3109 ἀπὸ
3022 3054 3122 3124 τῆς
3154 3051 3441 3122 ἐπιθυμίας
3468 3051 3555 3120 τῆς
3585 3049 3667 3117 ἐμ·

2127 3147 2472 3218 φωλευούσης
2517 3149 2574 3200 ὲν
2628 3146 2706 3217 τῷ
2759 3146 2969 3218 σώματι
3020 3147 3424 3216 συνιστάμενον,
3471 3143 3578 3212 ἥτις
3618 3137 3666 3204 ἐξ

2126 3241 2386 3304 ἐπινοίας,
2417 3239 2491 3303 ὡς
2521 3239 2677 3308 ἔφην,
2715 3238 2939 3308 συνέστη
2982 3237 3076 3291 τοῦ
3126 3237 3316 3292 ὑλικοῦ
3361 3233 3662 3303 πνεύματος·

2125 3331 2186 3385 τὸ
2209 3331 2266 3384 δέ
2295 3331 2400 3384 ἀπὸ
2429 3329 2523 3384 τοῦ
2551 3330 2716 3401 νόμου
2745 3331 2839 3384 τοῦ
2865 3328 3006 3382 κατὰ
3038 3329 3139 3402 τὴν
3166 3327 3405 3398 ἐντολὴν,
3432 3325 3485 3378 ὃν
3522 3322 3665 3393 ἐμφύς

2125 3442 2216 3478 τον
2247 3421 2512 3495 ἐλάϐομεν
2537 3423 2680 3494 ἔχειν
2705 3425 2797 3478 καὶ
2831 3423 3056 3493 φυσικὸν
3092 3423 3260 3494 νόμον
3289 3421 3420 3493 πρὸς
3451 3417 3507 3470 τὸ
3527 3412 3666 3468 καλὸν

2125 3517 2280 3589 ἡμῶν
2311 3516 2650 3587 ἐξεγείροντα
2682 3517 2772 3569 τὸν
2804 3516 3252 3587 λογισμόν.”Οθεν
3297 3515 3362 3584 τῇ
3411 3510 3500 3582 μὲν
3529 3519 3664 3575 νομο·

2125 3610 2279 3680 θεσίᾳ
2324 3609 2415 3662 τοῦ
2463 3609 2596 3661 Θεοῦ
2642 3608 2781 3661 κατὰ
2822 3609 2912 3661 τὸν
2963 3607 3086 3663 νοῦν
3133 3605 3494 3679 συνηδόμεθα·
3535 3597 3664 3651 τοῦτο

2123 3700 2230 3772 γὰρ
2261 3702 2289 3753 ὁ
2317 3699 2423 3752 ἔσω
2451 3699 2733 3770 ἄνθρωπος
2751 3716 2764 3730 ο
2806 3703 2872 3770 τῇ
2914 3700 2971 3753 δὲ
3018 3701 3312 3770 νομοθεσίᾳ
3337 3696 3424 3751 τοῦ
3452 3689 3664 3748 διαϐόλου

2123 3790 2264 3844 κατὰ
2292 3789 2387 3862 τὴν
2419 3791 2727 3845 ἐνοικοῦσαν
2756 3793 3044 3862 ἐπιθυμίαν
3085 3794 3144 3844 ἐν
3191 3795 3257 3863 τῇ
3303 3787 3476 3860 σαρκί.
3493 3786 3543 3837 '0
3573 3779 3664 3849 γὰρ

2124 3882 2671 3953 ἀντιστρατευόμενος
2724 3884 2817 3936 καὶ
2864 3883 3248 3953 ὰντιπράσσων
3295 3880 3370 3950 τῷ
3411 3878 3546 3948 νόμῳ
3582 3867 3662 3924 τοῦ

2123 3971 2276 4036 Θεοῦ,
2306 3966 2417 4024 οἷον
2459 3975 2525 4044 τῇ
2571 3972 2706 4043 πρὸς
2743 3972 2805 4024 τὸ
2833 3971 3034 4040 ἀγαθὸν
3068 3974 3215 4045 ὁρμῇ
3247 3970 3341 4025 τοῦ
3367 3969 3497 4031 νοὸς,
3525 3961 3662 4021 αὑτός

2123 4063 2288 4128 ἐστιν,
2318 4066 2347 4117 ὁ
2372 4064 2496 4127 τοὺς
2520 4063 2783 4134 ἐμπαθεῖς
2807 4063 3060 4135 ἀναφύων
3083 4065 3172 4118 ἀεὶ
3203 4065 3299 4118 καὶ
3318 4061 3522 4122 ὑλικοὺς
3547 4047 3661 4125 πρὸς

2124 4155 2353 4226 ἀνομίαν
2387 4154 2816 4226 περισπασμούς.

2192 4455 2234 4507 Γ
2234 4461 2268 4510 ⁷.
2285 4455 2443 4526 Τρεῖς
2458 4455 2566 4528 γὰρ
2584 4455 2777 4527 νόμους
2791 4457 3176 4528 ὑποτιθέμενος
3195 4460 3224 4512 ὁ
3236 4456 3442 4519 Παῦλος
3463 4455 3658 4521 ἀναφαν-

2121 4542 2208 4598 δὸν
2237 4543 2470 4598 ἐνταῦθά
2500 4563 2586 4616 μοι
2617 4547 3170 4615 καταφαίνεται.Ἔνα
3195 4549 3294 4619 μὲν
3327 4545 3463 4601 κατὰ
3499 4543 3552 4596 τὸ
3575 4539 3660 4608 ἐμ-

2121 4652 2283 4704 φυτον
2334 4637 2390 4689 ἐν
2433 4638 2561 4707 ἡμῖν
2593 4638 2813 4706 ἀγαθὸν,
2841 4639 2900 4692 ὃν
2935 4640 3027 4692 καὶ
3059 4641 3220 4714 νόμον
3248 4638 3432 4710 σαφῶς
3458 4632 3654 4690 ἐκάλεσε

527 4813 574 4848 ⁸⁵
604 4813 904 4886 Ephes.'vi,
931 4816 1020 4881 lt,
1063 4814 1257 4870 43-17.
1335 4814 1377 4846 ⁸⁵
1409 4811 1472 4867 II
1499 4812 1625 4868 Cor.
1659 4828 1715 4877 ι,
1745 4812 1798 4867 5.
1875 4812 1921 4845 ⁸⁸
1945 4811 2023 4880 Ep

2128 4854 2133 4865 .
2164 4828 2238 4877 vi,
2272 4811 2358 4865 12.
2435 4812 2477 4844 ⁸⁷
2499 4811 2648 4866 Rom.
2679 4828 2774 4879 vlt,
2819 4812 2993 4869 15-17.

524 4972 639 5043 (46)
673 4970 762 5043 Sic
789 4974 925 5028 enim
969 4973 1154 5027 seditio
1196 4973 1416 5042 conﬂari
1448 4972 1616 5040 coepit.
1661 4971 1856 5035 Στάσις
1898 4970 2013 5043 ἐνέ-

452 5041 586 5114 πεσε
609 5041 627 5070 ί
658 5041 805 5114 velut
839 5044 999 5098 irruit
1029 5063 1042 5098 :
1084 5041 1298 5114 justum
1324 5045 1479 5112 plane
1503 5045 1778 5113 praemium
1835 5042 2011 5114 rebel-

453 5113 614 5184 lionis
644 5114 699 5168 in
743 5112 930 5171 Deum.
971 5111 1240 5184 lutei-pres
1275 5111 1449 5168 Pliotii
1500 5111 1655 5167 aliter
1697 5113 1904 5183 accepit
1952 5111 2010 5164 τὸ

454 5182 658 5254 στάσις,
693 5199 791 5254 pro
819 5194 962 5240 statu
988 5205 999 5238 :
1034 5182 1131 5240 sed
1158 5186 1339 5237 minus
1367 5185 1634 5254 congruit.

522 5253 634 5319 H7)
671 5253 712 5306 Α
739 5254 925 5321 fraude
959 5256 1285 5324 arti/icioque
1317 5253 1555 5324 procedit
1591 5253 1792 5306 addicti
1839 5262 2006 5324 mate-

452 5321 557 5393 riaj
576 5326 814 5391 spiritus.
855 5327 945 5391 Ἐξ
973 5321 1212 5388 ἐπινοίας
1244 5321 1338 5377 τοῦ
1366 5323 1547 5377 ὑλικοῦ
1573 5324 1895 5393 πνεύματος.
1927 5321 2012 5375 ln-

455 5391 642 5465 lelligii
677 5395 969 5465 diabolum,
1002 5413 1160 5465 quem
1212 5395 1462 5465 superius
1511 5410 1634 5465 cum
1670 5391 2010 5465 Athenagora

451 5459 591 5536 dixit:
638 5463 855 5536 πνεῦμα
901 5459 1033 5536 περϊ
1073 5465 1168 5536 τὴν
1226 5459 1380 5536 ὓλην,
1409 5463 1696 5536 γενόμενον
1761 5459 2008 5536 ὑπὺξτοῦ

451 5529 611 5604 Θεοῦ.
638 5529 797 5604 Velut
844 5529 1225 5604 cum'quadam
1261 5529 1580 5588 habitudine
1609 5535 1674 5586 ad
1705 5531 2008 5604 materiam,

451 5609 504 5655 et
539 5600 614 5654 illi
648 5603 942 5668 addictum,
978 5600 1023 5658 a'
1049 5605 1342 5662 creatione.
1369 5604 1682 5660 Plusculum
1715 5602 1855 5658 forte
1878 5602 2009 5656 dicit

2118 4972 2272 5038 illud,
2300 4970 2526 5026 concreti
2573 4986 2691 5024 cum
2719 4971 2962 5037 materia,
2987 4969 3192 5027 Petavii
3215 4989 3230 5039 ;
3265 4979 3325 5025 ut
3353 4975 3407 5025 et
3433 4974 3654 5031 corpora-

2116 5043 2203 5106 lis,
2237 5041 2466 5114 Schotti.
2561 5110 2571 5114 _
2757 5110 2767 5114 _
2995 5109 3028 5114 _
3084 5110 3099 5114 A
3269 5111 3281 5114 _
3523 5101 3568 5114 ,.

2187 5112 2298 5182 (48)
2340 5111 2383 5163 ll
2393 5127 2464 5166 ωε
2489 5110 2623 5163 enim
2658 5126 2719 5164 ea
2730 5110 2832 5182 lea:
2855 5121 2951 5164 est.
2995 5109 3215 5165 Referre
3269 5111 3460 5182 legent,
3488 5113 3533 5159 et
3557 5109 3657 5182 ipse

2117 5179 2424 5244 contextus,
2448 5189 2501 5235 et
2525 5183 2699 5233 littera
2729 5180 3013 5250 Epiphanii
3041 5197 3144 5250 qua
3165 5179 3654 5250 eXpritnitur,_saus

2118 5252 2315 5306 docent
2349 5268 2361 5302 :
2403 5242 2574 5319 eoque
2606 5242 2863 5305 Sehotids
2888 5242 3071 5305 minus
3089 5252 3222 5304 bene
3240 5242 3448 5304 'retulit
3470 5246 3530 5319 ad
3553 5242 3656 5295 dia-

2118 5323 2298 5376 bolum
2327 5321 2429 5376 sub
2477 5317 2675 5374 diaboli
2731 5323 2948 5376 nomine
2986 5340 2999 5376 :
3037 5321 3301 5374 hactenus
3331 5319 3471 5373 enim
3502 5317 3653 5382 legem

2118 5392 2219 5462 legi
2249 5392 2492 5461 Opponit,
2518 5390 2746 5445 subinde
2774 5392 3119 5462 espositurus
3165 5399 3221 5444 et
3268 5389 3528 5445 divisione
3557 5381 3654 5435 dc-

2116 5463 2441 5532 claraturus,
2467 5462 2774 5532 hujusmodi
2807 5463 2970 5532 leges.

2190 5531 2298 5601 (l9)
2317 5532 2534 5597 Καλός.
2567 5531 2648 5583 Al.
2680 5531 2862 5585 καλὸν.

2187 5595 2296 5674 (50)
2321 5595 2724 5669 Πολύτροπος.
2760 5601 2976 5672 Epiph.,
3005 5617 3062 5656 ιι.
3090 5600 3178 5665 60,
3215 5595 3565 5656 πολύπλοκος.
