3962 6204
285 293 390 350 505

1367 295 1459 351 EX
1498 297 1703 354 LIBRO
1742 296 1828 352 DE
1864 294 2465 353 RESUBRECTIONE.

3412 290 3519 345 ὃυϐ

290 410 559 476 νοό;.Ἔνα
583 409 643 463 δὲ
674 408 769 465 τὸν
800 410 866 465 ἐκ
912 411 1214 484 προσϐολῆς
1265 414 1649 487 συνιστάμενον
1695 415 1849 486 νόμον

1962 416 2160 472 mentis
2183 415 2440 486 appellat.
2471 410 2655 467 Altera
2686 417 2769 466 est
2796 424 2917 481 quae
2964 424 3032 464 ex
3060 406 3380 480 nequissimi
3413 408 3517 462 ima

290 504 381 560 τοῦ
412 500 669 575 πονηροῦ,
702 502 795 557 καὶ⁸
823 504 903 568 εἰς
932 503 1032 568 τὰς
1058 504 1325 576 ἐμπαθεῖς
1356 506 1640 572 ἐξέλκοντα
1673 508 1861 564 πολλά-

286 614 371 659 κις
417 592 717 664 φαντασίας
770 594 866 666 τὴν
915 593 1114 666 ψυχὴν,
1156 595 1216 649 ὃν
1259 597 1742 670 ἐπιστρατεύεσθαι
1783 600 1860 673 τῷ

283 688 439 755 νόμῳ
465 685 569 740 τοῦ
595 685 742 752 νοὸς
768 685 892 757 ἔφη.
926 685 1037 740 Kal
1063 686 1244 758 τρίτον
1289 687 1429 741 κατά
1459 688 1557 761 τὴν
1584 691 1860 763 ἁμαρτίαν

277 778 341 830 ἐκ
390 776 488 846 τῆς
530 775 827 848 ἐπιθυμίας
856 776 1198 849 σκιρὼσαντα
1231 777 1343 850 (51)
1392 780 1449 833 ὲν
1481 782 1545 851 τῇ
1579 783 1760 855 σαρκὶ,
1800 782 1859 837 ὃν

276 865 567 936 ἁμαρτίας
614 867 806 936 νόμον
831 866 1111 920 οίκοῦντα
1147 868 1218 920 ἐν
1245 866 1369 934 τοῖς
1389 868 1645 938 μέλεσιν
1671 868 1861 937 exex:-

278 975 373 1012 σεν
395 976 409 989 ·
438 952 484 1026 ᾧ
502 959 871 1031 ἐποχούμενος
890 958 1150 1023 πολλάκις
1178 957 1301 1013 καθ’
1317 960 1475 1032 ἡμῶν
1490 961 1857 1030 ὲγκελεύεται,

276 1047 415 1121 πρὸς
442 1047 659 1101 ἀδικίαν
697 1048 793 1102 καὶ
823 1046 1052 1120 πράξεις
1079 1047 1419 1104 συνελαύνων
1450 1051 1646 1115 κακάς.
1674 1050 1862 1107 Φαίνε-

270 1157 364 1194 ται
388 1138 500 1211 γάρ
518 1138 596 1202 ὡς
626 1140 841 1204 ἑαυτοῖς
868 1141 1001 1212 ἡμῖν
1026 1139 1088 1193 τὸ
1122 1141 1221 1213 μὲν
1250 1140 1480 1214 βέλτιον,
1510 1143 1571 1196 τὸ
1598 1143 1655 1198 δὲ
1679 1146 1861 1219 χεῖρον

1958 509 2244 578 pressione
2271 505 2527 571 conﬂata,
2558 504 2614 558 in
2640 502 2866 558 vitiosas
2914 501 3110 571 saepius
3164 499 3521 570 cogitationes

1956 608 2011 655 et
2038 599 2357 670 phantasias
2401 599 2643 653 animum
2685 595 2933 666 conjicit,
2967 608 3131 665 quam
3178 592 3282 664 legi
3330 593 3520 648 mentis

1956 690 2229 746 adversari
2256 689 2417 746 dixit.
2475 687 2662 743 Tertia
2693 687 2934 750 demum,
2966 700 3086 755 qua:
3113 699 3212 755 per
3242 694 3521 755 peccatum

1957 798 2020 838 ex
2045 782 2345 854 cupiditate
2368 781 2521 836 carni
2544 779 2835 848 occalluit;
2883 794 3047 851 quam
3079 777 3191 842 ille,
3221 776 3381 848 legem
3411 792 3525 847 pec-

1957 875 2065 928 cati
2096 874 2425 929 habitantem
2458 874 2514 927 in
2543 871 2791 927 membris
2849 870 3070 935 nostris,
3118 868 3335 926 vocavit
3370 887 3385 924 :
3433 867 3523 923 eui

1957 968 2124 1022 etiam
2155 966 2436 1039 improbus
2469 966 2560 1024 ille
2593 965 2767 1022 hostis
2800 963 3042 1020 insidens
3072 962 3208 1034 (55),
3253 972 3396 1032 saepe
3427 959 3524 1015 ad-

1957 1074 2178 1117 versum
2198 1074 2300 1117 nos
2328 1059 2553 1125 excitat,
2584 1067 2748 1130 atque
2791 1057 2860 1113 ad
2904 1056 3231 1127 injustitiam
3266 1054 3523 1113 scelesta-

1958 1169 2065 1223 que
2098 1153 2341 1207 facinora
2369 1151 2666 1222 compellit.
2698 1149 2831 1205 Nam
2863 1150 3022 1221 quasi
3064 1149 3224 1206 nobis
3250 1148 3384 1221 ipsis
3409 1146 3522 1219 (54)

268 1233 355 1287 δν.
392 1231 508 1287 Καὶ
537 1233 666 1287 ὅταν
706 1232 875 1306 μέλλῃ
919 1233 980 1287 τὸ
1030 1233 1236 1304 βέλτιον
1281 1234 1439 1305 φύσει
1485 1235 1580 1289 τοῦ
1622 1236 1861 1309 χείρονος

267 1323 709 1396 ἐγκρατέστερον
734 1323 1049 1397 γενηθῆναι,
1089 1326 1312 1400 φέρεται
1341 1328 1461 1394 ὅλος
1485 1330 1620 1401 πρὸς
1641 1331 1702 1385 τὸ
1724 1331 1863 1401 ἀγα-

267 1416 365 1469 θὸν
407 1417 439 1469 ό
481 1415 641 1482 νοῦς·
687 1416 816 1472 ὅταν
849 1416 904 1471 δὲ
928 1418 991 1471 τὸ
1030 1421 1210 1491 χεῖρον
1250 1420 1504 1493 ἐπιϐρίσῃ
1538 1422 1858 1489 πλεονάσαν,

264 1509 464 1578 ἄγεται
494 1507 658 1564 πάλιν
690 1510 1057 1582 ἀντιστρόφως
1105 1511 1244 1584 πρὸς
1276 1511 1565 1584 λογισμοὺς
1613 1516 1861 1589 χείρονας

263 1601 296 1655 ό
329 1601 639 1674 ἄνθρωπος.
673 1593 748 1655 Οὗ
789 1602 856 1674 δὴ
896 1603 993 1657 καὶ
1021 1603 1181 1675 χάριν
1222 1605 1251 1657 ὁ
1290 1605 1611 1671 ’Λπόστολος
1643 1606 1861 1679 εὔχεται

260 1692 539 1765 ρυσθῆναι
568 1733 585 1759 ,
638 1692 864 1747 θάνατον
914 1693 1047 1749 αὐτὸ
1106 1694 1199 1748 καὶ
1259 1694 1477 1766 ὄλεθρον
1522 1696 1854 1769 ἡγούμενος·

1958 1243 2107 1299 aliud
2137 1258 2261 1299 esse
2286 1242 2524 1308 videtur,
2552 1241 2700 1313 quod
2733 1241 2805 1298 sit
2828 1240 3046 1304 melius,
3084 1241 3232 1296 aliud
3256 1240 3399 1312 quod
3436 1239 3523 1295 de-

1961 1332 2132 1395 terius
2157 1332 2250 1389 sit.
2278 1330 2526 1404 Cumque
2547 1332 2601 1387 id
2632 1331 2773 1403 quod
2799 1339 2994 1386 natura
3016 1330 3232 1396 melius,
3266 1330 3523 1386 deteriori

1950 1425 2239 1497 potentius
2268 1439 2392 1481 esse
2423 1424 2695 1488 debuerit,
2729 1438 2884 1479 mens
2930 1430 3044 1479 tota
3075 1422 3196 1493 ipso
3232 1422 3436 1491 impetu
3466 1421 3525 1476 in

1962 1516 2167 1572 bonum
2204 1513 2399 1575 fertur.
2437 1513 2576 1570 Cum
2607 1520 2786 1568 autem
2820 1512 2874 1567 id
2907 1511 3052 1582 quod
3082 1518 3165 1566 est
3194 1509 3370 1582 pejus,
3392 1526 3525 1567 exu-

1959 1609 2158 1664 berans
2183 1622 2284 1665 suo
2300 1607 2542 1680 pondere
2567 1604 2923 1678 depresserit,
2946 1612 3060 1661 tum
3090 1604 3307 1660 demum
3331 1620 3399 1659 ex
3426 1605 3525 1658 ad-

1959 1714 2119 1756 verso
2146 1700 2204 1755 in
2232 1700 2532 1756 deteriores
2556 1699 2916 1771 cogitationes
2956 1712 3197 1768 praeceps
3250 1698 3432 1767 agitur
3462 1706 3526 1751 ac

261 1783 461 1855 ὥσπερ
493 1783 559 1856 δὴ
584 1784 679 1839 καὶ
710 1787 739 1839 ό
767 1785 1055 1857 προφήτης
1075 1802 1090 1817 ⁸
1144 1787 1278 1842 Ἀπὸ
1302 1787 1420 1843 τῶν
1447 1790 1714 1859 κρυφίων
1738 1808 1849 1861 μου

1962 1792 2214 1847 trahitur.
2246 1791 2425 1864 Atque
2449 1807 2515 1848 ea
2551 1806 2719 1847 causa
2762 1800 2847 1847 est
2877 1806 2977 1846 cur
3013 1788 3333 1861 Apostolus,
3377 1802 3526 1841 mor-

260 1874 609 1944 καθὰρισόν
637 1893 735 1946 με,
767 1876 958 1946 λέγων.
992 1878 1140 1932 Αὺτά
1183 1874 1277 1933 οὖν
1318 1879 1388 1934 τὰ
1440 1883 1659 1954 ῥήματα
1697 1883 1849 1937 τοῦτο

1962 1890 2069 1937 tem
2097 1882 2389 1952 quamdam
2423 1889 2477 1937 et
2520 1881 2748 1937 exitium
2791 1895 2904 1935 rem
2939 1879 3259 1941 arbitratus,
3308 1876 3524 1931 liberari

262 1967 566 2020 πνιστῶσι
590 1983 604 1997 ο
635 1965 978 2037 Συνήδομαι
1002 1969 1113 2045 γᾴρ
1141 1967 1222 2035 τῷ
1252 1972 1413 2041 νόμῳ
1437 1972 1544 2025 τοῦ
1584 1973 1732 2028 Θεοῦ
1753 1990 1849 2028 κα-

1961 1990 2022 2031 se
2067 1981 2252 2045 optet;
2302 1972 2765 2044 quemadmodum
2831 1971 2998 2028 etiam
3051 1968 3346 2040 Propheta,
3398 1982 3526 2022 cum

257 2060 335 2111 τὰ
361 2057 472 2111 τὸν
494 2057 640 2122 ἔσω,
672 2057 940 2127 λέγοντος,
966 2059 1280 2128 ἄνθρωπον
1297 2078 1311 2091 ·
1344 2061 1556 2127 ,βλέπω
1579 2063 1632 2117 δ’
1653 2064 1849 2134 ἕτερον

1960 2066 2036 2120 ait
2058 2065 2153 2120 “:
2194 2064 2274 2118 Ab
2321 2063 2539 2120 occultis
2601 2064 2728 2117 meis
2785 2061 2983 2116 munda
3046 2068 3144 2116 me.
3195 2059 3342 2116 Istud
3379 2058 3527 2114 enim

254 2150 455 2219 νόμον
484 2148 612 2214 τοῖς
635 2148 852 2218 μέλεσι
869 2168 1009 2220 μου,
1033 2152 1643 2225 ἀντιστρατευὶτμενον
1660 2155 1743 2223 τῷ
1762 2158 1849 2213 νό-

1957 2159 2123 2215 verba
2150 2158 2269 2229 ipsa
2296 2173 2409 2229 pra:
2437 2173 2498 2213 se
2522 2156 2704 2213 ferunt
2743 2176 2756 2212 :
2790 2155 3134 2212 Condelector
3161 2155 3324 2217 enim,
3350 2152 3527 2223 inquit

249 2259 357 2309 μῳ
381 2240 492 2294 τοῦ
518 2241 664 2308 νοός
684 2259 825 2311 μου,
860 2243 956 2296 καὶ
982 2246 1493 2314 αἰχμαλωτίζοντά,
1504 2265 1582 2317 με
1599 2247 1679 2315 τῷ
1693 2249 1849 2319 νόμῳ

1961 2245 2028 2312 ⁸³,
2064 2245 2161 2317 legi
2182 2244 2278 2300 Dei
2297 2245 2582 2300 secundum
2605 2247 2902 2300 interiorem
2924 2246 3204 2299 hantinem.
3237 2242 3396 2298 Video
3426 2259 3527 2298 au-

253 2350 374 2401 της
389 2333 708 2402 ἁμαρτίας,
733 2333 813 2399 τῷ
842 2334 968 2389 ὄντι
996 2335 1065 2389 ἐν
1093 2336 1218 2404 τοῖς
1233 2338 1452 2408 μέλεσι
1475 2358 1616 2409 μου.
1649 2342 1849 2395 Ταλαι-

1960 2346 2063 2392 tem
2093 2338 2258 2391 aliam
2287 2338 2447 2409 legem
2469 2338 2526 2392 in
2552 2338 2799 2393 membris
2828 2339 2978 2403 meis,
3030 2346 3400 2407 repugnantem
3427 2337 3527 2409 legi

252 2443 461 2495 :zwpoc
488 2426 607 2498 ἐγὼ
637 2426 981 2495 ἀνθρωποςέ
1020 2430 1111 2497 Τίς
1133 2449 1211 2501 με
1229 2432 1481 2500 ῥύσεται
1509 2433 1577 2487 ἐκ
1599 2434 1706 2488 τοῦ
1736 2432 1849 2489 σώ-

1958 2429 2144 2483 mentis
2173 2445 2322 2497 meae,
2344 2437 2395 2484 et
2419 2430 2773 2498 captivantem
2809 2446 2891 2484 me
2921 2428 3021 2501 legi
3050 2431 3276 2500 peccati,
3305 2446 3422 2500 qua:
3448 2439 3528 2485 est

252 2537 450 2590 ματος
480 2520 592 2574 τοῦ
625 2520 886 2577 θανάτου
917 2523 1169 2588 tantoa;
1195 2524 1269 2577 Οὐ
1312 2524 1374 2578 τὸ
1421 2520 1583 2596 σῶμα
1623 2524 1849 2581 θάνατον

1956 2522 2011 2577 in
2040 2520 2286 2577 membris
2306 2523 2459 2577 meis.
2484 2521 2686 2596 Infelix
2701 2539 2796 2593 ego
2824 2522 3014 2577 homo!
3056 2521 3187 2589 Quis
3216 2538 3297 2577 me
3335 2521 3528 2576 libera<

251 2613 727 2685 ἀποφαινόμενος,
762 2613 897 2668 ἀλλὰ
923 2614 1015 2668 τὸν
1044 2616 1209 2687 νόμον
1238 2616 1341 2688 τῆς
1372 2618 1645 2691 ἁμαρτίας
1671 2619 1763 2673 τὸν
1792 2619 1849 2673 ὲν

1956 2613 2032 2668 bit
2074 2613 2138 2668 de
2182 2630 2402 2684 corpore
2445 2615 2632 2670 martis
2676 2615 2881 2684 hujus?
2940 2613 3153 2681 Quibus
3185 2628 3293 2668 non
3327 2628 3528 2683 corpus

249 2707 376 2769 τοῖς
406 2704 621 2776 μέλεσι,
648 2704 735 2759 διά
762 2705 862 2777 τῆς
895 2706 1260 2778 παραϐάσεως
1306 2709 1364 2763 ὲν
1397 2711 1529 2782 ἡμῖν
1572 2710 1853 2781 ἐμφωλεύ-

250 2816 410 2865 οντα,
436 2799 537 2852 καὶ
570 2798 710 2870 πρὸς
739 2798 966 2853 θάνατον
987 2800 1075 2853 ἀεὶ
1102 2799 1241 2873 [τὸν]
1269 2801 1366 2873 τῆς
1394 2801 1609 2867 ἀδικίας
1630 2801 1727 2874 τὴν
1749 2802 1853 2873 ψυ-

250 2891 363 2962 χὴν
411 2890 1153 2964 ὲμφαντάζοντα.Ἐπιφέρει
1197 2891 1328 2962 γοῦν
1378 2893 1600 2960 εὐθέως,
1656 2894 1849 2967 ἀμέλει

248 2982 636 3053 διαλυόμενος,
671 2983 852 3036 ὁποίου
896 2983 1127 3038 θανάτου
1170 2983 1412 3055 ἐγλίχετο
1443 2983 1726 3057 ῥυσθῆναι,
1755 2985 1850 3039 καὶ

250 3078 346 3139 τῖς
374 3075 538 3129 αὐτὸν
572 3077 602 3129 ὁ
630 3076 893 3148 ῥυόμενος
917 3072 985 3148 ἦν
1011 3094 1024 3107 ·
1057 3076 1236 3146 Χάρις
1265 3077 1333 3131 δὲ
1355 3077 1433 3144 τῷ
1467 3076 1590 3143 Θεῷ
1618 3076 1714 3132 διὰ
1741 3076 1848 3132 τοῦ

1956 2716 2187 2762 mortem
2236 2708 2580 2778 pronuntiat,
2630 2707 2725 2762 sed
2756 2707 2964 2777 peccati
3008 2707 3178 2777 legem
3207 2720 3329 2777 quae
3353 2711 3438 2761 est
3471 2706 3526 2761 in

1958 2798 2237 2863 membris,
2271 2798 2329 2853 in
2370 2799 2574 2869 quibus
2600 2814 2631 2853 a
2662 2799 2864 2853 violato
2896 2797 3152 2853 mandato
3196 2812 3296 2853 ceu
3325 2796 3528 2852 latibu-

1954 2886 2069 2942 lum
2096 2887 2278 2954 habet,
2313 2904 2416 2945 nec
2454 2890 2700 2944 animum
2734 2888 2803 2944 ad
2831 2888 3115 2959 injustitiae
3150 2896 3402 2954 mortem,
3429 2905 3527 2944 va-

1954 2980 2055 3037 riis
2102 2980 2428 3053 imaginibus
2475 2981 2774 3047 illudendo,
2807 2981 3026 3037 trahere
3071 2982 3291 3039 desinit.
3330 2980 3525 3039 Statim

1953 3087 2085 3143 ergo
2113 3071 2279 3128 infert
2308 3093 2321 3128 :
2356 3074 2615 3130 nimirum
2675 3075 3035 3145 quaestionem
3089 3074 3399 3159 dissolvens
3428 3072 3527 3129 de-

260 3167 474 3235 Ἰησοῦ
500 3167 783 3236 Χριστοῦ.
812 3168 1150 3240 Προσεκτέον
1173 3168 1250 3233 δὲ,
1278 3170 1326 3222 εί
1353 3168 1414 3222 τὸ
1441 3168 1599 3240 σῶμα
1623 3167 1849 3223 θάνατον

1953 3165 2277 3235 claransque
2298 3164 2411 3238 (55)
2439 3181 2547 3237 qua
2573 3173 2748 3222 morte
2774 3174 2998 3238 cuperet
3028 3167 3270 3231 liberari,
3289 3175 3342 3222 et
3365 3181 3397 3220 a
3414 3180 3527 3237 quo

247 3260 439 3322 τοῦτο,
460 3253 509 3313 ὦ
546 3259 857 3330 ’Δγλαοφῶν
874 3260 1008 3333 (52),
1031 3262 1107 3326 ὡς
1136 3261 1497 3334 ὑπειλήφατε,
1518 3262 1723 3333 ἔλεγεν,
1748 3265 1849 3317 οὐκ

1953 3256 2267 3314 liberandus
2298 3267 2443 3314 esset
2475 3277 2488 3313 :
2525 3256 2737 3324 Gratia,
2771 3260 2972 3329 inquit,
3024 3258 3132 3314 Deo
3166 3259 3279 3332 (56)
3312 3274 3403 3329 per
3427 3256 3523 3314 Je-

250 3350 323 3404 ἂν
370 3351 464 3403 τὸν
508 3351 768 3424 Χριστὸν,
792 3351 868 3416 ὡς
916 3352 1179 3424 ῥυόμενον
1223 3354 1384 3409 αὑτὸν
1413 3353 1635 3428 ὕστερον
1661 3357 1725 3409 ἐκ
1752 3354 1848 3410 τοῦ

1953 3370 2070 3409 sum
2099 3352 2369 3411 Christum
2399 3354 2472 3410 ⁷ο.
2507 3353 2720 3425 Quippe
2748 3354 3035 3427 diligenter
3081 3353 3518 3410 animadversum

248 3443 509 3497 τοιούτου
556 3443 753 3510 κακοῦ,
801 3445 1408 3517 παρελάμϐανεν.Ἐπεὶ
1449 3447 1502 3500 τί
1547 3447 1848 3521 παράδοξον

1953 3447 2114 3504 velim
2149 3466 2163 3507 :
2199 3448 2247 3504 si
2280 3462 2481 3519 corpus
2501 3447 2627 3513 hoc,
2659 3455 2721 3502 ut
2743 3447 3091 3511 existimatis,
3125 3462 3158 3502 ο
3181 3446 3520 3517 Aglaophon,

247 3537 373 3590 ἀπὸ
389 3535 488 3589 τοῦ
508 3536 748 3610 Χριστοῦ
772 3538 870 3609 τῆς
892 3538 1191 3610 παρουσίας
1214 3536 1527 3611 ἐσχήκαμεν
1549 3557 1565 3607 ;
1589 3522 1655 3594 Τί
1673 3540 1729 3594 δὲ
1754 3542 1847 3595 καὶ

1953 3546 2182 3595 mortem
2242 3537 2495 3604 dixisset,
2555 3538 2976 3610 haudquaquam
3030 3537 3269 3599 Christi,
3328 3544 3388 3590 ut
3435 3537 3521 3592 sui

248 3630 279 3682 ὁ
310 3628 641 3693 Ἀπόστολος
663 3628 821 3693 ὅλως,
845 3629 921 3694 ὡς
943 3628 1032 3683 διὰ
1050 3630 1151 3700 τῆς
1165 3631 1471 3703 ’παρουσίας
1493 3631 1588 3686 τοῦ
1610 3632 1844 3705 Χριστοῦ

1953 3632 2301 3704 postmodum
2340 3634 2409 3688 ab
2446 3631 2716 3703 ejusmodi
2748 3632 2891 3687 malo
2920 3629 3254 3695 liberatoris,
3284 3630 3521 3684 mentio-

249 3719 668 3791 δυναμούμενος
693 3720 786 3775 τοῦ
808 3720 1036 3775 θανάτου
1066 3721 1171 3775 ὑπὸ
1192 3721 1285 3776 τοῦ
1307 3721 1441 3777 Θεοῦ
1482 3723 1844 3797 ὲλευθερωθῆ-

1953 3736 2076 3781 nem
2107 3724 2406 3781 facturum.
2442 3725 2659 3797 Alioqui
2694 3726 2839 3780 enim
2892 3723 3023 3794 quid
3055 3722 3215 3778 nobis
3247 3721 3524 3792 singulare

249 3831 371 3877 ναι,
386 3811 549 3866 τοῦτο
569 3812 866 3883 ἐφθέγγετο
881 3830 894 3844 ’
919 3815 1079 3867 ὁπότε
1099 3815 1233 3867 πᾶσι
1256 3814 1348 3867 καὶ
1369 3813 1475 3886 πρὸ
1495 3814 1588 3869 τοῦ
1609 3816 1700 3870 τὸν
1720 3817 1845 3887 Χρι-

1953 3817 2280 3873 accessisset
2332 3816 2536 3873 Christi
2587 3817 2861 3872 adventu?
2916 3814 3059 3881 Quid
3119 3830 3249 3871 vero
3297 3814 3521 3868 omnino

253 3906 390 3960 στὸν
415 3904 589 3959 ἐλθεῖν
626 3906 707 3969 είς
730 3906 820 3959 τὸν
848 3906 1049 3976 κόσμον
1076 3905 1355 3961 συνέϐαινε
1378 3906 1661 3978 θνήσκειν;
1685 3907 1846 3961 Ὥστε

1953 3907 2267 3977 Apostolus,
2307 3907 2467 3977 quasi
2499 3905 2704 3962 Christi
2737 3905 3026 3976 praesentia
3060 3904 3436 3967 conﬁrmatus,
3461 3910 3521 3958 ut

250 3999 322 4053 οὐ
365 3996 428 4051 τὸ
474 3997 630 4068 σῶμα
668 3996 847 4063 τοῦτο,
871 3990 916 4051 ὧ
949 3997 1280 4069 Ἀγλαοφῶν,
1309 3997 1555 4066 θάνατον,
1579 3998 1713 4053 ἀλλά
1749 3999 1847 4073 τὴν

1956 3999 2050 4056 Dei
2082 3999 2346 4056 beneﬁcio
2372 4009 2602 4056 mortem
2631 3998 2770 4055 liber
2797 3996 3071 4063 evaderet,
3104 3995 3248 4052 istud
3278 4010 3521 4067 pronun-

331 4152 381 4185 ⁸⁸
406 4150 561 4209 Paul.
584 4167 740 4218 xvm,
775 4152 861 4208 15.
942 4152 986 4185 ⁸⁸
1020 4151 1174 4209 Rom.
1205 4153 1517 4219 vn,22-24.
1595 4154 1642 4187 ⁷⁸
1666 4153 1793 4208 ibid.
1824 4153 1913 4210 25.

315 4312 455 4399 .(5l)
487 4308 741 4379 Σκιρώσ.
766 4308 1176 4382 Σκιρρώσαντα.
1207 4310 1402 4381 Epiph.
1427 4326 1484 4366 ιι.
1514 4310 1605 4375 61,
1666 4312 1846 4369 ἐνσκι-

260 4398 542 4456 ρωσαντα.

338 4453 455 4523 (52)
498 4454 661 4522 Ἀτλ.
711 4450 901 4523 Sirm.,
957 4451 1324 4523 Ἀγλαόφρων,
1369 4460 1429 4507 ut
1480 4458 1643 4523 paulo
1687 4457 1834 4521 post.

259 4524 337 4578 At
369 4521 707 4592 Epiphanius
738 4522 962 4591 ubique,
1006 4521 1341 4592 Ἀγλαοφῶν.

341 4589 455 4661 (53)
476 4589 588 4647 'Cui
606 4592 767 4647 etiam
797 4589 1064 4659 improbus
1090 4591 1181 4645 ille
1224 4590 1391 4644 hostis
1441 4590 1695 4645 insidens.
1749 4589 1843 4661 Sic

262 4660 429 4734 ctare
449 4664 592 4734 apud
636 4662 1022 4734 Epiphanium,
1080 4661 1367 4734 referendo
1399 4660 1699 4734 diabolum,
1748 4660 1842 4731 qui

267 4731 515 4793 invadat,
551 4749 616 4788 ac
649 4731 798 4788 velut
841 4733 1105 4801 inequitet
1136 4731 1442 4801 cupiditati.
1500 4731 1621 4801 ejus
1652 4731 1707 4785 in
1740 4747 1842 4787 nos

267 4813 456 4858 motus
489 4803 833 4858 inordinatos
866 4800 1224 4858 suecendens.
1261 4800 1397 4855 Male
1424 4816 1553 4871 ergo
1582 4800 1841 4871 Schottus

266 4876 457 4953 retulit
490 4873 556 4928 ad
600 4874 899 4940 hominem,
944 4873 1065 4943 ipso
1109 4872 1273 4929 etiam
1326 4870 1661 4944 repugnante
1698 4870 1843 4927 Pho-

266 4952 419 4998 uano
438 4953 718 5000 contextu.

342 5013 617 5085 (altilium
648 5015 801 5085 quasi
848 5012 994 5067 nobis
1021 5013 1169 5081 ipsis.
1196 5082 1207 5085 _
1234 5011 1320 5075 Ὠς
1347 5013 1591 5085 ἑαυτοῖς,
1622 5012 1745 5085 vel,
1782 5021 1842 5067 ut

268 5081 681 5155 apirdEpiplL,
745 5083 919 5155 the?»
975 5085 1108 5155 ἡμῖν
1149 5082 1351 5155 αὐτοῖς,
1385 5084 1551 5155 quod
1579 5082 1634 5137 in
1694 5081 1836 5155 idem

271 5153 431 5210 redit.
462 5153 948 5224 Signiﬁcaturista
984 5153 1195 5208 bonitas
1245 5154 1327 5207 vel
1388 5154 1614 5224 malitia,
1666 5161 1744 5224 ut
1781 5153 1836 5208 in

271 5228 429 5281 nobis
489 5220 554 5279 ac
601 5240 770 5307 penes
816 5223 1104 5307 judicium.
1140 5232 1421 5307 nostrum.
1470 5220 1838 5307 sequentibus

270 5313 399 5350 vero
422 5294 647 5365 exponit
669 5295 966 5365 discrimen
998 5301 1180 5365 motus
1210 5294 1375 5348 animi
1409 5294 1462 5348 in
1484 5294 1541 5365 id
1562 5295 1706 5365 quod
1740 5309 1837 5348 na-

270 5378 389 5420 tura
411 5363 612 5419 honum
637 5373 742 5427 est,
770 5373 823 5418 et
852 5364 903 5418 id
935 5363 1079 5435 quod
1103 5373 1308 5419 tantum
1344 5365 1413 5418 ab
1439 5363 1722 5419 effectione
1751 5365 1837 5435 hic

268 5444 327 5491 et
362 5452 506 5491 nunc
529 5437 659 5491 boni
691 5433 1154 5490 rationem’induit
1188 5454 1201 5489 :
1236 5443 1293 5488 ut
1323 5436 1375 5488 in
1411 5435 1542 5489 illud
1574 5443 1721 5489 totus
1758 5434 1835 5489 fe-

266 5517 440 5574 ratur,
461 5508 612 5563 velut
640 5523 743 5562 suo
771 5508 886 5576 ipse
910 5504 1179 5576 pondere;
1230 5505 1283 5559 in
1306 5504 1437 5558 illud
1471 5506 1616 5559 velut
1649 5504 1835 5558 traha-

272 5586 363 5631 tur
392 5593 456 5633 ac
497 5579 553 5633 vi
587 5577 823 5648 quadam
876 5584 1109 5648 agatur:
1139 5577 1243 5648 sic,
1269 5576 1413 5629 enim
1468 5576 1557 5629 illa
1608 5576 1833 5648 φέρεται

272 5657 331 5699 et
359 5650 567 5717 ἄγεται,
603 5646 816 5703 delectu
846 5646 1181 5716 signiﬁcant;
1203 5646 1316 5717 sive
1367 5646 1701 5717 postremum
1750 5663 1835 5702 re-

279 5714 415 5773 ferat
432 5720 524 5774 σὺν
556 5718 703 5783 νοῦν,
740 5725 799 5771 ut
829 5714 1003 5787 poiest
1030 5715 1315 5787 commode
1341 5715 1482 5787 apud
1529 5714 1781 5787 Photium
1814 5736 1827 5773 :

281 5789 388 5845 sive
413 5790 500 5844 τὸν
532 5785 844 5861 ἄνθρωπον,
871 5793 929 5842 ut
948 5794 1031 5843 est
1058 5786 1196 5857 apud
1224 5785 1603 5859 Epiphanium.
1629 5785 1762 5844 Nam
1780 5796 1832 5845 et

1950 4309 2156 4383 homini
2186 4309 2487 4383 violentum
2516 4318 2621 4376 est,
2648 4311 2794 4382 quod
2808 4311 2949 4383 Aejus
2981 4311 3175 4383 potiori
3222 4311 3385 4383 parti,
3422 4308 3518 4365 καὶ

1950 4380 2026 4451 τῷ
2049 4383 2106 4434 ὲν
2138 4380 2287 4454 αῦτῷ
2307 4380 2757 4454 ἡγεμονικῷίνῖω
2800 4380 2951 4454 facit.
2982 4380 3515 4454 'Neuler'interpres

1950 4450 2082 4523 satis
2114 4450 2337 4507 videtur
2356 4450 2497 4506 hanc
2523 4450 2876 4509 Methodianae
2903 4453 3118 4523 phrasis
3146 4450 3215 4506 ad
3248 4453 3517 4508 intentum

1946 4521 2630 4595 Apost_ol_i_._proprletatem
2654 4521 3016 4595 expressisse.

2020 4590 2783 4663 (55l'Nimirumquwstionem
2800 4591 3086 4647 dissolvens
3118 4592 3511 4663 declaransgue,

1943 4661 2050 4717 etc.
2094 4662 2309 4734 Ἀμέλει
2343 4661 2709 4733 διαλυόμενος.
2743 4663 2803 4717 ιη
2842 4663 2982 4718 idem
3021 4663 3159 4717 redit
3211 4664 3351 4785 apud
3382 4661 3512 4731 Epi-

1944 4732 2204 4785 nhanium
2250 4749 2306 4785 η.
2342 4732 2433 4785 62.
2478 4733 2540 4785 τὸ
2572 4732 2973 4785 διαλεγόμενος.
3012 4734 3160 4785 velut
3202 4750 3229 4785 e
3268 4733 3510 4785 isserens.

1944 4732 2204 4804 phanium
2250 4749 2306 4788 η.
2342 4732 2433 4796 62,
2478 4733 2540 4804 τό
2572 4732 2973 4804 διαλεγόμενος,
3012 4734 3160 4789 velut
3202 4732 3510 4804 edisserens.

1945 4802 2205 4875 Schottus
2228 4819 2355 4858 vero
2385 4802 2573 4875 nescio
2598 4819 2706 4873 qua
2732 4802 3043 4875 parenthesi
3059 4802 3512 4875 totuminvolvit,

1937 4873 2161 4959 jamque
2192 4882 2411 4959 repente
2457 4872 2747 4959 liberatum
2780 4873 3009 4959 Paulum
3044 4889 3204 4959 quem
3231 4872 3510 4959 hactenus

1941 4945 2310 5016 captivitatem
2353 4950 2671 5016 querentem
2705 4944 3024 5016 habuimus,
3062 4944 3293 5016 inducit.

2012 5010 2122 5086 (56)
2148 5014 2339 5086 Gratia
2371 5010 2510 5069 'Deo.
2547 5013 2758 5086 llabent
2794 5017 2954 5086 modo
2989 5014 3176 5086 Graeca
3205 5010 3513 5086 εὐχαριστῶ

1940 5084 2017 5156 τῷ
2048 5084 2189 5156 Θεῷ.
2223 5102 2325 5142 nec
2348 5096 2433 5142 est
2468 5085 2758 5141 verisimile
2792 5085 2959 5143 fuisse
2980 5088 3032 5140 in
3069 5085 3175 5140 illis
3213 5084 3508 5156 quidquam

1943 5151 2247 5226 mutatum:
2283 5171 2346 5212 ac
2371 5172 2469 5211 nec
2510 5163 2758 5211 nostrum
2794 5157 3152 5226 interpretem
3184 5151 3288 5212 sibi
3330 5151 3512 5226 indul-

1941 5225 2100 5289 sisse.
2132 5226 2277 5296 quod
2302 5228 2390 5283 hic
2421 5226 2701 5286 Schottus.
2734 5236 2792 5280 ut
2823 5223 2957 5294 grati
2992 5225 3159 5280 animi
3190 5223 3510 5296 expres§i0~

1939 5311 2061 5351 nem
2086 5292 2256 5361 illam,
2288 5298 2341 5353 in
2382 5297 2627 5351 benelicii
2657 5292 3010 5352 assertionem
3030 5292 3342 5353 mutaverit.
3377 5292 3513 5350 Cre-

1940 5365 2168 5438 diderim
2201 5383 2331 5438 ergo
2363 5367 2687 5429 reddidisse,
2722 5375 2779 5420 ut
2819 5367 3156 5438 lllethudiana
3186 5366 3254 5420 ad
3284 5365 3510 5438 verbum

1936 5436 2179 5492 habent:
2219 5436 2403 5492 Gratia
2430 5438 2559 5496 Deo.
2591 5438 2736 5507 quod
2772 5438 3022 5500 subinde,
3043 5436 3513 5507 scriptorumdim-

1939 5508 2375 5577 peritia‘mutato
2406 5527 2436 5564 ο
2468 5509 2520 5562 in
2554 5505 2813 5571 i,’Gratia
2855 5507 2949 5561 Dei
3002 5505 3337 5567 l’actumsit.
3372 5505 3514 5565 Nam

1935 5585 1992 5633 et
2040 5577 2404 5651 Hieronymus
2447 5586 2642 5648 quaest.
2678 5578 2733 5651 8_.
2785 5578 2852 5651 ad
2897 5578 3175 5651 Algasiam
3225 5578 3300 5651 ita
3338 5578 3515 5651 legit;

1936 5663 2037 5775 Ero
2065 5665 2173 5718 quo
2203 5646 2645 5732 posteareperit,
2689 5646 2901 5730 Gratias
2944 5646 3041 5722 ago
3071 5649 3196 5704 Deo.
3239 5646 3415 5704 Plura'
3445 5646 3517 5709 Ρ.

1983 5735 2113 5775 ucas
2150 5719 2463 5775 Bruaensrs.
2490 5718 2672 5775 Estius
2702 5730 2754 5775 et
2775 5722 2885 5775 aln.

1983 5735 2113 5777 ucas
2150 5718 2463 5794 Brugensis,
2490 5718 2672 5778 Estius
2702 5730 2754 5777 et
2775 5721 2885 5776 alii.
