3972 6212
329 257 435 315 309

1429 258 1521 314 EX
1558 259 1764 316 LIBRO
1797 257 1886 313 DE
1924 258 2532 318 RESURRECTiONE.

3490 269 3596 327 3ἰο

329 373 495 442 δγκον
526 371 624 442 τῆς
663 371 890 444 δρυάδος
920 375 1425 431 καταναλίσκουσιν.
1471 377 1667 449 Ἐχρῆν
1695 377 1824 450 γὰρ,
1866 395 1892 429 ε

2020 392 2050 430 a
2084 377 2362 432 radicibus
2387 377 2690 434 ascendens
2726 388 2894 446 terra,
2943 380 3290 452 Iignesceret,
3331 391 3390 438 ut
3415 389 3598 443 omnis

331 457 530 535 ἀληθὲς
566 460 652 533 ἦν,
693 464 784 518 διὰ
828 464 935 518 τῶν
983 467 1148 538 ῥιζῶν
1193 469 1560 540 ἀνερχομένην
1609 467 1912 534 ἀποξυλοῦ-

333 558 455 612 σθαι
483 558 592 626 (6'2)
627 557 725 630 τὴν
761 559 884 630 γῆν,
918 559 1132 614 ἅπαντα
1158 561 1249 614 τὸν
1285 561 1416 632 περὶ
1449 560 1588 614 αὐτὰ
1612 560 1776 616 τόπον
1809 563 1910 634 τῆς

328 654 431 722 γῆς
454 653 841 717 κοιλαίνεσθαι,
870 655 952 706 ὅτι
984 655 1057 726 μὴ
1086 656 1359 728 ὲπιρῤἐειν
1385 655 1594 724 πέφυκε
1627 655 1688 708 τὸ
1723 654 1906 728 ξηρὸν,

325 744 578 815 καθάπερ
599 745 694 798 καί
718 745 778 798 τὸ
806 747 990 816 ὑγρὸν,
1025 747 1112 800 ἀεὶ
1142 749 1276 819 πρὸς
1308 748 1369 800 τὸ
1396 747 1730 819 κινούμενον.
1769 749 1908 821 Ἤδη

320 835 380 888 δὲ
416 837 510 888 καὶ
550 838 731 899 συκαὶ,
764 837 856 890 καὶ
894 837 1028 891 ἄλλα
1061 838 1284 892 τοιαῦτα
1322 837 1498 908 φυτὰ,
1535 839 1812 910 μνημείων
1853 841 1909 893 ὲν

322 927 579 997 οἰκοδομή
590 943 724 996 μασι
751 927 1010 992 πολλὰκις
1033 929 1430 1000 βλαστήσαντα,
1457 931 1608 984 οὐδὲν
1636 933 1714 995 εἰς
1743 932 1911 986 ἑαυτὰ

319 1017 424 1088 τῆς
463 1018 749 1090 οίκοδομῆς
791 1020 926 1084 ὅλως
968 1021 1307 1094 ἱστοροῦνται
1338 1023 1802 1093 κατηναλωκέναι.
1846 1023 1908 1076 Ei

319 1109 456 1178 γοῦν
490 1111 628 1164 ἐτῶν
658 1111 868 1164 πολλῶν
900 1113 1317 1184 συλλογίσασθαί
1346 1132 1428 1178 τις
1455 1115 1544 1170 τὸν
1575 1114 1785 1187 καρπὸν
1808 1115 1908 1168 αὺ-

318 1203 432 1257 τῶν
461 1205 558 1258 καὶ
589 1204 658 1257 τὰ
699 1205 874 1274 φύλλα
907 1206 1216 1280 βουληθείη,
1262 1209 1469 1262 κατίδοι
1501 1208 1566 1263 ἂν
1599 1208 1906 1262 πολλαπλα-

320 1295 477 1350 σίονα
519 1296 618 1366 τῆς
660 1297 891 1351 ἐπὶτῶν
940 1300 1220 1370 μνημείων
1251 1299 1354 1370 γῆς
1397 1300 1490 1353 τὸν
1538 1300 1701 1369 ὄγκον
1731 1299 1909 1353 αὐτῶν

315 1387 711 1457 γεγενημένον.
755 1387 917 1441 Ὅθεν
963 1388 1312 1444 ἀτοπώτατον
1352 1391 1600 1463 ἡγεῖσθαι
1645 1391 1743 1461 τὴν
1782 1391 1912 1464 γῆν,

317 1481 400 1541 εἰς
433 1479 663 1551 καρπῶν
701 1479 874 1552 φορὰν
905 1481 1384 1555 μεταϐαλλομένην
1411 1485 1504 1536 καὶ⁹
1541 1482 1716 1553 φύλλα
1771 1503 1909 1541 κατ-

309 1569 722 1624 αναλίσκεσθαιο
752 1569 854 1623 κᾶν
902 1569 969 1623 δι’
1019 1571 1190 1642 αὐτῆς
1239 1571 1452 1626 ἅπαντα
1502 1572 1708 1641 γίνεται
1770 1572 1904 1640 (63),

314 1655 451 1726 ἕδρᾳ
487 1657 622 1728 αὐτῇ
659 1657 928 1730 χρώμενοι
965 1661 1060 1713 καὶ
1093 1661 1262 1732 τόπῳ.
1297 1661 1428 1716 Οὐδὲ
1454 1661 1560 1734 γὰρ
1590 1664 1752 1735 ἄρτος
1787 1664 1910 1734 δίχα

317 1747 492 1818 μύλου
522 1750 618 1802 καὶ
643 1751 830 1809 τόπου.
863 1753 954 1804 καὶ
983 1753 1198 1824 χρόνου,
1235 1753 1328 1807 καὶ
1356 1755 1527 1826 πυρὸς
1557 1755 1782 1824 γίνεται·
1815 1757 1909 1810 καὶ

311 1841 470 1894 οὐδέν
496 1843 645 1895 ἐστιν
671 1841 703 1913 ἢ
732 1843 940 1911 γίνεται
968 1845 1175 1898 τούτων
1209 1847 1236 1899 ὁ
1267 1847 1449 1920 ἄρτος.
1479 1849 1589 1902 Καὶ
1617 1848 1710 1900 ἐπὶ
1735 1845 1908 1901 ἄλλων

313 1934 536 2004 μυρίων
564 1933 845 1998 ὡσαύτως.

383 2022 461 2078 Ε’.
487 2025 608 2078 Ὀτι
625 2028 714 2092 τὸ,
729 2025 986 2095 Οἴδαμεν
1000 2027 1131 2096 γὰρ,
1156 2028 1258 2094 ὡς,
1284 2027 1394 2083 ἐὰν
1409 2031 1445 2098 ἡ
1466 2031 1726 2103 ἐπίγειος
1741 2033 1910 2104 ἡμῶν

306 2116 471 2170 οἰκία
505 2117 612 2171 τοῦ
645 2117 916 2186 σκήνους
949 2119 1282 2190 καταλυθῇ,
1310 2123 1404 2176 καὶ
1439 2123 1584 2195 ἐξῆςο
1613 2127 1661 2178 οἱ
1697 2127 1906 2197 Ὠριγε-

307 2210 492 2262 νισταὶ
540 2211 621 2273 εἰς
661 2209 940 2282 ἀναίρεσιν
973 2212 1071 2282 τῆς
1101 2213 1209 2265 τῶν
1255 2214 1524 2284 σωμάτων
1561 2216 1906 2281 ἀναστάσεως

308 2301 730 2372 προϐάλλονται,
759 2303 952 2374 σκῆνος
979 2303 1040 2360 τὸ
1068 2303 1245 2376 σῶμα,
1273 2305 1364 2358 καὶ
1403 2307 1808 2380 ἀχειροποίητον
1847 2312 1905 2364 ὲν

308 2397 564 2467 οὐρανοῖς
583 2398 778 2464 οἰκίαν,
804 2400 870 2452 τὰ
901 2401 1029 2470 παρ’
1062 2399 1239 2453 αὐτῶν
1263 2402 1608 2472 πνευματικὰ
1635 2403 1904 2476 ἐνδύματα

309 2488 585 2557 λέγοντες.
618 2491 730 2556 Διὸ,
776 2491 940 2563 φησιν
981 2493 1010 2544 ὁ
1052 2492 1205 2559 ἅγιος
1233 2492 1516 2558 Μεθόδιος,
1545 2495 1784 2564 ἐπίγειον
1825 2499 1902 2552 oi-

308 2582 440 2634 κίαν
491 2581 589 2653 τὴν
642 2583 874 2637 ἐνταῦθα
929 2583 1216 2656 βραχύϐιον
1260 2584 1405 2656 ζωὴν
1449 2590 1899 2659 καταχρηστικῶς

307 2673 568 2746 ληπτέον,
610 2676 703 2730 καὶ
741 2678 802 2729 ού
852 2677 914 2730 τὸ
943 2677 1142 2747 σκῆνος
1181 2677 1358 2731 τοῦτο.
1399 2679 1462 2732 Ei
1510 2679 1618 2751 γὰρ
1660 2683 1899 2750 ἐπίγειον

300 2766 489 2820 οίκίαν
532 2768 937 2839 καταλυομένην
977 2768 1036 2822 τὸ
1070 2768 1228 2840 σῶμα
1271 2770 1514 2824 τίθεσθαι
1542 2772 1702 2825 αὑτὸν
1747 2775 1900 2845 νομί-

299 2859 466 2923 ζετε·
521 2861 784 2928 φράσατε,
819 2861 880 2913 τὸ
920 2862 1115 2932 σκῆνος
1149 2862 1201 2914 τί
1234 2864 1405 2928 ἐστιν,
1455 2856 1516 2916 οῦ
1553 2867 1585 2935 ὴ
1618 2866 1764 2919 οίκία
1797 2885 1896 2920 κα-

297 2950 600 3016 ταλύεται;
631 2952 855 3023 Ἕτερον
887 2952 994 3024 γὰρ
1023 2954 1084 3007 τὸ
1113 2955 1329 3025 σκῆνος,
1363 2955 1456 3009 καὶ
1487 2955 1612 3009 ἄλλο
1639 2956 1732 3010 τοῦ
1764 2959 1897 3030 σκή-

298 3059 434 3106 νους
463 3045 498 3113 ἡ
541 3043 717 3095 οἰκία·
766 3045 862 3097 καὶ⁸
890 3044 1076 3116 ἕτερον
1119 3048 1299 3117 ἡμεῖς,
1332 3039 1405 3100 ὧν
1439 3047 1555 3100 ἐστι
1582 3047 1642 3100 τὸ
1674 3048 1891 3120 σκῆνος.

312 3134 456 3187 Ἐὰν
489 3133 599 3203 τὰρ
629 3135 666 3202 ἡ
705 3135 966 3206 ἐπίγειος
998 3134 1168 3206 ἡμῶν
1208 3138 1387 3204 οἰκία,
1417 3137 1572 3210 φησι,
1602 3138 1707 3193 τοῦ
1744 3139 1896 3207 σκή-

295 3242 456 3291 νους
479 3227 787 3296 καταλυθῇ
805 3246 818 3258 °
853 3225 963 3282 οἷον
991 3230 1140 3300 ἡμᾶς
1171 3230 1270 3300 μὲν
1297 3228 1394 3294 τὰς
1426 3228 1602 3301 ψυχὰς
1631 3226 1769 3285 εἶναι
1800 3231 1894 3304 δη-

296 3317 521 3382 λώσας’
563 3320 759 3390 σκῆνος
801 3320 858 3373 δὲ
905 3320 966 3374 τὸ
1010 3319 1199 3392 σῶμα·
1239 3320 1416 3374 οἰκίαν
1443 3321 1499 3374 δὲ
1532 3321 1625 3375 τοῦ
1661 3323 1893 3393 σκήνους

2015 469 2442 540 circumquaque
2477 469 2630 525 locus
2666 478 2995 540 cavaretur;
3026 473 3172 544 quod
3209 482 3446 545 nequeat
3472 491 3596 533 cor-

2015 575 2117 630 pus
2146 558 2383 624 aridum,
2418 557 2593 612 instar
2618 560 2939 616 substantiae
2965 562 3220 627 humidae,
3269 564 3336 618 ad
3371 565 3424 620 id
3449 569 3596 637 quod

2012 663 2262 706 movetur
2283 657 2337 706 et
2371 647 2516 704 cedit
2555 649 2695 714 loco,
2724 654 2982 707 continuo
3024 654 3166 709 velut
3195 653 3424 720 alnum,
3449 674 3583 713 con-

2014 743 2257 799 tendere.
2296 742 2414 798 Jam
2445 761 2572 800 vero
2593 745 2756 800 etiam
2789 745 2924 802 ﬁcus
2951 747 3324 820 videmus(64)
3352 750 3594 822 aliasque

2013 834 2280 903 ejusmodi
2307 836 2528 906 stirpes,
2561 838 2856 894 exstructis
2887 841 3257 896 monumentis
3289 841 3591 898 adnascen—

2013 935 2116 989 tes.
2144 932 2203 980 ut
2240 926 2378 982 nihil
2403 927 2629 982 omnino
2652 927 2867 983 :ediﬁcii
2900 929 2957 983 in
2979 946 3036 986 se
3070 929 3222 1000 ipsas
3243 943 3588 990 convertant.

2014 1016 2071 1073 Si
2089 1019 2213 1090 quis
2231 1035 2363 1076 sane
2394 1020 2571 1076 editos
2593 1022 2778 1077 multis
2800 1024 2960 1078 annis
2984 1022 3196 1080 fructus
3226 1022 3462 1097 foliaque
3478 1027 3593 1082 col-

2010 1113 2178 1184 ligere
2206 1115 2480 1177 statuerit,
2516 1115 2710 1170 multis
2744 1115 2994 1184 partibus
3029 1109 3332 1173 auctiorem
3369 1119 3589 1185 molem,

2010 1209 2155 1258 terra
2186 1206 2554 1261 monumentis
2587 1216 2804 1277 aggesta
2844 1210 3202 1278 perspexerit.
3238 1209 3592 1270 Absurdissi-

2008 1311 2157 1350 mum
2188 1311 2318 1367 ergo
2350 1304 2454 1361 est,
2481 1298 2822 1364 existimare,
2842 1307 3047 1356 terram
3067 1303 3121 1356 in
3140 1301 3417 1360 fructuum
3436 1307 3591 1362 uber-

2006 1393 2177 1443 tatem
2208 1386 2446 1459 l‘oliaque
2479 1390 2731 1445 consumi
2767 1408 2783 1457 ;
2816 1406 3132 1462 quanquam
3173 1410 3268 1465 per
3292 1395 3433 1451 hanc
3459 1398 3593 1453 ﬁant

2008 1481 2212 1546 omnia,
2277 1481 2460 1538 sedem
2492 1482 2607 1554 ipsa
2639 1493 2694 1540 et
2722 1483 2902 1539 locum
2955 1494 3268 1556 praestante.
3323 1487 3458 1544 Nam
3493 1506 3593 1546 ne-

2008 1589 2114 1644 que
2139 1575 2294 1645 panis
2343 1576 2464 1632 sine
2495 1577 2638 1632 mola
2693 1576 2776 1642 ﬁt,
2807 1578 2925 1634 sine
2953 1579 3095 1643 loco,
3121 1581 3240 1636 sine
3269 1588 3515 1652 tempore
3536 1589 3592 1637 et

2007 1667 2154 1737 igni:
2209 1684 2310 1724 nec
2348 1677 2532 1726 tamen
2568 1670 2767 1725 borum
2801 1670 3006 1743 aliquid
3031 1679 3115 1727 est
3163 1680 3259 1726 aut
3303 1672 3364 1728 fit
3409 1673 3590 1745 panis.

2008 1757 2166 1826 Quod
2192 1761 2374 1833 ipsum
2397 1763 2455 1818 in
2484 1764 2762 1821 sexcentis
2793 1764 2916 1822 aliis
2939 1764 3230 1837 contingit.

2080 2021 2147 2079 ν.
2179 2022 2295 2079 Hoc
2320 2022 2504 2080 Pauli:
2533 2022 2742 2080 Scimus
2775 2024 2935 2090 enim,
2959 2023 3212 2094 quoniam
3244 2025 3292 2078 si
3321 2026 3586 2080 terrestris

2007 2115 2193 2171 domus
2221 2128 2405 2172 nostra
2433 2116 2760 2171 tabernaculi
2785 2115 3110 2170 dissolvatur
3129 2115 3198 2181 ⁷³,
3229 2123 3337 2171 etc.
3397 2115 3590 2188 Orige»

2005 2210 2166 2266 nista:
2188 2209 2253 2264 ad
2289 2209 2584 2264 tollendam
2608 2224 2900 2281 corporum
2920 2208 3382 2265 resurrectionem
3412 2209 3587 2281 profe-

2004 2310 2136 2358 runt
2165 2341 2181 2368 ,
2210 2302 2477 2366 dicentes,
2503 2301 2924 2357 tabernaculum
2951 2317 3075 2357 esse
3095 2317 3334 2374 corpus;
3363 2303 3585 2358 domum

2004 2403 2186 2450 autem
2216 2411 2326 2450 non
2356 2409 2523 2452 manu
2573 2395 2776 2449 factam
2806 2394 2862 2448 in
2894 2394 3071 2460 ccelis,
3105 2411 3226 2465 qua:
3257 2395 3333 2450 illi
3359 2395 3586 2450 commi-

2003 2489 2292 2543 niscuntur
2331 2489 2598 2559 spiritalia
2648 2487 2990 2542 indumenta.
3044 2486 3182 2542 Hinc
3209 2487 3342 2543 dicit
3375 2487 3434 2544 S.
3472 2487 3586 2544 Me-

2001 2581 2244 2646 tliodius,
2276 2596 2372 2651 per
2388 2588 2705 2635 terrestrem
2738 2579 2986 2643 domum,
3009 2579 3229 2634 brevem
3262 2579 3402 2634 hanc
3416 2579 3584 2634 vitam

2001 2674 2228 2728 abusive
2274 2672 2684 2744 intelligendam
2719 2687 2868 2738 ;nou
2887 2686 3020 2726 vero
3041 2687 3164 2727 esse
3192 2673 3296 2726 hoc
3326 2672 3586 2728 taberna-

1999 2766 2204 2821 culum.
2234 2765 2292 2821 Si
2321 2767 2489 2830 enim,
2520 2764 2720 2835 inquit,
2748 2779 2845 2834 per
2874 2771 3191 2819 terrestrem
3227 2765 3449 2820 domum
3473 2765 3584 2822 dis-

1997 2859 2336 2924 solvendam,
2367 2872 2570 2926 corpus
2601 2867 2850 2910 nostrum
2883 2857 2952 2911 ab
2981 2871 3047 2910 eo
3087 2856 3314 2927 intelligi
3343 2857 3582 2926 putatis;

1995 2951 2126 3025 quid
2144 2953 2554 3007 tabernaculum
2569 2951 2887 3016 sit,docete,
2906 2949 3064 3020 cujus
3087 2948 3283 3004 domus
3305 2950 3376 3003 sit
3393 2947 3585 3004 disse!-

1995 3044 2169 3102 venda
2196 3043 2219 3097 ?
2261 3043 2422 3099 Aliud
2453 3044 2601 3100 enim
2632 3054 2717 3099 est
2757 3043 3192 3107 tabernaculum,
3223 3039 3368 3094 aliud
3405 3040 3585 3095 taber-

1993 3136 2179 3192 naculi
2208 3136 2404 3191 domus
2442 3154 2456 3192 :
2486 3143 2541 3191 et
2569 3134 2720 3189 aliud
2756 3149 2856 3188 nos
2878 3173 2893 3199 ,
2931 3146 3164 3204 quorum
3202 3139 3286 3186 est
3325 3130 3581 3186 taberna-

1993 3231 2197 3287 culum.
2232 3229 2293 3286 Si
2335 3231 2495 3292 enim,
2538 3228 2736 3298 inquit,
2769 3225 3030 3282 terrestris
3065 3225 3253 3278 domus
3285 3231 3467 3277 nostra
3499 3232 3584 3276 ta-

1995 3323 2262 3380 bernaculi
2318 3322 2694 3376 dissolvatur:
2746 3321 2932 3386 velut,
2989 3333 3112 3374 esse
3160 3331 3285 3380 nos,
3323 3315 3579 3383 animas;

294 3406 403 3477 τὴν
430 3407 576 3461 κατὰ
600 3410 695 3480 τὴν
729 3409 1010 3480 παροῦσαν
1042 3411 1186 3483 ζωὴν
1213 3410 1510 3465 ἀπόλαυσιν
1538 3412 1637 3483 τῆς
1668 3412 1891 3484 σαρκὸς,

2001 3414 2410 3472 tabernaculum
2452 3421 2657 3478 autem,
2687 3427 2922 3482 corpus;
2949 3408 3285 3464 tabernaculi
3322 3423 3451 3463 vero
3481 3409 3582 3462 do.

294 3500 603 3569 τροπικῶς.
666 3501 790 3555 Ἐὰν
823 3499 916 3557 οῦν
951 3505 983 3575 ὴ
1014 3503 1109 3557 νῦν
1138 3503 1201 3576 δὴ
1251 3503 1390 3576 αὕτη
1435 3507 1468 3578 ἠ
1501 3504 1594 3558 τοῦ
1641 3504 1893 3576 σώματος

294 3593 424 3665 ζωὴ
471 3594 624 3664 δίκην
655 3595 830 3657 οἰκίας
858 3596 1155 3668 καταλυθῇ,
1201 3597 1394 3670 ἕξομεν
1441 3597 1538 3670 τὴν
1571 3599 1628 3651 ὲν
1655 3601 1768 3662 τοῖς
1800 3599 1892 3651 οὑ-

297 3688 493 3756 ρανοῖς
527 3687 962 3760 ἀχειροποίητον.
1014 3689 1506 3759 Ἀχειροποίητον,
1537 3690 1690 3762 φησι,
1715 3690 1804 3744 διὰ
1833 3689 1894 3744 τὸ

290 3779 686 3849 χειροποίητον
733 3779 937 3851 ταύτην
974 3779 1226 3850 λέγεσθαι
1268 3782 1366 3853 τὴν
1399 3781 1564 3855 ζωὴν,
1617 3781 1759 3836 κατὰ
1803 3783 1895 3835 ἀν-

291 3869 666 3940 τιδιαστολὴν,
711 3872 862 3942 παρὰ
911 3873 971 3927 τὸ
1017 3874 1196 3928 πάντα
1241 3875 1398 3946 ἡμῶν
1444 3877 1514 3931 τὰ
1561 3878 1895 3948 κοσμήματα

294 3964 394 4015 καὶ
447 3962 838 4031 σπουδάσματα
887 3965 982 4018 τοῦ
1037 3966 1152 4037 βίου
1205 3969 1362 4038 χερσὶ
1415 3968 1771 4040 παλαμᾶσθαι
1801 3970 1895 4023 ἀν-

293 4053 566 4128 θρώπων.
599 4056 672 4108 Τὸ
699 4058 807 4128 γὰρ
839 4057 1017 4129 σῶμα,
1044 4059 1433 4132 δημιούργημα
1458 4061 1702 4132 ὑπάρχον
1733 4059 1891 4126 Θεοῦ,

291 4147 688 4219 χειροποίητον
735 4149 794 4201 οὐ
859 4149 1099 4217 λέγεται,
1149 4152 1230 4205 ὃτι
1265 4153 1341 4223 μὴ
1389 4153 1716 4226 ὲπαλαμήθη
1763 4153 1890 4224 τέχ-

296 4255 429 4301 ναις
453 4237 780 4310 ἁνθρώπων.
807 4241 869 4294 Εἰ
897 4241 974 4304 δὲ,
1005 4241 1138 4296 διότι
1171 4244 1276 4297 ὑπὸ
1300 4244 1433 4298 Θεοῦ
1464 4245 1892 4318 ὲδημιουργήθη,

292 4331 685 4404 χειροποίητον
746 4333 877 4386 αὐτὸ
931 4333 1179 4399 λέξουσι·
1235 4337 1600 4408 χειροποίητοι
1643 4338 1750 4409 ἄρα
1801 4338 1894 4391 καὶ

293 4425 355 4477 αί
391 4423 586 4494 ψυχαὶ,
635 4423 803 4497 [καὶ]
845 4428 892 4479 οἱ
943 4427 1184 4496 ἄγγελοι,
1219 4430 1314 4481 καὶ
1358 4428 1429 4482 τὰ
1474 4429 1768 4501 ἐνδύματα,
1825 4430 1896 4485 τὰ

293 4519 357 4570 ἐν
383 4520 500 4579 τοῖς
525 4517 791 4587 οὐρανοῖς.
819 4517 954 4570 Θεοῦ
983 4518 1091 4591 γὰρ
1120 4519 1662 4593 αὑτουργήματακαὶ
1685 4521 1879 4575 ταῦτα.

2001 3523 2174 3572 minui,
2197 3509 2382 3561 carnis
2417 3520 2642 3560 usuram
2689 3504 2743 3558 in
2773 3504 2884 3557 vita
2917 3501 3194 3574 praesenti,
3222 3500 3501 3554 moraliter
3526 3505 3581 3554 et

2001 3615 2167 3657 sensu
2217 3597 2450 3669 spiritali
2482 3595 2894 3667 signiﬁcaverit.
2932 3592 2989 3648 Si
3019 3607 3149 3664 ergo
3183 3591 3297 3646 hac
3331 3590 3580 3661 corporis

2000 3693 2110 3749 vita
2144 3692 2318 3746 instar
2341 3689 2538 3744 domus
2572 3689 2935 3750 dissolvatur,
2977 3685 3215 3740 habituri
3251 3697 3442 3737 sumus
3479 3681 3579 3736 do-

2000 3799 2150 3839 mum
2199 3783 2346 3837 illam
2377 3796 2486 3837 non
2517 3797 2683 3835 manu
2715 3780 2916 3836 factam
2962 3778 3014 3832 in
3049 3777 3228 3833 cmlis.
3267 3773 3437 3829 Vocat
3474 3789 3580 3830 non

2001 3890 2162 3928 manu
2192 3873 2412 3942 factam,
2455 3870 2775 3926 diﬂ‘erentize
2828 3883 3042 3934 causa;
3098 3865 3246 3938 quod
3293 3867 3403 3920 vita
3460 3863 3577 3919 hac

2001 3969 2123 4025 ideo
2153 3982 2316 4022 manu
2351 3966 2491 4020 facta
2525 3964 2762 4027 dicatur,
2785 3962 2931 4034 quod
2963 3961 3142 4016 omnis
3175 3959 3295 4030 ejus
3312 3960 3494 4014 cultus
3521 3967 3577 4014 et

2000 4052 2200 4119 studia,
2231 4053 2509 4107 hominum
2535 4052 2788 4106 manibus
2816 4050 3276 4104 administrentur
3299 4058 3353 4104 et
3386 4065 3577 4121 geran-

1993 4154 2102 4200 tur.
2137 4144 2274 4199 Natn
2309 4159 2529 4214 corpus,
2562 4157 2687 4197 cum
2716 4142 2791 4196 sit
2814 4139 2906 4196 Dei
2961 4139 3260 4210 Opiﬁcium,
3300 4154 3409 4194 non
3439 4139 3575 4194 dici-

1991 4246 2083 4294 tur
2107 4253 2272 4292 manu
2300 4235 2527 4297 factum,
2563 4233 2711 4304 quod
2738 4248 2844 4288 non
2880 4233 2951 4288 sit
2973 4240 3090 4286 arte
3125 4233 3363 4285 humana
3398 4233 3570 4286 mani-

1991 4331 2094 4386 bus
2123 4329 2488 4386 eﬂ'ormatum.
2508 4324 2666 4395 Quod
2704 4327 2751 4382 si
2787 4325 2910 4380 ideo
2931 4338 3134 4394 corpus
3148 4321 3386 4377 dixerint
3408 4339 3570 4379 manu

1990 4425 2218 4490 factum,
2250 4423 2400 4496 quod
2427 4421 2558 4476 illud
2594 4420 2738 4475 Deus
2767 4419 2837 4474 sit
2861 4430 3124 4488 operatus
3151 4458 3166 4483 ,
3201 4417 3362 4487 plane
3393 4417 3574 4486 sequi-

1990 4529 2102 4583 tur,
2135 4525 2195 4573 ut
2221 4527 2276 4574 et
2309 4517 2525 4580 animae,
2557 4507 2610 4570 et
2643 4512 2838 4583 angeli,
2873 4511 3099 4580 ipsaque
3129 4510 3184 4563 in
3217 4509 3373 4565 caelis
3403 4510 3573 4581 spiri-

296 4607 402 4670 Τίς
443 4603 537 4661 οὖν
568 4610 718 4661 ἐστιν
753 4612 786 4680 ή
836 4612 1208 4682 χειροποίητος
1238 4612 1419 4682 οίκία;
1467 4615 1529 4669 Ἡ
1572 4614 1886 4688 βραχύϐιος,

2001 4612 2126 4668 talia
2150 4609 2494 4678 indumenta,
2527 4621 2695 4662 manu
2729 4603 2873 4659 facta
2899 4603 3174 4658 dicantur.
3210 4601 3347 4656 Nam
3367 4609 3421 4657 et
3454 4601 3583 4667 illa,

263 4760 277 4831 ;
369 4762 418 4794 τ·
451 4761 517 4816 ιι
547 4760 674 4820 Cor.
697 4782 750 4830 ν,
787 4765 838 4819 ι.

299 4925 416 4992 tur,
453 4927 548 4972 aut
589 4928 737 4975 certe
775 4921 958 4976 minus
1000 4922 1335 4992 percipiatur
1380 4923 1741 4979 subtractum.
1784 4923 1879 4978 Vi-

299 4989 494 5063 demus
525 5005 689 5063 quam
721 5006 924 5063 paucos
945 4989 1178 5055 cineres,
1205 5009 1328 5063 quae
1363 4995 1475 5050 fere
1501 5003 1717 5049 terrena
1745 4996 1880 5050 sub-

299 5060 510 5137 stantia
532 5061 587 5114 in
625 5061 1100 5137 combustibilibus
1145 5060 1251 5127 est,
1289 5068 1482 5137 ingens
1526 5066 1880 5137 silvarelin-

299 5135 474 5199 quat:
497 5133 681 5188 inesse
698 5149 830 5188 vero
857 5134 1150 5204 plurimum
1173 5137 1316 5191 aeris
1335 5133 1648 5201 arboribus,
1678 5136 1885 5192 indicat

374 5333 489 5404 (62)
532 5335 736 5398 Ἀποξ.
773 5335 936 5392 Sirm.
971 5337 1382 5402 ἀναξυλοῦσθαι.

374 5405 493 5477 (63)
524 5407 786 5460 Γίνεται.
831 5406 944 5470 AL,
974 5407 1250 5476 γίνωνται.
1281 5408 1348 5463 Et
1384 5424 1511 5463 mox
1552 5409 1710 5478 forte,
1739 5429 1806 5485 χρ
1824 5412 1883 5464 1i-

520 5545 684 5622 Ficus
703 5547 952 5612 videmus,
976 5556 1082 5604 etc.
1105 5548 1366 5620 Accipere
1397 5551 1606 5622 aliquid
1633 5569 1662 5608 e
1695 5552 1873 5622 parie-

299 5615 451 5671 tibus
482 5618 1106 5694 quibusadnascuntur,
1147 5615 1462 5694 huj'usmodi
1490 5615 1612 5678 sive
1654 5615 1873 5694 caprili—

298 5701 420 5749 cos,
473 5688 591 5761 sive
637 5690 836 5760 stirpes
883 5693 1040 5756 alias,
1091 5688 1287 5761 prteter
1334 5693 1460 5755 alia,
1494 5694 1657 5748 etiam
1710 5688 1866 5749 ruina

1992 4924 2204 4986 levitas,
2237 4939 2345 4994 qua
2389 4920 2744 4994 etiamraquis
2777 4926 3173 4994 supematant’;
3207 4931 3404 4994 aquam
3437 4931 3584 4974 vero

1996 5003 2196 5064 prmter
2225 4990 2330 5049 alia
2364 4993 2606 5048 ostendit
2639 4990 2829 5070 earum
2851 4990 3046 5070 'virens
3077 4990 3344 5051 luxuries,
3381 4993 3569 5070 matu-

1989 5062 2282 5137 ratumque
2305 5071 2680 5136 augmentum,
2705 5063 2909 5134 quibus
2931 5062 3069 5117 locis
3089 5075 3245 5131 aqua:
3272 5062 3432 5130 copia
3452 5073 3570 5112 ma-

1989 5147 2141 5190 nant.

1992 5339 2266 5409 lapidibus
2315 5339 2650 5410 intrusisque
2683 5339 2740 5394 in
2781 5339 2958 5410 locum
2980 5333 3563 5410 cmmentiradicibus,

1987 5406 2218 5488 ejusque
2255 5419 2490 5488 ersucto
2512 5406 2693 5488 terreo
2721 5409 3034 5488 pinguiore;
3075 5417 3134 5461 ut
3163 5406 3358 5488 debeat
3391 5421 3566 5488 quan-

1985 5476 2166 5550 quue
2198 5482 2377 5551 paries
2407 5480 2604 5536 infesta
2627 5476 2964 5551 plantatione
2980 5476 3366 5551 depurgaudus
3389 5476 3559 5540 dirui.

1982 5548 2270 5624 novusque
2309 5548 2646 5624 instaurari;—
2684 5551 2830 5624 quod
2873 5549 2989 5624 ipse
3028 5548 3333 5624 Methodius
3373 5562 3568 5602 exeun-

1981 5624 2151 5692 plum,
2180 5621 2234 5678 in
2259 5632 2523 5690 nostram,
2552 5622 2800 5692 stirpitus
2830 5621 3111 5678 evellendo
3143 5629 3384 5692 peccato,
3417 5634 3571 5680 mor.

1979 5690 2108 5753 tem.
2132 5690 3070 5766 secuturamque,resurrectionem,
3087 5690 3303 5765 egregie
3329 5690 3386 5746 in
3405 5703 3542 5759 stipo

303 5757 564 5828 ostendit,
600 5757 763 5832 quam
794 5761 1022 5836 tandem
1073 5757 1304 5821 idilicio
1339 5763 1591 5832 aﬂ‘erunt,
1623 5765 1868 5837 disjectis
1971 5766 2212 5824 rioribus
2239 5757 2479 5824 deducit.
