3962 6204
430 284 532 343 Si!

1401 284 1459 342 S.
1502 284 1835 343 METIIODII
1865 284 2173 344 EPlSCOl’l
2214 286 2303 341 ΕΤ
2344 286 2711 343 MARTYRIS

3573 290 3688 345 312

428 399 552 457 suis
573 398 722 454 velut
748 394 1023 462 manibus,
1053 396 1101 450 is
1134 395 1253 466 ipse
1282 404 1562 465 operatus,
1586 396 1734 453 fecit.
1757 397 1890 465 Qua:
1917 414 1977 454 es

2104 398 2178 463 ὡς
2210 397 2367 470 ἔφην,
2398 398 2536 471 αὕτη
2566 398 2701 471 ζωὴ,
2792 400 2887 453 ἀπ’
2922 398 3276 474 ἀνθρωπίνων
3308 400 3511 473 χειρῶν
3554 402 3688 476 δρα-

426 504 559 563 ergo
585 491 782 546 domus
812 503 977 544 manu
1008 487 1150 543 facta
1171 490 1196 542 ?
1248 487 1448 561 Utique
1487 490 1670 547 brevis
1698 494 1814 547 haec
1866 495 1997 555 vita,

426 582 879 657 quemadmodum
929 582 1200 647 dicebam,
1255 582 1510 639 humanis
1542 583 1797 640 manibus
1851 584 2003 640 velut

426 680 619 735 all'ecta
649 687 704 733 et
736 683 1063 732 sustentata.
1090 674 1229 730 Nam
1278 675 1477 746 inquit,
1505 674 1573 731 In
1600 677 1797 732 sudore
1827 678 2000 733 vultus

425 773 503 826 tui
523 770 741 826 vesceris
773 786 907 840 pane
941 777 1030 823 tuo
1063 768 1110 800 ⁷³
1137 784 1155 821 :
1188 784 1294 839 qua
1318 767 1607 834 dissoluta,
1638 769 1999 825 immortalem

424 863 573 919 illam
597 862 765 917 vitam
794 878 905 918 non
928 876 1093 917 manu
1122 860 1321 915 factam
1339 874 1707 931 occupamus:
1736 860 2000 933 quemad-

422 958 644 1014 modum
668 958 785 1030 ipse
816 957 1083 1014 Dominus
1112 956 1431 1021 declaravit,
1462 971 1588 1012 cum
1614 955 1755 1012 dixit
1787 957 1869 1012 ’δε
1892 954 2000 1011 Fa-

420 1053 521 1107 cite
568 1051 710 1108 vobis
741 1053 939 1107 amicos
976 1052 1040 1107 de
1079 1068 1381 1105 mammona
1409 1052 1588 1122 iniquo
1615 1050 1750 1123 (65),
1776 1059 1835 1105 ut
1879 1067 1999 1106 cum

417 1143 718 1212 defeceritis
746 1183 763 1208 ,
816 1144 1072 1213 recipiant
1118 1158 1209 1196 vos
1259 1143 1314 1195 in
1372 1150 1572 1197 aeterna
1624 1140 1992 1199 tabernacula.

420 1234 578 1301 Quod
615 1236 759 1289 enim
787 1234 899 1289 illic
937 1231 1199 1288 Dominus
1228 1230 1571 1287 tabernacula
1598 1231 1811 1287 vocavit
1840 1269 1856 1295 ,
1905 1230 1996 1283 hic

419 1329 717 1401 Apostolus
769 1333 928 1382 vocat
979 1324 1310 1379 indumenta.
1363 1322 1519 1390 Quod
1551 1322 1662 1378 illic
1694 1322 1892 1377 amicos
1931 1320 1995 1377 de

414 1422 717 1494 iniquitate,
743 1419 831 1475 hic
847 1418 1142 1490 Apostolus
1161 1416 1344 1472 domos
1370 1415 1757 1472 dissolvendae.
1787 1415 1992 1482 Quem-

419 1513 709 1570 admodum
758 1526 910 1582 ergo,
959 1525 1089 1566 cum
1132 1509 1417 1581 praesentis
1459 1508 1586 1563 vitae
1626 1515 1830 1563 nostrae
1874 1505 1993 1563 dies

417 1604 735 1670 defecerint,
751 1612 969 1660 nostras
986 1602 1196 1658 animas
1213 1609 1341 1658 sunt
1365 1608 1657 1672 acceptura
1687 1598 1992 1657 beneﬁcen-

416 1697 504 1753 tiae
532 1696 749 1760 merita,
779 1695 828 1752 si
854 1709 983 1767 qua,
1009 1694 1195 1765 iniqua
1215 1693 1317 1748 hac
1349 1693 1480 1756 vita,
1503 1692 1941 1763 comparavimus
1971 1708 1988 1758 ;

2107 490 2551 563 ματουργημένη.
2599 492 2763 563 mm
2807 493 2936 565 γάρ,
2990 492 3173 565 φησὶν,
3228 493 3299 547 ἐν
3341 493 3538 563 ίδρῶτι
3572 496 3687 551 τοῦ

2102 583 2427 652 προσώπου
2479 600 2599 638 σου
2661 582 2768 637 τὸν
2821 582 3003 652 ἄρτον
3051 600 3200 639 σουο
3247 578 3315 658 ἦς
3356 585 3686 642 καταλυθεί-

2104 690 2224 744 σης,
2270 674 2486 746 ἐκείνην
2524 673 2623 746 τὴν
2661 675 3069 748 ἀχειροποίητον
3110 675 3255 747 ζωὴν
3294 676 3512 749 ἔχομεν.
3560 681 3688 734 Κα-

2100 764 2277 838 θάπερ
2310 767 2406 820 καὶ
2437 768 2467 819 ὁ
2502 766 2706 838 Κύριος
2733 767 2924 835 εἰπὼν,
2954 767 3221 839 ἐδήλωσε·
3250 769 3549 838 Ποιήσατε
3578 773 3685 840 φί-

2097 862 2250 928 ,ὶους
2286 858 2357 912 ἐκ
2378 856 2489 926 τῆς
2517 857 2753 925 ἀδικίας
2780 859 2888 914 τοῦ
2918 858 3228 931 μαμμωνᾶ,
3251 862 3371 926 ἵνα,
3405 862 3553 918 ὅταν
3574 864 3683 919 ἐκ-

2096 951 2332 1019 λίπητε,
2375 950 2663 1017 δέξωνται
2698 951 2857 1021 ὑμᾶς
2884 954 2971 1017 είς
2995 952 3102 1018 τὰς
3116 954 3395 1021 αἰωνίους
3413 955 3675 1024 σκηνάς.

2105 1044 2170 1098 Ὃ
2201 1042 2313 1115 γάρ
2373 1045 2491 1098 ἐκεῖ
2540 1044 2779 1113 σκηνὰς
2812 1044 2841 1097 ὁ
2882 1044 3085 1118 Κύριος
3114 1045 3364 1112 ἐκάλεσε,
3390 1048 3549 1103 τοῦτο
3577 1050 3679 1104 ἔνη

2094 1136 2271 1191 ταῦθα
2309 1139 2339 1191 ὁ
2380 1137 2699 1201 Ἀπόστολος
2742 1137 3062 1208 ἐνδύματα.
3102 1140 3168 1192 ὐ
3201 1138 3260 1194 δὲ
3298 1140 3418 1192 ἐκεῖ
3451 1142 3683 1210 φίλους

2094 1231 2164 1285 ἐκ
2194 1230 2304 1301 τῆς
2325 1231 2580 1297 ἀδικίας,
2615 1230 2847 1285 ἐνταῦθα
2876 1231 3327 1301 καταλυομένας
3358 1235 3388 1286 ὁ
3417 1234 3683 1289 Ἀπόστο-

2095 1321 2185 1386 λος
2239 1324 2450 1390 οἰκίας.
2498 1322 2765 1396 Καθάπερ
2795 1322 2950 1393 γοῦν,
2998 1324 3092 1378 tam
3122 1323 3436 1396 ὲλλείψωσιν
3476 1328 3533 1379 αἱ
3566 1327 3680 1397 τῆς

2094 1413 2378 1486 παρούσης
2416 1415 2562 1487 ζωῆς
2593 1416 2747 1487 ἡμῶν
2779 1416 3004 1489 ἡμέραι,
3037 1418 3105 1471 τά
3134 1417 3268 1490 πρὸς
3297 1419 3540 1473 εὐποιίαν
3567 1419 3681 1484 τὰς

2090 1504 2270 1579 ψυχὰς
2320 1507 2479 1579 ἡμῶν
2522 1505 2871 1576 ὑποδέξονται
2925 1508 3417 1583 ἁγαθοεργήματα,
3471 1510 3511 1565 ἃ.
3557 1512 3679 1565 ἀπὸ

2091 1598 2190 1669 τῆς
2218 1600 2275 1652 ὲν
2296 1603 2363 1671 τῇ
2387 1600 2571 1672 ἀδικίᾳ
2609 1600 2759 1673 ζωῆς
2803 1603 3173 1675 ἐκτησάμεθα,
3199 1604 3278 1677 τῷ
3299 1605 3407 1661 τὸν
3432 1607 3681 1677 κόσμον

2088 1690 2163 1746 ἐν
2194 1690 2274 1757 τῷ
2318 1692 2560 1760 πονηρῷ
2610 1693 2844 1751 κεῖσθαι
2867 1712 2881 1726 ·
2916 1694 3077 1761 οὕτω,
3109 1697 3207 1769 τῆς
3252 1698 3398 1769 ζωῆς
3426 1699 3672 1754 καταλυ-

414 1806 482 1848 eo
513 1789 722 1862 iniqua,
756 1790 900 1862 quod
933 1789 1161 1844 mundus
1216 1788 1286 1842 sit
1321 1787 1526 1856 positus
1555 1789 1610 1841 in
1636 1785 1869 1856 maligno
1891 1785 1939 1818 ⁷⁵
1969 1802 1977 1839 ὲ

2091 1781 2280 1855 θεισης
2311 1784 2410 1855 τῆς
2440 1784 2751 1858 ὠκυμόρου,
2777 1787 2876 1861 τὴν
2908 1788 3016 1859 πρὸ
3038 1789 3136 1860 τῆς
3167 1791 3514 1856 ἀναστάσεως
3543 1793 3673 1859 ἑξο-

415 1886 491 1940 ita
522 1886 632 1941 cito
667 1886 910 1957 peritura
941 1884 1052 1940 vita
1108 1882 1213 1938 hac
1252 1881 1543 1946 dissoluta,
1594 1880 1988 1936 habitationem

415 1980 557 2050 apud
595 1977 764 2034 Deum
823 1992 944 2048 qua}
998 1984 1083 2034 est
1132 1983 1260 2031 ante
1301 1973 1759 2031 resurrectionem
1789 2015 1805 2043 ,
1859 1973 1984 2045 ipsi,

411 2070 519 2127 hoc
549 2078 633 2128 est
674 2071 889 2135 animae,
936 2085 1128 2126 sumus
1159 2067 1398 2124 habituri
1428 2066 1565 2139 (66),
1611 2066 1787 2123 donec
1827 2065 1987 2122 nobis

412 2165 771 2222 instauratam
805 2162 1027 2218 domum
1073 2162 1243 2227 illam,
1280 2175 1580 2232 numquam
1619 2174 1871 2217 casuram
1899 2176 1987 2217 re.

409 2260 699 2332 cipiamus.
742 2255 889 2313 Unde
936 2268 985 2313 et
1034 2256 1447 2329 ingemiscimus,
1482 2271 1542 2310 eo
1568 2253 1707 2326 quod
1739 2252 1985 2309 nolumus

407 2348 699 2419 exspoliari
730 2363 954 2419 corpus,
991 2348 1081 2403 sed
1116 2354 1327 2404 retento
1358 2346 1473 2411 illo,
1509 2345 1675 2400 vitam
1716 2345 1985 2416 reliquam

410 2441 748 2510 supervestiri
767 2440 837 2495 ⁷⁸.
869 2438 1006 2495 Illud
1038 2440 1184 2495 enim
1216 2439 1282 2492 de
1312 2437 1440 2491 cwlo
1467 2434 1817 2499 domicilium,
1843 2433 1985 2505 quod

409 2533 717 2604 superindui
758 2534 1020 2604 cupimus,
1075 2533 1457 2589 immortalitas
1499 2540 1584 2588 est
1617 2548 1631 2586 :
1660 2544 1825 2602 quam
1856 2545 1983 2584 cum

406 2628 675 2684 fuerimus
727 2625 1095 2697 superinduti,
1152 2625 1521 2681 absorbebitur
1568 2626 1790 2696 penitus
1821 2622 1981 2694 quid-

406 2719 537 2792 quid
566 2720 622 2775 in
652 2737 716 2775 ea
754 2719 1031 2774 inﬁrmum
1063 2727 1149 2774 est
1179 2726 1235 2775 et
1263 2717 1508 2782 mortale,
1541 2716 1607 2771 ab
1641 2725 1841 2772 aeterna
1873 2716 1982 2770 vita

405 2822 814 2887 consumptum.
851 2812 956 2867 Per
986 2812 1145 2883 ﬁdem
1193 2813 1333 2867 enim
1380 2811 1737 2874 ambulamus,
1783 2818 1834 2864 et
1875 2825 1981 2862 non

403 2924 497 2979 per
520 2908 739 2977 speciem
770 2907 839 2962 ⁷⁷.
879 2904 996 2960 Hoc
1024 2912 1108 2961 est
1147 2924 1162 2961 :
1204 2904 1341 2959 Nam
1370 2905 1550 2961 adhuc
1581 2919 1679 2976 per
1710 2902 1870 2959 fidem
1901 2902 1980 2956 in-

404 2999 671 3062 cedimus,
704 3005 903 3054 statum
929 2996 1080 3051 illum
1114 2996 1506 3053 obscurissima
1539 2994 1977 3051 consideratione

403 3090 750 3161 aspicientes,
774 3098 826 3143 ct
865 3104 970 3143 non
1001 3088 1149 3143 clare
1175 3104 1192 3155 ;
1217 3093 1276 3143 ut
1305 3086 1512 3152 videre,
1540 3085 1647 3141 frui
1684 3092 1739 3141 et
1764 3100 1888 3141 esse
1917 3083 1973 3138 in

402 3183 497 3238 illo
525 3183 819 3253 possimus.
853 3180 969 3237 Hoc
999 3190 1174 3237 autem
1212 3182 1352 3250 dico,
1380 3180 1596 3251 fratres,
1625 3178 1749 3250 quia
1768 3195 1895 3233 caro
1925 3185 1975 3231 et

400 3275 617 3345 sanguis
665 3290 880 3346 regnum
919 3274 1011 3329 Dei
1041 3272 1309 3344 possiderc
1362 3289 1465 3327 non
1511 3279 1732 3342 possunt
1765 3286 1784 3337 ;
1817 3286 1979 3342 neque

400 3367 669 3436 corruptio
719 3366 1166 3436 incorruptionem
1210 3364 1500 3437 possidebit
1530 3365 1598 3422 ⁷⁸.
1645 3362 1843 3420 Carnis
1874 3379 1977 3419 no-

398 3459 547 3515 mine
603 3474 716 3514 non
762 3458 937 3531 ipsam
969 3474 1191 3515 carnem
1244 3457 1594 3529 signiﬁcavit,
1627 3457 1724 3513 sed
1751 3456 1974 3512 brutum

397 3552 700 3622 appetitum
732 3552 787 3606 in
816 3551 1049 3607 lascivas
1079 3551 1277 3606 anima:
1328 3550 1659 3621 voluptates.
1702 3546 1807 3604 Ubi
1843 3562 1975 3618 ergo

397 3643 650 3705 dixisset.
674 3643 813 3715 quod
842 3660 966 3698 caro
996 3652 1047 3699 et
1077 3643 1297 3715 sanguis
1329 3658 1546 3713 regnum
1585 3640 1678 3695 Dei
1705 3638 1975 3710 possidere

395 3754 500 3791 non
538 3748 779 3805 possunt,
812 3744 1219 3807 consequentur
1241 3734 1635 3806 pronuntiavit,
1666 3749 1826 3805 neque
1853 3748 1972 3787 cor-

396 3832 572 3902 ruptio
632 3831 1077 3900 incorruptionem
1133 3829 1441 3901 possidebit.
1477 3827 1641 3899 Atqui
1694 3826 1973 3895 corruptio

392 3939 504 3980 non
528 3940 619 3980 res
652 3925 771 3995 ipsa
814 3933 900 3981 est
950 3941 1072 3997 qua:
1123 3925 1516 3996 corrumpitur,
1548 3921 1643 3979 sed
1672 3922 1817 3992 quod
1843 3936 1971 3975 cor-

390 4018 617 4089 rumpit.
651 4016 984 4074 Prmvalente
1017 4018 1233 4089 quidem
1269 4026 1445 4074 morte
1466 4057 1481 4084 ,
1541 4017 1716 4087 vergit
1767 4030 1972 4086 corpus

393 4112 451 4167 in
481 4114 888 4184 corruptionem
930 4121 1166 4169 :contra
1199 4129 1349 4178 vero,
1398 4118 1753 4183 permanente
1802 4111 1856 4165 in
1904 4125 1972 4165 eo

387 4203 526 4269 vita,
576 4212 685 4260 stat
738 4205 1185 4262 illahelactatum.
1236 4204 1418 4273 Quare
1471 4221 1596 4260 cum
1642 4219 1776 4260 caro
1827 4204 1972 4258 inter

391 4299 631 4356 conﬁnia
661 4299 1036 4369 corruptionis
1055 4306 1109 4354 et
1136 4299 1591 4369 incorruptionis,
1624 4313 1690 4352 ac
1722 4313 1823 4351 nec
1844 4311 1969 4351 cor-

388 4394 573 4463 ruptio
596 4407 698 4448 nec
727 4393 1071 4463 incorruptio
1098 4393 1237 4446 facta
1292 4400 1438 4447 esset
1461 4409 1477 4459 ;
1504 4392 1643 4446 victa
1674 4406 1803 4446 vero
1834 4406 1966 4462 pro-

2095 1892 2195 1947 μεν
2243 1876 2474 1949 οἴκησιν,
2527 1880 2584 1934 αί
2635 1879 2826 1952 ψυχαὶ,
2872 1881 3125 1954 παράτῷ
3162 1883 3282 1956 Θεῷ
3339 1884 3470 1956 (67),
3515 1888 3593 1951 εἰς
3617 1886 3672 1941 τ’

2089 1968 2667 2042 ἀνακαινοποιηθεῖσαν
2710 1974 2842 2044 ⁴ἡμῖν
2889 1974 3138 2031 ἄπτωτον
3186 1976 3540 2050 ἀναλάϐωμεν
3564 1980 3673 2052 τὴν

2088 2060 2287 2117 οἰκίαν.
2340 2061 2509 2119 Ὅθεν
2561 2065 2658 2119 καί
2718 2066 3096 2137 στενάζομεν,
3134 2069 3221 2140 μὴ
3273 2069 3553 2139 θέλοντες
3605 2074 3673 2127 τὸ

2090 2151 2250 2225 σῶμα
2308 2153 2797 2223 ἀπεκδύσασθαι,
2858 2161 2996 2215 ἀλλ’
3059 2164 3147 2216 ἐπ’
3203 2162 3353 2235 αὐτῷ
3396 2166 3494 2238 τὴν
3556 2167 3673 2221 λοι-

2087 2245 2195 2319 πὴν
2256 2247 2701 2305 ἐπενδύσασθαι
2743 2250 2909 2325 ζωήν.
2958 2254 3032 2307 Τὸ
3074 2254 3184 2328 γάρ
3225 2256 3566 2327 οικητήριον
3596 2277 3670 2315 το

2085 2338 2155 2405 ἐξ
2186 2340 2466 2409 οὐρανοῦ,
2498 2339 2530 2396 ὃ
2556 2342 3003 2401 ἐπενδύσασθαι
3022 2346 3441 2418 ἐπιθυμοῦμεν,
3467 2353 3501 2421 ἡ
3530 2350 3671 2407 ἀθα-

2085 2433 2244 2487 νασία
2270 2434 2418 2490 ἐστίν
2438 2451 2452 2466 ο
2481 2434 2548 2506 ἦν
2582 2435 2677 2490 ὲάν
2721 2437 3158 2511 ὲπενδυσώμεθα,
3185 2443 3668 2509 καταποθήσεται

2084 2526 2196 2581 πᾶν
2216 2526 2278 2579 τὸ
2310 2528 2370 2581 ὲν
2409 2528 2543 2599 αὐτῇ
2570 2529 2873 2603 ὁλοσχερῶς
2904 2532 3147 2599 ἀσθενὲς,
3167 2535 3284 2589 ὑπὸ
3306 2535 3406 2607 τῆς
3430 2537 3670 2610 ἁχρόνου

2085 2614 2232 2685 ζωῆς
2256 2618 2656 2687 καταναλωθὲν,
2688 2621 2784 2675 καὶ
2814 2624 3053 2691 θνητόν.
3089 2625 3191 2680 Διά
3244 2628 3503 2695 πίστεως
3553 2631 3666 2700 γὰρ

2082 2710 2537 2782 περιπατοῦμεν,
2586 2716 2658 2769 οὐ
2708 2714 2806 2770 διὰ
2828 2716 3050 2785 εἴδους.
3101 2717 3390 2774 Τουτέστι·
3421 2723 3521 2777 Διά
3565 2723 3675 2779 πί-

2084 2817 2254 2866 στεως
2279 2801 2389 2875 γὰρ
2408 2804 2761 2878 ὲπιὸαίνομεν
2792 2806 2891 2874 ἔτι,
2928 2810 3295 2883 ἀτρανωτάτῳ
3322 2812 3571 2886 λογισμῷ
3590 2818 3665 2870 τὰ

2080 2898 2196 2951 ἐκεῖ
2227 2898 2529 2972 πράγματα
2555 2903 2996 2969 κατοπτεύοντες,
3037 2907 3130 2960 καὶ
3163 2907 3224 2961 οὑ
3259 2907 3445 2977 σαφῶς
3465 2925 3481 2939 ·
3516 2908 3664 2964 ὥστε

2080 2992 2173 3044 καὶ
2197 2993 2348 3064 ὀρᾷν,
2385 2995 2480 3048 καὶ
2528 2995 2841 3062 ἀπολαύειν,
2875 2999 2970 3052 καὶ
2989 3001 3048 3052 ὲν
3070 2999 3254 3065 αὐτοῖς
3286 2996 3445 3056 εἶναι.
3474 3002 3664 3057 Τοῦτο

2077 3082 2146 3138 δέ
2166 3102 2339 3156 φημι,
2382 3086 2651 3158 ἀδελφοί,
2691 3088 2781 3144 ὅτι
2805 3091 2960 3160 σὰρξ
2987 3091 3088 3146 καὶ
3111 3087 3254 3164 αἷμα
3282 3095 3667 3166 κληρονομῆ-

2080 3192 2185 3231 σαι
2210 3178 2538 3242 ,ϐασιλείαν
2581 3181 2730 3236 Θεοῦ
2774 3185 2846 3238 οὐ
2872 3183 3175 3253 δύνανται,
3219 3186 3361 3243 οὐδὲ
3396 3191 3434 3258 ἠ
3466 3192 3664 3259 φθορά

2078 3270 2195 3337 τὴν
2219 3271 2562 3341 ἀφθαρσίαν
2596 3275 2973 3345 κληρονομεῖ.
3010 3277 3218 3349 Σάρκα,
3258 3279 3444 3352 φησὶν,
3473 3282 3537 3333 οὐ
3558 3282 3662 3352 τὴν

2080 3361 2256 3434 σάρκα
2317 3364 2488 3436 αὐτὴν
2546 3364 2834 3437 ἐδήλωσεν,
2869 3367 3004 3422 ἀλλά
3038 3370 3138 3442 τὴν
3175 3370 3369 3441 ἄλογον
3393 3374 3532 3445 πρὸς
3557 3373 3661 3437 τάς

2081 3452 2370 3525 μαχλώσας
2432 3456 2533 3527 τῆς
2587 3456 2765 3530 ψυχῆς
2809 3458 2983 3531 ὁρμὴν
3026 3461 3239 3532 ἡδονάς.
3279 3462 3465 3518 Εἰπὼν
3513 3460 3610 3519 οὗν
3638 3483 3654 3496 ·

2079 3544 2199 3598 Ὅτι
2217 3544 2373 3613 σὰρξ
2396 3546 2493 3599 καὶ
2514 3542 2657 3617 αἷμα
2674 3549 3002 3611 ,βασιλείαν
3024 3552 3172 3607 Θεοῦ
3200 3555 3657 3625 κληρονομῆσαι

2075 3637 2148 3689 οὐ
2206 3637 2522 3693 δύνανται’
2592 3643 3009 3715 ὲπαπεφήνατο·
3043 3644 3196 3700 Οὐδὲ
3241 3648 3277 3715 ἠ
3315 3647 3509 3717 φθορὰ
3540 3648 3659 3718 τὴν

2074 3729 2417 3802 ἀφθαρσίαν
2451 3737 2827 3806 κληρονομεῖ.
2874 3737 3054 3811 Φθορά
3084 3739 3141 3794 δὲ
3168 3740 3266 3794 οὐκ
3292 3741 3424 3795 αὑτό
3448 3745 3565 3797 ἐστι
3590 3745 3658 3797 τὸ

2075 3823 2451 3896 φθειρόμενον,
2477 3826 2613 3883 ἀλλά
2641 3829 2703 3883 τὸ
2735 3830 2974 3904 φθεῖρον.
3020 3834 3516 3907 Ἐπικρατήσαντος
3550 3836 3654 3908 μὲν

2073 3918 2181 3993 γὰρ
2214 3919 2309 3974 τοῦ
2346 3921 2597 3990 θανάτου,
2629 3923 2869 3979 κλίνεται
2891 3925 2952 3980 τὸ
2976 3924 3133 3998 σῶμα
3161 3929 3240 3991 είς
3266 3926 3498 4001 φθοράν·
3532 3933 3657 3984 ἐπι-

2076 4013 2342 4086 μενούσης
2388 4015 2445 4069 δὲ
2482 4014 2715 4087 ἔμπαλιν
2737 4018 2837 4089 τῆς
2861 4017 3009 4088 ζωῆς
3056 4019 3114 4074 ὲν
3146 4019 3315 4092 αὐτῷ,
3345 4022 3540 4093 ἕστηκε
3569 4025 3653 4096 μὴ

2073 4106 2520 4181 καθαιρούμενον.
2562 4109 2653 4164 Διὸ
2710 4110 2895 4182 ἐπειδὴ
2933 4112 3180 4184 μεθόριον
3214 4113 3318 4184 τῆς
3344 4114 3652 4187 ἀφθαρσίας

2070 4201 2306 4272 ἐγενήθη
2325 4202 2419 4256 καὶ
2442 4203 2542 4274 τῆς
2565 4201 2770 4275 φθορᾶς
2791 4205 2826 4276 ἡ
2858 4203 3012 4277 σάρξ,
3040 4207 3141 4261 οὐκ
3162 4203 3298 4262 οὖσα
3326 4208 3437 4261 οὐδὲ
3466 4208 3649 4281 φθορᾶ

2070 4290 2191 4344 οὐδὲ
2215 4292 2516 4363 ἀφθαρσία,
2549 4292 2827 4365 ἐκρατήθη
2868 4294 2925 4349 δὲ
2946 4295 3035 4350 διὰ
3069 4296 3168 4367 τὴν
3191 4297 3380 4369 ἡδονὴν
3413 4298 3513 4350 ὑπὸ
3539 4299 3647 4370 τῆς
3693 4309 3702 4318 ·

2072 4385 2299 4457 φθορᾶς,
2351 4386 2561 4459 ποίημα
2614 4388 2712 4460 τῆς
2750 4385 3057 4458 ἀφθαρσίας
3105 4391 3201 4443 καὶ
3254 4392 3436 4464 κτῆμα
3462 4391 3653 4465 ὑπάρ-

388 4493 515 4558 pter
540 4485 897 4555 voluptatem,
925 4499 1236 4557 quanquam
1277 4482 1712 4554 incorruptionis
1746 4497 1886 4553 opus
1911 4490 1966 4537 et

2082 4496 2243 4550 κουσα
2267 4497 2281 4510 ο
2341 4480 2431 4534 διὰ
2480 4479 2636 4535 τοῦτο
2687 4481 2979 4554 γεγένηται
3007 4484 3087 4546 εἰς
3111 4483 3337 4557 φθοράν.
3370 4485 3479 4539 Καὶ
3524 4486 3657 4540 ἐπεὶ

385 4579 698 4654 possessio,
745 4577 940 4634 fuisset
980 4592 1012 4632 a
1051 4576 1445 4646 corruptione:
1504 4582 1792 4647 propterea
1839 4591 1965 4632 cor-

2082 4574 2439 4648 ςυνεκροτήθη
2481 4574 2595 4647 (68)
2641 4575 2747 4629 ὑπὸ
2777 4576 2876 4647 τῆς
2903 4577 3127 4649 φθορᾶς,
3162 4581 3258 4634 καὶ
3313 4579 3529 4656 θανάτῳ
3560 4583 3659 4639 διὰ

452 4695 503 4730 ⁷³
528 4692 657 4750 Gen.
688 4708 773 4759 ιιι,
799 4693 888 4749 i9.
964 4695 1011 4727 ⁷⁵
1038 4693 1170 4751 Luc.
1204 4711 1316 4761 xvr,
1343 4693 1399 4749 9.
1474 4696 1521 4729 "
1544 4696 1565 4752 Ι
1590 4694 1751 4752 Joan.
1783 4715 1839 4760 v,
1868 4698 1952 4754 19.

332 4792 345 4820 ί
460 4787 575 4859 (65)
621 4784 700 4859 De
745 4800 1047 4859 mammona
1078 4785 1307 4859 _iniquo._
1338 4785 1433 4839 Ἐκ
1459 4786 1560 4857 τῆς
1606 4786 1822 4852 ἀδικίας
1865 4787 1961 4842 τοῦ

390 4855 706 4930 μαμμωνᾶ,
757 4855 905 4930 velut
949 4871 1018 4908 ex
1076 4856 1343 4930 injustitia
1396 4855 1722 4912 mammona:
1759 4876 1772 4930 ξ
1815 4859 1961 4930 quod

386 4925 637 4999 magnam
692 4925 855 4979 habet
897 4928 1308 4999 expressionem
1352 4943 1365 4979 :
1400 4942 1713 4997 quanquam
1762 4925 1964 4985 habent

386 4994 575 5053 Graeca
614 4994 747 5066 Luc.
785 5002 841 5047 ut
887 4994 1125 5052 reddidit
1172 5006 1362 5053 noster
1411 4994 1703 5066 interpres,
1750 5002 1815 5054 ἐκ
1866 4999 1964 5053 τοῦ

388 5067 668 5141 μαμμωνᾶ
685 5065 784 5141 τῆς
800 5066 1011 5141 ἀδικίας
1037 5088 1050 5123 :
1076 5083 1193 5141 nec,
1208 5069 1346 5141 forte
1376 5068 1509 5124 illud
1541 5065 1796 5124 Methodii
1819 5072 1962 5126 aliud

384 5137 660 5208 estquam
698 5137 1029 5210 ῥπερϐατόν,
1072 5140 1254 5209 qualia
1295 5141 1500 5209 passim
1538 5141 1688 5196 illius
1720 5149 1963 5210 exstant,

385 5226 449 5264 ac
476 5209 621 5263 velut
652 5208 924 5263 affectata.

457 5278 571 5350 (66)
604 5277 739 5355 Ipsi,
769 5280 867 5355 [ioc
903 5280 1236 5355 est_anima.j,
1268 5298 1449 5355 sumus
1490 5281 1744 5355 habituri,
1771 5284 1965 5355 ἕξομεν

382 5349 712 5425 οἴκησινμαί
752 5349 943 5425 ψυχαί,
977 5350 1075 5425 Sic)
1092 5353 1255 5422 paulo
1295 5353 1613 5425 inl‘eriusrn.
1650 5354 1724 5407 7:
1772 5349 1965 5425 Ἡμεῖς

383 5420 563 5495 γάροὶ
593 5420 796 5485 ζῶντες
829 5420 885 5476 αἱ
909 5420 1301 5494 ψυχαίήὲσμεν,
1329 5441 1424 5478 nos
1455 5424 1546 5494 qui
1577 5425 1817 5488 vivimus,
1843 5420 1965 5479 ani-

384 5509 485 5547 ma:
529 5507 737 5557 sumus,
785 5496 934 5549 velut
974 5503 1145 5550 totum
1193 5495 1492 5561 hominem,
1521 5511 1682 5550 unam
1721 5497 1961 5549 animam

385 5561 990 5642 Platonicenag'noscat,
1017 5574 1071 5642 et
1100 5565 1228 5642 velit
1257 5582 1287 5618 ιι
1326 5564 1954 5642 Paulo_signili_c_atum-:

382 5633 530 5703 quod
574 5631 709 5685 nihil
739 5631 1033 5690 Viennensi
1079 5642 1132 5689 et
1165 5633 1521 5691 Lateranensi
1562 5631 1811 5691 conciliis
1852 5635 1953 5690 ad-

384 5711 654 5766 versatur,
687 5704 1165 5772 pronuntiantibus
1205 5705 1470 5761 adversus
1498 5706 1845 5765 Averroistas
1866 5707 1951 5762 vel

386 5778 545 5832 ctiam
590 5770 951 5845 Origenianos
993 5788 1134 5843 quos
1171 5774 1258 5829 hic
1304 5774 1610 5833 Methodius
1647 5777 1949 5850 impugnat,

2059 4699 2108 4731 ⁷⁸
2134 4697 2180 4752 ll
2202 4697 2326 4754 Cor.
2353 4696 2485 4764 v.2,
2516 4696 2570 4752 5.
2666 4697 2711 4727 ⁷⁷
2744 4695 2872 4752 ibid.
2908 4696 2957 4751 7.
3038 4698 3084 4729 ⁷⁸
3111 4698 3133 4753 Ι
3165 4697 3291 4757 Cor.
3327 4716 3417 4768 xv,
3448 4701 3539 4757 50.

2065 4797 2331 4859 ponentes
2380 4802 2580 4858 corpus
2611 4788 2757 4841 velut
2786 4788 3012 4842 omnino
3043 4796 3365 4845 extraneum
3408 4791 3646 4859 homini,

2065 4875 2167 4914 nec
2200 4874 2239 4935 a_
2260 4859 2536 4914 creatione
2565 4866 2871 4935 acceptum,
2906 4859 3001 4935 sed
3028 4862 3268 4935 carceris
3302 4863 3423 4935 loco
3443 4865 3495 4917 in
3529 4880 3653 4935 pa:-

2067 4945 2191 5000 nam
2209 4930 2427 4996 datum;
2454 4944 2570 5000 non?
2589 4929 2900 5000 damnatam
2919 4930 3193 5000 plerisque
3217 4930 3476 4989 Patrihus
3506 4929 3655 4991 ὲῖιτε-

2065 4999 2282 5071 λέχειαν
2304 5000 2449 5054 illam
2480 4999 2814 5071 Aristotelis,
2840 5000 2986 5055 velut
3013 4999 3207 5057 animae
3244 5003 3652 5062 immortalitati

2065 5070 2341 5144 intestam,
2373 5084 2444 5144 ac
2475 5071 2597 5139 plus
2620 5070 2770 5138 justo
2804 5072 3043 5126 materiae
3073 5071 3508 5144 immergentem,
3547 5095 3654 5133 nec

2070 5142 2208 5214 satis
2234 5141 2539 5214 absolutam
2583 5150 2913 5214 servantem,
2944 5158 3049 5214 ceu
3080 5141 3323 5214 divinum
3367 5146 3569 5214 dogma
3590 5159 3649 5202 et

2070 5212 2139 5285 ab
2178 5212 2385 5285 Spiritu
2420 5219 2633 5273 sancto,
2673 5210 3082 5285 deliuicntihus.
3116 5211 3388 5285 lnterpres
3426 5210 3649 5273 videtur

2069 5282 2480 5355 dissimulasse,
2529 5288 2737 5355 mutata
2776 5282 2951 5355 prima
2995 5298 3229 5355 persona
3263 5282 3341 5340 'in
3385 5286 3647 5355 tertiam,

2069 5355 2264 5407 anima:
2296 5352 2559 5429 habebunt
2584 5368 2609 5429 :_
2646 5352 2743 5429 sed
2782 5367 2891 5429 non
2922 5352 3092 5429 _lic_uit
3124 5356 3179 5409 in
3225 5357 3473 5426 reliquis.
3523 5352 3647 5429 ipse

2069 5433 2250 5497 tamen
2281 5425 2459 5495 palam
2487 5421 2792 5497 Methodius
2817 5424 2974 5478 initio
3004 5425 3201 5497 horum
3232 5421 3646 5497 excérptoru'm,

2068 5496 2342 5566 hominem
2385 5510 2496 5549 non
2544 5494 2718 5566 solam
2760 5509 2882 5549 esse
2926 5496 3163 5566 animam
3207 5494 3420 5553 statuit:
3462 5498 3650 5566 Quare

2067 5564 2156 5620 hic
2187 5567 2550 5641 metonymice
2579 5564 2841 5634 loquitur,
2868 5572 2922 5621 et
2952 5565 3396 5625 denominatione
3423 5564 3648 5641 sumpta

2062 5652 2092 5690 a
2125 5637 2346 5707 potiori.

2133 5706 2245 5775 (67)
2279 5710 2382 5774 Εἰς
2407 5709 2458 5760 τ’
2486 5708 2659 5762 ἁνακ.
2695 5706 2861 5771 Editi,
2893 5708 3003 5763 ἔστ’
3031 5710 3097 5764 ἂν
3122 5710 3282 5765 ἀνακ.

2131 5778 2243 5851 (68)
2261 5777 2696 5849 Συνεκροτήθη.
2735 5778 2927 5838 Scribe
2958 5783 3336 5854 συνεκριιτήθη
3362 5798 3431 5839 ex
3453 5782 3640 5856 liupif.
