3972 6212
197 315 306 375 513

1290 299 1384 355 EX
1421 298 1625 357 LIBRO
1663 297 1752 354 DE
1788 292 2388 354 RESURRECTIONE.
2464 328 2467 335 -

3220 346 3233 353 ,
3340 284 3447 345 5M

195 436 453 494 παιδείαν
501 429 795 503 παρεδόθη,
842 429 922 491 είς
951 428 1097 487 νῖκος
1125 425 1295 493 αὐτὴν
1320 428 1387 497 τῇ
1413 417 1588 497 φθορᾷ
1614 422 1767 478 καθά·

1879 421 2117 493 ruptioni
2149 419 2459 490 mancipata
2487 422 2592 472 est.
2646 413 2940 484 Postquam
2972 425 3103 484 ergo
3128 408 3271 465 vieta
3313 408 3448 465 fuis-

198 546 312 601 περ
339 522 697 595 κληρονομίαν
728 521 789 573 οὐ
819 518 1136 572 κατέλιπεν·
1166 516 1304 570 ἀλλά
1346 516 1527 582 πάλιν,
1562 515 1652 569 διὰ
1672 516 1773 587 τῆς

196 617 546 677 ἀναστάσεως
571 613 798 683 νικήσας
823 609 915 663 τὸν
938 608 1185 671 θάνατον,
1201 607 1449 661 ἀπέδωκε
1469 609 1535 678 τῇ
1561 607 1772 679 ἀφθαρ-

196 709 313 780 σίᾳ,
356 709 443 761 ἶνα
474 706 549 777 μὴ
593 702 979 775 κληρονομήσει
1017 701 1051 772 ή
1086 699 1261 772 φθορά
1301 701 1400 771 τὴν
1442 700 1769 773 ἀφθαρσίαν,

193 802 312 855 ἀλλ’
338 802 373 871 ἡ
398 796 682 869 ἀφθαρσία
710 793 771 848 τὸ
808 792 1065 865 φθαρτόν.
1112 792 1564 863 Ἐπαποκρίνεται
1606 793 1769 863 γοῦν·

195 891 294 947 Δεῖ
320 892 433 961 rep
456 890 521 943 τὸ
549 886 812 957 φθαρτὸν
834 883 1005 938 τοῦτο
1026 883 1390 938 ἐνδύσασθαι
1414 883 1530 952 τὴν
1546 886 1773 954 ἀφθαρ-

193 984 364 1045 σίαν,
392 979 494 1034 καί
532 978 598 1032 τὸ
624 976 854 1045 ,θνητὸν
897 973 1012 1043 τὴν
1051 974 1406 1030 ἀθανασίαν.
1433 975 1673 1048 Φθαρτὸν
1713 975 1772 1029 δὲ

194 1076 288 1128 καὶ
321 1071 514 1143 θνητὸν
557 1069 870 1139 ὲνδυόμενον
903 1065 1201 1121 ἀθανασίαν
1233 1067 1327 1121 καὶ
1358 1065 1686 1139 ἀφθαρσίαν,
1718 1066 1772 1121 τί

193 1167 259 1221 ἀν
290 1164 480 1235 ἕτερον
508 1162 596 1233 εἴη
634 1159 785 1232 παρά
816 1159 884 1215 τὸ
914 1160 1308 1230 σπειρόμενον
1330 1159 1401 1212 ἐν
1436 1157 1646 1228 φθορᾷ,
1672 1158 1770 1213 καί

189 1251 600 1321 ἀνιστάμενον
615 1250 684 1303 ἐν
698 1250 1003 1318 ἀφθαρσίᾳ
1022 1266 1037 1316 ;
1058 1249 1163 1313 ἵνα,
1185 1246 1380 1314 καθὼς
1400 1247 1773 1318 ἐφορέσαμεν

192 1344 308 1411 τὴν
334 1343 540 1396 εἰκόνα
560 1340 666 1395 τοῦ
688 1338 918 1409 χοϊκοῦ,
940 1339 1285 1409 φορέσωμεν
1314 1338 1414 1393 καί
1434 1339 1548 1409 τὴν
1567 1340 1773 1394 εἰκόνα

190 1435 300 1489 τοῦ
327 1432 715 1501 ἐπουρανίου.
764 1432 827 1484 Ἥ
860 1429 968 1501 γὰρ
999 1429 1159 1485 εἰκὼν
1185 1430 1279 1485 τοῦ
1312 1430 1515 1502 χοῖκοῦ,
1546 1433 1612 1503 ἢν
1646 1433 1772 1500 ἐφο-

191 1531 470 1601 ρέσαμεν·
495 1524 577 1589 τὸ,
608 1521 697 1592 Γῆ
726 1518 800 1587 εἷ,
831 1521 931 1576 καὶ
972 1524 1063 1588 εἰς
1088 1520 1205 1592 γῆν
1236 1522 1569 1590 dat-2.1825027,
1598 1521 1767 1575 ἐστίν.

196 1620 264 1673 Ἦ
290 1618 353 1672 δὲ
389 1615 555 1670 είκὼν
578 1613 671 1668 τοῦ
705 1612 1023 1686 ἐπουρανίου
1050 1614 1084 1684 ἠ
1112 1613 1177 1665 ἐκ
1220 1611 1427 1685 νεκρῶν
1473 1610 1769 1676 ἀνάστασις

187 1710 286 1763 καὶ
315 1710 349 1779 ἠ
382 1705 681 1779 ἀφθαρσία.

189 1800 328 1855 illud
375 1808 463 1855 est
521 1816 537 1853 :

186 1892 553 1961 incorruptin.

1875 523 2011 571 seta
2044 513 2419 584 corruptione,
2447 508 2723 579 mortique
2755 513 2981 576 pr0pter
3028 503 3444 574 castigationem

1874 608 1985 680 (7i)
2020 606 2217 662 tradita
2246 646 2261 671 ,
2308 603 2481 659 noluit
2511 601 2677 664 Deus,
2717 615 2817 655 ceu
2851 598 3218 654 hereditatem
3253 638 3269 658 ,
3322 609 3447 648 cor-

1874 699 2108 769 ruptioni
2133 696 2202 751 ad
2217 694 2504 750 victoriam
2532 693 2844 763 relinquere
2879 708 2893 744 :
2920 687 3016 744 sed
3045 687 3190 741 victa
3218 701 3444 741 rursum

1874 799 2047 845 morte
2094 802 2191 859 per
2233 784 2717 846 resurrectionem,
2758 778 3155 850 incorruptioni
3186 776 3443 841 reddidit,

1873 888 1933 934 ut
1969 895 2039 935 ne
2068 877 2348 948 corruptio
2380 874 2848 942 incorruptionem
2872 912 2890 939 ,
2932 868 3027 926 sed
3061 867 3235 939 magis
3264 867 3446 920 incor-

1872 969 2073 1039 ruptio,
2107 968 2254 1039 quod
2304 973 2388 1022 est
2434 963 2790 1036 corruptibile
2817 962 2871 1016 in
2903 959 3272 1015 hereditatem
3304 956 3445 1011 acci-

1872 1069 2045 1133 peret.
2064 1060 2145 1116 Ad
2171 1060 2285 1117 bare
2319 1059 2504 1129 itaque
2530 1055 2825 1126 respondet
2845 1052 3136 1124 Apostolus
3160 1051 3207 1082 "
3234 1068 3249 1104 :
3275 1048 3445 1118 Opor-

1873 1164 1943 1209 tet
1965 1154 2105 1208 enim
2127 1153 2465 1224 corruptibile
2492 1151 2588 1205 hoc
2622 1148 2838 1204 induere
2881 1146 3324 1214 incorruptionem
3346 1184 3361 1208 ,
3394 1148 3444 1194 et

1871 1246 2134 1310 mortale,
2188 1244 2668 1300 immortalitatem.
2732 1236 3100 1308 Corruptibile
3145 1242 3328 1289 autem
3389 1237 3446 1287 et

1871 1340 2099 1394 mortale
2150 1337 2255 1393 hoc
2312 1337 2539 1392 induere
2599 1330 3064 1388 immortalitatem
3106 1334 3160 1382 et
3188 1326 3443 1380 incorru-

1870 1431 2131 1502 ptionem,
2155 1429 2285 1502 quid
2320 1428 2469 1484 aliud
2502 1427 2592 1490 sit,
2630 1439 2793 1496 quam
2824 1427 2885 1477 ut
2914 1418 3049 1490 quod
3080 1418 3369 1473 seminatur
3389 1418 3444 1473 in

1874 1523 2227 1591 corruptione,
2254 1529 2437 1593 surgat
2465 1522 2520 1575 in
2547 1514 2996 1585 incorruptione”
3020 1516 3045 1569 .9
3072 1511 3143 1567 Ut
3174 1513 3444 1580 sicutpor-

1873 1613 2100 1668 terimus
2158 1613 2441 1684 imaginem
2490 1610 2705 1673 terreni,
2752 1616 3016 1677 portemus
3063 1612 3111 1659 et
3161 1603 3445 1672 imaginem

1870 1704 2089 1760 ctzlestis
2138 1704 2204 1758 3‘.
2234 1703 2369 1759 Nam
2414 1704 2595 1773 imago
2622 1698 2827 1754 terreni
2884 1711 3048 1768 quam
3082 1690 3441 1766 portavimus,

594 1798 758 1853 Terra
787 1813 864 1862 es,
898 1795 1025 1851 etin
1057 1805 1253 1850 terram
1280 1795 1550 1853 reverteris
1591 1796 1659 1852 ".
1702 1795 1883 1868 imago
1916 1806 2094 1854 autem
2143 1797 2406 1862 caelestis,
2462 1793 2798 1853 resurrectio
2868 1800 2953 1847 est
2993 1805 3062 1845 ex
3116 1788 3347 1843 mortuis
3389 1792 3444 1841 et

260 2017 351 2084 ς’.
398 2014 682 2075 ἰουστῖνος
718 2010 777 2064 δὲ
816 2012 846 2065 6
899 2009 1241 2082 Νεαπολίτης
1266 2052 1281 2077 ,
1336 2009 1476 2082 ἀνὴρ
1519 2009 1645 2064 οὔτε
1688 2008 1767 2080 τῷ

1938 2008 2025 2066 Vl.
2055 2010 2305 2066 Justinus
2356 2024 2487 2067 vero
2536 2006 2929 2077 Neapolitanus
2957 2002 3121 2074 :(72),
3161 2001 3248 2055 vir
3295 1998 3442 2055 haud

182 2104 369 2181 χρόνῳ
414 2103 606 2173 τιόρρω
649 2098 726 2154 ὣν
773 2099 884 2156 τῶν
935 2101 1249 2155 ἀποστόλων
1272 2100 1396 2155 οὔτε
1446 2103 1511 2173 τῇ
1563 2101 1768 2173 ἀρετῇ,

179 2192 645 2268 κληρονομεῖσθαι
683 2192 783 2265 μὲν
812 2193 872 2247 τὸ
918 2194 1279 2265 ἀποθνῆσκον,
1318 2193 1675 2266 κληρονομεῖν
1706 2193 1770 2266 δὴ

175 2291 283 2363 τὴν
310 2289 461 2361 ζωὴν
494 2288 629 2360 (69),
657 2287 827 2357 λέγει.
866 2288 976 2341 Καὶ
1020 2287 1387 2358 ἀποθνήσκειν
1420 2286 1518 2357 μὲν
1557 2286 1733 2358 σάρκα
1753 2326 1769 2351 ,

180 2383 284 2454 ζῇν
336 2381 400 2435 δὲ
454 2380 555 2452 τὴν
611 2378 884 2451 βασιλείαν
934 2378 1043 2432 τῶν
1094 2378 1359 2451 οὐρανῶν,
1426 2377 1659 2432 Ὀπόταν
1707 2377 1771 2450 δὴ

179 2471 385 2541 σάρκα
414 2473 445 2526 6
475 2470 689 2534 Παῦλος
719 2470 817 2524 καί
841 2465 984 2539 αἷμα
1010 2470 1095 2539 μὴ
1131 2469 1423 2524 δύνασθαι
1451 2468 1564 2538 τὴν
1591 2470 1773 2534 ,ϐασι-

179 2564 361 2618 λείαν
390 2562 501 2617 τοῦ
542 2559 691 2616 Θεοῦ
725 2558 1175 2629 κληρονομῆσαι
1215 2559 1383 2634 λέγῃ·
1420 2560 1518 2630 οὐχ
1553 2560 1630 2624 ὡς
1674 2561 1769 2613 ὲκ-

180 2651 501 2721 φαυλίξων,
568 2650 737 2721 φησὶ,
793 2650 891 2720 τῆς
948 2649 1150 2721 σαρκὸς
1198 2649 1299 2722 τὴν
1353 2648 1771 2718 παλιγγενεσίαν

182 2742 571 2813 ἀποφαίνεται,
602 2740 739 2796 ἀλλά
765 2740 1053 2805 διδάσκων,
1080 2742 1142 2794 οὐ
1185 2740 1638 2813 κληρονομεῖσθαι
1673 2740 1770 2811 βα·

187 2836 396 2889 σιλείαν
439 2832 610 2898 Θεοῦ,
639 2830 857 2886 αἰώνιον
899 2830 1249 2902 ὑπάρχουσαν
1294 2829 1439 2902 ζωὴν
1461 2870 1476 2895 ,
1522 2830 1626 2884 ὑπὸ
1674 2831 1768 2885 τοῦ

188 2928 469 2998 obiturae,
495 2924 629 2979 ἀλλά
655 2924 714 2978 τὸ
745 2923 902 2995 σῶμα
929 2923 1034 2977 ὑπὸ
1060 2923 1159 2994 τῆς
1182 2921 1347 2993 ζωῆς.
1374 2923 1438 2976 Εί
1472 2922 1582 2996 γάρ
1610 2923 1771 2995 ἐκλη-

186 3020 476 3092 ρσνομεῖτο
492 3017 527 3087 ἡ
561 3014 805 3087 βασιλεία
830 3012 926 3066 τοῦ
954 3011 1090 3067 Θεοῦ
1120 3013 1225 3066 ὑπὸ
1245 3012 1340 3067 τοῦ
1379 3012 1627 3085 σώματος
1653 3014 1767 3088 ζωὴ

183 3111 512 3182 ἀπάρχουσα
531 3148 547 3173 ,
580 3107 886 3160 συνέϐαινεν
916 3105 982 3160 ἂν
1018 3104 1117 3177 τὴν
1137 3105 1281 3177 ζωὴν
1303 3104 1530 3177 ὐπδςτῆς
1563 3104 1769 3176 φθορᾶς

183 3200 607 3259 κατατείνεσθαι.
628 3199 742 3253 Νῦν
762 3199 818 3252 δὲ
844 3198 905 3252 τὸ
927 3195 1189 3268 τεθνηκὸς
1213 3198 1247 3269 ἡ
1276 3196 1392 3268 ζωὴ
1419 3197 1766 3270 κληρονομεῖ,

186 3294 269 3348 [να
318 3294 407 3356 είς
449 3293 601 3355 νῖκος
634 3288 917 3361 καταποθῇ
974 3289 1003 3342 ὁ
1034 3287 1279 3352 θάνατοςξ
1308 3287 1415 3341 ὑπὸ
1448 3287 1547 3359 τῆς
1580 3282 1764 3359 ¹ζωῆς,

182 3387 272 3439 καὶ
332 3384 400 3437 τὺ
466 3380 704 3453 φθαρτὸν
752 3380 852 3452 τῆς
899 3378 1206 3452 ἀφθαρσίας
1254 3378 1442 3449 κτῆμα
1491 3379 1768 3451 ἀναφανῇ·
1799 3361 1839 3418 c

181 3475 477 3548 ἐλεύθερον
536 3472 634 3545 μὲν
695 3471 926 3525 θανάτου
983 3471 1077 3525 καὶ
1137 3470 1413 3542 ἁμαρτίας
1469 3470 1768 3542 γεγενημέ-

180 3587 267 3625 νον
287 3609 306 3632 ,
353 3566 544 3621 δοῦλον
580 3565 637 3619 δὲ
690 3567 785 3619 καὶ⁴
820 3566 1059 3637 ὑπήκοον
1106 3562 1399 3627 ἀθανασίας
1420 3580 1435 3594 ’
1479 3563 1627 3627 ὅπως
1667 3563 1768 3635 τῆς

182 3658 499 3732 ἀφθαρσίας
519 3656 584 3710 τδ
614 3656 774 3728 σῶμα
799 3653 857 3731 ᾖ,
881 3657 973 3709 καὶ
1004 3656 1077 3729 μὴ
1098 3654 1192 3708 τοῦ
1219 3654 1469 3726 σώματος
1495 3656 1529 3725 ἡ
1556 3653 1767 3725 ἀφθαρ-

182 3750 292 3803 σία.

244 3838 330 3890 Z'.
357 3835 632 3899 ὀτι,Καί
660 3836 713 3889 at
744 3835 946 3903 νεκροί
968 3836 1038 3889 ἐν
1063 3833 1295 3903 Χριστῷ
1320 3833 1768 3901 ἀναστήσονται

184 3926 451 3995 πρῶτον,
478 3925 683 3980 ἔπειτα
714 3926 884 3996 ἡμεῖς
916 3931 969 3981 οι
1004 3925 1216 3994 ζῶντες
1234 3944 1247 3958 ·
1274 3927 1303 3980 6
1332 3927 1484 3995 ἀγιος
1510 3924 1767 3989 Μεθόδιος

184 4018 323 4072 οὕτω
357 4017 524 4088 φησί.
551 4017 807 4070 Τοντέστι
825 4033 838 4048 ⁸
870 4016 1009 4073 αὒτά
1026 4016 1183 4089 ἡμῶν
1204 4016 1378 4071 ταῦτα
1406 4015 1475 4069 τά
1507 4015 1762 4087 σώματαο

186 4109 347 4179 ἡμεῖς
375 4108 495 4181 γὰρ
519 4109 570 4162 οἱ
600 4108 800 4175 ζῶντες
830 4111 886 4162 αἱ
916 4109 1085 4180 ψυχαί
1132 4112 1318 4181 ἐσμεν,
1353 4110 1403 4163 oi
1438 4107 1765 4180 ἀπολαμϐά-

187 4217 368 4266 νοντες
399 4200 718 4272 ἑγερθέντες
741 4201 849 4274 (70)
880 4202 946 4256 ὲκ
965 4202 1064 4273 τῆς
1093 4201 1198 4272 γῆς
1222 4203 1349 4265 τοὺς
1372 4200 1627 4271 νεκρούς·
1654 4200 1762 4267 ἴνα,

185 4291 262 4357 εἰς
298 4293 617 4365 ἀπάντησιν
651 4292 766 4364 ἃμα
797 4294 979 4359 αὐτοῖς
1013 4293 1383 4366 ἁρπασθέντες
1408 4293 1501 4347 τοῦ
1536 4292 1765 4365 Κυρίου,

1872 2103 2031 2175 longe
2075 2104 2143 2160 ab
2181 2103 2554 2174 apostolorum
2579 2097 2921 2171 temporibus
2952 2102 3007 2151 et
3031 2094 3325 2149 virtutibus
3357 2108 3444 2148 re-

1871 2206 2072 2260 motus,
2108 2195 2256 2268 quod
2282 2195 2501 2266 quidem
2528 2190 2785 2255 fmortale
2825 2195 2931 2252 est,
2981 2185 3250 2258 possideri
3282 2184 3438 2248 dicit,

1868 2288 2033 2344 vitam
2065 2296 2245 2343 autem
2304 2284 2605 2357 possidere.
2656 2280 2722 2334 Et
2749 2292 2970 2334 carnem
3002 2276 3220 2348 quidem
3249 2274 3388 2330 mori
3419 2315 3437 2339 ,

1870 2380 2135 2433 caelorum
2172 2384 2353 2432 autem
2403 2388 2632 2446 regnum
2687 2369 2894 2426 vivere.
2951 2369 3088 2424 Cum
3140 2367 3324 2438 itaque
3363 2367 3440 2419 ait

1869 2469 2071 2528 Paulus
2102 2470 2169 2537 °',
2203 2484 2308 2524 non
2336 2481 2486 2537 posse
2517 2480 2730 2519 carnem
2758 2473 2808 2518 et
2837 2463 3145 2531 sanguinem
3172 2498 3189 2524 ,
3225 2473 3439 2529 regnum

1871 2560 2300 2631 Dei‘possidere:
2334 2573 2446 2614 non
2494 2570 2582 2624 eo,
2625 2555 2825 2626 inquit,
2867 2551 3020 2615 dicit,
3051 2557 3112 2605 ut
3138 2549 3321 2604 carnis
3351 2564 3441 2604 re-

1869 2654 2269 2725 generationem
2295 2649 2547 2707 videatur
2580 2661 2777 2717 negare
2805 2662 2821 2713 ;
2852 2643 2947 2701 sed
2980 2650 3041 2697 ut
3081 2642 3297 2706 doceat,
3327 2655 3439 2695 non

1868 2744 2137 2818 possideri
2163 2759 2391 2817 regnum
2426 2741 2521 2798 Dei
2552 2742 2699 2813 quod
2737 2747 2823 2796 est
2844 2740 2955 2792 vita
2987 2742 3211 2798 aeterna,
3256 2747 3287 2787 a
3317 2746 3442 2787 coro

1870 2850 2034 2907 pore,
2066 2834 2162 2891 sed
2191 2848 2392 2905 corpus
2413 2846 2443 2887 a
2476 2831 2611 2889 vita.
2644 2829 2703 2885 Si
2728 2831 2875 2886 enim
2913 2840 3142 2899 regnum
3173 2822 3437 2886 Dei,cum

1867 2926 1939 2982 sit
1960 2926 2091 2993 vita,
2120 2939 2151 2979 a
2177 2939 2407 2995 corpore
2432 2921 2843 2994 possideretur;
2889 2917 3131 2975 eveniret
3156 2922 3217 2970 ut
3261 2913 3370 2969 vita
3405 2926 3439 2967 ο

1868 3015 2221 3087 corruptione
2273 3015 2678 3071 absorberetur.
2734 3010 2891 3067 Nunc
2945 3016 3159 3073 contra,
3193 3006 3249 3062 id
3292 3005 3439 3077 quod

1868 3116 1951 3165 est
1981 3115 2281 3172 mortuum,
2310 3122 2341 3161 a
2364 3108 2476 3162 vita
2506 3106 2839 3176 possidetur,
2869 3110 2931 3158 ut
2959 3117 3110 3157 mors
3134 3101 3191 3155 in
3208 3098 3439 3155 victoria

1868 3201 2230 3258 absorbeatur
2254 3215 2286 3255 a
2319 3201 2428 3255 vita
2461 3220 2474 3255 :
2501 3196 2963 3269 corruptibileque
3010 3192 3144 3248 illud
3187 3192 3440 3247 incorru-

1873 3290 2042 3362 ptioni
2067 3288 2347 3361 possessio
2378 3289 2535 3345 cedat
2565 3306 2579 3356 ;
2633 3288 2923 3343 liberatum
2952 3282 3173 3355 quidem
3205 3297 3236 3337 a
3267 3291 3440 3337 morte

1874 3392 1929 3440 et
1956 3390 2207 3454 peccato.
2245 3380 2450 3436 factum
2483 3388 2663 3435 autem
2702 3376 3097 3433 immortalitati
3132 3375 3439 3445 subjectum

1872 3487 1925 3533 et
1954 3492 2209 3544 servum;
2259 3482 2319 3531 ut
2347 3488 2548 3544 corpus
2576 3471 2794 3543 quidem
2844 3471 2917 3527 sit
2959 3465 3391 3539 incorruptionis
3417 3504 3436 3532 ,

1871 3585 1979 3626 non
2009 3568 2349 3641 incorruptio
2378 3565 2646 3637 corporis.

1941 3835 2055 3893 νη.
2086 3837 2224 3894 Illud
2257 3854 2273 3894 :
2308 3836 2376 3892 Et
2407 3835 2603 3891 mortui
2636 3836 2726 3906 qui
2752 3834 2806 3888 in
2840 3832 3054 3889 Christo
3084 3838 3227 3896 sunt,
3256 3845 3433 3885 resur-

1870 3939 1988 4004 gant
2016 3932 2245 4002 primum
2270 3971 2287 3996 ,
2327 3929 2514 3985 deinde
2543 3946 2637 3983 nos
2665 3928 2755 3997 qui
2793 3927 3012 3981 vivimus
3048 3925 3094 3957 ⁸⁵
3124 3941 3142 3978 :
3173 3924 3254 3979 sic
3290 3923 3438 3978 edis-

1872 4024 2005 4081 serit
2032 4022 2089 4077 S.
2125 4022 2449 4078 Methodius.
2483 4020 2596 4075 Hoc
2624 4031 2747 4075 est:
2785 4017 2908 4089 Ipsa
2938 4024 3126 4073 nostra
3162 4016 3274 4070 haec
3310 4029 3438 4070 cor-

1872 4125 2045 4183 pora:
2076 4108 2190 4165 Nos
2224 4110 2370 4165 enim
2410 4109 2505 4179 qui
2534 4109 2770 4164 vivimus
2806 4108 2943 4179 (73).
2993 4107 3188 4161 animae
3222 4120 3436 4171 sumus,

1870 4205 1962 4274 qui
1995 4202 2325 4259 resumimus
2356 4202 2589 4257 excitata
2608 4217 2639 4255 a
2665 4209 2811 4256 terra
2831 4215 3062 4270 corpora
3093 4207 3341 4263 mortua;
3378 4204 3439 4252 ut

1873 4295 1930 4348 in
1962 4306 2253 4348 occursum
2286 4290 2525 4357 Domini,
2550 4308 2659 4346 una
2692 4307 2816 4347 cum
2847 4292 2957 4347 illis
2991 4289 3167 4362 rapti,
3201 4289 3441 4360 gloriose

251 4470 347 4527 ἠ
381 4468 513 4526 Cor.
544 4486 637 4534 xv,
659 4469 748 4526 53.
823 4469 870 4502 ⁸⁸
898 4467 1031 4524 ibid.
1060 4468 1150 4523 42.
1221 4468 1264 4500 ⁸⁸
1300 4466 1430 4522 ibid.
1457 4467 1547 4523 49.
1622 4468 1666 4501 “
1694 4465 1911 4534 Cen.ttt,
1945 4468 2031 4523 i9.
2106 4468 2152 4502 ⁸³
2177 4466 2199 4522 l
2225 4466 2351 4525 Cor.
2379 4483 2470 4533 xv,
2497 4467 2587 4523 50.
2661 4465 2709 4499 “
2738 4465 2758 4519 l
2795 4465 2975 4521 Thess.
3007 4480 3080 4531 Iv,
3108 4463 3194 4521 16.

257 4642 394 4714 (69),
416 4643 538 4710 Τὴν
575 4642 746 4714 ζωήν.
783 4643 942 4708 Editi,
974 4647 1036 4700 τὸ
1078 4644 1204 4710 ζῶν.
1241 4644 1499 4701 Fortasse
1539 4646 1760 4701 rectius.

1868 4646 2065 4718 Συρίας
2085 4645 2184 4719 τῇς
2205 4644 2586 4719 Παλαιστίνης,
2608 4645 2780 4716 Syria:
2802 4644 3128 4719 Palmstinaf,
3153 4653 3211 4697 ut
3233 4643 3431 4719 Euseb.

193 4711 600 4797 Eéreditarinid
620 4711 757 4797 quod
785 4716 1006 4797 mortale
1035 4727 1112 4797 est
1144 4716 1291 4797 dicit,
1326 4715 1635 4797 Ittereditare
1663 4734 1762 4770 au-
1795 4741 1838 4797 υ
1869 4711 2012 4797 iv,
2043 4711 2209 4797 (ιι-Π,
2244 4726 2302 4797 ει
2327 4727 2392 4797 ut
2412 4711 2858 4797 Photiusmoster
2883 4716 2936 4797 in
2967 4716 3201 4797 s‘ua‘hac
3236 4715 3434 4797 Μυριο-

193 4783 387 4839 amid

195 4852 580 4927 deperditaS.
611 4852 808 4911 Justini
850 4855 920 4911 Μ.
950 4857 1307 4927 doctissimus
1342 4852 1757 4927 Maranusi'pag.

195 4925 322 4987 596,
360 4924 454 4979 ubi
496 4924 608 4998 haec
640 4927 862 4998 adnotat
892 4925 1145 4998 :_Similis
1189 4928 1457 4983 sententia
1483 4924 1763 4998 apud'lré-

195 5009 377 5050 natm
408 5015 421 5049 :
457 4995 554 5063 qui
595 4997 809 5062 quidem
846 4996 977 5049 mihi
1006 4997 1220 5052 videtur
1245 4995 1554 5051 accuratius
1583 4998 1765 5053 dicere

196 5079 411 5119 carnem
434 5064 742 5119 hwreditate
759 5065 1012 5134 possideri
1028 5068 1093 5137 in
1123 5083 1298 5137 regno,
1332 5083 1393 5122 ea
1423 5068 1475 5120 in
1502 5065 1763 5137 Spiritum

196 5144 458 5209 sanctum
490 5139 848 5209 transtejens,
872 5150 993 5205 qua:
1025 5135 1327 5191 Methodius
1351 5137 1419 5192 de
1455 5135 1575 5207 ipso
1604 5153 1770 5209 regno

197 5207 468 5258 ullarum
489 5205 644 5259 dixit.
676 5204 842 5261 ϐΑιι..

289 5275 382 5339 70)
430 5274 818 5345 Ἐγερθέντες.
849 5275 934 5330 AI.
968 5274 1305 5345 ὲγερθέντας.

291 5345 386 5413 7|)
442 5343 667 5413 Propter
699 5343 1113 5413 castigationem.
1161 5347 1261 5400 Διά
1304 5345 1602 5402 παίδευσιν.
1651 5345 1766 5401 Bu-

200 5413 680 5487 pitucald:_habet,
710 5414 799 5468 διά
832 5416 1135 5486 παρακοήν.
1166 5416 1365 5469 Neutra
1404 5418 1766 5487 lectiogsper-

198 5481 401 5538 nes-da.
446 5481 517 5538 Ut
543 5488 689 5539 enim
739 5481 966 5556 fuerit'a
996 5481 1440 5556 praevaricatione
1487 5495 1541 5541 et
1580 5481 1769 5542 inobe-

199 5556 432 5627 dientia,
461 5556 755 5627 castigatio
780 5555 1160 5627 nihilominus
1206 5556 1329 5617 fuit,
1363 5571 1632 5627 poenaque
1680 5559 1767 5612 in-

200 5624 386 5685 docta,
415 5640 524 5678 non
557 5626 829 5694 perdendo
859 5625 1081 5691 homini,
1114 5627 1206 5681 sed
1239 5624 1555 5681 erudiendo;

268 5696 392 5763 (72)
420 5694 669 5748 Justinus
701 5711 817 5751 vero
859 5694 1261 5766 Neapolitanus.
1299 5695 1618 5766 Neapoleos.
1654 5711 1764 5752 non

210 5765 439 5822 celebris
480 5767 630 5822 illius
675 5766 983 5837 Campaniae
1029 5767 1082 5821 in
1134 5764 1308 5833 italia,
1364 5764 1460 5824 sed
1515 5783 1637 5838 qua:
1681 5780 1766 5824 est

417 4783 555 4858 quod
599 4785 742 4858 vivit.
788 4784 901 4858 Hoc
941 4786 1145 4858 dictum
1191 4786 1552 4858 reiert__inter
1595 4802 1761 4857 opera

1872 4785 2057 4858 σίὸλῳ’
2083 4786 2320 4858 Πατρίδα
2342 4783 2452 4858 εἶχε
2470 4786 2762 4843 Νεάπολιν.
2792 4785 2888 4858 τὴν
2915 4783 3140 4858 Δτὴν
3164 4783 3433 4858 ἐπαρχίαν

1866 4853 2124 4910 τελοῦσαν
2139 4853 2519 4928 Παλαιστίνης,
2538 4859 2777 4928 patriam_
2790 4853 2970 4928 (mgna
3000 4853 3297 4928 Neapolim,
3313 4853 3316 4854 ⁷
3335 4853 3436 4907 Ρα-

1870 4930 2091 4982 Iuntina:
2132 4943 2405 4996 accensum
2437 4923 2702 4996 oppidum.
2744 4923 2835 4979 Sic
2867 4923 3055 4979 Latine
3086 4925 3235 4996 satis
3265 4925 3434 4996 inter-

1868 5012 1993 5066 pres
2031 4998 2173 5067 apud
2201 4993 2478 5067 Iustinum
2502 4993 2781 5067 ’Parisinas
2822 4996 3077 5067 editionis
3116 4993 3274 5057 1615,
3325 4995 3433 5047 uti-

1871 5083 1995 5120 nam
2034 5066 2190 5137 aeque
2218 5066 2527 5121 Christiane
2560 5068 2623 5137 in
2656 5066 2832 5137 titulo_
2850 5066 3068 5136 egisset,
3100 5080 3169 5137 ac
3202 5066 3282 5118 vel
3318 5080 3430 5137 non

1876 5134 2323 5198 fecisset't'ucum,
2355 5138 2435 5190 vel
2466 5136 2570 5191 sibi
2601 5135 2711 5189 fieri
2741 5151 2771 5189 a
2792 5134 3037 5190 Graeculo
3058 5135 3429 5202 schismatico,

1874 5216 2204 5274 praenotante
2226 5216 2486 5276 sanctum,
2514 5205 2618 5259 diri
2652 5205 2963 5276 schismatis
2990 5206 3426 5276 antesignanum,

1873 5290 1980 5329 non
2010 5278 2364 5345 permisisset.
2390 5275 2590 5331 Locum
2619 5292 2684 5330 ex
2727 5292 2834 5345 quo
2860 5274 3298 5345 Methodius'ista
3333 5274 3430 5329 de-

1872 5345 2121 5417 scripsit.
2148 5349 2288 5400 mala
2335 5348 2544 5400 numeri
2592 5344 2851 5417 ascriptin
2889 5346 2940 5417 in
2975 5344 3189 5400 Iustino
3210 5345 3427 5402 celavit.

1942 5417 2054 5484 (75)
2076 5415 2186 5470 Nos
2209 5418 2345 5470 enim
2364 5417 2454 5486 qui
2480 5417 2715 5470 vivimus.
2743 5415 3010 5472 Subtilior
3030 5416 3243 5469 videtur
3262 5430 3426 5486 quam

1873 5488 2099 5542 solidior
2139 5488 2268 5541 dicti
2316 5487 2598 5557 apostolici
2647 5488 2943 5556 expositio,
3001 5487 3134 5542 satis
3183 5486 3426 5557 alioquin

1872 5557 2103 5611 dillicilis
2126 5574 2141 5624 ;
2168 5574 2275 5627 quo
2308 5555 2485 5627 tamen
2521 5555 2730 5611 Paulus
2748 5557 2922 5625 magni
2954 5571 3066 5612 rem
3096 5555 3424 5611 sacramenti

1871 5629 2139 5683 contineri
2169 5626 2364 5682 innuit.
2398 5626 2716 5682 Communis
2753 5628 3041 5696 expositio,
3073 5635 3133 5682 ut
3171 5630 3427 5698 loquatur

1870 5699 1939 5753 de
1973 5700 2039 5752 iis
2070 5699 2162 5769 qui
2201 5707 2332 5753 tunc
2355 5698 2678 5768 superstites
2698 5706 2879 5764 erunt,
2912 5706 2967 5757 et
3003 5700 3056 5754 in
3081 5714 3272 5755 eorum
3300 5710 3425 5768 per-

1870 5784 2003 5825 sona
2024 5786 2040 5836 ;
2064 5783 2168 5841 qua
2192 5770 2260 5825 de
2289 5785 2350 5826 re
2381 5769 2451 5824 ibi
2484 5770 2825 5839 interpretes.
