3962 6204
501 336 611 392 215

1464 326 1523 383 Β.
1563 320 1893 381 METHODII
1935 321 2242 378 EPISCOPI
2283 318 2370 373 ΕΤ
2415 313 2772 372 MARTYRIS

3648 313 3755 368 $I6

499 452 607 519 ipsi
647 447 986 506 celebremus
1037 440 1234 499 Icstum
1285 442 1757 497 resurrectionis:
1809 455 1875 496 eo
1925 438 2072 510 quod

2197 434 2398 502 Medae);
2428 433 2772 504 ὲορτάσωμεν
2803 430 2950 502 αύτῷ
2989 430 3089 503 τὴν
3122 429 3348 503 φαιδρὰν
3379 429 3482 500 τῆς
3517 430 3753 486 ἀναστά-

501 551 705 598 ιειειιηη
731 545 920 594 nostra
948 532 1320 596 tabernacula,
1357 547 1635 601 nunquam
1667 531 1900 601 amplius
1934 530 2074 584 inte-

504 638 677 690 ritura
709 631 792 686 vel
821 625 1193 689 dissolvenda,
1223 625 1616 694 acceperimus.

578 723 714 779 VIII.
747 723 888 783 Vidi.
912 720 1108 790 inquit,
1135 735 1186 772 Ill
1207 716 1434 788 Olympo
1457 725 1641 771 monte
1670 715 1867 786 Lyciae,
1895 717 2072 787 ignem

507 826 700 888 sponte
722 831 820 868 sua
853 815 907 868 iu
942 812 1144 866 mOllllS
1172 814 1456 866 cacumine
1495 821 1838 864 enasceulem
1873 827 1888 876 ;
1919 810 2074 879 juxta

506 925 665 979 quem
698 910 886 975 stirps,
930 921 1204 975 pyragnus
1244 905 1485 965 nomine,
1513 903 1750 964 exsistit,
1783 901 1918 956 adeo
1972 899 2073 953 Ilo-

507 1001 627 1054 rida
657 1001 835 1054 virens
849 1008 900 1052 et
929 1014 1118 1066 opaca,
1148 1007 1205 1051 ut
1227 1013 1258 1052 e
1287 996 1434 1050 fonte
1457 995 1634 1066 potius
1659 1002 1784 1047 nata
1807 993 2072 1046 videatur.

507 1091 679 1158 Quam
707 1091 870 1160 igitur
890 1091 959 1143 ob
989 1105 1233 1150 causam,
1278 1104 1402 1142 cum
1437 1095 1644 1140 natura:
1692 1084 2076 1154 corruptibiles

509 1186 639 1241 sint,
676 1190 728 1235 et
762 1197 988 1251 corpora
1043 1182 1110 1234 ab
1141 1181 1265 1250 igne
1295 1187 1729 1244 consumantur;
1781 1177 1893 1231 haec
1932 1177 2076 1230 nihi-

509 1275 747 1330 lominus
782 1275 969 1343 stirps,
1007 1289 1115 1326 non
1150 1273 1310 1326 modo
1339 1287 1444 1325 non
1471 1271 1719 1324 exuritur
1739 1309 1754 1334 ,
1788 1269 1882 1324 sed
1913 1270 2077 1325 etiam

511 1369 686 1438 magis
713 1366 1028 1426 efﬂorescit,
1070 1363 1320 1434 quamvis
1349 1371 1542 1416 natura
1568 1362 1726 1416 facile
1753 1363 1911 1416 exuri
1951 1376 2080 1431 pos-

512 1462 606 1522 sit,
640 1461 940 1530 praesertim
967 1459 1032 1515 ad
1070 1459 1241 1526 ipsius
1299 1456 1512 1510 radices
1569 1455 1692 1524 igne
1744 1454 2080 1509 eructante?

513 1549 714 1604 Ilzunos
744 1567 874 1620 ergo
922 1565 986 1604 ex
1018 1548 1462 1616 circumjacentis
1503 1546 1653 1600 silvae
1684 1546 1966 1600 arboribus
2023 1545 2079 1598 in

513 1643 694 1713 ignem
742 1642 852 1695 illic
882 1649 1256 1710 erumpentem
1284 1639 1492 1707 conjeci
1527 1655 1541 1704 ;
1592 1637 1683 1707 qui
1716 1637 1897 1691 subito
1930 1634 2080 1688 llam-

517 1735 623 1788 mis
656 1734 917 1801 correpti,
971 1733 1026 1784 iu
1083 1731 1322 1784 cinerem
1367 1728 1568 1784 redacti
1599 1736 1744 1782 sunt.
1780 1727 1919 1793 Quid
1952 1743 2080 1798 ergo

2175 544 2310 590 σεως
2358 526 2581 597 ἑορτὴν,
2632 526 2748 579 ἀνθ’
2797 542 2870 578 ων
2902 524 3152 586 αἰωνίους
3197 523 3350 593 ἡμῶν
3397 521 3498 585 τάς
3547 523 3754 592 σκηνὰς

2173 619 2352 673 οὐκέτι
2389 617 2784 688 τεθνηξομένας
2819 617 2852 687 ἢ
2879 615 3250 686 λυθησομένας
3278 613 3682 684 ἀπειλήφαμεν.

2244 713 2324 766 Η⁹.
2363 712 2502 772 Ὅτι,
2531 711 2715 779 φησιν,
2752 709 3063 778 ἐθεασάμην
3088 710 3144 760 ὲν
3183 707 3442 777 Ὀλύμπῳ
3462 706 3574 775 ἐγὼ
3597 705 3753 776 (ὅρος

2173 800 2230 854 δέ
2276 803 2420 853 ἐστιν
2460 803 2488 853 ὁ
2526 799 2802 869 Ὄλυμπος
2835 798 2932 866 τῆς
2975 794 3250 864 Λυκίας·)
3296 795 3406 866 πῦρ
3433 793 3753 862 αὐτομάτως

2175 891 2316 945 κατά
2345 890 2440 962 τὴν
2468 888 2777 961 ἀκρώρειαν
2815 887 2910 942 τοῦ
2956 891 3118 958 ὄρους
3147 885 3390 940 κάτωθεν
3416 889 3480 939 ὲκ
3513 886 3611 956 τῆς
3649 885 3754 954 γῆς

2177 981 2578 1052 ἀναδιδόμενον,
2614 980 2743 1052 περ).
2770 980 2798 1032 ὃ
2847 979 3124 1051 πύραγνος
3177 977 3341 1047 φυτόν
3387 979 3568 1036 ἐστιν,
3611 977 3754 1030 οὕτω

2180 1075 2275 1144 μὲν
2307 1072 2530 1136 εὐθαλὲς
2563 1072 2657 1126 καὶ
2703 1071 2944 1142 χλοερὸν,
2980 1069 3120 1124 οὕτω
3163 1069 3221 1122 δὲ
3254 1069 3494 1130 σύσκιον,
3527 1069 3604 1132 ὡς
3647 1069 3754 1121 ὑπὸ

2179 1166 2360 1236 πηγῆς
2391 1165 2586 1237 μᾶλλον
2618 1163 2747 1217 αὐτὸ
2794 1161 3232 1233 βεὸλαστηκὲναι.
3282 1161 3358 1213 Δι’
3417 1162 3609 1230 ἥντινα
3661 1155 3753 1214 οὖν

2178 1258 2377 1321 αἰτίαν,
2409 1260 2456 1311 εἰ
2483 1257 2675 1326 φύσεις
2708 1256 2814 1309 είσὶ
2849 1253 3104 1325 φθαρτῶν
3126 1294 3140 1316 ,
3182 1247 3272 1301 καὶ
3295 1245 3390 1298 {ne
3418 1250 3591 1318 πυρὸς
3617 1261 3758 1300 κατ-

2183 1344 2619 1415 αναὶισκομένων
2676 1347 2962 1417 σωμάτων,
2984 1346 3044 1396 ού
3085 1343 3243 1414 μόνον
3264 1342 3323 1395 ού
3353 1339 3756 1409 καταφλέγεται

2177 1441 2238 1494 τὸ
2266 1440 2429 1508 φυτὸν
2459 1439 2635 1501 τοῦτο,
2664 1438 2797 1492 ἀλλὰ
2830 1436 2924 1490 καὶ
2955 1433 3152 1506 μᾶλλον
3185 1432 3546 1503 ἀκμαιότερον
3578 1429 3755 1499 ὑπάρ-

2179 1548 2284 1601 χει,
2314 1533 2361 1584 εί
2386 1533 2451 1601 τῇ
2494 1530 2657 1600 φύσει
2703 1530 2850 1583 ἐστὶν
2882 1526 3212 1591 εὕκαυστον,
3270 1525 3364 1579 καὶ
3417 1523 3590 1577 ταῦτα
3628 1524 3757 1594 περὶ

2180 1621 2349 1685 αύτάς
2368 1621 2531 1676 αὐτοῦ
2563 1621 2718 1692 ῥίζας
2745 1619 2840 1672 τοῦ
2872 1618 3043 1690 πυρὸς
3072 1616 3480 1685 ὲντυφωμένους
3515 1613 3758 1677 Κλάδους

2181 1713 2310 1782 γοῦν
2343 1713 2452 1782 ἐγὼ
2485 1713 2714 1783 δένδρων
2749 1712 2814 1764 ἐκ
2838 1711 2937 1782 τῆς
2967 1709 3376 1781 παρακειμένης
3413 1706 3545 1776 ὕλης
3588 1706 3755 1777 ἐπέρ-

515 1828 621 1881 sibi
651 1827 763 1878 vult
793 1826 897 1878 hoc
921 1821 1280 1875 miraculum?
1305 1821 1528 1888 Signum
1558 1828 1612 1874 et
1641 1792 1901 1874 indicium
1930 1792 2078 1873 futu-

2197 1805 2332 1876 Βιψα,
2363 1805 2484 1859 καθ’
2523 1804 2582 1857 ὃν
2626 1803 2913 1874 ἐρεύγεται
2935 1803 2995 1855 τὸ
3028 1801 3138 1870 πῦρ
3174 1800 3336 1854 τόπον
3361 1817 3374 1829 ·
3413 1799 3506 1851 καὶ
3553 1799 3758 1863 εὐθέως

517 1934 591 1973 ne
619 1919 764 1972 illius
796 1917 901 1971 diei
955 1915 1095 1970 Deus
1127 1915 1227 1968 hoc
1261 1913 1528 1973 exhibuit.
1558 1914 1634 1966 uti
1661 1913 1934 1975 sciamus,
1969 1911 2083 1965 fore

519 2019 578 2064 ut
606 2010 728 2080 igne
782 2009 1048 2064 obruente
1091 2005 1271 2060 omnia
1301 2021 1364 2059 ac
1397 2012 1756 2060 consumente
1781 2043 1796 2068 ,
1850 2019 2081 2074 corpora

516 2120 638 2175 qua:
668 2105 719 2156 in
759 2103 1014 2158 castitate
1035 2111 1088 2155 et
1112 2100 1324 2168 justitia
1355 2107 1570 2153 versata
1595 2105 1745 2160 sunt,
1781 2113 1877 2167 per
1902 2098 2081 2167 ignem

517 2196 774 2251 incedant
801 2194 944 2248 haud
975 2207 1136 2249 secus
1162 2206 1227 2245 ac
1265 2205 1360 2260 per
1394 2188 1652 2260 frigidam
1686 2201 1908 2258 aquam.

587 2439 679 2495 IX.
727 2438 882 2499 Vide.
917 2439 1113 2507 inquit,
1160 2445 1343 2490 utrum
1390 2451 1500 2490 non
1544 2435 1605 2492 Β.
1650 2434 1927 2497 Joannes'.
1959 2449 2085 2488 cum

519 2534 653 2590 dicit
671 2534 715 2563 ⁸⁵
752 2553 765 2586 :
791 2531 940 2584 Dedit
977 2547 1118 2584 mare
1149 2544 1380 2582 mortuos
1406 2546 1553 2592 suos,
1589 2531 1678 2599 qui
1715 2531 1768 2582 in
1796 2545 1855 2582 eo
1883 2539 2034 2582 erant
2067 2545 2087 2583 :

2180 1902 2259 1964 εἰς
2293 1899 2462 1969 φλόγα
2506 1896 2788 1968 ἀρθέντες,
2832 1893 3240 1965 ὲτεφρώθησαν.
3277 1891 3341 1944 Τί
3384 1887 3476 1944 οὖν
3509 1890 3758 1960 βούλεται.

2179 1989 2240 2042 τὸ
2281 1987 2605 2059 παράδοξονς
2651 1989 2855 2056 Δεῖγμα
2888 1985 3045 2039 τοῦτο
3089 1984 3189 2054 τῆς
3238 1982 3534 2053 μελλούσης
3561 1983 3591 2035 ό
3626 1982 3760 2045 Θεὸς

2182 2079 2390 2152 ἡμέρας
2425 2080 2518 2132 καὶ
2551 2078 2830 2150 προοίμιον
2868 2075 3048 2128 ἔθετο·
3090 2075 3175 2128 ἵνα
3217 2071 3574 2144 γινώσκωμεν
3599 2115 3613 2138 ,
3651 2075 3759 2136 ὅτι.

2183 2173 2399 2225 πάντων
2429 2171 2559 2241 πυρὶ
2587 2167 3103 2240 κατομϐρουμένων,
3127 2165 3194 2219 τὰ
3223 2168 3280 2219 ὲν
3308 2165 3497 2235 ἁγνείᾳ
3529 2163 3763 2235 σώματα

2182 2263 2537 2334 διατρίψαντα
2564 2261 2674 2333 (76)
2735 2262 2828 2316 καὶ
2882 2257 3233 2330 δικαιοσύνῃ,
3275 2257 3523 2326 καθάπερ
3565 2256 3764 2328 ψυχρῷ

2187 2351 2336 2407 ὕδατι
2371 2353 2741 2426 ὲπιὸἡσονται.
2875 2360 2883 2367 ”

2255 2445 2332 2498 Θ’.
2371 2447 2513 2510 Ὅτι,
2549 2444 2731 2516 φησιν,
2763 2443 3056 2513 ἐπίστησον
3083 2439 3140 2493 δὲ
3168 2441 3374 2512 μήποτε
3397 2441 3492 2493 καὶ
3521 2441 3550 2491 ό
3583 2437 3768 2509 μακά-

2194 2548 2303 2602 ριος
2332 2531 2600 2599 Ἰωάννης,
2645 2532 2898 2586 Ἔδωκεν
2937 2535 2972 2598 ἡ
3006 2531 3286 2584 θάλασσα
3320 2530 3460 2595 τοὺς
3503 2531 3763 2596 νεκροὺς

518 2635 569 2680 et
592 2643 730 2678 mors
760 2634 808 2679 et
830 2625 1064 2690 infernus
1088 2621 1340 2675 dederunt
1363 2629 1594 2673 mortuos
1615 2638 1761 2686 suos,
1777 2623 1866 2691 qui
1886 2621 1941 2673 iri
1960 2622 2088 2689 ipsis

2197 2621 2330 2687 τοὺς
2355 2622 2424 2674 ἐν
2463 2620 2636 2688 αὐτῇ,
2665 2622 2836 2689 λέγων
2855 2638 2868 2651 ·
2898 2622 2993 2673 καὶ
3042 2625 3074 2675 ό
3113 2621 3364 2686 θάνατος
3393 2623 3491 2674 καί
3540 2626 3574 2676 ὁ
3608 2623 3763 2689 ᾅδης

517 2728 670 2773 erant
696 2732 715 2780 ς
746 2724 928 2786 partes
953 2716 1020 2768 ab
1051 2715 1334 2768 elementis
1359 2713 1599 2767 redditas
1639 2713 1706 2766 ad
1737 2714 2088 2782 uniuscujus-

2197 2711 2419 2764 ἔδωκαν
2444 2711 2583 2777 τοὺς
2610 2712 2863 2779 νεκροὺς
2889 2712 3029 2778 τοὺς
3055 2713 3124 2764 ἐν
3145 2713 3348 2778 αὐτοῖς
3366 2728 3381 2743 ⁸
3407 2713 3478 2766 τὰ
3508 2714 3618 2767 ἀπὸ
3655 2714 3766 2767 τῶν

521 2824 628 2878 que
659 2808 1088 2876 reparationem,
1137 2805 1480 2859 ostenderit?
1535 2803 1603 2858 Ut
1661 2820 1812 2860 mare
1847 2805 2088 2875 quidem,

2197 2807 2467 2877 στοιχείων
2497 2807 2851 2876 ἀναδιδόμενα
2883 2806 3018 2876 πρὸς
3061 2806 3498 2859 ἀποκατάστασιν
3529 2808 3765 2861 ἑκάστου

524 2897 858 2966 intelligatur
903 2893 1215 2949 substantia
1266 2892 1533 2946 humida:
1587 2891 1834 2947 infernus
1887 2900 2088 2955 autem,

2199 2897 2359 2968 μόρια
2402 2896 2670 2966 ὲδήλωσε;
2707 2896 2816 2966 Τὴν
2870 2896 2967 2966 μὲν
3015 2895 3121 2966 γάρ
3170 2895 3440 2947 θάλασσαν
3487 2891 3628 2947 εἶναι
3668 2896 3768 2966 τὴν

525 3005 642 3052 acr,
692 2986 836 3057 quod
885 2986 1153 3040 obscurus
1182 3000 1288 3038 non
1314 2983 1582 3048 videatur,
1638 2982 2088 3053 quemadmodum

2201 2985 2371 3058 ὑγρὰν
2397 2987 2599 3040 οὐσίαψ
2631 2986 2760 3057 ᾅδην
2791 2985 2847 3038 δὲ
2880 2985 2969 3038 τὸν
3000 2986 3157 3055 ἀέρα,
3188 2986 3335 3058 παρά
3363 2986 3422 3038 τὸ
3448 2987 3645 3050 ἀειδὲς·
3683 2988 3772 3041 διὰ

525 3081 786 3152 Origenes
823 3082 937 3150 ipse
956 3076 1227 3158 explicat:
1256 3091 1402 3130 mors
1433 3077 1670 3145 denique
1693 3086 1835 3131 terra
1857 3076 2088 3146 accipia-

2197 3080 2257 3132 τὸ
2301 3079 2374 3149 μὴ
2419 3077 2677 3149 ὁρᾶσθαι,
2714 3077 2960 3148 καθάπερ
2999 3077 3187 3147 ἐλέχθη
3232 3079 3322 3130 καὶ
3349 3077 3636 3148 Ὠριγένει·
3675 3082 3770 3132 καὶ

527 3179 638 3232 tur,
693 3185 757 3224 eo
789 3178 934 3238 quoa
987 3153 1234 3221 mortuus
1277 3166 1330 3218 in
1379 3182 1442 3219 ea
1472 3175 1813 3236 reponatur:
1867 3167 2012 3222 unde
2043 3177 2088 3222 el

2201 3139 2426 3224 θάνατον
2575 3173 2697 3240 γῆν,
2729 3169 2878 3239 παρά
2902 3139 2962 3221 το
2984 3171 3040 3220 ἐν
3230 3139 3497 3222 κλίνεσθαι
3527 3171 3614 3222 τὸν
3649 3170 3772 3242 θνή-

530 3259 702 3330 pulvis
732 3260 918 3312 mortis
951 3258 1256 3328 appellatur
1298 3255 1351 3308 in
1383 3253 1617 3310 Psalmis
1647 3257 1714 3322 ⁸⁸,
1747 3255 1970 3313 Christo
2015 3258 2090 3312 di-

533 3361 710 3413 cente,
737 3369 790 3406 se
816 3351 868 3404 in
900 3351 1161 3418 pulverem
1187 3349 1370 3401 mortis
1402 3347 1684 3401 deductum
1719 3365 1852 3403 esse.

604 3445 672 3503 Χ.
711 3443 984 3514 Qui-lquid
1019 3443 1183 3502 enim,
1223 3441 1416 3510 inquit,
1457 3455 1524 3492 ex
1559 3455 1694 3508 puro
1730 3454 1854 3494 aere
1881 3445 1936 3492 et
1961 3453 2102 3508 puro

535 3540 659 3610 igne
692 3537 1057 3606 componitur,
1087 3531 1332 3601 ejusdem
1359 3547 1481 3584 cum
1511 3531 1769 3600 angelicis
1793 3529 2104 3584 concretio-

537 3633 698 3688 nibus
731 3631 842 3702 (74)
891 3640 941 3685 et
975 3628 1298 3699 corporibus
1337 3626 1656 3682 substantiae
1690 3634 1795 3688 est,
1828 3623 2106 3694 haudqua-

536 3739 699 3793 quam
744 3736 900 3777 Ierrm
938 3737 1001 3775 ac
1030 3737 1184 3792 aqum
1213 3720 1474 3791 qualitate
1502 3718 1784 3788 praaditum
1827 3727 1944 3784 est;
1975 3718 2102 3788 quia

535 3815 849 3871 necessario
892 3814 1071 3883 ipsum
1114 3820 1254 3868 esset
1312 3819 1590 3866 terrestre.
1650 3809 1779 3866 Tale
1808 3817 1861 3867 et
1904 3810 2105 3866 talibus

537 3914 816 3968 constans,
873 3914 1307 3960 resurrecturum
1355 3918 1556 3973 corpus
1603 3901 1759 3957 ﬁnxit
1817 3903 2101 3974 Origenes,

538 3998 683 4070 quod
719 4000 880 4050 etiam
913 3997 1192 4066 spirituale
1225 3997 1535 4066 appellavit.

611 4087 702 4142 XI.
745 4089 929 4156 Atqui,
960 4089 1153 4158 inquit.
1199 4105 1318 4158 qua:
1358 4089 1568 4158 species
1597 4087 1702 4144 erit
1749 4088 2104 4159 resurgentis,

541 4183 590 4238 si
623 4180 796 4235 forma
830 4181 940 4234 haec
973 4181 1226 4246 humana,
1258 4183 1402 4236 velut
1437 4183 1704 4236 sententia
1744 4181 1913 4252 ipsius
1946 4181 2110 4235 inuti-

542 4273 634 4334 lis,
671 4271 936 4324 abolenda
964 4271 1072 4337 sit;
1106 4273 1262 4341 longe
1299 4273 1389 4326 illa
1420 4289 1486 4326 ex
1515 4273 1768 4328 omnibus
1799 4273 2106 4337 amabilior,

543 4379 666 4434 quae
690 4363 742 4414 in
779 4363 1033 4414 animalia
1062 4372 1425 4417 concrescunt
1447 4382 1458 4416 :
1479 4380 1584 4432 qua
1611 4372 1664 4418 et
1697 4363 1907 4418 Numen
1931 4365 2108 4434 ipsum

546 4459 608 4506 ut
650 4452 887 4520 imagine
921 4453 1089 4506 utitur
1119 4453 1255 4523 (75),
1310 4455 1766 4524 quemadmodum
1808 4456 1974 4511 etiam
2012 4472 2110 4514 ex-

622 4606 670 4642 "
696 4608 856 4678 Apoc.
891 4627 982 4677 xx,
1014 4611 1068 4664 5.
1143 4610 1189 4643 ⁸⁵
1220 4607 1370 4664 Psal.
1406 4626 1519 4675 xxi,
1550 4609 1638 4664 16.

2204 3275 2400 3317 σκοντα
2420 3279 2432 3292 ’
2460 3263 2581 3314 ὅθεν
2619 3261 2712 3313 καὶ
2737 3260 2884 3328 χοῦς
2908 3259 3106 3331 ἐκλήθη
3135 3259 3390 3313 θανάτου
3417 3262 3473 3314 ἐν
3509 3260 3768 3331 ψαλμοῖς

2201 3356 2288 3421 εὶς
2321 3355 2472 3423 χοῦν
2497 3353 2752 3408 θανάτου
2780 3350 3088 3419 κατῆχθαι.
3120 3353 3394 3422 εἰρηκότος
3422 3354 3682 3426 Χριστοῦ.

2269 3452 2326 3503 I'.
2368 3451 2510 3513 Ὅτι,
2547 3449 2698 3520 φησὶ,
2743 3449 2849 3502 πᾶν
2881 3447 2990 3521 γὰρ
3018 3447 3078 3500 τὸ
3107 3447 3172 3499 ὲκ
3211 3443 3453 3517 καθαροῦ
3483 3444 3644 3515 ἀέρος
3674 3442 3774 3496 καὶ

2199 3541 2438 3614 καθαροῦ
2495 3542 2665 3613 πυρὸς
2721 3541 3105 3612 συνιστάμενον
3167 3539 3464 3610 σύγκριμα,
3513 3537 3608 3589 καὶ
3661 3537 3776 3598 τοῖς

2200 3631 2506 3702 ἀγγελικοῖς
2533 3631 2813 3702 ὁμοούσιον
2843 3632 3107 3702 ὑπάρχον,
3128 3631 3188 3683 οὐ
3224 3629 3445 3682 δύναται
3483 3627 3586 3696 γῆς
3631 3625 3778 3695 ἔχειν

2203 3723 2460 3794 ποιότητα
2515 3724 2608 3776 καὶ
2653 3722 2859 3787 ὕδατος·
2911 3722 3097 3793 ἐπειδὴ
3154 3722 3490 3791 συμὸῆσεται
3558 3717 3780 3770 ἔσεσθαι

2203 3816 2334 3869 αὐτὸ
2375 3815 2595 3883 γεῶδες.
2628 3815 2878 3869 Τοιοῦτον
2910 3813 3005 3868 καὶ
3031 3814 3094 3867 ὲκ
3131 3814 3333 3866 τούτων
3375 3812 3436 3864 τὸ
3481 3809 3782 3880 ἀναστῆναι

2208 3907 2396 3978 μέλλον
2425 3908 2584 3978 σῶμα
2615 3907 2900 3978 ἀνθρώπου
2945 3905 3221 3977 Ὠριγένης
3246 3901 3595 3972 ὲφαντάζετο·
3621 3901 3651 3955 δ
3683 3901 3782 3955 καὶ

2207 4000 2574 4071 πνευματικὸν
2605 3999 2706 4070 ἔφη
2735 4000 2866 4070 (77).

2281 4094 2375 4146 ΙΑ’.
2415 4094 2557 4156 Ὅτι,
2595 4093 2744 4162 φησι,
2772 4092 3009 4145 ποταπὸν
3033 4092 3142 4162 ἀρα
3163 4089 3313 4142 ἔσται
3334 4086 3444 4156 (78)
3466 4085 3560 4138 καὶ
3589 4083 3786 4153 σχῆμα

2207 4185 2268 4238 τὸ
2300 4185 2672 4255 ἀνιστάμενον,
2708 4186 2756 4237 εί
2800 4185 2935 4248 ὅλως
2961 4185 3021 4236 τὸ
3057 4180 3443 4254 ἀνθρωποειδὲς
3484 4175 3664 4237 τοῦτο,
3700 4175 3786 4240 ὡς

2209 4277 2478 4347 ἄχρηστον
2502 4277 2560 4330 ὃν
2589 4278 2707 4331 κατ’
2729 4277 2911 4338 αὐτὸν,
2941 4273 3339 4345 ὲξαφανίζεται·
3363 4272 3389 4324 ὃ
3418 4270 3632 4323 πάντων
3658 4268 3791 4320 ἐστὶ

2208 4368 2317 4420 τῶν
2350 4372 2428 4432 είς
2463 4368 2575 4432 ζῶα
2621 4371 3063 4440 συγκεκριμένων
3113 4367 3404 4438 σχημάτων
3435 4357 3791 4434 ἐρασμιώτα-

2209 4476 2301 4514 τον
2325 4477 2338 4490 ·
2369 4453 2413 4529 ᾧ
2438 4462 2532 4514 καὶ
2558 4461 2619 4514 τὸ
2639 4461 2792 4514 Θεῖον
2821 4461 3020 4532 χρῆται
3046 4459 3213 4513 εἰκόνι
3237 4457 3376 4529 (79),
3405 4454 3660 4525 καθάπερ
3689 4452 3790 4506 καὶ

622 4765 732 4836 (74)
772 4764 904 4819 Cum
947 4765 1193 4836 angelicis
1243 4766 1656 4821 concretionibits
1693 4775 1743 4820 et
1792 4766 2088 4835 corporibus

2222 4764 2417 4822 Omisit
2441 4765 2709 4834 interpres
2736 4764 2825 4836 vel
2856 4764 3114 4818 librarius
3154 4763 3234 4836 ’τὸ
3279 4763 3441 4836 εικόνι
3471 4765 3554 4818 vel
3579 4763 3787 4833 εἰκόνα,

551 4831 739 4893 Refert
768 4838 910 4891 enim
941 4831 1307 4908 τὺσύγκριμα
1337 4852 1400 4890 ex
1435 4851 1557 4892 aere
1584 4845 1638 4892 et
1672 4838 1792 4906 igne
1815 4880 1829 4903 ,
1867 4831 2017 4908 puris
2055 4839 2119 4890 il-
2222 4836 2366 4908 quod
2395 4831 2686 4908 utrumque
2715 4835 2998 4908 probatum
3029 4842 3131 4908 est.
3154 4831 3353 4896 Utitur,
3375 4835 3629 4908 inquam;
3678 4831 3787 4908 non

556 4909 644 4963 lis.
676 4909 743 4962 ab
769 4908 1124 4975 impuriorum
1151 4905 1307 4961 terim
1349 4913 1402 4958 tt
1430 4922 1582 4978 aqua:
1642 4905 1893 4962 mistione
1920 4927 1931 4962 :
1961 4909 2120 4978 quale
2224 4905 2377 4978 quasi
2405 4907 2582 4976 ipsum
2609 4906 2679 4959 sit
2708 4905 3007 4978 ligurabile,
3028 4905 3410 4978 sed_tanqu_am
3454 4905 3583 4956 velit
3608 4907 3786 4978 perte.

557 4978 772 5050 plurimi
803 4973 1010 5032 veteres
1068 4979 1369 5050 angelicum
1408 4973 1683 5050 σύγκριμα
1707 4987 1760 5032 et
1795 4973 2122 5050 t'orpus'ipo-
2223 4973 2468 5032 ctissime
2497 4973 2874 5050 reprazsentari
2895 4973 2948 5027 in
2979 4973 3219 5050 quolibet
3248 4975 3328 5028 vel
3378 4989 3512 5028 sexu
3560 4975 3648 5050 vel
3699 4993 3786 5046 ge-

559 5044 818 5115 suerunt;
849 5064 989 5118 quos
1010 5044 1172 5118 etiam
1199 5044 1493 5116 Caietanus
1516 5044 1578 5100 ad
1605 5044 1724 5118 cap.
1747 5064 1797 5102 vt
1825 5044 2119 5118 ad'lﬂplies.
2226 5064 2355 5102 nere
2387 5066 2400 5102 :
2427 5061 2533 5117 qua
2555 5044 2743 5099 eadem
2780 5045 3006 5105 ratione,
3037 5045 3388 5118 incorporeos
3414 5044 3647 5118 angelos
3678 5044 3786 5118 tio-

559 5131 780 5190 secutus
818 5115 921 5184 est,
979 5118 1032 5172 in
1083 5117 1183 5171 hoc
1229 5115 1367 5190 ip’se_
1402 5119 1622 5172 minime
1658 5115 1986 5190 sequendus.
2027 5117 2124 5190 llic
2226 5118 2418 5190 bisque
2447 5115 2668 5190 'natura
2718 5121 3056 5190 praestantes.
3092 5131 3201 5190 non
3235 5116 3339 5169 nisi
3394 5115 3536 5190 virili
3566 5115 3787 5190 e_x_hibe-

561 5191 675 5259 ipse
709 5183 959 5257 Origenis
1000 5203 1174 5260 error,
1211 5183 1298 5242 ille
1333 5187 1577 5260 Eutycliii
1623 5183 1943 5258 patriarcha:
1972 5188 2122 5242 vide-
2225 5183 2346 5260 nius
2380 5189 2567 5257 tigura.
2597 5186 2669 5240 De
2689 5183 2888 5254 quibus
2910 5193 3089 5260 tamen
3112 5186 3258 5260 velut
3285 5185 3565 5260 corporeis
3588 5183 3789 5260 Metho-

558 5255 666 5319 tur,
693 5255 940 5330 negantis
971 5259 1098 5313 olim
1161 5255 1492 5330 tractabilem
1527 5255 1813 5329 corporum
1872 5275 2118 5314 resurre-
2220 5257 2345 5330 dius
2375 5255 2578 5323 noster,
2611 5269 2798 5330 nostro
2831 5257 3013 5310 statim
3032 5255 3545 5330 _niodo;rattributa,
3576 5258 3789 5311 ratione

558 5327 824 5406 ctioneiu;
857 5347 966 5401 quo
992 5344 1115 5406 eum
1145 5346 1353 5406 errore,
1394 5327 1688 5406 Gregorius
1718 5337 1922 5406 noster,
1967 5337 2028 5406 ut
2051 5344 2116 5383 eo
2216 5329 2390 5406 etiam
2407 5328 2676 5406 corporis,
2707 5327 3425 5406 imagine,_pbjlos_opbatur.

560 5399 694 5453 nihil
719 5405 766 5454 ei
796 5395 1091 5457 decesserit
1133 5402 1458 5466 sanctitatis,
1489 5395 1737 5457 absolvit.
1769 5401 1858 5454 Sic
1888 5399 2086 5469 passim

2283 5398 2396 5468 (76)
2427 5395 2837 5469 Διάτρίψανταζ
2872 5396 3006 5451 Cod.
3040 5395 3248 5469 Rupifg,
3279 5395 3659 5469 διατρέψαντα.

562 5473 907 5525 successione
934 5480 1259 5540 temporum,
1297 5473 1687 5529 recrudescunt
1736 5467 1916 5540 potius
1975 5477 2088 5540 vete

2241 5539 2246 5540 ί
2294 5467 2406 5538 ιη)
2445 5471 2506 5520 Ὃ
2565 5467 2662 5520 καὶ
2728 5467 3331 5540 πνευματικὸνηὲφη.
3390 5467 3576 5534 Editi;
3616 5467 3649 5522 ὃ
3695 5482 3792 5524 πν.

561 5552 649 5590 res
675 5542 932 5609 luet-eses,
995 5532 1156 5609 quam
1214 5532 1363 5595 novae
1402 5542 1644 5596 oriantur
1679 5560 1692 5594 :
1725 5532 1869 5608 Quod
1914 5539 2116 5591 utinam
2223 5532 2410 5608 ἔφησε.
2448 5608 2453 5609 ν
2713 5606 2754 5609 __
2836 5608 2852 5609 η
2878 5532 2893 5537 ⁷
3158 5532 3165 5540 ’

562 5608 720 5681 paulo
748 5606 1397 5680 superius,nostrumque
1427 5613 1599 5681 ipsum
1643 5606 1837 5675 aevum,
1871 5609 1927 5662 in
1969 5615 2088 5661 tant,

2266 5606 2404 5681 (78)
2433 5606 2806 5681 :E0'_tat.AAI.,
2828 5608 2858 5662 ὅ
2883 5609 3020 5681 ἐστι.

563 5611 720 5676 paulo
748 5612 1018 5680 superius.
1047 5620 1397 5680 nostrumque
1427 5613 1599 5681 ipsum
1643 5627 1837 5675 aevum,
1871 5611 1927 5662 in
1969 5615 2088 5661 tant,

563 5677 836 5752 ba:_t_c_seo_n
868 5681 1097 5752 colluvie
1127 5697 1234 5734 non
1261 5689 1402 5735 esset
1436 5690 1738 5752 expertum.
1787 5751 1794 5752 ί
1994 5750 2002 5752 _

2321 5611 2404 5676 78)
2433 5611 2664 5662 Ἔσται.
2696 5611 2806 5671 AL,
2828 5611 2858 5662 ὅ
2883 5611 3020 5661 ἐστι.

2292 5611 2645 5752 (79)Εικόνι.
2672 5677 2837 5734 Sirm.
2875 5679 3074 5733 εἰκόνα.

636 5746 748 5820 (75)
783 5748 904 5818 Qua
959 5758 1010 5803 et
1042 5749 1252 5806 Numen
1309 5753 1478 5818 ipsum
1506 5746 1592 5807 ἰιι
1638 5751 1865 5821 imagine
1926 5750 2110 5804 utitur.
