3972 6212
176 351 277 406 ΞΠ

1271 345 1362 401 EX
1399 344 1602 400 LIBRO
1640 343 1728 398 DE
1760 341 2358 406 RESURRECTIONE.

3307 346 3412 402 518

173 475 204 524 6
259 467 568 537 σοφώτατος
611 465 823 530 Παῦλος
867 466 1048 538 δηλοῖ·
1105 467 1274 536 Ἀνὴρ
1313 468 1429 538 μὲν
1470 467 1580 539 γὰρ
1642 470 1752 522 οὐκ

1868 470 2037 538 planat
2087 474 2523 542 sapientissimus
2571 471 2774 528 Paulus
2796 471 2884 529 ’ἐ
2923 471 3017 524 Vir
3060 467 3265 541 quidem
3312 487 3416 523 non

176 562 410 630 ὀφείλει
461 561 1016 616 κατακαλύπτεσθαι
1066 559 1181 628 τὴν
1229 560 1524 629 κεφαλὴν,
1573 559 1752 613 εἰκὼν

176 656 274 708 καὶ
320 653 468 718 δόξα
518 652 665 706 Θεοῦ
696 651 1009 721 ὑπάρχων·
1047 655 1125 716 είς
1162 652 1190 705 ὃ
1228 655 1321 706 καὶ
1348 653 1416 706 τὰ
1447 653 1607 724 νοερὰ
1643 651 1750 705 τῶν

178 746 429 814 ἀγγέλων
459 742 686 814 σώματα
725 743 1195 815 διεκοσμήθησανς
1224 740 1371 814 τΑρα
1405 745 1750 816 κυκλοτερὲς,

177 837 598 908 ῆπολυγώνιον,
645 835 676 906 ἢ
717 835 1011 907 κυϐικδν,ἥ
1055 837 1450 907 πυῳμοειδέκ
1498 836 1751 890 Πλεῖσται

178 931 284 1000 γὰρ
311 929 424 981 τῶν
451 929 744 998 σχημάτων
771 931 826 981 αἱ
855 927 1200 1000 παραλλαγαί
1219 947 1232 959 ·
1269 929 1400 983 ἀλλά
1426 930 1585 982 τοῦτο
1611 931 1754 1000 ἀμή-

179 1037 360 1091 χανον.
399 1019 609 1072 υὺκοῦν
639 1020 721 1082 τίς
745 1022 778 1090 ἡ
807 1019 1204 1092 ἀποκλήρωσις,
1233 1021 1293 1073 τὸ
1328 1022 1425 1092 μὲν
1453 1020 1754 1074 θεοείκελον

182 1113 368 1183 σχῆμα
405 1113 686 1182 (ὁμολογεῖ
721 1110 829 1183 γὰρ
876 1112 970 1164 καὶ
1009 1112 1168 1176 αὐτὸς
1214 1113 1431 1184 ὁμοειδῆ
1480 1109 1616 1166 εἶναι
1657 1111 1754 1183 τὴν

180 1205 355 1275 ψυχὴν
388 1203 467 1273 τῷ
502 1202 770 1273 σώματι·)
805 1203 1239 1274 ἀπαγορεύεσθαι
1270 1204 1344 1269 ὼς
1375 1203 1751 1275 ἀκλεέστερον,

181 1298 349 1350 ἄπουν
378 1295 439 1348 δὲ
465 1295 559 1348 καὶ
586 1295 803 1366 ἀχειρον
825 1295 1169 1361 ἀνίστασθαι;

246 1481 348 1534 IB'.
393 1481 535 1543 Ὅτι,
562 1481 744 1552 φησιν,
773 1481 801 1533 6
828 1481 1400 1554 μετασχηματισμδςή
1430 1484 1514 1547 είς
1535 1484 1594 1537 τὸ
1623 1484 1758 1538 ἀπα-

183 1571 268 1636 θὲς
295 1573 394 1625 καὶ
421 1571 627 1636 ἔνδοξόν
661 1574 807 1625 ἐστιν
856 1573 1314 1637 ἀποκατάστασις.
1345 1572 1458 1628 Νῦν
1497 1576 1600 1643 μὲν
1647 1575 1756 1647 γὰρ

181 1666 243 1718 τὸ
270 1665 447 1734 σῶμα
480 1665 771 1736 ἐπιθυμίας
804 1667 919 1719 ἐστὶ
951 1667 1044 1719 καὶ
1075 1664 1500 1733 ταπεινώσεως·
1535 1668 1616 1721 διὸ
1658 1671 1756 1724 καὶ

181 1757 382 1827 Δανιὴλ
410 1758 564 1824 ἀνὴρ
592 1758 906 1826 ἐπιθυμίας
955 1758 1118 1828 ἤκουε
1148 1757 1282 1829 (80).
1319 1758 1448 1811 Τότε
1482 1758 1538 1811 δέ
1587 1776 1754 1830 μετα-

185 1849 584 1918 σχηματίσεται
618 1849 698 1911 είς
731 1848 886 1920 σῶμα
914 1849 1119 1911 ἀπαθές
1137 1866 1150 1878 ·
1181 1850 1239 1901 οὺ
1272 1852 1335 1921 τῇ
1363 1850 1627 1923 ἐξαλλαγῇ
1656 1854 1755 1924 τῆς

179 1936 596 2008 διακοσμήσεως
641 1936 750 1989 τῶν
798 1936 994 2008 μελῶν,
1045 1936 1180 1991 ἀλλά
1223 1937 1302 2009 τῷ
1343 1939 1417 2010 μὴ
1475 1941 1757 2012 ἐπιθυμεῖν

178 2024 285 2077 τῶν
322 2026 524 2078 ὑλικῶν
547 2025 770 2097 ἡδονῶν.

250 2118 378 2171 Ὀτι
447 2119 630 2188 φησιν,
685 2117 980 2189 ἐξελέγχων
1042 2118 1134 2172 τδν
1195 2119 1496 2192 Ὠριγὲνην·
1560 2120 1756 2175 Βούλε-

177 2227 268 2262 ται
314 2208 496 2261 τοίνυν
534 2210 562 2261 6
615 2210 892 2280 Ὠριγένης
935 2209 1030 2281 τὴν
1079 2211 1176 2281 μὲν
1224 2211 1391 2282 αὐτὴν
1431 2213 1610 2284 σάρκα
1657 2214 1758 2268 οὐκ

180 2302 650 2356 ἀποκαθίστασθαι
679 2306 745 2374 τῇ
777 2303 944 2374 ψυχῇ,
969 2304 1065 2376 τὴν
1097 2304 1153 2357 δὲ
1182 2305 1339 2359 ποίαν
1367 2306 1595 2360 ἑκάστου
1629 2325 1760 2380 μορ-

182 2394 313 2464 φὴν,
338 2394 482 2447 κατά
501 2395 559 2447 τὸ
586 2391 747 2458 εἶδος,
772 2395 832 2447 τὸ
859 2395 957 2467 τὴν
983 2396 1159 2467 σάρκα
1180 2399 1274 2451 καὶ
1302 2397 1396 2451 νῦν
1426 2401 1759 2471 χαρακτηρί-

182 2487 293 2551 ζον,
336 2488 394 2538 ἐν
444 2486 613 2556 ἐτὲρῳ
653 2486 1004 2558 πνευματικῷ
1048 2489 1494 2563 ἐντετυπωμένην
1526 2493 1760 2566 ἀναστή-

183 2577 369 2630 σεσθαι
397 2577 630 2646 σώματι·
653 2579 742 2631 ἴνα
768 2579 996 2643 ἕκαστος
1018 2581 1178 2634 πάλιν
1201 2583 1228 2634 6
1258 2583 1419 2646 αὐτὸς
1449 2587 1588 2656 φανῇ
1621 2587 1759 2640 κατά

181 2670 277 2741 τὴν
329 2673 568 2742 μορφήν·
623 2671 718 2724 καὶ
759 2671 917 2725 τοῦτο
963 2669 1098 2726 εἶναι
1146 2673 1244 2745 τὴν
1287 2675 1759 2750 ἐπαγγελλομένην

185 2763 501 2815 ἀνάστασιν.
561 2762 809 2816 Ἰἐυστοῦ
854 2763 983 2836 γὰρ,
1036 2767 1219 2835 φησιν,
1281 2768 1620 2841 ὑπάρχοντος
1665 2771 1759 2825 τοῦ

184 2854 367 2907 Simo-3
408 2855 682 2925 σώματος,
725 2856 820 2910 καὶ
861 2858 1128 2928 μηδέποτε
1163 2860 1413 2930 μένοντος
1443 2863 1526 2932 ἐφ’
1562 2863 1758 2935 ἐαυτῷ,

182 2948 314 3000 ἀλλὰ
345 2949 745 3019 ἀπογινομένου
773 2951 865 3002 καὶ
895 2951 1270 3022 ἐπιγινομένου
1294 2970 1360 3006 πε
1371 2954 1422 3024 pi
1446 2955 1504 3007 τὸ
1536 2949 1672 3020 εἶδος
1700 2956 1760 3010 τὸ

182 3040 595 3113 χαρακτηρξζον
620 3041 718 3112 τὴν
759 3041 992 3113 μορφὴν,
1029 3043 1117 3113 ὑφ’
1151 3037 1210 3097 οὗ
1248 3046 1341 3098 καὶ
1373 3051 1758 3118 συγκρατεῖται

1853 562 2002 617 debet
2053 565 2224 620 uelare
2261 575 2415 634 caput
2463 583 2636 631 suum,
2667 566 2913 636 quoniam
2955 565 3128 634 imago
3161 574 3208 617 et
3247 564 3418 634 gloria

1853 655 1952 710 Dei
1980 668 2093 720 est;
2127 656 2194 710 ad
2228 659 2370 728 quod
2401 657 2588 722 etiam,
2623 656 2953 728 intelligendi
2990 655 3247 710 facultate
3277 672 3417 723 pra:-

1853 746 1965 800 dita
1996 749 2312 817 angelorum
2345 763 2596 817 corpora,
2635 759 2892 802 exornata
2922 757 3050 802 sunt
3083 756 3136 801 et
3173 743 3422 817 digesta?

1852 835 1990 891 Num
2025 854 2153 909 ergo
2187 839 2356 909 ﬁgura
2400 839 2667 909 ejusmodi
2708 838 2996 894 rotundior
3023 839 3125 894 erit
3157 847 3249 891 ant
3280 839 3421 892 mul-

1854 929 2097 998 tangula,
2132 937 2225 981 aut
2281 929 2494 994 cubica,
2527 937 2618 982 aut
2650 929 3039 1000 pyramidalis?
3069 927 3244 982 Vat-ite
3273 929 3419 982 enim

1855 1030 1981 1076 sunt
2020 1021 2314 1091 ﬁgurarum
2360 1023 2570 1091 species
2599 1040 2612 1076 :
2639 1021 2733 1076 sed
2784 1034 2868 1076 est
2918 1022 3018 1076 hoc
3064 1021 3418 1091 impossibile.

1854 1113 2036 1184 Ecqua
2068 1129 2196 1168 vero
2225 1113 2557 1180 distributio,
2591 1123 2648 1168 ut
2679 1113 2850 1168 forma
2884 1113 3102 1184 quidem
3146 1113 3236 1168 Dei
3268 1113 3424 1168 simi-

1856 1203 1923 1259 lis
1954 1203 2209 1272 (similem
2243 1203 2387 1257 enim
2437 1203 2672 1256 animam
2716 1217 2838 1257 esse
2869 1203 3080 1273 corpori
3129 1204 3242 1272 ipse
3285 1217 3422 1272 quo-

1857 1312 1963 1366 que
2005 1297 2224 1367 fatetur)
2275 1312 2372 1351 ceu
2444 1297 2730 1367 ignobilior
2763 1297 3086 1364 abjiciatur;
3136 1298 3256 1353 sine
3292 1314 3422 1354 vero

1859 1387 2092 1458 pedibus
2121 1387 2485 1457 manibusque
2515 1387 2677 1441 homo
2704 1387 2990 1456 resurgat?

1929 1475 2046 1531 XII.
2089 1476 2542 1538 Transformalio,
2576 1478 2775 1548 inquit,
2810 1487 2894 1533 est
2919 1479 2970 1532 in
2996 1487 3197 1533 statum
3235 1478 3427 1533 immu-

1858 1585 1980 1624 nem
2009 1586 2038 1622 a
2076 1572 2350 1640 passione,
2373 1585 2435 1623 ac
2467 1570 2651 1640 gloria:
2722 1571 2776 1623 in
2808 1570 3076 1640 integrum
3123 1572 3418 1628 restitutio.

1859 1661 2014 1716 Nunc
2037 1663 2236 1732 quippe
2261 1678 2448 1731 corpus
2471 1663 2723 1718 desiderii
2760 1672 2840 1718 est
2864 1672 2917 1718 et
2945 1664 3256 1718 humilitatis
3273 1666 3423 1735 (82);

1860 1751 2004 1806 unde
2050 1761 2104 1805 et
2140 1751 2326 1804 Daniel
2358 1751 2436 1804 vir
2478 1750 2856 1806 desideriorum
2897 1755 3193 1823 appellatus
3231 1763 3316 1810 est
3334 1756 3422 1811 "z

1863 1851 1992 1898 tunc
2025 1850 2203 1898 autem
2234 1843 2710 1914 transﬁgurabitur
2739 1845 2793 1898 in
2827 1860 3026 1915 corpus
3056 1845 3423 1915 impassibile;

1860 1950 1967 1989 non
2015 1935 2382 1990 membrorum
2424 1943 2619 1990 ornatu
2666 1944 2892 2003 mutato,
2925 1937 3018 1992 sed
3059 1939 3426 2008 corporalium

1858 2027 2200 2096 voluptatum
2225 2029 2496 2082 exstincto
2519 2027 2813 2082 desiderio.

1929 2118 2066 2173 Tum
2107 2120 2204 2184 ait,
2237 2135 2544 2190 coarguens
2569 2119 2854 2192 Origenem
2884 2141 2895 2175 :
2926 2120 3215 2176 Existimat
3245 2121 3428 2193 itaque

1859 2209 2121 2282 Origenes
2161 2227 2269 2266 non
2304 2213 2549 2267 eamdem
2586 2213 2778 2268 animae
2808 2229 3026 2268 carnem
3064 2215 3426 2268 instauratum

1859 2305 1962 2371 iri;
2007 2304 2101 2359 sed
2134 2304 2269 2369 fore,
2314 2311 2373 2358 ut
2412 2305 2590 2375 qualis
2645 2313 2728 2362 est
2779 2305 3118 2375 singulorum
3161 2304 3332 2358 forma
3373 2304 3428 2357 in

1859 2399 2058 2468 specie,
2103 2413 2224 2468 qua
2254 2407 2310 2452 et
2342 2400 2502 2451 modo
2529 2412 2748 2452 carnem
2795 2413 2894 2451 ceu
2941 2397 3193 2466 obsignat
3227 2396 3428 2450 distin-

1859 2493 2100 2564 guitque,
2130 2491 2360 2562 spiritali
2383 2491 2474 2544 alii
2498 2491 2714 2561 corpori
2747 2491 3035 2559 impressa,
3062 2499 3339 2560 resurgat;
3371 2496 3430 2544 ut

1859 2585 2055 2640 iterum
2094 2581 2232 2638 idem
2265 2583 2518 2654 quisque,
2559 2582 2858 2637 secundum
2897 2582 3129 2651 speciem
3165 2580 3429 2635 formam-

1861 2693 1967 2748 que
2015 2683 2309 2747 appareat:
2341 2684 2504 2746 atque
2548 2675 2689 2730 hanc
2733 2689 2856 2730 esse
2903 2675 3230 2743 promissam
3271 2673 3430 2730 nobis

1860 2769 2337 2825 resurrectionem.
2382 2767 2518 2823 Cum
2569 2767 2736 2834 enim,
2771 2766 2968 2835 inquit,
3010 2780 3210 2836 corpus
3258 2773 3432 2820 mate-

1861 2862 1996 2917 riale
2029 2861 2233 2916 ﬁuxum
2271 2862 2365 2926 sit,
2409 2875 2586 2930 neque
2618 2859 2673 2913 in
2718 2875 2776 2914 se
2821 2859 2938 2929 ipso
2975 2872 3210 2927 unquam
3257 2857 3433 2911 consi-

1863 2961 1991 3021 stat,
2033 2953 2128 3010 sed
2157 2953 2383 3008 decedat
2411 2951 2743 3020 accedatque
2780 2951 2928 3006 circa
2973 2949 3208 3020 speciem
3237 2948 3433 3004 distin~

1863 3051 2114 3117 guentem
2167 3043 2420 3107 formam,
2478 3056 2585 3112 qua
2641 3043 2803 3096 etiam
2855 3041 3022 3112 ﬁgura
3074 3041 3430 3108 continetur;

180 3134 239 3184 τὸ
274 3134 485 3202 σχῆμα·
525 3132 734 3204 ἀνάγκη
781 3132 844 3204 δὴ
885 3135 982 3205 τήν
1021 3136 1315 3190 ἀνάστασιν
1347 3138 1439 3190 ἐπὶ
1487 3139 1646 3210 μόνου
1680 3138 1758 3192 εί-

1868 3139 2024 3208 plane
2048 3134 2422 3190 necessarium
2444 3133 2754 3195 conﬁcitur.
2787 3141 2847 3187 ut
2876 3133 3208 3189 resurrectio
3235 3133 3291 3187 in
3315 3133 3433 3188 sola

181 3225 300 3288 δους
335 3224 583 3277 ἔσεσθαι.

253 3317 352 3372 ΙΓ.
393 3314 529 3370 Εἶτα
560 3319 676 3388 μετ’
706 3317 882 3388 ὀλίγον
907 3317 1088 3389 φησίν·
1125 3318 1354 3383 Οὐκοῦν,
1385 3313 1429 3372 ὦ
1471 3320 1759 3392 Ὠρίγενες,

184 3411 228 3461 εξ
261 3410 358 3462 ἐπὶ
390 3407 485 3460 τοῦ
515 3408 686 3472 εἴδους
712 3410 870 3480 μόνον
901 3407 1296 3478 προσδοκᾶσθαι
1331 3409 1635 3482 διισχυρίζῃ
1664 3411 1762 3483 τὴν

185 3502 488 3554 ἀνάστασιν
538 3501 593 3553 ἐν
641 3500 992 3572 πνευματικῷ
1043 3501 1478 3573 μεταθησομένου
1531 3501 1762 3573 σώματι,

184 3592 466 3656 ἀπόδειξίν
501 3610 557 3645 τε
589 3592 960 3664 δοκιμωτάτην
991 3593 1087 3665 τὴν
1119 3595 1260 3648 κατά
1283 3596 1372 3649 τὸν
1417 3595 1602 3649 Ἠλίαν
1635 3586 1764 3667 ἡμῖν

184 3684 457 3737 ὀπτασίαν
487 3685 581 3736 καὶ
625 3687 828 3744 Μωσέα
879 3687 1156 3758 παρέχεις·
1187 3687 1374 3758 ὥσπερ
1407 3689 1622 3751 ἐκεῖνοι,
1661 3688 1765 3756 φά-

188 3793 377 3846 μενος,
429 3776 567 3846 μετά
599 3777 694 3848 τὴν
724 3779 830 3830 ἀπὺ
857 3778 950 3831 τοῦ
988 3778 1100 3847 βίου
1135 3778 1308 3843 ἔξοδον
1357 3777 1635 3850 ὤφθησαν,
1669 3779 1768 3849 οὐχ

182 3870 380 3940 ἕτερον
427 3870 554 3938 παρ’
600 3869 628 3921 ὃ
675 3865 819 3940 εἶχον
867 3866 1006 3936 εἶδος
1040 3870 1096 3938 ἐξ
1158 3872 1329 3943 ἀρχῆς
1377 3870 1766 3936 διασώζοντες·

183 3963 331 4014 κατά
365 3962 433 4014 τὰ
468 3961 604 4014 αὐτὰ
647 3965 740 4016 καὶ
777 3966 810 4034 ἡ
849 3965 1063 4017 πάντων
1105 3963 1254 4017 ἔσται
1295 3965 1590 4027 ἀνάστασις
1627 3965 1764 4035 (8i).

196 4056 253 4108 '0
297 4055 514 4127 Μωσῆς
572 4053 628 4107 δέ
658 4055 752 4108 καὶ
792 4055 997 4119 Ἠλίας,
1030 4057 1132 4127 πρὸ
1158 4053 1252 4109 τοῦ
1283 4057 1375 4109 τὸν
1404 4057 1634 4128 Χριστὸν
1667 4075 1769 4111 πα-

188 4147 302 4199 θεῖν
331 4147 425 4198 καὶ
456 4147 770 4216 ἀναστῆναι,
789 4148 889 4219 ῆδη
917 4149 977 4200 τὸ
995 4145 1130 4212 εἶδος
1153 4149 1324 4212 τοῦτο,
1348 4149 1376 4202 δ
1404 4151 1529 4222 φῂς.
1555 4149 1769 4221 ἔχοντες

188 4241 498 4309 ἀνέστησαν
522 4241 615 4293 καὶ
647 4238 905 4310 ὤφθησαν
931 4257 944 4271 ·
981 4240 1098 4304 πῶς
1120 4241 1182 4312 δὴ
1207 4242 1284 4294 ἔτι
1303 4243 1331 4294 6
1355 4241 1584 4314 Χριστὸς
1613 4246 1771 4311 Πρω-

187 4333 439 4397 τότοκος
470 4327 607 4384 εἶναι
639 4331 756 4384 τῶν
784 4331 1011 4401 νεκρῶν
1061 4333 1165 4386 ὑπὸ
1209 4333 1318 4386 τῶν
1345 4333 1638 4406 προφητῶν
1676 4333 1770 4388 καὶ

185 4424 298 4477 τῶν
337 4424 649 4477 ἀποστόλων
683 4425 903 4495 ᾅδεται;
939 4427 1002 4478 Ei
1031 4425 1140 4497 γὰρ
1168 4425 1515 4495 Πρωτότοκος
1546 4425 1652 4478 τῶν
1683 4443 1768 4478 νε-

185 4519 339 4590 κρῶν
362 4517 596 4588 Χριστὸς
618 4512 755 4570 εἶναι
784 4518 1157 4578 πεπίστευται,
1203 4517 1544 4589 πρωτότοκος
1566 4516 1621 4569 δέ
1649 4519 1764 4570 ἐστι

183 4611 296 4662 τῶν
325 4610 535 4679 νεκρῶν
562 4611 590 4660 ὁ
617 4609 722 4680 πρὸ
750 4611 967 4663 πάντων
999 4608 1252 4671 ἀναστάς·
1278 4611 1306 4662 6
1327 4609 1383 4661 δὲ
1425 4606 1626 4678 Μωσῆς
1661 4608 1759 4680 ἠδη

185 4703 283 4756 καὶ
318 4701 428 4772 πρὸ
453 4700 548 4753 τοῦ
574 4701 664 4753 τὸν
697 4702 926 4771 Χριστὸν
961 4701 1150 4753 παθεῖν
1183 4700 1320 4770 ἔχων
1347 4709 1409 4753 το
1442 4697 1578 4764 εἶδος
1607 4700 1764 4754 τοῦτο

187 4795 363 4865 ἐᾳάνη
397 4798 512 4856 τοῖς
537 4793 871 4856 ἀποστόλοις,
900 4793 1027 4862 περὶ
1050 4792 1078 4845 ὃ
1107 4792 1438 4862 πληροῦσθαι
1472 4793 1576 4864 φῂς
1602 4793 1764 4856 αὐτὸς

186 4888 284 4958 τὴν
313 4887 632 4940 ἀνάστασιν·
660 4886 760 4940 οὐκ
789 4886 896 4958 ἄρα
925 4885 1019 4939 τοῦ
1052 4885 1223 4950 εἴδους
1249 4887 1416 4957 χωρὶς
1438 4887 1538 4958 τῆς
1567 4888 1767 4960 σαρκός

254 5043 300 5076 ⁸⁷
331 5041 351 5096 l
381 5040 512 5097 Cor.
544 5058 620 5107 χι,
653 5041 705 5096 7.
779 5042 824 5074 ⁸⁸
848 5041 989 5100 Dan.
1023 5057 1100 5109 ix,
1132 5043 1222 5098 25.
1295 5043 1340 5075 ⁸⁵
1370 5041 1532 5113 Apoc.
1566 5059 1606 5110 l,
1640 5043 1695 5099 5.

257 5199 375 5262 (80)
409 5200 639 5250 Ἦκουε.
676 5197 784 5268 AL,
819 5198 1040 5268 ἢκουσε.

256 5269 379 5334 (8|)
422 5270 625 5320 Ἔσται
642 5267 856 5320 ἀνάστῤ
890 5268 996 5330 ΑΙ.,
1027 5283 1107 5320 σοι
1138 5267 1328 5323 ἁνάστ.

261 5340 377 5404 (82)
405 5338 612 5407 Corpus
635 5337 882 5391 desiderii
931 5348 977 5390 et
1010 5338 1345 5394 humilitatis.
1381 5338 1622 5394 Alterum
1671 5338 1769 5392 ha-

187 5408 278 5463 bet
315 5409 534 5480 Paulus
569 5409 795 5480 Philipp.
857 5424 936 5469 tu.
987 5408 1078 5469 2|.
1137 5411 1366 5464 alterum
1405 5416 1520 5480 ipse
1566 5409 1768 5480 aliique

189 5480 396 5548 passim
433 5479 735 5539 insinuant,
763 5479 891 5532 dum
921 5480 1104 5534 carnis
1131 5487 1185 5532 et
1211 5479 1456 5549 corporis
1497 5479 1767 5535 desideria

192 5551 496 5619 loquuntur
549 5569 562 5604 :
609 5549 806 5616 vixque
841 5549 943 5602 nisi
978 5551 1029 5602 in
1063 5550 1254 5603 malam
1310 5560 1539 5619 partem.
1591 5554 1655 5604 At
1711 5550 1766 5604 in

194 5619 412 5673 Daniele
464 5633 690 5672 summa:
723 5619 938 5674 virtutis
962 5619 1206 5689 probatio
1231 5627 1334 5684 est,
1361 5629 1420 5674 ut
1455 5622 1534 5673 vir
1557 5619 1764 5674 deside-

192 5694 393 5743 riorum
431 5690 687 5746 audierit.
723 5705 1027 5759 quanquam
1059 5706 1160 5744 nec
1191 5691 1306 5760 ipse
1355 5692 1493 5745 male
1540 5690 1765 5744 aﬂ’ertur

193 5760 244 5812 in
303 5762 654 5827 exeruplum;
703 5769 830 5814 sunt
883 5761 1025 5814 enim
1073 5760 1234 5813 etiam
1276 5760 1544 5827 ejusmodi
1581 5761 1762 5815 cordis

203 5832 418 5886 contriti
444 5837 633 5885 sancta
662 5829 950 5898 desideria,
981 5829 1154 5887 aliena
1175 5830 1244 5888 ab
1281 5844 1478 5902 supera
1507 5831 1598 5887 illa
1619 5831 1760 5887 ἀπα-

1865 3227 2046 3298 specie
2075 3233 2129 3280 et
2164 3225 2338 3279 forma
2369 3224 2479 3279 ﬁat.

1932 3315 2072 3374 Xlll.
2115 3316 2317 3372 Deinde
2361 3325 2484 3386 post
2519 3329 2690 3386 pauca
2720 3314 2852 3370 dicit
2885 3335 2896 3370 :
2929 3313 2986 3370 Si
3033 3315 3219 3386 igitur,
3244 3331 3277 3370 ο
3315 3318 3435 3370 Ori-

1863 3426 2050 3483 genes,
2083 3408 2538 3464 resurrectionem
2587 3408 2640 3462 in
2672 3409 2788 3464 sola
2834 3408 3016 3477 specie
3054 3419 3108 3461 et
3147 3407 3342 3472 forma,
3376 3408 3433 3464 in

1864 3505 2109 3576 Spiritale
2141 3518 2340 3572 corpus
2382 3509 2610 3567 mutata,
2652 3501 3070 3571 exspectandam
3121 3500 3431 3564 contendis,

1864 3607 1918 3654 et
1941 3599 2202 3652 visionem
2234 3595 2362 3650 Elia:
2387 3603 2441 3650 et
2472 3595 2673 3664 Moysis
2700 3609 2796 3665 pro
2825 3593 3130 3648 certissima
3165 3593 3323 3646 nobis
3347 3593 3436 3648 de-

1865 3690 2262 3745 monstratione
2297 3689 2520 3742 exhibes
2556 3683 3052 3757 :quemadmodnm
3096 3685 3194 3750 illi,
3229 3684 3432 3753 inquis,

1869 3791 1992 3854 post
2017 3791 2266 3846 mortem,
2308 3798 2417 3836 non
2452 3781 2562 3834 alia
2608 3793 2772 3850 quam
2818 3777 3063 3831 viventes
3093 3776 3220 3830 olim
3270 3775 3437 3830 habe-

1866 3873 2019 3936 bant,
2043 3875 2223 3944 specie
2254 3872 2536 3940 formaque
2561 3876 2968 3939 apparuerunt;
3004 3868 3076 3920 ita
3107 3876 3159 3921 et
3186 3881 3286 3920 nos
3316 3881 3437 3919 om-

1868 3980 1966 4018 nes
2005 3979 2372 4034 resurgemus.
2403 3961 2566 4032 Atqui
2614 3961 2828 4031 Moyses
2858 3959 3130 4028 Eliasque,
3160 3959 3271 4027 jam
3307 3965 3435 4014 ante

1869 4053 2073 4110 Christi
2105 4057 2412 4124 passionem
2439 4069 2501 4107 ac
2534 4052 3012 4114 resurrectionem,
3039 4050 3266 4103 formam
3293 4049 3434 4104 hanc

1870 4161 2034 4216 quam
2071 4147 2171 4209 ais,
2203 4145 2463 4199 habentes
2491 4151 2910 4198 resurrexerunt
2942 4149 2996 4195 et
3029 4147 3431 4211 apparuerunt:

1870 4240 1962 4308 qui
1987 4253 2117 4308 ergo
2142 4236 2395 4292 Christus
2456 4235 2843 4304 Primogenitus
2888 4244 3214 4288 mortuorum
3237 4232 3282 4264 ⁸³
3314 4245 3437 4300 pro-

1869 4331 2086 4401 phetico
2115 4329 2524 4400 apostolicoque
2553 4329 2825 4398 prazconio
2854 4326 3202 4382 celebratur?
3232 4322 3366 4377 Nam
3388 4323 3436 4378 si

1871 4422 2124 4478 Christus
2149 4421 2547 4490 Primogenitns
2572 4426 2912 4473 mortuorum
2943 4417 3185 4472 creditus
3213 4423 3317 4477 est,
3351 4418 3440 4471 est

1871 4529 1998 4569 vero
2044 4514 2445 4583 primogenitus
2489 4521 2849 4573 mortuorum,
2879 4511 2972 4579 qui
3016 4523 3206 4563 omnes
3247 4521 3437 4561 resur-

1869 4607 2042 4679 gendo
2068 4606 2384 4677 praecessit:
2425 4603 2638 4676 Moyses
2664 4612 2846 4659 autem
2896 4603 3008 4672 jam
3063 4612 3188 4655 ante
3232 4598 3436 4654 Christi

1869 4704 2178 4774 passionem
2209 4718 2272 4758 ea
2299 4702 2473 4756 forma
2499 4700 2762 4770 apostolis
2793 4698 2946 4754 visus
2973 4708 3080 4760 est,
3121 4696 3176 4749 in
3207 4708 3314 4764 qua
3346 4707 3436 4747 re-

1870 4797 2260 4853 surrectionem
2332 4794 2660 4863 implendam
2731 4791 2870 4846 dicis
2923 4809 2935 4844 :
2993 4788 3181 4856 utique
3254 4783 3440 4853 sequi-

1873 4897 1962 4944 tur
1991 4887 2128 4960 (85),
2167 4893 2226 4942 ut
2264 4885 2439 4942 forma
2473 4898 2582 4937 non
2620 4889 2868 4950 resurgat
2910 4878 3029 4932 sine
3071 4873 3255 4930 carne.
3300 4868 3439 4925 Nam

1875 5195 2012 5266 θείᾳ,
2035 5201 2088 5248 et
2117 5200 2260 5248 statu
2295 5191 2500 5266 gloriae,
2528 5205 2638 5261 quo
2667 5190 2782 5246 sola
2811 5196 2914 5256 est,
2936 5188 3020 5243 vel
3047 5194 3107 5242 ut
3128 5187 3244 5243 sola
3285 5187 3442 5243 beata

1873 5263 2174 5321 desiderata
2212 5263 2508 5332 possessio.

1944 5336 2057 5405 (83)
2093 5330 2281 5404 Utique
2327 5333 2584 5405 sequitur,
2618 5341 2674 5383 ut
2705 5330 2878 5405 forma
2910 5347 3012 5405 rion
3063 5339 3299 5405 resurgat
3332 5331 3444 5405 sine

1872 5400 2050 5459 carne;
2081 5400 2206 5458 υὺκ
2228 5406 2334 5472 ἄρα
2364 5402 2459 5456 τοῦ
2491 5401 2662 5464 εἴδους
2687 5401 2854 5471 χωρὶς
2888 5400 2983 5470 τῆς
3012 5400 3210 5472 σαρκός
3231 5400 3442 5472 ἐστιν

1872 5422 2050 5459 carne.
2081 5422 2196 5458 υυκ
2228 5423 2261 5459 α
2299 5423 2334 5458 α
2364 5422 2459 5456 του
2491 5422 2662 5464 ειοους
2687 5422 2854 5471 χωρις
2888 5422 2983 5470 της
3012 5422 3077 5453 σα
3117 5422 3210 5463 κος
3231 5422 3378 5453 εστιν
3408 5422 3442 5472 η

1872 5477 2188 5539 ἀνάστασις.
2225 5422 2382 5529 (ἐῖσαι
2437 5473 2740 5529 conclusio.
2800 5487 2960 5540 quam
3017 5422 3274 5525 Seiunttus
3304 5471 3444 5526 male

1871 5547 2299 5615 assumptionem
2333 5545 2461 5597 facit
2494 5562 2506 5597 :
2550 5557 2890 5615 sequensque
2926 5541 3179 5615 dilemma
3228 5557 3444 5597 assum-

1869 5613 2075 5687 ptionis
2101 5617 2284 5686 specie
2321 5616 2578 5687 obscurat
2613 5613 2838 5687 planeet
2869 5613 3188 5687 confundit;
3225 5621 3283 5666 ut
3312 5626 3444 5668 vero

1870 5682 2244 5746 reddidimus.
2288 5685 2422 5738 nihil
2467 5685 2630 5738 habet
2679 5682 3048 5745 difﬁcultatis;
3110 5684 3333 5752 ipseque
3383 5697 3445 5737 se

1868 5757 2044 5827 ipsum
2091 5756 2421 5825 Methodius,
2454 5770 2617 5826 quam
2670 5753 3153 5827 ἐλπιγειρηματικδς
3199 5755 3284 5827 sit
3317 5765 3441 5827 uer:

1869 5817 2142 5901 rosasque
2199 5835 2420 5899 argutor
2474 5817 2776 5882 'ostendit:
2831 5817 3036 5896 Ubique
3093 5824 3149 5878 in
3201 5823 3320 5879 istis
3380 5817 3441 5870 τδ
