3962 6204
561 325 666 382 ὃω

1517 325 1574 382 S.
1614 318 1940 378 ﬂETHODll
1977 319 2286 377 EPISCOPI
2324 321 2410 377 ET
2446 321 2803 379 MARTYIUS

3649 320 3754 377 39.0

562 440 641 494 vel
676 437 1002 495 resurrectio
1049 437 1244 502 solius,
1279 445 1340 492 ut
1382 438 1568 504 doces,
1612 438 1797 494 formae
1839 448 1952 505 est;
1980 441 1995 459 '
2024 452 2109 494 eo-

2217 439 2360 494 ὲστιν
2407 442 2441 512 ἡ
2480 441 2791 505 ἀνάστασις.
2825 441 2978 493 Ἤτοι
3017 437 3127 509 γὰρ
3161 434 3256 491 τοῦ
3289 434 3460 499 εἷδους
3492 433 3655 498 ἐστὶν,
3685 433 3759 499 ὡς

557 546 666 602 que
709 530 896 600 nequit
922 528 1035 597 jam
1073 528 1327 585 Christus
1364 545 1487 587 esse
1528 529 1928 602 Primogcnitus
1976 543 2118 583 mor-

559 632 798 684 tuorum,
847 620 992 692 quod
1040 636 1104 676 ea
1156 620 1333 676 forma
1377 631 1503 678 ante
1541 623 1718 693 ipsum
1768 623 2117 693 apparuerint

557 712 943 768 defunctorum
997 712 1231 767 animae:
1268 723 1362 767 aut
1394 729 1454 769 re
1510 729 1674 778 vera,
1717 712 2117 784 Primogenitus

554 812 665 866 eat,
698 811 759 858 ut
802 811 920 870 est;
951 811 1196 875 tumque,
1228 806 1381 861 nullo
1426 822 1654 879 prorsus
1698 806 1880 869 modo,
1912 813 1973 860 ut
2018 807 2118 861 ali-

559 898 653 968 qui
678 904 803 952 ante
831 897 1006 967 ipsum
1037 912 1160 953 eam
1190 901 1470 955 consecuti
1503 902 1615 957 sint
1638 901 2114 965 resurrectionem,

557 1003 669 1059 qua
698 1003 766 1042 ne
809 988 1041 1057 amplius
1083 997 1449 1056 morerentur,
1479 989 1597 1046 ﬁeri
1643 997 1840 1060 potest.
1876 987 2029 1056 Quod
2069 987 2117 1043 si

560 1094 719 1135 nemo
747 1087 872 1133 ante
899 1079 1051 1140 illum
1083 1081 1417 1148 resurrexit;
1451 1080 1627 1137 Moses
1662 1089 1842 1135 autem
1891 1088 1945 1133 et
1975 1078 2118 1136 Elias

560 1186 672 1226 non
707 1162 882 1225 induti
931 1185 1173 1236 carnem,
1222 1172 1316 1228 sed
1367 1172 1537 1228 solam
1588 1170 1819 1226 formam
1853 1172 2118 1226 habentes

557 1270 928 1333 apparuerunt
967 1264 1231 1335 apostolis
1266 1282 1281 1320 :
1311 1264 1595 1335 perspicue
1639 1264 1821 1318 futura
1860 1263 1916 1317 in
1955 1276 2119 1318 carne

561 1355 894 1408 resurrectio
945 1355 1275 1410 ostenditur.
1332 1354 1620 1409 Enimvero
1663 1353 2116 1409 absurdissimum

556 1452 664 1508 est,
699 1454 758 1498 ut
798 1444 855 1499 in
897 1444 1013 1500 sola
1049 1445 1221 1499 forma
1265 1444 1594 1500 resurrectio
1637 1442 1946 1505 deﬁniatur,
1991 1456 2116 1497 cum

561 1535 737 1607 palam
765 1537 857 1601 sit,
890 1537 1100 1591 animas
1124 1535 1258 1607 (84),
1299 1545 1583 1606 postquam
1609 1534 1771 1590 etiam
1800 1540 1929 1588 sunt
1953 1546 2119 1587 carne

557 1640 813 1696 egressae,
847 1625 1082 1695 speciem
1114 1624 1260 1678 illam
1289 1622 1627 1693 formamque
1654 1638 1815 1694 quam
1839 1624 1913 1677 ait
1933 1636 2119 1677 resur-

562 1725 855 1779 rccturam,
894 1731 1173 1787 nunquam
1202 1716 1491 1787 deponere.
1514 1714 1675 1783 Quod
1711 1715 1756 1770 si
1788 1715 1877 1769 illa
1911 1714 2117 1769 irrevo-

2213 532 2527 604 παρεγγυᾷς
2558 531 2863 603 (85),μόνου
2896 532 2930 602 ἡ
2955 529 3246 591 ἀνάστασις
3274 530 3314 593 ⁸,
3336 527 3431 580 καὶ
3460 527 3522 580 οὐ
3546 524 3760 580 δύναται

2212 621 2292 676 ἔτι
2324 622 2670 694 Πρωτότοκος
2692 619 2831 677 εἶναι
2857 624 2886 677 6
2917 620 3147 693 Χριστὸς
3165 619 3272 672 τῶν
3295 618 3523 690 νεκρῶν,
3552 616 3631 687 τῷ
3660 617 3761 689 πρὸ

2212 711 2376 765 αὑτοῦ
2437 712 2662 782 ἐχούσας
2713 712 2869 766 τοῦτο
2919 711 3056 783 μετά
3108 710 3206 782 τὴν
3235 708 3487 781 τελευτὴν
3522 706 3584 760 τὸ
3631 702 3763 771 εἶδος

2214 804 2507 873 πεφηνέναι
2550 803 2725 876 ψυχάς
2747 822 2763 837 ·
2823 804 2857 877 ἢ
2915 803 3261 876 Πρωτότοκος
3317 801 3529 872 ἀληθῶς
3584 799 3764 873 ὥσπερ

2217 895 2351 958 ἐστὶ,
2390 894 2484 949 καὶ
2515 896 2771 951 ἀδύνατον
2801 896 2937 961 ὅλως
2964 895 3225 966 ἠξιῶσθαι
3272 893 3378 966 πρὸ
3402 891 3576 948 αὐτοῦ
3619 909 3766 954 τινας

2214 985 2313 1056 τῆς
2343 987 2422 1049 είς
2450 987 2512 1040 τὸ
2560 987 2634 1059 μὴ
2682 982 2837 1051 αὖθις
2867 985 3154 1041 ἀποθανεῖν
3198 986 3567 1048 ἀναστάσεως.
3616 985 3679 1036 Εἰ
3710 985 3764 1038 δὲ

2214 1077 2411 1148 ἀνέστη
2456 1076 2630 1141 οὐδεὶς
2671 1077 2777 1148 πρὸ
2816 1076 3002 1142 αὐτοῦ,
3035 1080 3083 1131 οἱ
3129 1076 3186 1129 δὲ
3240 1078 3383 1147 ἀμφὶ
3411 1076 3503 1130 τὸν
3534 1076 3769 1131 Μωῦσέα

2216 1168 2312 1220 καὶ
2340 1166 2432 1221 τὸν
2477 1166 2660 1221 Ἠλίαν
2691 1168 2900 1241 σάρκας
2936 1168 3034 1240 μὲν
3072 1167 3287 1238 ἔχοντες
3317 1170 3428 1230 τοῖς
3459 1167 3770 1231 ἀποστόλοις

2214 1258 2315 1311 οὐκ
2344 1257 2620 1330 ὤφθησαν,
2656 1258 2813 1330 μόνον
2844 1258 2902 1313 δὲ
2941 1259 3003 1312 τὸ
3042 1255 3213 1321 εἶδος·
3249 1259 3283 1328 ἡ
3327 1257 3435 1328 ἄρα
3481 1259 3772 1322 ἀνάστασις

2217 1350 2310 1403 ἐπὶ
2337 1348 2438 1420 τῆς
2468 1349 2666 1420 σαρκὸς
2709 1349 2998 1421 προφανῶς
3043 1348 3314 1421 δηλοῦται.
3358 1349 3468 1402 Καὶ
3499 1348 3609 1421 γάρ
3650 1351 3773 1403 ἀτο-

2218 1439 2463 1496 πώτατον
2494 1440 2587 1495 ἐπὶ
2632 1440 2792 1512 μόνου
2824 1440 2917 1495 τοῦ
2949 1441 3123 1505 εἴδους
3150 1440 3251 1512 τὴν
3281 1440 3577 1495 ἀνάστασιν
3611 1441 3777 1513 διορί-

2218 1532 2427 1597 ζεσθαι,
2473 1532 2635 1587 ὁπότε
2664 1535 2719 1586 αί
2746 1532 2936 1603 ψυχαὶ,
2969 1533 3064 1587 καὶ
3101 1532 3240 1605 μετά
3275 1532 3374 1605 τὴν
3407 1531 3625 1605 σαρκῶν
3672 1533 3777 1600 ἕξοι

2216 1623 2324 1687 δον,
2372 1622 2621 1678 οὐδέποτε
2662 1623 2941 1694 φαίνονται
2984 1624 3044 1677 τὸ
3083 1620 3239 1690 εἶδος,
3284 1626 3314 1678 ὃ
3352 1640 3514 1695 φησιν
3558 1623 3780 1677 ἀνίστα-

2221 1713 2362 1779 σθαι,
2409 1714 2816 1785 ἀποτιθέμεναι.
2849 1714 2913 1767 Εί
2940 1713 2997 1767 δὲ
3026 1713 3402 1786 συμπαρέσται
3436 1713 3548 1784 (86)
3593 1715 3779 1778 αὐτοῖς

558 1807 754 1862 cabilis
798 1806 970 1871 adest,
1007 1814 1065 1861 ut
1106 1806 1164 1861 in
1207 1807 1387 1861 anima
1431 1805 1595 1862 Mosis
1657 1813 1711 1861 et
1738 1804 1906 1872 Eliae;
1941 1819 2006 1859 ac
2030 1820 2109 1859 ne

2213 1804 2369 1858 τοῦτο
2387 1805 2761 1875 ἀναφαίρετον,
2786 1804 3036 1876 καθάπερ
3062 1806 3156 1857 καὶ
3180 1805 3270 1857 ἐπὶ
3293 1806 3360 1875 τῇ
3383 1805 3514 1857 Mori
3524 1802 3671 1867 σέως
3693 1804 3780 1857 καὶ

559 1912 688 1966 que,
716 1905 775 1950 ut
802 1897 1108 1960 existimas,
1134 1898 1506 1969 corrumpitur
1537 1896 1765 1967 peritve,
1796 1897 1995 1966 ubique
2026 1895 2114 1950 in-

558 1987 734 2042 divise
781 1987 1094 2055 adhaerens;
1139 1988 1299 2058 plane
1351 1986 1619 2058 sequitur,
1672 2001 1781 2041 non
1836 2000 2118 2057 resurgere

559 2075 790 2132 formam
821 2077 1089 2147 ejusmodi
1115 2094 1236 2148 qua:
1266 2093 1541 2149 nunquam
1573 2077 1786 2133 cecidit.

628 2164 767 2220 XIV.
809 2165 966 2233 Quod
1014 2168 1060 2223 si
1112 2166 1236 2237 quis
1285 2166 1506 2238 indigne
1559 2165 1782 2231 ferens,
1839 2163 2024 2219 dicat:
2057 2160 2115 2217 Si

552 2271 737 2320 nemo,
767 2257 1081 2327 priusquam
1109 2257 1359 2314 Christus
1398 2259 1465 2313 ad
1502 2257 1708 2314 inferos
1736 2256 2113 2322 descenderet,

556 2347 879 2411 resurrexit,
915 2346 1187 2417 quomodo
1225 2346 1538 2402 referuntur
1571 2347 1739 2418 aliqui
1776 2354 1901 2402 ante
1937 2347 2113 2416 ipsum

556 2435 901 2500 surrexisse;
936 2436 1075 2490 inter
1113 2450 1253 2505 quos
1309 2436 1452 2492 ﬁlius
1481 2436 1659 2491 vidua:
1707 2435 2019 2506 Sareptana:
2042 2436 2112 2504 ",

556 2530 611 2578 et
651 2522 1004 2582 Sunamitidis
1055 2525 1293 2588 illius",
1345 2526 1583 2596 itemque
1629 2526 1868 2582 Lazarus
1891 2527 1974 2579 ἠ
2008 2524 2114 2582 Re-

555 2613 967 2683 spondendum,
1018 2614 1093 2668 ita
1145 2615 1540 2681 resurrexisse,
1587 2625 1648 2670 ut
1693 2616 1887 2670 iterum
1930 2623 2116 2672 essent

558 2704 808 2758 morituri
840 2723 853 2759 :
885 2720 988 2759 nos
1012 2713 1193 2759 autem
1220 2705 1290 2761 de
1312 2706 1380 2762 iis
1405 2708 1844 2778 pronuntiamus,
1874 2709 1967 2779 qui
1995 2717 2116 2779 post

557 2793 1015 2848 resurrectionem
1063 2809 1342 2865 nunquam
1386 2802 1514 2852 sunt
1546 2795 1815 2849 morituri.
1869 2794 2023 2862 Quod
2066 2797 2114 2850 si

554 2885 720 2941 etiam
770 2885 838 2940 de
880 2884 1059 2940 anima
1100 2884 1233 2942 Elia:
1276 2887 1477 2943 dubius
1520 2886 1738 2952 dixerit,
1772 2888 1927 2959 quasi
1974 2887 2117 2943 Scri-

557 2978 732 3051 pturis
751 2977 1142 3033 allirmantibus
1163 2979 1313 3034 illum
1333 2980 1387 3034 in
1415 2994 1582 3035 carne
1604 2990 1946 3052 assumptum
1967 2996 2111 3049 esse,

557 3085 658 3125 nos
691 3076 870 3124 autem
898 3068 1194 3127 doceamus
1240 3071 1390 3126 illum
1422 3071 1681 3140 apostolis
1709 3073 1915 3143 absque
1949 3086 2113 3128 carne

558 3163 1380 3233 apparuisse:respondendum,
1412 3165 1581 3235 atqui,
1615 3164 1761 3235 quod
1794 3165 2114 3236 apparuisse

556 3252 817 3324 apostolis
848 3252 903 3309 in
933 3268 1100 3308 carne
1141 3253 1408 3318 dicamus,
1438 3253 1565 3309 huic
1605 3260 1805 3310 nostrae
1835 3255 2114 3311 sententia:

555 3342 728 3415 magis
750 3341 912 3398 favet.
941 3341 1050 3399 Res
1077 3343 1243 3407 enim,
1267 3358 1469 3415 corpus
1496 3359 1716 3416 quoque
1736 3351 1983 3401 nostrum
2014 3358 2109 3399 ca-

556 3442 661 3511 pax
693 3449 814 3490 esse
857 3434 1284 3493 immortalitatis
1318 3438 1531 3507 probat,
1585 3439 1729 3492 sicut
1757 3446 1811 3493 et
1855 3435 1955 3493 fuit
1985 3453 2114 3508 pro-

556 3523 741 3578 batum
783 3525 838 3579 in
872 3523 1058 3580 Enocb
1084 3527 1351 3585 translato
1381 3528 1447 3579 ”.
1480 3528 1536 3582 Si
1577 3529 1720 3583 enim
1749 3530 2113 3598 incorruptio-

555 3615 642 3672 nis
671 3632 842 3689 capax
866 3634 977 3675 non
1006 3628 1172 3685 esset,
1205 3621 1623 3693 haudquaquam
1666 3630 1818 3678 tanto
1848 3630 2108 3693 tempore,

556 3705 795 3764 immune
825 3724 856 3763 a
903 3711 1270 3781 corruptionis
1297 3711 1418 3766 labe
1463 3711 1771 3767 mansisset.
1804 3711 1862 3766 Si
1891 3711 2111 3783 quidem

625 3885 645 3905 ⁶
679 3882 947 3941 Scholion.
1013 3885 1138 3943 Not.
1198 3888 1333 3946 Esse
1389 3890 1493 3946 hoc
1545 3891 1773 3947 minoris
1827 3890 2107 3947 momenti.

555 3949 877 4035 Quanquam
909 3958 1054 4012 enim
1086 3973 1192 4013 non
1223 3961 1290 4019 de
1320 3960 1504 4035 specie
1541 3970 1628 4035 _et_
1656 3963 1850 4035 forma,
1898 3961 2011 4035 sed‘
2041 3961 2111 4017 de

553 4031 855 4106 composite
883 4043 1112 4106 corpore
1138 4033 1431 4106 contendat
1455 4048 1469 4098 ;
1499 4032 1631 4087 nihil
1656 4034 1836 4106 minus
1864 4031 2111 4106 sequitur

554 4090 658 4175 hoe
678 4090 762 4175 vel
793 4095 943 4150 illud.
968 4090 1211 4175 Alterum
1241 4090 1467 4175 quidem
1495 4116 1560 4157 eo
1596 4103 1842 4175 solvitur,
1870 4090 2015 4175 quod
2043 4102 2109 4155 il-

555 4161 646 4243 lud
677 4163 871 4243 iterum
896 4166 1219 4220 moriturum
1250 4161 1352 4243 sit;
1384 4173 1657 4243 quomodo
1678 4188 1785 4243 non
1820 4161 2035 4243 proprie
2055 4178 2109 4243 et

552 4231 800 4313 absolute
849 4244 1028 4313 stetua
1072 4240 1309 4307 resurgit
1340 4231 1362 4291 ’τ
1402 4231 1633 4313 alterum
1690 4231 1869 4297 autem
1920 4231 2110 4311 nequit

552 4303 723 4383 solvi;
752 4306 1016 4383 siquidem
1048 4322 1157 4360 non
1184 4303 1589 4383 _p6test_l’orma
1620 4310 1816 4368 iterum
1845 4326 1967 4367 esse
1995 4303 2110 4365 mo-

550 4375 742 4438 ritura,
762 4389 884 4428 cum
901 4375 1051 4429 nullo
1073 4375 1234 4431 modo
1266 4379 1549 4435 moriatur.

2228 1896 2403 1950 Ἡλίου
2446 1895 2618 1967 ψυχῇ·
2669 1897 2762 1949 καὶ
2807 1895 2932 1950 οὔτε
2975 1894 3273 1966 φθείρεται,
3332 1895 3473 1949 κατά
3522 1894 3602 1959 σὲ,
3660 1893 3780 1946 οὕτε

2215 1987 2528 2051 ἀπόλλυται,
2586 1987 2682 2040 σὺν
2732 1989 2923 2051 αὑταῖς
2983 1986 3253 2057 πανταχοῦ
3309 1986 3594 2057 συμπαρόν
3614 2004 3628 2013 ·
3686 1986 3781 2040 οὐκ

2214 2079 2322 2153 ἀρα
2364 2079 2423 2133 τὸ
2466 2075 2604 2143 εἶδος
2643 2078 2946 2144 ἀνίσταται,
2999 2078 3029 2133 ὃ
3062 2079 3327 2151 μηδέποτε
3357 2079 3681 2132 πέπτωκεν.

2284 2171 2378 2226 ΙΔ¹.
2435 2170 2559 2225 Ἐὰν
2600 2170 2657 2224 δέ
2695 2189 2798 2235 τις,
2831 2170 3186 2242 δυσχεράνας.
3231 2170 3339 2223 Καὶ
3368 2169 3486 2233 πῶς
3519 2169 3605 2241 δὴ,
3647 2170 3782 2223 ἀπο-

2214 2259 2397 2333 κριθῇ,
2440 2262 2488 2313 εί
2536 2260 2719 2332 μηδεὶς
2756 2260 2951 2332 ἀνέστη
2984 2260 3091 2331 πρὸ
3137 2260 3230 2315 τοῦ
3274 2258 3548 2313 κατελθεῖν
3577 2262 3673 2322 εἰς
3697 2260 3781 2313 τὸν

2214 2352 2344 2425 ᾅδην
2362 2352 2451 2406 τὸν
2479 2352 2730 2424 Χριστὸν,
2760 2352 3086 2416 ἀναστάντες
3114 2351 3215 2423 ἤδη
3245 2351 3385 2414 τινὲς
3414 2349 3782 2420 ἱστορήθησαν

2214 2444 2321 2517 πρὸ
2348 2441 2510 2498 αὑτοῦ
2532 2461 2545 2474 ·
2581 2447 2640 2499 ὲν
2666 2439 2747 2508 οἷς
2769 2444 2867 2516 τῆς
2888 2443 3229 2515 Σαραφθίνης
3256 2443 3429 2514 χήρας
3454 2443 3483 2495 6
3513 2442 3659 2505 υἱὸς,
3694 2443 3783 2495 καὶ

2213 2533 2313 2603 τῆς
2358 2533 2756 2604 Σουναμίτιδος,
2804 2532 2897 2588 καὶ
2944 2535 2972 2585 6
3007 2532 3288 2604 Λάζαροςς
3336 2532 3578 2585 λεκτέον·
3642 2531 3783 2584 Ἀλλ’

2212 2618 2357 2679 οὗτοι
2386 2626 2466 2687 είς
2492 2623 2553 2677 τὸ
2594 2625 2689 2679 καὶ
2719 2619 2875 2688 αὖθις
2914 2622 3201 2676 ἀποθανεῖν
3249 2623 3571 2693 ἀνέστησαν·
3610 2622 3782 2692 ἡμεῖς

2211 2717 2270 2772 δὲ
2319 2718 2447 2789 περὶ
2491 2715 2597 2769 τῶν
2632 2715 2827 2787 μηκέτι
2872 2713 3008 2787 μετά
3042 2714 3142 2786 τὴν
3179 2711 3393 2785 ἔγερσιν
3433 2710 3785 2783 διοριζόμεθα

2212 2807 2630 2880 τεθνηξομένων.
2688 2807 2811 2861 Ἐὰν
2853 2806 2910 2860 δὲ
2940 2806 3034 2860 καὶ
3074 2804 3204 2876 περὶ
3248 2803 3349 2875 τῆς
3377 2802 3555 2874 ψυχῆς
3584 2801 3786 2856 διαπο-

2215 2897 2385 2969 ρήσας
2416 2895 2599 2969 φράσῃ
2622 2894 2716 2949 τοῦ
2755 2894 2956 2962 Ἠλίου,
2988 2894 3062 2959 ὡς
3086 2896 3194 2948 τῶν
3231 2895 3327 2967 μὲν
3365 2892 3595 2966 Γραφῶν
3634 2894 3784 2947 ἀνει-

2211 2985 2409 3059 λῆφθαι
2438 2987 2599 3041 αὐτὸν
2621 2987 2888 3057 λεγουσῶν
2910 2989 2967 3041 ὲν
3001 2986 3182 3058 σαρκὶ,
3215 2989 3248 3058 ἡ
3258 2986 3373 3057 μῶν
3400 2985 3457 3038 δὲ
3490 2984 3783 3054 ἀσύμπλο-

2214 3094 2308 3131 κον
2367 3077 2568 3148 σαρκὸς
2626 3079 2742 3142 τοῖς
2812 3075 3125 3140 ἀποστόλοις
3181 3069 3359 3145 ὦφθαι
3415 3073 3778 3143 φασκόντων

2212 3168 2449 3233 λεκτέον,
2480 3168 2563 3223 ὅτι
2596 3167 2689 3221 καὶ
2723 3167 2828 3240 μὴν
2876 3166 3072 3239 μᾶλλον
3104 3166 3163 3219 τὺ
3191 3166 3366 3235 λέγειν
3397 3165 3560 3218 αὑτὸν
3591 3158 3783 3234 ὦφθαι

2209 3263 2320 3323 τοῖς
2351 3258 2663 3323 ἀποστόλοις
2688 3259 2747 3312 ὲν
2777 3259 2939 3330 σαρκὶ
2966 3257 3101 3329 πρὸς
3132 3255 3289 3328 ἡμῶν
3321 3259 3457 3310 ἐστι.
3484 3256 3781 3310 Δείκνυται

2210 3350 2318 3421 γάρ
2344 3351 2438 3404 καὶ
2458 3349 2544 3403 διὰ
2560 3348 2716 3403 τοῦτο
2739 3348 3042 3421 ἀφθαρσίας
3060 3348 3218 3421 ἡμῶν
3238 3349 3501 3421 ὑπάρχον,
3521 3347 3583 3401 τὸ
3612 3348 3781 3419 σῶμα

2208 3439 2468 3503 δεκτικὸν,
2517 3438 2764 3512 καθάπερ
2801 3438 3010 3510 ἐδείχθη
3042 3439 3134 3493 καὶ
3177 3438 3268 3492 ἐπὶ
3308 3437 3402 3493 τοῦ
3461 3436 3633 3508 Ἑνὼχ
3688 3455 3785 3509 με·

2207 3532 2577 3606 τατιθεμένου.
2626 3533 2688 3585 Εί
2726 3531 2798 3603 μὴ
2837 3530 2944 3602 γάρ
2995 3529 3300 3602 ἀφθαρσίαν
3347 3528 3578 3599 ἠδύνατο
3616 3527 3782 3593 δέξα-

2211 3626 2352 3693 σθαι,
2398 3626 2497 3680 οὑκ
2550 3625 2617 3680 ἂν
2665 3624 2785 3678 οὐδὲ
2834 3623 3101 3694 διέμεινεν
3147 3624 3204 3676 ὲν
3250 3621 3489 3691 ἀπαθείᾳ.
3530 3621 3780 3691 τοσούτῳ

2208 3719 2403 3793 χρόνῳ.
2473 3719 2537 3773 Εἰ
2566 3716 2742 3771 τοίνυν
2773 3713 2924 3786 ὤφθη
2974 3713 3111 3787 μετά
3139 3712 3234 3768 τοῦ
3266 3712 3536 3785 σώματος,
3569 3713 3672 3766 καὶ
3709 3709 3779 3784 ἦν

2278 3903 2298 3977 _'
2345 3900 2524 3977 2:16.15
2557 3896 2886 3977 Σημείευσαι.
2914 3893 3181 3977 παρά
3216 3892 3534 3977 τοῦτολυκαὶ
3568 3891 3685 3976 γᾴρ
3726 3894 3780 3945 ει

2208 3970 2302 4024 καὶ
2333 3961 2525 4051 μῇ’ὲπὶ
2549 3961 2652 4051 τοιῖ
2663 3966 2866 4051 είδορς,
2903 3965 3016 4051 ἀλλς
3043 3961 3136 4051 ἐπὶ
3163 3963 3257 4051 τος)
3286 3961 3776 4051 συνθέτον

2206 4057 2296 4120 τος
2317 4032 2567 4120 τείνεται,
2592 4032 2931 4120 οὐδὲνιῆττον
2961 4035 3022 4119 τὸ
3059 4034 3191 4120 αὐτδ
3216 4034 3407 4120 ἕπεται
3446 4033 3502 4117 ἢκ
3516 4032 3579 4084 τὸ
3609 4032 3775 4117 αὐτό.

2208 4102 2289 4181 Τὸν
2315 4110 2412 4181 μὲν
2442 4108 2548 4181 γ-ἀρ
2591 4107 2702 4181 ἕχει
2744 4102 2917 4181 λύσιν,
2955 4107 3042 4181 ότι
3080 4104 3240 4158 πάλιν
3269 4102 3627 4181 θνῄξεέςδπξυς
3666 4104 3780 4181 οὐκ

2206 4167 2327 4251 ἔστί
2359 4167 2583 4251 κορίώς-
2597 4167 2910 4251 ἀνδριάντος
2944 4175 3261 4251 ἀνάστασις·
3294 4167 3446 4251 τδοΰ
3467 4188 3478 4201 ο
3507 4173 3671 4243 εἴπερ
3704 4179 3779 4226 τὸ

2206 4246 2343 4314 εἶδος
2365 4243 2635 4321 οὺ’θνήξει
2663 4243 2843 4313 πάλιν,
2877 4247 2957 4300 ὃτι
2986 4245 3106 4317 μηδ’
3135 4245 3270 4309 ὅλως
3300 4243 3533 4313 θνήσκει.

615 4526 663 4557 ⁸⁸
695 4525 765 4580 ιιι
787 4524 911 4598 Reg.
943 4544 1075 4594 xvii,
1103 4528 1194 4585 22.
1270 4529 1317 4562 ⁹¹
1346 4527 1413 4584 ιν
1442 4529 1564 4602 Reg.
1602 4547 1677 4592 tv.
1700 4533 1790 4589 55.
1867 4535 1914 4568 ⁹²
1937 4535 2097 4590 Joau.

2240 4533 2332 4589 44.
2406 4533 2454 4567 ⁸³
2485 4532 2612 4588 Gen.
2647 4546 2701 4596 ν,
2730 4530 2821 4586 24.

545 4680 830 4767 ἥξδρςνρει
865 4688 1011 4767 velut
1033 4689 1367 4767 _t_listin_ctiv_a
1418 4694 1742 4767 proprietas,
1773 4709 1880 4767 qua
1926 4696 2098 4767 possit
2129 4698 2172 4755 D
2201 4712 2320 4767 quae
2345 4707 2473 4754 sunt
2522 4697 2706 4752 minus
2759 4694 3034 4766 spiritales
3067 4713 3081 4749 :
3124 4692 3414 4767 quomodo
3447 4691 3611 4747 etiam
3638 4690 3767 4767 _alii

545 4756 652 4837 diei
673 4765 733 4837 _et
759 4759 1000 4837 agnosci,
1033 4759 1120 4814 hic
1140 4762 1284 4825 talis,
1318 4756 1535 4837 Petrus;
1555 4756 1755 4817 Paulus
1783 4756 2098 4837 {ipseigem

543 4827 638 4895 qui
668 4827 844 4907 fuerat
877 4828 931 4881 in
961 4843 1158 4907 earne;
1189 4834 1461 4907 quomodo
1504 4831 1722 4887 fuerunt
1753 4827 1917 4907 agniti
1949 4834 2100 4907 Moy-

544 4910 634 4950 ses
659 4905 713 4951 et
746 4895 893 4977 Elias
916 4912 929 4949 ς
952 4895 1507 4977 divesque_l.aearum
1558 4895 1814 4974 agnovit:
1851 4895 2098 4977 Explicat

542 4980 668 5045 non“
679 4968 864 5045 procul
887 4984 916 5021 a
944 4968 1049 5045 liue
1071 4968 1187 5045 ipse
1214 4970 1542 5045 Methodius.

616 5036 727 5117 (8e)
768 5037 901 5117 Gem
919 5036 1111 5117 palam’
1129 5043 1219 5104 sit,
1248 5043 1477 5117 animas,
1503 5050 1607 5098 etc.
1627 5042 1881 5105 Crassius
1914 5045 2095 5117 loqui.

538 5112 631 5187 tur
665 5108 731 5162 de
754 5108 1059 5187 animabus,
1092 5119 1348 5181 tauquam
1378 5114 1506 5168 velit
1553 5117 1883 5187 suumillud
1916 5108 2094 5187 spiri-

542 5178 648 5257 tale
673 5193 897 5258 corpus,
930 5181 984 5233 in
1017 5195 1126 5258 quo
1171 5178 1573 5239 resurrecturas
1600 5184 1853 5258 volebant
1902 5178 2092 5257 Orige-

539 5250 709 5311 niani,
742 5264 1020 5323 nunquam
1058 5250 1359 5322 deponere;
1388 5268 1562 5323 coque
1611 5254 1854 5310 lictitiam
1882 5250 2090 5313 esse'in

538 5332 606 5392 eo
635 5321 1109 5392 resurrectionem,
1129 5321 1216 5377 νει
1241 5322 1353 5392 jam
1379 5321 1500 5379 esse
1542 5321 1737 5379 factam
1761 5342 1776 5390 ;
1809 5333 1867 5378 ut
1894 5328 1931 5381 ii
1961 5329 2090 5381 olim

539 5385 806 5461 docebant
829 5406 966 5459 quos
997 5390 1198 5448 Paulus
1226 5385 1451 5447 tradidit
1481 5393 1697 5450 Satanae
1730 5385 1772 5449 ll
1800 5394 1937 5452 Tim.
1969 5414 2009 5461 ι,
2034 5413 2086 5453 v.

539 5454 627 5520 15,
666 5454 1090 5533 utdoceretnon
1118 5462 1509 5533 blasphemare.
1537 5463 1765 5520 Possent
1816 5454 2091 5520 nihilomi-

538 5540 644 5607 nus
675 5529 787 5607 haec
805 5531 998 5607 exponi
1029 5538 1088 5585 ut
1117 5529 1183 5607 ad
1214 5529 1485 5587 hominem
1514 5534 1687 5607 dicta;
1721 5534 1825 5589 nisi
1856 5552 2088 5607 sequen-

537 5598 611 5648 tia
653 5598 934 5652 obstarent
963 5600 1248 5675 inquibus
1277 5614 1360 5656 est
1401 5598 1751 5675 expressior:
1782 5598 2093 5675 quanquam

535 5678 646 5721 non
671 5681 921 5741 magnum
950 5671 1215 5741 videatur,
1255 5680 1311 5724 ut
1337 5672 1429 5740 qui
1470 5674 1675 5741 angelis
1714 5671 2097 5731 πείθει-θέρος-

540 5749 667 5809 pora
688 5743 741 5790 et
769 5736 1030 5805 spiritalia
1060 5737 1281 5809 attingit,
1336 5736 1497 5795 etiam
1540 5736 1823 5801 animabus
1854 5745 2089 5817 alIingat,

2199 4762 2404 4837 plures,
2438 4770 2581 4837 iique
2620 4762 2879 4837 perquam
2909 4767 3069 4837 alieni
3113 4762 3158 4819 α’
3174 4762 3449 4837 damnatis
3476 4762 3770 4837 erroribus

2197 4833 2446 4909 Qrigenis
2471 4833 2525 4892 in
2556 4833 2783 4909 materia
2834 4836 3159 4909 animarum,
3202 4835 3453 4909 videntur
3492 4833 3759 4909 sensisse.

2195 4903 2333 4962 Num
2362 4910 2433 4964 sit
2462 4907 2620 4962 modo
2651 4922 2805 4961 error
2835 4906 2887 4959 in
2914 4905 3035 4968 lide,
3061 4906 3163 4959 ista
3186 4905 3301 4960 sive
3321 4905 3387 4959 de
3409 4903 3617 4972 angelis
3643 4903 3763 4957 sive

2196 4978 2265 5032 de
2330 4978 2583 5033 humanis
2632 4976 2916 5030 animabus
2979 4976 3288 5040 sententia,
3347 4982 3762 5028 controvertunt

2195 5048 2428 5119 theOIOgi
2445 5064 2471 5119 _|
2501 5064 2554 5116 p.
2578 5064 2632 5117 q.
2665 5045 2759 5119 50:
2787 5045 3051 5119 Mitiurem
3097 5060 3199 5115 ego
3224 5054 3279 5100 et
3311 5054 3599 5119 negantem
3629 5059 3760 5119 etim

2200 5113 2406 5173 nostris
2431 5113 2696 5180 Caralim,
2731 5116 2903 5179 Sixto,
2943 5113 3222 5183 Cajetauo,
3251 5113 3427 5185 exque
3469 5113 3592 5167 aliis
3642 5113 3759 5169 Me-

2198 5189 2357 5250 ratio,
2388 5195 2518 5249 etc.,
2543 5189 2879 5256 amplexatus
2906 5186 3120 5248 fuerim,
3154 5186 3304 5240 nullo
3332 5186 3511 5239 adhuc
3557 5198 3760 5238 occur-

2197 5266 2369 5320 rente,
2397 5257 2551 5312 ubiis
2580 5258 2714 5311 satis
2740 5260 2811 5312 sit
2831 5271 3145 5325 expressus,
3199 5257 3285 5310 vel
3337 5272 3407 5310 ex
3452 5256 3759 5309 intentione

2195 5327 2482 5385 damnatus
2533 5342 2686 5381 error
2731 5342 2744 5379 :
2792 5325 3046 5382 Patribus
3100 5325 3594 5387 Lateranensibus,
3644 5325 3758 5379 alio

2233 5399 2371 5459 lane,
2407 5403 2461 5451 et
2482 5397 2549 5450 ad
2577 5396 2968 5468 praedamnatas
2982 5395 3230 5468 Origenis
3260 5398 3515 5458 btereses,
3547 5410 3655 5468 non
3680 5395 3756 5450 ad

2192 5413 2371 5520 plane,
2407 5413 2461 5451 et
2482 5413 2549 5450 au
2577 5413 2968 5465 praedamnatas
2982 5413 3230 5468 urigems
3260 5413 3515 5458 nmreses,
3547 5413 3655 5451 non
3680 5413 3756 5450 aa

2236 5479 2410 5522 atrum
2437 5468 2719 5536 opiniones
2751 5466 3012 5523 hactenus
3057 5466 3403 5530 obtinentes,
3458 5466 3762 5535 respicien-

2192 5537 2339 5594 tibu$
2373 5556 2388 5591 :
2418 5553 2524 5607 qua
2544 5538 2611 5592 de
2632 5553 2688 5607 re
2715 5537 2975 5594 videndus
3005 5537 3072 5591 ad
3096 5538 3319 5606 primam
3340 5537 3414 5591 De
3434 5546 3599 5591 creat.
3626 5554 3761 5594 vere

2194 5606 2622 5685 angelusépacis,
2644 5606 3279 5685 Praaix-ptorengelicus.

2263 5676 2375 5749 ('85)
2420 5676 2514 5744 Ὦς
2540 5676 2906 5749 “pernicis;
2938 5676 3079 5741 AL.‘
3110 5676 3298 5749 ὥσπερ
3330 5678 3551 5748 ﬁmi:-

2264 5746 2375 5821 (86)
2400 5746 2832 5818 Συμπαρέσται.
2865 5746 3026 5806 Forte
3059 5746 3412 5820 συμπάρεστι.
