3972 6212
197 227 285 284 ﬁl

1287 237 1374 291 EX
1416 239 1622 296 LIBRO
1663 239 1751 294 DE
1788 239 2385 301 RESL'RRECTIONE.

3341 257 3449 312 522

194 353 521 422 τελευτήσας
554 355 674 423 μὲν.
714 354 948 420 ἀναστὰς
977 357 1032 410 δὲ
1071 357 1170 430 ἤδη
1206 359 1271 413 ἐκ
1299 361 1508 433 νεκρῶν
1531 363 1740 417 οὐδέπω

1864 377 1996 435 ergo
2027 363 2138 434 (88)
2172 366 2425 436 apparuit
2451 381 2576 422 cum
2605 383 2856 441 corpore,
2917 379 3143 442 eratque
3163 383 3444 446 mortuus;

189 442 300 496 Kal.
325 441 498 496 ταῦτα
526 443 609 496 ἵνα
637 444 701 515 δὴ
737 449 1184 520 συγχωρήσωμεν
1210 451 1287 523 τῷ
1325 453 1607 525 Ὠριγένει,
1647 454 1770 509 καθ’

186 533 354 587 ἐαυτὺ
389 535 450 588 τὺ
496 531 633 600 εἶδος
671 537 880 605 λέγοντι
931 540 1071 610 μετά
1103 541 1202 612 τὴν
1243 543 1497 616 τελευτὴν
1541 544 1771 610 ἀποζευ-

187 626 461 697 γνύμενον
501 628 608 681 ἀπὸ
640 629 733 682 τοῦ
770 630 1020 702 σώματος
1049 636 1113 704 τῇ
1161 633 1306 705 ψυχῇ
1336 635 1594 702 δίδοσθαι,
1631 639 1769 710 ὅπερ

187 719 332 772 ἐστὶν
364 720 622 775 ἁπάντων
651 721 934 787 ἀδύνατον,
961 724 1039 795 τῷ
1069 727 1507 798 προαπόλλυσθαι
1539 730 1599 784 τὸ
1631 726 1768 795 εἶδος

187 811 290 863 τῶν
341 811 568 884 σαρκῶν
622 815 680 866 ἐν
726 817 848 879 ταῖς
890 815 1228 882 άλλοιώσεσι,
1281 818 1528 893 καθάπερ
1561 821 1657 875 καὶ
1705 822 1768 875 τὺ

189 903 370 973 σχῆμα
407 903 504 958 τοῦ
538 908 1013 980 συγχωνευομένου
1055 910 1368 982 ἀνδριάντος
1400 911 1506 984 πρὸ
1531 914 1630 985 τῆς
1653 913 1767 968 δια-

185 993 392 1059 λύσεως
416 996 512 1050 τοῦ
541 997 680 1052 ὅλου.
721 1000 843 1052 Ὅτι
882 999 956 1072 μὴ
1001 999 1221 1056 δύναται
1267 1003 1594 1074 χωρίζεσθαι
1641 1004 1764 1060 καθ’

188 1089 485 1142 ὑπόστασιν
519 1090 626 1144 ἀπὸ
663 1092 762 1162 τῆς
794 1091 927 1163 ὕλης
970 1096 1003 1165 ή
1037 1094 1290 1164 ποιότης·
1325 1096 1616 1167 χωρίζεται
1665 1098 1764 1169 μὲν

185 1180 286 1250 γὰρ
338 1181 454 1234 ἀπὸ
516 1181 609 1235 τοῦ
662 1183 980 1256 ἀνδριάντος
1026 1185 1387 1256 χωνευθέντος
1436 1189 1469 1260 ὴ
1515 1190 1643 1261 περὶ
1685 1190 1763 1262 τῷ

183 1273 368 1344 χαλκῷ
423 1276 607 1346 μορφὴ
637 1276 1029 1349 ἀφανιζομένη,
1078 1279 1140 1333 οὑ
1195 1279 1302 1351 μὴν
1349 1280 1638 1350 ὑφεστῶσα
1682 1282 1761 1336 ἔτι

181 1369 299 1420 κατ’
330 1367 547 1422 οὐσίαν.

245 1457 346 1512 1Ε’.
405 1461 558 1514 Ἐπεὶ
588 1461 644 1514 δὲ
671 1461 889 1530 λέγεται
916 1463 973 1516 ἐν
993 1462 1071 1534 τῷ
1093 1463 1308 1536 θανάτῳ
1339 1466 1400 1519 τὸ
1432 1461 1570 1532 εἶδος
1595 1467 1760 1540 χωρί-

177 1551 370 1616 ζεσθαι
400 1552 512 1607 ἀπὸ
552 1553 652 1623 τῆς
689 1557 925 1627 σαρκὸς,
959 1556 1112 1627 φέρε,
1153 1558 1213 1610 τὸ
1247 1557 1608 1630 χωριζόμενον
1659 1577 1756 1612 πο-

177 1644 359 1714 σαχῶς
405 1645 622 1713 λέγεται
669 1646 1017 1718 χωρίζεσθαι,
1053 1649 1494 1722 ἐπισκεψώμεθα.
1523 1651 1754 1721 Λέγεται

1873 464 1929 510 at
1961 472 2067 511 non
2098 459 2245 515 velut
2270 459 2383 528 jam
2413 475 2480 515 ex
2514 463 2747 519 mortuis
2778 467 3192 522 resurrexisset.
3231 467 3297 522 Et
3329 469 3446 527 hac

1870 552 1930 598 ut
1951 545 2144 602 demus
2189 549 2393 618 aliquid
2442 547 2684 621 Origeni,
2735 553 2829 622 qui
2874 555 3046 624 ipsam
3092 571 3190 626 per
3236 575 3296 615 se
3331 560 3448 615 for-

1869 651 2036 702 mam,
2074 647 2197 708 post
2238 648 2468 697 mortem
2520 656 2552 696 a
2590 658 2820 715 corpore
2869 647 3198 716 sejunctam,
3248 653 3448 710 anima)

1869 725 2024 780 reddi
2054 727 2208 794 dicit,
2239 729 2384 799 quod
2425 746 2536 800 pra:
2575 733 2832 789 omnibus
2864 736 3048 792 minus
3081 738 3297 794 videtur
3317 757 3448 812 pos-

1867 820 2054 884 sibile;
2085 835 2150 876 eo
2171 821 2318 891 quod
2361 822 2414 876 in
2465 823 2906 890 alterationibus,
2934 829 3087 897 prior
3131 829 3304 885 forma
3329 833 3445 905 (89)

1865 926 2029 981 quam
2061 926 2260 968 carnes
2292 924 2716 986 corrumpatur;
2763 928 2822 972 ut
2865 927 2918 975 et
2971 921 3141 992 ﬁgura
3174 923 3307 980 fusa:
3339 939 3448 984 sta-

1864 1009 1972 1058 tum
2001 1001 2158 1070 prius
2177 1019 2342 1075 quam
2389 1012 2564 1060 totum
2611 1007 2977 1067 dissolutione
3018 1014 3274 1074 intereat.
3317 1017 3440 1075 Non

1862 1092 2008 1147 enim
2035 1102 2214 1163 potest
2241 1095 2481 1164 qualitas
2512 1112 2542 1150 a
2576 1100 2804 1153 materia
2846 1103 3112 1170 separari,
3152 1106 3227 1160 ita
3256 1113 3314 1160 ut
3345 1124 3444 1179 per

1862 1199 1922 1240 se
1947 1184 2179 1239 exsistat
2211 1204 2223 1240 :
2249 1196 2536 1256 separatur
2558 1188 2780 1258 quidem
2816 1206 2846 1244 a
2872 1191 2993 1247 fusa
3023 1205 3200 1251 statua
3231 1215 3352 1268 qua:
3380 1201 3440 1257 in

1859 1289 1967 1330 aere
2011 1282 2116 1343 est,
2148 1275 2326 1332 deleta
2365 1275 2562 1346 forma,
2601 1279 2681 1336 sic
2731 1287 2916 1338 tamen
2974 1291 3031 1339 ut
3064 1301 3173 1342 non
3205 1293 3442 1364 amplius

1861 1368 2162 1428 secundum
2198 1369 2562 1424 substantiam
2595 1372 2883 1429 subsistat.

1929 1456 2045 1513 XV.
2078 1457 2217 1524 Quia
2231 1475 2364 1514 vero
2386 1459 2561 1515 forma
2581 1476 2608 1514 a
2627 1477 2793 1519 carne
2811 1465 2866 1519 in
2892 1476 3068 1526 morte
3089 1474 3336 1542 separari
3363 1476 3443 1530 di-

1857 1551 2035 1621 citur;
2069 1568 2200 1626 age,
2239 1563 2374 1624 quot
2421 1554 2599 1611 modis
2654 1573 2824 1612 unum
2858 1561 2927 1616 ab
2977 1564 3148 1621 altero
3195 1571 3435 1638 separari

1856 1645 2094 1711 dicatur,
2124 1646 2432 1703 videamus.
2476 1648 2686 1705 Dicitur
2707 1668 2836 1725 ergo
2859 1669 3028 1710 unum
3053 1658 3120 1712 ab
3143 1659 3250 1714 alio
3279 1677 3439 1731 sepa-

171 1734 356 1786 τοίνυν
385 1733 716 1806 χωρίζεσθαι
748 1753 801 1788 τι
834 1736 942 1791 ἀπό
973 1755 1119 1802 τινος
1154 1738 1186 1810 ἢ
1223 1740 1472 1812 ἐνεργείᾳ
1503 1741 1598 1795 καὶ
1631 1742 1743 1796 ὑπο·

1861 1737 2008 1805 rari,
2033 1738 2119 1793 vel
2160 1748 2289 1794 actu
2319 1749 2372 1795 et
2405 1740 2785 1808 subsistentia,
2820 1746 2905 1800 vel
2935 1749 3263 1818 cogitatione
3302 1770 3315 1806 :
3353 1752 3437 1808 vel

172 1826 389 1886 στάσει.
409 1826 443 1896 ἦ
469 1827 698 1898 ἐπινοίᾳ·
733 1827 766 1899 ἢ
797 1828 1068 1901 ἐνεργείᾳ,
1097 1830 1158 1882 οὑ
1188 1829 1293 1902 μὴν
1318 1831 1411 1884 καὶ
1434 1832 1746 1887 ὑποστάσει.

178 1917 268 1981 Ὠς
298 1919 351 1970 εί
380 1917 588 1988 πυρούς
629 1936 711 1983 τις
756 1919 852 1972 καὶ
893 1920 1088 1994 κριθάς
1133 1923 1443 1994 μεμιγμένα
1469 1925 1753 1994 χωρίσειεν

166 2012 261 2063 ἀπ’
299 2010 589 2082 ἀλλήλων·
710 2013 810 2084 μὲν
851 2013 960 2085 γὰρ
1007 2014 1146 2069 κατά
1189 2015 1404 2087 κίνησιν
1437 2019 1747 2088 χωρίζεται,

167 2101 429 2170 ἐνέργεια
455 2101 690 2170 λέγεται·
811 2104 867 2156 δὲ
902 2105 1236 2175 χωρισθέντα
1270 2106 1593 2180 ὑφέστηκεν,
1621 2109 1769 2178 ὑποπ

165 2193 358 2246 στάσει
391 2194 609 2261 λέγεται
647 2197 1000 2268 κεχωρίσθαι.
1062 2199 1304 2272 Ἐπινοίᾳ
1348 2200 1426 2265 δέ,
1476 2202 1605 2256 ὅταν
1651 2203 1748 2274 τὴν

164 2283 301 2355 ὓλην
335 2285 450 2339 ἀπὸ
487 2287 595 2339 τῶν
636 2291 935 2359 ποιοτήτων
967 2289 1308 2362 χωρίζωμεν,
1344 2291 1440 2345 καὶ
1470 2292 1570 2356 τὰς
1600 2295 1749 2348 ποιό-

159 2393 337 2448 τητας
373 2379 487 2433 ἀπὸ
517 2379 617 2448 τῆς
647 2378 798 2443 ὕλης,
828 2382 1076 2452 ἐνεργείᾳ
1115 2383 1191 2447 δὲ,
1240 2383 1300 2437 οὑ
1339 2383 1446 2456 μὴν
1479 2386 1572 2440 καὶ
1611 2387 1746 2441 ὑπο-

161 2469 376 2531 στάσει,
409 2469 542 2521 ὂταν
572 2468 838 2540 χωρισθὲν
859 2486 912 2522 τι
939 2469 1048 2523 ἀπό
1078 2487 1226 2534 τινος
1257 2471 1455 2544 μηκέτι
1489 2473 1743 2546 ὑπάρχοι,

160 2561 468 2614 ὑπόστασιν
506 2561 694 2624 οὐσίας
723 2562 823 2615 οὐκ
865 2560 1022 2632 έχων.
1060 2563 1219 2633 Γνοίη
1249 2563 1294 2616 δ’
1333 2564 1400 2619 ἀν
1433 2557 1519 2628 τις
1551 2565 1646 2620 καὶ
1686 2568 1745 2621 ἐν

159 2656 268 2716 τοῖς
298 2654 760 2724 χειροτεχνημασι
791 2653 866 2717 ῶς
896 2653 1030 2724 ἔχει,
1065 2655 1360 2729 ἀνδριάντα
1395 2655 1538 2721 ἰδὼν,
1573 2658 1606 2729 ἢ
1657 2659 1746 2712 ἴπ-

159 2760 257 2798 πον
303 2743 571 2814 χαλκοῦν.
607 2743 792 2798 Ταῦτα
835 2745 944 2817 γὰρ
992 2746 1360 2820 λογιζόμενος,
1408 2749 1597 2820 ὄψεται
1645 2750 1744 2823 τὴν

159 2835 402 2905 ἔμφυτον
454 2835 672 2907 μορφὴν
715 2835 1130 2892 διαλλάττοντα·
1174 2842 1254 2904 είς
1286 2840 1342 2894 δέ
1385 2841 1578 2913 ἐτέραν
1623 2843 1743 2914 ὄψιν

161 2927 541 2997 μεθιστάμενα
573 2928 664 2996 ὑφ’
686 2921 755 2999 ἧς
784 2927 894 3000 (87)
926 2929 985 2982 τὸ
1015 2931 1409 3004 ξυγγενόμενον
1437 2929 1573 2998 εἶδος
1599 2936 1741 3004 ἀφα-

155 3018 385 3081 νίζεται.
419 3019 486 3071 Ei
536 3018 644 3088 γάρ
681 3035 765 3083 τις
794 3018 861 3073 τά
889 3019 1024 3092 ἔργα
1056 3022 1125 3076 τὰ
1173 3026 1618 3098 σχηματιζόμενα
1662 3027 1742 3092 είς

156 3105 288 3172 εᾎος
322 3109 622 3182 ἀνθρώπου
668 3111 702 3182 ἢ
753 3112 920 3165 ἵππου
972 3115 1244 3186 συντήκοι,
1291 3118 1514 3189 εὑρήσει
1542 3118 1605 3172 τὸ
1640 3118 1739 3189 μὲν

154 3200 242 3254 τοῦ
275 3205 570 3274 σχήματος
599 3199 735 3268 εἶδος
757 3205 1172 3278 ἀφανιζόμενον,
1203 3209 1370 3282 αὑτὴν
1391 3210 1447 3264 δὲ
1477 3211 1577 3283 τὴν
1607 3210 1739 3282 ὓλην

159 3295 469 3362 μένουσαν.-
493 3296 656 3349 Ὦστε
687 3295 990 3351 ἀσύστατον
1025 3298 1085 3352 τὺ
1113 3299 1296 3370 λέγειν
1343 3301 1403 3354 τὸ
1455 3302 1552 3373 μὲν
1599 3299 1737 3368 εἶδος

154 3385 482 3440 ἀνίστασθαι
518 3388 918 3459 ἠμαυρωμένον
945 3390 1127 3462 μηδὲν,
1161 3392 1224 3445 τὸ
1250 3392 1307 3446 δὲ
1337 3393 1496 3465 σῶμα
1516 3395 1574 3447 ἐν
1595 3387 1640 3462 ᾧ
1669 3390 1738 3467 ἦν

154 3476 209 3529 τὸ
233 3474 383 3541 εἶδος
412 3479 880 3551 ἐντετυπωμένον,
915 3480 1342 3556 διαφθείρεσθαι.

215 3659 339 3724 ις’.
391 3657 558 3712 Ἀλλά
587 3660 693 3723 ναὶ,
725 3662 887 3732 φησίν
906 3680 920 3693 ·
951 3663 1010 3716 ἐν
1052 3663 1406 3736 πνευματικῷ
1429 3667 1536 3738 γὰρ
1571 3685 1735 3738 μετα-

153 3751 439 3822 τεθήσεται
477 3752 704 3823 σώματι.
733 3755 941 3809 Οὑκοῦν
968 3758 1178 3830 ἀνάγκη
1207 3760 1268 3813 τὸ
1299 3761 1398 3832 μὲν
1421 3758 1560 3826 εἷδος
1592 3764 1734 3828 ἰδίως

152 3842 437 3911 ὁμολογεῖν
482 3845 613 3897 αὐτὸ
659 3846 720 3899 τὸ
755 3847 967 3919 πρῶτον
999 3850 1072 3922 μὴ
1111 3851 1453 3920 ἀνίστασθαι,
1501 3854 1579 3926 τῷ
1615 3873 1735 3908 συν-

151 3933 482 4003 ηλλοιῶσθαι
525 3937 656 3991 αὑτὸ
696 3941 993 4011 συμφθίνον
1037 3945 1102 4014 τῇ
1157 3945 1350 4015 σαρκίο
1391 3947 1493 4001 κᾶν
1535 3947 1644 4022 γὰρ
1676 3950 1734 4001 ἐν

152 4028 510 4098 πνευματικῷ
545 4032 892 4105 μεταπλασθῇ
935 4032 1167 4106 σώματι,
1196 4037 1328 4090 αὑτὸ
1371 4038 1469 4109 μὲν
1501 4041 1645 4106 ἰδίως
1673 4041 1732 4095 τὸ

149 4117 359 4186 πρῶτον
407 4119 770 4191 ὑποκείμενον
804 4124 978 4177 ἐκεῖνο
1024 4125 1124 4178 οὐκ
1171 4125 1343 4192 ἕσται,
1393 4130 1646 4200 ὁμοιότης
1672 4131 1730 4185 δέ

147 4221 223 4270 τις
255 4209 478 4263 ἐκείνου
510 4213 569 4264 ἐν
601 4212 924 4286 λεπτομερεί
963 4217 1457 4292 μεταπεπλασμένη
1498 4221 1753 4294 σώματι·’

149 4299 192 4348 εί
213 4299 268 4352 δὲ
304 4302 459 4371 μήτε
489 4303 552 4354 τὸ
597 4299 738 4369 εἶδος
771 4307 830 4359 τὸ
858 4307 1011 4373 αὐτὸ,
1059 4310 1196 4380 μήτε
1229 4309 1290 4363 τὸ
1322 4310 1480 4382 σῶμα
1512 4313 1730 4368 ἀνίστα-

1854 1835 2002 1892 actu,
2041 1845 2152 1884 non
2185 1830 2316 1887 item
2367 1831 2745 1888 subsistentia.
2781 1833 2851 1890 Ut
2881 1836 2926 1891 si
2950 1839 3074 1908 quis
3104 1841 3340 1896 triticum
3379 1849 3438 1900 et

1852 1918 2114 1975 hordeum
2139 1923 2305 1977 mista
2334 1921 2477 1978 inter
2504 1938 2583 1988 se,
2607 1935 2859 1980 secernat
2885 1945 2898 1981 :
2925 1939 3194 1998 quatenus
3215 1932 3434 2002 quidem

1850 2025 1948 2081 per
1973 2022 2178 2068 motum
2214 2023 2562 2086 separantur,
2588 2017 2792 2074 dicitur
2819 2023 3090 2091 separatio
3119 2035 3242 2078 actu
3271 2033 3435 2096 atque

1851 2116 1945 2169 re;
1981 2114 2252 2174 quatenus
2285 2122 2416 2162 vero
2446 2117 2700 2178 separata
2728 2113 2957 2166 seorsim
2989 2113 3316 2181 subsistunt,
3350 2119 3436 2173 di-

1849 2193 1996 2248 citur
2026 2199 2327 2265 separatio,
2360 2199 2736 2260 subsistentia.
2789 2202 3131 2274 Cogitatione
3160 2217 3338 2263 autem
3375 2218 3433 2264 et

1848 2287 2078 2352 ratione,
2097 2288 2247 2343 velut
2273 2291 2318 2345 si
2353 2293 2631 2348 materiam
2654 2309 2682 2348 a
2706 2296 3063 2366 qualitatibus
3089 2314 3427 2369 separemus,

1847 2391 1916 2432 ac
1943 2378 2234 2448 qualitates
2263 2397 2294 2436 a
2319 2385 2569 2443 materia.
2604 2385 2744 2441 Actu
2775 2386 3012 2458 denique
3035 2432 3048 2456 ,
3080 2397 3134 2443 at
3165 2405 3270 2445 non
3301 2393 3432 2447 sul)-

1846 2469 2093 2527 sistentia
2116 2509 2132 2536 ,
2165 2488 2288 2528 cum
2325 2483 2636 2543 separatum
2678 2477 2882 2547 aliquid
2915 2478 2982 2532 ab
3008 2480 3115 2533 alio
3136 2519 3149 2542 ,
3177 2496 3285 2534 non
3315 2496 3431 2535 am-

1846 2562 1990 2633 plius
2018 2561 2210 2628 fuerit,
2253 2581 2361 2620 non
2403 2567 2608 2624 habens
2640 2585 2749 2639 quo
2792 2569 3081 2626 subsistat.
3120 2569 3342 2626 Noverit
3369 2579 3428 2627 ut

1845 2653 1959 2709 haec
1988 2653 2225 2710 habeant
2255 2659 2418 2712 etiam
2453 2660 2503 2712 in
2537 2661 2892 2725 mechanicis,
2943 2663 2988 2716 si
3028 2662 3151 2732 quis
3190 2671 3428 2718 statuam

1844 2761 2117 2816 equumve
2162 2763 2272 2803 mre
2321 2753 2503 2804 fusum
2547 2750 2798 2821 aspiciat.
2831 2749 3250 2819 Videbitenim,
3295 2754 3426 2809 dum

1844 2833 2093 2891 advertat
2140 2839 2407 2904 animum,
2446 2846 2506 2892 ut
2555 2838 2847 2894 immutent
2876 2839 3105 2896 formam
3142 2842 3423 2911 innatum,

1843 2931 2006 2996 atque
2061 2927 2118 2982 in
2170 2928 2398 3000 ﬁguram
2429 2930 2589 2985 aliam
2621 2946 2651 2986 a
2680 2947 2788 3002 qua
2811 2933 3058 2989 deleatur
3086 2934 3262 2993 forma
3289 2953 3424 2994 con-

1843 3019 2024 3088 genita
2051 3059 2064 3083 ,
2096 3020 2454 3077 transferant.
2494 3021 2627 3077 Nam
2671 3023 2716 3080 si
2749 3025 2872 3095 quis
2903 3026 3058 3096 signa
3093 3028 3149 3082 iu
3186 3030 3424 3088 hominis

1842 3119 1936 3164 aut
1965 3111 2089 3182 equi
2116 3112 2343 3184 ﬁguram
2361 3113 2593 3185 efﬁgiata
2619 3116 2954 3182 conﬁaverit,
2997 3117 3184 3175 formae
3205 3123 3423 3192 quidem

1842 3200 2066 3272 figuram
2089 3206 2440 3272 exstinctam,
2473 3209 2757 3264 materiam
2806 3226 2935 3266 vero
2966 3215 3312 3282 superstitem
3339 3216 3426 3270 in-

1839 3304 2102 3349 venturus
2125 3305 2227 3352 est.
2262 3298 2452 3367 Itaque
2473 3299 2770 3354 absurdum
2804 3309 2920 3369 est,
2953 3312 3009 3357 ut
3038 3305 3162 3375 quis
3188 3305 3422 3361 formam

1839 3400 1960 3456 quae
1987 3386 2123 3440 nihil
2163 3387 2268 3442 fuit
2299 3389 2570 3444 exstincta
2614 3403 3044 3448 resurrecturam
3081 3396 3260 3462 dicat,
3297 3411 3422 3452 cor-

1838 3494 2050 3550 pusque
2107 3480 2196 3534 cui
2265 3481 2358 3535 illa
2420 3480 2525 3536 fuit
2581 3481 2880 3553 impressa,
2967 3499 3281 3558 corruptum
3354 3489 3422 3544 iri

1839 3563 2153 3629 contendat.

1907 3665 1950 3720 Χ
1966 3665 2048 3721 Vl.
2069 3665 2300 3722 Maxime
2319 3667 2618 3733 enimvero,
2650 3671 2852 3742 inquit;
2891 3671 3250 3728 transferetur
3271 3674 3418 3728 enim

1836 3760 1891 3814 in
1914 3775 2115 3829 corpus
2135 3759 2399 3831 spiritale.
2432 3761 2572 3833 Ergo
2603 3762 2760 3820 fateri
2794 3781 3019 3821 necesse
3045 3775 3148 3832 est,
3170 3767 3417 3822 eamdem

1835 3853 2052 3922 proprie
2082 3852 2311 3906 formam
2332 3853 2564 3924 primam
2583 3871 2693 3911 non
2721 3873 3028 3930 resurgere,
3048 3874 3114 3913 eo
3130 3857 3274 3929 quod
3299 3875 3420 3914 mu-

1834 3949 1944 3996 tata
1986 3941 2058 3997 sit
2085 3951 2138 3997 et
2177 3955 2432 4014 corrupta
2455 3985 2469 4009 ,
2503 3962 2610 4000 una
2645 3963 2768 4003 cum
2812 3965 2994 4004 carne.
3043 3948 3155 4005 Etsi
3181 3951 3325 4006 enim
3359 3951 3418 4007 in

1834 4033 2079 4103 spiritale
2127 4049 2327 4105 corpus
2370 4039 2637 4094 translata
2679 4041 2784 4105 sit,
2831 4043 2949 4112 ipsa
2997 4051 3177 4100 tamen
3225 4046 3417 4102 eadem

1832 4140 1940 4180 non
1981 4126 2086 4180 erit
2130 4127 2366 4196 primum
2399 4132 2616 4200 proprie
2644 4134 2951 4203 subjectum
2977 4175 2990 4198 ,
3030 4137 3123 4191 sed
3159 4138 3406 4207 quaedam

1832 4216 1981 4271 illius
2007 4218 2064 4271 in
2100 4218 2288 4272 subtili
2320 4235 2552 4291 corpore
2583 4226 2972 4281 transformata
2994 4229 3314 4286 similitudo.
3352 4229 3412 4285 Si

1830 4318 2008 4364 autem
2028 4324 2135 4364 non
2153 4311 2339 4366 eadem
2373 4311 2545 4368 forma
2574 4333 2713 4390 ;nec
2747 4318 2887 4374 idem
2920 4335 3122 4392 corpus
3153 4321 3410 4392 resurgit,

147 4407 246 4455 ται,
279 4394 408 4446 ἀλλ’
451 4395 638 4467 ἕτερον
668 4398 786 4452 ἀντὶ
817 4399 910 4452 τοῦ
939 4401 1226 4474 προτέρου.
1263 4403 1336 4456 Τὸ
1376 4405 1482 4477 γὰρ
1514 4406 1718 4477 ὅμοιον,

1847 4400 1928 4457 sed
1959 4401 2107 4456 aliud
2144 4417 2242 4472 pro
2271 4404 2398 4458 alio.
2425 4403 2560 4460 Nam
2609 4409 2816 4476 simile,
2861 4426 2985 4466 cum
3037 4415 3109 4468 sit
3149 4415 3295 4470 aliud
3343 4417 3412 4471 ab

147 4480 325 4553 ἕτερον
356 4484 459 4538 τοῦ
494 4487 687 4541 ἑαυτοῦ
709 4491 894 4560 ὁμοίου
925 4492 1005 4555 ὃν,
1038 4494 1167 4546 αὐτὸ
1191 4495 1368 4548 ἐκεῖνο
1395 4495 1456 4548 τὸ
1483 4496 1726 4568 πρῶτον,

147 4574 272 4644 πρὶς
300 4577 332 4628 ὃ
364 4577 611 4643 ἐγένετο,
645 4575 785 4634 εἶναι
817 4583 876 4635 οὑ
908 4582 1150 4638 δύναται.

360 4798 646 4879 ἓξεθῃξιξί
673 4795 768 4868 ἧς.
805 4800 915 4879 Alii,
972 4803 1383 4879 μεθιστάμενος,
1412 4808 1497 4877 ἐφ’
1520 4801 1609 4879 ἧς.

208 4865 324 4930 (88)
359 4865 423 4917 Si
444 4865 646 4939 quidem
686 4865 827 4939 ergo.
852 4865 1010 4925 Clara
1040 4865 1320 4929 conclusio
1343 4865 1382 4929 ’Ξ
1418 4865 1476 4931 ut
1525 4865 1639 4936 sive
1671 4880 1728 4934 in

134 4945 400 5016 corpore.
424 4937 542 5016 sive
565 4937 901 5016 semanima.
932 4944 1244 5016 siveailhuc
1279 4957 1580 5016 superstes,
1612 4951 1728 5006 sive

145 5006 428 5088 redivivus
460 5009 612 5061 visus
646 5012 717 5088 sit
758 5010 923 5088 E'ias,
951 5014 1228 5088 nihilejus
1266 5006 1534 5088 apparitio
1568 5006 1728 5077 'obsit

144 5083 383 5155 sperata:
411 5081 804 5155 resurrectioni
836 5084 1038 5155 carnis.
1076 5081 1530 5144 Schottu's'aliter
1550 5091 1723 5155 effert,

144 5145 307 5232 \elut'
327 5157 612 5232 mortuum
667 5153 892 5232 afﬁrmet
933 5153 1238 5232 hletiiodius
1274 5161 1475 5232 :quod_
1503 5176 1567 5232 re
1608 5145 1728 5232 ipsa

145 5227 242 5291 non
283 5215 462 5274 facit:
514 5221 606 5298 sed
654 5225 918 5298 permit-tit
979 5225 1199 5297 Origeui
1250 5215 1515 5298 quidquid
1550 5215 1724 5294 marlit,

142 5288 791 5370 ejusquemndequaque
846 5288 1203 5370 inconsm'iuin
1267 5288 1461 5370 dogma
1520 5288 1722 5368 arguit.

146 5351 505 5435 ﬁrmi-athuc
528 5351 796 5435 SCil‘Oll-t)",
831 5366 972 5432 quod
1001 5351 1162 5435 paulo
1189 5351 1725 5431 ειηίέζζέέιιιῖἰῗόιὲἐ

149 5421 466 5512 ἕψω-Ψ
493 5421 871 5512 ³⁸ίὲτίν⁵ί¹¹1ίιεί
911 5421 1728 5512 amt-memearcessita};

151 5489 432 5579 Sirmﬁndi
453 5515 468 5562 ;
488 5489 694 5579 ‘estque
723 5503 843 5570 ejus
860 5489 1082 5579 sensus
1102 5489 1328 5575 facilis,
1342 5489 1403 5565 ἐἰ
1417 5489 1569 5579 iiiis?

158 5577 258 5646 nso
276 5565 635 5646 Methodiano
663 5565 831 5646 textu,
852 5585 927 5646 ut
958 5577 1060 5631 fuit
1091 5593 1121 5631 a
1142 5565 1723 5646 nobis'redditus,7vel

162 5639 200 5682 1
225 5639 351 5706 ipse
375 5639 573 5706 habet,
597 5644 910 5698 contulerit.

211 5705 328 5776 (89)
366 5705 448 5762 Eo
492 5710 716 5780 quodin
743 5715 1140 5773 alterationibus
1189 5721 1335 5788 prior
1380 5721 1573 5792 forma,
1617 5734 1722 5779 etc.

1831 4509 1897 4548 eo
1913 4492 2026 4566 (90)
2057 4494 2201 4564 quod
2231 4495 2333 4566 ipsi
2372 4497 2548 4554 simile
2574 4509 2681 4565 est,
2702 4501 2832 4555 illud
2865 4504 3040 4573 ipsum
3062 4506 3317 4575 primum,
3341 4507 3411 4562 ad

1831 4585 1974 4656 quod
1998 4586 2099 4640 fuit
2132 4587 2333 4643 factum
2362 4597 2417 4646 et
2442 4592 2587 4661 quod
2621 4593 2885 4662 imitatur,
2910 4613 3033 4652 esse
3069 4614 3175 4652 non
3207 4607 3408 4669 potest.

1964 4813 2406 4887 προαπόλλυσθαι
2451 4818 2513 4871 τὸ
2558 4814 2696 4881 εἶδος
2739 4817 2847 4871 τῶν
2902 4818 3140 4887 σαρκῶν,
3189 4820 3294 4881 vel,
3348 4827 3408 4874 ut

1831 4880 2354 4958 Sirm.,'__capx‘mthv,
2389 4891 2576 4941 eodem
2619 4880 2801 4943 sensu.
2847 4880 3037 4958 Arguit
3067 4880 3254 4944 contra
3291 4890 3404 4944 for-

1829 4968 1971 5028 mam
2004 4954 2149 5008 illam
2173 4954 2580 5024 Origenianam,
2619 4965 2675 5011 ut
2705 4975 2812 5012 non
2840 4954 3013 5028 possit
3046 4960 3136 5013 illa
3186 4961 3406 5016 restitui

1829 5023 2062 5100 animae,
2093 5023 2608 5100 carne’perempta,
2665 5043 2788 5100 cum
2840 5023 3028 5099 pereat
3083 5031 3198 5100 ipsa
3257 5032 3408 5100 prior

1829 5108 2016 5172 car_ne.
2051 5095 2103 5147 in
2133 5111 2240 5172 qua
2269 5097 2417 5172 velut
2446 5095 2802 5172 subsistebat,
2834 5095 2899 5172 eo
2919 5095 3204 5172 modoquo
3231 5095 3404 5172 ﬁgura

1827 5172 1882 5241 et
1915 5164 2085 5218 forma
2110 5165 2234 5241 equi
2268 5166 2322 5218 in
2346 5183 2475 5241 aere.
2511 5166 2648 5221 Male
2678 5184 2809 5241 ergo
2845 5164 3126 5241 Sehottus'
3155 5189 3214 5225 eo
3265 5164 3403 5241 quod

1829 5234 2003 5312 formo
2034 5237 2232 5297 carnis,
2265 5243 2396 5312 etc.,
2413 5237 2687 5312 pluraque
2713 5239 2816 5292 alia
2845 5240 3077 5310 quisque
3114 5234 3406 5312 perspexe-

1828 5304 1900 5357 rit
1926 5304 2106 5375 niinus
2134 5313 2258 5375 apte
2291 5307 2374 5359 vel
2407 5304 2637 5361 fideliter
2667 5304 2899 5363 reddita.

1897 5373 2009 5444 (90)
2037 5373 2255 5451 Canusii
2283 5377 2430 5451 aliud
2458 5377 2522 5451 ab
2551 5388 2758 5451 eo,_etc.
2799 5379 2888 5451 Sic
2917 5379 3075 5449 plane
3090 5380 3401 5451 legendum,

1830 5444 2026 5518 Evagon
2066 5446 2161 5498 τοῦ
2191 5446 2368 5518 ἑαυτῴ
2400 5447 2586 5518 όμοίου
2623 5446 2700 5514 ὃν,
2735 5444 2932 5504 suadet
2960 5451 3074 5518 ipse
3115 5444 3402 5508 contextus

1826 5525 1880 5568 et
1938 5515 2160 5570 inducta
2215 5515 2500 5585 probatio;
2533 5533 2653 5587 qua:
2684 5519 2842 5572 aliter
2891 5515 3177 5590 concepta,
3220 5524 3399 5648 inepta

1826 5591 1931 5639 est.
1957 5584 2109 5639 Valet
2132 5602 2261 5640 vero
2290 5588 2593 5648 in.creatis,
2624 5590 2716 5643 ubi
2763 5589 2909 5642 nulla
2968 5589 3162 5648 forma.
3217 5610 3304 5648 mu
3330 5595 3399 5648 tis

1825 5591 1931 5639 est.
1957 5584 2109 5639 Valet
2132 5584 2261 5640 vero
2290 5584 2593 5649 in.creatis,
2624 5590 2716 5643 ubi
2763 5589 2909 5642 nulla
2968 5584 3172 5653 forma,
3217 5584 3368 5650 multi

1828 5670 1888 5708 re
1943 5672 2070 5711 vera
2103 5666 2157 5711 et
2189 5656 2466 5714 individue
2499 5660 2806 5714 communis
2839 5668 2942 5715 est.
2974 5662 3030 5715 In
3083 5663 3282 5718 divinis
3313 5675 3397 5720 est

1832 5727 2022 5782 saltem
2053 5727 2188 5784 alter
2210 5728 2365 5784 alteri
2387 5729 2601 5797 similis,
2631 5747 2804 5800 eoque
2834 5732 3124 5802 singularis
3150 5737 3393 5805 quaedam
