3962 6204
535 194 643 256 325

1505 203 1567 259 S.
1601 204 1930 264 ΜΕἹἮΟΒΙΙ
1970 207 2077 264 EPI

2195 208 2277 264 iPI
2315 209 2402 266 ΕΤ
2441 208 2799 268 MARTYRIS
3663 214 3765 274 εει

595 313 759 372 XVII.
796 315 885 373 Ait
929 312 1071 384 ε’ίδος
1105 326 1160 375 et
1194 321 1424 377 I'ormam
1465 338 1612 391 esse,
1646 326 1794 397 quod
1822 330 2083 385 membro‘

2277 330 2373 387 IZ'.
2415 333 2533 388 Ὀτι
2565 330 2701 401 εἶδός
2745 351 2909 408 φησιν
2936 331 3073 390 εἶναι
3101 336 3161 388 τὸ
3187 335 3285 407 τὴν
3324 334 3627 407 ταυτότητά
3663 337 3764 390 τῶν

532 420 657 463 rum
686 408 1044 477 identitatem,
1081 411 1330 483 in'tlgura
1355 413 1541 471 forma
1561 419 1910 491 propriisque
1927 422 2111 477 unius-

532 500 798 570 cujusque
810 499 1161 566 distinclivis,
1177 505 1414 561 exhibet.

510 602 513 605 ‘
603 590 788 647 XVIII.
824 591 1142 665 Ezponeute
1164 595 1399 667 Origene
1420 613 1587 653 sensu
1619 599 1934 670 allegorice,
1964 604 2107 673 quod

530 685 600 739 ab
630 683 909 741 Ezechiele
936 688 1197 757 propheta
1224 689 1427 744 dictum
1450 689 1569 755 fuit,
1590 690 1657 747 de
1675 695 2104 761 resurrectione,

529 785 693 846 atque
720 776 786 831 ad
831 776 1199 834 Israelitarum
1231 796 1261 836 e
1294 780 1622 852 Babylonica
1680 786 1990 855 captivitate
2016 803 2107 844 re-

527 866 700 921 ditum
734 867 1109 938 detorquente,
1134 880 1256 939 post
1296 873 1486 937 multa,
1521 888 1645 928 eum
1683 889 1918 947 arguens
1969 876 2108 933 San-

526 967 672 1021 ctus,
708 960 809 1013 hoc
839 960 1028 1029 adjicit
1056 980 1069 1016 :
1103 960 1181 1017 Ac
1205 978 1379 1032 neque
1414 963 1515 1034 ipsi
1538 962 1711 1022 Judaei
1742 968 1956 1037 plenam
1991 968 2107 1025 sin-

530 1065 821 1121 ceramque
872 1052 1175 1107 libertatem
1235 1055 1473 1111 assecuti
1525 1064 1684 1120 sunt,
1715 1074 1892 1130 neque
1912 1061 2104 1131 majori

526 1149 797 1210 potestate
829 1144 1059 1201 devictis
1098 1146 1370 1213 hostibus,
1399 1147 1829 1222 Hierosolymam
1856 1152 2104 1207 incolue-

528 1242 770 1289 runtzae
790 1250 913 1289 cum
937 1237 1136 1307 saepius
1163 1241 1487 1295 statuissent
1517 1242 1781 1312 templum
1809 1242 2100 1308 mdilicare,

527 1335 597 1388 ab
622 1334 745 1390 aliis
780 1337 1034 1407 gentibus
1079 1339 1338 1408 prohibiti
1365 1349 1511 1395 sunt.
1548 1338 1700 1397 Unde
1719 1341 1883 1397 etiam
1917 1343 2006 1397 vix
2037 1343 2103 1397 il-

526 1427 619 1481 lud
643 1427 786 1481 intra
815 1443 989 1485 annos
1018 1447 1139 1485 xcv:
1164 1431 1537 1497 absolverunt,
1560 1448 1684 1488 eum
1713 1432 1972 1489 Salomon
2006 1449 2103 1489 an-

525 1521 614 1574 nis
630 1530 835 1591 septem
858 1538 886 1575 a
907 1522 1273 1580 fundamentis
1289 1526 1583 1597 excitatum
1608 1528 1944 1597 perfecisset.
1959 1526 2102 1594 Quid

525 1627 657 1665 vero
689 1628 915 1669 necesse
960 1615 1032 1671 sit
1082 1617 1238 1687 plura
1288 1616 1630 1679 dieere,cum
1667 1632 1698 1671 a
1737 1616 2100 1675 Nabuchodo-

2212 425 2386 496 μελῶν
2431 427 2489 479 ὲν
2524 425 2604 497 τῷ
2640 428 2942 499 χαρακτῆρι
2991 426 3091 497 τῆς
3140 425 3353 498 μορφῆς
3393 427 3622 481 ἑκάστου
3675 429 3765 496 ἰμ-

2209 520 2415 587 φαῖνον.

2277 609 2383 661 1Η’.
2435 609 2576 676 Ὅτι,
2622 609 2683 662 τὸ
2711 609 2859 680 παρά
2889 608 2983 663 τοῦ
3034 609 3309 680 προφήτου
3351 606 3607 678 Ἰεζεκιὴλ
3644 607 3769 679 περί

2206 697 2304 767 τῆς
2347 700 2691 763 ἀναστάσεως
2734 699 2839 752 τῶν
2877 698 3084 770 νεκρῶν
3118 698 3281 770 ῥητὸν
3322 697 3628 769 εἰρημένον,
3678 696 3767 751 τοῦ

2220 790 2523 862 Ὠριγένους
2557 790 2996 863 ἀλληγοροῦντος,
3040 790 3135 844 καὶ
3178 791 3262 854 εἰς
3293 790 3392 859 τὴν
3418 790 3527 843 τῶν
3556 791 3636 853 εἰς
3670 789 3773 841 Βα-

2205 881 2417 936 ϐυλῶνα
2448 882 2986 954 αἰχμαλωτισθέντων
3025 881 3371 954 Ἰσραηλιτῶν
3397 880 3657 933 ἐπάνοδον
3685 882 3775 933 ὲκ-

2206 971 2523 1044 6ιαζομένου
2544 974 2810 1046 εἰρῆσθαι,
2837 972 3130 1043 ἐξελέγχων
3154 971 3290 1043 μετά
3312 970 3481 1024 πολλὰ
3503 973 3533 1025 ὁ
3558 971 3772 1038 Ἄγιος,

2203 1065 2296 1116 καὶ
2324 1065 2482 1118 τοῦτό
2515 1082 2696 1137 φησιν’
2739 1064 2874 1118 Οὐδὲ
2911 1064 3019 1136 γὰρ
3044 1065 3165 1118 οὐδὲ
3195 1065 3347 1117 αὐτοὶ
3378 1063 3515 1135 πρὸς
3557 1061 3774 1117 ἐλευθε-

2206 1155 2326 1227 ρίαν
2356 1157 2660 1227 ἀνέσφηλαν
2692 1156 2958 1228 καθαρὰν,
2980 1156 3096 1209 οὐδὲ
3127 1154 3233 1208 τῶν
3254 1154 3461 1226 ἐχθρῶν
3496 1171 3777 1225 κατακραιι

2200 1248 2461 1317 τήσαντες
2528 1247 3071 1318 ὲξουσιαστικώτερον
3119 1246 3230 1317 (95)
3286 1245 3613 1317 κατῴκησαν
3669 1245 3776 1316 τὴν

2213 1339 2583 1411 Ἰερουσαλήμ.
2617 1341 2873 1411 Εῐργοντο
2903 1339 3033 1409 γοῦν
3057 1340 3162 1392 ὑπὸ
3196 1338 3303 1391 τῶν
3342 1337 3639 1392 ἀλλοεθνῶν
3661 1338 3774 1408 (94)

2201 1432 2456 1496 πολλάκις
2482 1432 2829 1503 οἰκοδομῆσαι
2857 1430 3179 1502 θελήσαντες
3211 1430 3407 1501 μᾶλλον
3434 1429 3568 1500 (95).
3605 1429 3775 1483 Ὅθεν

2200 1525 2293 1576 κα)⁵
2343 1526 2400 1577 ὲν
2447 1528 2542 1593 pg’
2578 1522 2739 1576 αὐτὸν
2785 1522 2881 1576 καὶ
2929 1520 2989 1586 ἓξ
3033 1520 3176 1574 ἔτεσι
3226 1520 3376 1589 μόλις
3424 1517 3776 1591 ἠδυνήθησαν

2199 1613 2507 1685 δείμασθαι,
2556 1612 2650 1666 τοῦ
2702 1612 3044 1683 Σολομῶντος
3088 1611 3146 1663 ὲν
3190 1612 3440 1664 ἑπταετεῖ
3487 1611 3664 1682 χρόνῳ
3712 1611 3778 1664 ὲκ

524 1717 723 1760 nosore
768 1712 822 1760 et
857 1709 1274 1763 successoribus
1308 1708 1430 1778 ejus
1476 1708 1530 1762 in
1564 1708 1839 1781 Babylone
1863 1726 2083 1781 regnan-

2200 1705 2461 1777 θεμελίων
2482 1706 2642 1759 αὑτὸν
2670 1703 3186 1776 συμπληρώσαντος.
3210 1704 3317 1757 Καὶ
3340 1703 3393 1755 τί
3425 1703 3531 1775 χρὴ
3552 1703 3774 1770 λέγειν;

523 1794 693 1859 tibus,
718 1812 890 1867 usque
922 1798 989 1853 ad
1010 1797 1298 1855 Persarum
1328 1801 1382 1854 in
1412 1799 1669 1871 Assyrios
1699 1802 2097 1871 expeditionem

522 1896 577 1944 et
627 1890 926 1945 Alexandri
970 1891 1261 1962 imperium
1301 1900 1355 1947 et
1403 1892 1604 1947 bellum
1657 1908 1779 1949 eum
1839 1893 2100 1951 Romanis

521 1983 900 2046 commissum,
932 1982 1110 2039 sexies
1143 1985 1211 2039 ab
1238 1985 1487 2041 hostibus
1510 1984 1883 2058 Hierosolyma
1915 1988 1968 2042 in
2003 2004 2100 2060 po-

523 2080 777 2129 testatem
809 2073 1030 2130 redacta
1054 2074 1511 2148 sintharratque
1534 2076 1824 2148 Josephus,
1857 2079 2047 2136 dicens
2080 2100 2094 2137 :

520 2161 719 2236 [Capta
733 2173 811 2219 est
844 2165 1235 2240 Hierosolyma]
1260 2186 1396 2223 anno
1416 2169 1639 2224 secundo
1671 2169 1979 2238 Vespasiani
1996 2174 2094 2226 im—

518 2258 801 2325 peratoris.
832 2256 1003 2328 Capta
1029 2269 1077 2313 et
1109 2268 1229 2313 ante
1262 2260 1379 2329 jam
1411 2261 1682 2332 quinquies
1704 2301 1719 2324 ,
1740 2270 1863 2315 tunc
1900 2264 2090 2317 iterum

518 2358 730 2403 vastata
780 2358 880 2404 est.
928 2349 1211 2404 Asochreus
1249 2352 1388 2405 enim
1416 2351 1639 2422 ﬁgypti
1670 2368 1789 2416 rex,
1833 2362 1885 2407 et
1934 2354 2092 2423 hujus

515 2456 786 2494 successor
821 2442 1141 2504 Antiochus;
1172 2440 1360 2496 deinde
1398 2441 1708 2511 Pompeius,
1756 2454 1807 2497 et
1849 2454 1964 2512 post
1995 2444 2090 2498 Iros

515 2547 635 2585 cuin
677 2530 886 2585 Herode
928 2531 1135 2593 Sosius,
1179 2543 1389 2601 captam
1437 2533 1618 2588 urbem
1653 2551 1920 2588 servavere
1952 2533 2087 2606 (91).

513 2616 650 2673 Ante
678 2639 795 2675 vero
825 2639 917 2676 res:
940 2622 1351 2693 Babyloniorum
1376 2641 1439 2679 ea
1464 2627 1683 2695 potitus,
1709 2626 1998 2682 exciderat.

2198 1799 2306 1853 ἀπὸ
2333 1798 2441 1869 γάρ
2467 1799 2532 1869 δὴ
2564 1797 3029 1869 Ναϐουχοδονόσορ
3065 1798 3160 1851 καὶ
3189 1796 3298 1850 τῶν
3327 1798 3441 1867 μετ’
3475 1796 3639 1850 αὐτὸν
3664 1796 3777 1850 Βα-

2200 1891 2432 1955 ϐυλῶνος
2476 1890 2908 1962 βασιλευσάντων
2951 1890 3076 1961 ἄχρι
3108 1890 3207 1959 τῆς
3250 1887 3472 1959 Περσῶν
3502 1887 3596 1940 ἐπὶ
3642 1890 3775 1952 τοὺς

2212 1984 2525 2056 Ἀσσυρίους
2566 1982 2812 2044 καθόδου,
2841 1982 2939 2053 τῆς
2975 1997 3036 2033 τε
3075 1978 3419 2049 Ἀλεξάνδρου
3448 1978 3772 2049 ἡγεμονίας,

2201 2076 2295 2132 καὶ
2320 2076 2411 2130 τοῦ
2455 2074 2741 2146 Ῥωμαίων
2771 2073 2866 2127 τοῦ
2906 2073 3043 2145 πρὸς
3074 2074 3199 2136 τοὺς
3240 2070 3528 2134 Ἰουδαίους
3562 2072 3775 2141 συῤῥα-

2197 2170 2389 2240 γέντος
2436 2168 2696 2240 πολέμου,
2749 2167 2935 2234 ἑξάκις
2992 2164 3445 2237 κατεστράφησαν
3494 2163 3606 2217 ὑπδ
3663 2164 3777 2218 τῶν

2199 2262 2469 2333 πολεμίων
2521 2260 2589 2314 τά
2654 2259 3018 2332 Ἱεροσόλυμα.
3066 2258 3177 2313 Καὶ
3233 2254 3391 2310 τοῦτο
3462 2254 3775 2326 Ἰὡσηππος

2198 2355 2400 2426 ἱστορεῖ
2426 2353 2598 2421 λέγων
2617 2369 2631 2384 ’
2655 2354 2805 2405 Ἔτει
2836 2351 3091 2419 δευτέρῳ
3112 2350 3219 2419 (96)
3242 2349 3353 2418 τῆς
3380 2352 3776 2405 Οὐεσπασια-

2197 2443 2308 2497 νοῦ
2339 2442 2676 2512 ἡγεμονίας.
2716 2440 2970 2494 Ἀλοῦσα
3001 2439 3071 2493 δὲ
3102 2439 3201 2492 καὶ
3226 2441 3517 2507 πρότερον
3552 2441 3780 2494 πεντά-

2194 2552 2308 2601 κις,
2341 2529 2519 2589 τοῦτο
2546 2532 2829 2600 δεύτερον
2850 2529 3145 2599 ἠρημώθη.
3174 2530 3489 2598 Ἀσωχαῖος
3516 2531 3639 2600 μὲν
3662 2534 3775 2602 γὰρ

2196 2629 2229 2681 ὀ
2259 2624 2376 2679 τῶν
2401 2625 2738 2696 Αἰγυπτίων
2760 2622 3078 2689 βασιλεὺς,
3119 2622 3218 2676 καὶ
3243 2623 3369 2691 μετ’
3415 2623 3609 2676 αὑτὸν
3653 2625 3780 2677 Ἀν-

512 2710 733 2781 τιοχος,
768 2713 970 2767 ἔπειτα
1004 2715 1332 2784 Πομπήϊος,
1362 2718 1459 2771 καὶ
1486 2718 1586 2772 ἐπὶ
1614 2720 1847 2787 τούτοις
1873 2720 1994 2774 σὺν
2026 2716 2241 2787 Ἡρώδῃ
2275 2718 2500 2784 Σώσιος
2523 2718 2788 2782 ἑλόντες,
2810 2715 3156 2783 ἐνέπρησαν
3183 2712 3298 2782 τὴν
3321 2715 3522 2768 πόλιν.
3547 2715 3677 2783 Πρὸ
3710 2714 3780 2769 δὲ

513 2803 756 2866 τούτων,
794 2807 827 2859 ό
858 2804 977 2858 τῶν
1006 2808 1407 2862 Βαϐυλωνίων
1428 2808 1750 2876 βασιλεὺς,
1784 2809 2112 2878 κρατήσας,
2149 2808 2469 2879 ἠρήμωσεν
2502 2804 2713 2872 αὑτήν.

584 2891 724 2947 XIX.
760 2893 905 2959 Ilaec,
939 2895 1135 2964 inquit,
1163 2895 1238 2949 ait
1260 2894 1542 2967 Origenes.
1575 2898 1738 2969 Atqui
1771 2908 1947 2970 potest
1970 2915 2085 2953 mo-

510 2985 626 3039 veri
659 2985 883 3040 dubium
911 2987 979 3042 de
1010 2986 1220 3041 Lazaro
1247 2997 1301 3043 et
1331 2987 1532 3043 divite:
1559 2990 1680 3046 aliis
1710 2991 1926 3061 quidem
1956 2992 2087 3045 sim-

511 3077 709 3147 plicius
758 3079 966 3134 dictum
1020 3081 1377 3151 putantibus,
1411 3083 1569 3153 quasi
1597 3084 1758 3139 ambo
1802 3084 1858 3139 in
1892 3097 2087 3153 corpo-

2265 2898 2363 2952 ΙΘ¹.
2403 2898 2525 2950 Ὀτι
2578 2897 2864 2969 Ὠριγένης
2891 2895 3018 2949 τάδε
3060 2895 3225 2965 φησί’
3258 2896 3394 2967 Περὶ
3425 2895 3485 2949 δὲ
3526 2895 3629 2949 τοῦ
3660 2898 3779 2950 Δα-

2194 2990 2357 3060 ζάρου
2396 2988 2491 3043 καὶ
2538 2986 2632 3041 τοῦ
2680 2987 2931 3041 πλουσίου
2983 2988 3304 3058 ἀπορεῖσθαι
3347 2987 3608 3042 δύναται·
3661 2990 3779 3043 τῶν

2198 3084 2294 3155 μὲν
2341 3080 2721 3152 ἁπλουστέρων
2756 3079 2866 3152 (97)
2902 3080 3160 3149 οἰομένων
3189 3080 3363 3135 ταῦτα
3386 3080 3662 3150 λελέχθαι.
3696 3081 3778 3144 ὡς

513 3170 702 3236 ribus,
736 3171 902 3241 digna
952 3172 1114 3229 factis
1144 3174 1200 3228 in
1231 3174 1341 3230 vita
1369 3151 1675 3247 receperint
1709 3195 1724 3233 :
1754 3176 1891 3232 aliis’
1907 3151 2083 3233 autem

2195 3151 2515 3246 ἀμφοτέρων
2545 3151 2681 3243 μετά
2707 3171 2814 3225 τῶν
2844 3151 3112 3242 σωμάτων
3129 3171 3514 3243 ’λαμϐανόντων
3539 3173 3615 3225 τά
3642 3173 3776 3238 ἀξια

513 3262 799 3331 subtilius;
823 3279 945 3318 cum
965 3272 1088 3336 post
1112 3267 1568 3323 resurrectionem
1585 3266 1694 3341 (92)
1714 3269 1895 3324 nullus
1911 3269 1966 3322 in
1981 3268 2089 3321 vita

511 3354 887 3425 relinquatur;
946 3373 1053 3412 non
1094 3359 1535 3417 existimantibus
1582 3363 1698 3417 hree
1736 3362 1794 3417 in
1843 3375 2090 3417 resurre-

510 3446 691 3503 ctione
732 3448 1048 3519 contigisse.
1076 3447 1215 3506 Nam
1243 3456 1317 3507 ait
1342 3452 1495 3510 dives
1518 3454 1566 3486 ’⁸
1600 3472 1615 3509 :
1655 3452 1836 3508 Habeo
1865 3453 2089 3524 quinque

581 3583 628 3619 ”
647 3582 780 3641 Luc.
815 3601 928 3655 xvi.
948 3586 1040 3642 28.

508 3702 856 3773 similitudo,
915 3718 1079 3773 quam
1158 3701 1339 3773 aptius
1417 3701 1755 3757 identitatem
1824 3699 2079 3773 dicimus.

508 3771 703 3844 Greci,
732 3771 1142 3844 ὁμοουσιότηταο
1166 3771 1469 3843 ταυτότητά
1502 3787 1648 3836 vero,
1689 3779 1752 3844 ut
1774 3788 1879 3842 qua
1903 3771 2083 3828 Sabel-

508 3843 796 3898 lianismus
823 3843 1146 3914 explicetur,
1165 3844 1696 3914 omniextremorum
1727 3843 2077 3899 distinctione

508 3916 746 3973 sublata.
794 3911 1053 3984 reprobat
1090 3914 1442 3984 Epiphanius.
1513 3911 1585 3967 De
1625 3914 1728 3968 hac
1758 3915 1939 3968 divina
1978 3930 2077 3968 ex-

509 3985 726 4040 cellenti
759 3985 1134 4042 similimdine.
1161 4000 1331 4054 pauca
1366 3985 1610 4054 quaedam
1646 3984 1713 4038 ad
1745 4000 1938 4039 novam
1968 3984 2076 4038 Ca-

509 4056 732 4110 techesin
756 4055 961 4120 Basilii,
998 4055 1053 4108 in
1079 4054 1197 4110 Vita
1219 4056 1410 4126 ipsius,
1443 4063 1668 4111 auclore
1694 4056 2074 4126 Amphilochio

505 4134 717 4181 DORU'O.

578 4196 692 4266 (91)
724 4195 1022 4266 Servavere.
1059 4195 1385 4266 Ἐτήρησαν.
1411 4192 1489 4248 Ita
1515 4194 1799 4266 legendum
1835 4200 1978 4263 patet
2010 4211 2074 4250 ex

507 4264 628 4335 ipso
658 4264 809 4320 textu
849 4265 1091 4334 .Iosephi.
1119 4264 1279 4334 quem
1307 4266 1502 4320 melius
1537 4264 1847 4320 Haeschelio
1881 4267 2074 4334 legisse

503 4345 559 4389 et
591 4338 914 4406 expendisse
942 4336 1271 4390 Methodium
1312 4336 1604 4393 verisimile
1631 4342 1819 4406 est.ret
1849 4350 1912 4389 ex
1963 4351 2074 4388 om-

2193 3265 2300 3318 τῶν
2333 3264 2434 3335 (ὲν)
2482 3263 2560 3336 τῷ
2594 3262 2692 3334 βίῳ
2725 3263 3154 3335 πεπραγμένων·
3202 3262 3309 3316 τῶν
3350 3263 3406 3316 δὲ
3441 3263 3779 3335 ἀκριϐεστέ-

2195 3376 2323 3430 ρων’
2353 3360 2473 3412 ἐπεὶ
2504 3357 2640 3430 μετά
2671 3356 2769 3429 τὴν
2796 3358 3088 3411 ἀνάστασιν
3130 3356 3301 3421 οὐδεὶς
3349 3357 3406 3412 ὲν
3451 3356 3554 3429 βίῳ
3606 3376 3781 3414 κατο-

2192 3448 2454 3508 λείπεται,
2488 3450 2589 3503 οὐκ
2616 3450 2674 3503 ὲν
2699 3452 2764 3521 τῇ
2788 3448 3079 3503 ἀναστάσει
3111 3448 3369 3518 οἰομένων
3398 3449 3575 3503 ταῦτα
3602 3467 3783 3521 γεγου-

2186 3715 2309 3756 rum
2358 3700 2731 3772 apparitioues
2776 3700 3003 3770 exponit
3052 3717 3065 3753 :
3118 3715 3242 3771 quae
3291 3709 3440 3772 certe
3485 3702 3782 3760 crassiora

2186 3780 2335 3834 sunt,
2359 3770 2653 3843 putidaque
2671 3780 2725 3827 et
2755 3773 3008 3826 haeretica
3034 3790 3049 3837 ;
3081 3786 3393 3842 quanquam
3418 3770 3561 3843 forte
3581 3775 3783 3831 minus

2184 3841 2414 3898 solide'a
2442 3841 2635 3898 nostro
2664 3843 2936 3898 Methodio
2965 3841 3278 3913 impugnata
3306 3841 3431 3911 :qui
3457 3851 3509 3897 el
3544 3844 3667 3912 ipse
3698 3845 3779 3899 ad

2184 3928 2415 3983 corpora
2442 3922 2714 3977 recurrat,
2741 3914 2837 3969 sed
2866 3914 3016 3967 velut
3045 3921 3377 3979 rognata,et
3405 3914 3523 3967 sine
3558 3915 3780 3983 quibus

2184 3986 2410 4039 nnnime
2447 3985 2716 4040 exsistant
2760 3983 2988 4054 spiritus
3039 3983 3513 4052 hmnani,.suapte
3560 3994 3778 4041 natura

2181 4056 2452 4124 corporei,
2500 4070 2810 4124 quanquam
2866 4069 3095 4123 corpore
3148 4054 3371 4108 alterius
3419 4054 3656 4108 rationis
3696 4058 3780 4109 ab

2164 4125 2307 4183 isto.
2340 4126 2483 4196 quod
2515 4126 3015 4196 cenindumeutum
3038 4132 3320 4196 externum
3357 4135 3636 4196 geStemus
3661 4164 3678 4189 ,
3710 4134 3778 4180 et

2179 4192 2543 4275 corruptibili.
2598 4194 2753 4250 Esset
2786 4208 2923 4275 opus
2958 4196 3206 4275 longiori
3246 4192 3639 4275 disputatione,
3689 4196 3779 4251 ad

2179 4267 2572 4321 ostendendum
2614 4270 2891 4335 quomodo
2951 4267 3067 4318 veri
3125 4267 3368 4335 spiritus,
3426 4272 3779 4335 naturaque

2180 4351 2404 4405 prorsus
2458 4338 2792 4407 incorporea‘
2833 4335 3132 4406 patiantur,
3188 4335 3491 4407 praesertim
3538 4335 3611 4390 ab
3643 4338 3773 4407 igni

504 4404 675 4477 nibus
703 4406 1001 4467 historicis.
1039 4406 1353 4477 apudquos
1399 4421 1668 4477 nusquam
1723 4404 1811 4477 illa
1855 4414 2073 4477 exstant
2107 4422 2150 4476 ι)
2178 4404 2444 4477 corporeo
2472 4425 2484 4460 :
2510 4409 2602 4463 sed
2617 4404 2798 4462 'l‘uerit
2825 4404 2995 4477 ructas
3035 4406 3318 4477 excedere,
3349 4406 3552 4476 quibus
3600 4404 3772 4477 unus

504 4473 1272 4548 Hierosolymorunrexcidia:
1299 4483 1525 4548 excepto
1545 4475 1719 4548 primo
1744 4475 1834 4528 illo
1854 4473 2076 4548 Babylo-

504 4546 630 4601 nico
674 4554 727 4600 et
764 4546 965 4602 ultimo
1013 4546 1275 4600 Ilomano.
1337 4546 1722 4617 Κατεστράφηᾉ
1757 4560 1887 4617 ergo
1944 4547 2075 4602 urbs

503 4617 619 4680 illa,
644 4618 867 4671 subacta
894 4626 977 4672 est
1005 4626 1057 4671 et
1091 4623 1248 4685 capta
1266 4616 1445 4670 sexies
1467 4634 1479 4669 :
1500 4615 1768 4687 ἠρημώθη
1790 4615 2074 4687 6_é,_eversa

503 4697 559 4742 et
592 4689 775 4743 excisa
795 4696 879 4743 est
903 4687 1116 4741 tandem
1143 4684 1339 4756 iterum
1359 4684 1605 4741 secundo
1620 4684 1842 4754 imperii
1869 4684 2074 4756 Vespa-

504 4759 643 4813 siani
675 4773 853 4826 anno;
893 4758 1038 4827 quod
1066 4764 1121 4811 et
1146 4756 1263 4827 ipse
1288 4755 1667 4811 Methodiauns
1692 4763 1894 4820 textus,
1923 4755 2071 4814 clare

502 4834 658 4887 satis.
681 4829 734 4882 in
758 4844 856 4882 sua
886 4828 1050 4883 etiam
1075 4828 1392 4893 vitiosuate,
1416 4834 1788 4898 repraesentat.

574 4899 687 4970 (92)
710 4898 844 4953 Cum
869 4909 986 4968 post
1002 4899 1453 4970 resurrectionem,
1475 4895 1581 4952 etc.
1616 4896 1840 4970 Videtur
1867 4895 2072 4966 signifi-

500 4968 615 5053 cari
648 4968 896 5053 absoluta
920 4971 1009 5023 illa
1032 4968 1358 5053 Origeniana
1383 4968 1849 5053 ἀποκατάστασις,
1889 4977 1944 5023 et
1982 4983 2069 5053 re-

500 5040 715 5111 stitutio
738 5041 791 5111 in
817 5041 1106 5110 integrum,
1133 5039 1188 5094 in
1212 5054 1319 5111 qua
1344 5042 1528 5096 nullus
1562 5041 1636 5096 sit
1678 5039 2068 5109 relinquendus

500 5108 698 5182 invita
723 5128 738 5176 ;
768 5108 1027 5182 intellige,
1060 5108 1328 5180 passibili,
1353 5126 1449 5166 seu
1505 5112 1668 5166 etiam
1704 5111 1759 5164 in
1787 5126 2061 5182 corpore;

499 5180 586 5234 cui
614 5182 663 5253 is
694 5180 1161 5252 alligatos'censet
1200 5182 1425 5252 spiritus
1477 5182 1532 5236 iu
1568 5196 1805 5253 pinnam,
1836 5180 1928 5237 sed
1973 5180 2067 5253 illa

497 5251 715 5326 tandem
736 5251 974 5326 solubili.
993 5261 1053 5326 et
1090 5251 1346 5326 omnibus
1367 5251 1702 5326 quandoque
1715 5251 2062 5326 remittenda.

496 5316 890 5394 Exponit'ergo
912 5322 1195 5394 Origenes,
1216 5332 1275 5376 ut
1293 5316 1402 5378 ista'
1416 5326 1468 5376 in
1492 5316 1814 5394 corporibus
1838 5338 1868 5375 a
1893 5329 2067 5376 morte

496 5396 772 5461 acceptis;
806 5393 861 5448 in
916 5393 1117 5463 quibus
1165 5409 1339 5462 usque
1379 5395 1446 5447 ad
1498 5393 1949 5448 resurrectionem
2009 5397 2065 5463 et

495 5462 862 5518 omnimodam
882 5462 952 5517 ab
985 5465 1092 5517 illis
1108 5464 1528 5529 absolutionem,
1563 5465 1648 5519 vel
1670 5463 1955 5530 refrigerio
1978 5462 2063 5515 vel

493 5541 678 5604 ptana,
710 5533 937 5604 spiritus
966 5535 1296 5604 emigrantes
1348 5536 1659 5603 potiantur;
1712 5541 1863 5604 gesta
1889 5530 2063 5585 dicta-

491 5612 600 5666 que
627 5600 771 5673 sint;
799 5603 1068 5673 ejusmodi
1083 5600 1272 5659 'adhue
1295 5600 1639 5673 corporibus,
1675 5600 1849 5658 instar
1872 5614 2062 5657 carce-

492 5682 615 5724 rum
639 5683 671 5723 a
694 5669 804 5725 Deo
832 5669 1115 5739 adhibitis,
1145 5669 1421 5743 quomodo
1450 5674 1614 5729 etiam
1637 5673 1774 5729 alias
1815 5680 2059 5727 mortuo-

2178 4475 2435 4532 Methodii
2479 4485 2658 4533 lextus
2695 4475 3054 4532 elucidandus
3093 4475 3407 4546 prepositus
3450 4483 3558 4529 est.
3597 4475 3770 4531 Miris

2175 4560 2342 4610 certe,
2384 4547 2480 4603 sed
2523 4549 2667 4603 veris
2719 4547 2896 4602 modis
2928 4545 3111 4600 divina
3164 4546 3378 4615 justuia
3433 4561 3572 4600 suos
3626 4547 3769 4605 illos

2175 4634 2298 4674 reos
2332 4627 2548 4688 torquet
2579 4634 2592 4669 :
2633 4634 2734 4673 nec
2762 4616 2918 4672 deest
2953 4624 3295 4688 utextraneo
3353 4631 3586 4688 corpore
3642 4626 3772 4671 tor-

2172 4698 2354 4760 queat,
2386 4686 2507 4759 quae
2544 4690 2706 4744 torsit
2739 4686 3381 4760 COIIleIItjbOaEIICIlSIOI'
3406 4686 3600 4760 divina
3630 4703 3760 4741 ma-

2171 4757 2297 4823 nus,
2328 4757 2491 4829 quam
2543 4770 2600 4814 ut
2642 4774 2763 4814 eam
2813 4757 3767 4829 subtilissimusrquisque_spiritns

2172 4825 2376 4901 fugiat;
2400 4846 2467 4885 eo
2500 4846 2609 4885 non
2659 4830 2821 4901 male,
2856 4836 2911 4883 et
2941 4825 3351 4901 comparatione
3377 4825 3444 4881 ad
3478 4825 3649 4882 Deum
3679 4830 3760 4883 il—

2169 4895 2279 4955 lum
2327 4899 2611 4966 Spiritum,
2650 4910 2705 4955 et
2735 4899 2903 4955 Deum
2962 4895 3275 4966 spirituum,
3314 4896 3652 4952 Damasceno
3687 4906 3758 4952 et

2170 4918 2279 4955 lum
2327 4918 2365 4955 δ
2405 4918 2611 4964 tritum,
2650 4918 2705 4955 et
2735 4918 2903 4955 Deum
2962 4918 3275 4966 spirituum,
3314 4918 3652 4952 uamasceno
3687 4918 3758 4952 es

2169 4972 2291 5027 aliis
2312 4988 2326 5037 ;
2354 4918 2481 5026 (funi
2496 4972 2584 5025 'ita
2611 4971 2698 5041 pie
2726 4986 2853 5026 cum
2873 4969 2937 5023 Ι).
2953 4966 3163 5023 Thema
3181 4969 3414 5024 velimus
3435 4983 3709 5040 exponere
3729 4978 3769 5035 ;‘

2167 5042 2349 5099 dictus
2388 5057 2707 5112 corporeus.

2222 5134 2355 5220 ,(95)
2397 5131 3051 5202 Ὲξουσιαστικώτερον.
3103 5128 3171 5186 Η.
3229 5129 3337 5195 SL,
3400 5126 3753 5196 ἐξουσιαστι-

2166 5223 2776 5368 Μῖθῦάῗοῖλλλοεθνῷν.
2800 5293 2866 5348 Η.
2898 5293 3005 5368 εἰ..
3039 5292 3215 5349 ἄλλων
3242 5291 3434 5347 ἐθνῶν.

2236 5365 2349 5437 (95)
2385 5367 2655 5422 Μᾶλλον.
2680 5365 2809 5435 Leg.
2832 5365 2981 5419 ναόν.

2237 5432 2349 5510 (96)
2388 5440 2547 5492 Ἔτει
2601 5432 2779 5491 δευτξ
2797 5436 2988 5507 Suppl.
3031 5449 3095 5490 ex
3130 5433 3355 5505 Ioseph.
3389 5432 3536 5488 ἑάλω
3574 5432 3764 5507 Ἱερο-

2175 5512 2290 5566 σὸλυ
2299 5526 2395 5566 μα.

2175 5512 2224 5565 “ὁ
2260 5528 2290 5562 υ
2338 5526 2395 5566 α.

2165 5529 2196 5566 σ
2227 5512 2346 5667 (θέλ)
2388 5597 2849 5668 Ἀπλουστέρων.
2898 5596 3010 5666 AL,
3064 5598 3458 5672 ἁπλούστερον,
3506 5607 3564 5656 et
3588 5610 3777 5669 mox,

2163 5672 2571 5748 ἀκριϐέστερον.

3950 1576 3962 1586 ,ι

3950 1760 3962 1771 .4
