3972 6212
234 211 342 268 525

1327 209 1417 266 EX
1456 208 1661 266 LIBRO
1701 209 1790 266 DE
1826 208 2437 269 RESURREC‘HONE.

3397 213 3504 271 326

232 325 406 381 γένει.
441 323 600 392 Λέγει
641 321 748 394 γὰρ
784 322 812 374 6
845 321 1116 386 πλούσιος,
1165 321 1248 375 δτι
1283 321 1469 376 Πέντε
1511 321 1808 391 ἀδελφοὺς

1920 321 2159 391 fratres:
2207 339 2269 377 ne
2299 335 2346 376 et
2376 323 2478 392 ipsi
2519 324 2729 377 veniant
2770 323 2824 376 in
2861 323 2997 377 hunc
3019 323 3191 378 locum
3222 331 3502 384 tormento-

232 417 376 486 ἔχω,
419 414 518 468 καὶ
560 415 658 466 ἵνα
681 411 766 482 μὴ
799 415 1060 468 ἔλθωσιν
1106 417 1194 480 εὶς
1224 413 1331 467 τὸν
1373 415 1560 466 τόπον
1597 415 1812 468 τοῦτον

233 505 350 575 τῆς
373 503 673 569 βασάνου,
706 501 947 571 πέμψον
978 503 1246 572 Λάζαρον
1277 504 1688 574 ἀπαγγέλλοντα
1717 505 1813 557 αὑ-

233 599 348 660 τοῖς
372 597 441 648 τά
467 594 719 648 ἐνταῦθα.
750 597 859 650 Καὶ
884 595 972 649 διὰ
996 596 1152 650 τοῦτο
1181 597 1486 668 ζητούντων
1508 597 1606 667 τὴν
1639 597 1814 665 γλῶσ-

235 705 356 753 σαν,
395 689 489 741 καὶ
519 688 608 740 τὸν
639 688 919 752 δάκτυλον,
961 689 1057 741 καί
1084 688 1209 752 τοὺς
1258 689 1493 752 κόλπους
1538 688 1811 761 Ἀϐραὰμ,

233 779 326 831 καὶ
347 780 449 849 τὴν
477 778 772 850 ἀνάκλησιν
791 779 925 850 (98),
943 781 1037 834 καὶ
1053 781 1194 851 τάχα
1223 782 1283 834 τὸ
1304 782 1401 853 τῆς
1419 781 1594 852 ψυχῆς
1616 782 1730 854 ἅμα
1745 786 1811 854 τῇ

232 870 526 941 ἀπαλλαγῇ
581 871 766 940 σχῆμα
791 872 1034 942 ὁμοειδὲς
1076 872 1135 926 ὂν
1173 873 1250 944 τῷ
1302 877 1466 945 παχεῖ
1508 875 1602 928 καὶ
1640 877 1814 947 γηΐνῳ

233 960 472 1032 σώματι,
528 961 747 1015 δύναται
798 962 939 1017 οὕτω
989 964 1382 1036 λαμϐάνεσθαι.
1441 966 1508 1019 Εἴ
1543 983 1673 1020 ποτε
1721 963 1814 1021 οὖν

232 1053 516 1125 ἱπόρηταί
535 1071 618 1118 τις
639 1054 746 1107 τῶν
771 1057 1184 1127 κεκοιμημένων
1205 1057 1550 1128 φαινόμενος,
1614 1058 1814 1129 ὁμοίως

236 1146 345 1214 (99)
378 1146 618 1218 ἑώραται
651 1146 728 1218 τῷ
758 1148 846 1200 ὅτε
877 1149 974 1219 τὴν
1004 1149 1180 1221 σάρκα
1219 1146 1352 1220 εἶχε,
1385 1145 1817 1221 σχήματι.Εἷτα·

230 1234 364 1293 ἀλλὰ
442 1239 582 1292 ’καὶ
619 1241 647 1292 6
689 1225 946 1311 Σαμουὴλ
972 1241 1316 1312 φαινόμενος,
1347 1242 1421 1306 ὡς
1466 1242 1624 1314 δῆλόν
1669 1245 1819 1297 ἐστιν

231 1331 429 1400 ὁρατὸς
447 1329 547 1394 ὢν,
571 1330 918 1402 παρίστησιν,
943 1333 1022 1384 ὅτι
1051 1331 1207 1404 σῶμα
1229 1335 1554 1407 περιέχει-τοο
1584 1337 1816 1408 μάλιστα

233 1419 328 1471 ἐὰν
361 1417 798 1490 ἀναγκασθῶμεν
843 1422 947 1474 ὑπὸ
976 1422 1086 1475 τῶν
1129 1424 1456 1492 ἀποδείξεων
1497 1426 1596 1497 τὴν
1628 1428 1816 1480 οὐσίαν

231 1512 326 1582 τῆς
353 1513 538 1583 ψυχῆς
559 1514 845 1586 ἀσώματον
868 1512 1027 1581 εἶναι,
1043 1517 1135 1569 καὶ
1184 1513 1388 1583 ταυτὴν
1414 1519 1813 1590 ἀποφήνασθαι.

394 1609 411 1625 “
443 1606 536 1657 καὶ
563 1607 591 1659 6
623 1605 982 1677 κολαζόμενος
1016 1606 1288 1671 πλούσιος,
1319 1609 1412 1661 καὶ¹
1441 1611 1468 1662 6
1497 1611 1554 1661 ἐν
1595 1609 1817 1673 κόλποις

243 1693 502 1765 ’Δΰραάμ
532 1696 700 1768 πένης
744 1697 1180 1769 ἀναπαυόμενος,
1227 1698 1332 1768 πρὸ
1375 1699 1475 1770 τῆς
1516 1699 1815 1771 παρουσίας

227 1785 324 1840 τοῦ
361 1789 613 1860 Σωτῆρος
637 1790 730 1844 καὶ⁹
758 1790 863 1863 πρὸ
886 1790 987 1860 τῆς
1023 1791 1330 1854 συντελείας
1349 1791 1442 1845 τοῦ
1473 1793 1685 1858 αἰῶνος,
1721 1792 1814 1846 καὶ

225 1879 317 1934 διὰ
351 1879 513 1933 τοῦτο
556 1881 662 1951 πρὸ
705 1882 804 1952 τῆς
848 1881 1199 1944 ἀναστάσεως
1227 1881 1504 1954 λεγόμενοι
1537 1884 1565 1936 6
1602 1884 1705 1954 μὲν
1755 1886 1812 1937 ὲν

226 1971 360 2044 ᾅδου
421 1973 767 2039 κολάζεσθαι,
805 1974 833 2026 6
882 1973 940 2028 δὲ
988 1977 1045 2028 ὲν
1099 1973 1320 2038 κόλποις
1385 1975 1635 2046 Ἀϐραὰμ
1683 1978 1816 2030 ἀνα..

225 2065 522 2129 παύεσθαι,
542 2065 902 2130 διδάσκουσιν,
925 2067 1006 2120 ὅτι
1036 2067 1131 2120 καὶ
1177 2065 1272 2120 νῦν
1295 2069 1361 2138 τῇ
1392 2066 1677 2140 ἀπαλλαγῇ
1713 2069 1811 2141 (1),

225 2156 445 2228 σώματι
496 2158 690 2229 χρῆται
739 2159 772 2228 ἡ
817 2159 983 2230 ψυχή.
1036 2159 1182 2229 Πρὸς
1211 2157 1383 2212 ταῦτα
1427 2160 1456 2212 6
1505 2159 1658 2228 ἆγιος
1687 2160 1812 2214 τάδε

225 2249 393 2320 φησί·
427 2249 625 2319 Σχῆμα
657 2249 785 2303 ἄλλο
816 2251 1059 2320 ὁμοειδὲς
1087 2251 1166 2321 τῷ
1193 2249 1436 2322 αἰσθητῷ
1469 2252 1642 2322 τούτῳ
1674 2253 1814 2323 μετά

228 2339 326 2408 τὴν
351 2341 608 2396 ἐντεῦθεν
640 2342 902 2413 ἐκδημίαν
931 2342 1070 2412 ἔχειν
1102 2340 1448 2413 ἐκτιθέμενος
1481 2343 1580 2415 τὴν
1612 2343 1808 2415 ψυχήν·

227 2433 526 2504 ἀσώματον
563 2436 668 2489 ὑπὸ
717 2437 770 2490 τί
807 2437 1168 2501 Πλατωνικῶς
1205 2439 1562 2508 ἀποφαίνεται
1604 2441 1808 2513 aii-rip;

229 2524 302 2576 T6
337 2527 448 2597 γὰρ
492 2527 586 2581 καὶ
634 2527 772 2598 μετά
809 2528 904 2600 τὴν
937 2528 1044 2582 ἀπὸ
1071 2529 1164 2582 τοῦ
1201 2531 1407 2600 κόσμου
1454 2533 1812 2605 ἀποφοίτησιν

228 2616 324 2686 61f;
335 2635 506 2687 ματος
526 2620 694 2691 αὐτὴν
720 2619 936 2674 δέεσθαι
965 2620 1059 2674 καὶ
1088 2620 1381 2692 περιϐολῆς
1421 2623 1620 2693 λέγειν,
1652 2625 1726 2689 ὡς
1749 2627 1810 2679 οὐ

230 2705 537 2780 δυναμένην
583 2709 982 2780 κατασχεθῆναι
1027 2712 1260 2785 γυμνὴν,
1305 2712 1423 2777 πῶς
1453 2714 1553 2767 οὐκ
1593 2714 1660 2768 ἂν
1686 2716 1807 2770 καθ’

226 2800 433 2872 ἑαυτὴν
463 2801 749 2873 ἀσώματος
779 2805 898 2876 εἴης
945 2807 1260 2879 Ἀσώματος
1285 2808 1342 2862 δὲ
1374 2804 1526 2873 οὖσα,
1560 2809 1678 2873 πῶς
1709 2812 1810 2864 οὐκ

225 2891 382 2946 ἐσται
433 2894 530 2948 καὶ
567 2896 913 2962 ἀνεπίδεκτος
953 2899 1179 2965 παθῶν;
1238 2901 1542 2955 Ἀκολουθεῖ
1581 2902 1690 2976 γὰρ
1732 2903 1809 2975 τῷ

224 2985 522 3056 ἀσώματον
573 2988 740 3060 αὐτὴν
774 2990 1041 3060 ὑπάρχειν
1087 2993 1180 3046 καὶ
1226 2993 1288 3046 τὸ
1315 2993 1500 3065 ἀπαθῆ
1531 2990 1673 3051 εἶναι
1715 2997 1809 3050 καὶ¹

224 3077 660 3147 ἀπερίσπαστον.
694 3081 757 3134 Ei
784 3082 882 3152 μὲν
911 3079 1003 3137 οὖν
1036 3084 1140 3137 ὑπὸ
1170 3083 1364 3154 ἀλόγου
1390 3085 1450 3138 οὐ
1483 3085 1808 3156 παρείλκετο

1919 431 2058 480 rum,
2094 415 2241 468 mitte
2269 413 2538 468 Lazarum
2556 423 2610 467 ut
2637 414 2745 468 illis
2768 414 3072 481 denuntiet,
3092 433 3211 486 qua:
3232 416 3319 472 hic
3340 420 3495 477 Iiunt.

1923 507 2101 578 Atque
2132 509 2266 562 adeo
2299 510 2344 564 si
2375 523 2684 578 quaeramus
2718 507 2955 578 linguam
2982 509 3124 562 illam
3159 518 3214 563 et
3241 510 3497 580 digitum,

1918 599 2208 669 sinumque
2237 600 2469 653 Abrahae
2487 609 2539 654 et
2569 598 2871 653 recubitum
2901 618 2913 652 :
2944 597 3080 653 forte
3101 615 3230 654 vero
3259 609 3312 655 et
3333 619 3497 672 quam

1917 693 2100 747 statim
2131 708 2161 745 a
2196 701 2404 756 morte,
2437 707 2626 746 crasso
2681 693 2806 746 huic
2839 700 2892 746 et
2921 699 3140 744 terreno
3174 695 3391 764 corpori
3424 696 3500 749 si-

1916 782 2098 836 milem
2151 782 2378 836 formam
2429 784 2608 835 anima
2647 782 2850 848 induit;
2899 783 2978 836 sic
3017 769 3211 852 potest.
3249 783 3496 855 intelligi.

1919 873 1975 928 Si
2010 876 2230 944 quando
2274 876 2439 945 igitur
2488 876 2733 931 historiis
2759 877 3030 946 proditum
3071 885 3154 931 est
3179 880 3500 948 apparuisse

1918 966 2152 1036 aliquem
2186 979 2482 1029 mortuum,
2515 968 2677 1022 simili
2717 966 2891 1021 forma
2927 985 2989 1022 ac
3016 967 3144 1023 dum
3187 977 3500 1026 versaretur

1919 1057 1974 1112 in
2025 1074 2211 1123 carne,
2260 1060 2534 1130 apparuit.
2570 1058 2838 1114 Praeterea
2869 1079 2882 1114 :
2917 1059 3195 1116 enimvero
3234 1066 3250 1083 ⁶
3279 1061 3502 1118 Samuel

1919 1164 2195 1220 apparens
2224 1151 2302 1220 (2)
2333 1151 2479 1206 velut
2501 1152 2676 1206 oculis
2707 1154 3042 1222 conspicuus
3065 1153 3132 1216 θ’,
3170 1153 3416 1208 indutqu
3443 1169 3503 1209 se

1917 1259 2121 1313 corpus
2147 1242 2388 1298 ostendit
2420 1262 2432 1297 :
2483 1247 2786 1312 praesertim
2811 1246 2856 1297 si
2887 1244 3394 1301 demonstrantibus
3415 1263 3507 1302 ur-

1919 1351 2144 1405 geamur
2178 1335 2331 1390 fateri
2367 1352 2488 1392 esse
2513 1337 2750 1391 animam
2776 1346 2972 1390 natura
3007 1339 3407 1409 incorporeum,
3438 1357 3503 1396 ac

1917 1427 2187 1490 eamdem,
2214 1429 2474 1498 nullaque
2491 1430 2754 1483 varietate
2779 1433 3013 1498 partium
3035 1432 3134 1501 ('5).
3165 1431 3266 1485 Sed
3285 1433 3504 1488 etdives

1918 1522 2164 1591 punitus,
2195 1531 2247 1581 ct
2275 1538 2481 1593 pauper
2511 1523 2564 1576 in
2595 1524 2718 1576 sinu
2753 1523 3006 1586 Abrahae,
3044 1532 3170 1577 ante
3199 1522 3502 1580 Salvatoris

1919 1612 2211 1669 adventum
2247 1615 2541 1685 szeculique
2584 1616 3111 1671 consuuuuatiouem
3135 1657 3149 1678 ,
3181 1625 3342 1686 atque
3367 1617 3503 1672 adeo

1919 1714 2044 1760 ante
2068 1709 2519 1762 resurrectionem
2541 1709 2720 1778 quiete
2741 1709 2946 1779 potitus
2969 1725 2982 1774 ;
3003 1709 3146 1778 quod
3163 1710 3299 1764 alter
3321 1709 3503 1778 puniri

1921 1799 1975 1852 in
2037 1798 2283 1862 inferno,
2331 1799 2466 1854 alter
2498 1800 2553 1853 in
2600 1800 2723 1855 siuu
2761 1800 2990 1854 Abraha:
3033 1800 3248 1854 dicatur
3284 1801 3504 1870 requie-

1915 1906 2097 1956 scere;
2135 1890 2188 1944 id
2219 1892 2437 1955 docent,
2471 1892 2635 1946 etiam
2673 1892 2852 1951 modo.
2889 1891 3071 1945 statim
3098 1907 3127 1944 a
3157 1892 3502 1962 migratione,

1917 1983 1996 2037 uti
2046 1983 2282 2037 animam
2319 1999 2568 2054 corpore.
2606 1983 2686 2036 Ad
2723 1999 2845 2053 qua:
2897 1985 2968 2037 ita
3025 1985 3110 2036 vir
3140 1993 3363 2039 sanctus
3413 1999 3501 2039 re-

1917 2075 2176 2144 spondet:
2211 2072 2436 2138 docens,
2465 2074 2662 2128 habere
2682 2074 2916 2128 animam
2952 2074 3039 2127 ubi
3075 2089 3105 2127 a
3136 2091 3368 2145 corpore
3397 2075 3503 2130 mi-

1914 2166 2092 2236 gravit
2117 2206 2130 2229 ,
2178 2163 2407 2218 formam
2442 2165 2607 2218 aliam
2634 2207 2649 2229 ,
2687 2165 2880 2221 huicce
2921 2168 3165 2222 sensibili
3187 2212 3201 2235 ,
3228 2170 3408 2238 specie
3434 2184 3501 2225 ac

1917 2256 2104 2312 habitu
2147 2257 2406 2312 similem.
2439 2256 2713 2322 Quorsum
2752 2274 2882 2312 vero
2907 2261 3166 2321 animam,
3203 2262 3498 2332 inquit”),

1913 2347 2194 2406 Platonice
2219 2351 2594 2421 incorporeum
2627 2351 2934 2423 (Origenes)
2960 2352 3144 2407 deﬁnit
3159 2355 3182 2407 ?
3198 2361 3328 2420 Qua:
3349 2357 3498 2412 enim

1913 2450 2037 2510 post
2083 2442 2248 2497 etiam
2296 2459 2580 2498 excessum
2614 2459 2644 2498 e
2681 2445 2813 2508 vita,
2861 2445 3111 2498 vehiculo
3153 2457 3308 2516 egeat
3336 2454 3390 2501 et
3413 2463 3500 2502 ve-

1916 2541 2021 2600 ste,
2058 2535 2206 2588 velut
2235 2533 2380 2588 nuda
2408 2534 2794 2605 comprehendi
2826 2552 2936 2590 non
2969 2538 3143 2606 possit
3179 2547 3272 2591 aut
3302 2539 3496 2603 teneri,

1911 2626 2186 2696 quomodo
2211 2642 2320 2681 non
2347 2627 2461 2696 ipsa
2482 2644 2578 2696 per
2608 2643 2666 2682 se
2692 2629 3013 2697 incorporea
3038 2629 3144 2682 sit?
3172 2629 3498 2700 lucorporea

1911 2732 2065 2780 vero,
2086 2717 2181 2788 qui
2208 2735 2314 2773 non
2345 2722 2505 2774 etiam
2528 2720 2595 2773 ab
2621 2719 2770 2772 omni
2821 2720 3074 2789 passione
3105 2720 3363 2776 immunis
3388 2720 3501 2777 sit?

1909 2807 2281 2879 Consequitur
2317 2809 2462 2865 enim
2489 2845 2505 2869 ,
2547 2815 2606 2860 ut
2636 2810 2956 2879 incorporea
2978 2812 3141 2873 sit,et
3161 2819 3342 2866 utnon
3369 2827 3496 2882 pos-

1911 2900 1981 2955 sit
1999 2899 2135 2955 allici
2159 2916 2223 2955 ac
2258 2901 2590 2971 perturbari.
2617 2899 2671 2954 Si
2692 2901 2840 2954 nulla
2863 2915 2994 2970 ergo
3012 2903 3241 2964 ratione,
3265 2902 3444 2956 alieno
3462 2915 3495 2957 ἃ

1909 2993 2121 3047 ratione
2145 2994 2386 3062 appetitu
2415 2992 2757 3058 trahebatur,
2793 2994 2954 3062 plane
2989 3009 3090 3048 nec
3121 2994 3496 3049 dolentiscor-

1909 3083 2060 3152 poris
2077 3083 2442 3154 patientisque
2454 3098 2618 3138 sensu
2643 3085 2753 3137 ullo
2775 3083 3183 3138 immutabatur.
3206 3083 3494 3156 Nunquam

224 3168 360 3233 ὅλως
400 3170 719 3243 ἐπιθυμίας,
760 3175 879 3228 οὐδὲ
912 3176 1381 3248 συμμετεόάλλετο
1424 3177 1677 3246 ἀλγοῦντι
1715 3179 1806 3233 καὶ

1915 3176 2054 3230 enim
2085 3177 2232 3246 quod
2263 3184 2420 3230 vacat
2441 3165 2689 3246 corpore,
2723 3192 2829 3231 una
2862 3193 2987 3231 cum
3012 3193 3262 3247 corpore,
3298 3194 3361 3232 ac
3393 3195 3495 3235 nec

223 3261 493 3334 πάσχοντι
550 3264 627 3335 τῷ
676 3264 907 3337 σώματι.
967 3269 1279 3340 Ἀσώματον
1326 3269 1435 3340 γὰρ
1486 3268 1718 3340 σώματι,
1765 3271 1800 3341 ἢ

227 3354 392 3425 σῶμα
420 3355 697 3427 ἀσωμάτῳ
722 3358 822 3410 οὐκ
852 3358 918 3412 ἄν
947 3376 1074 3412 ποτε
1119 3359 1415 3430 συμπάθοι,
1450 3360 1536 3413 ἵνα
1567 3359 1634 3414 ἂν
1662 3357 1805 3413 ἀσώ-

293 3515 314 3533 ⁹
346 3512 936 3598 ξίόλεέαιμόνιονηῆν
962 3519 1197 3598 τδρ-ταρὰ
1216 3521 1314 3593 τῆς
1341 3521 1803 3594 Ἐνγαστριμύθου

222 3584 488 3654 ἀναχθὲν,
512 3586 622 3638 ἀλλ’
641 3584 738 3656 οὐχ
765 3589 792 3640 6
825 3584 1095 3661 Σαμουὴλ.

294 3721 346 3754 ’⁸
381 3722 400 3775 Ι
428 3719 556 3791 Reg.
583 3738 777 3789 xxvnl,
804 3723 890 3780 12.

290 3858 413 3928 (98)
458 3861 840 3930 ’Ardxlno'w.
874 3861 1037 3918 Forte
1059 3863 1356 3918 ἀνάκλισιν.

293 3930 415 4004 (99)
456 3932 716 4004 :Oyoiwc.
744 3933 852 4004 Al,
881 3934 1085 4004 ὅμοιος.

294 4000 380 4072 (1)
403 4000 483 4069 Τῇ
507 4005 733 4056 άπαλλ.
769 4000 926 4057 Deest
954 4004 1088 4071 ἄμα.

297 4074 382 4144 ('2)
411 4072 629 4144 Samuel
655 4090 930 4144 apparens.
965 4073 1160 4127 Paucis
1197 4073 1445 4128 scholion
1479 4075 1805 4129 sententiam

223 4141 492 4202 lethodii
521 4143 647 4197 huic
673 4141 1012 4214 Origeuiaua:
1029 4148 1312 4199 adversam
1330 4145 1564 4214 explicat
1583 4163 1598 4212 ;
1619 4157 1677 4199 ut
1697 4161 1806 4200 non

225 4215 478 4277 Samuel,
507 4214 600 4268 sed
631 4214 837 4268 dauuon
882 4213 1029 4267 Sauli
1066 4215 1350 4276 illusurus,
1385 4213 1643 4270 ementita
1685 4216 1806 4284 ejus

224 4287 441 4355 specie,
479 4294 738 4338 evocatus
761 4287 1072 4354 apparuerit
1103 4299 1254 4354 :quze
1282 4297 1362 4340 est
1385 4301 1641 4355 perquam
1665 4302 1809 4339 com-

222 4371 416 4410 murus
470 4363 782 4425 sanctorum
815 4357 1104 4418 sententia,
1159 4358 1211 4408 in
1242 4371 1405 4424 quam
1439 4357 1596 4425 plura
1645 4356 1804 4412 docte

1909 3282 2112 3338 corpus
2145 3284 2253 3322 una
2279 3283 2401 3322 cum
2431 3284 2496 3323 eo
2545 3269 2689 3338 quod
2717 3271 2810 3323 illo
2841 3279 3016 3333 vacat,
3042 3270 3292 3324 habuerit
3314 3271 3494 3340 affici;

1913 3367 1973 3413 ut
2005 3359 2082 3413 ita
2109 3374 2240 3416 sane
2268 3367 2637 3416 consentanee
2663 3363 2826 3417 dictis
2855 3362 2930 3433 (5)
2971 3363 3290 3432 incorporea
3320 3363 3493 3420 videri

1982 3519 2004 3542 ‘
2043 3515 2221 3572 Schol.
2267 3515 2603 3587 Diemonium
2642 3523 2761 3572 erat
2799 3518 2941 3587 quod
2983 3517 3085 3571 fuit
3125 3525 3411 3574 evocatum
3457 3534 3490 3574 ιι

1911 3589 2256 3659 ventriloqua
2282 3596 2336 3644 et
2363 3586 2711 3659 Pythonissa,
2736 3586 2845 3642 non
2867 3603 2995 3644 vero
3021 3587 3284 3660 Samuel.,

1991 3864 2066 3932 (4)
2092 3862 2356 3929 Quorsum
2374 3879 2489 3933 vero
2514 3863 2769 3922 animum,
2801 3861 2990 3930 inquit,
3017 3868 3124 3915 etc.
3171 3861 3486 3933 ’ᾼσώματον

1913 3935 2027 3990 ὑπὸ
2049 3934 2099 3987 τι
2132 3932 2492 4002 Πλατωνικῶς
2527 3933 2886 4000 ἀποφαίνεται
2935 3933 3138 4003 adernt;
3179 3932 3270 3986 Sic
3309 3932 3485 3988 inter-

1909 4005 2152 4075 rogative
2200 4005 2484 4075 legendqu
2522 4005 2638 4072 ipsa
2668 4011 2850 4057 textus
2886 4004 3058 4057 series
3086 4003 3367 4075 exigitaut
3396 4006 3485 4060 hic

1913 4073 2141 4145 incipiat
2180 4073 2327 4143 loqui
2364 4073 2671 4128 Methodius
2703 4082 2755 4128 et
2783 4088 3014 4145 arguere
3043 4075 3221 4144 priora
3263 4074 3483 4144 (Pbotio

1910 4143 2095 4214 verbis
2147 4145 2413 4214 proximis
2455 4153 2761 4214 exponente
2803 4143 3057 4214 Methodii
3105 4143 3480 4214 sententiam),

1909 4231 2031 4286 quae
2079 4213 2339 4269 Schottus
2372 4223 2430 4268 ut
2481 4213 2736 4286 Methodii
2769 4213 3076 4286 confundit,
3124 4216 3198 4268 illi
3241 4213 3483 4284 ascripta

1911 4284 2202 4349 sententia,
2234 4301 2395 4354 quam
2434 4286 2482 4339 is
2509 4286 2618 4355 sibi
2670 4284 3099 4354 impugnandam
3151 4289 3474 4355 assumpsit,

1908 4365 1963 4411 et
2011 4355 2280 4411 sententia
2330 4356 2446 4425 ipsa
2490 4354 2741 4424 Origeuis
2780 4374 2792 4409 :
2841 4363 2896 4408 ut
2935 4357 3191 4409 nimirum
3237 4354 3401 4410 etiam
3446 4374 3479 4412 ξι

221 4424 615 4496 disputatLeo
643 4424 875 4496 Allatius
906 4427 957 4478 in
991 4441 1089 4478 suo
1115 4422 1416 4487 Eustatbio,
1439 4422 1680 4480 tractatu
1714 4443 1808 4496 pe-
1839 4422 1882 4477 D
1911 4437 2108 4486 morte.
2157 4427 2266 4481 sint
2315 4422 2610 4479 animabus
2653 4433 2914 4495 tanquam
2977 4425 3378 4496 spiritualibus_.
3425 4436 3482 4483 et

222 4498 426 4550 culiari
464 4495 531 4548 de
553 4510 629 4567 ea;
648 4511 707 4550 re
739 4497 792 4549 in
819 4495 1126 4567 Origeuem,
1159 4497 1374 4567 qualem
1402 4497 1563 4567 etiam
1625 4495 1813 4552 uoster

224 4566 543 4621 Hethodius
586 4565 1055 4629 elaboravit,'sed
1101 4565 1362 4621 hactenus
1408 4566 1810 4623 desideramus.

226 4639 353 4707 Ipse
383 4636 451 4689 Ι).
484 4633 724 4707 Thomas
755 4637 872 4700 2-2,
903 4653 958 4706 q.
989 4636 1078 4697 95,
1104 4652 1154 4694 a.
1177 4638 1232 4698 4,
1265 4637 1320 4696 2,
1339 4644 1404 4707 et
1437 4653 1490 4706 q.
1519 4637 1642 4696 174,
1679 4652 1728 4691 a.
1754 4639 1808 4701 5,

223 4706 283 4771 ι,
308 4709 362 4761 in
393 4720 466 4762 ea
490 4706 637 4759 velut
664 4707 935 4762 solutione
965 4708 1218 4776 quiescit,
1246 4716 1306 4760 ut
1328 4706 1490 4762 fuerit
1515 4708 1674 4762 (ictus
1711 4708 1810 4762 Sa-

226 4779 398 4860 maei,
432 4792 496 4832 ea
522 4778 795 4857 solutione
825 4777 1124 4863 utrobique.
1163 4778 1352 4831 ultimo
1387 4779 1505 4863 loco
1534 4779 1714 4863 allata,
1746 4794 1810 4834 ac

225 4865 331 4902 nec
354 4850 478 4918 ipsa
511 4848 832 4902 auctoritate
853 4849 976 4901 libri
1004 4848 1210 4904 Eccles.
1235 4862 1356 4917 qua:
1374 4849 1487 4904 sola
1522 4849 1806 4903 videbatur

225 4921 456 5045 pbstare
495 4919 554 4972 in
583 4933 600 4971 ι
633 4933 688 4987 p.
721 4919 907 4984 tacita,
945 4919 1042 4974 sed
1081 4926 1134 4973 et
1175 4919 1292 4990 ipsa
1319 4918 1510 4973 ultimo
1551 4919 1671 4972 loco
1713 4936 1807 4975 so-

247 5002 363 5045 uta.

301 5061 380 5129 (3)
413 5060 492 5113 Ae
542 5058 801 5124 eamdem,
844 5057 1092 5129 nullaque
1125 5060 1376 5114 varietate
1417 5059 1670 5128 partium.
1725 5059 1804 5114 Ita

225 5134 562 5200 exponimus
601 5130 747 5202 quod
792 5131 1074 5199 legendum
1097 5131 1370 5202 duximus
1400 5132 1624 5202 ταυτήν,
1658 5131 1807 5186 velut

222 5204 330 5273 τὴν
355 5203 553 5271 αὑτήν,
578 5200 810 5273 eamdem
839 5201 1009 5268 ipsam
1037 5201 1138 5253 sibi
1167 5217 1185 5254 :
1214 5217 1324 5272 quo
1357 5201 1512 5273 longe
1544 5200 1698 5256 abest
1745 5209 1804 5254 ut

223 5269 403 5326 videri
442 5269 619 5341 possit
654 5286 716 5325 ea
748 5269 944 5328 forma.
975 5288 1082 5341 qua
1114 5287 1172 5326 se
1220 5269 1577 5341 aSpectaudas
1608 5273 1802 5326 aniuue

225 5357 340 5396 non
375 5357 508 5396 raro
548 5341 926 5410 prabueruut;
968 5343 1113 5396 velut
1162 5349 1366 5396 retenta
1401 5343 1566 5410 priori
1620 5344 1801 5410 specie

224 5424 280 5467 et
311 5413 505 5467 habitu
531 5428 626 5465 seu
659 5411 1022 5472 lineamentis,
1060 5421 1275 5481 totaque
1304 5413 1547 5480 corporis
1577 5428 1801 5482 compo-

226 5487 456 5543 sitione,
481 5497 604 5552 quae
636 5483 867 5549 partium
891 5483 1330 5552 Adissimiharium
1390 5484 1622 5552 propriis
1653 5485 1797 5538 notis

227 5555 511 5608 consistit.
566 5550 844 5610 Sebottus.
881 5550 1034 5605 Hanc
1066 5553 1227 5606 videri
1276 5550 1793 5620 demonstrationem,

230 5624 286 5676 in
313 5625 518 5693 quibus
573 5636 676 5691 ego
712 5623 892 5676 verbis
942 5638 1008 5676 ne
1055 5623 1221 5676 hilum
1258 5639 1452 5679 sensus
1480 5624 1659 5690 video,
1695 5639 1795 5680 nec

231 5698 350 5750 Scio
378 5711 453 5749 an
485 5693 850 5765 perspicacior
883 5693 1021 5747 alius
1053 5694 1264 5747 viderit.

1914 4513 2034 4567 qua:
2066 4513 2171 4552 non
2207 4499 2414 4567 possint
2446 4499 2600 4550 aliter
2639 4499 2834 4558 teneri,
2867 4511 2962 4549 sua
3001 4497 3245 4550 vcliicuza
3275 4505 3327 4551 et
3352 4514 3484 4551 eor-

1914 4582 2045 4637 pora
2071 4585 2087 4634 ;
2118 4584 2280 4637 quam
2320 4567 2409 4621 ille
2431 4567 2900 4637 spiritualitatem,
2933 4567 3281 4620 incommodo
3304 4569 3477 4631 ducit,

1911 4639 2234 4693 existimans
2277 4638 2366 4692 illa
2412 4653 2693 4703 concessa,
2733 4653 2841 4691 non
2876 4651 3034 4705 posse
3081 4639 3318 4689 animum
3353 4653 3477 4692 cum

1911 4723 2144 4779 corpore
2175 4717 2230 4762 et
2286 4707 2669 4762 aﬂ‘ectionibus
2719 4707 2991 4777 corporis,
3027 4709 3172 4761 velut
3207 4709 3474 4779 extranei,

1911 4772 2048 4832 allici
2077 4798 2090 4832 :
2122 4780 2265 4848 quod
2312 4786 2364 4832 et
2394 4779 2740 4847 experientia:
2784 4772 3102 4831 adversatur
3129 4785 3181 4830 et
3224 4772 3474 4848 Scriptu-

1909 4850 2010 4904 ris.
2042 4847 2273 4911 Τὸζὺπὸ
2302 4848 2374 4918 τι,
2407 4863 2718 4918 quanquam
2767 4849 2970 4908 rarius.
3007 4849 3311 4918 accipimus
3356 4847 3476 4902 ἀντὶ

1907 4920 2020 4992 τοῦ,
2046 4920 2200 4992 ,παρὰ
2226 4919 2298 4974 τί.
2336 4917 2499 4992 Forte
2549 4917 2676 4972 vero
2715 4919 3001 4992 scripserit
3049 4917 3354 4972 Methodius
3388 4918 3477 4972 tvo.

1905 4990 1977 5042 τίο
2012 4991 2094 5045 sic
2133 4989 2244 5045 'uos
2305 4990 2504 5058 passim
2545 4989 3024 5060 παραγράμματα,
3063 4992 3115 5060 in
3160 4996 3476 5060 portentosa

1907 5061 2152 5129 quaedam
2185 5061 2491 5128 impellunt,
2540 5059 2818 5128 nunquam
2868 5059 3187 5113 auctoribus
3214 5059 3470 5129 cogitata.

1977 5132 2056 5201 (5)
2084 5127 2277 5201 Utita
2309 5146 2434 5201 sane
2484 5127 2826 5201 consentanee
2862 5129 3038 5182 dictis.
3072 5129 3187 5201 Ἵνα
3229 5127 3300 5201 ἀν
3329 5127 3468 5180 ἀσώο

1907 5198 2072 5271 ματον
2103 5199 2250 5265 δόξαι
2295 5200 2484 5272 αὐτήν.
2527 5200 2868 5272 Hteschelius
2918 5206 3090 5272 putat
3116 5198 3177 5272 τὸ
3227 5199 3316 5272 illa.
3360 5214 3470 5254 non

1904 5267 2092 5326 carere
2113 5275 2274 5337 vitio;
2310 5267 2552 5324 sed'non
2591 5270 2795 5340 detegit
2829 5267 2930 5323 aut
2952 5269 3197 5340 corrigit.
3232 5267 3470 5322 Putare-

1903 5344 2003 5394 rim
2033 5356 2134 5412 ego
2168 5341 2451 5412 legendum
2480 5341 2554 5404 ὼς
2593 5342 2675 5394 vel
2723 5340 2852 5409 quid
2886 5339 3087 5412 simile,
3120 5341 3313 5412 ut_sit_
3338 5353 3471 5412 con—

1901 5408 2090 5467 clusio'
2120 5408 2265 5465 illata
2296 5411 2514 5481 quidem
2551 5408 2808 5480 legitime.
2839 5419 2897 5481 ut
2942 5408 3161 5481 quidem
3199 5409 3470 5481 Methodio

1899 5484 2148 5550 videtur;
2174 5483 2268 5537 sed
2298 5478 2363 5536 ex
2394 5483 2530 5535 l'also
2555 5478 2920 5544 antecedenti,
2957 5479 3100 5548 quod
3125 5478 3320 5537 deinde
3351 5481 3467 5536 vel-

1897 5563 1956 5606 ut
1992 5554 2363 5621 assumptione
2417 5553 2684 5617 destruat,
2721 5559 2930 5606 asserta
2960 5562 3157 5621 mutua
3201 5553 3289 5604 illa
3321 5553 3467 5608 velut

1897 5625 2131 5693 partium
2180 5620 2209 5678 ἐι
2241 5633 2437 5677 natura
2494 5623 2772 5677 unitarum
2827 5620 3080 5692 passione
3122 5637 3287 5690 quam
3336 5623 3464 5677 Ori-

1894 5710 2058 5765 genes
2089 5695 2336 5766 negabat.
