3962 6204
460 248 568 305 327

1430 244 1491 299 S.
1533 240 1867 299 Μετηουιι
1906 240 2217 297 EPlSCOPl
2257 240 2346 295 ET
2386 239 2749 297 MARTYRIS

3606 239 3717 295 Ἠ

458 369 655 442 possit.
690 369 783 425 Sin
808 346 987 425 autem
1017 383 1123 422 una
1146 384 1271 423 cum
1302 382 1533 439 corpore
1560 367 1819 439 patiatur,
1852 376 1910 421 ut
1947 383 2041 423 eo-

2147 382 2313 436 ματον
2345 364 2494 432 δόξαι
2523 364 2693 436 αὐτὴν
2718 362 3023 428 ἀκολούθως
3050 366 3162 426 τοῖς
3190 358 3520 434 εἰρημένοις.
3559 359 3626 414 Ei
3656 358 3719 414 δὲ

459 472 582 514 tum
606 459 699 524 qui
731 465 1102 528 apparuerunt
1128 457 1438 513 testimonia
1469 457 1701 527 probant
1724 496 1739 520 ,
1764 457 1924 527 plane
1953 457 2037 511 iti-

459 563 722 621 corporea
746 564 865 603 csse
888 549 1097 618 nequit.
1136 548 1276 620 Ergo
1315 550 1466 605 solus
1501 548 1680 613 Deus,
1724 557 1918 603 natura
1946 549 2033 602 in-

459 636 660 705 geniti,
687 635 891 690 nullius
910 651 1095 706 egens,
1122 652 1186 691 ac
1220 636 1489 693 indefessa
1506 639 1845 705 celebratur;
1866 638 2031 702 velut,

459 742 525 783 eo
559 727 888 790 invisibilis,
918 728 1060 799 quod
1090 726 1445 799 incorporeus
1481 751 1494 785 :
1528 730 1697 785 Deum
1751 732 1895 786 enim
1938 747 2034 785 ne-

462 834 546 871 mo
580 817 708 872 vidit
740 818 808 872 “.
839 818 1046 873 Animae
1077 835 1206 874 vero
1235 823 1303 875 ab
1327 821 1571 875 omnium
1600 828 1823 876 auctore
1854 832 2034 891 patre-

458 924 585 981 que,
610 924 840 981 corpora
868 910 1202 982 intelligendi
1233 911 1488 967 facultate
1516 913 1737 983 praedita
1767 918 1952 975 editae,
1982 912 2039 967 in

459 1001 707 1057 membra
762 1003 989 1057 rationis
1038 1004 1198 1058 oculo
1257 1004 1641 1074 aspectabilia,
1704 1004 2040 1073 ejuscemodi

460 1092 826 1151 delineatione
871 1103 1116 1166 accepta,
1168 1095 1392 1167 digesta
1436 1103 1585 1151 sunt.
1618 1094 1772 1152 Unde
1806 1103 1863 1151 et
1895 1096 2039 1166 apud

461 1186 669 1243 inferos
690 1228 704 1251 ,
741 1196 799 1242 ut
844 1195 899 1243 et
947 1187 1003 1243 in
1044 1188 1252 1244 Lazaro
1284 1197 1339 1244 et
1368 1190 1536 1245 divite
1577 1189 1762 1244 videre
1792 1197 1897 1253 est,
1929 1188 2039 1245 lin-

457 1294 645 1353 guam,
663 1288 717 1335 et
734 1280 985 1351 digitum,
1004 1290 1058 1335 et
1079 1281 1183 1335 alia
1207 1282 1448 1336 membra
1473 1280 1783 1337 referuntur
1795 1280 2028 1336 habere:

458 1389 566 1428 non
590 1375 734 1445 quod
752 1375 986 1429 alienum
1005 1389 1204 1444 corpus
1223 1390 1346 1429 cum
1381 1374 1491 1430 illis
1507 1377 1734 1430 exsistat
1764 1373 1996 1428 informe
2014 1414 2029 1440 ,

457 1467 551 1522 sed
578 1468 723 1537 quod
754 1467 883 1537 ipsae
912 1468 1107 1522 anima:
1135 1466 1206 1522 ab
1249 1468 1397 1521 omni
1432 1475 1745 1538 legumento
1774 1467 2028 1534 nudata,

458 1567 654 1615 natura
683 1576 781 1616 sua
806 1568 860 1615 et
888 1559 1189 1615 secundum
1221 1559 1583 1615 substantiam
1615 1562 1724 1616 sint
1752 1560 1912 1617 tales.

2146 457 2453 529 συμπάσχοι
2498 456 2577 528 τῷ
2621 456 2865 527 σώματι,
2907 456 3159 529 καθάπερ
3204 456 3297 510 καὶ
3336 453 3424 507 διὰ
3464 454 3566 525 τῆς
3597 453 3721 506 ἐπι-

2144 550 2538 622 μαρτυρήσεως
2588 548 2697 602 τῶν
2734 548 3071 620 φαινομένων
3125 545 3523 608 ἀποδείκνυται,
3570 541 3721 599 ἀσώ-

2145 659 2312 713 ματος
2343 637 2482 695 εἶναι
2514 642 2575 695 οὐ
2603 640 2845 695 δύναται.
2897 641 3101 710 Ἤγουν
3133 639 3393 708 ἀγένητος
3425 638 3519 690 καὶ
3559 637 3720 691 ἀνεν-

2138 731 2262 804 δεὴς
2290 732 2384 786 καὶ
2411 732 2694 802 ἀκάματος
2722 730 2881 801 φύσις
2908 732 2937 784 ὁ
2963 730 3094 794 Θεὸς
3129 729 3286 801 μόνος
3319 728 3501 800 ᾄδεται
3520 743 3535 756 ⁸
3569 725 3721 781 ἀσώ-

2141 841 2309 895 ματος
2336 823 2430 882 ὣν.
2458 823 2539 877 διὸ
2567 824 2661 878 καὶ
2688 824 2935 894 ἀόρατος.
2961 821 3094 875 Θεὸν
3116 821 3225 893 γάρ
3245 820 3421 884 οὐδεὶς
3445 819 3715 893 ἑώρακεν.

2136 916 2201 967 Al
2228 913 2285 967 δὲ
2315 914 2485 985 ψυχαὶ
2539 913 2648 968 ἀπὸ
2694 912 2786 967 τοῦ
2827 912 3155 986 δημιουργοῦ
3202 913 3297 965 καὶ
3347 913 3561 985 [ἰατρὸς
3601 912 3718 965 τῶν

2136 1005 2294 1071 ὅλων,
2322 1005 2549 1076 σώματα
2590 1005 2757 1078 νοερά
2785 1006 3149 1077 ὑπάρχουσαι,
3175 1007 3255 1069 είς
3285 1004 3428 1076 λόγῳ
3458 1004 3717 1076 θεωρητά

2142 1097 2281 1169 μέλη
2332 1098 2812 1171 διακεκόσμηνται,
2858 1098 3061 1170 ταύτην
3097 1097 3358 1152 λαθοῦσαι
3393 1097 3493 1169 τὴν
3525 1098 3717 1152 διατύ-

2139 1201 2335 1238 πωσιν.
2381 1185 2543 1241 Ὅθεν
2587 1186 2681 1241 καὶ⁵
2718 1188 2776 1240 ὲν
2804 1186 2881 1258 τῷ
2923 1186 3046 1260 ᾄδῃ,
3086 1186 3335 1259 καθάπερ
3361 1187 3457 1241 καὶ
3490 1189 3584 1241 ἐπὶ
3616 1188 3716 1242 τοῦ

2140 1280 2394 1355 Λαζάρου
2430 1282 2637 1337 καὶτοῦ
2669 1282 2944 1345 πλουσίου,
2970 1284 3064 1338 καὶ
3087 1282 3357 1352 γλῶσσαν,
3387 1284 3483 1338 καὶ
3507 1284 3713 1339 δάκτυ-

2137 1373 2247 1439 λον,
2274 1375 2368 1428 καὶ
2391 1373 2460 1428 τά
2481 1368 2615 1429 ἀλλα
2646 1374 2778 1446 μέλη
2809 1373 3143 1447 ἱστοροῦνται
3166 1374 3342 1446 ἔχειν’
3370 1375 3467 1446 οὐχ
3490 1374 3567 1440 ὡς
3594 1374 3716 1429 ἑτέ-

2141 1484 2234 1540 ρου
2275 1465 2523 1538 σώματος
2552 1466 2986 1540 συνυπάρχοντος
3013 1468 3204 1533 αύταῖς
3229 1466 3459 1532 ἀειδοῦς,
3488 1467 3606 1523 ἀλλ’
3628 1468 3713 1521 ὅτι

2137 1550 2299 1612 αῦται
2335 1556 2495 1628 φύσει
2526 1559 2580 1612 αἱ
2623 1558 2813 1631 ψυχαὶ,
2847 1561 3065 1624 πάντως
3098 1559 3576 1631 ἀπογυμνωθεῖσαι
3614 1577 3715 1614 πε-

2138 1652 2489 1725 ριὸλήματος,
2527 1652 2775 1710 τοιαῦται
2808 1654 2948 1709 κατά
2978 1654 3079 1727 τὴν
3116 1653 3306 1708 ούσὶαν
3348 1653 3707 1725 ὑπάρχουσιν.

522 1737 641 1795 XX.
671 1736 830 1795 Addit
868 1740 923 1795 in
967 1739 1073 1796 ﬁne
1102 1739 1186 1797 vir
1225 1748 1450 1797 sanctus
1481 1761 1496 1797 :
1527 1739 1587 1796 Id
1632 1742 1780 1814 quod
1823 1742 2029 1800 dictum

2202 1748 2273 1800 K.
2317 1746 2443 1800 Ὀτι
2466 1748 2629 1819 φησιν
2658 1750 2686 1802 ὁ
2711 1749 2862 1817 ἅγιος
2894 1751 2952 1802 ὲν
2982 1747 3153 1802 τέλει·
3185 1747 3350 1799 Ὥστε
3376 1741 3562 1799 τοιδιά
3589 1744 3712 1798 τοῦ-

455 1838 540 1886 est
557 1832 642 1886 ’τε
675 1830 738 1885 In
767 1832 863 1886 hoc
905 1831 1153 1888 Christus
1196 1842 1433 1888 mortuus
1468 1843 1566 1898 est,
1598 1844 1651 1887 ut
1696 1845 2025 1891 mortuorum

2137 1858 2192 1895 το
2233 1840 2466 1914 Χριστὸς
2513 1839 3219 1913 ἀπέθανειλεγόμενον,ιῖνα
3246 1835 3462 1904 ζώντων
3499 1835 3594 1889 καλ⁵
3624 1852 3714 1891 νε-

453 1930 503 1975 et
527 1921 760 1976 vivorum
791 1922 1136 1979 dominetur:
1172 1923 1241 1980 de
1283 1923 1574 1981 animabus
1598 1931 1653 1980 et
1701 1927 2029 1998 corporibus

453 2013 833 2084 accipiendum
857 2031 982 2071 esse
1013 2034 1026 2071 :
1055 2017 1196 2073 vivis
1234 2017 1446 2073 scilicet
1490 2017 1798 2086 animabus,
1842 2028 2031 2093 utpote

451 2106 887 2174 immortalibus;
920 2108 1149 2166 mortuis
1172 2124 1301 2165 vero
1334 2111 1680 2181 corporibus.

524 2196 663 2253 XXI.
694 2198 852 2263 Cum,
886 2201 1082 2271 inquit,
1117 2202 1414 2256 humanum
1446 2218 1646 2273 corpus
1668 2201 1769 2275 (6),
1800 2204 2031 2260 aliorum

453 2290 773 2344 animalium
812 2292 1142 2361 corporibus
1174 2293 1244 2348 sit
1281 2292 1539 2357 nobilius,
1574 2292 1722 2347 velut
1754 2294 1901 2364 quod
1933 2293 2030 2350 Dei

460 2384 715 2439 manibus
757 2382 977 2438 dicatur
1009 2384 1302 2439 formatum
1323 2426 1339 2452 ,
1383 2386 1708 2455 habeatque,
1741 2394 1802 2440 ut
1834 2388 2029 2442 animas

451 2472 736 2529 rationalis
773 2488 893 2543 quze
926 2482 1009 2528 est
1032 2474 1286 2537 nobilior,
1315 2473 1387 2529 sit
1421 2474 1728 2529 vehiculum
1756 2492 1769 2527 :
1793 2491 2027 2547 quomo-

452 2564 524 2619 do
553 2566 730 2636 ipsum
766 2565 987 2636 quidem
1028 2574 1137 2621 tam
1168 2567 1349 2623 brevis
1391 2575 1476 2623 cst
1515 2568 1639 2632 aevi,
1675 2584 1799 2624 cum
1836 2569 2028 2624 bruto-

452 2670 575 2709 rum
610 2656 974 2725 quorumdam
1018 2673 1271 2730 corpora,
1308 2659 1434 2713 vita:
1471 2658 1581 2714 sint
1617 2661 1791 2715 multo
1817 2659 2030 2731 longio-

454 2746 569 2801 ris?
594 2744 735 2801 Num
760 2748 956 2818 palam,
1003 2749 1149 2819 quod
1184 2764 1213 2802 a
1246 2750 1672 2815 resurrectione,
1720 2749 2028 2806 substantia

451 2836 573 2907 ejus
595 2837 835 2909 longaeva
865 2839 1049 2893 futura
1069 2839 1180 2894 sit?

2134 1934 2281 2007 κρῶν
2325 1933 2735 2007 κυριεύσῃ,›ὲπὶ
2762 1934 2872 1988 τῶν
2910 1933 3095 2006 ψυχῶν
3133 1930 3229 1984 καὶ
3259 1930 3354 1982 ἐπὶ
3385 1929 3496 1981 τῶν
3525 1926 3716 1997 σωμά-

2134 2041 2243 2079 των
2295 2024 2707 2099 παραληπτέον·
2756 2024 2976 2089 ζώντων
3036 2024 3134 2095 μὲν
3181 2020 3289 2075 τῶν
3318 2018 3528 2091 ψυχῶν,
3577 2017 3715 2073 καθὸ

2137 2115 2431 2171 ἀθάνατοι·
2457 2117 2665 2190 νεκρῶν
2686 2116 2742 2171 δὲ
2764 2117 2873 2170 τῶν
2906 2116 3191 2188 σωμάτων.

2208 2209 2339 2262 KA'.
2383 2209 2505 2263 Ὅτι
2535 2207 2629 2283 [εί]
2653 2207 2974 2281 τιμιώτερον
3003 2205 3160 2277 σῶμα
3179 2203 3466 2277 ἀνθρώπου
3487 2200 3599 2257 τῶν
3621 2201 3715 2255 ἀλ-

2135 2298 2243 2353 λων
2270 2298 2445 2366 ζώων,
2472 2301 2555 2355 ὅτι
2582 2301 2738 2374 χερσί
2760 2317 2821 2353 τε
2848 2299 2983 2353 Θεοῦ
3008 2298 3227 2367 λέγεται
3257 2297 3590 2361 πεπλάσθαι,
3618 2295 3716 2348 καὶ

2134 2391 2215 2446 ὅτι
2242 2394 2569 2465 τιμιωτέρου
2607 2393 2707 2466 τῆς
2746 2392 2971 2463 λογικῆς
2997 2391 3177 2463 ψυχῆς
3209 2390 3476 2462 τετύχηκε
3508 2389 3719 2459 ὀχήμα-

2132 2499 2226 2547 τος
2245 2500 2260 2515 ο
2312 2485 2431 2549 πῶς
2476 2484 2634 2539 τοῦτο
2681 2486 2781 2557 μὲν
2813 2485 3193 2556 ὀλιγοχρόνιον,
3226 2479 3443 2553 ἀλόγων
3469 2481 3527 2535 δέ
3550 2497 3717 2534 τινων

2136 2574 2638 2646 πολυχρονιώτερας
2673 2577 2744 2630 Ἥ
2768 2575 2925 2648 δῆλον
2954 2576 3029 2640 ὡς
3065 2577 3099 2648 ἡ
3136 2574 3326 2629 τούτου
3360 2571 3719 2648 πολυχρόνιος

2134 2666 2367 2741 ὕπαρξις
2392 2669 2532 2741 μετὰ
2559 2669 2659 2742 τὴν
2683 2670 2979 2725 ἀνάστασιν
3011 2667 3200 2736 tam;

1057 3107 1125 3173 S.
1161 3104 1601 3168 METHODII
1633 3105 1744 3167 DE
1771 3105 2015 3171 JON/E
2048 3108 2451 3172 HISTORIA
2483 3110 3102 3177 FRAGMENTUM.

1597 3258 1691 3322 Ex
1726 3260 1891 3323 libro
1930 3261 2023 3323 De
2062 3263 2567 3345 resurrectione.

457 3496 835 3561 (Fragmentum
876 3494 1013 3561 is“!!!
1055 3495 1237 3561 Latiae

1280 3495 1473 3559 profert
1495 3495 1887 3559 combeﬁsinstn
1922 3494 2214 3559 Bibliotheca
2237 3493 2613 3559 concionqtoria,
2635 3501 2752 3545 tom.
2782 3496 2841 3554 Π,

2886 3510 2935 3558 p.
2962 3494 3056 3543 265
3078 3507 3178 3557 seq.
3211 3498 3263 3558 et
3286 3508 3350 3558 ex
3374 3508 3439 3558 eo
3465 3496 3714 3557 Gallaod.,

510 3556 684 3622 Graeca
714 3570 775 3622 es
800 3558 910 3622 c_o_d.
956 3557 1115 3622 \_iatic.
1150 3556 1507 3622 tﬁll'exhibet
1529 3558 1698 3608 Simon
1720 3560 1784 3622 de
1825 3558 2072 3622 magistris
2093 3558 2142 3609 in
2170 3557 2297 3609 libro
2318 3562 2397 3608 cui
2425 3556 2598 3607 titulus
2621 3571 2635 3607 :
2661 3560 2781 3608 Acta
2805 3556 3078 3622 martyrum
3111 3556 3175 3607 ad
3215 3556 3342 3608 Ostia
3370 3556 3717 3610 Tiberinae“

510 3618 715 3672 Claudio
730 3617 943 3671 Gothica.
967 3620 1135 3669 Romae
1156 3618 1297 3681 1792,
1322 3622 1375 3669 in
1396 3621 1503 3681 fol.,
1520 3621 1750 3682 Append.
1777 3634 1825 3683 p.
1852 3617 1986 3681 462.:

781 3887 1037 3945 Hethodii
1061 3889 1288 3959 episcopi
1322 3885 1667 3945 Patarorum.

514 3978 558 4036 1.
584 3979 841 4052 Magnum
884 3996 1103 4052 quoque
1142 3980 1388 4036 continet
1414 3982 1732 4053 mysterium
1754 3980 1906 4039 Jonas
1936 3981 2023 4039 hi-

446 4073 642 4131 storia.
684 4072 916 4128 Videtur
955 4074 1101 4129 enim
1143 4089 1239 4144 per
1283 4083 1462 4128 cctttm
1504 4082 1719 4146 tempus
1772 4076 2023 4147 intelligi,

446 4167 595 4239 quod
626 4179 909 4236 nunquam
942 4166 1231 4229 consistat,
1263 4165 1356 4220 sed
1388 4181 1605 4239 semper
1636 4168 1875 4236 labatur,
1908 4169 2027 4224 lon-

446 4258 641 4328 gisque
667 4272 732 4313 ac
766 4256 1109 4312 brevioribus
1132 4257 1443 4316 interstitiis
1473 4268 1673 4315 cuncta
1715 4266 2021 4316 consumat.

447 4351 551 4417 Qui
580 4357 761 4405 autem
799 4348 967 4406 Jonas
998 4349 1186 4422 fugita
1217 4350 1355 4407 facie
1383 4351 1497 4415 Dei,
1532 4353 1651 4423 ipse
1690 4353 1780 4408 ille
1812 4352 2023 4423 primus

447 4441 612 4497 homo
637 4448 743 4507 est,
769 4442 883 4513 qui,
906 4441 1222 4497 mandatum
1248 4451 1646 4516 transgressus,
1681 4460 1745 4500 ac
1772 4461 1870 4516 per
1898 4459 2024 4515 pec-

445 4540 629 4592 catum
672 4534 874 4591 amissa
910 4533 1178 4591 adversus
1218 4534 1388 4590 Deum
1431 4535 1649 4603 fiducia,
1692 4536 1875 4592 nudus
1919 4536 2021 4591 im-

445 4626 781 4682 mortalitate
803 4627 882 4681 illi
904 4642 966 4684 se
995 4641 1181 4683 coram
1211 4627 1406 4684 sistere
1428 4626 1650 4699 refugit.
1668 4627 1835 4684 Navis
1853 4642 2019 4698 quam

446 4719 825 4776 conscendens
876 4727 1195 4793 tempestate
1229 4719 1468 4791 iactatus
1519 4727 1624 4785 est,
1666 4720 1851 4775 brevis
1903 4721 2020 4775 haec

448 4819 533 4868 est
585 4827 650 4868 ac
681 4827 899 4868 morosa
944 4813 1233 4883 prmsentis
1274 4812 1535 4883 temporis
1570 4814 1717 4882 vita;
1760 4820 2018 4885 tanquam

448 4905 708 4958 nimirum
739 4911 1054 4959 nostrarum
1100 4919 1284 4959 rerum
1314 4914 1524 4961 mutato
1558 4913 1730 4971 statu,
1759 4921 1824 4961 ac
1865 4906 1959 4976 qui
1989 4921 2020 4962 a

451 4996 730 5061 felicitate,
764 5003 993 5069 tutaque
1039 4998 1132 5052 illa
1175 5014 1205 5053 a
1236 4998 1495 5069 periculis
1536 5000 1669 5064 vita,
1715 4999 1783 5054 ad
1830 5001 2023 5055 turbu-

450 5088 651 5144 lentam
680 5103 747 5144 ac
772 5088 1083 5146 instabilem
1117 5090 1259 5145 lianc
1292 5090 1460 5146 veluti
1488 5106 1521 5145 a
1544 5100 1689 5148 terra
1713 5092 1767 5147 in
1796 5093 2025 5148 navicu-

532 5244 579 5277 "
598 5243 764 5304 Joan.
788 5261 829 5314 ι,
871 5246 961 5303 18.
1063 5247 1109 5279 ⁸⁷
1138 5244 1293 5301 Rom.
1324 5262 1437 5314 xw,
1474 5244 1529 5304 9.

525 5399 603 5471 (θ)
628 5400 764 5487 cf?”
791 5403 986 5487 ἕνειιιξὶε.
1013 5403 1302 5487 ζᾳωαηαφ
1320 5419 1537 5487 corpus.
1558 5400 1680 5458 ’Ότι
1714 5401 2030 5487 [εἰλτιμιώτ

454 5486 632 5541 τερον.
665 5472 782 5527 Non
831 5472 993 5531 habet
1022 5473 1189 5555 Sirm.
1216 5473 1299 5536 τὸ,
1334 5472 1490 5539 et,‘et
1525 5472 1808 5543 impressa
1826 5472 2029 5529 habent

454 5541 725 5615 clausum.
762 5542 1001 5615 Scliotto
1020 5546 1239 5601 Videtur
1264 5545 1551 5615 legendum
1584 5544 1641 5615 ἡ.
1673 5554 1898 5615 propter
1930 5558 2020 5597 se-

454 5554 725 5598 (iausum.
762 5554 991 5598 scliotto
1020 5554 1239 5601 videtur
1265 5554 1551 5615 legendum
1584 5554 1641 5615 η.
1673 5554 1898 5615 propter
1930 5558 2020 5597 se-

454 5623 651 5696 quens,
698 5613 895 5696 inquit,
924 5614 958 5685 ἢ
985 5614 1168 5696 δῇλονο
1200 5630 1362 5696 quem
1396 5624 1575 5696 tamen
1623 5614 1750 5696 inde
1792 5628 2041 5696 sensum

455 5683 640 5738 eliciat
669 5690 722 5739 et
750 5683 899 5751 velit,
946 5683 1081 5739 mihi
1108 5683 1393 5755 .hac’teuus
1426 5685 1851 5756 imperspectum
1894 5690 2018 5756 est;

2596 3880 2887 3937 Μεθοὸίου
2920 3879 3222 3949 Πατάρων.

2198 3978 2278 4030 A'.
2319 3974 2570 4048 Περιέχει
2615 3973 2671 4027 δὲ
2709 3973 2805 4027 καὶ
2858 3972 3000 4044 μέγα
3037 3974 3329 4045 μυστήριον
3372 3976 3405 4047 ἡ
3443 3974 3588 4030 κατά
3614 3974 3715 4029 τὸν

2141 4072 2324 4127 Ἰωνᾶν
2369 4066 2599 4141 ἱστορία.
2627 4068 2811 4121 Ἔοικε
2837 4066 2948 4139 γὰρ
2993 4067 3054 4121 τὸ
3092 4068 3189 4138 μὲν
3218 4067 3383 4138 κῆτος
3412 4069 3648 4126 νοεῖσθαι
3677 4072 3717 4126 ὁ

2127 4167 2336 4239 χρόνος,
2364 4163 2459 4218 ἀτε
2496 4161 2761 4234 μηδέποτε
2791 4158 2981 4227 ἑστὼς,
3011 4160 3146 4214 ἀλλά
3188 4161 3551 4233 πορευόμενος
3589 4163 3713 4231 ἀεὶ,

2128 4260 2220 4313 καὶ
2248 4255 2639 4312 καταδαπανᾶΝ
2662 4254 2729 4308 τά
2752 4256 3063 4324 γεννώμενα
3099 4258 3330 4327 μακροῖς
3358 4273 3414 4308 τε
3442 4254 3537 4309 καὶ
3565 4254 3717 4329 βρα-

2127 4351 2372 4422 χυτέροις
2397 4350 2778 4420 διαστήμασιν.
2794 4347 2853 4401 ὐ
2872 4347 2929 4399 δὲ
2958 4346 3172 4416 φεύγων
3202 4348 3379 4412 Ἰωνᾶς
3398 4346 3507 4400 ἀπὸ
3529 4363 3720 4419 προσ-

2126 4441 2276 4497 ώπου
2316 4441 2410 4495 τοῦ
2458 4441 2616 4505 Θεοῦ,
2639 4440 2799 4504 αὐτὸς
2839 4440 3043 4503 ἐκεῖνος
3089 4441 3119 4493 ὁ
3156 4439 3370 4511 πρῶτος
3415 4438 3715 4512 ἄνθρωπος

2125 4534 2397 4606 ἀθετήσας
2457 4532 2554 4605 τὴν
2602 4531 2823 4605 ἐντολὴν
2870 4531 3067 4603 ἔφυγεν
3117 4531 3420 4606 ἀφθαρσίας
3470 4532 3710 4605 ὀφθῆναι

2126 4626 2353 4697 γυμνὸς,
2382 4624 2479 4697 τὴν
2508 4626 2644 4698 πρὸς
2672 4623 2735 4678 τὸ
2760 4624 2914 4678 Θεῖον
2942 4625 3047 4678 ὑπὸ
3071 4625 3170 4696 τῆς
3192 4624 3465 4697 ἁμαρτίας
3487 4627 3713 4697 παρρη-

2129 4720 2248 4772 σίαν
2279 4719 2651 4791 ἀφῃρημένος.
2679 4718 2753 4771 Τὸ
2794 4718 2851 4772 δὲ
2881 4716 3062 4772 πλοῖον
3091 4719 3170 4781 είς
3198 4717 3227 4771 ὃ
3255 4718 3451 4782 ὲπιδάς
3482 4719 3713 4788 ἐχειμά-

2127 4810 2269 4878 ζετο,
2289 4815 2321 4884 ἡ
2345 4811 2484 4866 κατά
2501 4812 2591 4865 τὸν
2614 4811 2854 4884 παρόντα
2878 4810 3063 4883 καιρὸν
3081 4809 3375 4882 βραχύὸιός
3390 4812 3539 4863 ἐστιν
3566 4810 3709 4880 αῦτη

2127 4909 2223 4964 καὶ
2252 4908 2578 4980 δυσάρεστος
2609 4907 2751 4979 ζωή·
2781 4901 2892 4962 οἷον
2918 4906 3229 4978 τραπέντων
3257 4904 3550 4978 ὴμῶν,καὶ
3577 4923 3710 4976 μετ-

2128 5002 2573 5055 αναστευσάντων
2616 5000 2724 5053 ἀπὸ
2766 4999 2868 5070 τῆς
2933 4998 3334 5071 μακαριότητος
3366 4998 3586 5068 ἐκείνης
3617 4999 3711 5052 καὶ

2131 5093 2415 5149 ἀκινδύνου
2458 5094 2602 5167 ζωῆς
2645 5095 2726 5158 είς
2769 5093 2861 5147 τὸν
2907 5092 3471 5163 πολυχειμαστότατον
3520 5089 3713 5145 τοῦτον

2135 5401 2339 5473 alioqui
2371 5400 2519 5455 clara
2565 5401 2768 5465 littera,
2815 5402 2930 5458 sive
2977 5403 3108 5460 illud
3133 5405 3183 5458 εἰ
3222 5406 3525 5462 retineatur
3547 5444 3565 5470 ,
3596 5406 3712 5461 sive

2133 5488 2245 5548 non
2273 5488 2287 5524 :
2319 5488 2438 5548 qu0_
2474 5483 2661 5548 tamen
2702 5475 2907 5548 omisso
2932 5486 3137 5548 [esset
3188 5477 3568 5532 subnectenda
3607 5476 3712 5548 τῷ,

2132 5542 2269 5619 πῶς,
2300 5542 2569 5619 particula
2606 5542 2686 5619 δέ,
2719 5552 2814 5619 aut
2849 5544 3073 5619 similis.
3097 5544 3444 5619 Postremum
3484 5542 3712 5619 vero?”

2130 5612 2318 5690 liquet
2340 5613 2718 5690 aqcipiepdum
2759 5615 3169 5690 interrogative,
3224 5617 3475 5688 solvique
3513 5632 3587 5677 eo

2128 5683 2347 5742 ductam
2375 5683 2786 5743 dubitationem.
