3972 6212
239 257 344 314 329

1322 256 1413 310 εει
1454 256 1659 313 uano
1685 256 1772 311 os
1809 254 2413 331 assummum.
3357 265 3427 315 εδ

239 374 359 448 βίον
394 375 488 428 καὶ
526 373 917 437 ἀκατάστατον,
939 373 1188 444 καθάπερ
1215 372 1322 427 ἀπὸ
1349 374 1454 444 γῆς
1486 377 1566 439 εἰς
1599 375 1799 428 πλοῖονε

1904 372 2012 426 lam
2040 371 2600 443 commigraverimus.
2630 369 2787 438 Quod
2811 371 2955 428 enim
2987 379 3132 427 terra
3164 368 3232 426 ad
3258 373 3464 440 navim,

248 470 318 522 '0
338 470 445 537 γὰρ
473 465 648 520 πλοῖον
672 466 807 535 πρὸς
832 465 956 536 γῆν,
979 463 1134 518 τοῦτο
1154 467 1181 518 6
1209 465 1397 536 παρὼν
1429 466 1539 537 βίος
1562 466 1696 538 πρὸς
1718 466 1810 519 τὸν

242 560 521 613 ἀθάνατον.
539 558 598 611 Ὁ
635 557 691 611 δὲ
725 560 929 629 χειμὼν
970 559 1062 612 καὶ
1095 559 1150 613 al
1180 557 1655 628 ἐπισυνιστάμεναι
1684 556 1808 611 καθ’

242 651 397 721 ἡμῶν
423 649 683 712 λαίλαπες
705 650 840 702 εἰσιν
860 652 907 702 οἱ
934 649 1165 703 ἐνταῦθα
1192 648 1486 721 πειρασμοί
1505 666 1518 678 ·
1542 648 1729 720 ῶσπερ
1752 650 1809 701 ὲν

240 741 469 796 κλύδωνι
512 740 594 811 τῷ
634 741 841 812 κόσμῳ,
870 740 1088 805 ἀλύπως
1132 741 1529 813 εὐθυδφμῆσαι
1561 741 1652 795 τὸν
1695 740 1809 811 βίον

237 833 388 902 ἡμᾶς
419 832 478 884 ἐν
504 830 708 904 γαλήνῃ
727 830 821 884 καὶ
846 831 1076 903 νηνεμίᾳ
1093 832 1276 885 κακῶν
1304 831 1377 902 μὴ
1401 832 1806 903 ἐπιτρέποντες.

244 920 312 975 Ἦ
344 920 403 972 δὲ
434 918 542 972 ἀπὸ
571 917 665 971 τοῦ
696 918 881 971 πλοίου
911 921 990 982 εἰς
1025 920 1123 990 τὴν
1165 919 1438 973 Θάλασσαν
1475 921 1688 993 ἔκριψις
1714 922 1808 977 τοῦ

251 1010 408 1062 ἰωνᾶ
431 1008 766 1082 γεγενημένη
798 1009 895 1082 τὴν
923 1010 1032 1063 ἀπὸ
1056 1009 1149 1062 τοῦ
1180 1008 1281 1080 ζῇν
1302 1010 1381 1074 είς
1403 1011 1464 1064 τὸ
1489 1012 1809 1083 τελευτῆσαι

235 1099 333 1152 τοῦ
367 1099 792 1171 πρωτοπλάστου
816 1100 966 1172 δηλοί
987 1102 1347 1171 μετάπτωσιν,
1376 1102 1701 1173 ἀποφάσεως
1725 1122 1811 1158 τυ-

237 1191 447 1260 χόντος,
479 1190 595 1244 ἀνθ’
622 1185 698 1245 ὧν
738 1193 1056 1264 ἁμαρτήσας
1085 1193 1293 1266 ἀπέδρα
1321 1194 1420 1264 τῆς
1447 1194 1807 1267 δικαιοσύνης,

233 1278 322 1343 τὸ,
351 1277 445 1347 Γῆ
469 1278 531 1335 εἷ
551 1282 647 1335 καὶ
671 1284 758 1349 εἰς
792 1281 910 1353 γῆν
939 1285 1266 1352 ἁπελεύσῃ.
1306 1286 1381 1338 Τὸ
1410 1286 1465 1339 δὲ
1498 1288 1809 1359 καταποθῆ-

234 1387 325 1425 ναι
352 1372 518 1425 αὑτὸν
541 1373 646 1426 ὑπὸ
670 1373 763 1426 τοῦ
797 1374 1013 1446 κήτους,
1038 1376 1137 1447 τὴν
1180 1376 1284 1430 ὑπὸ
1310 1376 1404 1431 τοῦ
1431 1372 1621 1450 χρόνου
1656 1396 1812 1449 γεγε-

233 1463 483 1534 νημένην
526 1465 898 1536 ἀπαραίτητον
942 1467 1097 1537 ἡμῶν
1123 1467 1271 1539 δηλοῖ
1296 1470 1589 1543 ἀναίρεσιν.
1607 1471 1671 1523 ἸΙ
1701 1471 1808 1544 γὰρ

233 1552 439 1615 κοιλία,
474 1553 563 1621 ὑφ’
592 1549 661 1625 ἧς
691 1555 964 1627 ὲκαλύιρθη
996 1559 1323 1624 καταποθεὶς
1345 1563 1373 1612 6
1400 1563 1598 1626 Ἰωνᾶς,
1619 1565 1652 1635 ἡ
1676 1580 1810 1615 παν-

235 1642 459 1712 τοδὸχος
484 1645 601 1698 ἐστὶ
638 1647 729 1717 γῆ,
760 1647 828 1701 τὰ
858 1648 964 1701 ὑπὸ
990 1648 1084 1701 τοῦ
1112 1652 1303 1721 χρόνου
1339 1652 1691 1723 δαπανώμενα
1722 1654 1808 1707 δε-

235 1735 467 1804 χυμένη.

307 1826 384 1880 B’.
428 1825 692 1899 Καθάπερ
737 1823 830 1882 οὖν
872 1830 1073 1895 Ἰωνᾶς,
1104 1832 1161 1885 ὲν
1192 1835 1256 1905 τῇ
1286 1834 1462 1905 κοιλίᾳ
1483 1834 1576 1887 τοῦ
1609 1836 1807 1907 κήτους

234 1919 389 1987 τρεῖς
420 1918 630 1989 ἡμέρας
662 1919 1003 1992 ἐνδιατρίψας
1032 1923 1125 1977 καὶ
1154 1922 1353 1987 νύκτας
1391 1926 1675 1994 τοσαύτας,
1706 1923 1805 1981 αὗ-

233 2008 322 2076 θις
355 2010 514 2082 ὑγιὴς
558 2012 792 2086 ἀπεδόθη
812 2031 824 2044 ’
858 2013 999 2068 οὕτω
1042 2015 1098 2068 δὲ
1141 2017 1234 2069 καὶ
1278 2017 1498 2083 πάντες,
1531 2011 1630 2083 τάξ
1658 2024 1806 2090 τρεῖς

234 2100 331 2153 τοῦ
355 2102 620 2173 παρόντος
641 2104 834 2169 αἰῶνος
856 2105 1161 2171 διαστάσεις
1187 2109 1510 2178 ποιήσαντες
1538 2112 1595 2165 ὲν
1618 2115 1684 2183 τῇ
1710 2116 1802 2185 γῇ.

230 2191 415 2262 ἀρχὴν
444 2191 607 2260 λέγω,
642 2197 736 2248 καὶ
764 2197 1032 2268 μεσότητα
1058 2200 1152 2251 καὶ
1184 2199 1354 2264 τέλος,
1383 2202 1441 2268 ἐξ
1480 2196 1557 2256 ὧν
1589 2204 1806 2273 σύγκει-

230 2296 326 2334 ται
360 2283 470 2344 πᾶς
495 2278 647 2348 οὗτος
686 2286 716 2338 6
759 2285 948 2358 παρὼν
971 2289 1176 2359 χρόνος,
1207 2291 1638 2364 ἀναστησόμεθα.
1669 2296 1806 2367 Τρία

231 2371 345 2444 γὰρ
390 2375 652 2430 καθολικὰ
693 2378 882 2449 χρόνου
923 2380 1278 2453 διαστήματα,
1313 2386 1678 2457 παρῳχηκὼς,
1713 2390 1806 2441 καὶ

238 2465 474 2535 μέλλων,
506 2469 601 2520 καὶ
628 2468 835 2539 παρών.
875 2472 982 2525 Καὶ
1013 2472 1100 2526 διὰ
1129 2472 1284 2528 τοῦτο
1315 2476 1407 2529 καὶ
1440 2478 1470 2529 6
1493 2477 1696 2550 Κύριος
1718 2496 1808 2534 το-

238 2557 446 2621 ταύτας
474 2559 688 2632 ἡμέρας
712 2560 1049 2633 συμϐολικῶς
1078 2566 1306 2636 ποιήσας
1336 2569 1475 2639 ὲντῇ
1505 2571 1574 2641 γῇ
1603 2569 1804 2637 ἐδίδαξε

234 2650 458 2719 σαφῶς,
506 2653 610 2715 ὅτι,
656 2653 1045 2725 πληρωθέντων
1091 2657 1199 2711 τῶν
1250 2660 1659 2731 προειρημένων
1708 2663 1803 2715 τοῦ

235 2740 426 2810 χρόνου
471 2742 871 2816 διαστημάτων,
910 2747 1059 2802 ἔσται
1102 2751 1257 2821 ἡμῶν
1291 2753 1322 2822 ὴ
1361 2752 1675 2818 ἀνάστασις,
1710 2755 1803 2808 τοῦ

230 2832 526 2901 μέλλοντος
577 2837 677 2905 μὲν
723 2838 864 2911 ἀρχὴ
907 2839 1098 2904 αἰῶνος
1144 2842 1479 2914 ὑπάρχουσα,
1509 2846 1698 2899 τούτου
1747 2847 1803 2902 δὲ

229 2923 405 2986 τέλος.
425 2925 514 2978 Ἐν
549 2927 703 2981 αἰῶνι
727 2929 835 3002 γάρ
863 2929 989 2984 οὔτε
1020 2931 1315 3006 παρῴχηκέ
1345 2952 1419 3001 τι,
1448 2936 1570 2990 οὔτε
1599 2938 1800 3009 μέλλει,

228 3012 371 3066 ἀλλά
402 3015 564 3084 μόνον
588 3016 1038 3089 ὐφέστηκεν.Ἔτι
1062 3025 1089 3076 6
1113 3025 1313 3089 Ἰωνᾶς,
1340 3028 1397 3080 ὲν
1423 3030 1486 3099 τῇ
1512 3029 1686 3101 κοιλίᾳ
1708 3030 1801 3084 τοῦ
1829 3059 1872 3115 c

227 3107 436 3177 κήτους
466 3112 615 3181 τρεῖς
645 3112 856 3183 ἡμέρας
889 3116 982 3168 καὶ
1024 3120 1170 3189 τρεῖς
1213 3118 1411 3183 νύκτας
1451 3124 1701 3193 ποιήσας,
1742 3125 1802 3177 οὐ

227 3200 574 3271 κατεφθάρη,
608 3207 1015 3275 συντηκομένων
1058 3208 1204 3279 αὐτῷ
1248 3210 1357 3263 τῶν
1404 3213 1619 3284 σαρκῶν
1664 3215 1804 3268 κατὰ

226 3292 329 3360 τὴν
358 3292 420 3343 ἐν
453 3294 519 3363 τῇ
551 3293 726 3366 κοιλίᾳ
763 3298 1060 3369 γενομένην
1106 3302 1338 3375 φυσικὴν
1373 3305 1533 3377 σῆψιν
1555 3307 1664 3360 τῶν
1691 3310 1813 3362 είσο“

224 3382 558 3451 φερομένων
600 3384 901 3456 βρωμάτων
946 3389 1035 3443 διὰ
1083 3393 1184 3463 τὴν
1215 3393 1433 3449 πλείονα
1475 3399 1533 3451 ὲν
1572 3402 1686 3462 τοῖς
1724 3402 1803 3452 ὲν-

224 3471 413 3542 ύδροις
445 3472 772 3546 θερμότητα,
793 3479 881 3533 ἵνα
906 3480 1112 3554 δειχθῇ,
1138 3484 1217 3537 ὅτι
1240 3485 1461 3541 δύναται
1489 3486 1624 3543 εἶναι
1648 3491 1802 3563 ημῶν

223 3563 299 3615 τὰ
338 3564 574 3635 σώματα
599 3571 771 3623 ταῦτα
804 3571 1103 3645 ἀνώλεθρα.
1133 3576 1259 3629 Νόει
1285 3579 1393 3651 γάρ
1440 3598 1528 3651 μοι
1550 3583 1642 3635 τὸν
1671 3583 1800 3639 Θεὸν

223 3653 328 3718 τὶς
363 3656 467 3726 μὲν
503 3657 579 3720 ὠς
603 3658 711 3713 ἀπὸ
739 3661 938 3733 χρυσοῦ
962 3658 1470 3738 κατεσκευασμένας
1501 3671 1642 3742 ἔχειν
1668 3674 1803 3727 είκό-

222 3762 326 3808 va;
349 3746 548 3835 ἑαυτοῦ
573 3751 680 3804 ἀπὸ
711 3752 812 3822 τῆς
853 3757 1225 3828 πνευματικῆς
1271 3760 1662 3835 καθαρωτέρας
1707 3766 1799 3819 o6-

223 3836 369 3900 σέας,
398 3832 513 3891 οἷον
540 3843 663 3905 τοὺς
687 3843 946 3912 ἀγγέλους
967 3863 981 3876 ο
1016 3846 1114 3912 τὰς
1138 3848 1193 3901 δὲ
1220 3849 1408 3922 ῶσπερ
1424 3832 1543 3907 ἀπὸ
1562 3832 1737 3924 γύψου
1765 3856 1796 3927 ἢ

220 3928 459 4017 χαλκοῦ,
491 3927 603 3984 οἷον
629 3936 796 4004 ἡμᾶς.
833 3936 922 4008 Τῷ
952 3940 1123 4011 γηΐνῳ
1147 3940 1256 4013 γὰρ
1295 3943 1392 4013 τὴν
1421 3943 1596 4017 ψυχὴν
1623 3946 1796 4017 ἧνωσε

219 4014 321 4085 τὴν
352 4018 481 4069 κατ’
516 4019 696 4072 εἰκόνα
745 4021 879 4076 Θεοῦ
927 4031 1420 4102 γεγενημένην.Ὥς
1622 4014 1800 4099 πάσας

220 4106 467 4199 ἐνταῦθα
496 4109 589 4162 τοῦ
618 4110 879 4180 βασιλέως
901 4119 1000 4181 τὰς
1039 4121 1252 4187 εἰκόνας
1277 4124 1535 4195 τιμᾶσθαι
1563 4128 1667 4199 χρὴ
1712 4128 1799 4182 διὰ

218 4198 323 4270 τὴν
358 4200 423 4251 ὲν
450 4201 641 4266 αὑταῖς
676 4205 904 4278 μορφὴν,
934 4210 1074 4263 οὕτω
1099 4211 1161 4284 δὴ
1189 4216 1279 4267 καὶ
1307 4217 1450 4286 ἡμᾶς
1488 4198 1797 4273 ἀνένδεκτόν

222 4290 344 4342 ἐστι
380 4290 517 4383 θεοῦ
545 4296 757 4355 εἰκόνας
778 4301 1116 4372 ὑπάρχοντας
1140 4307 1273 4379 1:96;
1293 4309 1561 4364 ἀπώλειαν
1585 4312 1661 4375 ὡς
1689 4314 1799 4383 ἡτι-

222 4381 520 4451 μωμένους
563 4387 805 4457 χωρῆσαι
844 4394 1266 4465 παντελῆ.”Οθεν
1293 4400 1385 4451 καὶ
1416 4401 1680 4472 κατῆλθεν
1714 4381 1797 4468 εἰς
1827 4418 1872 4472 Ῑ)

218 4473 325 4566 τὴν
368 4474 492 4566 καθ’
514 4478 661 4547 ἡμᾶς
687 4482 1005 4555 οἰκουμένην
1030 4488 1059 4539 6
1086 4487 1272 4555 Λόγος,
1295 4490 1388 4543 καί⁵
1413 4492 1697 4566 ἐσαρκώθη
1729 4498 1794 4549 ἐκ

216 4564 318 4617 τοῦ
358 4564 606 4635 σώματος
639 4571 811 4640 ήμῶν,
835 4575 980 4638 ὅπως
1010 4578 1089 4639 είς
1121 4578 1180 4630 τὸ
1214 4564 1793 4656 θεοπρεπέστερονήτὴν

221 4656 418 4711 εἰκόνα
444 4659 827 4727 ἐπισκευάσας,
862 4666 1109 4738 καθάπερ
1131 4669 1234 4724 ὑπὸ
1262 4673 1451 4743 χρόνου
1480 4673 1794 4747 διαλελυμέ-

219 4763 352 4814 νην,
380 4748 656 4821 ἀναστήσῃ
687 4752 984 4827 ἀνώλεθρον
1034 4760 1143 4812 Καὶ
1164 4761 1292 4829 γοῦν
1315 4765 1413 4835 τὴν
1438 4766 1531 4818 ἐπὶ
1556 4764 1648 4819 τοῦ
1672 4785 1796 4840 προ-

221 4840 404 4931 etiam}:
451 4844 837 4919 μυστηριωδῶς
887 4856 1448 4927 πεπραγματευμένην
1485 4860 1792 4931 οἰκονομίαν

219 4927 533 4998 δηλοῦντες,
570 4932 785 4987 ἅπαντα
830 4938 909 4999 εἰς
944 4938 1099 4991 τοῦτο
1126 4942 1422 5011 ἀναφανδὸν
1454 4927 1793 5002 συντείνοντα

221 5017 464 5091 εὕρομεν
487 5024 581 5076 τὸν
614 5024 787 5093 λόγον.

318 5354 365 5386 ⁸⁸
388 5352 519 5410 Gen.
548 5372 634 5420 ιιι,
662 5358 752 5413 19.

1910 462 2013 519 hoc
2040 478 2280 535 praesens
2318 462 2430 517 vita
2457 470 2562 529 est,
2597 464 2645 518 si
2681 471 3026 535 comparetur
3067 478 3192 518 cum
3230 464 3324 518 illa
3356 465 3461 519 im-

1909 557 2147 612 mortali.
2177 555 2495 626 Tempestas
2527 562 2706 610 autem
2753 570 2817 609 ac
2861 556 3106 613 turbines
3136 556 3320 612 navim
3356 573 3462 612 un-

1908 645 2072 716 dique
2099 654 2553 717 conquassantes,
2589 647 2914 703 tentationes
2944 655 3092 714 sunt,
3123 663 3245 718 quas
3270 648 3325 703 in
3354 648 3460 703 hoc

1910 733 2134 797 mundo,
2172 742 2429 804 tanquam
2475 733 2531 787 in
2574 741 2811 789 aestuoso
2855 750 2918 789 ac
2945 736 3254 792 turbulento
3300 739 3458 803 mari,

1909 828 2118 876 rectum
2148 826 2250 878 nos
2276 823 2401 877 vitae
2427 838 2650 878 cursum
2682 823 2872 882 faciles
2902 834 3106 890 tenere,
3141 830 3460 899 tranquillo-

1900 927 2015 982 .que
2043 927 2075 966 a
2102 913 2262 969 malis
2305 920 2422 968 tum
2463 929 2700 984 aequore,
2738 926 2850 971 tum
2900 918 3040 973 coelo
3067 918 3301 990 gaudere
3351 936 3460 978 non

1910 1003 2118 1059 sinunt.
2157 1001 2308 1058 Iona:
2356 1004 2413 1058 in
2456 1020 2605 1061 mare
2642 1006 3018 1077 przecipitatio,
3073 1012 3394 1081 protoplasti
3432 1029 3465 1067 a

1909 1091 2019 1147 vita
2046 1092 2103 1146 in
2145 1099 2374 1147 mortem
2414 1093 2626 1163 lapsum
2654 1094 2903 1165 designat
2929 1112 2942 1149 :
2976 1099 3069 1167 qui
3100 1099 3304 1156 idcirco
3335 1101 3461 1171 quia

1904 1184 2184 1253 peccando
2217 1199 2246 1238 a
2284 1185 2497 1254 justitia
2536 1185 2773 1254 deﬂexit,
2811 1187 2958 1242 illam
2989 1192 3201 1261 excepit
3242 1199 3463 1249 senten-

1907 1275 2039 1329 tiam
2068 1294 2080 1329 :
2110 1275 2272 1330 Terra
2300 1294 2354 1331 es
2389 1287 2439 1331 ει
2475 1278 2531 1331 in
2558 1287 2751 1333 terram
2783 1283 3051 1336 reverteris
3072 1283 3137 1336 ³⁸.
3172 1283 3347 1354 Ipsius
3370 1301 3462 1342 au-

1909 1374 2017 1421 tem
2050 1382 2079 1420 a
2111 1376 2231 1424 ceto
2274 1369 2549 1440 absorptio
2581 1370 2852 1441 signiﬁcat
2892 1372 3258 1432 inevitabilem
3309 1378 3457 1434 illam

1908 1453 2102 1521 nostri,
2133 1470 2255 1524 qua:
2290 1469 2322 1509 a
2350 1466 2589 1527 tempore
2626 1458 2706 1521 tit,
2738 1458 3143 1519 demolitionem
3186 1478 3251 1520 ac
3294 1466 3463 1524 inter-

1909 1541 2080 1611 itum;
2114 1554 2302 1601 venter
2328 1547 2472 1602 enim
2502 1562 2613 1618 quo
2635 1549 2924 1621 absorptus
2964 1550 3132 1610 Jonas
3157 1555 3483 1615 absconsus

1907 1637 2013 1693 est,
2046 1640 2204 1687 teme
2228 1641 2313 1689 est
2348 1637 2593 1690 omnium
2625 1647 2913 1717 susceptor
2951 1643 3128 1709 sinus,
3170 1661 3281 1716 quo
3320 1662 3457 1704 oon-

1834 1723 1883 1783 B
1908 1719 2106 1775 dantur
2131 1738 2470 1795 quaecunque
2502 1727 2640 1783 edax
2677 1736 2890 1799 tempus
2918 1735 3210 1811 consumit.

1974 1808 2038 1865 ll.
2069 1810 2530 1878 Quemadmodum
2561 1816 2723 1888 igitur
2739 1820 2906 1877 Jonas
2935 1822 2991 1877 in
3021 1808 3208 1882 ventre
3222 1829 3329 1884 ceti
3349 1836 3473 1886 tres

1905 1905 2023 1961 dies
2050 1915 2105 1961 et
2151 1907 2375 1963 totidem
2419 1918 2607 1966 noctes
2645 1923 3035 1982 commoratus,
3073 1934 3267 1978 rursus
3295 1937 3462 1981 sanus

1907 1996 2030 2050 inde
2061 2010 2124 2050 ac
2165 1996 2373 2069 integer
2414 1999 2618 2067 evasit;
2659 2002 2740 2057 sic
2764 2009 2821 2058 et
2862 2018 3054 2060 omnes
3102 2008 3192 2062 ubi
3221 2009 3324 2064 tria
3362 2014 3462 2068 atri

1905 2088 2190 2160 praesentis
2215 2090 2496 2145 intervalla
2539 2090 2887 2165 (principium
2931 2096 3180 2163 scilicet,
3224 2103 3459 2159 medium

1905 2195 1971 2235 ac
2008 2181 2190 2243 ﬁnem,
2224 2181 2424 2251 quibus
2466 2198 2704 2253 pmsens
2748 2185 2850 2242 hoc
2884 2196 3095 2258 tempus
3130 2205 3288 2248 omne
3332 2209 3464 2251 con-

1904 2273 2034 2341 stat)
2075 2271 2179 2327 sub
2226 2282 2368 2326 terra
2400 2273 2694 2343 egerimus,
2733 2290 3100 2347 resurgemus.
3146 2277 3207 2335 In
3237 2283 3462 2340 univer-

1905 2378 2024 2417 sum
2048 2363 2192 2419 enim
2217 2364 2317 2418 tria
2347 2371 2472 2421 sunt
2489 2358 2746 2437 temporis
2775 2368 3076 2436 intervalla,
3106 2376 3459 2443 praeteritum.

1904 2456 2169 2521 futurum,
2216 2465 2271 2512 et
2310 2473 2549 2528 praesens
2584 2480 2599 2516 :
2644 2468 2866 2531 propter
2909 2463 3057 2534 quod
3095 2473 3151 2521 et
3200 2466 3461 2527 Dominus

1904 2549 2126 2605 totidem
2151 2548 2271 2604 dies
2311 2550 2364 2605 in
2395 2558 2541 2606 terra
2569 2563 2958 2619 commoratus,
2995 2554 3100 2610 hoc
3128 2559 3373 2630 symbolo
3396 2577 3462 2617 ac

1906 2640 2073 2711 ﬁgura
2105 2641 2391 2698 manifeste
2433 2658 2535 2698 nos
2563 2643 2770 2708 docuit,
2802 2656 2926 2716 post
2964 2655 3156 2704 exacta
3201 2667 3322 2721 qua:
3348 2652 3463 2709 dixi

1905 2733 2165 2803 temporis
2193 2734 2389 2804 spatia,
2423 2746 2665 2791 nostram
2698 2737 2814 2793 fore
2842 2742 3311 2812 resurrectionem,
3339 2761 3461 2816 qua:

1905 2822 2072 2879 futuri
2092 2826 2277 2881 saeculi
2305 2827 2536 2891 initium,
2569 2828 2730 2899 hujus
2759 2828 2883 2886 ﬁnis
2905 2834 3153 2890 exsistat.
3177 2833 3235 2890 In
3261 2840 3461 2893 saeculo

1902 2917 2047 2973 enim
2078 2918 2172 2973 illo
2209 2934 2385 2989 neque
2425 2921 2684 2990 praeteriit
2734 2922 2962 2992 aliquid,
2998 2939 3176 2995 neque
3215 2925 3457 2983 futurum

1902 3015 2010 3075 est,
2045 3010 2140 3066 sed
2173 3026 2413 3080 praesens
2439 3012 2704 3066 duntaxat
2732 3014 3000 3069 consistit.
3043 3014 3210 3073 Jonas
3236 3018 3461 3089 insuper

1902 3103 2079 3158 tribus
2107 3103 2299 3159 diebus
2313 3110 2368 3159 et
2380 3104 2557 3159 tribus
2584 3105 2837 3160 noctibus
2860 3106 2913 3161 in
2941 3116 3129 3164 ventre
3149 3111 3252 3165 ceti
3276 3118 3458 3166 trans-

1902 3195 2064 3258 actis,
2109 3210 2218 3250 non
2261 3202 2345 3251 est
2372 3203 2684 3266 corruptus,
2709 3205 2803 3252 aut
2831 3198 2951 3268 ejus
2979 3211 3312 3272 consumpta:
3340 3219 3460 3259 car-

1905 3299 2036 3350 nes;
2070 3284 2150 3338 uti
2182 3292 2408 3339 caeteros
2462 3284 2615 3339 cibos
2640 3286 2698 3340 in
2739 3294 2984 3342 ventrem
3028 3289 3135 3343 ceti
3184 3290 3460 3348 immissos

1902 3375 2137 3430 naturali
2183 3376 2533 3446 corruptione
2574 3380 2846 3433 consumit
2894 3380 3199 3453 digeritque
3261 3384 3455 3440 bellum

1902 3463 2126 3519 marina:
2153 3465 2365 3520 auctior
2388 3465 2602 3520 nativus
2632 3467 2817 3522 calor:
2840 3468 2908 3524 ad
2937 3470 3321 3528 declarandum
3344 3474 3458 3530 ﬁeri

1901 3571 2086 3626 posse,
2116 3563 2174 3610 ut
2204 3564 2258 3612 et
2287 3566 2474 3613 nostra
2503 3558 2615 3613 haec
2634 3572 2864 3629 corpora
2895 3562 3177 3631 superiora
3205 3563 3457 3627 evadant.

1899 3664 2063 3718 quam
2094 3658 2154 3706 ut
2184 3666 2421 3722 unquam
2456 3652 2743 3708 intereant.
2774 3652 2961 3723 Cogita
2989 3654 3156 3719 enim,
3188 3654 3352 3712 Deum
3383 3658 3459 3711 di.

1901 3757 2086 3800 versas
2126 3744 2211 3799 sui
2241 3743 2441 3799 habere
2469 3743 2753 3815 imagines.
2788 3746 2923 3800 alias
2952 3747 3167 3816 quidem
3195 3749 3361 3804 veluti
3389 3765 3453 3804 ex

1902 3849 2036 3889 auro
2066 3834 2378 3900 fabricatas,
2411 3850 2532 3905 qua:
2559 3837 2769 3891 scilicet
2797 3851 2861 3891 ex
2893 3837 3124 3906 spiritali
3153 3852 3217 3894 ac
3249 3839 3456 3909 puriori

1901 3925 2204 3980 substantia
2236 3927 2563 3992 consistant,
2609 3928 2686 3981 uti
2732 3929 2989 3998 angelos:
3033 3931 3168 3984 alias
3212 3945 3341 3985 vero
3388 3947 3451 3986 ex

1898 4030 2066 4085 gypso
2092 4017 2175 4071 vel
2200 4031 2328 4081 aere,
2368 4018 2443 4072 uti
2478 4017 2744 4074 homines.
2774 4019 3023 4073 Animam
3054 4020 3198 4074 enim
3228 4037 3347 4090 qua:
3387 4020 3457 4076 ad

1898 4105 1991 4162 Dei
2024 4107 2311 4178 imaginem
2346 4109 2563 4165 condita
2609 4114 2700 4176 sit,
2736 4121 2962 4168 terrenae
3001 4113 3318 4168 substantiae
3362 4131 3456 4169 co-

1898 4199 2121 4269 pulavit.
2150 4199 2226 4271 (7)
2251 4200 2402 4254 Sicut
2440 4201 2605 4271 igitur
2633 4202 2719 4257 hic
2749 4206 2891 4273 regis
2935 4219 3126 4259 omnes
3167 4205 3451 4277 imagines,

1899 4299 2123 4361 propter
2169 4293 2289 4362 ejus
2312 4307 2420 4363 qua
2469 4302 2597 4348 sunt
2626 4295 2896 4366 insignitae
2916 4294 3165 4367 eﬂigiem,
3194 4297 3249 4351 in
3281 4298 3454 4368 pretio

1900 4394 2028 4438 sunt
2075 4398 2140 4439 ac
2189 4384 2446 4440 honorem
2495 4386 2721 4453 habent;
2767 4388 2841 4442 ita
2893 4389 3115 4444 minime
3156 4389 3453 4460 putandum

1899 4484 2004 4541 est,
2036 4491 2137 4532 nos
2165 4478 2258 4548 qui
2286 4477 2381 4534 Dei
2413 4477 2588 4550 imago
2620 4494 2809 4536 sumus
2838 4496 2903 4536 eo
2925 4496 3098 4551 usque
3127 4482 3461 4539 inhonoran-

1899 4567 1999 4623 dos
2027 4584 2168 4634 esse,
2204 4577 2260 4625 ut
2290 4570 2506 4640 penitus
2530 4572 2700 4627 simus
2722 4572 2991 4629 abolendi.
3014 4572 3279 4639 Quocirca
3296 4575 3456 4629 etiam

1902 4665 2182 4721 descendit
2216 4664 2448 4720 Verbum
2471 4666 2527 4720 in
2555 4673 2803 4720 nostrum
2835 4665 2980 4719 hunc
3016 4664 3225 4728 orbem,
3258 4680 3321 4719 ac
3354 4666 3455 4719 lm-

1901 4773 2115 4812 manam
2151 4771 2371 4812 carnem
2401 4759 2717 4827 assumpsit,
2758 4764 2816 4810 ut
2859 4754 3119 4810 divinitus
3170 4754 3457 4824 imaginem

1898 4864 2251 4921 componens,
2288 4857 2542 4919 tanquam
2591 4857 2835 4918 tempore
2889 4846 3230 4909 dissolutam,
3274 4843 3459 4898 incor-

1898 4948 2113 5003 ruptam
2137 4940 2306 5003 illam,
2346 4948 2608 5009 extraque
2645 4953 2861 4994 omnem
2893 4937 3147 4993 interitus
3178 4936 3348 4989 aleam
3373 4951 3458 4988 re-

1900 5032 2212 5086 snscitaret.
2238 5029 2317 5086 Ac
2346 5045 2479 5085 sane
2509 5029 2770 5100 quidquid
2799 5030 3028 5098 mystica
3056 5024 3458 5095 dispensatione

1900 5124 1956 5176 in
1985 5122 2244 5193 pmpheta
2271 5130 2482 5193 gestum
2516 5129 2620 5183 est,
2663 5123 2711 5176 si
2744 5120 2974 5175 velimus
3016 5130 3306 5186 exponere.
3350 5116 3456 5168 lmc

1898 5213 2185 5269 manifeste
2215 5214 2508 5269 collineare
2536 5212 2891 5268 inveniemus.

293 5488 375 5585 (1)
407 5487 535 5544 llaec
563 5491 814 5546 conferas
843 5493 1000 5548 velim
1034 5508 1156 5548 cum
1182 5507 1435 5567 excerpto
1463 5514 1526 5554 ex
1558 5499 1615 5554 S.
1635 5499 1789 5557 Joan.
1817 5501 2093 5577 Damasc.,
2126 5520 2263 5566 orat.
2284 5512 2318 5566 5
2350 5511 2424 5567 De
2446 5513 2604 5585 imag.
2637 5512 2889 5583 superius
2948 5510 3117 5567 relato
3161 5509 3269 5564 col.
3321 5505 3452 5567 289.

218 5556 391 5615 αλιι..

1778 5667 1919 5684 *-

425 5767 702 5827 ΡΑτιιοι.
736 5768 850 5829 Gn.
886 5767 1112 5830 XVIII.

3063 5785 3128 5842 11
