3972 6212
258 297 367 354 353

1457 289 1550 344 EX
1587 289 1794 347 LIBRO
1831 289 1922 344 DE
1961 288 2280 346 CREATIS.

3393 293 3498 348 33L

259 434 411 488 ρων,
447 416 521 481 ὡς
562 415 790 489 ἒῤῥήθη·
825 415 858 487 ἢ
906 416 1114 480 τούτου,
1145 416 1220 480 ὡς
1259 416 1473 489 ἐλέχθη,
1513 419 1828 490 νοουμένου,

1941 415 2062 486 cipi,
2089 424 2149 470 ut
2173 415 2378 469 dictum
2422 419 2545 470 est:
2580 419 2670 468 aut
2702 413 2806 468 hoc
2838 414 2909 468 ita
2956 422 3178 486 accepto
3210 424 3270 468 ut
3308 425 3392 472 est
3418 417 3506 471 di-

265 511 479 580 ἀνάγκη
531 511 678 580 ἡμᾶς
725 509 921 578 λέγειν,
955 509 1030 572 ὠς
1073 508 1248 562 οὐδενὶ
1282 507 1390 561 τῶν
1432 508 1692 574 ἀπίστων,
1740 509 1834 573 οὓς

265 601 467 672 χοίροις
494 601 885 670 ἀπεικάζομεν,
917 600 980 652 ὲκ
1030 598 1136 652 τῶν
1171 599 1539 654 ἀποστολικιῖΝ
1565 598 1831 670 διδαγμά-

262 711 390 758 των,
429 693 783 766 μαργαριτῶν
807 694 962 764 δίκην
989 693 1086 757 τὰς
1110 690 1286 762 ψυχάς
1316 690 1834 763 καταυγαζόντων,ή

262 787 342 850 εἰς
371 786 606 858 Χριστὸν
635 786 836 850 πίστις,
885 787 980 838 καὶ
1014 785 1048 854 η
1093 783 1191 855 τῆς
1245 782 1494 845 ἀσεϐείας
1555 782 1835 855 ἐλευθερία

261 877 576 948 γεγένηται.
614 876 940 947 Βλάσφημον
970 875 1026 928 δὲ
1049 875 1222 928 τοῦτο.
1257 873 1503 945 οὺκ’άρα
1526 873 1606 927 δεῖ
1626 891 1838 946 μαργα-

268 969 423 1040 ρίτας
459 969 558 1039 μὲν
605 968 673 1022 τὰ
727 967 1102 1040 μυστικώτερα
1125 966 1232 1021 τῶν
1263 965 1596 1037 μαθημάτων
1628 965 1837 1036 ἐκλαμ-

266 1061 452 1115 ϐάνειν
484 1059 740 1124 ἐνταῦθα,
769 1061 982 1132 χοίρους
1030 1061 1087 1114 δὲ
1134 1061 1258 1123 τοὺς
1311 1059 1555 1122 ἀσεϐεῖς·
1604 1057 1836 1122 οὐδὲτὸ,

263 1152 362 1221 Μὴ
385 1153 622 1223 βάλητε
646 1154 787 1220 τοὺς
799 1155 1164 1224 μαργαρίτας
1177 1152 1698 1225 ὑμῶνξὲμτροσθεν
1723 1151 1841 1205 τῶν

266 1248 511 1318 χοίρων,
564 1248 644 1311 εἰς
691 1248 773 1315 τὸ,
797 1247 871 1318 μὴ
907 1246 1280 1318 παραϐάλλετε
1321 1248 1433 1309 τοῖς
1475 1244 1694 1299 ἀσεϐέσι
1746 1243 1840 1298 καὶ

264 1339 521 1402 ἀπίστοις
554 1339 622 1392 τά
651 1339 886 1409 μυστικά
910 1340 1004 1392 καὶ
1035 1338 1339 1392 τελειοποιά
1377 1338 1475 1407 τῆς
1500 1339 1579 1400 εἰς
1611 1335 1840 1408 Χριστὸν

263 1431 506 1494 πίστεως
537 1430 1320 1502 διδάγματα,παραλαμϐάνειν
1342 1446 1355 1459 °
1397 1427 1532 1482 ἀλλά
1575 1426 1844 1498 μαργαρί-

261 1537 364 1583 τας
417 1520 516 1590 μὲν
548 1520 646 1582 τὰς
677 1517 876 1590 άρετάς
906 1518 1216 1589 ἐκδέχεσθαι
1247 1517 1372 1590 χρὴ,
1409 1511 1496 1578 αἶς
1523 1515 1710 1587 ὥσπερ
1741 1531 1840 1567 πο-

263 1611 514 1682 λυτίμοις
547 1612 907 1683 μαργαρίταις
931 1612 964 1681 ἡ
991 1612 1136 1683 ψυχὴ
1161 1608 1582 1682 καθωραῖζεται·
1629 1608 1704 1680 μὴ
1740 1625 1844 1660 πα-

269 1704 527 1776 ραϐαλεῖν
556 1704 613 1756 δὲ
643 1704 840 1767 αὐτοὺς
871 1705 981 1766 τοῖς
1011 1701 1228 1774 χοίροις,
1265 1699 1527 1761 τουτέστι,
1567 1699 1639 1771 μὴ
1667 1716 1843 1770 παρα-

265 1773 452 1850 ϐαλεῖν
485 1795 656 1858 αὐτὰς
688 1795 786 1859 τὰς
813 1794 1033 1866 ἀρετάς,
1059 1773 1168 1846 οἷον
1186 1792 1424 1862 ἁγνείαν,
1448 1794 1542 1846 καὶ
1568 1789 1842 1862 σωφροσύ-
1871 1773 1914 1829 Β

264 1905 386 1959 νην,
404 1889 501 1940 καὶ
526 1885 889 1956 δικαιοσύνην,
921 1887 1012 1939 καὶ
1032 1883 1306 1956 ἀλήθειαν,
1335 1883 1536 1947 ταύτας
1554 1883 1616 1954 δὴ
1645 1884 1718 1954 μὴ
1737 1899 1842 1937 πα-

269 1980 524 2053 ραϐαλεῖν
550 1981 667 2042 ταῖς
690 1977 999 2049 μαχλώσαις
1016 1977 1230 2049 ἡδοναῖς
1267 1979 1492 2050 (χοίροις
1521 1978 1629 2048 γὰρ
1662 1977 1843 2030 ἐοίκα-

267 2089 354 2125 σιν
387 2067 593 2136 αὗται),
624 2072 714 2125 ἵνα
747 2070 842 2142 μὴ,
867 2071 965 2134 τὰς
993 2070 1193 2142 ἀρετὰς
1219 2066 1377 2125 αὗται
1411 2069 1838 2140 καταφαγοῦσαι,

265 2162 501 2236 χοιρὼδη
531 2162 641 2232 βίον
676 2164 769 2216 καλ⁸
797 2163 1080 2234 πολυπαθῆ
1111 2162 1208 2234 τὴν
1232 2162 1408 2234 ψυχὴν
1444 2161 1704 2233 βιοτεύειν
1737 2179 1841 2216 πα-

268 2255 708 2327 ρασκευάσωσιν.

335 2347 415 2400 B'.
452 2346 576 2398 Ὀτι
609 2347 638 2397 ὁ
675 2344 987 2416 Ὠριγένης,
1022 2345 1082 2399 ὃν
1127 2344 1421 2416 κένταυρον
1468 2344 1654 2411 καλεῖ,
1689 2344 1842 2414 ἔλεγε

263 2438 539 2492 σ’δναῖδιον
576 2432 714 2490 εἶναι
755 2437 832 2508 τῷ
879 2437 1022 2508 μόνῳ
1065 2437 1214 2510 σοφῷ
1259 2438 1353 2490 καὶ
1392 2437 1681 2506 ἀπροσδεεῖ
1724 2437 1841 2510 Θεῷ

264 2530 327 2582 τὸ
352 2532 484 2585 πᾶν.
519 2530 764 2599 Ἔφασκε
798 2529 926 2601 γάρ·
973 2529 1035 2582 Εἰ
1069 2508 1168 2583 οὐκ
1202 2529 1315 2583 ἐστι
1347 2529 1675 2602 δημιουργὸς
1714 2508 1839 2584 ἄνευ

259 2620 786 2694 δημιουργημάτων,
817 2621 850 2692 ἢ
889 2621 1116 2693 ποιητὴς
1165 2621 1292 2676 ἀνευ
1335 2621 1686 2692 ποιημάτων,
1721 2623 1843 2676 οὐδὲ

255 2714 668 2785 παντοκράτωρ
706 2713 832 2767 ἀνευ
873 2712 983 2766 τῶν
1027 2713 1426 2784 κρατουμένων·
1472 2713 1564 2766 τὸν
1611 2712 1718 2786 γάρ
1745 2713 1840 2785 δη-

257 2805 532 2878 μιουργὸν
573 2805 660 2859 διά
695 2806 762 2859 τά
815 2805 1273 2878 δημιουργήματα
1322 2804 1571 2877 ἀνάγκη,
1617 2807 1710 2860 καὶ
1750 2807 1841 2860 τὸν

258 2901 501 2968 ποιητὴν
530 2898 617 2952 διά
642 2897 711 2951 τά
735 2899 1037 2969 ποιήματα,
1070 2899 1163 2951 καὶ
1189 2898 1279 2952 τὸν
1308 2900 1718 2972 παντοκράτορα
1755 2899 1842 2954 διὰ

257 2993 330 3046 τὰ
377 2991 726 3063 κρατούμενα
777 2989 1064 3058 λέγεσθαι’
1117 2989 1330 3061 ἀνάγκη
1369 2990 1427 3059 ἐξ
1477 2992 1649 3063 ἀρχῆς
1703 2992 1842 3046 αὐτά

260 3079 370 3133 ὑπὸ
399 3079 494 3132 τοῦ
525 3079 660 3132 Θεοῦ
696 3077 1044 3150 γεγενῆσθαι,
1078 3081 1173 3132 καὶ
1208 3081 1281 3152 μὴ
1325 3076 1464 3134 εἶναι
1506 3083 1714 3155 χρόνον,
1749 3083 1837 3136 ὅτε
1865 3119 1906 3176 C

255 3173 364 3226 οὐκ
410 3167 481 3242 ἦν
531 3172 721 3226 ταῦτα.
768 3173 831 3225 El
865 3171 974 3242 γὰρ
1022 3167 1090 3244 ἦν
1137 3173 1347 3244 χρόνος,
1397 3174 1484 3226 ὅτε
1530 3174 1630 3226 οὐκ
1675 3169 1742 3244 ἦν
1770 3172 1839 3226 τὰ

255 3265 572 3335 ποιήματα,
604 3265 724 3318 ἐπεὶ
751 3265 858 3318 τῶν
883 3265 1200 3335 ποιημάτων
1238 3265 1311 3335 μὴ
1342 3263 1527 3329 ὄντων,
1552 3263 1672 3316 οὐδὲ
1692 3281 1843 3333 ποιη-

255 3357 364 3426 eq;
400 3359 571 3420 ἔστιν,
610 3357 712 3428 ὅρα
740 3351 850 3409 οἷον
882 3357 1074 3420 ἀσεϐὲς
1107 3356 1408 3410 ἀκολουθεῖ.
1446 3356 1605 3410 Ἀλλά
1627 3356 1720 3409 καὶ
1743 3355 1840 3409 ἀλ-

251 3445 542 3500 λοιοῦσθαι
581 3449 674 3500 καὶ
719 3447 1072 3518 μεταϐάλλειν
1103 3447 1194 3500 τὸν
1240 3449 1507 3519 ἄτρεπτον
1557 3448 1650 3500 καὶ
1681 3447 1842 3500 ἀναλ-

254 3537 485 3592 λοίωτον
511 3540 852 3610 συμϐήσεται
886 3539 1038 3592 Θεόν.
1066 3540 1128 3591 El
1168 3539 1274 3610 γὰρ
1317 3539 1540 3610 ὕστερον
1575 3539 1838 3610 πεποίηκε

215 3630 321 3682 ’τὸ
360 3631 493 3692 πᾶν,
538 3629 695 3697 δῆλον
731 3630 813 3681 ὅτι
851 3630 959 3682 ἀπὸ
992 3627 1084 3682 τοῦ
1119 3628 1192 3700 μὴ
1236 3631 1406 3682 ποιεῖν
1450 3631 1528 3692 εἰς
1562 3631 1622 3682 τὸ
1669 3633 1840 3683 ποιεῖν

155 3739 162 3748 ·
254 3720 553 3790 μετέϐαλε.
587 3720 758 3773 Τοῦτο
790 3721 845 3774 δὲ
871 3722 1067 3776 ἄτοπον
1100 3721 1237 3792 μετά
1261 3720 1369 3773 τῶν
1391 3722 1711 3792 εἰρημένωνο
1742 3722 1840 3776 οὐκ

255 3814 367 3885 ἀρα
402 3811 626 3864 δυνατὸν
671 3812 871 3880 λέγειν,
905 3812 978 3883 μὴ
1022 3809 1159 3865 εἶναι
1188 3813 1420 3884 ἄναρχον
1456 3813 1548 3865 καὶ
1575 3813 1838 3867 ωναῖδιον

248 3903 333 3974 τῷ
359 3902 485 3972 Θεῴ
517 3903 576 3955 τὸ
598 3904 726 3955 πᾶν.
759 3903 901 3973 Πρὸς
945 3904 1004 3956 ὃν
1045 3921 1177 3974 φησι
1225 3903 1292 3956 δι’
1325 3903 1510 3974 ἐτέρου
1547 3903 1837 3974 προσώπου

250 3997 507 4063 δ”Αγιος
553 3993 790 4065 ὲρωτῶν’
820 3990 967 4065 Ἀρά
1009 4011 1072 4063 γε
1122 3995 1314 4064 σοφίας
1365 3997 1460 4049 καὶ
1509 3996 1699 4068 δόξης,
1745 3999 1840 4050 καὶ

256 4088 569 4158 συλλήϐδην
618 4089 797 4157 πάσης
827 4088 1026 4160 ἀρετῆς
1072 4089 1243 4158 ἀρχὴν
1277 4089 1370 4142 καὶ
1419 4088 1602 4160 πηγὴν
1649 4091 1840 4142 οὐσιω-

247 4177 387 4241 δῶς,
414 4177 552 4231 ἀλλά
585 4179 658 4248 μὴ
701 4179 1008 4248 ὲπικτήτως
1039 4181 1142 4249 ἡγῇ
1187 4179 1277 4231 τὸν
1305 4178 1470 4242 Θε6ν;
1514 4179 1572 4231 '0
1597 4179 1673 4232 δέ·
1709 4179 1836 4234 Ναί.

250 4267 321 4320 Τί
374 4267 432 4320 δὲ
482 4267 616 4336 πρὸς
647 4267 891 4331 retia-etc;
926 4269 1059 4339 Οὐχὶ
1100 4267 1303 4333 τέλειος
1338 4270 1513 4340 πάντη
1547 4270 1612 4322 δι’
1647 4270 1839 4323 ἑαυτὸν

249 4357 355 4410 καὶ
385 4355 720 4428 ἀπροσδεής
764 4357 979 4429 Ἀληθῆ’
1013 4359 1294 4429 ἀμήχανον
1322 4360 1430 4432 γάρ
1455 4361 1516 4413 τὸ
1543 4361 1840 4432 ἀπροσδεὲς

1938 517 2108 572 ctum,
2147 521 2488 577 consequens
2527 505 2587 559 fit
2621 513 2680 560 ut
2710 506 2990 571 dicamus,
3033 508 3164 562 nulli
3203 507 3505 564 infidelium

1938 616 2076 671 quos
2099 600 2281 672 porcis
2307 613 2709 670 comparamus,
2740 614 2834 668 per
2865 601 3161 668 apostolica
3181 600 3509 656 documenta

1939 708 2058 763 qua:
2087 693 2297 746 animas
2337 691 2511 746 instar
2543 691 2957 761 margaritarum
2993 692 3323 756 illuminant,
3347 693 3507 748 ﬁdem

1940 787 1994 841 in
2021 784 2294 840 Christum
2322 792 2376 839 et
2395 783 2761 853 ab.impietate
2789 785 3097 839 libertatem
3123 793 3334 854 partam
3361 801 3505 840 esse.

1942 876 2050 932 Sed
2093 884 2178 932 est
2231 876 2607 946 blasphemum
2637 876 2742 930 hoc
2783 876 2983 930 dicere.
3026 875 3169 946 Ergo
3200 879 3511 946 margaritae

1937 970 2043 1024 hoc
2073 970 2194 1024 loco
2223 984 2329 1023 non
2355 975 2484 1024 sunt
2503 967 2830 1038 accipiendae
2852 967 3153 1023 sanctiores
3177 966 3507 1037 disciplinae;

1941 1059 2221 1130 porcique,
2255 1059 2406 1130 impii
2436 1076 2449 1113 :
2476 1074 2652 1129 neque
2681 1058 2812 1111 illud
2841 1074 2854 1108 ;
2895 1056 3075 1112 Nolite
3096 1058 3348 1128 projicere
3367 1073 3511 1112 mar-

1941 1153 2143 1221 garitas
2177 1159 2376 1204 vestras
2401 1158 2521 1204 ante
2557 1165 2763 1218 porcos,
2801 1150 2872 1203 ita
2902 1148 3287 1218 explicandum
3313 1158 3417 1215 est,
3448 1155 3511 1202 ut

1941 1243 2224 1313 prohibeat
2257 1242 2481 1311 proponi
2512 1241 2694 1312 impiis
2735 1240 3184 1312 intidelibusque,
3216 1257 3371 1297 sacra
3416 1242 3509 1296 illa

1941 1340 1994 1388 et
2022 1334 2451 1388 consummativa
2482 1333 2534 1387 in
2557 1331 2832 1388 Christum
2854 1333 3216 1388 documenta:
3247 1334 3341 1389 sed
3364 1349 3512 1388 mar-

1941 1427 2131 1498 garitaa
2161 1425 2365 1482 fuerint
2394 1426 2643 1491 virtutes,
2673 1426 2869 1496 quibus
2893 1427 3040 1480 velut
3070 1428 3377 1498 margaritis
3394 1443 3514 1498 pre-

1945 1520 2103 1574 tiosis
2138 1527 2365 1574 ornatur
2396 1519 2635 1573 animus.
2670 1516 2786 1573 Non
2827 1519 3162 1587 abjiciendas
3204 1527 3384 1574 autem
3415 1535 3510 1574 eas

1940 1612 2160 1681 porcis;
2200 1609 2305 1663 hoc
2343 1617 2449 1672 est,
2498 1626 2606 1664 non
2658 1609 3020 1679 projiciendas
3067 1610 3336 1673 virtutes,
3378 1619 3509 1680 puta

1943 1704 2270 1765 castitatem,
2323 1701 2768 1772 temperantiam,
2821 1701 3127 1770 justitiam,
3187 1703 3506 1766 veritatem,

1941 1793 2232 1863 ejusmodi,
2269 1793 2512 1864 inquam,
2553 1793 2804 1856 virtutes,
2841 1809 2947 1847 non
2971 1795 3306 1862 objiciendas
3332 1796 3511 1866 impu-

1942 1885 2019 1942 ris
2060 1885 2426 1956 voluptatibus
2469 1901 2482 1938 :
2524 1885 2607 1940 ha:
2647 1886 2795 1952 enim
2849 1888 3224 1942 assimilantur
3268 1888 3451 1958 porcis
3491 1905 3508 1943 :

1943 1993 2012 2033 ne
2036 1977 2134 2032 has
2160 1977 2547 2033 conculcantes
2577 1977 2714 2048 (10),
2741 1977 2794 2030 ἰη
2829 1979 2995 2032 vitam
3029 1995 3320 2050 porcorum
3357 1979 3512 2034 simi-

1940 2067 2047 2124 lem
2068 2070 2324 2140 omnique
2360 2070 2611 2124 vitiorum
2640 2085 2836 2140 genere
2867 2072 3105 2140 plenam,
3148 2073 3387 2126 animam
3418 2087 3512 2127 co-

1943 2167 2093 2230 gant.

2013 2337 2076 2395 Ι.
2109 2339 2393 2407 Origenes,
2425 2339 2622 2411 inquit,
2647 2355 2807 2411 quem
2833 2349 3154 2396 centaurum
3187 2350 3365 2406 vocat,
3386 2344 3514 2397 uni-

1940 2448 2159 2488 versum
2202 2433 2331 2497 hoc,
2389 2435 2493 2489 soli
2550 2435 2784 2504 sapienti
2820 2433 3132 2504 nulliusque
3165 2435 3343 2506 egenti
3378 2434 3511 2500 Deo.

1941 2531 2268 2579 coaSternum
2295 2524 2554 2580 asseruit.
2605 2523 2742 2576 Nam
2771 2524 2846 2577 ait
2870 2543 2883 2578 :
2911 2522 3046 2578 Cum
3075 2539 3186 2579 non
3217 2525 3288 2578 sit
3329 2524 3511 2595 opifex

1941 2615 2060 2671 sine
2092 2615 2340 2686 opificio,
2361 2631 2460 2671 nec
2493 2623 2709 2672 creator
2733 2616 2851 2671 sine
2881 2624 3131 2671 creatura
3156 2617 3267 2687 (11)
3288 2658 3306 2684 ,
3336 2635 3514 2689 neque

1942 2707 2267 2762 universalis
2321 2705 2585 2762 Dominus
2638 2706 2756 2760 sine
2795 2705 3036 2775 subjecta
3095 2707 3451 2762 universitate
3495 2727 3511 2762 :

1940 2799 2138 2869 quippe
2176 2814 2402 2854 necesse
2434 2807 2518 2854 est
2561 2809 2621 2853 ut
2655 2797 2836 2867 Opifex
2860 2799 2929 2853 ab
2959 2798 3210 2869 opificio,
3238 2807 3456 2853 creator
3483 2814 3514 2853 a

1940 2899 2192 2945 creatura
2225 2933 2240 2958 ,
2313 2893 2639 2948 universalis
2703 2892 2966 2947 Dominus
3025 2892 3095 2945 ab
3159 2892 3515 2946 universitate

1941 2983 2187 3052 subjecta
2239 2987 2596 3040 nominetur:
2653 2986 2900 3056 sequitur
2942 2984 3255 3040 necessario
3285 2992 3344 3038 ut
3400 2985 3515 3038 haec

1942 3077 2084 3133 Deus
2114 3093 2142 3130 a
2171 3077 2433 3148 principio
2457 3081 2745 3143 creaverit,
2767 3093 2868 3132 nec
2916 3077 2986 3132 sit
3015 3077 3186 3130 ullum
3215 3084 3430 3146 tempus
3457 3075 3515 3130 in

1940 3185 2050 3240 quo
2084 3169 2172 3223 illa
2198 3186 2308 3224 non
2342 3171 2566 3225 fuerint.
2599 3170 2733 3224 Nam
2768 3169 2813 3226 si
2846 3169 2969 3234 fuit,
3003 3167 3220 3240 quando
3250 3177 3516 3225 creatum

1939 3275 2048 3314 non
2082 3269 2271 3328 erant;
2305 3277 2428 3315 cum
2462 3262 2730 3316 creaturis
2771 3278 2880 3317 non
2911 3260 3320 3325 cxsistentibus,
3340 3276 3515 3332 neque

1939 3353 2101 3407 etiam
2135 3352 2206 3406 sit
2234 3364 2453 3408 creator
2491 3371 2506 3407 :
2537 3354 2661 3408 vide
2707 3362 2909 3424 quanta
2947 3360 3209 3423 sequatur
3234 3353 3511 3424 impietas.

1940 3440 2083 3508 Quin
2110 3453 2162 3497 et
2189 3443 2410 3498 alterari
2445 3445 2752 3513 mutarique
2783 3443 3061 3514 continget
3120 3443 3514 3499 immutabilem

1939 3533 2108 3590 Deum
2142 3550 2207 3589 ac
2257 3534 2653 3590 invariabilem.
2688 3535 2745 3588 Si
2784 3535 2928 3590 enim
2977 3535 3192 3590 tandem
3223 3537 3516 3606 aliquando

1938 3627 2145 3682 creavit
2194 3627 2530 3691 universum,
2569 3626 2712 3682 haud
2773 3626 2958 3691 dubie,
3012 3642 3041 3680 ιι
3095 3642 3202 3681 non
3253 3629 3510 3691 creando.

1939 3726 2182 3772 mutatus
2212 3719 2464 3772 transivit
2493 3719 2559 3773 ad
2596 3718 2914 3772 creandum.
2946 3717 3060 3774 Hoc
3101 3727 3279 3773 autem
3322 3720 3516 3772 absur-

1938 3807 2067 3861 dum
2101 3814 2204 3871 cst,
2241 3817 2298 3862 ut
2329 3816 2383 3861 et
2414 3825 2523 3879 quo
2581 3809 2843 3874 infertur;
2882 3823 2987 3862 ron
3023 3825 3154 3879 ergo
3194 3809 3302 3863 dici
3333 3816 3514 3879 potest

1939 3915 2048 3954 non
2077 3916 2198 3956 esse
2227 3902 2296 3955 ab
2328 3911 2531 3957 aeterno
2564 3918 2747 3958 rerum
2803 3903 3248 3965 universitatem,
3293 3918 3356 3956 ac
3405 3902 3515 3956 Deo

1940 4003 2284 4048 coaternam.
2317 3993 2396 4049 Ad
2437 4011 2598 4066 quem
2627 3993 2889 4062 Sanctus,
2922 4011 2988 4048 ex
3020 3995 3245 4050 alterius
3280 4010 3514 4066 persona

1940 4086 2284 4158 interrogans
2320 4108 2332 4141 :
2366 4085 2558 4143 Nonne
2601 4086 2796 4152 Deum,
2831 4086 3160 4158 principium
3207 4088 3512 4150 existimas,

1941 4177 2258 4250 fontemque
2281 4181 2563 4249 sapientiae
2591 4195 2654 4234 ac
2683 4181 2889 4251 gloriae,
2921 4181 3111 4243 verbo,
3139 4180 3359 4234 virtutis
3387 4181 3515 4234 uni.

1940 4285 2131 4334 versae,
2156 4269 2586 4325 substantialiter
2605 4277 2658 4324 et
2691 4285 2800 4324 non
2827 4269 3098 4326 ascititie?
3117 4269 3282 4337 Sane,
3315 4273 3510 4342 inquit.

1941 4359 2082 4426 Quid
2137 4375 2265 4414 vero
2298 4361 2592 4429 prazterea?
2619 4360 2808 4416 Nonne
2841 4363 3067 4417 omnino
3101 4377 3130 4416 a
3155 4380 3212 4419 se
3241 4363 3514 4433 perfectus

249 4450 320 4502 δι’
352 4449 539 4519 ’ἕτερον
583 4443 721 4502 εἷναί
753 4467 805 4501 τι
844 4451 1144 4521 ἀπροσδεές
1210 4450 1694 4524 [άμήχανον].Π5ἰν
1727 4454 1836 4526 γάρ

1943 4461 2048 4518 est,
2090 4469 2153 4506 ac
2184 4453 2390 4509 nullius
2431 4454 2713 4524 indigens?
2742 4455 2822 4508 Ita
2851 4463 2970 4510 est:
3004 4454 3341 4525 impossibile
3367 4456 3514 4510 enim

247 4540 320 4594 δι’
365 4541 556 4611 ἕτερον
602 4542 803 4613 πλῆρες
841 4542 922 4606 ὃν,
964 4544 1057 4596 καὶ
1101 4543 1290 4606 ἀτελὲς
1331 4544 1550 4598 λεκτέον
1593 4545 1833 4616 ἀνάγκη.

249 4632 333 4686 Th
356 4633 467 4704 γὰρ
500 4633 632 4686 αὐτὸ
663 4633 730 4685 δι’
753 4635 911 4687 ἑαυτὸ
939 4634 1131 4688 ἑαυτοῦ
1168 4633 1440 4706 πλήρωμα
1465 4635 1544 4699 ὃν,
1573 4637 1666 4690 καὶ
1702 4637 1833 4690 αὐτὸ

249 4729 318 4782 ἓν
343 4727 524 4798 ἑαυτῴ
557 4728 734 4797 μόνον,
762 4728 964 4781 τέλειον
987 4725 1124 4782 εἶναι
1154 4727 1311 4782 τοῦτο
1343 4730 1500 4800 μόνον
1525 4729 1826 4794 δοξαστέον.

261 4819 637 4889 ’Δληθέστατα
658 4818 854 4887 λέγεις.
889 4820 960 4872 Τὸ
984 4819 1038 4873 δὲ
1073 4822 1212 4892 μήτε
1245 4821 1375 4874 αὐτὸ
1398 4822 1462 4874 δι’
1488 4823 1668 4887 ἑαυτὸ,
1697 4824 1831 4895 μήτε

325 4968 442 5039 (10)
474 4966 558 5022 Ne
593 4969 689 5023 Ita:
734 4969 1118 5023 conculcantes.
1167 4967 1293 5038 Leg.
1360 4970 1413 5023 in
1461 4968 1553 5023 Gr.
1581 4986 1646 5026 ex
1681 4979 1829 5026 textu

249 5036 464 5108 Evang.
511 5040 944 5094 καταπατοῖηαι.
976 5041 1162 5094 Amica
1212 5036 1296 5094 est
1345 5039 1612 5096 Melltudio
1670 5058 1831 5108 para-

250 5111 493 5178 phrasis.
527 5113 647 5180 _\'ox
685 5126 902 5180 quoque
932 5117 1053 5180 apta
1085 5111 1440 5178 metaphora,
1470 5113 1556 5164 cui
1607 5113 1834 5166 mendo-

249 5195 375 5232 sum
407 5178 540 5252 illud
570 5183 714 5249 quod
746 5178 1135 5252 repraesentant
1167 5181 1457 5250 impressa,
1482 5182 1830 5252 καταφαγοῦ-

248 5265 365 5304 σαι.
401 5251 586 5320 minus
616 5251 886 5320 congruit.

326 5318 457 5392 (il)_
497 5318 609 5375 Nec
633 5318 846 5392 creator
895 5321 1006 5392 sine
1047 5330 1314 5383 creatura,
1358 5321 1390 5392 ἢ
1437 5320 1664 5392 ποιητὴς
1703 5322 1830 5376 ἄνευ

243 5390 598 5464 ποιημάτων.
633 5387 691 5444 ln
723 5391 888 5446 Deum
916 5391 1134 5453 dicitur,
1172 5400 1231 5444 ut
1274 5403 1326 5464 et
1375 5387 1704 5464 antecedens
1740 5393 1834 5464 δη-

241 5461 538 5534 μζιουρςγάς,
569 5475 634 5515 ac
660 5477 1001 5534 consequens
1036 5462 1426 5534 παντοκράτωρ
1453 5481 1466 5515 :
1493 5479 1662 5530 quare
1695 5461 1830 5530 ieju-

1941 4553 2046 4608 est,
2082 4555 2142 4598 ut
2174 4545 2319 4614 quod
2351 4545 2553 4600 nullius
2585 4546 2812 4616 indiget,
2846 4547 2913 4600 ab
2939 4547 3121 4617 aliquo
3144 4548 3252 4601 alio
3279 4564 3386 4602 non
3431 4547 3514 4600 itt-

1941 4637 2237 4707 digentiam
2266 4637 2530 4706 ejusmodi
2557 4638 2768 4694 habeat.
2814 4638 2948 4692 Nam
2999 4640 3264 4710 quidquid
3294 4641 3362 4693 ab
3405 4641 3514 4694 alio

1941 4729 2159 4798 plenum
2209 4737 2293 4785 est
2337 4738 2392 4784 et
2432 4729 2755 4800 perfectum,
2811 4731 2988 4799 ipsum
3044 4746 3260 4801 quoque
3314 4733 3513 4799 imper-

1941 4820 2140 4876 fectum
2181 4822 2288 4877 dici
2339 4837 2563 4877 necesse
2614 4831 2716 4877 est.
2779 4822 2965 4879 Solum
3019 4824 3322 4893 siquidem,
3367 4822 3510 4892 quod

1939 4972 2017 5027 dit
2039 4971 2285 5026 Justinus
2317 4968 2525 5042 Martyr
2551 4970 2627 5042 (a)
2659 4987 2672 5022 :
2700 4981 2759 5025 ιιι
2809 4971 2896 5026 ille
2927 4971 3132 5025 nullius
3177 4970 3403 5042 alterius
3435 4970 3511 5042 in-

1939 5044 2148 5112 digens.
2184 5057 2249 5094 ex
2286 5057 2383 5095 sua
2430 5039 2837 5110 ipsins'virtute
2887 5051 2941 5096 et
2990 5041 3228 5111 potentia
3255 5057 3391 5108 opus
3432 5039 3512 5094 πμ

1940 5115 2081 5178 ciat;
2118 5113 2209 5181 hic
2231 5119 2411 5165 autem
2436 5151 2451 5175 ,
2503 5120 2786 5166 mutuatus
2818 5128 2848 5166 a
2897 5114 3121 5166 materia
3168 5112 3368 5181 opilicii
3399 5112 3512 5165 vir-

1942 5191 2132 5236 tutem.
2168 5180 2281 5236 Hoc
2302 5196 2464 5252 porro
2489 5192 2868 5252 argumentum
2887 5180 3295 5252 Origcnianum,
3329 5183 3512 5236 Achil-

1942 5254 2021 5307 les
2045 5261 2128 5306 est
2158 5251 2318 5306 etiam
2347 5251 2645 5315 Aristoteli,
2675 5254 2740 5306 ad
2771 5251 3015 5308 eamdem
3046 5253 3233 5307 mundi
3261 5263 3512 5307 etmotus

1937 5325 2292 5378 teternitatem
2340 5325 2726 5388 astruendam;
2783 5324 2959 5392 ipsum
3022 5324 3178 5376 valde
3235 5324 3510 5377 infirmum

1939 5408 2040 5464 nec
2097 5394 2230 5448 satis
2283 5392 2505 5464 dignum
2559 5395 2690 5447 tanti
2734 5393 3375 5464 nominisphilosopho,
3419 5393 3510 5449 cui

1937 5462 2080 5534 Deus
2110 5466 2188 5517 sic
2207 5462 2470 5534 ἐμπαθῶς
2503 5473 2646 5532 agat.
2680 5465 2852 5518 Aliter
2879 5463 3176 5518 Christiani
3209 5462 3263 5519 et
3287 5464 3510 5534 dignius

241 5530 380 5582 nius
407 5528 693 5607 S_cliottu_s,
723 5528 875 5596 poeta
904 5533 1016 5607 sine
1045 5528 1327 5607 poematis.
1353 5528 1654 5607 Discrimen
1687 5528 1828 5589 inter
1931 5528 2044 5588 Dco
2071 5534 2152 5602 (ut
2176 5528 2260 5589 est
2290 5535 2406 5588 sola
2438 5528 2563 5589 Deow
2590 5534 2753 5606 digna
2785 5533 3099 5588 Christiana
3123 5534 3332 5607 religio)
3349 5528 3510 5591 didi-

243 5599 485 5670 ποιητὴν
511 5602 606 5653 καὶ
629 5600 956 5672 δημιουργόν
977 5640 990 5663 ,
1024 5617 1090 5656 ex
1121 5600 1362 5656 Platonis
1397 5604 1688 5668 sententia,
1717 5613 1830 5658 tra-

1941 5599 2128 5661 cimus.

309 5713 1969 5830 gagiigi‘giagtjgs‘acciaqgeu;'Eeipicét‘gombeﬁsius,
1996 5729 2167 5788 exstat
2206 5723 2257 5773 in
2301 5721 2496 5776 Cohort.
2535 5724 2600 5774 ad
2633 5726 2810 5787 arma,
2833 5723 2860 5787 §
2883 5723 2962 5787 22,
2987 5730 3134 5788 atque
3161 5726 3366 5790 egregie
3390 5726 3481 5777 illu
3511 5723 3518 5765 ι

239 5781 436 5826 uratur
460 5792 487 5826 a
510 5776 753 5827 llazochio
778 5777 834 5829 Υ.
859 5777 911 5829 C.
938 5778 996 5828 ad
1021 5776 1220 5830 Acta'S.
1257 5778 1435 5832 lustim'
1461 5776 1530 5830 Μ.
1559 5783 1705 5833 αλιι..
1734 5842 1739 5846 ι
