3962 6204
560 299 664 355 335

1534 295 1591 352 S.
1635 295 1968 352 METRODII
2006 295 2312 355 EPISCOPI
2354 299 2439 355 ET
2480 299 2839 356 MARTYRIS

3653 307 3742 361 336

557 424 736 493 ipsum
769 436 797 475 a
831 437 909 486 sc,
936 417 1019 476 sui
1051 417 1223 487 ipsius
1252 416 1530 487 plenitudo
1560 426 1644 473 est
1672 428 1958 491 manetque
1987 420 2043 475 in
2066 435 2111 475 se

2227 422 2357 475 αὐτὸ
2382 422 2574 475 ἑαυτοῦ
2608 422 2880 495 πλήρωμα
2909 422 2998 487 ὃν,
3029 423 3192 495 φαίης
3224 422 3289 477 ἂν
3316 423 3629 495 ἁπροσδεέςς
3655 426 3748 478 οὑ-

555 513 698 585 ipso,
730 512 1029 582 perfectum
1062 510 1394 564 censendum
1428 518 1531 565 est.
1555 508 1853 565 Verissime
1906 526 2117 567 censes.

553 605 694 662 Num
724 619 873 668 vero,
904 601 1047 672 quod
1090 616 1265 671 neque
1291 617 1320 655 a
1350 616 1430 666 se,
1461 617 1637 671 neque
1684 603 1770 657 sui
1804 602 1977 673 ipsius
2008 604 2125 673 ple-

556 693 749 750 nitudo
782 700 886 756 est,
930 692 1134 747 nullius
1173 691 1415 762 indigum
1446 692 1688 747 dixeris?
1720 691 1938 748 Minime
1970 709 2116 748 vero.

558 788 700 842 Deus
731 802 858 855 ergo
890 802 1019 841 num
1048 785 1118 838 ab
1147 785 1253 840 alio
1280 786 1553 857 perfectus
1574 786 2118 842 atstimabitur?Nam

556 877 701 950 quod
731 878 1032 949 perfectum
1060 885 1144 932 est
1191 879 1259 932 ab
1309 879 1436 943 alio.
1472 895 1653 935 nonne
1684 879 1861 950 ipsum
1908 896 2005 950 per
2058 891 2119 931 se

555 970 868 1026 necessario
898 968 1273 1040 imperfectum
1301 970 1422 1026 est?
1447 969 1539 1025 Est
1580 971 1756 1039 plane.
1796 970 1936 1027 Deus
1966 987 2116 1041 ergo,

554 1078 583 1117 a
612 1079 690 1126 se,
710 1078 815 1115 non
848 1062 917 1116 ab
943 1061 1051 1116 alio
1079 1058 1354 1130 perfectus
1369 1061 1705 1131 jndieabitur
1725 1063 1748 1115 ?
1770 1061 2118 1119 Rectissime.

552 1150 743 1207 Nonne
791 1152 937 1207 aliud
990 1159 1075 1207 est
1125 1150 1268 1207 Deus
1314 1168 1344 1207 a
1393 1153 1596 1210 mundo
1657 1156 1806 1226 (l2),
1867 1157 2119 1227 aliudque

551 1242 837 1297 mundusa
866 1241 1279 1301 Deo‘t’Omnino.
1311 1242 1449 1298 Num
1499 1245 1665 1314 igitur
1709 1244 1853 1302 Deus
1897 1255 2120 1317 prepter

550 1334 813 1387 mundum
847 1333 990 1390 Deus
1022 1343 1075 1391 et
1097 1336 1394 1407 perfectus,
1415 1344 1467 1391 et
1496 1335 1698 1406 opifex,
1720 1344 1774 1392 et
1796 1337 2117 1393 universalis

552 1422 813 1480 Dominus
859 1425 1121 1482 dicendus
1177 1427 1298 1483 est?
1339 1426 1692 1498 Nequaquam
1745 1427 1898 1500 (l5);
1946 1438 2006 1484 ut
2051 1444 2118 1486 ne

551 1527 771 1587 prop'er
798 1517 1083 1583 mundum,
1119 1519 1416 1589 prtesertim
1443 1521 1780 1585 mutabilem,
1804 1537 1912 1577 non
1943 1522 2057 1591 ipse
2085 1537 2115 1576 a

549 1624 625 1672 se,
652 1623 750 1679 per
769 1623 827 1663 se
853 1608 1125 1680 perfectus
1144 1611 1470 1665 inveniatur.
1486 1609 1735 1682 Congrue
1749 1626 1894 1667 vero.
1917 1611 2116 1679 Quam-

545 1723 731 1777 obrem
783 1722 935 1778 dives
989 1740 1168 1779 nonne
1222 1709 1440 1795 propter
1484 1724 1703 1780 divitias
1734 1725 1886 1782 dives
1927 1725 2114 1797 appel—

546 1813 740 1867 landus
768 1814 892 1868 est?
941 1812 1124 1872 Recte.
1151 1815 1291 1882 Quid
1321 1831 1448 1871 vero
1503 1816 1742 1886 sapiens,
1774 1832 1956 1872 nonne
1985 1817 2115 1873 sub-

546 1901 818 1957 stantialis
848 1903 996 1958 illius
1029 1904 1309 1973 sapientia:
1350 1904 1659 1977 participio,
1698 1920 1810 1960 non
1841 1907 2110 1964 exsistens

544 1995 661 2065 ipse
699 1996 987 2066 sapientia,
1019 1995 1235 2067 sapiens
1286 1999 1671 2069 nuncupatur?
1705 2000 1786 2054 lta
1827 2015 1977 2056 sane.
2028 2001 2112 2056 An

547 2100 677 2155 ergo
706 2095 760 2142 et
788 2086 953 2151 Deus,
975 2088 1066 2158 qui
1116 2088 1187 2143 sit
1214 2087 1359 2142 aliud
1384 2103 1416 2143 a
1441 2089 1644 2144 mundo
1661 2130 1677 2157 ,
1703 2103 1768 2145 ea
1805 2091 2035 2156 ratione,
2059 2098 2113 2146 et

544 2180 697 2237 dives
715 2190 936 2253 propter
970 2184 1231 2239 mundum
1263 2193 1317 2240 et
1349 2185 1644 2251 beneﬁcus,
1690 2192 1745 2241 et
1773 2186 1975 2257 opifex,
2016 2203 2114 2241 vo-

543 2275 753 2331 candus
778 2275 975 2332 fuerit?
1002 2274 1382 2347 Nequaquam;
1418 2294 1605 2349 apage.
1638 2277 1757 2349 ipse
1810 2279 1975 2350 igitur
2002 2294 2114 2335 suae

543 2365 744 2422 divitiae
780 2374 886 2433 est,
924 2376 1084 2437 atque
1113 2382 1144 2420 a
1181 2382 1239 2422 se
1276 2367 1395 2437 ipso
1421 2367 1575 2423 dives
1600 2376 1686 2423 est
1714 2377 1762 2423 et
1793 2376 2003 2437 potens.
2034 2369 2113 2423 ita

543 2459 776 2515 videtur.
810 2456 1010 2514 Eratne
1046 2461 1206 2513 etiam
1233 2466 1359 2512 ante
1402 2459 1590 2513 mundi
1624 2459 1958 2514 molitionem
1989 2461 2113 2515 nul-

544 2551 654 2606 lius
693 2549 962 2621 indigens,
991 2552 1137 2607 velut
1161 2551 1253 2619 qui
1295 2549 1474 2618 Pater,
1506 2560 1561 2606 et
1600 2550 1864 2608 Dominus
1896 2554 2113 2607 univer-

545 2643 700 2704 salis,
734 2642 1024 2713 opifexque
1050 2650 1224 2709 esset;
1261 2643 1397 2697 adeo
1440 2650 1518 2708 ut,
1551 2658 1582 2697 a
1604 2660 1683 2706 se,
1718 2661 1827 2700 non
1886 2645 1954 2699 ab
2006 2645 2112 2702 alio

542 2734 617 2790 sit
669 2731 854 2788 omnia
900 2733 1050 2788 inec?
1084 2732 1174 2790 Sic
1203 2741 1351 2789 certe
1391 2750 1619 2792 necesse
1664 2744 1766 2793 est.
1801 2735 1937 2790 Nam
1992 2738 2037 2792 si
2081 2751 2113 2791 a

545 2824 771 2888 mundo,
817 2839 926 2879 non
963 2825 1079 2896 ipse
1110 2840 1141 2879 a
1171 2840 1230 2881 se
1255 2868 1270 2892 ,
1317 2826 1411 2895 qui
1444 2826 1516 2882 sit
1551 2828 1691 2883 alius
1715 2842 1745 2882 a
1774 2828 1998 2893 mundo,
2028 2829 2114 2883 in-

545 2915 880 2985 telligeretur
912 2913 1171 2971 Dominus
1210 2916 1587 2973 universorum
1618 2917 1773 2990 (pace
1807 2927 1919 2985 tua,
1948 2919 2111 2987 Deus,

545 3019 709 3074 cogor
764 3003 846 3059 sic
889 3001 1086 3076 loqui),
1112 3005 1227 3074 ipse
1270 3019 1367 3074 per
1420 3020 1479 3060 se
1531 3005 1881 3076 imperfectus
1939 3016 2111 3071 esset,

545 3098 720 3167 iisque
771 3095 1068 3167 indigeret,
1125 3110 1155 3149 a
1203 3095 1402 3167 quibus
1471 3095 1734 3154 Dominus
1788 3098 2113 3154 universalis

2143 1772 2186 1826 Β

2220 514 2423 584 δαμῶς.
2451 515 2563 568 Οὐκ
2593 510 2700 586 ἄρα
2730 516 2759 568 ό
2785 514 2916 578 Θεὸς
2940 514 3140 580 τέλειος
3168 515 3255 569 διά
3281 532 3330 567 τι
3360 514 3745 587 νομισθήσεται;

2227 610 2291 662 '0
2322 608 2431 680 γὰρ
2454 608 2542 662 διά
2574 626 2626 661 τι
2662 608 2866 662 τέλειόν
2905 610 3071 671 ἐστιν,
3101 608 3231 661 αὐτὸ
3258 608 3378 662 καθ’
3406 608 3561 662 ἑαυτὸ
3582 608 3745 673 ἀτελὲς

2219 701 2433 772 ἀνάγκη
2457 700 2760 772 τυγχάνειν.
2793 699 3002 753 Οὐκοῦν
3027 699 3120 753 καὶ
3146 702 3176 754 ό
3209 699 3339 763 Θεὸς
3372 700 3530 764 αὐτὸς
3552 700 3612 753 δι’
3632 702 3746 754 ἑαυα-

2218 790 2308 844 τὸν
2334 792 2556 857 τέλειος,
2589 790 2702 845 ἀλλ’
2736 792 2797 844 οὐ
2838 790 2905 844 δι’
2928 790 3113 865 ἕτερον
3143 791 3546 863 λογισθήσεται;
3581 791 3745 862 Ὀρθόο

2217 900 2373 937 τατα.
2409 883 2630 954 Ἕτερον
2654 882 2783 946 Θεὸς
2812 882 3036 953 κόσμου,
3060 882 3151 936 καὶ
3173 883 3355 954 ἕτερον
3387 882 3582 954 κόσμος
3598 882 3746 949 Genii;

2218 975 2521 1041 Παντελῶς.
2557 977 2670 1031 Οὐκ
2693 972 2801 1049 ἆρα
2830 977 3033 1031 τέλειον
3056 975 3249 1045 φατέον
3265 1015 3279 1039 ,
3305 976 3400 1029 καὶ
3427 976 3489 1047 δη
3499 975 3747 1046 μιουργδν,

2218 1077 2312 1131 καὶ
2343 1077 2777 1149 παντοκράτορα,
2810 1076 2897 1131 διὰ
2940 1076 3141 1147 κόσμον
3182 1073 3272 1127 τὸν
3301 1071 3465 1135 Θεόνς
3499 1067 3588 1121 Οὔ·
3618 1068 3751 1130 ὅπως

2219 1172 2343 1245 [μὴ]
2386 1173 2452 1227 δι’
2488 1173 2710 1238 ἑαυτὸν,
2739 1170 2874 1226 ἀλλὰ
2911 1169 3034 1244 [μὴ]
3077 1167 3167 1222 διὰ
3206 1166 3429 1236 κόσμον,
3469 1160 3560 1216 καί
3597 1158 3750 1213 ταῦτα

2216 1264 2466 1334 τρεπτδν,
2493 1264 2652 1329 αὐτὸς
2684 1262 2802 1317 καθ’
2826 1261 3013 1316 ἑαυτὸν
3034 1259 3235 1322 τέλειος
3258 1255 3573 1326 εὑρίσκοιτο.
3595 1251 3751 1323 Προσ-

2216 1356 2476 1427 ηκόντως.
2496 1356 2561 1409 Τί
2584 1355 2672 1421 δέ;
2700 1356 2791 1409 τὸν
2809 1353 3056 1409 πλούσιον
3074 1351 3161 1404 διὰ
3185 1351 3275 1403 τὸν
3303 1345 3530 1401 πλοῦτον
3553 1341 3750 1397 λεκτέον

2217 1448 2499 1514 πλούσιον;
2532 1447 2757 1519 Ὀρθῶς.
2779 1448 2887 1502 Καὶ
2914 1447 3003 1501 τὸν
3041 1443 3203 1514 σοφὸν
3232 1440 3371 1495 κατὰ
3408 1435 3627 1509 μετοχὴν
3658 1433 3749 1505 τῆς

2215 1539 2499 1603 οὐσιὼδους
2518 1539 2726 1610 σοφίας,
2748 1541 2847 1593 οὐκ
2867 1538 3026 1593 αὐτὸν
3049 1534 3237 1604 σοφίαν
3255 1532 3401 1594 ὅντα,
3425 1528 3579 1598 σοφὸν
3595 1543 3751 1599 apoc-

2215 1631 2497 1705 γορευτέον
2517 1631 2577 1702 (Ῑ.
2592 1631 2873 1703 προσαγ-);
2888 1628 2994 1682 Ναί
3006 1662 3019 1675 ι
3041 1628 3107 1681 Τί
3122 1626 3177 1679 δέ
3193 1641 3207 1691 ;
3223 1624 3317 1678 καὶ
3337 1623 3427 1677 τὸν
3443 1620 3569 1675 Θεὸν
3583 1620 3750 1689 ἕτερον

2215 1725 2342 1778 ὄντα
2368 1725 2594 1794 κόσμου,
2633 1722 2721 1776 διὰ
2746 1722 2948 1791 κόσμον
2986 1719 3159 1792 ταύτῃ
3196 1716 3448 1770 πλούσιον
3490 1712 3583 1766 καὶ
3608 1710 3750 1780 εὐερ-

2213 1815 2377 1887 γέτην
2425 1816 2518 1869 καὶ
2548 1813 2877 1885 δημιουργὸν
2915 1809 3171 1882 κλητέον;
3221 1806 3503 1878 Οὐδαμῶς·
3550 1802 3749 1872 amyci

2214 1906 2424 1961 Οὐκοῦν
2461 1904 2622 1967 αὐτὸς
2656 1902 2846 1956 ἑαυτοῦ
2875 1901 3124 1966 πλοῦτος,
3155 1901 3248 1955 καὶ
3283 1899 3350 1952 δι’
3383 1895 3567 1952 ἑαυτὸν
3605 1892 3755 1948 πλού-

2215 2016 2327 2063 σιος
2361 1999 2455 2051 καὶ
2481 1997 2700 2061 δυνατὸς
2720 1995 2995 2065 τυγχάνει.
3023 1995 3257 2047 Ἔοικεν.
3287 1988 3396 2044 Ἦν
3415 1991 3523 2062 ἄρα
3546 1988 3634 2043 καὶ
3653 1985 3754 2058 πρδ

2214 2090 2417 2161 κόσμου
2452 2088 2626 2158 πάντη
2666 2087 2988 2159 ἀπροσδεὴς,
3015 2085 3091 2139 ὢν
3124 2085 3216 2139 καὶ
3242 2083 3430 2154 Πατὴρ
3453 2081 3547 2135 καὶ
3570 2096 3755 2134 παντο-

2213 2184 2452 2255 κράτωρ,
2476 2180 2569 2234 καὶ
2585 2179 2930 2250 δημιουργὸς,
2952 2179 3098 2240 ὅπως
3124 2175 3283 2239 αὐτὸς
3307 2173 3372 2227 δι’
3398 2172 3603 2237 ἑαυτὸν,
3629 2169 3756 2224 ἀλλὰ

2216 2275 2290 2346 μὴ
2314 2274 2378 2328 δι’
2405 2274 2586 2345 ἕτερον
2610 2271 2785 2325 ταῦτα
2809 2267 2876 2343 ᾖ;
2922 2269 3177 2338 Ἀνάγκη.
3204 2268 3266 2326 Et
3289 2265 3398 2337 γὰρ
3423 2264 3511 2319 διὰ
3544 2263 3755 2335 κόσμον,

2211 2368 2306 2421 καὶ
2332 2366 2451 2437 οὐχὶ
2475 2365 2540 2418 δι’
2570 2363 2760 2417 ἑαυτὸν
2798 2362 2981 2433 ἕτερος
3020 2359 3096 2415 ὣν
3127 2358 3266 2431 [καὶ]
3305 2359 3508 2430 κόσμου
3528 2399 3543 2425 ,
3570 2373 3757 2410 παντοο

2211 2458 2433 2529 κράτωρ
2464 2455 2784 2528 γνωρίζοιτο
2809 2451 3157 2525 (συγγνώμην
3185 2454 3214 2505 ό
3249 2451 3380 2514 Θεὸς
3400 2491 3415 2513 ,
3469 2448 3761 2519 ἀναγκάζο-

2215 2569 2311 2622 μαι
2337 2550 2444 2619 γὰρ
2470 2547 2627 2602 τοῦτο
2658 2546 2874 2617 είπεῖν),
2897 2544 3057 2609 αὐτὸς
3086 2542 3203 2597 καθ’
3234 2542 3420 2596 ἑαυτὸν
3435 2540 3627 2613 ἀτελὴς
3646 2538 3757 2612 [ἂν]

2212 2643 2306 2695 καὶ
2339 2640 2603 2713 προσδεὴς
2649 2636 2873 2703 τούτων,
2923 2635 3074 2691 δι’“ἃ
3117 2634 3507 2706 παντοκράτωρ
3547 2633 3639 2688 καὶ
3670 2631 3764 2702 δηο

2215 2731 2470 2803 μιουργός
2494 2732 2640 2783 ἐστιν
2669 2727 2978 2800 ὑπερφυῶς.
3016 2728 3127 2780 Οὐκ
3159 2725 3266 2798 ἄρα
3292 2724 3609 2780 ἀποδεκτέον
3636 2721 3766 2776 tati-

2210 2842 2309 2896 την
2334 2825 2433 2897 τὴν
2465 2822 2702 2895 ὀλέθριον
2728 2822 3000 2893 ἁμαρτίαν
3032 2839 3097 2874 πε
3108 2821 3158 2892 pl.
3186 2819 3322 2874 Θεοῦ
3347 2819 3452 2872 τῶν
3484 2818 3763 2887 λεγόντων,

2213 2916 2625 2987 παντοκράτορα
2671 2916 2764 2970 καὶ
2809 2915 3133 2985 δημιουργὸν
3181 2913 3267 2967 διὰ
3312 2913 3380 2967 τὰ
3427 2910 3767 2985 κρατούμενα

2212 3007 2305 3061 καὶ¹
2334 3004 2801 3078 δημιουργούμενα
2825 3003 3051 3077 τρεπτὰ,
3081 3002 3194 3056 ἀλλῗ
3224 3004 3286 3056 οὐ
3321 3003 3389 3057 δι’
3418 3001 3604 3056 ἑαυτὸν
3626 2997 3767 3059 εἶναι

2212 3099 2303 3153 τὸν
2330 3098 2481 3154 Θεόν.

544 3200 840 3263 auctorque
865 3191 1097 3247 mirabili
1129 3192 1337 3247 ratione
1358 3199 1523 3249 esset.
1558 3192 1653 3250 Est
1676 3209 1804 3264 ergo
1836 3194 2176 3265 perniciosus
2209 3195 2300 3250 ille
2330 3210 2486 3251 error
2539 3194 2886 3266 rejiciendus,
2949 3194 3244 3251 dicentium
3285 3192 3343 3248 in
3396 3189 3564 3249 Deum
3589 3227 3608 3257 ,
3658 3205 3773 3247 neu

544 3289 720 3359 ipsum
770 3302 800 3342 a
838 3302 917 3354 se,
946 3286 1041 3344 sed
1071 3302 1102 3342 a
1130 3286 1392 3358 subjectis
1440 3289 1604 3346 rebus
1647 3299 1700 3344 et
1735 3291 1955 3355 creatis,
1989 3306 2111 3361 qua:
2164 3299 2291 3345 sunt
2323 3292 2606 3347 mutationi
2657 3291 2922 3357 obnoxiae,
2957 3291 3319 3346 universalem
3358 3287 3646 3344 Dominum
3707 3300 3775 3342 ac

542 3390 842 3447 creatorem
864 3399 1004 3439 esse.

611 3474 702 3533 Ill.
732 3476 906 3531 Etiam
936 3477 1008 3530 ita
1037 3477 1384 3534 ratiocinare.
1414 3475 1472 3533 Si
1513 3481 1752 3546 tandem,
1782 3481 1986 3551 inquis,
2012 3480 2111 3537 ali-

2281 3476 2354 3530 I".
2391 3475 2529 3546 Ὅρα
2561 3473 2616 3529 δὲ
2642 3475 2735 3529 καὶ
2766 3471 2888 3531 ὧδε.
2919 3476 2982 3529 El
3016 3473 3258 3545 ὕστερον,
3290 3474 3442 3545 ἔφης,
3478 3475 3775 3547 πεποίηται

542 3567 762 3640 quando
791 3577 1009 3624 creatus
1040 3577 1123 3624 est
1153 3570 1411 3635 mundus,
1449 3586 1573 3626 cum
1606 3573 1758 3642 prius
1791 3589 1899 3628 non
1927 3579 2106 3641 esset;

542 3677 772 3718 necesse
814 3668 919 3725 est,
950 3661 1243 3718 immunem
1275 3662 1443 3718 Deum
1473 3678 1502 3716 a
1536 3667 1790 3734 passione
1819 3674 1873 3719 et
1914 3665 2111 3718 altera-

542 3756 710 3821 tione,
744 3752 964 3807 mutari.
1011 3750 1221 3824 Quippe
1254 3762 1486 3824 oportet,
1520 3754 1805 3808 mutationi
1835 3755 2110 3809 alteratio-

544 3846 709 3916 nique
732 3844 1030 3914 subjaceat,
1065 3847 1157 3916 qui
1188 3846 1256 3900 ab
1283 3847 1394 3901 otio
1432 3847 1796 3920 postmodum
1850 3845 1918 3900 ad
1971 3861 2109 3916 opus

544 3935 808 4006 procedit.
856 3934 991 3990 Nam
1024 3936 1267 3990 dicebam
1319 3936 1430 4008 (14)
1464 3936 1858 4006 :Requievitne
1886 3934 2026 3992 Deus
2077 3953 2109 3992 a

545 4028 733 4084 mundi
779 4029 1073 4093 creatione,
1128 4029 1341 4084 necne?
1376 4028 1519 4085 Sane
1568 4029 1869 4099 requievit:
1907 4030 2108 4099 alioqui

544 4120 689 4174 enim
718 4119 950 4173 necdum
980 4119 1027 4173 is
1076 4126 1222 4173 esset
1272 4121 1569 4190 perfectus.
1607 4118 1681 4172 Ita
1715 4129 1818 4176 est.
1873 4119 1931 4173 Si
1978 4135 2106 4190 ergo

545 4210 750 4265 creatio
797 4224 828 4262 a
882 4224 991 4263 non
1036 4209 1311 4264 creatione
1357 4208 1466 4264 Deo
1509 4211 1879 4265 alterationem
1933 4209 2104 4275 affert,

544 4313 727 4354 nonne
752 4297 914 4352 etiam
947 4312 1056 4352 non
1089 4297 1294 4351 creatio
1327 4311 1357 4349 a
1405 4297 1714 4351 creatione?
1745 4295 1821 4350 ita
1860 4312 2103 4367 prorsus.

544 4390 759 4446 Dixeris
789 4404 918 4443 vero
944 4396 1236 4453 mutatum,
1270 4388 1413 4458 quod
1467 4404 1576 4444 non
1628 4396 1775 4442 creet
1807 4390 1985 4453 hodie,
2042 4404 2107 4444 eo

545 4481 689 4553 quod
732 4479 1024 4551 aliquando
1056 4480 1301 4534 crearet?
1355 4478 1729 4549 Nequaquam.
1762 4478 1947 4550 Neque
1978 4495 2108 4548 ergo

543 4582 629 4630 est
680 4573 1002 4629 necessitate
1044 4579 1281 4628 mutatus
1330 4570 1566 4626 creando
1623 4571 1917 4635 mundum,
1963 4571 2108 4643 quod

543 4664 707 4720 fuerit
734 4664 951 4735 quando
980 4678 1088 4718 non
1116 4672 1345 4717 crearet.
1377 4662 1551 4730 Atque
1599 4660 1734 4715 adeo
1763 4675 1873 4716 non
1920 4678 2109 4718 neces-

648 4774 729 4843 l‘Z)
766 4772 952 4828 Nonne
982 4772 1129 4826 aliud
1158 4782 1234 4826 est
1265 4770 1405 4825 Deus
1448 4788 1481 4843 ᾳ
1510 4770 1726 4835 mundo,
1757 4779 1891 4835 etc.,
1918 4772 2106 4843 ἕτερον

544 4841 677 4907 Θεὸς
710 4841 949 4914 κόσμους
984 4844 1124 4909 Quid
1154 4843 1403 4914 planius?
1434 4841 1681 4914 Ostendit
1710 4857 1818 4914 non
1852 4857 1970 4896 esse
2014 4841 2105 4897 Dei

545 4912 931 4980 perfectionem
968 4930 995 4966 a
1028 4914 1250 4975 mundo,
1291 4913 1383 4981 qui
1417 4913 1487 4966 sit
1532 4912 1677 4965 aliud
1706 4913 1774 4966 ab
1807 4912 1957 4979 ipso;
1981 4927 2105 4966 cum

543 4985 726 5038 divina
758 4992 812 5038 et
841 4984 1088 5037 absoluta
1124 4983 1418 5051 perfectio,
1461 4984 1529 5036 ab
1575 4983 1695 5050 ipso
1741 4981 1899 5049 cujus
1928 4991 2011 5036 est
2054 4989 2108 5035 et

530 5063 763 5125 propter
812 5055 987 5122 ipsum
1040 5050 1232 5125 debeat
1286 5069 1424 5125 esse.
1483 5050 1779 5125 Scltottus:
1816 5051 2001 5125 Nonne
2032 5062 2108 5106 est

544 5122 692 5176 aliud
728 5124 860 5175 Deus
891 5122 1089 5184 mundi,
1123 5135 1251 5191 etc.,
1290 5123 1427 5177 ftcdn
1465 5131 1610 5177 certe
1632 5122 1897 5177 barbarie.

619 5193 731 5263 (15)
761 5191 1126 5263 Nequaquam,
1158 5193 1219 5245 οὐ
1255 5195 1350 5263 μή.
1415 5191 1505 5247 Sic
1547 5192 1704 5263 facile
1744 5202 1920 5263 potest
1952 5192 2113 5247 resti-

548 5260 637 5333 tur
658 5260 863 5333 littera,
883 5260 1090 5317 reddita
1119 5260 1375 5328 particula
1409 5266 1479 5333 μή
1512 5280 1613 5317 suo
1638 5260 1780 5328 loco,
1806 5280 1976 5333 eoque
1998 5279 2104 5316 non

547 5331 744 5385 inutili.
780 5330 937 5387 Velut
978 5333 1273 5388 adversarii
1321 5330 1605 5403 responsio
1654 5335 1725 5388 sit
1753 5336 1819 5388 ab
1847 5330 1913 5387 iis
1935 5334 2105 5402 parti-

547 5403 977 5475 culisnsqueatl
1022 5405 1241 5459 verbum
1273 5403 1597 5475 εὑρίσκοιτο,
1633 5408 1718 5457 cui
1752 5405 1896 5457 velut
1922 5411 2106 5475 gratu-

547 5473 669 5546 lans
701 5471 1001 5528 Methodius
1030 5471 1428 5545 subjungat'cb
1474 5475 1875 5546 προσηκόντως,
1916 5471 1979 5527 ac
2028 5472 2104 5526 ita

548 5543 886 5611 interrogare
918 5555 1122 5612 pergat.

621 5613 729 5684 (Η)
766 5613 906 5665 Nam
947 5615 1200 5684 dicebam,
1240 5613 1421 5679 ἔλεγον
1457 5614 1584 5684 γάρ.
1621 5612 1839 5682 Replica
1882 5621 1965 5669 est
1996 5611 2107 5684 Me-

550 5682 742 5746 thodii,
778 5682 972 5751 quaad
999 5685 1267 5736 hominem
1298 5682 1545 5751 infringit
1564 5692 1937 5752 argumentum
1986 5682 2106 5737 Ori-

552 5755 724 5823 genis,
748 5752 1046 5824 probatque
1072 5752 1210 5823 idem
1234 5752 1387 5820 sequi
1417 5752 1819 5808 incommodum
1847 5769 1908 5808 ex
1935 5754 2105 5824 ipsius

2138 4824 2180 4879 D

2209 3570 2239 3623 ὁ
2271 3568 2490 3639 κόσμος,
2530 3567 2604 3640 μὴ
2636 3568 2895 3641 πρότερον
2919 3566 3014 3631 ὢν,
3049 3566 3402 3637 μεταϐάλλειν
3431 3567 3645 3639 ἀνάγκη
3680 3570 3775 3622 τὸν

2209 3657 2395 3728 ἀπαθῆ
2447 3657 2540 3710 καὶ
2603 3657 2950 3711 ἀναλλοίωτον
3007 3655 3158 3709 Θεόν.
3208 3656 3310 3709 Τὸν
3358 3657 3466 3727 γὰρ
3511 3656 3778 3711 ποιοῦντα

2210 3750 2471 3823 πρότερον
2504 3746 2664 3819 μηδὲν
2684 3788 2698 3814 ,
2730 3746 2951 3817 ὕστερον
2995 3746 3051 3800 δὲ
3091 3746 3198 3800 ἀπὸ
3228 3746 3320 3801 τοῦ
3369 3747 3443 3819 μὴ
3475 3750 3651 3802 ποιεῖν
3696 3752 3779 3813 είς

2207 3842 2268 3895 τὸ
2302 3844 2474 3895 ποιεῖν
2510 3840 2639 3910 (15),
2669 3838 3014 3909 μεταϐάλλειν
3046 3840 3138 3892 καὶ
3165 3839 3501 3897 ἀλλοιοῦσθαι
3530 3842 3777 3913 ἀνάγκη.

2213 3933 2435 4002 Ἔλεγον
2461 3932 2586 4004 γάρ·
2621 3930 2900 3984 Πέπαυται
2940 3929 2995 3983 δὲ
3040 3930 3132 3983 τοῦ
3164 3935 3333 3985 ποιεῖν
3366 3931 3457 3984 τὸν
3495 3932 3707 4003 κόσμον
3750 3936 3784 3988 ό

2207 4025 2358 4089 Θεὸς,
2393 4025 2425 4095 ἢ
2457 4022 2555 4089 ob;
2591 4023 2901 4077 Πέπαυταιο
2937 4020 3088 4076 οὓπω
3118 4022 3224 4094 γὰρ
3252 4019 3321 4095 ἦν
3351 4025 3787 4096 τετελειωμένος

2207 4116 2292 4171 ἄν.
2334 4116 2572 4187 ’Δληοές.
2606 4116 2667 4169 Εἰ
2699 4110 2790 4168 οὖν
2829 4114 2890 4168 τὸ
2919 4119 3090 4168 ποιεῖν
3116 4117 3180 4168 ὲκ
3212 4114 3306 4168 τοῦ
3350 4116 3423 4187 μὴ
3455 4119 3631 4169 ποιεῖν
3681 4118 3791 4170 ἀλ-

2206 4210 2421 4265 λοίωσιν
2464 4208 2558 4262 τοῦ
2604 4208 2740 4261 Θεοῦ
2786 4207 3243 4279 καταψηφίζεται,
3286 4211 3406 4279 οὐχὶ
3452 4209 3543 4263 καὶ
3590 4209 3656 4261 τὸ
3694 4210 3784 4281 μὴ

2208 4306 2377 4357 ποιεῖν
2404 4305 2467 4355 ὲκ
2494 4301 2589 4356 τοῦ
2633 4305 2839 4366 ποιεῖν;
2880 4301 3135 4373 ’Δνὰγκη.
3177 4301 3518 4355 Ἦλλοιῶσθαι
3563 4301 3626 4355 δὲ
3672 4303 3789 4356 αὒ-

2206 4394 2297 4449 τδν
2349 4395 2512 4465 φαίης
2569 4394 2643 4466 μὴ
2698 4393 2949 4447 ποιοῦντα
3014 4398 3248 4465 σήμερον
3296 4397 3423 4467 παρ’
3473 4394 3501 4446 ὂ
3545 4390 3619 4467 ἦν
3654 4397 3794 4451 σὸτε

2208 4487 2412 4552 ἐποίει;
2444 4486 2726 4557 Οὐδαμῶς.
2777 4486 2896 4539 Οὐδ’
2944 4486 3051 4557 ἄρα
3089 4487 3177 4540 ὅτε
3228 4490 3370 4540 ποιεῖ
3408 4488 3498 4540 τὸν
3529 4488 3795 4559 κόσμον.

2207 4578 2527 4647 ἠλλοιῶσθαι
2559 4578 2719 4631 αὐτὸν
2748 4578 2978 4648 ἀνάγκη,
3009 4579 3136 4649 παρ’
3164 4576 3192 4630 ὃ
3217 4573 3284 4649 ἦν
3311 4580 3399 4631 ὅτε
3441 4580 3556 4633 οὐκε
3575 4581 3795 4635 ἐποίειο

2208 4672 2301 4725 καὶ
2330 4670 2453 4724 οὔτε
2491 4672 2703 4740 ἀνάγκη
2738 4670 3098 4741 συνυπάρχειν
3143 4670 3291 4741 αὐτῷ
3327 4672 3391 4724 τὸ
3428 4674 3536 4726 πᾶν
3577 4673 3670 4726 δεῖ
3700 4674 3805 4727 λέ-

2209 4782 2507 4847 sententia,
2560 4781 2628 4852 ab
2665 4782 2806 4844 otio,
2853 4789 3111 4851 sequente
3150 4797 3307 4851 Opus.
3341 4781 3485 4852 quod
3523 4783 3653 4852 ipse
3695 4800 3809 4839 os-

2210 4853 2381 4905 tendit
2404 4853 2471 4904 ab
2525 4851 2736 4915 eodem,
2788 4852 2838 4906 id
2884 4854 3060 4922 ipsum
3101 4851 3454 4921 prmcederite.
3504 4851 3809 4910 St‘ltottus

2208 4922 2354 4975 nulla
2381 4923 2763 4976 consecutione
2804 4924 2856 4976 in
2889 4924 3045 4977 tertia
3076 4923 3313 4990 accipit:
3350 4922 3807 4989 dicebantenim,

2209 4992 2315 5046 nisi
2339 4994 2544 5070 prelum
2576 4993 2714 5070 male
2738 4993 2975 5070 sudavit,
3002 4993 3465 5070 scripsitqneipse
3493 4990 3765 5070 dicebam
3786 5011 3809 5047 :

2210 5062 2370 5130 quam
2406 5072 2583 5115 tamen
2611 5062 2750 5130 piam
2784 5063 3150 5132 eonjectnram
3182 5063 3419 5130 depellit,
3452 5064 3607 5131 quod
3652 5079 3811 5131 pau-

2211 5133 2292 5185 cis
2324 5140 2443 5199 post
2493 5132 2649 5184 lineis
2682 5134 2866 5187 eadem
2891 5131 3188 5186 ’ost-itantia
3237 5141 3440 5201 peccat,
3485 5131 3584 5185 ubi
3617 5136 3817 5187 etiam

2211 5217 2405 5255 novam
2456 5202 2832 5256 transitionem
2877 5203 3023 5255 illam
3070 5202 3416 5256 Metliodiiad
3465 5216 3685 5256 novam
3718 5204 3823 5256 in-

2213 5272 2466 5325 stantiam
2496 5270 2626 5324 :Kat
2659 5288 2746 5340 μοι
2776 5270 2903 5338 φάθι
2934 5272 3026 5324 καὶ
3067 5264 3189 5334 ὦδε,
3237 5274 3316 5326 sic
3350 5272 3527 5325 reddit
3570 5290 3585 5325 :
3624 5274 3822 5339 Atqui

2210 5342 2286 5395 sic
2344 5356 2540 5421 mecrtrn
2602 5340 2888 5421 disputent.
2941 5342 3259 5411 Quanquam
3314 5342 3681 5421 etrir|1_trotat
3754 5343 3829 5397 in

2213 5425 2405 5481 marg.,
2436 5410 2533 5462 cu.
2559 5412 2726 5477 φασί,
2756 5412 2970 5480 planum
3008 5423 3186 5467 tamen
3215 5419 3298 5464 est
3325 5427 3446 5467 esse
3480 5412 3825 5464 lectionem

2211 5479 2357 5559 illam
2402 5481 2753 5559 mendosam,
2791 5497 2890 5559 nec
2943 5480 3326 5552 Origenianum
3386 5493 3830 5551 argumentum

2210 5550 2476 5610 inchoari,
2510 5550 2605 5605 sed
2638 5550 3058 5607 Methodianunl;

2265 5620 2392 5702 (f5)
2417 5623 2519 5701 Eic
2546 5619 2608 5673 τὸ
2633 5619 2841 5702 ποιεῖν.
2885 5621 3044 5679 Deest
3077 5619 3497 5692 προεληλυθότα,
3548 5628 3669 5675 aut
3704 5619 3835 5675 aii-

2206 5690 2341 5762 qnid
2376 5690 2707 5762 hujusmodi.
