3972 6212
280 251 383 308 337

1536 253 1630 307 sx
1666 252 1872 310 uano
1908 253 1995 308 DE
2028 227 2342 313 caenis.

3427 265 3530 319 οδε

280 386 425 441 γιιν,
458 369 546 425 διά
569 370 630 424 τὸ
657 368 733 442 μὴ
764 369 1168 439 ἀναγκάζεσθαι
1196 371 1375 443 λέγειν
1398 372 1741 445 ἠλλοιῶσθαι,
1771 377 1831 430 ὅτ

1956 391 2077 431 sum
2121 376 2444 433 habebimus
2474 374 2631 431 fateri
2658 375 2973 434 universum
3029 376 3140 434 Deo
3169 377 3528 445 coexsisterc,

283 463 557 518 συναῐδιον
590 462 657 516 δι’
684 462 817 517 αὐτὸ
843 462 1019 519 τοῦτο.

351 639 429 693 Δ’.
462 637 572 692 Καί
621 656 710 709 μοι
753 640 883 709 φάθι
924 642 1016 696 καὶ
1057 635 1179 697 ὧδε·
1219 646 1450 718 Γενητὸν
1486 646 1548 701 τὸ
1590 648 1665 719 μὴ
1706 648 1857 718 γενέ-

278 740 421 790 σεως
463 727 585 798 ἔχον
630 728 806 800 ἀρχὴν
858 731 1020 803 φαίης
1063 732 1163 809 ay;
1212 735 1284 788 Οὐ
1328 735 1483 807 δῆτα.
1519 738 1581 791 El
1625 738 1733 810 γὰρ
1778 739 1854 812 μὴ

277 817 573 873 ὑποπίπτει
630 820 895 888 γενέσεως
947 822 1124 894 ἀρχῇ,
1177 824 1235 891 ἐξ
1288 826 1533 899 ἀνάγκης
1592 828 1853 900 ἀγένητόν

277 908 448 961 ἐστιν.
481 909 546 962 Εἰ
585 910 642 964 δὲ
683 912 926 982 γέγονεν,
962 914 1064 967 ὑπὸ
1109 915 1281 967 αἰτίου
1324 918 1467 981 τινὸς
1506 917 1663 982 δίδως
1705 917 1853 992 αὑτῷ

280 1002 584 1070 γεγονέναι.
618 1004 800 1077 Πάντη
829 1006 937 1077 γάρ
966 1006 1222 1061 ἀδύνατον
1244 1010 1413 1080 χωρὶς
1439 1011 1611 1063 αἰτίου
1644 1011 1853 1080 γένεσιν

279 1097 454 1169 ἔχεινς
507 1098 809 1157 ’Δδύνατον.
841 1103 1058 1174 Κόσμον
1086 1104 1149 1175 δὴ
1178 1102 1290 1169 οὖν,
1335 1106 1429 1159 καὶ
1461 1106 1559 1158 ὃσα
1587 1108 1645 1159 ὲν
1682 1104 1848 1177 αὐτῷ,

279 1189 400 1260 μῶν
445 1190 603 1245 ἄλλου
650 1192 795 1255 τινὸς
848 1194 881 1265 ἢ
932 1194 1065 1248 Θεοῦ
1113 1196 1566 1269 δημιουργοῦντος
1608 1201 1851 1271 φήσομεν

276 1282 563 1351 γεγονέναι
614 1282 861 1358 ὕστερον,
915 1286 1128 1358 πρῶτον
1175 1290 1274 1342 οὐκ
1318 1290 1480 1356 ὄντας
1533 1291 1724 1362 Δῆλον,
1770 1294 1850 1347 ὅτι

275 1372 434 1429 Θεοῦ.
485 1374 763 1429 ’Δδύνατον
790 1376 900 1447 γὰρ
939 1379 999 1432 τὸ
1027 1379 1291 1448 γενέσεως
1331 1382 1472 1455 ἀρχῇ
1509 1384 1848 1458 περιορισθὲν

274 1467 681 1540 συναπέραντον
711 1464 849 1522 εἶναι
880 1469 959 1541 τῷ
987 1471 1295 1545 ἀπεράντως
1346 1474 1647 1539 Ἀδύνατον.
1682 1477 1847 1532 Πάλιν

271 1558 337 1631 δὴ
369 1555 488 1626 οὖν,
528 1555 574 1614 ὦ
629 1560 913 1634 κένταυρε,
958 1561 1019 1629 ἐξ
1066 1565 1240 1637 ἀρχῆς
1274 1565 1666 1640 διαλεγώμεθα.
1716 1568 1847 1642 Θείᾳ

1958 476 2018 522 ιιι
2048 483 2115 523 ne
2142 482 2403 539 cogamur
2450 476 2720 522 mutatum
2752 470 3038 527 admittere
3074 488 3086 524 :
3141 485 3205 525 ea
3255 470 3528 543 siquidem

1957 561 2097 626 ratio
2117 570 2201 617 est
2225 578 2324 615 cur
2351 561 2402 617 ei
2426 577 2758 617 comternum
2793 579 2989 633 ponas.

2026 651 2116 707 ιν.
2171 650 2277 708 Sed
2311 660 2364 707 et
2420 652 2501 707 sic
2549 653 2817 724 responde
2859 673 2872 708 ε
2921 655 3205 710 Dixerisne
3260 662 3527 720 creatum,

1956 746 2099 814 quod
2123 762 2230 799 non
2262 745 2423 800 habet
2447 745 2741 801 creationis
2775 746 3145 817 Principium?
3172 746 3323 801 Haud
3359 757 3523 818 puto:

1955 837 2063 893 nisi
2083 837 2227 892 enim
2264 837 2319 891 in
2354 836 2680 907 principium
2703 840 2995 894 creationis
3032 839 3243 905 incidit,
3275 856 3527 896 necessa-

1954 925 2037 979 rio
2059 934 2143 981 est
2175 927 2497 981 increatum.
2529 925 2685 993 Quod
2710 928 2755 983 si
2786 927 2885 981 fuit
2913 936 3177 992 creatum,
3209 931 3368 1001 plane
3397 945 3527 984 con-

1953 1019 2102 1074 cedis
2144 1020 2213 1075 ab
2245 1020 2426 1091 aliqua
2473 1035 2640 1075 causa
2682 1029 2945 1079 creatum.
2975 1022 3255 1094 Quippene
3300 1041 3525 1095 prorsus

1954 1111 2311 1184 impossibile,
2344 1122 2404 1169 ut
2438 1115 2644 1171 creatio
2675 1116 2747 1172 sit
2774 1118 2892 1172 sine
2936 1133 3104 1173 causa
3139 1119 3396 1174 creante?
3417 1118 3524 1173 lm-

1953 1206 2233 1276 possibile.
2266 1206 2406 1262 Num
2434 1224 2565 1279 ergo
2612 1209 2875 1264 mundum
2908 1219 2961 1265 et
3008 1228 3346 1283 quascunque
3396 1222 3523 1269 sunt

1954 1299 2009 1354 in
2039 1299 2154 1364 illo,
2190 1300 2298 1355 alio
2326 1301 2541 1356 tandem
2591 1318 2756 1373 quam
2787 1303 2898 1360 Deo
2922 1306 3144 1375 Opifice,
3179 1306 3378 1361 dicturi
3423 1323 3520 1363 su-

1950 1405 2073 1445 mus
2102 1398 2305 1455 creata,
2339 1408 2462 1447 cum
2496 1394 2649 1464 prius
2678 1410 2786 1450 non
2832 1398 3051 1453 essent?
3085 1398 3435 1469 Perspicuum
3489 1418 3520 1455 a

1950 1479 2060 1537 Deo
2092 1491 2273 1538 creata
2295 1500 2436 1540 esse.
2466 1484 2604 1540 Num
2643 1489 2918 1545 enimvero
2955 1487 3071 1545 fieri
3111 1498 3312 1560 potest,
3344 1497 3401 1545 ut
3433 1492 3517 1546 in-

1947 1572 2278 1629 terminabili
2331 1576 2403 1631 sit
2465 1578 2975 1646 cointerminabile,
3029 1581 3176 1651 quod
3224 1582 3519 1640 creationis

273 1653 551 1743 ιπιστήμῃ
587 1651 824 1706 τά’δντα
867 1655 1005 1724 φατὲ
1047 1658 1365 1725 γεγονέναι,
1410 1661 1441 1731 ἦ
1487 1660 1580 1726 ob;
1614 1657 1684 1714 Ὦ
1714 1661 1837 1732 βάλε

1948 1666 2218 1736 principio
2243 1666 2527 1723 definitum
2569 1671 2692 1726 est?
2716 1669 3143 1743 Haudquaquam
3180 1681 3378 1743 potest.
3411 1671 3515 1728 lte-

272 1742 411 1811 (ιθ),
443 1742 706 1808 λέξουσιν·
738 1745 1003 1816 οὐδαμῶς.
1054 1747 1212 1801 Ἀλλά
1256 1750 1362 1804 ἀπὸ
1406 1725 1514 1805 τῶν
1546 1725 1837 1824 στοιχείων,

1945 1773 2067 1812 rum
2092 1774 2242 1829 ergo,
2273 1776 2307 1815 ο
2332 1769 2592 1818 centaure
2623 1762 2759 1835 (18),
2816 1779 3161 1822 resumamus
3190 1765 3518 1835 disputatio-

269 1835 306 1907 ἢ
343 1836 495 1906 ῦλης,
529 1835 562 1906 ἦ
598 1837 1014 1909 στηριγμάτων,
1045 1839 1078 1909 ἢ
1113 1841 1260 1906 ὅπως
1307 1843 1461 1897 αὐτοὶ
1504 1844 1679 1898 ταῦτα
1722 1844 1845 1914 βου-

269 1924 429 1979 λεσθε
477 1926 761 1998 ὀνομάζειν
803 1929 972 2001 (οὐδὲν
1002 1930 1109 2003 γάρ
1137 1931 1429 2005 διαφέρει),
1474 1936 1678 1991 τούτων
1716 1939 1844 2007 ἀγε-

268 2018 452 2087 νήτως
483 2018 972 2089 προῦφεστηκότων
1017 2020 1112 2074 καὶ
1143 2022 1476 2095 πλημμελῶς
1507 2028 1840 2099 φερομένων,

263 2110 297 2162 ὁ
324 2107 460 2172 Θεὸς
485 2108 764 2180 διακρίνας
802 2112 1128 2182 ἐτεχνήσατο
1158 2114 1227 2167 τά
1258 2118 1453 2180 πάντα,
1489 2115 1675 2194 ὥσπερ
1707 2120 1841 2188 ἀγα-

264 2197 360 2262 θὸς
384 2197 673 2270 ζωγράφος
702 2201 809 2254 ἀπὸ
847 2201 1054 2255 πολλῶν
1093 2205 1396 2277 χρωμάτων
1429 2206 1556 2277 μίαν
1581 2208 1839 2280 τεχνησά-
1895 2219 1900 2225 ’

263 2306 428 2363 μενος
459 2291 634 2358 ίδέαν;
669 2292 804 2346 Οὐδὲ
829 2292 1004 2348 τοῦτο.
1035 2295 1258 2361 Πάντως
1300 2297 1408 2368 γὰρ
1445 2298 1836 2369 ἀποφεύξονται

258 2382 594 2453 ὁμολογῆσαι
640 2384 761 2439 καθ’
811 2386 1039 2453 ἑαυτῶν,
1094 2388 1180 2442 ἵνα
1230 2388 1326 2460 μὴ,
1372 2389 1473 2460 τῆς
1516 2390 1837 2463 διακρίσεως

262 2475 378 2547 (17)
410 2477 506 2531 καὶ
540 2476 638 2547 τῆς
671 2481 1147 2550 μεταμορφώσεως
1183 2482 1281 2552 τὴν
1318 2481 1447 2551 ὓλην
1492 2474 1834 2557 συγχωροῦν-

261 2583 353 2631 τες
398 2568 574 2640 ἀρχὴν
624 2570 937 2641 ἐσχηκυῖαν,
972 2571 1355 2641 ἀναγκασθῶσι
1395 2573 1472 2645 τῷ
1516 2574 1658 2647 λόγῳ
1692 2578 1835 2634 κοιτά

259 2660 442 2713 πάντα
475 2661 566 2714 τὸν
602 2661 733 2716 Θεὸν
769 2658 971 2734 ἦρχθαι
1012 2664 1107 2718 τοῦ
1141 2665 1360 2720 διοικεῖν
1394 2664 1574 2735 λέγειν
1612 2669 1705 2722 καὶ⁸
1736 2686 1833 2724 κα-

265 2754 556 2821 τακοσμεῖν
580 2751 675 2824 τὴν
705 2756 966 2828 πρότερον
998 2756 1243 2829 ἄμορφον
1270 2753 1434 2811 οὖσαν
1468 2758 1619 2830 ὓλην.

1944 1849 2032 1904 nis
2057 1850 2554 1922 principium.Nam
2585 1868 2673 1907 res
2703 1854 2884 1909 divina
2913 1855 3142 1910 scientia
3171 1856 3515 1927 creata5'(l9)

1941 1936 2208 2004 fatemini,
2261 1941 2464 1997 necne?
2508 1942 2710 2012 Apage,
2757 1942 3044 2012 inquient:
3087 1941 3324 1997 Minime.
3372 1941 3512 1995 Num

1939 2046 2070 2085 vero
2106 2047 2174 2086 ex
2206 2032 2508 2097 elementis,
2550 2033 2633 2088 vel
2677 2033 2925 2098 materia,
2988 2040 3083 2088 aut
3133 2034 3509 2095 ﬁrmamentis,

1942 2129 2037 2176 aut
2092 2122 2291 2192 quibus
2346 2123 2461 2178 haec
2512 2123 2693 2178 verbis
2760 2123 3031 2194 appellare
3093 2123 3258 2177 vultis
3313 2141 3327 2177 :
3385 2138 3511 2176 nam

1942 2214 2077 2269 nihil
2116 2213 2315 2282 refert;
2356 2230 2482 2270 cum
2518 2216 2608 2270 illa
2659 2217 2898 2272 iucreata
2954 2216 3392 2287 prmexsistereut
3447 2229 3513 2269 ac

1941 2312 2145 2361 temere
2208 2304 2500 2369 ferrentur,
2559 2321 2852 2363 secernens
2904 2309 3065 2371 Deus,
3116 2307 3369 2362 universa
3426 2305 3511 2359 fa-

1940 2396 2184 2453 bricatus
2226 2404 2331 2464 est,
2374 2398 2519 2453 velut
2551 2400 3033 2469 praestantissimus
3080 2399 3288 2469 pictor,
3341 2398 3513 2453 ratiu-

1937 2503 2064 2543 nem
2088 2503 2250 2543 unam
2280 2494 2336 2545 et
2363 2489 2651 2561 imaginem
2693 2504 2724 2545 e
2766 2490 2952 2546 multis
2976 2490 3251 2545 coloribus
3290 2503 3511 2557 expres-

1939 2579 2113 2637 serit?
2157 2579 2345 2653 Neque
2382 2580 2479 2645 ita,
2537 2582 2783 2652 inquient
2832 2600 2845 2636 :
2899 2581 3122 2637 omnino
3161 2581 3304 2635 enim
3365 2578 3511 2634 rcfuo

1937 2673 2087 2744 gient
2117 2681 2308 2728 contra
2342 2689 2401 2729 se
2430 2673 2581 2746 ipsos
2618 2674 2720 2729 boc
2762 2673 2984 2739 testari;
3019 2686 3079 2727 ut
3110 2687 3180 2728 ne
3233 2670 3362 2726 dato
3414 2670 3510 2723 lia-

1939 2764 2123 2820 buisse
2154 2765 2436 2821 materiam
2467 2767 2789 2838 principium
2816 2766 3137 2822 secretionis
3162 2774 3215 2821 et
3240 2760 3508 2820 transfor-

259 2844 545 2910 mationis,
595 2856 756 2917 cogat
803 2851 944 2905 ratio
1007 2849 1190 2920 fateri,
1227 2852 1461 2923 cmpisse
1490 2852 1696 2921 Deum,
1763 2858 2042 2913 materiam
2101 2860 2252 2929 prius
2299 2858 2587 2916 informem
2657 2869 2711 2917 et
2745 2860 3091 2933 indigestam,
3133 2859 3377 2932 digerere
3444 2868 3506 2908 ac

259 2935 554 3005 perpolire.

329 3029 411 3083 Β.
436 3026 575 3100 ⁴Ινέρε
610 3027 740 3102 γάρ,
785 3029 972 3103 ἐπειδὴ
1013 3033 1108 3087 σὺν
1152 3032 1230 3105 τῷ
1253 3011 1373 3105 Θεῷ
1406 3034 1570 3104 φάναι
1604 3034 1833 3091 ἐνταῦθα

2007 3030 2074 3087 ν.
2096 3032 2210 3104 Age
2241 3049 2391 3099 vero,
2410 3034 2665 3106 quoniam
2688 3034 2797 3092 Deo
2819 3035 3053 3107 pmpitio
3078 3036 3131 3090 in
3153 3036 3297 3092 hunc
3324 3036 3504 3096 locum

257 3119 353 3175 τοῦ
381 3119 539 3189 λόγου
564 3122 884 3193 γεγόναμεν·
914 3125 1027 3194 ῆτω
1053 3142 1136 3188 τις
1164 3126 1383 3199 ἀνδριὰς
1412 3116 1582 3192 ἑστὼς
1614 3128 1707 3181 ἐπὶ
1741 3127 1836 3198 βά-

255 3229 403 3276 σεως
452 3211 639 3277 καλός·
667 3208 730 3268 οὗ
769 3212 1140 3286 θαυμάζοντες
1171 3221 1220 3272 οἱ
1266 3217 1524 3292 θεώμενοι
1552 3221 1648 3292 τὴν
1675 3220 1835 3294 εὔρυ-

250 3304 398 3375 θμσν
441 3304 723 3377 καλλονὴν,
768 3306 1206 3378 διαφερέσθωσαν
1249 3312 1387 3382 πρὸς
1432 3312 1724 3384 ἀλλήλους,
1756 3314 1833 3386 πῆ

259 3398 370 3467 μὲν
398 3398 645 3466 γενητὸν,
677 3398 754 3469 πῆ
780 3398 835 3452 δὲ
863 3402 957 3454 καὶ
984 3400 1242 3474 ἀγένητον
1269 3403 1449 3474 λέγειν
1481 3404 1831 3477 πειρώμενοι.

263 3490 535 3561 Ἑροίμην
569 3492 678 3563 γάρ
724 3494 882 3560 σφᾶςο
920 3495 998 3548 Δι’
1039 3495 1107 3567 ἦν
1154 3497 1334 3550 αίτίαν
1367 3499 1627 3570 ἀγένητον
1671 3500 1831 3554 αὐτόν

248 3598 397 3651 φατε
416 3624 432 3647 ,
466 3583 690 3654 πότερον
719 3583 807 3637 διά
836 3585 927 3638 τὸν
956 3588 1225 3658 τεχνίτην,
1262 3590 1410 3653 ὅπως
1445 3590 1708 3661 μηδαμῶς
1735 3592 1832 3662 ἀρ-

245 3680 433 3745 γησας
477 3674 576 3746 τῆς
610 3676 969 3749 δημιουργίας
1011 3677 1304 3750 νομίζοιτο,
1333 3680 1366 3752 ἢ
1395 3680 1461 3734 δι’
1492 3665 1689 3747 adadv;
1733 3685 1829 3737 'Av

477 3874 554 3932 Ὦ
576 3878 753 3953 βάλε.
793 3879 976 3953 Αὶηῷ
996 3881 1157 3936 πάλιν
1177 3898 1193 3912 ·
1223 3880 1322 3953 al.,
1354 3875 1400 3936 ὦ
1431 3881 1586 3953 βάλη.

330 3950 447 4021 (17)
475 3950 849 4018 Διακρίσεως.
887 3948 998 4019 AL,
1035 3948 1831 4024 κατακρίσεως·ἰιι.,’μετακρί-

329 4061 448 4157 δέ)
480 4088 526 4145 0
556 4098 835 4173 cantante.
856 4087 1118 4173 Suggillat
1155 4091 1444 4173 _0rig_enem
1476 4093 1638 4173 :velut
1676 4109 1831 4173 mpn-

249 4172 525 4223 strosum,
568 4160 661 4231 qui
704 4160 875 4231 multa
903 4160 1119 4231 quidem
1155 4160 1412 4226 hominis,
1442 4169 1495 4217 et
1529 4178 1693 4231 supra
1720 4163 1830 4217 fere

1933 3124 2166 3181 dicendo
2196 3127 2564 3197 pervenimus,
2590 3143 2857 3198 ponamus
2884 3135 3142 3193 statuam,
3173 3129 3226 3183 in
3258 3144 3354 3185 sua
3386 3132 3503 3189 basi

1934 3216 2297 3286 collocatam;
2344 3219 2643 3290 elegantem
2704 3221 2890 3286 illam,
2956 3222 3113 3292 cujus
3180 3224 3503 3282 concinnam

1935 3310 2398 3380 pulchritudinem
2450 3321 2787 3383 spectatores
2838 3315 3143 3370 mirentur:
3177 3315 3504 3374 dissentiant

1934 3418 2106 3471 vero;
2178 3404 2302 3461 aliis
2375 3402 2572 3460 factam
2634 3406 3089 3465 contendentibus
3123 3449 3139 3476 ,
3210 3411 3330 3466 aliis
3392 3428 3501 3467 non

1935 3494 2153 3552 factam.
2184 3495 2499 3563 Quaesierim
2530 3514 2630 3569 ego
2659 3498 2727 3553 ab
2777 3499 2856 3554 eis
2891 3514 2905 3550 :
2953 3498 3314 3565 Quamobrem
3360 3502 3502 3557 dici-

1938 3589 2010 3646 tis
2039 3606 2147 3646 non
2176 3589 2375 3646 factam
2406 3590 2558 3661 (20)?
2614 3591 2696 3645 An
2739 3598 2961 3661 pr0pter
3010 3593 3293 3658 artificem,
3330 3605 3386 3649 ut
3434 3612 3503 3652 ne

1935 3698 2176 3755 unquam
2207 3698 2431 3741 vacasse
2483 3685 2551 3739 ab
2576 3699 2742 3756 opere
2771 3684 3134 3752 existimetur,
3167 3684 3248 3740 vel
3278 3693 3502 3756 propter

1938 3881 2264 3938 solidissima
2287 3889 2391 3944 est,
2421 3898 2522 3938 nec
2553 3883 2723 3953 tangit
2754 3880 3065 3953 opinionem
3110 3879 3251 3953 apud
3284 3889 3503 3936 nostra-

1940 3963 2022 4007 tes
2074 3954 2267 4022 agitari
2329 3954 2566 4016 solitam,
2614 3951 2807 4006 utrum
2845 3953 3082 4005 mundus
3138 3951 3220 4004 vel
3260 3958 3499 4005 creatum

1938 4021 2142 4091 aliquid
2175 4023 2412 4093 potuerit
2439 4039 2561 4077 esse
2588 4024 2655 4076 ab
2676 4030 2913 4088 aeterno;
2946 4036 3051 4074 non
3081 4021 3228 4093 velut
3269 4036 3368 4077 ens
3399 4037 3499 4076 ne-

1938 4090 2262 4157 cessarium,
2302 4103 2365 4163 et
2416 4093 2561 4163 quod
2609 4093 2689 4147 sic
2740 4107 2891 4153 esse,
2940 4106 3061 4163 sua_
3091 4090 3285 4163 ipsum_
3305 4098 3496 4163 natura

1973 4170 2181 4228 eteret;
2218 4162 2314 4218 sed
2355 4158 2801 4233 ut'coutiugeus,
2837 4169 2891 4233 et
2920 4158 3066 4230 quod
3108 4158 3219 4215 sola
3261 4159 3353 4233 Dei
3402 4175 3500 4215 vo-

250 4223 603 4301 hominent;
631 4230 847 4293 habeat,
882 4223 1160 4301 multaque
1217 4234 1345 4287 item
1397 4223 1543 4286 velut
1568 4223 1827 4296 belluina,
1863 4223 1905 4277 Ι)
1936 4223 2142 4288 luntate
2169 4223 2249 4287 sic
2268 4240 2430 4288 esset.
2457 4223 2970 4301 Quanquam—etiam
2992 4245 3107 4285 eam
3138 4231 3498 4285 aeternitatem

250 4302 486 4373 absonis
529 4299 641 4354 illis
680 4299 1201 4373 dogmatis,iquibus
1232 4318 1329 4373 sua
1363 4317 1587 4373 quaeque
1628 4303 1831 4372 optima

250 4372 498 4427 vitiavit:
520 4385 631 4424 non
661 4370 841 4441 minus
867 4372 995 4425 mali
1021 4370 1246 4428 effectus
1272 4370 1467 4441 forma,
1500 4370 1591 4426 ubi
1631 4370 1828 4435 malus,

249 4458 425 4513 quam
462 4441 614 4513 b_oni_,
648 4441 736 4494 ubi
761 4440 956 4513 bonus.
1202 4509 1248 4513 _A
1351 4510 1398 4513 η
1454 4440 1457 4441 ⁷
1549 4510 1575 4513 _
1628 4460 1635 4468 '

324 4512 446 4580 (l9)
471 4509 668 4564 Divina
696 4511 914 4582 scientia
939 4521 1163 4566 creatas.
1195 4509 1287 4565 Sic
1312 4510 1511 4582 ubique
1542 4510 1598 4567 S.
1619 4510 1830 4576 doctor,

252 4582 712 4667 probatioresque
727 4580 1007 4667 theologi;
1044 4582 1354 4667 frustraque
1374 4580 1666 4667 qumrimus
1684 4582 1831 4667 aliud

254 4650 313 4708 in
352 4651 490 4714 Deo,
520 4652 682 4723 etiam
711 4650 1032 4706 distinctum
1060 4650 1405 4723 virtule'qno'
1426 4668 1513 4707 res
1541 4659 1682 4722 agat.
1716 4650 1831 4705 Scit

251 4739 407 4786 esse,
456 4722 670 4786 volens,
705 4729 939 4805 suntque
978 4729 1038 4776 ut
1097 4722 1418 4805 mternho'illa
1461 4723 1665 4805 placito
1716 4723 1832 4803 vult

252 4809 406 4854 esse.
470 4807 643 4861 eoque
696 4800 825 4846 sunt
876 4808 1037 4853 nova.
1071 4793 1215 4847 nulla
1243 4791 1337 4847 Dei
1366 4791 1671 4863 divinaeque
1708 4792 1829 4862 ejus

253 4871 357 4917 aut
389 4863 630 4917 scientiae
653 4870 746 4916 aut
774 4863 1067 4916 voluntatis
1090 4864 1345 4917 novitate.

333 4931 454 5001 (20)
496 4932 847 4998 Quamobrem
889 4934 1069 4985 dicitis
1109 4949 1212 4985 non
1259 4932 1504 5002 factum?
1536 4930 1717 4987 Facile
1745 4931 1830 4985 di-

256 5002 484 5063 lemma,
525 5008 582 5054 ut
614 5010 807 5057 statua:
843 5001 1141 5063 aeternitas.
1171 5001 1344 5072 eoque
1388 5003 1575 5057 mundi
1619 5002 1707 5055 cui
1738 5002 1827 5056 illa

256 5079 634 5142 comparatur.
659 5073 739 5126 vel
769 5073 840 5126 sit
891 5074 959 5126 ab
981 5074 1098 5142 ipso
1137 5073 1344 5127 artifice
1367 5080 1420 5127 et
1448 5073 1569 5141 ejus
1610 5072 1827 5141 prapria

256 5141 599 5203 conditione,
618 5143 708 5210 qui
727 5150 872 5211 petat
890 5141 1016 5196 esse
1043 5157 1256 5211 semper
1287 5144 1341 5196 in
1369 5150 1515 5205 actu,
1549 5157 1825 5209 nunquam

258 5212 425 5265 otiari
449 5229 464 5276 ;
497 5227 617 5280 qua:
636 5221 719 5267 est
748 5213 887 5266 ratio
909 5213 1158 5281 superius
1186 5213 1369 5274 allata,
1403 5221 1456 5267 et
1480 5215 1626 5267 velut
1660 5226 1827 5265 unum

256 5284 434 5336 totius
463 5282 666 5336 erroris
705 5282 865 5337 istius
896 5280 1339 5348 fundamentum;
1370 5284 1451 5337 vel
1488 5284 1556 5337 ab
1597 5283 1827 5350 ipsamct

257 5359 619 5423 statumque
652 5353 729 5423 sic
768 5360 913 5423 petat
941 5367 1047 5405 non
1074 5353 1405 5423 iuctepisse;
1441 5353 1585 5422 quod
1614 5360 1825 5423 utrum-

255 5437 368 5543 sue
412 5421 783 5477 subtilissime
799 5423 1079 5492 impugnat
1130 5421 1472 5485 Methodius,’
1503 5438 1562 5476 re
1604 5421 1821 5504 tandem

294 5491 496 5543 educta
541 5492 606 5543 ad
628 5492 1049 5543 αὐτοματισμόν.
1092 5500 1147 5543 et
1188 5502 1249 5543 ut
1298 5503 1481 5543 creata
1529 5508 1559 5543 a
1601 5508 1660 5543 se
1688 5506 1821 5543 msns

294 5491 496 5563 educta
541 5491 1049 5563 adamantina“,
1092 5500 1147 5545 et
1188 5502 1249 5546 ut
1298 5503 1481 5548 creata
1529 5508 1559 5546 a
1601 5508 1660 5547 se
1688 5491 1821 5563 ipsis

256 5562 395 5625 sint,
421 5576 528 5614 non
547 5577 575 5613 a
598 5561 725 5624 Deo,
758 5561 902 5616 velut
930 5561 980 5617 ei
1005 5564 1314 5618 necessario
1336 5574 1601 5618 cowterna
1631 5578 1645 5613 :
1670 5561 1815 5615 nulla

1935 4300 2275 4357 Methodiana
2328 4300 2643 4373 argumenta
2684 4318 2821 4373 non
2859 4302 3047 4355 leviter
3104 4301 3495 4373 perstringam,

1932 4373 2078 4427 velut
2099 4387 2163 4427 ex
2201 4374 2316 4441 ipsa
2338 4370 2546 4427 ratione
2578 4376 2745 4428 creati
2780 4372 2872 4437 sit,
2903 4381 2960 4425 ut
2988 4385 3052 4425 eo
3081 4370 3223 4440 quod
3256 4378 3499 4425 creatum

1932 4443 2129 4512 accipit
2158 4443 2238 4496 vel
2259 4458 2382 4498 esse
2410 4444 2493 4498 vel
2516 4453 2743 4499 motum.
2784 4456 3065 4512 necessum
3097 4441 3189 4512 sit
3214 4441 3500 4512 ὑποπεσεῖ-

1934 4507 2070 4584 σθαῐ
2096 4512 2256 4584 ἀρχῇ,
2321 4521 2377 4565 ιιι
2418 4513 2671 4584 principio
2700 4513 2985 4584 subjaceat.
3022 4507 3281 4584 Sghottus
3312 4511 3375 4584 ad
3406 4511 3498 4584 illa

1932 4583 2093 4653 verba
2118 4581 2171 4636 et
2191 4581 2428 4652 primam
2444 4581 2649 4653 partem
2682 4581 3030 4653 dilemmatis,
3065 4582 3212 4644 ὅπως
3239 4581 3499 4653 μηδαμῶς

1932 4652 2175 4725 άργήσας
2202 4649 2322 4722 ’τῆς
2354 4649 2709 4725 δημιουργίας
2756 4651 3045 4725 νομίζοιτο,
3079 4649 3309 4725 causam
3338 4649 3495 4715 hanc,

1932 4721 2130 4792 inquit,
2162 4721 2436 4776 non’bene‘
2475 4721 2738 4791 assequar.
2794 4721 2862 4774 At
2894 4736 2991 4774 nec
3028 4736 3127 4790 ego
3179 4721 3312 4774 bene
3331 4735 3497 4792 Διιεειξ-

1929 4787 2069 4862 quor
2098 4793 2270 4862 ipsius
2307 4787 2649 4853 modestiam.
2684 4801 2739 4845 et
2798 4806 2959 4860 quam
2996 4787 3155 4862 in're
3184 4799 3291 4843 tam
3325 4787 3493 4862 facili,

1930 4860 2131 4932 sicque
2150 4862 2421 4917 Mclhodio
2455 4864 2747 4923 inculcata,
2790 4861 3074 4932 pra-tendit
3108 4860 3491 4932 ignorantiam.

1930 4929 2082 5002 Quod
2104 4942 2253 4986 certe
2273 4934 2431 5002 paulo
2464 4942 2584 5002 post
2616 4931 2682 5002 ad
2705 4929 2843 4985 idem
2866 4931 3131 5002 sequitur,
3158 4931 3306 4991 ὅπως
3328 4929 3507 5002 ἀνάρῆ

1965 4989 2039 5066 ως
2062 4989 2285 5070 λέγοιτο⁵
2322 4989 2539 5074 κρατεῖν
2598 5001 2691 5054 τοῦ
2747 4989 3128 5074 τεχνάσματος
3158 5002 3186 5052 ὸ
3224 4989 3503 5069 τεχνίτης.⁸

1965 5021 2039 5066 ως
2063 5021 2272 5070 Λεγοιτο
2322 5021 2539 5074 κρατειν
2598 5021 2691 5054 του
2747 5021 3114 5070 τεχνάσματος
3158 5021 3186 5052 ο
3224 5021 3488 5069 τεχνιτης.

1929 5021 2236 5140 ὄίρὶιιιιηιιε
2271 5089 2337 5126 ex
2375 5073 2563 5127 eadem
2614 5086 2846 5142 persona
2900 5070 3349 5142 Origenianorum
3378 5108 3393 5131 ,
3428 5084 3491 5122 eo

1929 5143 2289 5196 astruentium
2323 5140 2653 5196 creationem
2690 5142 2807 5194 sine
2839 5140 3106 5210 principio
3130 5147 3183 5192 et
3207 5146 3487 5210 internum.

1928 5227 2036 5264 non
2072 5211 2206 5265 bene
2252 5211 2466 5266 videtur
2520 5206 3130 5272 assecutusfdum'ita
3183 5208 3390 5262 reddit:
3425 5206 3490 5260 Ut

1930 5280 2103 5349 opifex
2136 5281 2343 5349 opiﬁcio
2366 5284 2430 5335 ab
2461 5291 2653 5335 αἰενηο
2684 5280 2857 5343 maior
2886 5277 3098 5332 dicatur
3124 5293 3142 5330 :
3176 5278 3314 5331 nihil
3344 5278 3489 5349 enim

1927 5348 2030 5404 hoc
2064 5351 2130 5404 ad
2170 5348 2533 5420 propositum.
2590 5351 2699 5405 Nos
2733 5352 2805 5404 ita
2834 5365 2846 5399 :
2883 5358 2939 5401 ut
2998 5361 3249 5404 internum
3275 5348 3489 5420 artifex,

1925 5420 2115 5492 [labere
2166 5418 2376 5492 dicatur
2415 5421 2552 5492 quod
2607 5422 2821 5475 molitus
2854 5420 2922 5471 sit
2957 5436 3082 5487 opus
3111 5436 3174 5492 ac
3204 5418 3489 5492 api/icium.

1927 5487 2023 5565 Est
2049 5489 2205 5559 plane
2251 5491 2365 5545 haec
2390 5487 2485 5565 τοῦ
2520 5495 2742 5565 κρατεῖν
2791 5491 3067 5565 acceptio;
3102 5490 3304 5565 sicque
3336 5490 3493 5559 ἀκρι-

1927 5558 2181 5632 ϐέστερον
2227 5558 2571 5632 respondent"
2599 5560 2917 5632 Origeniani
2962 5568 3217 5614 caventes
3247 5558 3489 5632 αὐτομα-

257 5632 426 5683 etiam
468 5632 696 5687 rationis
739 5633 1134 5694 antecessione,
1179 5632 1342 5687 divini
1393 5650 1537 5694 esse.
1575 5632 1639 5686 ad
1684 5630 1815 5703 illud

1941 5628 2136 5699 τισμόν,
2162 5632 2434 5701 quomodo
2463 5631 2601 5689 forte
2629 5628 2713 5688 sit
2732 5628 3013 5703 legendum
3036 5632 3154 5687 ἀντὶ
3178 5629 3271 5683 τοῦ
3302 5629 3463 5701 πικρό

257 5716 452 5755 eorum
482 5716 605 5758 esse
633 5710 888 5763 perpetuo
920 5703 1303 5759 necessarium.
1344 5703 1472 5770 Qu:e
1499 5711 1643 5761 certe
1677 5702 1815 5758 ratio
1921 5717 2078 5773 τερον
