3972 6212
464 268 570 352 339

1431 293 1491 352 S.
1531 293 1865 352 ΜΕΤΗΟΒῙΙ
1900 288 2207 350 EPISCOPI
2247 291 2335 347 ET
2372 292 2728 351 MARTYRIS

3586 290 3692 347 ιω

467 417 760 486 ipsammet
803 412 1083 470 statuam?
1129 410 1189 467 Si
1237 412 1456 484 quidem
1489 428 1619 468 vero
1657 421 1878 485 propter
1906 411 2035 466 arti-

2143 412 2243 483 μὲν
2288 411 2395 482 γάρ
2440 411 2528 464 διά
2563 411 2653 464 τὸν
2696 408 2963 480 τεχνίτην,
3005 408 3121 473 πῶς
3160 409 3421 479 ἀγένητος
3456 404 3534 460 ὢν
3562 405 3697 475 πρὸς

467 508 645 572 licem,
675 508 767 578 qui
812 507 925 572 illa,
951 519 1077 561 cum
1107 506 1179 562 sit
1204 520 1313 560 non
1341 504 1514 572 facta,
1547 506 1817 576 efﬁngitur
1843 506 1912 561 ab
1943 521 2033 559 ar-

464 602 652 657 tifice?
681 601 736 654 Si
763 601 908 655 enim
939 599 1162 654 omnino
1197 601 1562 655 necessariam
1596 600 1758 654 habet
1788 599 2034 653 metalla-

464 696 604 751 riam
638 703 832 759 artem,
863 702 924 747 ut
975 693 1204 764 recipiat
1233 709 1618 764 quamcunque
1657 693 1852 750 artifex
1882 694 2033 748 malit

468 784 717 858 figuram,
746 803 853 858 qua
879 788 1092 841 ratione
1119 788 1230 842 erit.
1254 803 1363 842 non
1394 787 1557 854 facta,
1580 803 1700 858 qua:
1724 796 1781 841 et
1798 788 2033 858 patiatur

466 881 778 944 abartitice,
804 889 858 934 et
892 879 1019 934 fiat?
1048 878 1143 934 Sin
1176 888 1378 945 autem,
1406 881 1551 937 velut
1576 896 1606 935 a
1635 896 1693 936 se
1722 881 1836 952 ipsa
1867 881 2030 935 abso-

464 973 724 1027 iutionem
758 973 986 1036 habens,
1017 981 1071 1029 et
1118 972 1318 1028 infecta
1370 973 1751 1045 increataque,
1807 984 1866 1027 ut
1907 988 2032 1042 per-

461 1064 671 1121 niciosa
698 1072 879 1119 vestra
907 1065 1068 1119 habet
1093 1064 1389 1130 sententia,
1441 1065 1657 1120 dicatur
1689 1082 1796 1120 non
1832 1065 2031 1120 habere

463 1162 631 1210 artem
657 1155 1057 1223 necessariam;
1085 1170 1376 1211 necessum
1405 1162 1509 1220 est,
1535 1155 1831 1217 fateamini,
1849 1170 2028 1210 rerum

462 1261 493 1299 a
516 1261 574 1301 se
606 1254 658 1299 et
680 1257 1035 1315 spontaneum
1061 1254 1242 1300 ortum
1277 1267 1289 1302 :
1316 1247 1400 1300 vel
1441 1257 1606 1310 certe,
1655 1262 1831 1317 neque
1886 1247 2030 1301 hunc

460 1333 602 1391 forte
635 1335 980 1389 admittentes
1026 1350 1357 1400 sermonem,
1390 1336 1682 1391 absurdius
1714 1335 2029 1406 responsuri

463 1437 624 1494 sunt;
661 1434 721 1481 ut
774 1434 1008 1482 statuam
1054 1427 1271 1496 quidem
1321 1426 1575 1482 infectam
1634 1443 1741 1481 non
1804 1428 2027 1494 dicant;

462 1515 664 1572 factam
694 1532 822 1572 vero
844 1516 1136 1586 ejusmodi,
1170 1524 1229 1570 ut
1263 1532 1370 1571 non
1392 1516 1590 1571 habeat
1615 1524 1769 1571 ortus
1789 1516 2027 1580 initium,

463 1616 523 1664 ut
564 1617 826 1663 aeternum
877 1607 1069 1662 artifex
1096 1607 1297 1662 habere
1343 1608 1556 1661 dicatur
1594 1606 1738 1677 quod
1777 1607 2031 1661 moliatur

460 1700 758 1770 opificium.
786 1698 931 1755 Heus
970 1714 1069 1754 vos
1101 1714 1249 1769 ergo,
1281 1698 1557 1766 dicemus,
1590 1700 1637 1754 si
1686 1714 1861 1769 neque
1888 1706 2027 1754 tem-

461 1769 564 1861 pus
614 1806 790 1861 neque
821 1805 995 1845 rerum
1038 1798 1184 1845 retro
1236 1788 1403 1843 nilum
1453 1790 1777 1859 reperiatur,
1814 1790 2030 1860 quando
2061 1769 2103 1822 Β

462 1890 641 1937 statua
680 1880 918 1951 perfecta
969 1895 1079 1935 non
1121 1879 1304 1943 fuerit,
1336 1879 1487 1950 quid,
1524 1895 1676 1950 rogo,
1705 1881 1781 1935 illi
1834 1880 2027 1936 artifex

462 1972 735 2044 praestitit,
779 1970 975 2042 quidve
1014 1970 1070 2024 in
1102 1970 1192 2025 illa
1225 1970 1375 2041 egit?
1420 1969 1556 2025 Nam
1591 1975 1637 2028 si
1681 1972 1799 2042 ipsa
1829 1973 2031 2028 nullius

461 2080 647 2136 egens,
678 2062 929 2135 principii
955 2070 1109 2118 ortus
1136 2078 1327 2133 expers
1354 2072 1473 2130 est;
1506 2079 1784 2134 nunquam
1828 2066 2029 2135 potius,

459 2156 516 2210 in
558 2156 825 2211 sententia
854 2162 1055 2219 vestra,
1090 2152 1270 2225 opifex
1314 2155 1602 2223 efﬁnxerit,
1636 2164 1729 2211 aut
1776 2157 2031 2216 inventus

458 2246 642 2317 opifex
694 2245 877 2300 fuerit.
909 2245 1086 2318 Atque
1134 2245 1206 2299 ita
1255 2261 1448 2318 rursus
1496 2248 1552 2303 in
1600 2248 1745 2304 idem
1786 2251 2032 2305 revoluta

459 2312 660 2404 oratio,
688 2346 882 2410 Sponte
932 2312 1031 2394 sua
1089 2336 1289 2392 factum
1322 2312 1494 2407 opus,
1531 2338 1686 2395 fateri
1739 2349 1913 2411 coget.
1974 2340 2032 2397 Si

460 2433 606 2486 enim
630 2428 822 2485 artifex
853 2429 938 2485 vel
970 2428 1267 2484 exilissime
1292 2436 1524 2484 statuam
1544 2431 1779 2488 movisse
1807 2432 2029 2498 dicitur,

461 2523 650 2594 utique
683 2522 930 2591 subjacet
955 2520 1241 2591 principio,
1273 2537 1378 2590 qua
1410 2521 1458 2576 is
1491 2522 1701 2577 ratione
1744 2523 2032 2581 informem

460 2613 590 2667 olim
614 2620 667 2667 et
696 2613 814 2668 sine
834 2621 1004 2675 motu,
1057 2627 1275 2669 movere
1308 2612 1473 2682 cmpit
1500 2620 1661 2683 atque
1696 2615 1887 2685 polire.
1921 2614 2034 2671 Nec

459 2719 590 2774 ergo
624 2715 760 2768 erat,
790 2719 893 2759 nec
918 2710 1003 2759 est
1046 2702 1265 2760 futurus
1299 2704 1438 2760 idem
1482 2713 1740 2775 perpetuo
1772 2707 2031 2766 mundus.

460 2793 873 2865 Comparandus
896 2797 1041 2850 enim
1079 2803 1164 2852 est
1195 2795 1389 2851 artifex
1412 2795 1542 2860 Deo,
1575 2805 1628 2852 et
1664 2805 1843 2854 statua
1871 2815 2032 2855 mun-

462 2887 555 2942 do.
615 2885 901 2953 Quomodo
948 2888 1131 2958 igitur,
1182 2902 1217 2943 o
1267 2888 1665 2959 Stupidissimi,
1726 2899 2031 2947 creaturam

459 2979 782 3035 existimatis
806 2980 1038 3035 creatori
1066 2986 1411 3045 comternam,
1445 2979 1567 3049 ejus
1598 2996 1763 3053 opera
1795 2998 1904 3038 non
1947 2983 2034 3039 in-

460 3070 680 3142 digere?
708 3070 863 3137 Quod
898 3070 1042 3126 enim
1086 3082 1171 3127 est
1199 3080 1547 3137 coaeternum,
1579 3088 1703 3127 cum
1736 3074 1884 3128 nulla
1940 3090 2032 3130 ra-

467 3164 617 3217 tione
647 3163 845 3218 habeat
871 3163 1165 3218 creationis
1203 3172 1463 3233 ortusque
1491 3164 1838 3235 principium,
1867 3167 2029 3221 etiam

462 3254 766 3324 oportuerit
818 3268 941 3308 esse
986 3253 1395 3317 coincreatum,
1452 3253 1752 3324 eademque
1804 3255 2029 3312 virtute.

461 3342 652 3409 Porro,
677 3342 825 3415 quod
851 3343 1017 3399 semel
1043 3344 1342 3398 increatum
1386 3350 1547 3414 atque
1585 3359 1615 3397 a
1644 3359 1703 3400 se
1726 3344 2029 3415 perfectum

460 3443 516 3489 et
552 3435 886 3489 immutabile
917 3434 1094 3488 visum
1145 3435 1249 3500 sit,
1282 3434 1486 3490 nullius
1544 3434 1706 3490 etiam
1755 3451 1919 3506 egens
1973 3447 2028 3493 et

2131 505 2227 559 τοῦ
2251 505 2494 575 τεχνίτου
2534 503 2973 573 δημιουργεῖται;
3011 503 3059 555 εί
3103 501 3214 572 γὰρ
3244 500 3380 563 ὅλως
3424 501 3483 552 ὲν
3518 497 3696 567 ἐνδείᾳ

2132 597 2231 668 τῆς
2278 598 2471 667 τέχνης
2521 595 2824 665 καθέστηκε
2883 591 3381 664 χαλκουργούμενος
3442 588 3578 661 πρὸς
3639 586 3698 640 τὸ

2134 691 2279 759 σχεῖν
2323 690 2503 741 ὁποῖον
2530 691 2559 741 6
2585 684 2913 758 δημιουργὸς
2943 684 3112 737 ἐθέλοι
3158 682 3511 754 χαρακτῆρα,
3556 679 3697 750 ποίῳ

2130 782 2315 854 τρόπῳ
2351 781 2610 851 ἀγένητος
2642 779 2790 832 ἔσται
2836 778 3055 849 πάσχων
3088 793 3147 829 τε
3182 775 3273 828 καὶ
3311 771 3615 844 δρώμενος;
3647 773 3696 824 εί

2129 875 2186 929 δὲ
2216 870 2283 928 αὖ
2330 873 2402 926 διι
2438 871 2630 925 ἑαυτὸν
2674 870 2878 934 τέλειος
2924 869 3018 922 καὶ
3065 867 3326 938 ἀγένητος
3371 865 3582 933 λέγοιτο
3622 862 3697 934 μὴ

2129 964 2335 1018 δεῖσθαι
2360 965 2458 1035 τῆς
2500 964 2698 1034 τέχνης
2729 965 2759 1016 6
2789 960 3032 1033 ἀνδριὰς,
3074 958 3216 1011 κατὰ
3247 958 3306 1009 τὸ
3346 955 3583 1027 ὀλέθριον
3612 954 3698 1006 δό-

2130 1074 2267 1129 γμα,
2295 1057 2505 1127 ἀνάγκη
2534 1052 2941 1126 αὐτοματισμὸν
2986 1051 3290 1123 ὁμολογεῖν.
3325 1049 3394 1101 Ἢ
3428 1047 3548 1100 οὐδὲ
3572 1044 3669 1100 τοῦ
3690 1077 3701 1089 ο

2128 1169 2218 1205 τον
2268 1152 2396 1216 toto;
2436 1149 2792 1220 ἐθελήσαντες
2839 1144 3214 1219 προσήκασθαι
3260 1142 3351 1197 τὸν
3388 1142 3562 1210 λόγον,
3604 1160 3699 1195 πι-

2130 1247 2383 1319 κρότερον
2416 1245 2527 1316 (25)
2569 1242 3016 1315 ἀποκρινοῦνται,
3055 1241 3115 1295 τὸ
3149 1239 3246 1311 μὲν
3280 1238 3473 1310 βρέτας
3502 1237 3700 1308 ἀγένη-

2127 1356 2218 1392 τον
2245 1339 2344 1392 οὐκ
2372 1334 2508 1391 εἶναι
2534 1336 2801 1406 λέγοντες·
2829 1334 3053 1405 γενητὸν
3075 1333 3131 1387 δὲ
3160 1329 3296 1386 εἶναι
3323 1331 3408 1386 ἀεὶ
3431 1330 3699 1399 γενέσεως

2129 1430 2299 1502 ἀρχὴν
2327 1429 2425 1482 οὐκ
2454 1428 2596 1499 ἕχον,
2625 1429 2773 1491 ὅπως
2814 1426 3063 1497 ἀνάρχως
3104 1424 3315 1493 λέγοιτο
3342 1424 3563 1494 κρατεῖν
3599 1418 3697 1474 τοῦ

2127 1518 2497 1590 τεχνάσματος
2539 1520 2568 1570 6
2609 1517 2875 1588 τεχνίτης.
2905 1514 3133 1581 υὺκοῦν,
3169 1509 3214 1568 ὦ
3255 1508 3420 1579 οὗτοι,
3467 1512 3699 1581 λέξομεν

2128 1608 2329 1671 αὐτοῖς,
2378 1608 2426 1659 εἰ
2456 1606 2529 1677 μὴ
2572 1606 2782 1679 χρόνος,
2825 1607 2962 1677 μήτε
2986 1604 3120 1659 αἰὼν
3157 1605 3460 1676 εὑρίσκοιτο
3489 1602 3699 1666 ἐπάνω,

2130 1700 2217 1753 ὅτε
2264 1698 2362 1752 οὐκ
2404 1694 2472 1769 ἦν
2505 1697 2708 1762 τέλειος
2745 1700 2773 1751 ὁ
2814 1697 3062 1769 ἀνδριὰς,
3096 1696 3147 1750 τί
3190 1696 3458 1766 παρέσχεν
3490 1694 3638 1766 αὐτῷ
3665 1695 3703 1749 ὁ

2129 1790 2395 1862 τεχνίτης,
2424 1789 2456 1860 ἢ
2482 1788 2533 1842 τί
2563 1790 2865 1861 ἐνήργησεν
2897 1791 2977 1853 είς
3011 1788 3169 1843 αὑτὸν
3189 1828 3204 1853 ,
3242 1788 3407 1857 om;
3438 1787 3500 1840 El
3530 1787 3638 1857 γὰρ
3668 1788 3703 1841 ὁ

2131 1883 2292 1946 αὐτὸς
2337 1880 2589 1951 ἀνενδεὴς
2630 1879 2726 1943 ὢν,
2776 1879 2869 1934 καὶ
2912 1880 3012 1933 οὐκ
3056 1877 3194 1948 ἔχων
3230 1877 3401 1950 ἀρχὴν
3434 1877 3705 1947 γενέσεως

2129 1975 2405 2045 τυγχάνει,
2438 1972 2612 2044 ταύτῃ
2640 1971 2835 2043 μᾶλλον
2866 1971 2988 2051 καθ’
3019 1971 3161 2040 ὑμᾶς
3190 1972 3218 2023 6
3248 1969 3577 2041 δημιουργὸς
3608 1967 3704 2020 οὓς

2128 2068 2318 2122 δέποτε
2363 2067 2771 2139 δημιουργήσας
2790 2107 2804 2129 ,
2858 2063 2982 2117 οὔτε
3030 2062 3371 2134 δημιουργῶν
3410 2060 3704 2132 εὑρεθήσε-

2130 2177 2241 2214 ται.
2268 2160 2376 2213 Καὶ
2403 2159 2560 2213 πάλιν
2594 2160 2672 2221 είς
2701 2158 2830 2211 αὐτὸ
2867 2156 3040 2209 ἔοικεν
3067 2157 3095 2208 ὁ
3121 2154 3275 2224 λόγος
3303 2152 3705 2225 περιδεδραμη-

2130 2252 2315 2317 κέναι,
2368 2250 2772 2322 αὐτοματισμὸν
2821 2250 3122 2321 ὁμολογεῖν.
3170 2247 3295 2301 Ἐἀν
3343 2247 3451 2318 γὰρ
3501 2246 3601 2299 κᾶν
3637 2244 3706 2299 τὸ

2131 2344 2515 2415 ἀκαριαίτατον
2543 2342 2833 2415 ἀνδριάντα
2861 2343 3087 2414 κινήσας
3113 2342 3141 2394 6
3162 2339 3490 2411 δημιουργὸς
3510 2336 3701 2408 λεχθῇ,

2131 2436 2272 2507 ἀρχῇ
2301 2437 2672 2499 ὑποπεσεϊται,
2713 2433 2832 2487 καθ’
2873 2433 2941 2505 ἢν
2971 2433 3231 2505 πρότερον
3270 2431 3429 2484 αὑτὸν
3461 2430 3706 2501 ἄκοσμον

2110 2530 2226 2583 ·καὶ
2253 2529 2507 2599 ἀκίνητον
2533 2528 2691 2591 ὄντα,
2721 2524 2923 2598 ἤρξατο
2962 2527 3141 2578 κινεῖν.
3162 2523 3254 2577 καὶ
3284 2526 3527 2593 κοσμεῖν.
3558 2522 3705 2574 Οὐκ-

2131 2617 2224 2670 οῦν
2257 2618 2351 2672 καὶ
2388 2613 2455 2688 ἦν
2494 2617 2588 2671 καὶ
2617 2615 2770 2668 ἔσται
2809 2612 3071 2685 διηνεκῶς
3099 2613 3128 2665 6
3162 2611 3324 2674 αὐτὸς
3363 2610 3448 2663 ἀεὶ
3475 2608 3703 2679 κόσμος.

2143 2710 2524 2763 Ἀπεικαστέον
2562 2708 2672 2781 γὰρ
2709 2707 2787 2779 τῷ
2819 2706 2917 2777 μὲν
2958 2704 3077 2775 Θεῷ
3105 2704 3194 2757 τὸν
3225 2703 3495 2774 τεχνίτην,
3521 2699 3609 2754 τὸν
3641 2700 3706 2754 δὲ

2132 2799 2422 2871 ἀνδριάντα
2454 2798 2534 2870 τῷ
2565 2799 2773 2870 κόσμῳ.
2817 2796 2899 2867 Πῆ
2945 2795 2989 2849 δ’
3030 2792 3144 2861 οὗν,
3196 2789 3239 2848 ὦ
3276 2792 3492 2863 ⁴ἠλίθιοι,
3523 2790 3705 2855 οἴεσθε

2130 2889 2227 2961 τὴν
2256 2890 2435 2944 κτίσιν
2486 2890 2886 2962 συναπέραντον
2931 2882 3096 2942 οὖσαν
3138 2886 3218 2957 τῷ
3259 2882 3590 2956 δημιουργῷ,
3627 2882 3706 2954 μὴ

2132 2981 2339 3036 δεῖσθαι
2383 2981 2476 3035 τοῦ
2513 2981 2876 3054 δημιουργοῠ;
2908 2980 2980 3032 Τὸ
3017 2979 3127 3051 γὰρ
3157 2978 3556 3047 συναπέραντον
3599 2990 3709 3045 μη-

2133 3073 2320 3145 δαμῶς
2364 3072 2538 3146 ἀρχὴν
2574 3072 2839 3141 γενέσεως
2880 3071 3032 3142 ἕχον,
3068 3069 3161 3123 καὶ
3214 3067 3569 3138 συναγένητον
3601 3064 3704 3119 καὶ

2140 3164 2455 3235 ίσοδύναμον
2479 3164 2690 3234 ἀνάγκη
2724 3163 3028 3233 τυγχάνειν.
3055 3160 3128 3213 Τὸ
3148 3159 3204 3212 δὲ
3234 3159 3513 3229 ἀγένητον,
3542 3157 3707 3211 αὑτο-

2134 3257 2286 3322 τελὲς
2308 3259 2403 3311 καὶ
2426 3256 2689 3328 ἄτρεπτον
2716 3253 2936 3325 φανθὲν.
2966 3253 3062 3306 καὶ
3095 3251 3391 3322 ἀπροσδεὲς
3417 3250 3512 3303 καὶ
3539 3247 3711 3317 ἄφθο-

2139 3367 2229 3420 ρον
2273 3348 2389 3422 [ἂν]
2437 3350 2615 3403 ἔσται·
2656 3348 2750 3401 καὶ
2787 3347 2835 3399 εί
2879 3342 3035 3398 τοῦτο
3073 3341 3243 3406 οὕτως
3279 3341 3425 3413 ἔχει,
3460 3339 3645 3393 οὐκέτι
3677 3340 3709 3392 ὁ

2134 3444 2338 3513 κόσμος
2364 3441 2594 3513 τρεπτδς
2620 3440 2739 3493 καθ’
2766 3441 2796 3492 ὐ
2804 3441 2930 3510 μᾶς.

462 3526 704 3581 immune
729 3541 759 3579 a
794 3525 1142 3595 corruptione
1190 3526 1337 3582 erit:
1374 3534 1538 3597 atque
1579 3524 1741 3591 adeo,
1789 3526 1923 3581 dum
1961 3543 2050 3587 res
2093 3534 2173 3588 sic
2198 3532 2414 3597 habeat,
2448 3530 2553 3586 erit
2591 3530 2828 3585 mundus
2854 3529 2911 3584 in
2968 3536 3150 3584 vestra
3189 3524 3455 3584 sententia
3505 3523 3710 3579 immu-

462 3621 666 3676 taltilis.

533 3713 624 3767 Vl.
649 3719 667 3736 '
695 3712 1013 3781 Ecclesiam,
1049 3716 1117 3770 ab
1172 3714 1530 3785 appellandis,
1556 3729 1619 3770 ac
1650 3731 1750 3771 ceu
1807 3717 1875 3773 ad
1905 3732 2029 3773 cer-

461 3812 642 3860 tamen
673 3806 936 3861 vocandis
965 3807 1333 3877 voluptatibus
1364 3805 1480 3879 (21)
1512 3806 1713 3862 dictam
1743 3808 1840 3863 ait.

535 3896 649 3954 VII.
679 3898 769 3952 Ait
795 3897 1031 3956 Sanctus
1087 3920 1101 3955 :
1133 3898 1276 3955 Duas
1309 3915 1472 3970 porro
1533 3900 1669 3971 (Ἦ),
1710 3900 1765 3955 in
1816 3901 1885 3957 iis
1911 3917 2032 3973 quae

534 4056 557 4078 ⁶
588 4055 1063 4129 Schol.Quomodo
1084 4055 1143 4111 id
1166 4056 1327 4129 dicis,
1362 4064 1552 4113 sancte
1586 4057 1703 4124 Dei,
1737 4058 1783 4112 si
1817 4058 2033 4129 quidem

461 4125 732 4198 ejusmodi
765 4135 858 4182 tua
884 4129 1075 4197 opinio
1107 4128 1231 4183 est?

528 4281 646 4405 γει)
673 4283 752 4364 τιὸ
780 4281 1104 4350 appellandis
1145 4298 1207 4336 ac
1234 4299 1327 4337 ceu
1373 4281 1447 4336 ad
1490 4291 1752 4337 certamen
1783 4281 2027 4337 vocandis

552 4352 816 4405 unlattbus
848 4393 863 4405 .
911 4352 1063 4405 παοά
1127 4352 1185 4405 τὸ
1222 4352 1614 4405 ὲκκεκληκέναι
1670 4356 1770 4405 τὰς
1818 4352 2027 4405 ἡδονάς.

463 4352 816 4425 goluplatibus
848 4393 863 4416 ,
901 4352 1063 4425 Anapi
1222 4352 1614 4425 ὲκκεκληκέναι
1670 4356 1770 4425 τὰς
1818 4352 2031 4425 ἡδονάς.

465 4419 743 4518 Χίκιᾳειξε
776 4421 938 4518 fuerit
962 4419 1520 4518 subtiliusetymum'.’
1559 4419 1889 4518 digniusque
1921 4420 2034 4503 hic-
2068 4463 2112 4518 ο

462 4491 663 4562 thodio
678 4505 741 4544 ac
757 4507 822 4547 eo
847 4492 1050 4546 Christi
1073 4491 1411 4562 athleta,’qui
1430 4491 1523 4545 tali
1558 4491 1687 4547 olitn
1718 4494 2034 4555 certamine,

464 4560 535 4632 ad
563 4560 828 4630 insignem
864 4563 1007 4615 illam
1036 4565 1103 4616 de
1122 4560 1354 4632 tyranno
1384 4563 1688 4625 victoriam,
1723 4576 1885 4631 quam
1916 4570 2039 4617 tan-

462 4630 590 4687 dem
614 4642 819 4703 martyr
857 4631 1087 4703 illustris
1112 4630 1370 4694 obtinuit,
1409 4647 1527 4703 sese
1563 4630 1786 4703 strenue
1814 4645 2038 4702 compa-

464 4708 686 4773 rasset;
724 4701 870 4757 velut
915 4702 1057 4773 apud
1103 4711 1378 4758 nostrates
1419 4701 1615 4773 Petrus
1671 4702 1764 4757 ille
1810 4701 2034 4773 martyr,

461 4787 591 4826 vere
611 4770 818 4845 Christi
857 4783 911 4828 et
949 4770 1103 4845 ante
1146 4774 1463 4845 martyrium
1515 4771 1729 4845 hostia,
1772 4770 2039 4845 pauloque

462 4843 707 4897 anterior
761 4857 824 4896 ac
859 4842 1032 4913 gradu
1056 4841 1303 4898 vicinior'
1337 4842 1633 4913 Methodio,
1670 4841 1913 4913 Thomas
1946 4841 2040 4895 ille

464 4915 647 5035 gentis
686 4912 1009 4983 Anglorum,
1064 4912 1270 4967 utinam
1321 4912 1541 4967 virtutis
1589 4913 1796 4967 aemula).
1842 4912 2033 4967 decus.

494 4980 814 5035 iireaccinit
838 4999 989 5035 meus
1011 4982 1102 5035 ille
1125 4982 1535 5035 Amphilochius
1551 4982 1698 5035 hom.
1732 4980 1804 5035 De
1830 4980 2033 5035 uomit"

494 4980 598 5035 iire
614 4980 814 5037 mminit
838 4999 989 5036 meus
1011 4982 1102 5038 ille
1125 4982 1535 5053 Amphilochius
1551 4982 1698 5037 hom.
1732 4980 1804 5053 De
1830 4980 2036 5053 βωμία,

464 5055 694 5124 contrita
722 5053 789 5108 de
817 5054 1034 5124 diabolo
1052 5051 1370 5109 succentore
1396 5054 1737 5124 passionum,
1773 5051 2036 5124 loquitur,

463 5136 519 5191 p.
546 5121 658 5196 93A;
685 5124 876 5196 Φθονεῖ
900 5123 1008 5196 γὰρ
1041 5124 1180 5196 ὑπὲρ
1222 5120 1427 5196 πάντας
1470 5122 1713 5196 τὸγένος
1758 5120 1867 5174 τῶν
1914 5121 2043 5196 Χριο

466 5141 519 5191 p.
547 5141 616 5175 uo
645 5141 658 5176 :
685 5141 872 5177 Ψυονει
900 5141 1008 5196 γαρ
1041 5141 1143 5177 υπε
1222 5142 1427 5189 πάντας
1470 5141 1713 5192 το-γενος
1758 5141 1867 5174 των
1914 5141 2041 5192 Αρι-

466 5193 719 5265 στιανῶν,
746 5194 822 5258 ὡς
856 5141 1328 5265 ἀποστρεφὲμενον
1380 5195 1479 5265 τῆς
1514 5190 2041 5265 ἑαυτοῦᾼματαιότη-

465 5277 557 5335 τος
586 5264 821 5335 πάντῶν.
863 5263 987 5319 Prw
1019 5261 1330 5319 mortalibus
1378 5261 1515 5318 enim
1567 5261 1831 5335 omnibus,
1879 5261 2041 5335 liuore

466 5332 635 5405 fertur
662 5336 716 5389 in
737 5333 1099 5390 Christianum
1127 5352 1286 5405 genus
1318 5348 1366 5389 et
1406 5351 1612 5396 nomen,
1658 5330 1792 5386 velut
1821 5330 2042 5405 quodex

467 5403 706 5458 omnibus
763 5421 875 5460 sum
925 5406 1089 5475 ipsius
1129 5402 1414 5461 'demeutiae
1470 5405 1744 5475 adversum
1792 5402 2039 5475 noverit:

468 5479 632 5539 atque
648 5476 783 5530 adeo
815 5472 959 5531 velut
994 5478 1142 5533 solos
1187 5477 1381 5530 habeat
1431 5474 1811 5538 adversarios;
1840 5472 2042 5541 quibus

465 5542 695 5613 proinde
733 5547 877 5599 velut
908 5548 1041 5601 solis
1069 5547 1146 5600 illi
1176 5547 1416 5601 militans
1454 5546 1790 5613 voluptatum
1822 5556 2038 5613 agmen,

471 5611 766 5686 objectum_
798 5615 970 5686 videri
1003 5618 1194 5686 possit,
1247 5624 1430 5686 aperta
1470 5611 1740 5685 baptismo
1773 5611 1921 5686 velut
1953 5626 2040 5681 pa-

468 5679 677 5757 latstra;
729 5682 967 5757 Ecclesia
1003 5679 1124 5754 'qna
1179 5679 1580 5757 depugnemns';
1613 5698 1678 5757 eo
1731 5680 1896 5736 etiam
1925 5679 2040 5757 tum

469 5753 842 5821 caerimoniali,
879 5762 992 5809 tum
1021 5749 1197 5822 sacro,
1235 5749 1288 5811 in
1317 5749 1402 5823 ἑο,
1433 5756 1610 5809 unctis
1632 5753 1783 5819 oleo;
1823 5749 2039 5820 quando

2208 3719 2326 3785 (τ’)
2346 3682 2467 3771 Ὅτι
2532 3716 2828 3787 Ἐκκλησία
2872 3714 3027 3788 παρά
3065 3714 3127 3769 τὺ
3169 3712 3561 3784 ἑκκεκληκὲναι
3606 3715 3709 3775 τάς
3794 3759 3803 3767 .

2135 3809 2608 3881 ἡδονὰς-λέγεσθαί
2634 3825 2816 3880 φησιν.

2208 3905 2282 3957 Z’.
2318 3904 2441 3955 ’Ότι
2469 3902 2631 3973 φησιν
2660 3903 2689 3954 6
2715 3901 2922 3970 ’Δγιοςο
2970 3898 3074 3952 Δύο
3114 3897 3171 3952 δὲ
3213 3896 3470 3967 δυνάμεις
3505 3897 3562 3950 ὲν
3590 3896 3709 3958 τοῖς

2210 4060 2229 4079 ⁹
2261 4059 2537 4126 Σχόλιον.
2567 4056 2711 4127 Πῶς,
2735 4028 2891 4109 τοῦτο
2932 4055 3058 4127 φῂς,
3090 4053 3211 4124 ἀγιε
3241 4052 3333 4108 τοῦ
3360 4052 3515 4120 Θεοῦ,
3546 4052 3712 4123 εἴπερ

2142 4129 2238 4182 καὶ
2268 4129 2350 4181 σοὶ
2381 4131 2415 4200 ἡ
2440 4129 2664 4199 τοιαύτη
2698 4126 2858 4193 δόξα;

2134 4289 2189 4337 et
2217 4296 2456 4345 sacrum,
2489 4282 2610 4352 ejus
2626 4288 2709 4337 est
2734 4281 2878 4336 velut
2907 4278 3323 4352 consummatio.
3358 4274 3710 4352 ﬂmschelius

2138 4352 2307 4423 hocce
2333 4344 2570 4423 etymuin
2605 4352 2954 4423 ita_exponit,
2989 4358 3049 4423 ut
3079 4349 3309 4423 voluerit
3340 4348 3541 4401 dictam
3576 4344 3709 4399 Ἐκ-

2140 4422 2366 4493 κλησίαν
2391 4419 2549 4492 quasi
2592 4419 2888 4493 ἐκκλισίαν,
2919 4438 2952 4474 a
2980 4420 3105 4493 fuga
3134 4419 3456 4493 voluptatum
3484 4435 3500 4483 ,
3526 4431 3711 4493 eoque

2142 4486 2428 4563 legendum
2474 4486 2897 4563 ξκκεκλικέναιε
2960 4486 3216 4563 adquod
3256 4486 3437 4563 "etiam
3489 4486 3713 4563 videtur

2139 4555 2444 4632 respexisse
2478 4559 2738 4617 Schottus
2769 4563 2861 4616 illa
2906 4555 3217 4632 parenthesi
3266 4555 3383 4629 (hoc
3403 4566 3480 4611 est
3512 4557 3713 4632 οπιίντ

2139 4625 2690 4707 paridis)..Eni_mvero
2726 4632 2806 4707 sic
2856 4625 2963 4707 non
3008 4625 3285 4707 egregium
3312 4636 3574 4707 etymurn,
3609 4625 3713 4681 sed

2141 4696 2341 4772 inepta
2384 4701 2549 4759 fuerit
2600 4702 2996 4772 aequivocatio,
3045 4696 3269 4772 dignior
3318 4696 3445 4772 rudi
3508 4696 3714 4766 lingua

2140 4767 2361 4836 Graecae,
2387 4787 2551 4841 quam
2584 4767 2975 4829 fecundissima
3003 4772 3057 4825 in
3112 4767 3174 4825 ea
3211 4767 3712 4841 methodio,_qnem

2140 4842 2302 4913 plane
2331 4838 2439 4897 non
2469 4843 2624 4911 fugit,
2652 4856 2812 4912 quam
2846 4842 3093 4896 dedimus
3108 4855 3232 4913 _non
3276 4838 3712 4913 i_ta_insolentem

2141 4907 2588 4983 aptissimamque
2609 4907 2907 4982 proposito,
2923 4912 3013 4966 illa
3042 4909 3134 4964 τοῦ
3153 4907 3404 4963 ἐκκαλεῖν
3433 4907 3703 4977 acceptio.

2212 5003 2326 5076 (22)
2359 5003 2504 5059 Duas
2530 5021 2706 5075 porro,
2750 5012 2857 5060 etc.
2896 5002 3040 5076 Duas
3084 5002 3388 5076 hypostasi,
3434 5013 3599 5052 unam
3649 5012 3710 5051 re

2142 5071 2257 5145 ipsa
2275 5071 2328 5129 et
2345 5071 2562 5139 natura,
2593 5091 2767 5146 eoque
2786 5090 2909 5146 una
2934 5071 3162 5128 indivisa
3196 5071 3409 5126 actione
3435 5078 3494 5146 _et
3516 5082 3712 5123 crean-

2141 5140 2225 5219 tes
2256 5147 2563 5219 materiam,
2589 5152 2644 5200 et
2671 5140 3021 5219 distinctione
3055 5150 3334 5219 ornantes.
3368 5140 3485 5195 sola
3509 5152 3711 5219 appro-

2141 5216 2418 5290 priatione
2445 5208 2614 5271 altera
2648 5216 2749 5290 sibi
2781 5216 3031 5275 alterum,
3059 5213 3229 5290 altera
3256 5211 3489 5290 alterum
3526 5208 3711 5290 vindi-

2140 5278 2351 5358 cantci:
2382 5284 2543 5341 Patre
2572 5286 2954 5358 creationem,
2989 5291 3048 5338 ut
3076 5284 3129 5336 in
3163 5297 3269 5351 qua
3319 5280 3553 5358 maxime
3600 5278 3713 5358 elu-

2140 5364 2261 5412 ceat
2295 5357 2478 5412 divina
2538 5357 2779 5426 potentia
2813 5372 2827 5409 :
2857 5345 2995 5426 Filio
3040 5345 3293 5426 ornatum
3318 5345 3716 5426 _et-pet_'_fe_ctio-

2140 5443 2289 5494 nem,
2324 5436 2384 5483 ut
2410 5417 2694 5499 proprium
2731 5425 2966 5481 maxime
2989 5423 3127 5479 artis
3157 5431 3211 5477 et
3226 5417 3459 5475 rationis
3488 5417 3711 5541 divino:

2175 5677 2327 5803 ὸ(ῗξτ)
2353 5677 2722 5747 Πικρότερον.
2751 5671 2933 5739 Forte,
2978 5666 3331 5741 ἀλογώτερον.
3366 5662 3433 5721 Et
3456 5678 3581 5721 mox
3609 5661 3704 5725 31.,

2206 5766 2232 5803 ν
2294 5765 2418 5803 καρ.

2142 5765 2232 5803 τον
2255 5765 2418 5821 ακαρ.
