3972 6212
249 287 352 344 ιιι

1443 292 1538 346 EX
1577 289 1778 348 LIBRO
1813 291 1904 348 DE
1939 292 2260 349 CREATIS.

3395 289 3506 347 542

248 405 796 478 προωμολογημένοις
817 405 1023 479 ἔφαμεν
1051 403 1186 462 εἶναι
1217 410 1524 483 ποιητικὰς,
1541 411 1642 484 τὴν
1665 411 1724 478 ἐξ
1738 413 1838 464 οὐκ

1948 413 2050 482 iam
2085 412 2350 466 evicimus
2377 417 2430 465 et
2462 417 2590 466 sunt
2613 409 2873 475 admissa,
2901 408 3216 465 dicebamus
3246 423 3370 465 esse
3399 409 3509 460 vir-

247 495 421 550 ὅντων
444 496 637 568 γυμνῷ
659 497 736 568 τῷ
761 498 1084 570 βουλήματι,
1116 501 1285 573 χωρὶς
1317 501 1602 578 μελισμοῠ,
1636 504 1752 575 ἅμα
1773 504 1836 557 τὸ

247 587 314 656 (Ι.
335 588 429 658 τῷ)
448 587 670 659 Θελῆσαι
690 591 1095 664 αὑτουργοῦσαν
1111 593 1140 646 ὃ
1158 593 1404 664 βούλεται
1429 597 1618 648 ποιεῖν’
1635 595 1838 666 τυγχά-

245 697 326 734 vet
350 681 405 733 δὲ
421 683 450 732 ὁ
479 683 688 756 Πατήρ·
711 685 934 757 Θάτερον
954 687 1017 757 (1'.
1032 687 1286 760 Οατέραν)
1313 687 1368 740 δὲ
1386 690 1836 762 κατακοσμοῦσαν

247 773 344 826 καὶ
373 773 757 829 ποικίλλουσαν
780 778 920 831 κατὰ
956 780 1184 850 μίμησιν
1217 781 1310 852 τῆς
1338 783 1609 853 προτέρας
1637 782 1706 835 τὰ
1733 783 1834 856 ἤδη

243 864 535 933 γεγονότα·
569 869 685 922 ἔστι
730 870 787 923 δὲ
827 873 855 924 ὁ
892 873 1036 936 Υἱὸς,
1071 875 1104 944 ἡ
1136 874 1540 946 παντοδύναμος
1573 875 1668 928 καὶ
1697 893 1836 947 κρα-

245 961 380 1014 ταιὰ
437 964 559 1033 χεὶρ
602 964 694 1016 τοῦ
748 958 982 1036 Πατρὸς,
1025 960 1144 1039 ὲνῇ
1196 966 1334 1036 μετὰ
1378 967 1438 1020 τὸ
1475 968 1693 1039 ποιῆσαι
1738 966 1836 1039 τὴν

249 1050 387 1124 ὕλην
422 1053 483 1118 ἐξ
503 1056 604 1108 οὐκ
629 1056 795 1109 ὅντων
819 1061 1159 1129 κατακοσμεῖ
1191 1058 1323 1131 (24).

326 1233 410 1285 11⁸.
451 1233 575 1287 Ὀτι
619 1234 680 1287 τὸ
726 1233 844 1287 Ἰὼϐ
889 1235 1090 1306 βιϐλίον
1135 1237 1380 1303 Μωσέως
1411 1235 1550 1293 εἶναι
1594 1239 1623 1291 ὁ
1651 1237 1836 1308 Ἀγιός

253 1342 413 1395 φησι.
445 1326 566 1379 Ὀτι
593 1328 721 1398 περὶ
753 1327 868 1392 τοῦ,
914 1331 1017 1384 Ἐν
1049 1329 1207 1400 ἀρχῇ
1242 1331 1492 1400 ἐποίησε
1527 1331 1636 1385 τὸν
1663 1333 1837 1399 οὐραρ

254 1419 368 1470 νόν
416 1417 516 1470 καί
566 1414 678 1486 τὴν
723 1419 873 1488 γῆν,
919 1422 1110 1493 φησίνο
1160 1423 1380 1492 Ἀρχὴν
1425 1423 1480 1476 δὲ
1533 1423 1701 1494 αὐτὴν
1737 1424 1836 1494 τὴν

255 1510 451 1577 σοφίαν
475 1511 648 1579 λέγων
672 1531 754 1577 τις
787 1515 886 1568 οὐκ
916 1515 980 1569 ἂν
1005 1517 1260 1588 ἁμάρτοι.
1291 1517 1522 1585 Λέγεται
1545 1516 1654 1588 γὰρ
1683 1515 1836 1587 παρά

255 1617 362 1653 τινι
394 1602 504 1654 τῶν
529 1605 594 1656 ὲκ
626 1604 718 1657 τοῦ
746 1605 889 1659 θείου
923 1607 1084 1679 χοροῦ
1124 1607 1354 1676 λέγουσα
1395 1609 1524 1679 περὶ
1547 1610 1716 1679 αὐτῆς
1744 1609 1834 1661 τὸν

257 1692 462 1762 τρόπον
494 1693 700 1746 τοῦτον·
731 1698 944 1765 Κύριος
969 1699 1174 1752 ἐκτισέ
1193 1717 1270 1768 με
1310 1699 1506 1768 ἀρχὴν
1543 1699 1699 1753 ὁδῶν
1729 1701 1838 1754 αὐ-

1937 512 2083 560 tutes
2128 503 2428 560 effectrices
2459 521 2472 557 :
2510 503 2735 557 alteram
2779 502 3021 573 quidem,
3071 517 3190 572 qua:
3222 516 3288 556 ex
3313 500 3506 564 nihilo,

1937 597 2080 651 nuda
2103 596 2403 660 voluntate,
2438 595 2588 650 nulla
2620 610 2794 659 mora,
2828 595 2993 650 simul
3043 603 3205 664 atque
3233 593 3370 656 vult,
3391 609 3508 646 om—

1937 689 2027 742 nia
2056 688 2220 742 faciat
2244 703 2366 758 qua:
2414 687 2564 742 velit.
2609 684 2706 740 Est
2736 692 2919 740 autem
2971 685 3148 738 virtus
3179 684 3269 737 illa
3297 681 3455 737 Pater
3491 701 3506 737 :

1937 781 2163 835 alteram
2188 795 2335 842 vero,
2361 795 2480 850 qua:
2509 778 2577 833 ad
2606 776 2807 848 prioris
2846 776 3208 831 imitationem
3241 775 3505 848 perﬁciat,

1937 873 2348 943 distinguatque
2405 889 2468 928 ac
2526 872 2796 942 perpoliat
2845 870 3132 940 quodjam
3163 869 3365 922 factum
3402 876 3506 923 est.

1937 961 2003 1016 Et
2035 963 2124 1018 hic
2147 954 2327 1018 'Filius
2367 972 2472 1027 est,
2519 965 2866 1033 omnipotens
2923 963 3015 1016 illa
3046 961 3310 1031 ﬁrmaque
3334 959 3508 1014 Patris

1936 1068 2152 1116 manus,
2183 1069 2287 1122 qua
2310 1053 2592 1108 materiam
2624 1070 2692 1108 ex
2720 1053 2890 1107 nihilo
2910 1053 3062 1123 prius
3084 1061 3343 1113 creatam,
3361 1058 3508 1120 post-

1938 1144 2158 1200 modum
2198 1154 2424 1200 exornat
2453 1161 2516 1199 ac
2536 1145 2767 1216 perﬁcit.

2007 1235 2144 1292 Vlll.
2197 1237 2286 1291 Ait
2323 1236 2578 1303 Sanctus,
2636 1239 2836 1293 librum
2867 1235 2972 1293 Job
3001 1251 3121 1291 esse
3158 1234 3324 1290 Mosis
3371 1234 3506 1304 (‘25).

1935 1325 2025 1380 Ait
2059 1335 2317 1397 pmterea
2345 1343 2507 1397 super
2531 1327 2638 1383 illis
2663 1328 2844 1382 verbis
2879 1347 2891 1382 :
2928 1326 2992 1380 In
3032 1327 3288 1395 principio
3315 1325 3512 1378 creauit

1935 1419 2120 1474 caelum
2140 1429 2188 1474 et
2207 1430 2401 1473 terram
2419 1422 2438 1451 ’
2458 1437 2470 1471 :
2494 1419 2610 1476 Non
2626 1422 2890 1475 erraverit
2905 1420 2997 1490 qui
3021 1418 3345 1487 Principium
3401 1417 3514 1486 (26)

1937 1513 2268 1582 Sapientiam
2317 1529 2438 1568 esse
2482 1514 2700 1569 dixerit.
2750 1512 2840 1567 Sic
2868 1513 3013 1567 enim
3051 1512 3193 1581 apud
3225 1510 3512 1580 quemdam

1933 1619 1964 1660 e
2017 1619 2174 1660 sacro
2235 1612 2400 1668 coetu,
2453 1605 2623 1660 fertur
2677 1607 2792 1675 ipsa
2852 1607 2918 1660 de
2971 1621 3029 1658 se
3075 1603 3221 1674 loqui
3265 1622 3277 1657 :
3330 1601 3514 1654 Domi-

1935 1711 2033 1748 nus
2098 1697 2292 1749 creavit
2339 1713 2418 1749 me
2460 1696 2572 1767 (2'1)
2633 1697 2845 1750 initium
2897 1697 3101 1750 viarum
3158 1709 3410 1756 suarum,
3458 1693 3514 1744 in

257 1783 367 1837 τοῦ
408 1787 495 1850 είς
537 1786 679 1855 ἔργα
715 1788 922 1842 αὐτοῦ’
965 1789 1078 1858 πρὸ
1111 1791 1216 1844 τοῦ
1249 1790 1461 1857 αἰῶνος
1485 1790 1838 1862 ἐθεμελίωσέ

1948 1803 2100 1856 opera
2131 1805 2263 1852 sua;
2324 1799 2446 1842 ante
2495 1790 2745 1844 swculum
2785 1788 3024 1858 fundavit
3061 1804 3142 1844 me
3165 1787 3206 1843 ³.
3246 1785 3348 1840 Par
3367 1785 3514 1839 enim

252 1893 352 1945 με.
385 1872 494 1929 Ἦν
527 1877 635 1949 γὰρ
658 1879 947 1932 ἀκόλουθον
975 1882 1069 1934 καὶ
1106 1883 1572 1955 πρεπωδέστερον,
1601 1883 1775 1936 πάντα
1803 1883 1838 1938 ἃ.

257 1971 340 2032 είς
365 1970 576 2036 γένεσιν
606 1967 786 2042 ἦλθον,
817 1969 954 2026 εἶναι
979 1975 1181 2047 ταύτης
1206 1975 1462 2048 νεώτερα,
1488 1977 1608 2029 ἐπεὶ
1645 1979 1739 2031 καὶ
1771 1977 1836 2031 δι’

265 2062 438 2130 αὐτῆς
469 2064 773 2131 γεγόνασιν.
815 2067 1134 2139 Ἐπίστησον
1175 2068 1283 2140 γὰρ
1309 2072 1358 2122 εἰ
1392 2071 1465 2140 μὴ
1502 2072 1594 2124 καὶ
1617 2069 1703 2135 τὸ,
1743 2072 1840 2123 Ἐν

259 2153 424 2221 ἀρχῇ
470 2151 546 2223 ἦν
588 2159 619 2208 ό
663 2160 876 2226 Λόγος,
915 2160 1012 2212 καὶ
1065 2165 1098 2215 ὀ
1142 2162 1331 2231 Λόγος
1371 2157 1450 2232 ἦν
1478 2163 1627 2230 πρὸς
1669 2162 1837 2226 Θεὸν,

263 2247 407 2298 κατὰ
437 2247 530 2298 τὸν
573 2248 991 2321 εὐαγγελιστὴν,
1018 2253 1114 2305 καὶ
1156 2253 1299 2319 Θεὸς
1323 2250 1401 2323 ἦν
1428 2256 1460 2307 δ
1486 2255 1692 2323 Λόγος.
1727 2250 1840 2309 Οὖ-

260 2354 366 2402 τος
412 2333 493 2406 ἦν
533 2338 602 2390 ἐν
649 2339 806 2409 ἀρχῇ
853 2343 1005 2409 πρὸς
1047 2343 1153 2396 τὸν
1205 2345 1372 2396 Θεόν*
1424 2347 1472 2397 εί
1525 2345 1600 2416 μὴ
1634 2345 1842 2410 τούτοις

257 2427 512 2497 ὁμαρτεῖ.
543 2430 650 2500 Τὴν
685 2433 783 2500 μὲν
819 2435 925 2504 γὰρ
948 2435 1143 2506 ἀρχὴν,
1169 2436 1260 2503 ἀφ’
1295 2430 1361 2507 ἧς
1395 2437 1789 2507 ἀνεϐλάστησεν
1815 2441 1844 2492 ὁ

261 2521 556 2591 ὁρῡότατος
576 2525 770 2592 Λόγος,
799 2527 890 2579 τὸν
933 2527 1151 2598 Πατέρα
1179 2530 1271 2581 καὶ
1315 2529 1544 2600 ποιητὴν
1575 2529 1682 2582 τῶν
1707 2529 1842 2582 ὅλων

263 2613 486 2680 φατέον,
530 2617 586 2668 ἐν
623 2610 667 2683 ᾧ
698 2613 784 2688 ἦν·
821 2619 881 2670 τὸ
921 2619 977 2672 δὲ
1029 2616 1216 2686 Οὗτος
1400 2621 1469 2674 ἐν
1503 2621 1660 2689 ἀρχῇ
1692 2623 1840 2690 πρὸς

266 2704 437 2768 Θεὸν,
478 2708 537 2759 τὸ
581 2709 981 2775 ὲξουσιαστικὸν
1020 2711 1113 2765 τοῦ
1155 2713 1350 2782 Λόγου,
1384 2713 1412 2766 ὃ
1441 2712 1552 2784 εἶχε
1584 2714 1733 2786 παρὰ
1765 2715 1842 2785 τῷ

1945 1885 2062 1931 erat
2088 1892 2521 1948 congruumque,
2578 1887 2637 1932 ut
2671 1888 2854 1932 creata
2908 1879 3111 1942 omnia,
3144 1877 3343 1952 quippe
3373 1874 3516 1928 facta

1945 1985 2040 2040 per
2070 1969 2240 2034 illam,
2277 1979 2462 2024 essent
2484 1985 2548 2022 ea
2589 1971 2914 2038 posteriora.
2947 1968 3082 2023 Nam
3113 1969 3256 2032 vide,
3286 1983 3414 2021 num
3449 1965 3518 2018 il-

1944 2062 2037 2116 lud
2067 2062 2437 2132 evangelicum
2477 2080 2491 2116 :
2526 2061 2592 2114 In
2621 2063 2874 2130 principio
2895 2071 3006 2116 erat
3036 2061 3279 2123 Verbum,
3306 2069 3352 2112 et
3390 2057 3519 2111 Ver-

1949 2154 2069 2208 bum
2098 2167 2208 2209 erat
2252 2155 2390 2224 apud
2421 2155 2590 2209 Deum
2627 2172 2645 2210 :
2676 2166 2725 2209 et
2763 2155 2898 2208 Deus
2943 2165 3056 2208 erat
3116 2153 3362 2208 Verbum.
3401 2150 3517 2204 Hoc

1947 2257 2060 2302 erat
2085 2250 2135 2301 in
2167 2249 2421 2316 principio
2443 2247 2580 2318 apud
2609 2247 2845 2314 Deum‘;
2879 2247 2998 2302 istis
3025 2256 3390 2301 consentanee
3420 2244 3520 2298 ha-

1948 2340 2092 2394 beat.
2130 2338 2462 2409 Principium
2494 2342 2638 2396 enim
2675 2340 2858 2402 fuerit,
2893 2339 3054 2394 Pater
3085 2340 3175 2395 ille
3217 2348 3271 2393 et
3300 2344 3518 2392 creator

1947 2433 2348 2498 universorum,
2382 2449 2447 2488 ex
2479 2449 2586 2504 quo
2619 2433 2958 2504 germinavit,
2984 2430 3128 2504 quod
3145 2443 3262 2486 erat
3293 2431 3347 2484 in
3373 2430 3514 2501 ipso,

1948 2529 2186 2586 Verbum
2235 2531 2622 2586 rectissimum.
2677 2529 2813 2585 lllud
2848 2538 3028 2586 autem
3061 2548 3076 2583 :
3113 2528 3228 2582 Hoc
3255 2539 3370 2582 erat
3401 2525 3516 2596 (28)

1946 2624 1999 2676 in
2037 2623 2293 2694 principio
2334 2623 2474 2692 apud
2516 2623 2704 2689 Deum,
2752 2621 2910 2677 Verbi
2957 2621 3318 2692 principatum
3363 2619 3517 2672 illum

1948 2731 2106 2784 quem
2145 2713 2287 2786 apud
2318 2713 2554 2778 Patrem,
2590 2717 2906 2786 priusquam
2938 2713 3174 2768 mundus
3214 2717 3515 2772 crearetur,

262 2797 446 2868 Πατρὶ
488 2800 585 2852 καὶ
631 2802 734 2872 πρὸ
765 2803 859 2856 τοῦ
893 2803 984 2857 τὸν
1030 2805 1232 2875 κόσμον
1266 2807 1344 2870 εἰς
1390 2805 1600 2874 γένεσιν
1643 2806 1842 2877 παρελ-

1952 2807 2181 2862 liberum
2217 2805 2431 2874 habuit,
2487 2805 2798 2878 signiﬁcare
2847 2804 3090 2871 videtur;
3125 2803 3272 2858 velut
3305 2800 3518 2854 Princi-

374 2957 395 2985 ’
426 2953 554 3009 Gen.
589 2971 628 3021 ι,
664 2957 714 3012 1.
745 2958 765 2989 ³
788 2957 943 3015 Prov.
981 2976 1098 3026 vni,
1121 2960 1212 3017 22.
1239 2960 1438 3015 ‘Joan.
1473 2978 1512 3027 ι,
1542 2962 1592 3016 1.

271 3110 393 3167 Mox
426 3115 485 3167 τὸ
515 3117 640 3170 ἄνευ
673 3115 930 3186 μελισμοῦ
978 3118 1154 3186 palam
1190 3118 1448 3173 vitiosum
1492 3125 1597 3174 est.
1650 3117 1844 3173 Schot-

267 3191 380 3246 tus,
429 3186 543 3240 sine
594 3191 822 3256 Portium
875 3186 1231 3242 distinctione.
1260 3188 1400 3254 Quid
1427 3190 1572 3244 enim
1607 3206 1733 3244 vero
1775 3189 1842 3243 ad

264 3258 648 3377 areposituui?
697 3255 1002 3323 Legendum
1053 3274 1182 3329 ergo
1220 3259 1552 3330 μελλησμοῦ,
1600 3269 1658 3313 ut
1691 3259 1750 3313 V.
1787 3268 1842 3316 et

320 3327 461 3377 .-νει
485 3327 648 3377 etiam
685 3327 980 3377 ιιελτισαοῦ.
1033 3337 1092 3377 ut
1134 3345 1523 3377 nonmnmuam
1571 3331 1842 3377 scribitur.

320 3327 461 3390 .,ve|
485 3327 648 3380 etiam
684 3327 980 3397 μελησμοῦ,
1033 3337 1092 3382 ιιι
1123 3327 1524 3398 nonnunquam
1571 3331 1846 3393 scribitur,

262 3405 325 3448 ut
360 3404 615 3466 prompta
651 3413 829 3452 rerum
880 3414 945 3453 ex
992 3400 1165 3453 nihilo
1198 3401 1438 3466 eductio,
1477 3399 1586 3456 Deo
1618 3409 1848 3458 vocante

264 3467 537 3536 nulloque
571 3469 867 3532 obnitente,
897 3472 1254 3539 exprimatur.

342 3602 460 3676 (ξιξ)
492 3602 881 3676 Κατακοοςμεῖ.
906 3601 1076 3676 Andr.
1113 3603 1392 3676 Schottus,
1419 3608 1769 3676 μετακοσμεῖ.

342 3674 462 3742 (‘25)
490 3671 704 3726 Librum
732 3671 834 3726 Job
861 3691 970 3727 esse
1000 3672 1188 3729 Mosis.
1226 3675 1319 3730 Est
1350 3671 1463 3729 huic
1502 3671 1848 3745 communio:

263 3745 566 3813 veriorque
600 3745 1071 3814 sententia,ﬁquam
1096 3747 1344 3814 pluribus
1369 3745 1528 3801 docte
1551 3746 1844 3801 admodum

263 3814 513 3883 esplicat
543 3820 832 3884 tueturque
875 3813 1110 3869 Jacobus
1142 3815 1416 3871 Bolducus
1438 3816 1554 3873 ord.
1587 3815 1645 3871 S.
1674 3815 1847 3872 Fran-

266 3885 408 3938 cisci
439 3884 642 3954 Capuc.
665 3927 678 3948 ,
709 3885 968 3954 prmludio
993 3899 1053 3948 ιι,
1093 3885 1145 3938 in
1179 3901 1338 3940 suum
1372 3885 1493 3941 Job.

344 3900 408 3936 tm
439 3900 642 4004 ealcum
665 3927 678 3948 ,
709 3900 968 3954 pranumo
993 3900 1053 3948 ιι,
1093 3901 1145 3938 ιη
1179 3901 1338 3940 suum
1372 3900 1493 3941 J01).

344 3954 464 4023 (ἐϋ)
559 3956 930 4026 onerraverit,
989 3956 1078 4026 qui
1122 3955 1473 4025 Principium,
1508 3964 1615 4011 etc.
1660 3955 1842 4012 Secuti

267 4033 572 4097 sunteam
618 4024 871 4097 Methodii
918 4024 1316 4097 expositionem
1359 4028 1696 4097 Augustinus
1743 4028 1779 4080 l.
1826 4045 1841 4082 ι

269 4093 350 4148 De
395 4096 528 4149 Gen.
557 4095 626 4146 ad
663 4096 768 4159 lit.,
798 4112 848 4149 c.
877 4097 899 4149 ί
929 4114 944 4161 ;
973 4095 1206 4151 Basilius
1239 4105 1292 4151 et
1341 4093 1662 4152 Ambrosius
1692 4097 1839 4152 hom.

268 4166 324 4237 in
357 4164 639 4237 llexaem.,
669 4173 818 4220 etest
853 4167 1106 4222 subtilis:
1143 4182 1453 4237 quanquam
1477 4169 1840 4222 uonomnium

270 4235 416 4307 forte
435 4235 674 4307 maxime
696 4237 942 4292 litteralis
974 4256 988 4291 :
1027 4253 1134 4306 qua
1159 4235 1228 4293 de
1258 4235 1320 4292 re
1343 4241 1682 4307 expositores
1732 4239 1800 4292 ad
1825 4255 1841 4292 1

267 4305 408 4359 illud
432 4314 598 4372 caput
631 4305 764 4360 Gen.
1044 4305 1050 4306 ⁷
1157 4367 1170 4372 _

342 4375 470 4448 (2η
488 4375 748 4448 Dominus
769 4379 960 4431 creavit
984 4394 1083 4438 me,
1113 4385 1217 4432 etc.
1247 4377 1338 4433 Sic
1357 4377 1518 4443 LXX,
1550 4377 1729 4430 ἔκτισέ
1757 4395 1844 4448 με,

265 4445 538 4506 condidit,
568 4448 757 4499 creavit
783 4465 880 4508 me.
915 4449 1059 4517 quod
1096 4464 1204 4501 non
1237 4449 1516 4503 minimam
1545 4448 1673 4502 olim
1704 4445 1846 4502 ditii-

267 4517 702 4590 cultateml‘ecit
731 4536 742 4571 :
776 4518 1155 4590 satisﬁ‘acitque
1182 4518 1565 4590 Hieronymus
1594 4519 1651 4572 in
1681 4521 1845 4588 epist.

270 4587 345 4641 ad
397 4586 682 4656 Cyprian.,
715 4589 960 4656 negando
1006 4588 1194 4643 haberi
1237 4590 1290 4642 in
1345 4586 1573 4644 Hebraeo
1624 4586 1847 4643 verbum

267 4657 578 4730 creationis
610 4673 730 4727 qua;
773 4657 972 4730 dicitur
1004 4670 1140 4718 mn.
1171 4659 1264 4714 sed
1294 4659 1697 4730 possessionem
1727 4674 1849 4729 quae

268 4729 484 4782 dicitur
507 4739 639 4807 παρέ
660 4743 768 4807 quo
806 4729 969 4807 etiam
996 4730 1156 4783 modo
1209 4729 1411 4807 habent
1467 4729 1695 4807 Vulgata
1752 4746 1850 4807 ex-

269 4812 470 4868 pressa
498 4798 779 4864 ex'Hebr.,
816 4798 1068 4854 Dominus
1109 4799 1335 4867 possedit
1362 4817 1441 4854 me
1467 4802 1520 4854 in
1560 4800 1713 4853 initio
1738 4801 1848 4854 via-

269 4886 404 4943 runr
431 4869 984 4943 suarum;_quomodo
1011 4879 1064 4924 et
1095 4871 1555 4943 Aquil_a_;_Kuptog
1581 4871 1844 4943 ἐκτήσατο

274 4937 639 5012 μεῨάρχῆθεν.
676 4939 813 5012 Quia
842 4946 1023 5012 tamen
1049 4937 1208 4995 etiam
1238 4939 1378 4994 LXX
1409 4937 1654 4998 salvandi
1691 4937 1838 5004 sunt,

271 5009 329 5062 et
357 5009 522 5082 lectio
573 5017 657 5082 tot
709 5009 976 5082 Patribus
1011 5023 1242 5082 recepta,
1295 5013 1584 5070 dicendum
1631 5012 1848 5068 videtur

272 5077 697 5154 cum_Jan_senio
717 5080 785 5134 ad
812 5095 938 5134 eum
967 5077 1166 5154 locum,
1197 5082 1668 5154 idegmisigniﬁcari
1695 5092 1849 5139 utra-

272 5164 382 5220 que
419 5149 654 5204 lectione
683 5166 696 5200 :
729 5164 1055 5220 quanquam.
1095 5152 1184 5206 illa
1231 5152 1368 5206 LXX
1402 5149 1650 5210 nonnihil
1676 5155 1850 5210 humi-

272 5221 408 5296 lius,
426 5228 483 5296 et
507 5220 743 5296 humano
763 5220 924 5296 modo
951 5237 963 5272 :
991 5223 1308 5296 signiﬁcari,
1339 5227 1581 5295 inquam,
1617 5224 1848 5296 Sapien-

273 5293 363 5345 tiae
401 5290 552 5344 illius
572 5291 984 5345 subsistentiam
1015 5290 1062 5344 a'
1081 5291 1268 5355 Patre,
1298 5290 1429 5350 ante
1455 5311 1670 5350 omnem
1692 5290 1845 5350 crea-

270 5369 499 5432 tiiram;
535 5368 904 5432 aeternamque
931 5363 1352 5427 emanationem,
1389 5367 1536 5420 velut
1569 5363 1843 5428 Rationis,

268 5430 324 5483 in
342 5445 468 5504 _qu_a
491 5437 548 5504 et
577 5446 674 5499 per
701 5430 865 5504 quain
893 5441 1212 5504 crearentur
1233 5435 1418 5488 omnia
1445 5454 1458 5489 :
1493 5443 1656 5504 atque
1684 5435 1842 5497 adeo.

267 5501 523 5574 pﬁncipii
557 5516 624 5554 ex
667 5503 924 5569 principio
970 5501 1065 5557 illo
1117 5505 1373 5572 singulari
1424 5507 1538 5559 sine
1567 5501 1844 5574 principio,

273 5569 462 5674 me:
488 5587 674 5674 tam:
695 5579 913 5674 5113.33}.
935 5589 1108 5674 ira:
1140 5569 1358 5674 ,ιξξεται
1392 5569 1845 5674 erae

274 5638 666 5715 mmv._Velut
695 5638 1000 5715 creaturet
1056 5643 1112 5715 ﬁt
1139 5638 1368 5699 aliorum
1403 5645 1580 5715 ipsum
1615 5638 1846 5699 'P'r'inci-

275 5712 446 5781 pium,
481 5711 663 5782 inquit
698 5710 1022 5782 Methodius,
1056 5714 1326 5772 inhaerens
1355 5710 1538 5788 phrasi
1575 5715 1652 5772 illi
1697 5715 1845 5781 Scri-

1949 3126 2144 3188 pturre,
2179 3116 2366 3188 eodem
2384 3113 2612 3188 proinde
2637 3112 2796 3168 modo
2821 3107 3173 3188 exponendus
3193 3107 3517 3188 ;_Pa_trisque

1954 3180 2099 3242 illam
2137 3187 2358 3256 ingeniti
2387 3180 2671 3240 notionem
2713 3198 2783 3256 ac_
2810 3180 3184 3256 auctoritatem
3210 3180 3514 3256 iusiimans.

1952 3276 2058 3328 qua
2083 3251 2243 3328 etiam
2270 3257 2675 3328 emanationum
2721 3253 2788 3306 ad
2838 3253 3000 3328 intra,
3032 3251 3305 3328 totiusque
3338 3251 3518 3306 Triui-

1956 3321 2085 3383 t'atis
2120 3327 2240 3381 fons
2261 3327 2479 3388 dicitur,
2509 3336 2558 3379 et
2604 3331 2688 3378 est
2736 3340 2878 3378 unus
2902 3323 3037 3394 ipse,
3065 3321 3207 3392 ἀρχὴ
3238 3322 3471 3394 ἄναρχος
3498 3339 3513 3374 :

1954 3414 2062 3453 non
2101 3399 2168 3450 ad
2217 3396 2552 3450 exsistentiaa
2580 3395 2778 3464 prioris
2821 3393 3228 3464 exclusionem;
3260 3394 3339 3446 sic
3371 3393 3515 3464 enim

1951 3478 2005 3523 et
2033 3467 2202 3522 Filius
2233 3466 2467 3537 ἄναρχος
2502 3461 2606 3537 εει]
2641 3473 2704 3537 ut
2761 3465 2895 3537 bene
2938 3461 3232 3537 Gregorius
3264 3471 3401 3537 orat.
3443 3463 3520 3517 De

1953 3539 2173 3608 theolog.
2203 3533 2406 3608 aliique
2436 3536 2636 3606 passim
2666 3533 2876 3608 Graeci;
2904 3533 3002 3608 sed
3029 3548 3123 3600 per
3161 3535 3516 3608 remotionetn

1952 3603 2154 3672 αἰτίας,
2185 3623 2248 3661 ac
2281 3603 2450 3662 velut'
2476 3621 2656 3661 causa:
2685 3603 3048 3675 principiique
3101 3603 3318 3675 essendi
3347 3621 3360 3657 :
3390 3619 3515 3656 nam

1952 3671 2175 3734 causam
2225 3678 2278 3731 in
2326 3678 2526 3732 divinis
2581 3671 2701 3730 non'
2740 3675 2813 3728 ita
2866 3671 3047 3728 ferunt
3100 3671 3300 3735 Latini,
3334 3680 3518 3727 utnec

1953 3748 2148 3810 Grarci,
2183 3749 2377 3872 ἀρχἾν,
2407 3749 2550 3802 bono
2580 3747 2794 3814 utrique
2846 3759 3034 3806 sensu,
3067 3743 3294 3866 aliisq‘I‘ie
3317 3751 3370 3797 et
3395 3743 3518 3799 aliis

1953 3821 2136 3872 verbis
2185 3835 2307 3872 auo:
2388 3833 2580 3872 sanum
2638 3826 2742 3872 est.
2794 3814 3153 3872 exolicantes.
3261 3815 3343 3868 ale
3387 3830 3518 3872 ergo

1951 3821 2136 3875 verbis
2185 3814 2330 3882 quod
2388 3833 2580 3874 sanum
2638 3826 2742 3880 est,
2794 3814 3158 3884 explicantes.
3207 3814 3518 3884 Malerergo

1953 3889 2215 3944 Schottus
2237 3888 2317 3948 τὸ,
2354 3889 2484 3942 ἰδίαν
2506 3887 2738 3959 ἄναρχον
2763 3883 2958 3959 ἀρχὴν,
2982 3883 3248 3952 proprium
3282 3883 3519 3959 reddidit

1952 3971 2304 4022 a'ternumque
2327 3955 2688 4027 principium?
2722 3971 2820 4010 nec
2842 3955 2975 4027 satis
3000 3971 3151 4027 sane,
3175 3969 3296 4027 cum
3311 3955 3418 4027 di_et
3428 3971 3516 4027 um

1950 4030 2089 4083 κατὰ
2114 4023 2396 4100 διαστολὴν
2427 4023 2504 4084 (Ιε
2531 4027 2725 4100 Patre,
2746 4026 2929 4094 negari
2959 4025 3204 4079 videatur
3237 4025 3303 4078 de
3343 4023 3516 4090 Filio;

1951 4101 2094 4167 quod
2150 4107 2295 4155 esset
2354 4098 2508 4154 valde
2557 4098 2973 4168 blasphemum,
3036 4110 3316 4168 purusque
3351 4105 3519 4164 putus

1949 4169 2310 4224 Arianismus.

2021 4240 2130 4311 (28)
2166 4238 2309 4292 Illud
2339 4248 2514 4292 autem
2545 4254 2562 4291 :
2593 4236 2708 4311 Hoc
2726 4245 2860 4300 erat,
2882 4244 2987 4311 etc.
3023 4234 3328 4311 Singularis
3361 4236 3521 4311 pl_a_ne

1955 4304 2062 4373 hic,
2095 4304 2408 4379 quanquam
2441 4325 2548 4363 non
2603 4309 2812 4379 alienus
2858 4322 2886 4360 a
2923 4307 3107 4379 phra_s_i
3131 4304 3376 4379 'Graaea,
3409 4305 3522 4379 hle-

1955 4374 2128 4435 thodii
2157 4374 2354 4436 setisus
2397 4395 2410 4430 :
2445 4381 2554 4434 imo
2605 4393 2704 4432 nec
2734 4393 2764 4431 a
2788 4374 2998 4432 Latina.
3050 4374 3184 4430 Nam
3214 4378 3378 4432 etiam
3412 4375 3521 4434 La-

1953 4452 2106 4513 tinis,
2135 4467 2247 4505 esse
2282 4451 2334 4503 in
2369 4450 2709 4520 magistratu,
2741 4465 2852 4503 esse
2896 4448 2949 4500 in
2976 4447 3254 4520 dignitate.
3291 4457 3421 4520 etc.,
3450 4463 3520 4520 eo

1950 4537 2115 4576 sensu
2142 4527 2360 4590 recepta
2400 4517 2548 4574 sunt.
2585 4519 2720 4573 Cum
2756 4533 2900 4590 ergo
2938 4517 3000 4571 τὸ
3019 4517 3158 4590 ἀρχή
3183 4517 3413 4590 Graecis
3446 4519 3520 4574 sit

1948 4588 2308 4662 aaquivocuni,
2341 4590 2649 4662 neciminus
2681 4589 3030 4662 principatum
3052 4588 3329 4662 signiﬁcet
3353 4604 3520 4662 quam

1947 4658 2285 4732 principium,
2314 4661 2492 4732 potuit
2517 4658 2822 4732 Methodius
2852 4659 3154 4732 intelligere
3184 4658 3380 4732 verbis
3409 4659 3520 4732 illis

1947 4729 2499 4804 signiﬁcatumr’Verbi
2517 4731 2685 4804 divini
2714 4731 3097 4804 principatum,
3115 4736 3174 4782 ut
3199 4729 3518 4804 essistentia

1947 4799 2068 4875 ejus
2099 4803 2241 4874 apud
2288 4802 2456 4858 Deum
2481 4811 2536 4875 et
2561 4799 2788 4875 Patrem
2836 4799 2907 4855 iis
2944 4799 3513 4875 velut.qua__liﬁcetur_:

1947 4867 2093 4945 q'uod
2117 4867 2275 4946 plane
2297 4873 2549 4998 congbruit
2578 4872 2655 4926 illi
2678 4873 2815 4942 psal.
2847 4887 2956 4935 CIX,
2993 4869 3129 4941 μετὰ
3146 4867 3253 4951 σου
3285 4871 3317 4940 ἡ
3348 4869 3514 4942 ἀρχή,

1948 4947 2043 4998 καὶ
2073 4947 2141 4998 τὰ
2173 4945 2330 4998 ἑξῆς.
2385 4962 2417 4998 ιι
2460 4945 2474 4998 i
2512 4941 2704 4998 Latina
2735 4961 2746 4996 :
2780 4942 2972 4996 Tecum
3003 4941 3338 4998 principium,
3363 4951 3467 4996 etc.
3496 4957 3512 4998 ;

1948 4941 2043 5000 καὶ
2073 4941 2141 5000 τὰ
2173 4945 2330 5016 ἑξῆς,
2385 4941 2474 4998 ubi
2512 4941 2704 5016 Latina
2735 4961 2746 4996 :
2780 4942 2972 5016 Tecum
3003 4941 3338 5016 principium,
3363 4941 3467 4996 etc.
3496 4957 3512 5004 ;

1949 5017 2043 5074 sed
2097 5033 2164 5071 ex
2207 5011 2369 5072 llebr.
2414 5023 2629 5072 constat
2677 5014 2956 5082 legendum
3010 5011 3384 5080 principatus:
3415 5025 3516 5066 nec

1947 5089 2054 5144 nisi
2089 5083 2542 5156 καταχρηστικῶς
2590 5083 2943 5156 nonnihilque
2982 5082 3243 5156 barbare,
3282 5082 3513 5156 alterum

1946 5173 2046 5227 pro
2080 5151 2622 5227 altero'Lpositum-ab
2649 5153 2956 5227 interprete,
2978 5167 3086 5208 non
3105 5167 3172 5227 ex
3203 5151 3389 5227 llebr.,

1945 5221 2010 5281 ex
2044 5227 2236 5280 Graeco
2269 5221 2411 5281 LXX
2448 5221 2728 5278 reddente.
2757 5221 3026 5290 Legerunt
3075 5221 3196 5283 sine
3239 5222 3405 5275 dubio
3434 5223 3512 5275 illi

1943 5291 2115 5355 nam}
2143 5305 2272 5378 313g
2298 5293 2636 5366 (Himmecha
2667 5292 2946 5364 nedaboth)
2978 5306 3075 5346 seu
3127 5291 3309 5362 potius
3350 5302 3514 5380 nm:

1945 5399 2299 5472 (Nedabuth),
2340 5408 2410 5462 ut~
2451 5401 2589 5456 bene
2649 5398 2882 5472 Sanctus
2929 5404 3138 5472 noster,
3169 5381 3516 5472 rectequeet

1943 5467 2220 5540 eleganter
2257 5467 2661 5543 expresserunt
2712 5468 2940 5543 Graece,‘
2975 5468 3110 5543 μετὰ
3162 5467 3311 5543 acui)
3343 5467 3514 5543 ἀρχή,

1944 5539 2050 5610 pro
2101 5558 2210 5612 quo
2266 5539 2379 5610 jam
2423 5541 2647 5596 mutatis
2674 5541 2893 5610 punctis
2928 5539 3160 5610 legimus
3190 5539 3352 5598 nim:

1947 5646 2273 5716 (hammeclta
2299 5644 2600 5716 nedaboth),
2631 5644 2851 5714 populus
2873 5655 2992 5703 tuus
3015 5656 3350 5717 spontaneus,
3369 5643 3514 5717 quod

1946 5724 2009 5776 et
2030 5718 2209 5787 ipsum
2243 5717 2528 5786 imperium
2560 5718 2800 5786 respicit.
