3972 6212
212 284 321 341 3&9

1322 284 1561 343 SERMO
1601 285 1688 342 DE
1731 285 2034 344 SIMEONE
2070 285 2161 343 ΕΤ
2196 284 2433 343 ANNA.'

3360 291 3468 349 550

215 401 321 472 τῆς
350 397 592 470 ἐμψύχου
625 382 861 454 κιϐωτοῦ
882 438 898 465 ,
946 399 1024 464 ὡς
1054 400 1147 453 ὲπλ⁵
1194 399 1524 474 ἱλαστήριον,
1557 400 1650 454 ἐπὶ
1693 401 1797 471 γῆς

1900 401 2200 472 respiciens
2247 402 2310 457 ¹².
2368 399 2433 455 In
2481 383 2699 472 propria
2743 401 3009 467 Dominus
3076 406 3355 477 manifeste
3384 425 3471 463 vc-

221 489 516 564 πομπεὺει.
533 490 749 562 Ταύτης
774 490 1126 561 προσψαύσας
1152 491 1409 564 τελώνης,
1442 491 1645 555 δίκαιος
1672 491 1793 544 ἀνα-

219 580 514 636 δείκνυται.
568 580 757 652 Ταύτῃ
828 580 1253 652 προσπελάσασα
1308 581 1503 652 πόρνη,
1562 578 1794 651 σώφρων

220 675 638 731 ἁναπλάττεται,
668 675 854 749 Ταύτῃ
888 673 1042 741 θίξας
1075 674 1297 747 λεπρὸς,
1331 672 1617 737 ἀνωδύνως
1656 673 1793 726 ἀνα-

218 768 561 838 χαλκεύεται.
621 767 827 821 Οὐδένα
882 768 1217 821 ἀπωθεῖταιο
1273 766 1465 820 οὐδένα
1508 764 1794 836 βδελύσσε-

217 875 326 911 ται.
381 858 670 911 Μεταδιδοῖ
718 858 826 912 τῶν
862 857 1136 936 ὑγιεινῶν,
1196 859 1256 912 οὐ
1301 856 1794 929 μεταλαμϐάνουσα
1822 860 1843 871 ‘

217 950 327 1005 τῶν
356 950 615 1022 νοσερῶν
666 952 696 1004 ὁ
742 951 850 1024 γὰρ
876 951 977 1022 τῆς
1006 950 1417 1022 φιλανθρωπίας
1460 950 1665 1021 Κύριος
1697 952 1795 1004 ὲπ-

215 1044 558 1099 αναπαύεται
601 1044 759 1115 αὐτῇ.
807 1044 991 1097 Ταῦτα
1036 1044 1134 1115 τῆς
1174 1044 1300 1108 νέας
1340 1043 1562 1115 χάριτος
1592 1040 1661 1095 τὰ
1693 1041 1798 1094 δω-

218 1137 458 1209 ρήματα.
502 1135 672 1189 Τοῦτο
716 1136 1025 1208 πρόσφατον
1066 1137 1288 1206 γέγονεν
1337 1135 1442 1189 ὑπὸ
1480 1134 1570 1188 τὸν
1622 1132 1793 1204 ἣλιον,

216 1228 277 1280 οὐ
312 1226 483 1280 πάλαι
534 1226 773 1295 γεγονὸς,
821 1226 926 1279 οὐδ’
962 1222 1029 1282 αὖ
1075 1226 1371 1300 μετέπειτα
1410 1223 1794 1296 γενησόμενον.

216 1321 504 1394 Προὼρισε
537 1321 647 1393 (58)
681 1322 749 1376 δι’
788 1319 967 1377 οἶκτον
996 1323 1090 1377 τὸν
1134 1322 1272 1393 πρὸς
1307 1324 1475 1394 ἡμᾶς,
1506 1318 1658 1395 ἦλθε,
1702 1319 1797 1373 καὶ

214 1414 504 1485 ἐπλήρωσε
539 1414 626 1467 διὰ
669 1413 1076 1486 φιλανθρωπίαν
1119 1414 1218 1487 τὴν
1270 1413 1421 1485 αὐτῷ
1455 1414 1793 1487 πρέπουσαν.

215 1505 460 1571 Εἰκότως
506 1506 636 1576 γοῦν
685 1508 780 1560 καὶ
819 1507 1118 1579 ἀνέκραγεν
1162 1510 1195 1579 ἡ
1233 1506 1355 1578 ἱερὰ
1401 1507 1656 1577 σόιλπιγξ⁶
1718 1509 1797 1563 Τὰ

212 1598 439 1668 ἀρχαῖα
465 1598 794 1669 παρῆλθεν·
828 1598 958 1653 ιδοὺ
1005 1598 1215 1670 γέγονε
1261 1598 1331 1652 τὰ
1366 1598 1564 1652 πάντα
1599 1600 1793 1655 καινά.

211 1693 326 1746 Καὶ
357 1691 414 1745 τί
463 1694 718 1764 ὲννοήσω,
752 1692 785 1765 ἢ
821 1693 874 1745 τί
904 1691 1123 1764 λαλήσω
1157 1690 1377 1758 ἐπάξιον
1412 1692 1512 1763 τῆς
1557 1692 1791 1763 ἡμέρας,

210 1787 329 1846 τοῖς
380 1763 689 1852 ἀνεφίκτοις
720 1763 1198 1854 ἐπεκτεινόμενος;
1229 1784 1388 1854 Φέρει
1423 1783 1533 1855 γὰρ
1577 1784 1665 1837 ἀεὶ
1696 1785 1796 1856 τῆς
1826 1763 1869 1818 Β

212 1876 379 1945 ἁγίας
413 1877 688 1949 Παρθένου
716 1879 749 1948 ἠ
786 1878 974 1948 μνήμη
1007 1876 1149 1929 κατὰ
1182 1876 1381 1940 παντὸς
1412 1877 1570 1946 λόγου
1612 1876 1680 1930 τὰ
1718 1894 1799 1931 νι-

211 1970 478 2041 κητήρια.
524 1971 621 2023 Διά
650 1987 733 2023 τοι
763 1969 939 2034 τοῦτο,
973 1969 1304 2039 δυσωπῆσαν
1346 1970 1476 2040 ἡμῖν
1506 1969 1603 2041 τὴν
1634 1968 1797 2023 ἀσθέ-

210 2078 369 2115 νειαν
410 2062 472 2114 τὸ
523 2062 751 2133 μέγεθος
796 2060 903 2115 τῶν
947 2061 1258 2133 ἐγκωμίων,
1302 2062 1392 2114 ἐπὶ
1434 2061 1526 2114 τὸν
1575 2060 1797 2115 δυνατὸν

209 2152 389 2225 ὕμνον
420 2154 853 2225 καταφεύγωμεν
886 2155 981 2208 καὶ
1014 2155 1110 2226 τὴν
1131 2155 1384 2227 ἀκίνητον
1406 2151 1573 2227 ἦτταν
1599 2156 1799 2224 ἐγκαυ-

206 2247 518 2318 χησάμενοι
551 2247 683 2318 (59),
715 2247 793 2319 τῷ
843 2247 1108 2319 φιλεόρτῳ
1140 2246 1376 2320 Χριστοῦ
1420 2248 1658 2318 ποιμνίῳ
1701 2265 1796 2316 γε-

206 2338 446 2410 γηθότες
481 2340 955 2413 συγχορεύσωμεν.
988 2341 1058 2396 Σὺ
1089 2340 1147 2394 δέ
1187 2359 1295 2412 μοι,
1325 2336 1369 2394 ὦ
1403 2341 1676 2396 θειότατον
1703 2340 1798 2395 καὶ

210 2428 511 2501 ἱερώτατον
544 2433 926 2505 ἀκροατήριον,
962 2432 1023 2485 τὸ
1056 2431 1276 2502 σιγηλὸν
1316 2433 1494 2497 ἄσκει,
1526 2433 1675 2496 ὅπως
1707 2431 1797 2486 διὰ

204 2524 321 2577 τῶν
367 2524 629 2595 πορθμῶν
672 2523 782 2577 τῶν
832 2524 1013 2578 ἀκοῶν
1064 2523 1316 2597 γαληνῶς
1368 2527 1490 2588 ταῖς
1535 2523 1797 2588 διανοίαις

210 2616 626 2688 ὲγκαθορμισθῇ
675 2617 775 2686 τῆς
827 2616 1084 2687 ἀληθείας
1131 2616 1201 2671 τὰ
1254 2615 1530 2686 ἀγώγιμα.
1576 2615 1797 2687 Ἐορτὴν

206 2712 445 2782 ἄγομεν,
476 2712 576 2781 οὐχ
620 2709 938 2781 Ἑλληνικῆς
962 2706 1358 2780 είκαιομυθίας,
1392 2706 1672 2777 γελοποιδν
1704 2708 1797 2761 καὶ

206 2800 585 2873 ὲμῦρόντητον
654 2799 788 2855 θεῶν
843 2799 1083 2854 ἑστίασιν
1148 2800 1440 2872 φέρουσαν,
1501 2799 1635 2852 ἀλλὰ
1694 2798 1796 2869 τῆς

204 2894 480 2948 ἀπέκτου
512 2891 668 2963 δόξης
697 2891 791 2946 τοῦ
836 2892 929 2946 ἐπὶ
961 2890 1177 2945 πάντων
1209 2890 1345 2944 Θεοῦ
1392 2889 1797 2960 συγκαταϐασιν

206 2986 666 3040 ἑκτταιδεύουσαν.

1896 495 1971 548 nit
2006 494 2365 564 “;-viva:que
2395 501 2448 548 et
2476 494 2729 550 animatae
2770 510 2932 561 arcae,
2965 512 3064 552 ceu
3086 500 3467 570 propitiatorio

1895 588 2164 654 insidens,
2200 602 2399 659 pompa
2433 587 2489 641 in
2518 596 2665 641 terra
2717 589 2981 658 procedit.
3021 588 3174 646 Hanc
3218 592 3469 661 publica-

1893 695 2002 737 nus
2032 680 2379 750 contingens,
2427 678 2612 749 justus
2662 680 2864 736 evadit.
2924 680 3064 736 Huic
3110 698 3170 737 se
3209 684 3466 743 meretrix

1896 774 2202 844 applicans,
2227 773 2375 828 velut
2401 786 2542 827 nova
2581 772 2801 827 ﬁctione
2830 783 2983 829 casta
3014 775 3281 831 redditur.
3315 775 3468 834 lianc

1895 866 2148 936 leprosus
2175 872 2549 929 contrectans,
2602 865 2721 920 sine
2754 864 2943 922 dolore
2984 882 3173 931 sanus,
3209 869 3356 925 velut
3386 884 3471 926 ro-

1897 958 2136 1013 cuditur.
2184 955 2467 1013 Neminem
2515 958 2748 1027 repellit.
2796 960 3065 1014 neminem
3099 961 3467 1019 abominatur.

1896 1050 2213 1121 lmpertitur
2231 1052 2524 1118 sanitates;
2556 1066 2664 1106 non
2683 1053 2973 1123 participat
2989 1054 3192 1124 aliquid
3219 1056 3465 1113 noxium.

1897 1139 2375 1211 Propensissimus
2403 1139 2548 1195 enim
2581 1154 2710 1210 erga
2740 1141 2988 1197 homines
3014 1142 3276 1200 Dominus
3322 1146 3377 1199 in
3402 1162 3469 1203 ea

1895 1230 2211 1302 requiescit.
2251 1230 2392 1285 Sunt
2420 1230 2536 1286 haec
2566 1246 2721 1286 nova:
2751 1232 2939 1299 gratia:
2967 1248 3216 1291 munera.
3252 1232 3367 1291 Hoc
3388 1252 3471 1293 re-

1897 1339 2030 1380 cens
2058 1339 2370 1395 novumque
2402 1324 2602 1380 accidit
2655 1325 2759 1381 sub
2801 1327 2917 1381 sole
2956 1327 3036 1396 ἰς
3104 1343 3205 1385 nec
3232 1330 3361 1383 olim
3393 1330 3472 1385 fa-

1897 1424 2069 1481 ctum,
2097 1431 2197 1471 nec
2224 1424 2348 1486 post
2372 1415 2637 1472 futurum.
2670 1415 2823 1484 Quod
2848 1434 2948 1489 pro
2971 1434 3071 1475 sua
3100 1418 3248 1476 Deus
3280 1421 3334 1475 in
3368 1434 3474 1479 nos

1898 1508 2273 1565 misericordia
2308 1508 2691 1580 praeliniverat,
2724 1511 2903 1578 venit;
2939 1521 2994 1567 et
3044 1529 3144 1584 pro
3175 1529 3276 1569 sua
3306 1515 3472 1587 digna

1897 1616 2023 1671 erga
2055 1600 2353 1656 humanum
2388 1618 2561 1672 genus
2592 1605 2972 1674 propensione,
3028 1605 3145 1677 ipse
3204 1608 3470 1678 adimple-

1896 1691 1995 1744 vit.
2025 1692 2202 1757 Quare
2246 1692 2374 1762 jure
2407 1695 2615 1765 optimo
2688 1710 2846 1750 sacra
2881 1697 2971 1750 illa
3006 1698 3135 1752 tuba
3169 1699 3410 1754 intonuit
3451 1718 3469 1757 :
3516 1751 3521 1755 .

1909 1781 2093 1836 Vetera
2129 1785 2494 1849 transierunt;
2531 1802 2646 1841 ecce
2674 1787 2821 1856 facta
2851 1797 2977 1841 sunt
3017 1792 3196 1844 omnia
3238 1808 3372 1846 nova
3402 1792 3468 1847 ".

1900 1874 2043 1942 Quid
2071 1891 2202 1931 vero
2232 1885 2412 1933 mente
2442 1879 2747 1948 concipiam
2774 1880 2975 1950 quidve
3003 1881 3218 1951 loquar,
3252 1883 3355 1937 bac
3387 1884 3472 1939 di-

1899 1982 2065 2037 gnum
2101 1966 2189 2022 die
2214 1967 2428 2024 enitens
2478 1969 2545 2023 ad
2591 1969 2952 2025 inconcessa?
2998 1970 3181 2026 Vincit
3227 1971 3373 2027 enim
3407 1989 3473 2031 ac

1899 2061 2060 2131 longe
2111 2069 2332 2131 superat
2391 2077 2609 2117 omnem
2661 2079 2991 2128 sermonem,
3044 2073 3245 2120 sanctae
3306 2066 3473 2137 hujus

1900 2149 2143 2223 Virginis
2176 2152 2461 2210 memoria.
2497 2151 2767 2219 Quocirca
2803 2155 3112 2212 deterrente
3145 2157 3340 2212 virium
3373 2173 3476 2212 no-

1905 2250 2143 2296 strarum
2174 2243 2600 2299 imbecillitatem
2630 2240 2849 2296 laudum
2875 2241 3046 2313 ipsius
3078 2244 3468 2313 magnitudine,

1902 2335 1970 2389 ad
2007 2336 2265 2407 hymnum
2297 2336 2472 2391 eidem
2500 2351 2600 2407 pro
2629 2337 2832 2408 ingenii
2862 2339 3035 2393 nostri
3073 2337 3331 2393 facultate
3380 2338 3480 2394 de-

1902 2428 2236 2482 cantandum
2280 2427 2693 2499 confugiamus;
2725 2444 2936 2500 nosque
2983 2430 3087 2501 ipsi
3125 2431 3479 2486 immobiliter

1900 2519 2076 2573 victos
2103 2518 2424 2589 gloriantes,
2462 2535 2571 2573 una
2604 2535 2728 2574 cum
2788 2520 2914 2576 festi
2969 2521 3217 2577 studioso
3270 2521 3477 2577 Christi

1901 2625 2085 2680 grege,
2114 2610 2356 2681 tripudio
2390 2611 2672 2667 saliamus.
2727 2610 2808 2667 Tu
2852 2628 2981 2668 vero
3026 2614 3159 2667 mihi
3193 2614 3248 2667 in
3288 2613 3480 2684 primis

1902 2703 2247 2759 divinissima
2280 2705 2765 2776 sacratissimaque
2813 2708 3026 2770 concio,
3064 2708 3340 2763 silentium
3384 2722 3480 2762 co-

1902 2796 2022 2859 lito,
2039 2806 2099 2851 ut
2121 2812 2217 2868 per
2239 2798 2454 2852 aurium
2473 2798 2629 2854 sinus
2661 2799 2809 2854 velut
2830 2799 3205 2870 intelligentiae
3235 2807 3476 2869 portum,

1901 2888 2148 2944 veritatis
2179 2905 2389 2945 merces
2414 2889 2628 2960 placide
2661 2890 2988 2947 subintrent.
3018 2890 3236 2946 Festum
3266 2889 3479 2960 agimus

1902 2997 2011 3036 non
2053 2998 2119 3037 ex
2150 2981 2463 3037 Graecorum
2506 2983 2661 3038 vanis
2708 2984 2929 3047 fabulis,
2959 2984 3253 3040 ridiculum
3286 2978 3481 3037 attoni-

208 3092 447 3152 tua-que
494 3080 719 3134 deorum
788 3077 1099 3132 convivium
1147 3092 1331 3132 secum
1371 3075 1683 3143 adducens;
1730 3074 1827 3131 sed
1865 3075 2011 3146 quod
2042 3076 2405 3148 importabilis
2439 3077 2645 3147 gloriae,
2674 3077 2796 3148 ejus
2845 3080 2933 3149 qui
2973 3087 3051 3133 est
3089 3093 3247 3146 super
3301 3074 3481 3130 omnia

206 3175 358 3230 Deus
404 3175 472 3239 “,
500 3171 759 3227 humilem
787 3171 855 3225 ad
882 3186 984 3226 nos
1013 3170 1426 3234 demissionem,
1467 3169 1715 3225 edoceat.

280 3269 358 3321 B'.
402 3267 544 3337 Φέρε
574 3265 770 3329 τοίνυν,
805 3262 1404 3336 σεμνολόγενκηρύκων,
1446 3265 1541 3318 καὶ
1575 3263 1795 3336 μέγιστε

1967 3253 2033 3312 ll.
2070 3255 2182 3327 Age
2211 3272 2342 3327 ergo
2364 3297 2377 3320 ,
2411 3256 2553 3312 inter
2598 3272 2878 3327 praecones
2910 3256 3236 3328 gravissime
3264 3273 3328 3314 ac
3358 3276 3479 3317 ma-

209 3356 775 3433 προφητῶν,Ἠσαῖα,
809 3354 877 3408 τὰ
918 3355 1014 3426 τῆς
1060 3353 1270 3421 ἐνδόξου
1313 3353 1673 3425 πανηγύρεως
1705 3369 1795 3422 φι-

209 3451 440 3519 λοσόφει
483 3450 551 3518 τῇ
604 3446 899 3516 Ἐκκλησία
947 3446 1242 3517 μυστήρια,
1291 3443 1385 3498 καὶ
1416 3441 1654 3513 δαψιλῶς
1695 3444 1798 3512 έμ-

207 3541 528 3615 ιρορηθῆναι
570 3538 676 3592 τῶν
715 3536 1087 3609 ἀναφαιρέτων
1120 3535 1339 3606 ἀγαθῶν
1368 3536 1644 3608 πρότρεπε
1674 3533 1800 3596 τοὺς

207 3633 545 3694 καλλίστους
568 3630 912 3702 δαιτυμόνας,
954 3629 1100 3693 ὅπως
1131 3627 1210 3701 τῷ
1242 3627 1392 3700 παρὰ
1436 3627 1520 3681 σοὶ
1552 3626 1800 3697 ἐσόπτρῳ

205 3727 310 3797 τὴν
342 3726 483 3795 παρ’
510 3725 638 3795 ἡμῖν
664 3721 918 3794 ἀλήθειαν
942 3720 1279 3787 ἀντιζεύξας,
1314 3722 1390 3784 ὡς
1411 3720 1647 3790 ἀψευδὴς
1670 3719 1801 3770 ὑπο-

206 3818 421 3887 φήτης,
442 3816 599 3884 χεῖρα
628 3811 723 3864 ἐπὶ
754 3814 909 3884 χεῖρα
930 3814 1202 3885 κροτήσῃς
1221 3811 1299 3882 τῷ
1328 3810 1469 3865 τέλει
1493 3808 1600 3863 τῶν
1632 3811 1802 3880 προρ-

209 3909 462 3980 ρήσεων
508 3903 791 3975 Ἐγένετο,
816 3904 970 3974 φησὶ,
988 3901 1095 3956 τοῦ
1116 3901 1393 3957 ἐνιαυτοῦ
1411 3897 1482 3958 οὗ
1500 3901 1801 3956 ἀπέθανεν

222 3994 420 4062 Ὁζῐας
452 3997 488 4048 ὁ
514 3992 836 4060 βασιλεὺς,
864 3988 1027 4046 εἶδον
1058 3991 1166 4045 τὸν
1204 3992 1424 4059 Κύριον
1462 3990 1801 4060 καθήμενον

207 4088 316 4142 ἐπὶ
372 4087 587 4154 θρόνου
624 4086 869 4154 ὑψηλοῦ
899 4085 997 4140 καί
1043 4081 1401 4153 ἐπῃρμένου,
1433 4081 1531 4137 καὶ
1563 4080 1801 4149 πλήρης

209 4184 242 4234 ό
268 4176 449 4245 οἶκος
488 4176 596 4245 τῆς
624 4177 807 4245 δόξης
834 4175 1039 4231 αὐτοῦ.
1076 4175 1187 4229 Kal
1212 4173 1472 4244 σεραφὶμ
1507 4172 1803 4241 εἱστήκει-

204 4285 343 4327 car
386 4270 593 4332 κύκλῳ
637 4267 853 4321 αὐτοῦ·
898 4266 968 4332 ἐξ
1022 4266 1305 4337 πτέρυγες
1342 4265 1423 4332 τῷ
1453 4265 1565 4329 ἐνὶ,
1599 4264 1697 4318 καὶ
1730 4262 1801 4328 ἐξ

206 4358 514 4427 πτέρυγες
538 4356 618 4423 τῷ
648 4357 760 4410 ἐνί.
793 4356 899 4412 Kal
935 4356 1256 4426 ἐκέκραγεν
1292 4355 1493 4425 ἔτερος
1519 4355 1669 4423 πρὸς
1697 4354 1802 4407 τὸν·

205 4450 455 4519 ἕτερον,
496 4448 594 4501 καί
619 4446 859 4517 ἔλεγον-ο
890 4448 1112 4517 Ἄγιος,
1153 4447 1337 4518 ἅγιος,
1383 4446 1548 4517 ἅγιος
1586 4447 1802 4514 Κύριος

208 4538 492 4596 Σαϐαὼθ
540 4538 781 4608 πλήρης
827 4535 995 4594 πᾶσα
1040 4540 1079 4608 ἠ
1118 4536 1194 4609 γῆ
1218 4537 1330 4607 τῆς
1364 4537 1549 4607 δόξης
1588 4537 1796 4592 αὐτοῦ.

1901 3346 2044 3401 xime
2078 3347 2488 3416 prophetarum,
2519 3345 2682 3412 Isaia,
2715 3348 2966 3419 gloriosae
2999 3348 3336 3405 celebritatis
3383 3367 3477 3407 sa-

1901 3447 2177 3493 cramenta
2198 3439 2475 3510 sapienter
2510 3439 2786 3505 edissere;
2824 3440 3170 3510 Optimosque
3191 3441 3478 3509 convivas,

1900 3537 1961 3585 ut
1980 3531 2274 3588 stabilibus
2313 3531 2475 3587 bonis
2508 3531 2657 3601 large
2682 3539 3093 3597 exsaturentur,
3130 3533 3382 3603 impelle;
3419 3541 3481 3589 ut

1900 3628 1995 3677 tuo
2029 3623 2105 3677 illi
2154 3624 2381 3694 speculo
2412 3623 2694 3677 veritatem
2721 3631 2969 3678 nostram
3018 3638 3089 3678 ex
3123 3624 3354 3679 adverso
3384 3641 3483 3681 ne-

1900 3720 2085 3778 ctens,
2118 3713 2569 3785 praedictionibus
2600 3713 2814 3768 sortitis
2841 3713 3133 3769 terminum
3159 3752 3176 3779 ,
3232 3723 3289 3768 ut
3318 3730 3483 3773 verus

1899 3813 2075 3870 vates,
2107 3821 2329 3861 manum
2362 3805 2430 3861 ad
2453 3806 2849 3861 manumlattus
2882 3806 3227 3876 complodas:
3253 3805 3481 3862 Factum

1900 3911 2015 3965 est,
2066 3900 2278 3971 inquit,
2312 3900 2366 3953 in
2402 3915 2541 3953 anno
2581 3915 2684 3968 quo
2740 3908 2982 3952 mortuus
3013 3908 3091 3953 est
3135 3898 3296 3954 Ozias
3353 3915 3479 3968 rex,

1902 3994 2008 4049 uidi
2036 3992 2316 4047 Dominum
2347 3990 2609 4045 sedentem
2647 4007 2805 4060 super
2841 3991 3085 4044 thronum
3118 3991 3382 4047 excelsum
3427 4000 3478 4047 et

1900 4086 2156 4141 eleuatum
2181 4099 2200 4137 :
2228 4094 2276 4138 et
2296 4083 2451 4154 plena
2481 4083 2669 4138 domus
2715 4083 2886 4154 gloria
2921 4083 3055 4153 ejus.
3097 4083 3166 4138 Et
3215 4085 3480 4155 seraphim

1902 4177 2113 4232 stabant
2135 4177 2189 4230 in
2217 4175 2443 4229 circuitu
2474 4175 2588 4244 ejus
2622 4191 2640 4229 :
2669 4191 2762 4229 sea:
2782 4175 2883 4230 ala:
2902 4176 3017 4239 uni,
3039 4185 3087 4230 et
3115 4192 3206 4230 sea:
3237 4178 3339 4231 ala:
3363 4177 3478 4233 uni.

1904 4268 1973 4324 Et
1991 4268 2298 4323 clamabant
2317 4265 2455 4321 alter
2485 4266 2554 4320 ad
2587 4266 2838 4334 alterum,
2862 4277 2911 4322 et
2937 4267 3480 4337 dicebant:Sanctus,

1901 4371 2146 4424 sanctus,
2200 4369 2418 4414 sanctus
2464 4358 2723 4415 Dominus
2766 4359 3000 4415 Sabaoth
3046 4377 3064 4415 :
3112 4360 3268 4432 plena
3306 4363 3479 4417 omnis

1903 4462 2046 4507 terra
2082 4449 2254 4518 gloria
2306 4449 2441 4518 ejus.
2487 4448 2554 4503 Et
2587 4451 2844 4505 eleuatum
2886 4460 2964 4505 est
3000 4453 3407 4520 superliminare
3447 4471 3483 4509 a

1902 4559 2022 4598 voce
2043 4558 2148 4614 qua
2177 4530 2482 4595 clamabant
2503 4557 2521 4595 :
2545 4550 2594 4595 et
2618 4541 2806 4597 domus
2845 4541 3062 4612 impleta
3098 4551 3176 4598 est
3211 4543 3377 4613 fumo.
3412 4543 3485 4601 Et

207 4632 336 4689 Kal
360 4631 592 4701 ἐπήρθη
623 4632 691 4685 τὸ
714 4630 1050 4699 ὑπέρθυρον
1072 4631 1192 4686 ἀπὸ
1220 4629 1330 4699 τῆς
1350 4628 1554 4700 φωνῆς
1581 4624 1658 4701 ἧς
1679 4627 1797 4683 ἐκέ-

1902 4636 2017 4688 dixi
2043 4650 2062 4689 :
2090 4632 2134 4689 Ο
2166 4634 2325 4688 miser
2348 4650 2462 4704 ego,
2483 4633 2607 4704 quia
2631 4644 2973 4703 compunctus
2999 4651 3117 4690 sum
3141 4649 3160 4688 :
3181 4636 3306 4706 quia
3326 4636 3484 4693 homo

209 4740 475 4799 κρατον,
505 4724 602 4776 καί
634 4725 669 4777 ὁ
713 4718 875 4789 οἶκος
908 4720 1185 4792 ἐπλήσθη
1220 4723 1473 4778 καπνοῦ.
1505 4722 1616 4777 Kal
1639 4718 1795 4776 εἶπαο

207 4813 293 4875 Ὠ
330 4817 526 4882 τάλας
567 4814 700 4886 ἐγὼ,
745 4815 833 4868 ὅτι
875 4814 1327 4886 κατανένυγμαιο
1367 4815 1458 4869 ὅτι
1495 4815 1805 4884 ἅνθρωπος

210 4906 322 4969 ὧν,
358 4909 463 4962 καὶ
486 4908 789 4977 ἀκάθαρτα
814 4909 983 4977 χείλη
1009 4908 1185 4979 ἔχων,
1207 4911 1277 4963 έν
1298 4910 1468 4978 μέσῳ
1492 4910 1646 4963 λαοῦ
1668 4907 1807 4963 ἀχά-

214 5005 414 5071 θαρτα
435 5001 608 5069 χείλη
636 5000 882 5069 ἔχοντος
917 4999 1076 5065 οἰκῶ,
1109 5002 1205 5055 καὶ
1239 5001 1347 5055 τόν
1377 5000 1645 5067 βασιλέα
1680 5000 1800 5055 Κύ-

206 5109 350 5162 ριον
380 5091 626 5147 Σαϐαὼθ
661 5090 825 5147 εἶδον
850 5095 974 5160 τοῖς
1000 5094 1329 5164 ὀφθαλμοῖς
1364 5113 1504 5165 μου.
1553 5094 1663 5148 Kal
1690 5095 1805 5149 ἀπ-

210 5184 456 5252 εστάλη
486 5185 636 5252 πρὸς
655 5184 735 5255 μὲ
764 5185 833 5239 ἓν
855 5185 973 5240 τῶν
1000 5188 1279 5256 σεραφὶμ,
1315 5188 1414 5241 καὶ
1442 5187 1512 5240 ἐν
1542 5185 1619 5256 τῇ
1649 5186 1801 5256 χειρί

1906 4743 2024 4781 cum
2057 4727 2188 4791 sim,
2210 4735 2259 4781 et
2281 4725 2555 4781 immunda
2590 4726 2733 4780 labia
2757 4725 3003 4789 habeam,
3035 4727 3092 4780 in
3114 4726 3284 4779 medio
3300 4726 3485 4796 populi

1904 4817 2182 4872 immunda
2217 4817 2362 4873 labia
2398 4816 2636 4873 habentis
2662 4817 2877 4881 habito;
2912 4828 2961 4871 et
2992 4833 3164 4887 regem
3193 4816 3478 4871 Dominum

1905 4907 2140 4965 Sabaoth
2164 4910 2272 4964 uidi
2312 4911 2481 4964 oculis
2515 4910 2665 4964 meis.
2708 4908 2778 4962 Et
2811 4911 3006 4963 missus
3028 4919 3105 4964 est
3133 4908 3202 4962 ad
3230 4925 3311 4963 me
3346 4927 3483 4965 unus

1902 5002 1966 5056 de
2005 5002 2311 5071 seraphim;
2343 5011 2392 5055 et
2420 5002 2475 5054 in
2516 5017 2678 5055 manu
2714 5017 2815 5056 sua
2846 5000 3070 5056 habebat
3104 5000 3482 5056 carbunculum

1901 5046 2057 5164 quem
2072 5046 2270 5162 foimipe
2291 5046 2419 5146 ’tulit
2454 5090 2518 5145 ab
2550 5046 2752 5145 altari':
2777 5100 2828 5145 et
2869 5046 3166 5163 teti'git'os—
3190 5107 3391 5157 meum,
3432 5046 3507 5183 et:

1902 5185 2039 5239 dixit
2057 5202 2075 5240 :
2096 5183 2231 5239 Ecce
2258 5185 2429 5255 tetigit
2450 5183 2546 5237 hoc
2563 5182 2708 5238 labia
2743 5192 2854 5251 tua,
2876 5192 2925 5239 et
2953 5184 3153 5254 auferet
3179 5184 3485 5257 iniquitates

292 5359 344 5394 ⁸³
365 5358 434 5417 ΙΙ
455 5359 584 5434 Reg.
619 5378 698 5428 τι,
730 5362 817 5417 l0.
893 5363 936 5396 ⁸³
957 5361 1117 5418 Joan.
1150 5378 1189 5427 ι,
1217 5362 1274 5417 ll
1301 5383 1316 5431 ;
1353 5362 1502 5420 Psal.
1530 5378 1679 5427 xLIx,
1714 5362 1769 5417 '5.

1921 5359 2094 5415 Eccle.
2130 5376 2168 5427 ι,
2194 5360 2281 5414 10.
2360 5360 2403 5393 ⁸⁸
2431 5358 2496 5414 II
2520 5357 2647 5418 Cor.
2682 5376 2735 5426 v,
2758 5359 2844 5415 17.
2924 5358 2968 5389 ⁸⁸
2995 5357 3148 5439 Rom.
3178 5376 3254 5425 ιε,
3286 5358 3342 5417 5.

298 5543 414 5612 (38)
438 5540 758 5609 Προώρισε.
790 5540 987 5612 Deessc
1018 5544 1231 5599 videtur
1255 5544 1304 5597 ὃ.

298 5609 412 5678 (51))
448 5612 568 5689 Τὴν
594 5612 876 5689 ἁκίνςητον
902 5610 1087 5689 ἧτταν
1122 5611 1659 5689 ὲᾼγξκαυχηονάμενοι.
1713 5609 1806 5668 Sic

222 5684 580 5738 retzuendum
642 5684 889 5754 videtur,
930 5683 1200 5754 quidquid
1260 5683 1492 5738 Paulino
1551 5684 1805 5738 videatur

222 5754 558 5807 mutandum
599 5754 682 5818 τὸ,
733 5753 1010 5823 ἁκ-ινητον
1061 5753 1118 5812 in
1173 5754 1477 5830 ἀνοίκητον,
1509 5755 1804 5827 minusque

1912 5543 2050 5598 bene
2079 5540 2293 5603 reddat,
2319 5539 2509 5596 invicto
2532 5543 2628 5596 hoc
2653 5541 2935 5597 certamine
2954 5542 3137 5605 victos,
3160 5547 3267 5596 etc.
3300 5539 3483 5612 Signi-

1911 5614 2107 5667 ticatur
2132 5611 2405 5683 excellens
2435 5612 2642 5669 Christi
2689 5612 2913 5667 victoria
2960 5613 3288 5683 laudumque
3339 5611 3480 5683 ejus,

1910 5699 2021 5763 qna
2051 5682 2314 5763 immobili
2336 5691 2448 5763 ,μοι
2479 5699 2589 5742 non
2622 5684 2797 5757 possit
2826 5698 2935 5740 non
2987 5682 3269 5753 obtinere,
3322 5684 3484 5739 nobis

1909 5753 2289 5827 gratulandum
2318 5753 2411 5809 sit.
2623 5753 2641 5757 “
2725 5753 2728 5755 ’
2749 5753 2756 5755 “
3516 5768 3521 5769 ’
