3972 6212
509 298 619 354 555

1466 295 1528 353 S.
1569 295 1900 353 ΜΕΤΗΟΒΗ
1935 291 2253 353 EPlSCOPl
2292 294 2380 350 ET
2420 294 2780 351 MARTYRIS

3642 301 3753 357 556

505 410 991 483 virginitatemque
1027 409 1296 466 naturalis
1321 410 1550 466 unitatis
1594 410 1887 466 indivisam
1935 410 2081 466 iuse-

2192 409 2269 473 5ος
2327 408 2612 480 νυμφικῶς
2671 407 2945 462 ὲνὼσαντα
3001 409 3180 481 ἑαυτῷ
3227 411 3317 465 τὸν
3386 411 3558 485 ’Δδάμ
3591 415 3755 486 ἀτρέ-

505 504 918 578 parabilemque
954 502 1301 557 conservavit
1337 521 1352 557 :
1391 502 1595 573 quique
1637 503 1693 557 in
1737 502 1932 564 terris,
1979 518 2084 557 nu—

506 596 659 668 ptiali
693 593 932 665 Virginis
960 592 1371 661 thalamo,Adte
1398 594 1502 650 sibi
1529 602 1781 650 naturam
1816 594 2084 650 immobili

508 689 711 743 unione
739 702 839 742 ceu
868 701 1106 758 sponsus
1124 686 1448 756 conjunxit;
1484 702 1549 742 ac
1574 685 1765 743 Matris
1789 686 2083 758 puritatem

508 777 835 834 iudivulsam
877 778 1364 848 incorruptamque
1410 778 1647 833 servavit
1699 797 1714 833 :
1751 793 1877 833 eum
1930 777 2086 833 deni-

2188 518 2336 565 πτως
2368 501 2499 572 (47),
2543 500 2637 555 καὶ
2683 500 3045 554 ἀδιάσπαστον
3079 503 3172 555 καὶ
3204 504 3476 574 ἀκήρατον
3518 504 3617 577 τὴν
3659 526 3761 581 μη-

2186 594 2377 666 τρικὴν
2418 594 2641 663 ἁγνείαν
2677 592 3105 665 διατηρήσαντα’
3159 596 3253 649 τὸν
3294 597 3406 650 ἀνω
3436 598 3759 669 ἀρῤεύστως

2188 684 2545 755 γεννηθέντα,
2593 685 2688 738 καὶ
2735 683 2887 737 κάτω
2929 684 3218 756 ἀφράστως
3274 685 3551 756 τεχθέντα.
3617 687 3756 743 Ἀλλ’

2190 776 2283 830 ἐπὶ
2307 777 2368 831 τὸ
2392 777 2748 849 προκείμενον
2770 762 3122 846 ἐπανάξωμεν
3136 776 3225 829 τὸν
3252 777 3426 847 λόγον.

508 887 636 942 que,
671 873 763 943 qui
816 871 873 926 in
936 872 1191 942 supernis
1252 871 1400 925 nulla
1454 871 1809 941 corruptione
1849 871 2089 941 genitus,
2146 868 2407 925 ineti‘abili
2453 870 2510 924 in
2552 869 2706 925 hisce
2763 867 3116 924 inferioribus
3164 870 3376 925 ratione
3419 881 3585 929 natus
3646 878 3759 936 est.

509 962 780 1020 Carterum
815 963 1118 1016 orationem
1159 960 1228 1015 ad
1261 960 1604 1031 propositum
1641 959 1990 1016 reducamus.

582 1052 673 1110 lV.
707 1053 896 1123 Itaque
926 1052 1117 1107 eduxit
1166 1052 1431 1122 propheta
1466 1051 1744 1123 Virginem
1802 1067 1867 1107 ex
1909 1049 2087 1106 Naza-

511 1147 653 1212 reth,
678 1152 737 1199 ut
764 1146 817 1199 in
856 1144 1165 1199 Bethlehem
1198 1142 1369 1198 fetum
1407 1144 1556 1197 illum
1586 1144 1881 1199 salutarem
1912 1144 2087 1199 enite-

509 1245 698 1302 retur;
750 1233 1105 1304 eamdemque
1162 1232 1357 1288 iterum
1416 1233 1675 1304 prOpheta
1731 1234 1967 1298 reduxit,
2029 1243 2088 1287 ut

510 1346 660 1402 spem
697 1329 840 1383 illam
866 1327 992 1381 vita:
1023 1325 1222 1381 mundo
1247 1325 1637 1380 manilestaret.
1664 1324 1891 1381 Solvens
1918 1325 2085 1396 igitur

508 1417 604 1475 Dei
636 1432 761 1473 arca
809 1432 875 1471 ex
932 1416 1382 1471 Bethlebemitico
1439 1416 1741 1472 diversorio
1772 1416 1907 1486 (illic
1936 1417 2082 1471 enim

470 1501 478 1507 ’
509 1512 673 1568 solvit
724 1510 829 1579 legi
868 1510 1236 1580 quadraginta
1270 1508 1502 1575 dierum,
1557 1525 1665 1563 non
1708 1509 1953 1578 justitiaa,
1987 1507 2084 1563 sed

510 1601 697 1672 gratiae
728 1600 1014 1669 debitum),
1047 1598 1316 1669 requievit
1346 1598 1401 1651 in
1424 1597 1698 1653 montibus
1732 1596 1861 1652 Sion
1891 1618 1904 1654 :
1938 1599 2085 1652 acci-

2262 1048 2335 1101 A'.
2360 1047 2653 1118 Προφήτης
2702 1045 2989 1119 τοιγαροῦν
3020 1046 3083 1100 ὲκ
3103 1047 3354 1120 Ναζαρὲθ
3382 1049 3627 1121 ἀνήγαγε
3659 1052 3768 1126 τὴν

2188 1137 2462 1210 Παρθένον
2481 1138 2787 1208 ἀποκυῆσαι
2816 1139 2874 1192 έν
2905 1137 3148 1209 Βηθλεὲμ
3166 1140 3227 1193 τὸ
3257 1142 3523 1212 σωτήριον
3543 1142 3759 1215 κύημα*

2188 1233 2283 1285 καὶ
2321 1232 2604 1304 προφήτης
2649 1231 2917 1302 ἐξήγαγεν
2955 1231 3063 1301 (48)
3105 1233 3399 1302 ἐμφανίσαι
3444 1234 3523 1306 τῷ
3567 1238 3766 1308 κόσμῳ

2187 1327 2286 1394 τῆς
2321 1322 2465 1396 ζωῆς
2515 1325 2613 1397 τὴν
2646 1324 2853 1377 ὲλπίδα.
2894 1322 3052 1377 Ὅθεν
3100 1324 3352 1396 ἐπάρασα
3392 1328 3457 1380 ὲκ
3501 1328 3769 1400 σταθμῶν

2191 1416 2435 1487 Βηθλεὲμ
2463 1417 2496 1488 ή
2536 1415 2762 1480 κιϐωτὸς
2820 1414 2912 1469 τοῦ
2944 1413 3078 1468 Θεοῦ
3110 1415 3281 1487 (αὐτῷ
3311 1417 3420 1488 γὰρ
3470 1420 3767 1475 ἀπετίννυε

2189 1507 2267 1578 τῷ
2315 1508 2464 1578 νόμῳ
2485 1507 2613 1576 ’τῆς
2660 1506 3150 1578 τεσσαρακοντάδος
3189 1507 3288 1578 τὴν
3311 1508 3371 1561 οὐ
3403 1509 3543 1562 κατά
3573 1511 3765 1580 χρέος,

2187 1597 2321 1652 ἀλλά
2376 1597 2517 1651 κατά
2564 1597 2722 1669 χάριν
2769 1592 3036 1666 ὀφειλὴν),
3073 1596 3164 1649 ἐπὶ
3206 1597 3273 1650 τὰ
3315 1596 3414 1670 ὅρη
3446 1598 3770 1655 κατέπαυσε

509 1694 781 1765 piensque
809 1691 1121 1746 castissimo
1146 1691 1294 1749 sinu.
1329 1699 1585 1760 tanquam
1617 1690 1832 1745 sublimi
1854 1690 2087 1760 quodam

2192 1692 2291 1762 τῆς
2332 1688 2491 1754 Σιὼν,
2529 1691 2623 1743 καὶ
2669 1687 3011 1742 ἀναλαϐοῦσα
3052 1691 3165 1752 τοῖς
3206 1690 3493 1761 ἀκράντοις
3513 1691 3766 1759 κόλποις,

509 1792 564 1841 et
587 1784 879 1839 humanam
898 1799 1114 1839 omnem
1137 1793 1391 1837 naturam
1425 1790 1719 1853 superante
1746 1783 1969 1847 throno,
1988 1780 2089 1837 Re-

509 1893 630 1947 gem
658 1877 809 1931 illum
848 1875 1126 1941 omnium;
1151 1875 1326 1936 illum,
1362 1873 1609 1943 inquam,
1651 1873 1863 1938 eodem,
1897 1870 2008 1927 Deo
2034 1880 2090 1928 et

511 1967 687 2036 Patri,
723 1968 924 2023 throno
958 1968 1250 2023 sublimem
1282 1965 1503 2030 Filium,
1541 1981 1644 2021 nec
1673 1966 1793 2036 ipso
1823 1965 2091 2021 exceden-

512 2071 663 2118 tem:
698 2077 806 2116 una
848 2061 959 2115 illic
988 2076 1113 2116 cum
1164 2070 1447 2130 assumpta
1490 2075 1555 2116 ex
1602 2059 1724 2130 ipsa
1769 2059 2090 2113 intemerata

509 2167 700 2218 carne,
730 2152 905 2208 eidem
938 2151 1310 2222 praesentavit.
1340 2151 1601 2207 Ascendit
1628 2152 1687 2204 in
1705 2150 1963 2219 templum
1997 2153 2088 2205 sa'-

510 2258 608 2298 cra
639 2242 829 2310 Mater,
867 2258 1069 2297 novum
1102 2243 1207 2313 legi
1235 2243 1549 2298 exhibitura
1587 2234 1939 2305 miraculum,
1964 2257 2091 2311 pro-

510 2338 731 2407 lemque
781 2338 875 2393 diu
923 2338 1230 2408 quaesitam,
1282 2351 1403 2407 quae
1457 2335 1716 2390 nimirum
1769 2334 2088 2403 virginalem

510 2432 729 2489 vulvam
762 2430 997 2501 aperuit,
1030 2446 1131 2485 nec
1165 2437 1347 2483 tamen
1372 2428 1700 2499 virginitatis
1716 2428 1955 2482 claustra
1978 2427 2091 2480 (Iis-

512 2524 698 2594 rupit:
732 2523 941 2592 prolem
990 2522 1105 2592 lege
1138 2522 1499 2591 superiorem,
1532 2535 1651 2589 qua:
1700 2529 1880 2574 tamen
1916 2519 2087 2589 legem

512 2614 822 2685 impleverit
848 2631 860 2667 :
897 2614 1101 2683 prolem
1128 2622 1251 2667 ortu
1283 2612 1520 2682 priorem
1542 2652 1557 2677 ,
1578 2612 2043 2682 posterioremquc
2060 2628 2086 2665 .-

512 2707 722 2779 prolem
762 2706 997 2775 denique
1029 2720 1094 2759 ex
1135 2705 1251 2773 ipsa
1300 2705 1641 2758 incarnatam
1697 2719 1866 2773 supra
1916 2703 2088 2772 legem

511 2806 742 2854 natura.
762 2795 899 2850 Nam
933 2796 1136 2865 alioqui
1159 2795 1340 2849 omnis
1362 2794 1541 2857 vulva,
1558 2809 1624 2849 ex
1647 2795 1747 2849 viri
1780 2794 1932 2864 prius
1955 2808 2090 2847 con-

509 2889 797 2962 iunctione
828 2895 1014 2957 aperta
1041 2894 1095 2941 et
1145 2886 1353 2942 semine
1402 2900 1720 2955 conspersa,
1761 2884 2089 2955 principium

512 2979 759 3053 pariendi
793 2979 1000 3050 accipit
1036 2996 1051 3033 :
1084 2978 1477 3047 doloribusque
1510 2977 1670 3033 linem
1706 2977 1885 3047 partui
1916 2978 2091 3047 impo-

513 3044 795 3137 iientibus,
828 3044 1041 3127 ratione
1068 3070 1285 3126 tandem
1304 3044 1597 3141 .praaditum
1635 3044 2091 3125 consentaneum-’-
2117 3044 2159 3103 (ἶ

514 3183 621 3239 que
651 3176 861 3221 natura:
883 3164 1140 3227 fructum,
1177 3163 1571 3225 Dei,Creatoris
1609 3162 1896 3233 sapientia,
1920 3163 1975 3216 in
2008 3162 2093 3216 lu-

516 3273 637 3316 cem
671 3259 986 3328 edit,juxta
1030 3257 1160 3311 illud
1199 3256 1443 3311 divinum
1496 3257 1737 3312 scitum:
1773 3255 2003 3311 Crescite
2043 3267 2091 3310 et

514 3350 963 3417 multiplicamini,
1001 3358 1049 3404 et
1100 3349 1289 3419 replete
1345 3358 1539 3402 terram
1562 3348 1648 3415 '3;
1689 3348 1857 3418 hujus
1909 3357 2091 3403 autem

515 3453 729 3509 uterus,
762 3458 941 3513 neque
997 3443 1151 3513 prius
1202 3451 1446 3513 apertus,
1490 3456 1666 3511 neque
1717 3441 2091 3496 seinine'con-

515 3551 763 3608 sparsus,
801 3536 1038 3590 fructum
1071 3536 1222 3590 illum
1256 3550 1421 3605 supra
1466 3542 1740 3598 naturam,
1772 3542 1983 3588 natura:
2015 3542 2092 3587 ta-

514 3645 641 3685 men
675 3637 990 3701 cognatum,
1016 3627 1362 3700 germinavit,
1386 3626 1548 3697 idque
1577 3627 1714 3680 citra
1750 3628 1919 3680 ullum
1957 3626 2093 3680 indi-

512 3723 685 3778 vulsae
739 3722 968 3776 unitatis
1023 3720 1411 3777 detrimentum
1435 3760 1450 3783 ,
1485 3717 1553 3772 ad
1586 3720 1855 3774 intensius
1889 3719 2093 3788 impen-

513 3810 742 3883 siusque
763 3813 1089 3867 miraculum
1117 3829 1132 3879 ;
1170 3812 1320 3866 salva
1351 3811 1609 3865 nimirum
1657 3812 1902 3881 pristina:
1926 3812 2090 3880 virgi-

514 3902 709 3959 nitatis
734 3902 1115 3973 praerogativa.
1139 3898 1399 3955 Ascendit
1430 3900 1593 3970 igitur
1623 3898 1677 3952 in
1699 3899 1982 3967 templum,
2000 3898 2088 3952 illa

512 3995 718 4065 templo
758 3996 974 4059 celsior,
1006 3993 1282 4063 duplicem
1310 3992 1500 4046 induta
1532 3990 1762 4061 gloriam
1801 4008 1815 4044 :
1854 3990 2089 4045 inteme-

512 4095 669 4162 ratae,
696 4086 941 4156 inquam,
968 4084 1322 4155 virginitatis,
1353 4092 1407 4140 et
1438 4085 1728 4141 inellabilis
1780 4084 2089 4141 fecundita-

512 4180 625 4233 tis:
675 4178 810 4246 legis
861 4177 1321 4242 benedictionem,
1360 4185 1416 4232 et
1463 4178 1652 4248 gratia:
1702 4177 2091 4234 sanctiﬁcatio—

518 4283 666 4324 nem.
700 4266 1065 4332 Quamobrem
1104 4266 1179 4319 ait
1212 4266 1302 4322 ille
1330 4266 1518 4321 videns
1547 4286 1562 4321 :
1594 4267 1663 4320 Et
1695 4268 1851 4337 plena
1901 4267 2089 4321 domus

2188 1785 2264 1849 ὡς
2296 1784 2386 1837 ἐπὶ
2439 1782 2627 1855 θρόνου
2679 1779 2905 1851 ὑψηλοῦ,
2946 1780 3040 1834 καὶ
3085 1779 3182 1851 τὴν
3212 1781 3557 1854 ἀνθρωπείαν
3585 1785 3770 1857 ὑπερ-

2189 1878 2441 1930 σαίνοντα
2472 1873 2652 1946 φύσιν,
2705 1874 2794 1927 τὸν
2829 1872 3048 1944 βασιλέα
3087 1873 3195 1926 τῶν
3226 1874 3503 1939 ἀπάντων,
3528 1876 3607 1947 τῷ
3636 1876 3768 1949 Θεῷ

2184 1974 2282 2030 καὶ
2335 1971 2528 2042 Πατρὶ,
2561 1968 2651 2022 τὸν
2706 1965 2993 2038 σύνθρονον
3046 1965 3209 2019 αὐτοῦ
3251 1968 3345 2020 καὶ
3371 1968 3765 2041 ἀνεκφοίτηταν

2188 2065 2336 2131 Υίὸν,
2386 2060 2696 2131 ἐνεφάνισεν
2743 2060 2858 2112 ἐκεῖ
2906 2057 3043 2128 μετά
3089 2058 3188 2128 τῆς
3230 2057 3289 2122 ἐξ
3320 2057 3490 2129 αὐτῆς
3515 2060 3764 2132 προσλή-

2186 2158 2333 2228 ψεως
2350 2155 2619 2229 ἀχράντου
2638 2153 2773 2224 (49).
2810 2153 3049 2205 ’Δνεισιν
3069 2151 3162 2203 ἐπὶ
3182 2151 3244 2203 τὸ
3270 2151 3413 2223 ἱερὸν
3440 2154 3475 2223 ἡ
3494 2153 3613 2223 ἱερὰ
3637 2154 3767 2226 Μή.

2188 2267 2291 2321 τηρ
2319 2247 2614 2320 ἐμφανίσαι
2658 2244 2735 2315 τῷ
2765 2244 2915 2315 νόμῳ
2966 2243 3115 2309 ξένον
3154 2242 3355 2315 θαῦμα,
3404 2244 3622 2299 καὶτὸν
3667 2247 3769 2317 ζη-

2188 2342 2447 2413 τούμενον
2498 2340 2676 2401 τόκον,
2709 2337 2799 2390 τὸν
2823 2335 3160 2402 διανοίξαντα
3191 2336 3407 2407 μήτραν
3440 2336 3765 2409 παρθενίας,

2190 2440 2285 2489 καὶ
2311 2433 2535 2507 κλεῖθρα
2563 2429 2856 2502 παρθενίας
2892 2427 2967 2499 μὴ
2997 2427 3364 2502 διαρῤήξαντα
3383 2450 3397 2462 ο
3436 2431 3527 2485 τὸν
3560 2428 3772 2485 ἀνώτε.

2193 2545 2283 2599 ρον
2299 2528 2485 2598 νόμου,
2517 2527 2611 2580 καὶ
2628 2526 2917 2599 πληρωτὴν
2946 2528 3110 2599 νόμου
3135 2544 3148 2557 ’
3181 2528 3273 2581 τὸν
3307 2526 3766 2599 προγενέστερον,

2190 2621 2283 2675 καὶ
2304 2617 2940 2693 μεταγενέστερον’τὸνὲξ
2954 2620 3122 2690 αὐτῆς
3150 2620 3498 2693 σαρκωθέντα
3530 2618 3774 2689 ὑπερνό-

2194 2733 2292 2787 μον
2313 2714 2545 2785 φύσεως.
2566 2716 2709 2770 Διότι
2726 2718 2874 2771 πᾶσα
2906 2718 3108 2789 μήτρα,
3127 2719 3191 2769 ὲκ
3221 2713 3514 2782 συναφείας
3543 2712 3771 2784 πρῶτον

2189 2804 2560 2878 διανοιγομένη
2579 2806 2671 2861 καὶ
2685 2808 3093 2879 ὲνσπειρομένη,
3112 2805 3281 2877 ἀρχὴν
3295 2805 3388 2859 τοῦ
3408 2806 3608 2859 τίκτειν
3622 2802 3782 2871 λιμμ-

2191 2898 2363 2961 ϐάνει,
2380 2899 2474 2952 καὶ
2486 2900 2826 2972 τελεσφόροις
2840 2898 2989 2953 ὠδῖσι
2999 2900 3092 2953 τὸν
3101 2899 3314 2968 λογικὸν
3325 2899 3419 2952 καὶ
3432 2896 3777 2967 κατάλληλον

2191 2991 2291 3061 τῆς
2323 2990 2535 3061 φύσεως
2562 2992 2792 3062 καρπὸν,
2818 2994 2884 3063 τῇ
2902 2991 2993 3044 τοῦ
3020 2990 3083 3060 δη
3093 2988 3475 3063 μιουργοῦντος
3497 2987 3659 3059 σοφία
3685 2990 3778 3052 εἰς

2191 3083 2495 3153 τούμφανὲς
2515 3083 2797 3154 προφέρει,
2836 3082 2978 3136 κατὰ
3001 3082 3083 3144 τὸ,
3113 3080 3459 3146 Αὺξάνεσθε
3487 3079 3586 3134 καί
3611 3082 3781 3146 πλη-

2192 3177 2463 3237 θύνεσθε.
2492 3174 2588 3229 καὶ
2618 3172 2970 3243 πληρώσατε
2997 3173 3110 3242 τὴν
3136 3173 3273 3244 γῆν,
3296 3172 3388 3226 τοῦ
3418 3172 3553 3226 Θεοῦ
3575 3172 3777 3240 λέγον-

2190 3288 2299 3333 τος.
2329 3272 2392 3324 Ἡ
2424 3271 2481 3325 δὲ
2517 3270 2721 3340 ταύτης
2771 3271 3002 3343 γαστὴρ,
3038 3269 3161 3325 οῦτε
3194 3271 3290 3341 μὲν
3329 3270 3782 3342 προδιανοιγεῐσα

2190 3362 2313 3416 οῦτε
2338 3363 2747 3435 ἑνσπειρομένη,
2786 3364 3037 3436 ὑπερφυᾶ
3074 3380 3133 3415 τε
3170 3364 3263 3416 καὶ⁹
3298 3363 3523 3433 συμφυᾶ
3555 3362 3781 3432 καρτὼν

2190 3454 2509 3525 ἐϐλάστησε,
2560 3454 2680 3508 καθ’
2720 3456 2910 3508 ἕνωσιν
2968 3454 3332 3508 ἀδιάσπαστον
3360 3454 3658 3523 ἀλωϐήτως
3686 3456 3783 3519 εἰς

2190 3548 2442 3601 ἐπίτασιν
2486 3546 2788 3616 θαύματος,
2836 3547 2893 3598 ἐν
2945 3545 3228 3616 ταυτότητι
3292 3544 3617 3613 διαμείνασα
3667 3545 3783 3615 τῆς

2191 3639 2505 3710 παρθενίας.
2557 3640 2763 3691 Ἀνεισι
2810 3637 3095 3709 τοιγαροῦν
3146 3638 3227 3702 εἰς
3268 3636 3329 3690 τὸ
3378 3635 3551 3708 ἱερὸν,
3593 3636 3629 3705 ή
3671 3635 3782 3690 τοῦ

2192 3731 2336 3802 ἱεροῦ
2397 3731 2722 3803 ὑψηλοτέρα,
2753 3732 2932 3785 δισσὸν
2966 3731 3118 3795 κλέος
3153 3728 3531 3802 περικειμένη,
3563 3725 3785 3798 παρθε-

2188 3826 2308 3887 νίας
2334 3825 2475 3895 φημὶ
2498 3824 2786 3895 ἀχράντου,
2810 3823 2904 3877 καὶ
2927 3822 3263 3884 παιδοποιΐας
3283 3820 3588 3892 ἀφράστου,
3610 3818 3784 3872 εὐλο-

2189 3918 2317 3987 γίαν
2338 3910 2524 3988 νόμου,
2557 3918 2651 3971 καὶ
2702 3916 2970 3986 ἀγιασμὸν
2997 3916 3237 3987 χάριτος.
3273 3914 3362 3967 Διό
3395 3930 3560 3984 φησιν
3591 3915 3622 3965 ὀ
3648 3910 3783 3981 βλέ-

2191 4028 2345 4064 πων·⁸
2380 4011 2490 4064 Kal
2522 4011 2757 4076 πλήρης
2803 4012 2835 4062 d
2861 4004 3025 4075 οἶκος
3059 4006 3170 4075 τῆς
3196 4006 3383 4072 δόξης
3408 4003 3596 4059 αὐτοῦ
3619 4020 3637 4035 ·
3666 4001 3787 4058 και

2190 4102 2447 4172 depasci]:
2482 4100 2865 4167 εἱστήκεισαν
2919 4101 3122 4165 κύκλῳ
3149 4097 3369 4151 αὐτοῦ’
3402 4097 3499 4150 καὶ
3523 4094 3787 4163 ἐνέκρο-

2189 4213 2295 4265 γεν
2323 4196 2523 4263 ἕτερος
2553 4193 2704 4261 πρὸς
2736 4192 2841 4246 τὸν
2875 4191 3098 4259 ἕτερον,
3130 4191 3226 4244 καί
3264 4191 3485 4258 ἔλεγον
3504 4205 3519 4219 ο
3552 4190 3784 4258 Ἄγιος,

2190 4289 2374 4359 ἅγιος,
2405 4288 2569 4357 ἅγιος
2604 4287 2819 4353 Κύριος
2848 4282 3114 4338 Σαϐαὼθ·
3148 4283 3383 4350 πλήμης
3405 4280 3576 4336 πᾶσα
3619 4284 3658 4349 ἡ
3691 4282 3783 4353 γῆ

516 4360 692 4430 gloria
718 4359 831 4427 ejus
853 4375 872 4412 :
902 4368 950 4412 et
980 4358 1240 4427 seraphim
1269 4360 1482 4413 stabant
1515 4362 1570 4411 in
1598 4360 1824 4412 circuitu
1871 4359 2003 4425 ejus,
2036 4369 2086 4414 et

2192 4358 2294 4446 τῆς
2315 4379 2500 4445 δόξης
2532 4376 2739 4432 αὑτοῦ.
2788 4374 2957 4428 Τοῦτο
3004 4373 3068 4444 δὴ
3108 4372 3266 4426 τοῦτο
3299 4373 3393 4426 καὶ
3430 4373 3459 4424 ὁ
3499 4372 3782 4442 μακάριος

514 4453 819 4508 clamabant
847 4455 982 4508 alter
1005 4454 1074 4508 ad
1109 4454 1335 4507 alterum
1362 4469 1380 4506 :
1416 4453 1664 4516 Sanctus,
1700 4463 2084 4518 sanctus,san-

512 4555 629 4601 etus
663 4543 920 4600 Dominus
972 4544 1261 4601 Sabaoth:
1301 4546 1457 4615 plena
1505 4546 1673 4598 omnis
1724 4554 1863 4597 terra
1909 4547 2083 4615 gloria

2196 4472 2477 4542 προφήτης
2521 4466 2839 4538 Ἀμϐακοὺμ
2888 4462 3117 4526 ἀστείως
3162 4461 3469 4534 ὲμελῴδησε
3519 4461 3779 4530 φάσκωνο

2199 4562 2293 4611 Ἐν
2298 4559 2466 4628 μέσῳ
2500 4557 2607 4612 δύο
2635 4555 2789 4619 ζώων
2807 4554 3167 4625 γνωσθήσῃε
3206 4555 3276 4608 ἐν
3316 4552 3395 4619 τῷ
3419 4551 3673 4622 ἐγγίζειν
3704 4551 3785 4609 τὰ

511 4635 722 4709 ejus";
752 4637 895 4708 quod
927 4647 980 4692 et
1008 4637 1188 4709 ipsum
1215 4635 1406 4691 beatus
1439 4635 1703 4704 propheta
1734 4633 1991 4689 llabacuc
2012 4636 2085 4690 le-

2192 4653 2288 4719 ἓτη
2362 4649 2819 4720 ἐπιγνωσθήσῃθ
2882 4648 2952 4700 ἐν
3004 4646 3085 4713 τῷ
3149 4645 3422 4713 παρεῖναι
3463 4645 3572 4697 τὸν
3638 4662 3781 4698 και-

510 4739 637 4810 pide
665 4738 996 4801 modulatus,
1032 4738 1107 4790 ait
1136 4754 1150 4790 :
1190 4733 1258 4789 In
1305 4733 1475 4790 medio
1508 4734 1735 4788 duorum
1769 4734 2081 4789 animalium

2192 4743 2292 4809 ρὸν
2330 4741 2753 4811 ἀναδειχθήσῃ.
2784 4740 2920 4811 Ὅρα
2958 4755 3046 4809 μοι
3096 4734 3380 4809 τηλαυγῶς
3432 4734 3527 4787 τοῦ
3592 4736 3777 4789 [ivsti-

510 4831 744 4887 nosceris
782 4846 800 4883 :
830 4830 956 4883 dum
995 4828 1522 4900 appropinquaverint
1555 4828 1703 4893 anni,
1735 4830 2031 4898 agnoscet-is
2062 4846 2080 4884 :

619 4990 665 5023 "
697 4989 827 5045 Gen.
851 5003 892 5054 ι,
921 4986 1013 5041 22.
1086 4987 1132 5018 ²⁰
1169 4984 1306 5042 Isai.
1339 5000 1416 5052 Vl,

580 5123 697 5195 (47)
727 5120 1045 5196 Νυμφικῷς
1067 5120 1381 5196 War-ta
1393 5118 1583 5196 ἑαυτῷ
1602 5117 1707 5196 τὸν
1734 5116 1907 5196 Ἀδᾲμ
1921 5117 2083 5196 ἀτρέ-

512 5191 691 5262 πτως.
729 5193 797 5249 Ut
817 5191 1172 5264 'signilicetur
1203 5193 1498 5264 immobilis
1529 5191 1680 5249 unio.
1711 5191 1957 5264 ceu_lege
1996 5191 2082 5245 in-

513 5258 785 5321 violabilis
845 5258 1109 5335 coniugii.
1156 5271 1366 5335 natura:
1411 5263 1662 5335 humana:
1690 5259 1755 5335 ad
1787 5258 2027 5335 Verbum
2065 5280 2080 5316 :

511 5351 823 5406 quanquam
858 5330 1042 5405 posset
1068 5334 1128 5388 τὸ
1156 5333 1442 5405 ἀτρέπτως
1466 5331 1682 5406 .relerre
1724 5333 1901 5406 ipsum
1947 5330 2086 5388 Ver-

513 5403 665 5468 bum,
682 5403 747 5462 et
779 5403 997 5459 modum
1029 5403 1248 5461 unionis
1277 5421 1344 5460 ex
1367 5412 1523 5473 parte
1548 5403 1717 5470 illius,
1735 5403 1885 5457 nulla
1909 5418 1941 5457 a
1963 5419 2087 5475 pro-

512 5475 651 5546 priis
677 5477 1065 5531 demutatione.

586 5545 830 5617 (f8)_Kal
879 5545 1189 5614 προφήτης
1239 5546 1553 5617 ἐξήγαγεν.
1611 5542 1815 5614 Nempe
1867 5546 1932 5599 ὲκ
1979 5545 2077 5616 τῆς

513 5613 779 5688 Βηθλεέμ,
839 5613 1038 5688 utAillic
1066 5617 1264 5671 editam
1315 5613 1541 5688 prolem,
1573 5631 1722 5688 spem
1753 5613 1904 5670 illam
1935 5613 2078 5681 vitae,

515 5685 571 5741 in
584 5684 869 5757 montibus
900 5684 1054 5748 Sion,
1077 5695 1132 5741 et
1155 5684 1356 5757 templo
1376 5684 1850 5757 Jerosolymitano,
1880 5688 2083 5740 uiundo

518 5755 890 5814 manifestaret
936 5763 1045 5811 :ut
1102 5755 1393 5827 utrumque
1456 5755 1811 5829 signiﬁcetur,
1851 5773 1952 5813 ceu
2015 5774 2079 5813 ex

2191 4847 2359 4903 ματος
2416 4831 2513 4904 τὴν
2567 4830 2877 4904 ἀκρίϐειαν·
2945 4828 3146 4899 γνῶσίν
3207 4844 3373 4899 φησιν
3436 4828 3771 4895 ἐπίγνωσιν,

2189 5120 2417 5194 oraculo
2447 5120 2673 5177 factum.
2699 5120 2966 5179 Pantinus
3000 5138 3098 5177 sua
3129 5123 3351 5194 ingerit,
3376 5134 3431 5183 et
3466 5126 3774 5182 Metlioilia-

2189 5193 2277 5247 nis
2296 5192 2549 5256 adversa,
2585 5194 2731 5248 velut
2760 5194 2828 5249 de
2854 5192 3292 5252 nianil‘estalione
3336 5199 3390 5252 in
3425 5198 3769 5257 Bethlebem.

2189 5278 2298 5318 non
2331 5266 2384 5336 in
2410 5264 2631 5335 templo,
2658 5273 2911 5336 ageretur
2948 5284 2961 5319 :
2997 5265 3112 5331 Quo
3138 5268 3361 5321 consilia
3381 5271 3407 5324 ?
3452 5267 3677 5336 Nempe,
3709 5280 3769 5320 ut

2191 5333 2384 5388 mundo
2409 5333 2536 5388 vita!
2551 5336 2665 5404 jam
2696 5333 2806 5389 iure
2842 5352 2986 5405 spem
3023 5337 3432 5394 demonstraret.
3474 5333 3770 5395 Declarant

2191 5406 2480 5481 sequentia
2529 5407 2674 5481 quod
2728 5404 2967 5481 dirimus
3002 5425 3015 5461 :
3048 5404 3171 5460 ὅθεν
3219 5408 3476 5481 ἐπάρασα
3522 5427 3578 5464 κ.
3603 5406 3774 5475 τ.έξ.,

2193 5476 2283 5530 ubi
2320 5492 2418 5531 nec
2445 5474 2706 5531 Paulinus
2735 5479 2873 5532 ﬁdus
2896 5485 2999 5533 est.

2256 5546 2367 5619 μθ)
2414 5547 2802 5619 Ἐνεεράνισεν
2820 5548 2945 5619 ἐκεῖ
2955 5549 3105 5618 μετὰ
3129 5548 3240 5618 τῆς
3263 5551 3333 5616 ἐξ
3368 5549 3560 5619 αὐτῆς
3582 5562 3775 5619 προσ-

2187 5614 2431 5691 λήψεως
2481 5614 2804 5687 ἀκράντου.
2862 5614 3064 5689 Nempe
3118 5614 3197 5690 τῷ
3216 5614 3364 5691 ’Θεῷ
3421 5614 3545 5691 καῖ’
3575 5614 3772 5690 Πατρί,

2191 5690 2336 5769 quod
2370 5686 2569 5769 _Lucas
2609 5691 2702 5754 ait,
2737 5686 3083 5769 παραστῆσαι
3110 5686 3185 5761 τῷ
3218 5686 3426 5769 Κυρίῳ.
3459 5690 3568 5769 Res
3613 5686 3778 5762 plana

2191 5760 2386 5816 scienti
2415 5760 2708 5832 terminos;
2738 5760 3004 5817 Pantinus
3028 5760 3210 5820 tamen
3234 5760 3629 5820 male'oscitatl
