3972 6212
202 278 313 341 387

1300 287 1535 346 SERMO
1572 289 1663 345 DE
1701 289 2006 348 SIMEONE
2044 292 2134 350 ΕΤ
2174 293 2383 350 ΑΝΝΔ.

3347 308 3450 366 358

205 392 498 458 ἀνάδειξιν,
528 390 686 448 ἅτινα
715 393 883 466 δηλοῖ,
912 396 972 451 τὸ
1008 399 1105 469 μὲν
1123 439 1138 464 ,
1174 402 1277 456 Ἐν
1293 404 1462 473 μέσῳ
1484 404 1594 459 δύο
1624 403 1779 466 ζώω

1895 406 2017 462 dum
2056 417 2256 480 tempus
2296 409 2502 476 aderit,
2534 413 2821 469 ostenderis
2851 415 2918 469 ³⁸.
2953 415 3166 488 Inspice
3207 435 3336 476 vero
3360 438 3455 479 ac-

205 485 559 558 γνωσθήσῃ,
584 486 683 556 τήν
702 504 760 540 τε
796 488 937 542 κατὰ
953 490 1115 563 νόμον
1140 495 1199 547 ἐν
1229 497 1340 558 τοῖς
1370 495 1583 561 ἀδύτοις
1624 499 1786 570 ὑπερ-

209 574 420 628 άνωθεν
448 573 543 633 τοῦ
570 575 885 648 ἱλαστηρίου
918 578 1015 651 τῆς
1054 580 1288 636 κιϐωτοῦ
1318 584 1521 654 μεταξὺ
1548 585 1657 639 τῶν
1690 605 1782 640 τυ-

208 667 389 719 πικῶν
434 667 705 738 χερουϐὶμ
750 670 1061 725 ὲπισκίασιν
1081 673 1181 744 τῆς
1227 674 1376 742 θείας
1409 678 1575 731 αὑτοῦ
1606 677 1782 749 δόξης,

206 757 283 822 ὥς
310 775 444 829 φησι
472 759 609 831 πρὸς
658 761 898 834 Μωῦσῆν
918 802 933 826 ,
975 762 1282 819 Ἐντεῦθέν
1308 781 1406 821 σοι
1437 769 1787 837 γνωσθήσο-

182 866 342 921 μαι,
408 850 511 922 τήν
567 868 627 904 τε
685 854 1103 925 καταντήσασαν
1162 856 1231 910 τὰ
1276 856 1371 912 νῦν
1402 859 1490 913 διὰ
1521 860 1618 932 τὴν
1645 860 1786 916 κατὰ

208 941 390 1013 σάρκα
437 941 786 1014 πανύμνητον
838 946 1002 1001 αὑτοῦ
1036 948 1131 1002 τοῦ
1177 951 1424 1024 Σωτῆρος
1470 947 1788 1022 θεοφάνείαν

203 1032 509 1107 ἀγγελικὴν
546 1036 874 1103 συνέλευσιν,
910 1040 959 1091 εί
991 1042 1086 1094 καὶ
1114 1043 1249 1115 πρὸς
1276 1044 1431 1115 ἡμῶν
1459 1044 1787 1116 ἀθεώρητος,

206 1125 393 1191 καθὼς
436 1128 838 1201 προδεδήλωκεν
888 1130 1145 1198 Ἡσαΐαςο
1174 1135 1235 1189 τὸ
1265 1136 1344 1202 δὲ,
1394 1138 1491 1190 Ἐν
1518 1136 1609 1203 τῷ
1633 1138 1790 1209 ἐγγί-

206 1219 328 1281 ζειν
365 1220 440 1274 τὰ
498 1221 625 1290 ἐτη,
674 1224 1131 1296 ἐπιγνωσθήσῃ,
1179 1228 1276 1300 τὴν
1321 1228 1659 1294 πανένδοξον,
1713 1229 1790 1295 ὡς

208 1310 556 1382 προείρηται,
584 1314 722 1366 κατὰ
766 1314 945 1388 σάρκα
969 1317 1264 1386 ἐπίγνωσιν
1295 1319 1390 1372 τοῦ
1421 1319 1653 1390 ἀοράτου
1682 1320 1788 1373 Σω-

206 1402 378 1472 τῆρος
406 1400 563 1472 ἡμῶν
593 1402 749 1469 Θεοῦ,
776 1404 851 1469 ὥς
878 1423 979 1459 που
1010 1407 1175 1477 φησὶν
1202 1410 1230 1461 ὁ
1258 1408 1429 1479 μέγας
1466 1408 1792 1481 ίερομύστης

207 1492 461 1557 Παῦλοςο
513 1496 650 1550 Ὅτε
675 1496 743 1550 δὲ
779 1494 928 1567 ἦλθε
959 1499 1027 1552 τὸ
1068 1500 1360 1570 πλήρωμα
1404 1502 1509 1565 τοῦ
1542 1503 1789 1572 χρόνου,

204 1586 644 1651 ἐξαπέστειλεν
675 1592 708 1643 ό
739 1588 882 1655 Θεὸς
925 1589 1032 1644 τὸν
1074 1590 1213 1645 Υἱόν
1238 1592 1444 1656 αὐτοῦ,
1468 1594 1790 1663 γενόμενον

202 1678 271 1732 ἐκ
306 1680 613 1749 γυναικὸς,
640 1683 961 1752 πενόμενον
985 1683 1104 1737 ὑπὸ
1124 1685 1331 1753 νόμον,
1363 1686 1461 1739 ἵνα
1505 1685 1647 1752 τοὺς
1667 1684 1786 1741 ὑπὸ

1884 510 2131 557 curatam
2186 504 2406 574 penitus
2457 501 2698 575 Spiritus
2749 508 3105 580 diligentiam.
3164 511 3451 571 Notionem

1884 595 2044 662 dixit,
2077 597 2410 666 agnitionem
2446 604 2499 651 et
2536 598 2939 668 ostensionem;
2976 618 3209 671 quorum
3238 604 3455 677 singula

1884 688 2000 743 haec
2021 688 2329 756 declarant;
2360 688 2491 743 illud
2517 689 2735 760 quidem
2773 711 2786 747 :
2814 692 2877 746 In
2903 696 3072 750 medio
3088 696 3313 752 duorum
3344 700 3435 761 ani

1884 781 2107 835 malium
2136 781 2473 845 nosceris;in
2507 782 2720 852 primis,
2749 783 2946 839 divinae
2967 788 3157 857 ipsius,
3192 789 3346 858 juxta
3378 791 3454 845 le-

1885 888 2029 944 gem,
2060 875 2115 928 in
2144 875 2346 946 adytis,
2371 890 2536 947 super
2559 891 2700 931 arca:
2718 879 3175 948 propitiatorium,
3196 883 3248 936 in
3274 884 3455 939 medio

1885 965 2193 1034 typicorum
2230 964 2536 1031 cherubim,
2561 966 2747 1037 gloriae
2769 968 2913 1022 velut
2939 970 3407 1027 obumbrationem
3431 990 3451 1043 ;

1883 1070 2012 1109 nam
2053 1055 2129 1109 ait
2182 1055 2251 1110 ad
2282 1055 2499 1128 Moysen
2535 1075 2549 1111 :
2581 1056 2714 1111 Inde
2741 1059 2837 1112 tibi
2875 1060 3292 1118 innotescunt“:
3322 1080 3456 1134 prte-

1886 1153 2036 1201 terea
2059 1147 2245 1211 etiam,
2280 1162 2429 1202 nunc
2458 1148 2638 1215 nobis,
2685 1164 2784 1220 per
2823 1148 3123 1210 Salvatoris
3172 1154 3343 1224 ipsius
3366 1172 3452 1212 se-

1887 1238 2127 1293 cundum
2162 1254 2403 1305 carnem,
2429 1240 2668 1295 divinam
2703 1242 3063 1314 laudibusque
3089 1248 3342 1302 omnibus
3363 1263 3456 1302 ce-

1886 1327 2206 1382 lebrandam
2237 1331 2651 1399 apparitionem,
2672 1329 2870 1384 factum
2896 1333 3111 1388 obvium
3138 1337 3450 1405 angelorum

1889 1432 2264 1474 concursum:
2298 1436 2606 1491 quanquam
2647 1423 2715 1486 is,
2757 1431 2950 1477 natura
2998 1440 3121 1492 sua,
3168 1426 3326 1482 nobis
3370 1427 3455 1480 in-

1889 1517 2241 1588 aspectabilis
2263 1528 2366 1584 est,
2394 1526 2452 1573 ut
2470 1521 2581 1589 jam
2610 1527 2735 1575 ante
2760 1519 2927 1576 lsaias
2953 1522 3269 1578 declaravit.
3296 1512 3454 1588 Quod

1887 1619 2069 1665 autem
2093 1612 2203 1665 ait:
2230 1610 2369 1664 Dum
2392 1609 2918 1684 appropinquave'rint
2941 1615 3087 1679 anni,
3113 1615 3408 1684 agnosceris
3433 1628 3455 1670 :

1890 1703 2114 1758 omnino
2144 1705 2399 1775 inclytam
2429 1704 2599 1771 illam,
2633 1715 2693 1761 ut
2729 1708 2840 1776 jam
2875 1706 3079 1761 dictum
3110 1715 3217 1773 est,
3251 1722 3454 1762 secun-

202 1773 399 1840 νόμσν
420 1770 779 1840 ἐξαγοράσῃ,
796 1773 896 1825 ἵνα
916 1771 1030 1841 τὴν
1044 1776 1349 1829 υἱοθεσίαν
1371 1775 1783 1845 ἀπολάϐωμεν.

1895 1795 2017 1851 dum
2049 1810 2293 1860 carnem,
2334 1796 2625 1853 invisibilis
2671 1798 2874 1869 alioqui
2908 1797 3003 1853 Dei
3037 1797 3336 1853 Salvatoris
3366 1813 3457 1852 no-

202 1863 278 1916 Tb
292 1863 352 1916 δὲ
377 1862 738 1934 ἐπαγόμενον,
756 1865 850 1916 Ἐν
868 1865 934 1918 τὸ
950 1865 1013 1934 (Ῑ.
1029 1864 1127 1935 τῷ)
1153 1865 1422 1934 παρεῖναι
1433 1867 1541 1920 τὸν
1558 1867 1781 1934 καιρὸν,

201 1954 643 2023 ἀναδειχθήσῃ,
678 1955 838 2018 ποίας
884 1955 949 2009 ἂν
978 1957 1072 2009 καὶ¹
1098 1956 1269 2011 δέοιτο
1307 1959 1681 2031 ἀντιφράσεως
1707 1959 1785 2031 τῷ

200 2044 476 2099 εῦσκοπον
536 2047 672 2118 πρὸς
739 2046 799 2099 τὺ
866 2047 1252 2119 ἐορταξόμενον
1309 2051 1661 2105 ἀπευθύνοντι
1726 2051 1786 2105 τδ

198 2137 390 2209 appar;
426 2139 816 2212 Ἀναδειχθήσῃ
834 2139 963 2212 γὰρ,
1000 2141 1271 2211 φησὶν,ὼς
1302 2144 1393 2197 ἐπὶ
1422 2145 1606 2198 πίνακι
1635 2144 1787 2216 βασι-

198 2227 368 2301 λικῷ,
390 2231 499 2284 ὑπὸ
540 2230 642 2301 τῆς
686 2231 952 2304 τεκούσης
992 2250 1051 2286 σε
1086 2233 1354 2303 ἀχράντου
1388 2237 1588 2308 μητρὸς
1613 2238 1671 2289 ὲν
1709 2237 1787 2308 τῷ

199 2320 340 2392 ναῷ,
372 2324 433 2375 ὲν
461 2324 527 2393 τῇ
579 2322 677 2393 τῆς
712 2321 1039 2392 σαρκώσεὼς
1078 2341 1173 2376 σου
1233 2324 1555 2399 εὐπρεπείᾳ.
1602 2326 1787 2381 Ταῦτα

197 2413 262 2467 δὲ
282 2414 856 2486 ἀνακεφαλαιούμενος
892 2417 920 2469 ό
960 2417 1243 2488 προφήτης
1283 2419 1419 2491 πρὸς
1442 2419 1502 2472 τὸ
1527 2419 1787 2489 σαφέστεμ

209 2522 324 2577 ρον,
363 2505 714 2578 ἀνακέκραγε
767 2506 972 2576 λέγων’
1007 2511 1220 2579 Κύριος
1254 2510 1324 2564 ἐν
1357 2511 1481 2576 ναῷ
1516 2512 1661 2582 ἁγίῳ
1688 2512 1787 2566 αὐ-

202 2595 312 2651 τοῦ
328 2613 344 2626 ο
369 2598 741 2651 εὐλαϐείσθω
757 2598 873 2652 ἀπὸ
897 2600 1221 2668 προσώπου
1243 2602 1428 2657 αὐτοῦ
1450 2602 1616 2659 πᾶσα
1631 2606 1667 2672 ἠ
1681 2602 1774 2673 γῆ.

1889 1890 1991 1945 stri
2018 1887 2347 1957 agnitionem
2372 1887 2676 1958 significat;
2703 1899 2760 1942 ut
2791 1888 3025 1959 quodam
3057 1890 3195 1951 loco,
3225 1905 3454 1960 magnus

1890 1977 1980 2032 ille
2009 1992 2291 2032 sacrorum
2348 1985 2554 2048 mystes
2603 1976 2805 2033 Paulus
2854 1978 2974 2031 ait:
3008 1977 3232 2044 Quando
3281 1988 3455 2033 autem

1890 2070 2029 2124 venit
2056 2067 2325 2137 plenitudo
2360 2070 2630 2138 temporis,
2664 2070 2840 2123 emisit
2879 2070 3018 2125 Deus
3046 2069 3247 2124 Filium
3278 2088 3452 2137 suum,

1890 2161 2089 2230 factum
2119 2176 2184 2214 ea:
2230 2160 2465 2225 muliere,
2498 2161 2700 2231 factum
2729 2162 2825 2215 sub
2857 2162 2986 2232 lege,
3031 2172 3087 2214 ut
3129 2180 3214 2216 eos
3245 2166 3332 2234 qui
3361 2161 3457 2217 sub

1892 2252 1999 2322 lege
2017 2260 2168 2305 erant
2198 2249 2498 2313 redimeret;
2524 2259 2581 2304 ut
2611 2253 2937 2321 adoptionem
2953 2252 3186 2320 ﬁliorum
3207 2254 3460 2323 recipere-

1892 2359 2009 2396 mus
2033 2342 2097 2396 ³².
2135 2341 2289 2408 Quod
2313 2348 2491 2396 autem
2536 2342 2884 2412 subjungitur
2914 2363 2927 2399 ε
2966 2343 3103 2397 Dum
3135 2354 3331 2413 tempus
3363 2342 3461 2398 ad-

1890 2436 2011 2499 erit,
2051 2434 2379 2499 ostenderis;
2414 2435 2562 2489 nulla
2606 2436 2794 2505 utique
2837 2437 3177 2507 expositione
3230 2437 3456 2508 indiget,

1890 2530 1936 2586 si
1964 2529 2087 2599 quis
2114 2529 2364 2590 solerter,
2404 2527 2471 2581 ad
2511 2526 2706 2583 festum
2740 2530 2883 2598 quod
2914 2546 3061 2586 nunc
3097 2529 3456 2595 celebramus,

1888 2622 2077 2677 oculos
2117 2620 2316 2674 mentis
2337 2619 2648 2675 intenderit.
2693 2618 3008 2677 Ostenderis
3047 2623 3210 2686 enim,
3261 2621 3457 2691 inquit,

201 2717 476 2780 tanquam
514 2710 569 2765 in
607 2711 761 2766 disco
804 2713 1062 2783 quopiam
1116 2730 1213 2771 ceu
1269 2716 1475 2772 ferculo
1505 2717 1674 2788 regio,
1738 2715 1807 2770 ab
1847 2715 2170 2768 intemerata
2231 2718 2322 2764 tua
2369 2710 2539 2766 Matre
2582 2713 2638 2766 in
2691 2711 2913 2783 templo,
2960 2711 3123 2783 idque
3168 2711 3225 2765 in
3277 2710 3463 2765 carnis

202 2799 304 2855 abs
334 2808 389 2854 te
411 2810 708 2873 assumpta
727 2805 922 2860 decore
949 2812 1002 2859 et
1032 2803 1226 2863 forma.
1260 2809 1391 2875 Qua:
1429 2808 1740 2863 summatim
1776 2806 2035 2876 colligens
2063 2804 2352 2876 Propheta,
2410 2804 2690 2874 amplioris
2736 2804 3001 2860 claritatis
3041 2803 3235 2875 gratia,
3263 2803 3317 2857 in
3344 2803 3460 2858 haec

202 2893 538 2948 exclamavit
557 2895 719 2950 verba
750 2915 765 2951 :
808 2896 1065 2951 Dominus
1098 2898 1154 2951 in
1185 2901 1371 2968 templo
1391 2910 1574 2954 sancto
1610 2918 1707 2955 suo
1728 2899 1772 2931 ³³
1806 2918 1819 2953 :
1848 2904 2142 2953 revereatur
2173 2913 2205 2949 a
2232 2896 2366 2965 {acie
2392 2895 2505 2965 ejus
2539 2896 2707 2948 omnis
2739 2905 2880 2949 terra
2897 2895 2961 2951 “.

273 2984 352 3038 εν.
390 2985 627 3065 Φρικτὸν
650 2987 759 3060 γὰρ
787 2987 954 3053 ὅντως
978 2989 1039 3043 τὸ
1069 2991 1197 3063 περὶ
1226 2992 1284 3045 σὲ
1316 2993 1631 3065 μυστήριον,
1657 2994 1781 3064 Μῆ-

1959 2988 2025 3044 ν.
2072 2988 2433 3044 Tremendum
2485 2988 2627 3043 enim
2677 3002 2863 3042 revera
2892 3026 2908 3051 ,
2964 3003 2997 3041 ο
3049 2978 3217 3043 Mater
3251 2984 3456 3059 Virgo,

198 3094 301 3149 τερ
330 3078 607 3150 Παρθένε,
636 3080 727 3133 καὶ
755 3082 910 3152 νοητὲ
942 3082 1119 3154 θρόνε,
1144 3084 1497 3155 δεδοξασμένε
1532 3087 1624 3140 καὶ
1653 3086 1788 3140 Θεοῦ

1895 3080 2049 3137 sedes
2088 3080 2374 3150 spiritalis,
2406 3078 2701 3149 glorilicata
2737 3077 2951 3148 Deoque
2988 3077 3166 3148 digna,
3198 3085 3349 3134 tuum
3387 3080 3458 3134 il-

201 3170 423 3237 ἐπάξιε.
469 3172 792 3244 Προήγαγες
825 3174 934 3246 γὰρ
974 3175 1158 3247 θαῦμα
1186 3177 1527 3248 ἐπουρανίοις
1559 3178 1652 3232 καὶ
1681 3180 1791 3232 ὲπι-

200 3263 375 3330 γείοις
402 3263 663 3329 ἐξαίσιον.
690 3266 801 3319 Καὶ
832 3269 1178 3340 παράδειγμα
1205 3269 1408 3324 τούτων
1428 3270 1521 3324 καὶ
1547 3270 1793 3343 ἀρραγὴς

201 3355 457 3424 ἐλεγχος·
476 3356 542 3409 τὸ
555 3358 698 3411 κατὰ
720 3358 784 3411 τὸ
812 3358 995 3413 καινὸν
1011 3361 1110 3431 τῆς
1133 3362 1445 3434 ὑπερφυοῦς
1468 3380 1559 3415 σου
1579 3362 1793 3433 λοχείας

201 3447 478 3515 ἀγγέλους
526 3449 618 3501 ἐπὶ
652 3450 755 3520 γῆς
799 3449 976 3521 ᾄδειν·
1021 3452 1176 3518 Δόξα
1215 3454 1285 3507 ἐν
1318 3456 1600 3522 ὑψίστοις
1635 3453 1790 3520 Θεῷ,

200 3541 299 3594 καὶ
360 3541 463 3594 ἐπὶ
531 3540 646 3611 γῆς
695 3540 901 3610 εἰρήνη
927 3584 943 3609 ,
1013 3544 1082 3597 ἐν
1131 3543 1463 3612 ἀνθρώποις
1509 3546 1789 3600 εὐδοκία·

198 3632 279 3704 τῷ
325 3633 762 3707 τριπλασιασμῷ
792 3637 889 3707 τῆς
920 3636 1064 3707 ᾠδῆς
1107 3635 1199 3690 τὸν
1232 3637 1665 3711 τριπλασιασμὺν
1696 3639 1794 3710 τῆς

197 3725 505 3796 ἁγιότητος
528 3727 639 3795 (50)
664 3729 1070 3798 εἰσαγαγόντες.
1106 3731 1369 3801 Μακαρία
1400 3732 1465 3784 σὺ
1495 3733 1552 3783 ὲν
1584 3733 1796 3800 γενεαῖς

197 3818 510 3884 γυναικῶν,
538 3817 939 3889 θεομακάριστε
958 3837 973 3851 °
999 3820 1081 3873 ὅτι
1105 3820 1194 3875 διὰ
1220 3821 1314 3875 σοῦ
1339 3820 1628 3894 ἐπληρώθη
1661 3824 1694 3894 ἡ
1721 3821 1796 3891 γῆ

198 3907 301 3977 τῆς
336 3906 499 3971 θείας
524 3906 681 3977 δόξης
710 3907 805 3962 τοῦ
830 3908 985 3974 Θεοῦ,
1003 3909 1078 3974 ὡς
1099 3910 1194 3965 καὶ
1220 3912 1278 3964 ἐν
1299 3910 1551 3982 Ψαλμοῖς
1590 3911 1792 3984 ᾄδεταισ

198 3996 567 4067 Εὐλογητὸς
584 4000 800 4067 Κύριος
827 4003 861 4054 ὀ
894 4000 1039 4068 Θεὸς
1068 4000 1328 4070 Ἰσραὴλ,
1355 4001 1453 4055 καὶ
1484 4002 1796 4070 πληρωθή-

199 4108 385 4148 σεται
402 4089 515 4160 τῆς
528 4090 716 4160 δόξης
726 4093 911 4147 αὐτοῦ
930 4092 1096 4148 πᾶσα
1109 4095 1147 4164 η
1163 4094 1259 4165 γῆ*
1279 4095 1530 4165 γένοιτο,
1544 4096 1793 4167 γένοιτο.

200 4184 313 4238 Καὶ
350 4181 623 4252 ἐπήρθη,
664 4184 832 4254 φησὶ,
862 4185 927 4239 τὸ
953 4185 1294 4255 ὑπέρθυρον
1317 4187 1435 4242 ἀπὸ
1460 4187 1567 4257 τῆς
1593 4189 1798 4259 φωνῆς

200 4271 276 4347 ἧς
293 4276 666 4345 ὲκέκραγονο
696 4274 725 4327 δ
746 4275 1001 4347 σημαίνει
1031 4276 1124 4331 τοῦ
1147 4277 1276 4331 ναοῦ
1295 4272 1358 4331 τὸ
1379 4279 1795 4349 καταπέτασμα,

1892 3173 1983 3227 lud
2019 3182 2441 3227 sacramentum.
2476 3168 2784 3224 Produxisti
2817 3169 2961 3223 enim
2991 3170 3305 3225 cmlestibus
3348 3179 3459 3226 ter-

1892 3266 2291 3334 restribusque,
2323 3264 2703 3331 exsuperantia
2727 3263 3053 3332 stupendum
3087 3263 3411 3317 miraculum
3442 3281 3456 3318 :

1895 3358 2054 3427 cujus
2096 3355 2174 3410 rei
2216 3356 2477 3409 indicium
2530 3364 2616 3408 est
2663 3354 2985 3425 ﬁrmumque
3029 3361 3410 3423 argumentum
3439 3392 3456 3419 ,

1898 3448 2043 3520 quod
2070 3448 2123 3501 in
2156 3455 2321 3510 terra,
2353 3444 2421 3499 ad
2454 3460 2651 3499 novum
2690 3445 2839 3499 illum
2871 3448 3089 3516 augusti
3128 3450 3202 3501 tui
3236 3462 3463 3518 puerpe-

1892 3544 1961 3599 rii
2008 3542 2246 3604 modum,
2291 3540 2465 3610 angeli
2498 3535 3040 3617 concinuntzGloria
3080 3540 3135 3593 in
3185 3538 3460 3595 altissimis

1893 3633 2039 3697 Deo;
2070 3641 2118 3687 et
2158 3632 2211 3685 in
2247 3641 2387 3685 terra
2418 3645 2544 3700 pax,
2594 3629 2892 3686 hominibus
2928 3630 3064 3685 bona
3108 3630 3348 3684 uoluntas
3373 3631 3416 3663 ³⁸
3442 3651 3459 3686 :

1894 3724 2092 3795 triplici
2123 3724 2380 3778 nimirum
2417 3722 2649 3815 cantico,
2682 3723 2882 3776 trinam
2916 3722 3233 3779 inducentes
3256 3724 3463 3780 sancti-

1894 3823 2102 3871 tatem:
2134 3814 2299 3870 Beata
2343 3823 2399 3868 tu
2451 3812 2507 3868 in
2554 3813 2838 3867 mulierum
2892 3812 3355 3882 generationibus,
3426 3826 3461 3867 a

1895 3909 2007 3966 Deo
2036 3911 2347 3966 beatissima
2376 3927 2389 3963 :
2420 3924 2545 3963 nam
2595 3923 2691 3978 per
2720 3916 2772 3963 te
2803 3908 3022 3978 impleta
3069 3915 3154 3961 est
3192 3916 3336 3962 terra
3376 3906 3463 3962 di-

1895 4004 2022 4057 vina
2068 4001 2163 4056 illa
2195 4000 2288 4056 Dei
2326 4002 2519 4070 gloria,
2572 4000 2716 4055 sicut
2761 3998 2920 4054 etiam
2966 4000 3182 4054 canitur
3212 4000 3267 4054 in
3309 3997 3464 4053 Psal-

1896 4096 2003 4148 mis
2031 4093 2076 4125 ³⁸
2101 4112 2116 4147 :
2140 4092 2453 4147 Benedictus
2478 4091 2735 4148 Dominus
2756 4091 2895 4146 Deus
2926 4090 3097 4147 Israel
3123 4109 3140 4146 :
3163 4101 3211 4146 et
3236 4092 3462 4161 replebi—

1898 4195 1986 4241 tur
2011 4186 2287 4257 majestate
2320 4190 2434 4254 ejus
2465 4186 2633 4240 omnis
2662 4195 2844 4239 terra:
2875 4186 2991 4254 ﬁat,
3027 4186 3143 4255 ﬁat.
3175 4215 3245 4226 —
3267 4185 3333 4239 Et
3358 4187 3464 4242 ele-

1897 4289 2074 4335 uatum
2099 4287 2202 4344 est,
2247 4278 2425 4349 inquit
2467 4278 2729 4349 propheta
2761 4278 2827 4345 ³⁷,
2861 4279 3313 4347 superliminarea
3346 4294 3465 4333 voce

199 4368 263 4422 τὺ
297 4366 608 4431 συσκιάζον
641 4365 780 4421 κατὰ
811 4367 1100 4438 πρόσωπον
1145 4368 1243 4440 τῆς
1269 4370 1706 4441 προτυπωσάσης
1737 4387 1790 4423 σε

1897 4389 2003 4444 qua
2055 4371 2359 4426 clamabant
2402 4387 2421 4425 :
2462 4386 2571 4442 quo
2617 4370 2977 4441 significatur,
3038 4372 3225 4442 templi
3284 4372 3463 4427 velum

201 4460 457 4513 κιϐωτοῦ
483 4458 781 4531 Διαθήκης,
812 4457 901 4512 ἵνα
935 4478 1024 4531 μοι
1052 4460 1343 4533 φανερωθῇ
1374 4460 1611 4532 τάληθὲς
1645 4462 1795 4532 (51),

201 4552 301 4604 καὶ
363 4550 454 4604 διὰ
496 4550 606 4605 τῶν
661 4553 1138 4624 προηγησαμένων
1189 4552 1372 4607 τύπων
1422 4570 1482 4606 τε
1524 4555 1617 4608 καὶ⁵
1668 4555 1800 4609 ὑπο-

200 4640 526 4713 δειγμάτων
564 4643 971 4715 παιδαγωγηθῶ
1001 4644 1139 4698 αἰδοῖ
1169 4646 1262 4699 καὶ
1289 4644 1476 4717 τρόμῳ
1513 4648 1676 4717 τιμᾷν
1703 4646 1799 4701 καὶ

202 4737 546 4806 προσκυνεῖν
573 4736 635 4788 τὸ
668 4737 796 4807 περὶ
826 4737 885 4790 σὲ
923 4738 1242 4808 μυστήριον,
1282 4736 1711 4808 χαλιναγωγηθῶ
1736 4755 1798 4792 τε

202 4821 272 4878 αὖ
307 4825 403 4879 διὰ
448 4825 551 4896 τῆς
580 4827 809 4897 νομικῆς
854 4827 1223 4899 σκιατραφίας
1258 4827 1359 4898 τῆς
1398 4827 1675 4899 τολμηρᾶς
1703 4829 1797 4883 καὶ

204 4916 472 4979 ἁναιδοῦς
517 4915 975 4990 ἀσκαρδαμύκτου
1020 4916 1470 4991 ἀντοφθαλμῆσαι
1518 4919 1797 4985 ἁντωπίας

317 5070 366 5102 ⁸³
397 5068 542 5123 Hab.
565 5085 650 5133 ut,
681 5070 737 5125 2.
840 5072 884 5105 ⁸¹
920 5071 1089 5129 Exod.
1114 5090 1241 5139 xxv,
1268 5073 1357 5131 22.

204 5138 434 5196 “Psal.
460 5155 614 5209 uxr,
646 5142 735 5197 18.
808 5143 853 5176 ³⁷
875 5142 990 5200 Isa.
1015 5144 1163 5209 “,4.

278 5317 403 5388 (50)
438 5318 557 5391 Τόν
576 5318 1056 5390 τριπλασιασμόν
1087 5318 1192 5387 τῆς
1226 5320 1554 5391 ἁγιότητος.
1608 5319 1798 5375 Panti-

206 5404 343 5449 nns,
378 5388 640 5455 triplicem
672 5388 975 5444 sanctitatis
1006 5388 1283 5454 rationem,
1337 5391 1517 5446 minus
1553 5392 1603 5447 id
1644 5392 1797 5445 theo-

208 5458 415 5531 logica.
458 5459 665 5514 Alludit
698 5460 766 5516 ad
820 5462 1093 5515 canticum
1148 5461 1494 5531 seraphicum
1542 5463 1664 5516 lsai.
1715 5477 1791 5524 vr,

208 5528 362 5602 quod
395 5531 955 5602 pnecipue‘explicat,
978 5528 1289 5602 tripliciqué
1314 5531 1367 5585 in
1393 5547 1459 5587 eo
1486 5532 1796 5588 sanctitatis

210 5598 644 5673 acc‘laniatiqni,‘
678 5600 736 5654 in
773 5598 999 5671 'signum
1040 5598 1212 5656 trinae
1250 5602 1487 5664 deitatis,
1525 5604 1793 5673 triplicem

211 5676 265 5722 et
305 5669 496 5744 ipsum
519 5668 739 5726 Christo
769 5668 937 5744 natoL
949 5672 1157 5744 dictum
1195 5673 1498 5744 angelicum
1532 5668 1791 5744 hymnum

217 5739 555 5810 respondere
583 5742 884 5799 contendit.
905 5740 1165 5816 Siejuxta
1190 5739 1401 5813 Graeca,
1426 5739 1636 5802 Latinis
1666 5756 1795 5800 vero

1901 4463 2224 4519 inumbrans
2267 4477 2452 4519 coram
2503 4478 2628 4518 arca
2661 4465 2994 4528 testamenti,
3028 4478 3149 4534 qua:
3177 4471 3229 4519 te
3276 4465 3467 4534 praesi—

1899 4557 2140 4629 gnabat;
2170 4563 2230 4611 ut
2262 4557 2398 4611 mihi
2438 4556 2639 4612 veritas
2670 4556 3020 4627 panderetur,
3054 4556 3331 4627 simulque
3366 4557 3466 4612 do-

1900 4661 2057 4702 cerer
2100 4662 2198 4718 per
2222 4654 2380 4718 typos
2422 4656 2475 4703 et
2515 4647 2718 4719 ﬁguras
2764 4663 2885 4718 qua:
2923 4647 3355 4717 praecessissent,
3405 4654 3466 4701 ut

1902 4755 2026 4794 cum
2056 4740 2359 4795 reverentia
2399 4745 2452 4794 et
2480 4746 2738 4805 tremore,
2775 4740 2839 4793 ad
2885 4748 3285 4795 sacramentum
3319 4738 3465 4809 quod

1900 4832 1957 4887 in
1989 4840 2045 4888 te
2073 4832 2361 4888 exhibetur
2400 4831 2762 4897 adorandum,
2805 4832 3118 4887 accederem
3154 4847 3167 4883 :
3200 4839 3363 4900 atque
3390 4830 3467 4885 le-

1901 4924 2008 4994 gali
2043 4923 2146 4979 hac
2186 4925 2369 4995 priore
2399 4925 2785 4989 deliueatione,
2820 4924 2889 4979 ab
2928 4940 2994 4980 eo
3026 4924 3118 4995 qui
3158 4923 3467 4993 incompre-

1462 5077 1507 5110 “
1550 5073 1674 5135 Gal.
1709 5095 1782 5144 tv,

1895 5079 1936 5135 5.
2040 5081 2086 5113 ⁸⁸
2106 5079 2261 5135 Psal.
2289 5080 2421 5144 x,5.
2493 5079 2542 5112 “
2575 5078 2726 5134 Psal.
2752 5093 2873 5144 xcv,
2903 5077 2954 5135 9.
3035 5076 3081 5110 ³⁸
3113 5075 3244 5132 Luc.
3279 5092 3342 5143 tt,
3376 5075 3466 5135 14.

1905 5325 1992 5390 est
2020 5318 2220 5390 duplex
2253 5317 2327 5371 ita
2358 5317 2750 5390 punctantibus
2789 5335 2802 5371 :
2844 5315 3028 5390 Gloria
3080 5318 3136 5390 in
3191 5315 3470 5390 altissimis

1904 5388 2037 5451 Deo,
2070 5387 2117 5444 et
2143 5391 2197 5443 in
2222 5397 2363 5442 terra
2391 5403 2498 5456 pax
2525 5387 2820 5441 hominibus
2849 5387 2995 5442 bonte
3022 5388 3326 5443 voluntatis.

1973 5460 2085 5539 (5|)
2124 5462 2246 5515 Ἵνα
2267 5457 2710 5539 έιρμφανερωθῇ.
2750 5458 3029 5539 τᾴληθές.
3054 5537 3061 5539 Α
3085 5456 3163 5539 Ut_
3189 5457 3471 5539 utriusque

1905 5528 2170 5587 rationem
2205 5528 2416 5590 reddat,
2444 5539 2499 5583 et
2522 5529 2862 5589 elevationis.
2920 5532 3069 5584 velut
3099 5528 3165 5582 ad
3196 5528 3467 5582 ostensio-

1902 5619 2026 5659 nem
2052 5603 2312 5673 aliquam,
2344 5597 2528 5655 divina
2579 5598 3024 5672 dispensatione;
3047 5607 3101 5657 et
3126 5598 3253 5666 veli,
3289 5598 3356 5652 ad
3384 5612 3469 5655 re-

1901 5674 2219 5733 verentiam.
