3972 6212
500 224 604 279 559

1461 222 1518 278 S.
1564 223 1895 279 METHODII
1933 219 2245 274 EPISCUPI
2282 222 2361 271 Εἰ
2412 223 2768 273 Μέὶιηιιιιδ

3619 208 3723 265 360

499 336 792 394 liensibilis
825 352 989 408 super
1037 337 1223 391 omnia
1265 338 1480 394 locatus
1512 347 1618 404 est,
1653 337 1942 394 audentius
1970 337 2062 391 im-

2171 334 2266 388 τὸν
2293 333 2364 388 τά
2389 335 2565 388 πάντα
2590 334 2644 386 ὲν
2672 330 3013 402 ἀκαταληψίᾳ
3040 330 3464 404 ὐπεριδρυμένον
3505 329 3637 402 (52).
3672 332 3735 384 Εἰ

498 427 909 501 pudentiusque
964 429 1074 481 lixa
1125 428 1408 483 oculorum
1452 429 1569 483 acie
1621 424 2069 498 contemplando,

502 521 837 576 refrenarer.
870 520 929 573 Si
952 520 1100 573 enim
1126 534 1285 582 arca,
1309 528 1415 573 tua:
1436 519 1584 573 illius
1610 517 1915 575 sanctitatis
1936 516 2074 570 ima-

498 613 612 685 gini
647 620 910 684 typoque,
952 618 1140 667 tantus
1186 627 1217 665 a
1268 609 1377 666 Deo
1415 611 1590 666 honor
1622 611 1840 665 habitus
1878 616 1985 672 est,
2016 617 2075 662 ut

498 706 731 771 nemini,
770 706 879 762 nisi
902 712 1117 761 tantum
1141 704 1319 760 ordini
1351 704 1699 769 sacerdotali,
1732 702 1800 757 ad
1831 717 1948 757 eam
1979 716 2075 772 pa-

502 805 643 853 teret
678 813 960 863 accessus,
996 803 1155 852 autve
1203 795 1380 851 facilis
1421 802 1567 850 esset
1601 795 1671 849 ad
1707 794 2073 865 cognitionem

504 892 793 962 ingressus
828 909 841 943 :
871 890 1239 959 distinguente
1272 888 1393 942 velo
1417 902 1481 942 ac
1515 903 1613 943 ceu
1644 888 1865 959 reginae,
1898 886 1966 941 ad
1991 886 2075 956 ja-

501 998 672 1037 nuam
732 982 1003 1038 vestibula
1055 981 1498 1051 servantezquis
1549 980 1769 1035 tandem
1826 980 2076 1050 qualisve

503 1077 873 1131 venerationis
900 1075 1082 1130 cultus
1116 1089 1146 1128 a
1192 1074 1349 1128 nobis
1390 1073 1652 1139 minimis,
1680 1072 1778 1128 tibi
1801 1088 1926 1128 vere
1967 1070 2074 1125 Re-

501 1166 642 1237 ginae
670 1165 837 1220 fuerit
873 1163 1254 1223 exhibendas?
1284 1179 1432 1228 vere,
1463 1165 1704 1234 inquam,
1738 1162 1831 1218 Dei
1859 1161 2076 1232 legisla-

502 1260 638 1313 toris
687 1258 942 1312 animatae
988 1271 1129 1311 arcae
1175 1274 1189 1310 :
1237 1256 1376 1310 creto
1408 1271 1535 1311 vere
1579 1255 1675 1310 Dei
1719 1255 1931 1325 capaci,
1980 1254 2072 1325 qui

502 1363 777 1419 nusquam
807 1347 927 1418 capi
967 1355 1168 1418 potest.
1201 1345 1278 1401 Te
1302 1348 1470 1411 enim,
1506 1346 1855 1401 sanctissima
1885 1343 2071 1416 Virgo,

504 1447 763 1510 tanquam
801 1438 890 1493 die
920 1438 1227 1492 clarissima
1274 1436 1480 1491 mundo
1512 1435 1824 1506 all‘ulgente,
1872 1436 2074 1491 solem-

500 1548 609 1602 que
640 1532 791 1585 illum
819 1530 1047 1600 justilite
1074 1530 1429 1603 producente,
1459 1528 1686 1582 odiosus
1716 1528 2072 1582 tenebrarum

502 1625 697 1678 horror
731 1623 993 1695 depulsus
1022 1631 1106 1678 est
1136 1641 1149 1676 :
1177 1622 1396 1694 tyranni
1426 1621 1669 1692 potentia
1706 1619 1850 1675 facta
1881 1620 2068 1688 irrita;

500 1733 648 1773 mors
722 1717 1036 1783 destructa;
1082 1714 1329 1770 infernus
1383 1715 1709 1785 absorptus;

499 1808 677 1862 omnis
738 1816 864 1861 ante
924 1807 1073 1875 pacis
1129 1812 1481 1874 conspectum
1535 1804 1834 1873 dissoluta;
1890 1804 2065 1859 morbi

510 1898 682 1963 noxii,
723 1899 1035 1954 sanctitatis
1067 1898 1332 1953 beneficio
1362 1906 1704 1968 erumpente,
1732 1897 1925 1968 procul
1953 1911 2069 1951 om-

499 2006 598 2046 nes
630 1990 905 2046 facessere
950 1990 1127 2060 jussi;
1162 1989 1563 2060 universusque
1593 2000 1861 2045 terrarum
1894 1988 2067 2053 orbis,

500 2083 748 2138 veritatis
790 2082 1113 2138 clarissima:
1164 2083 1583 2154 purissimaque
1639 2082 1761 2137 luce
1814 2081 2069 2151 perfusus

499 2180 603 2229 est.
644 2173 723 2227 Ad
752 2188 872 2242 quae
904 2171 1163 2227 Salomon
1199 2174 1253 2227 in
1286 2171 1531 2228 Canticis
1564 2162 1833 2235 alludens,
1870 2173 1945 2225 ita
1978 2186 2063 2225 or-

499 2264 684 2318 ditur:
710 2264 945 2319 Dilectus
976 2280 1119 2319 meus
1144 2264 1293 2328 mihi,
1330 2273 1379 2318 et
1406 2280 1497 2334 ego
1529 2263 1613 2317 illi
1644 2280 1662 2317 :
1688 2264 1777 2334 qui
1810 2264 1982 2332 pascit
2014 2264 2069 2316 in

499 2358 629 2412 liliis
670 2359 837 2413 donec
864 2358 1082 2426 respiret
1124 2358 1258 2421 dies,
1293 2367 1343 2411 et
1373 2357 1738 2411 dimoveantur
1782 2356 1981 2409 umbra:
2001 2356 2066 2408 ³⁸.

499 2446 637 2513 Quia
678 2463 850 2518 ergo:
890 2446 1044 2500 Virus
1091 2455 1170 2500 est
1211 2444 1351 2498 Deus
1382 2444 1600 2499 deorum
1646 2445 1703 2498 in
1752 2442 1881 2498 Sion
1901 2443 1968 2505 ³⁹,
2013 2450 2069 2497 et

501 2540 888 2611 magniﬁcentia
911 2536 1114 2591 decoris
1149 2537 1264 2606 ejus
1291 2538 1342 2589 in
1368 2535 1667 2590 Jerusalem
1708 2536 1953 2604 apparuit
1972 2534 2018 2565 “
2048 2552 2062 2588 :

499 2624 716 2696 Luxque
737 2639 816 2679 est
846 2634 965 2678 ortu
988 2625 1159 2694 justo,
1178 2635 1227 2678 et
1252 2626 1406 2679 rectis
1445 2625 1600 2680 corde
1623 2626 1811 2680 la'titia
1829 2625 2065 2694 “,juxta

499 2716 712 2768 beatum
755 2714 1012 2769 Davidem
1054 2733 1066 2767 :
1109 2713 1624 2769 sanetilicandorum
1686 2714 2066 2769 Sanctificator

496 2802 587 2858 tlle
617 2811 671 2857 et
702 2802 990 2868 Dominus,
1043 2804 1178 2875 legis
1207 2806 1488 2862 doctorem
1526 2815 1690 2876 atque
1727 2807 2062 2872 ministrum,

497 2896 552 2950 in
604 2904 812 2966 partem
865 2900 1110 2952 muneris
1155 2905 1208 2952 et
1257 2899 1629 2953 testimonium
1684 2899 1900 2954 illorum
1943 2916 2064 2971 quae

498 2988 821 3058 agebantur,
854 3003 950 3057 per
984 2986 1245 3058 Spiritum
1272 2999 1520 3044 sanctum
1551 2991 1891 3047 convocavit.

567 3075 654 3133 Vl.
696 3077 882 3148 quue
917 3095 1081 3135 senex
1129 3080 1387 3152 Symeon,
1421 3082 1845 3139 imbecillitatem
1874 3085 2056 3141 carnis

495 3184 722 3235 exuens,
761 3172 987 3242 speique
1008 3174 1234 3230 indutus
1276 3175 1464 3240 robur,
1516 3184 1643 3231 ante
1677 3177 1812 3248 legis
1841 3177 2054 3246 faciem,

496 3263 1030 3319 subministratorem
1068 3265 1203 3336 legis
1234 3265 1465 3321 festinus
1495 3269 1705 3336 excepit
1736 3287 1748 3322 :
1781 3268 2056 3323 doctorem

496 3352 651 3407 illum
681 3370 745 3409 ex
790 3364 1061 3425 potestate
1095 3376 1108 3411 :
1142 3367 1196 3411 et
1226 3356 1393 3411 Deum
1440 3359 1712 3415 Abraham
1741 3379 1755 3416 :
1788 3368 2060 3431 protecto-

496 3458 610 3497 rem
642 3443 792 3500 lsaac
822 3462 836 3500 :
874 3455 1127 3502 sanctum
1168 3447 1332 3503 Israel
1364 3468 1378 3503 :
1416 3448 1617 3521 Moysis
1652 3459 2056 3522 mystagogum;

494 3539 646 3599 eum,
690 3535 936 3607 inquam,
977 3538 1070 3608 qui
1116 3539 1357 3594 divinant
1406 3557 1561 3595 suam
1606 3543 2057 3611 incarnationem,

497 3633 755 3694 tanquam
788 3628 1115 3696 posteriora,
1155 3630 1330 3684 eidem
1365 3645 1434 3688 se.
1456 3631 1780 3700 promiserat
1808 3640 2059 3686 ostensu-

502 3738 624 3777 rum
648 3723 693 3756 δ’
727 3744 739 3779 :
774 3724 995 3779 divitem
1027 3726 1177 3779 illum
1208 3728 1262 3781 in
1294 3727 1643 3782 mendicitate
1675 3745 1688 3781 :
1724 3726 1776 3781 in
1810 3728 2058 3794 infantia,

495 3814 713 3869 maculis
762 3816 1125 3883 anteriorem;
1188 3819 1242 3871 in
1288 3818 1539 3881 visione,
1602 3817 1922 3873 invisibilem
1960 3839 1970 3872 :
2004 3819 2060 3874 in

496 3903 1006 3973 comprehensione,
1065 3906 1667 3976 incomprehensibilem
1709 3928 1721 3961 :
1758 3907 1813 3961 in
1877 3909 2061 3978 parvi-

494 4001 627 4060 tate,
658 3995 1085 4063 magnitudinem
1113 4011 1326 4050 omnem
1356 4005 1699 4066 superantem
1735 4017 1747 4052 :
1773 3997 1827 4051 in
1862 3998 2062 4066 templo

495 4087 683 4149 simul,
720 4095 774 4140 et
806 4088 861 4141 in
898 4089 1180 4144 altissimis
1212 4107 1225 4143 :
1258 4089 1310 4144 in
1359 4091 1557 4144 throno
1601 4092 1770 4163 regio.
1815 4100 1866 4146 et
1898 4106 2061 4145 curru

500 4177 801 4231 cherubico
845 4196 858 4230 :
905 4178 1159 4247 supernis
1212 4179 1673 4249 inferioribusque
1721 4180 2065 4234 continenter

495 4275 816 4335 praesentem
848 4286 861 4322 :
893 4269 948 4321 in
994 4269 1168 4322 forma
1212 4272 1374 4333 servi,
1420 4278 1472 4324 et
1520 4271 1692 4325 forma
1726 4270 1815 4325 Dei
1845 4270 2058 4332 Patris;

1782 1715 2069 1769 inimicitia
2100 1705 2143 1763 Β

2173 426 2282 498 γὰρ
2321 428 2385 497 τῇ
2422 425 2589 478 εἰκόνι
2633 424 2731 495 τῆς
2761 424 2859 495 σῆς
2898 425 3177 494 ἁγιότητος
3209 421 3444 493 τοσαύτη
3476 420 3610 493 πρὸς
3641 420 3737 475 τοῦ

2173 517 2308 572 Θεοῦ
2344 517 2661 589 ἀπενεμήθη
2686 517 2849 588 τιμὴ,
2886 516 2959 581 ὡς
2995 516 3181 588 μηδενὶ
3209 514 3489 587 βάσιμονῆ
3520 515 3741 587 πρόχει-

2179 626 2270 681 ρον
2317 612 2395 674 είς
2427 609 2750 680 κατανόησιν
2777 604 2913 660 εἶναι
2943 610 3041 679 τὴν
3066 606 3268 677 ταύτης
3300 606 3497 660 εἴσοδον
3526 605 3562 677 ἢ
3602 605 3740 679 μόνῃ

2173 706 2238 775 τῇ
2276 706 2521 776 ίερατικῇ
2552 701 2837 773 εὐκοσμίᾳ,
2864 700 2957 755 τοῦ
2980 700 3462 771 καταπετάσματος
3479 698 3743 770 διορίζον-

2172 815 2264 862 τος
2295 799 2386 851 καὶ
2418 794 2789 869 πυλωροῦντος
2816 794 2892 858 ὡς
2922 792 3148 865 βασιλίδι
3178 790 3245 846 τὰ
3287 791 3601 863 προπύλαια
3620 807 3635 821 ο
3684 789 3744 843 τί

2173 891 2281 962 ἄρα
2310 890 2401 943 καὶ
2434 888 2675 943 ποταπὸν
2701 887 2763 940 τὸ
2800 886 2929 956 παρ’
2968 885 3121 957 ἡμῶν
3152 884 3257 938 τῶν
3299 882 3597 954 ἐλαχίστων
3636 882 3742 935 ὲπο

2173 983 2516 1055 οφειλὸμενόν
2564 999 2645 1035 σοι
2676 981 2859 1045 σέϐας,
2886 982 2951 1051 τῇ
2984 980 3150 1043 ὅντως
3180 976 3408 1048 βασιλίδι
3427 1017 3442 1041 ,
3471 978 3538 1048 τῇ
3569 975 3745 1039 ὅντως

2173 1076 2402 1149 ἐμψύχῳ
2440 1073 2656 1145 κιϐωτῷ
2685 1072 2780 1126 τοῦ
2824 1071 3106 1143 νομοδότου
3136 1068 3302 1135 Θεοῦ,
3336 1071 3403 1141 τῇ
3436 1067 3605 1130 ὅντως
3633 1084 3746 1136 χω-

2177 1169 2322 1242 ρητῷ
2349 1166 2563 1240 οὐρανῷ
2590 1165 2684 1219 τοῦ
2707 1164 2987 1236 ἀχωρήτου
3019 1161 3151 1216 Θεοῦ
3180 1160 3479 1231 γενομένῃ;
3504 1157 3606 1212 Σοῦ
3630 1157 3745 1228 γᾶρ

2172 1259 2270 1330 τῆς
2304 1256 2568 1326 παναγίας
2598 1255 2673 1319 ὡς
2697 1252 3011 1324 φωταυγοῦς
3046 1252 3259 1324 ἡμέρας
3284 1250 3641 1321 ἐπιφανείσης
3659 1248 3747 1321 τῷ

2174 1354 2384 1424 κόσμῳ,
2407 1350 2611 1406 καὶτὸν
2633 1349 2730 1420 τῆς
2756 1345 3096 1416 δικαιοσύνης
3124 1345 3273 1416 ἥλιον
3294 1346 3744 1417 προαγαγούσης,

2173 1444 2415 1498 ἐκποδὼν
2452 1443 2549 1513 μὲν
2582 1441 2769 1510 γέγονε
2790 1440 2859 1493 τὰ
2891 1438 2984 1492 τοῦ
3009 1439 3228 1501 σκότους
3261 1438 3506 1509 στυγηρά
3529 1477 3543 1502 ,
3571 1435 3749 1509 φροῦ-

2172 1535 2259 1598 δος
2287 1533 2343 1587 δὲ
2376 1533 2469 1587 καὶ
2501 1534 2529 1585 ὁ
2556 1531 2817 1602 τύραννος
2847 1529 3081 1601 κατέστη
3105 1545 3120 1560 ·
3155 1529 3248 1582 καὶ
3278 1527 3491 1581 διόλωλε
3524 1528 3623 1599 μὲν
3651 1527 3751 1581 θά-

2174 1643 2350 1689 νατος,
2367 1622 2638 1694 κατεπόθη
2669 1621 2724 1674 δὲ
2747 1621 2839 1675 καὶ
2853 1623 2881 1675 ὁ
2896 1620 3044 1693 ᾅδης,
3064 1620 3154 1673 καὶ⁵
3176 1621 3324 1674 πᾶσα
3344 1621 3378 1691 ἡ
3402 1618 3572 1690 ἔχθρα
3604 1635 3748 1673 κατ-

2170 1717 2331 1789 ελύθη
2381 1717 2486 1788 πρὸ
2520 1712 2809 1787 προσώπου
2837 1714 2935 1784 τῆς
2966 1712 3184 1784 εἰρήνης
3203 1712 3388 1777 ’ζνόσοι
3434 1709 3490 1763 δὲ
3538 1710 3747 1782 φθορο-

2171 1810 2314 1864 ποιοὶ
2345 1806 2563 1863 ἄπωθεν
2605 1806 2839 1876 ἔστησαν
2877 1805 2977 1875 τῆς
3020 1804 3290 1876 σωτηρίας
3335 1803 3702 1874 προκυψάσης
3726 1841 3747 1866 ,

2171 1901 2263 1955 καὶ
2307 1900 2480 1970 φωτὸς
2544 1899 2828 1961 ἀνάπλεως
2879 1898 3098 1967 γέγονεν
3138 1897 3172 1966 ἡ
3216 1896 3308 1950 ὑπ’
3354 1893 3579 1967 οὐρανὸν
3636 1895 3747 1966 τῆς

2168 1991 2499 2064 ἀκραιφνοῦς
2546 1990 2821 2064 ἀληθείας.
2860 1990 3051 2043 "At-tvo.
3103 1986 3471 2058 προοιμιάζων
3513 1988 3572 2039 ὲν
3621 1989 3743 2049 τοῖς

2175 2086 2444 2159 ’ᾼσμασιν
2475 2084 2657 2152 ἔλεγεν
2681 2084 2708 2135 ὁ
2733 2080 2986 2152 Σαλομὼν
3006 2097 3019 2110 ·
3067 2079 3403 2149 Ἁδελφιδός
3425 2096 3543 2149 μου
3573 2078 3703 2148 ἐμοὶ
3722 2118 3739 2140 ,

2169 2179 2329 2249 κάγὼ
2359 2176 2550 2243 αὐτῷ·
2600 2180 2633 2230 ὁ
2676 2174 3002 2244 ποιμαίνων
3023 2174 3093 2227 ἐν
3120 2172 3244 2239 τοῖς
3274 2173 3498 2240 κρίνοις
3523 2171 3635 2236 ἕως
3663 2165 3739 2224 οὗ

2170 2269 2207 2337 ἡ
2261 2266 2452 2336 ἡμέρα
2492 2264 2826 2331 διαπνεύσῃ
2853 2304 2868 2328 ,
2917 2262 3016 2316 καί
3072 2258 3395 2328 κινηθῶσιν
3445 2262 3505 2313 al
3546 2257 3738 2312 σκιαί.

2182 2361 2334 2413 Ἐπεὶ
2376 2354 2468 2414 οῦν
2512 2358 2699 2427 Ὧρθη
2738 2359 2772 2410 ό
2812 2353 2957 2420 Θεὸς
2992 2352 3110 2407 τῶν
3150 2352 3302 2410 θεῶν
3330 2352 3402 2405 ἐν
3426 2350 3599 2414 Σιὼν,
3644 2352 3745 2404 καὶ

2186 2444 2574 2517 Ἡεὺπρέπειιι
2586 2444 2698 2515 τῆς
2725 2447 3080 2515 ὡραιότητος
3117 2444 3301 2499 αὐτοῦ
3331 2444 3401 2498 ἐν
3447 2444 3743 2513 Ἰερουσα-

2165 2536 2291 2607 λὴμ
2318 2533 2638 2604 ἑξεφάνθη,
2673 2534 2772 2587 καὶ
2807 2533 2932 2603 φῶς
2961 2533 3228 2590 ἀνέτειλε
3256 2532 3338 2599 τῷ
3365 2532 3602 2598 δικαίῳ,
3637 2532 3743 2585 καί

2166 2629 2288 2695 τοῖς
2315 2629 2518 2682 εὐθέσι
2548 2624 2622 2693 τῇ
2649 2625 2861 2695 καρδίᾳ
2881 2628 3246 2697 εὐφροσύνη,
3269 2625 3409 2681 κατά
3436 2624 3525 2677 τὸν
3561 2624 3745 2694 μακά-

2167 2737 2281 2794 ριον
2323 2718 2517 2780 Δαυῒδ,
2560 2720 2588 2771 ὁ
2630 2718 2737 2772 τῶν
2779 2718 3114 2789 τελουμένων
3157 2717 3447 2788 τελειωτὴς
3481 2715 3592 2786 (55)
3643 2716 3749 2770 καὶ

2164 2810 2437 2881 Δεσπότης
2471 2810 2563 2863 τὸν
2591 2808 2686 2862 τοῦ
2714 2809 2879 2880 νόμου
2904 2808 3205 2862 διδακτικὸν
3241 2807 3335 2861 καὶ
3366 2804 3746 2877 λειτουργικὸν

2166 2900 2520 2956 συνεκάλεσεν
2563 2902 2643 2964 είς
2687 2901 3025 2972 λειτουργίαν
3064 2901 3158 2952 καὶ
3193 2897 3494 2970 μαρτυρίαν
3526 2897 3615 2951 διὰ
3641 2896 3746 2950 τοῦ

2163 2993 2476 3064 Πνεῦματος
2499 2994 2594 3048 τοῦ
2621 2996 2778 3065 ἀγίου
2809 2993 2916 3047 τῶν
2944 2992 3344 3064 πραττομένων.

2233 3086 2343 3154 ςκ·
2372 3087 2536 3141 Ὅθεν
2571 3086 3013 3158 ἀπεκδυσάμενος
3034 3084 3096 3139 τὸ
3120 3086 3304 3140 ἄτονον
3330 3083 3431 3153 τῆς
3457 3080 3679 3154 ἡλικίας
3710 3079 3750 3133 ό

2158 3179 2471 3252 πρεσϐύτης
2498 3178 2741 3250 Συμεὼν,
2766 3182 2859 3234 καὶ
2885 3180 2945 3232 τὸ
2966 3178 3178 3232 εῦτονον
3206 3178 3305 3248 τῆς
3335 3175 3547 3236 ἐλπίδος
3571 3176 3754 3227 ἐπεν-

2157 3265 2491 3335 δυσάμενος,
2548 3267 2840 3321 ἀπολαϐεῖν
2884 3264 3143 3319 ἔσπευδεν
3181 3266 3262 3328 είς
3306 3264 3600 3337 πρόσωπον
3640 3261 3751 3316 τοῦ

2158 3356 2323 3427 νόμου
2354 3356 2443 3411 τὸν
2472 3357 2565 3411 τοῦ
2592 3358 2757 3429 νόμου
2785 3359 3050 3430 πάροχον·
3078 3358 3168 3410 τὸν
3187 3356 3451 3426 αὐθέντην
3475 3354 3753 3409 διδάσκα-

2159 3448 2250 3501 λον
2277 3447 2387 3519 (54)
2409 3466 2423 3479 υ
2460 3451 2550 3502 τὸν
2581 3449 2714 3503 Θεὸν
2737 3449 2831 3502 τοῦ
2865 3448 3117 3520 Ἀϐραάμ
3137 3465 3151 3478 ·
3181 3447 3273 3500 τὸν
3296 3445 3611 3516 σκεπαστὴν
3638 3445 3749 3498 τοῦ

2173 3540 2355 3593 Ἰσαάκ
2373 3556 2386 3568 ·
2414 3539 2504 3592 τὸν
2539 3540 2691 3609 ἅγιον
2713 3540 2808 3593 τοῦ
2855 3540 3068 3613 Ἰσραήλ
3092 3558 3106 3572 ο
3131 3541 3224 3592 τὸν
3256 3536 3617 3610 μυσταγωγὸν
3640 3537 3749 3590 τοῦ

2160 3630 2466 3693 Μωῦσέως·
2504 3631 2595 3684 τὸν
2629 3632 2727 3702 τὴν
2758 3629 2905 3685 θείαν
2939 3630 3347 3702 ὲνανθρώπησιν
3394 3629 3471 3693 ὡς
3513 3626 3748 3680 ὀπίσθια

2160 3724 2421 3794 γνωρίσαι
2449 3722 2597 3794 αὐτῷ
2639 3724 3037 3795 ὑποσχόμενονο
3069 3723 3161 3776 τὸν
3192 3723 3251 3775 ὲν
3278 3720 3524 3792 πτωχεία
3571 3719 3753 3772 πλού-

2164 3831 2305 3868 σιον·
2358 3816 2450 3869 τὸν
2491 3816 2551 3868 ὲν
2591 3817 2873 3887 νηπιότητι
2910 3814 3263 3888 προαιώνιον·
3307 3812 3400 3867 τὸν
3447 3815 3505 3866 ἐν
3544 3810 3751 3882 ὁράσει

2161 3904 2389 3976 ἀόρατον
2408 3924 2422 3936 ο
2447 3906 2536 3959 τὸν
2565 3909 2622 3959 ὲν
2654 3924 2721 3959 πε
2731 3906 2941 3979 ριλήῲει
2969 3906 3339 3978 ἀπερίληπτον
3362 3921 3375 3934 ’
3400 3902 3493 3957 τὸν
3518 3906 3577 3957 ὲν
3611 3919 3754 3972 σμι-

2163 3999 2385 4072 κρότητι
2421 3999 2768 4071 ὑπερμεγέθη
2793 4016 2807 4029 ο
2852 3999 2944 4052 τὸν
2978 4001 3036 4051 ἐν
3070 3998 3182 4068 ναῷ
3222 3997 3316 4049 καὶ
3349 3996 3408 4048 ὲν
3449 3994 3705 4064 ὑψίστοις
3728 4009 3745 4022 ·

2161 4092 2253 4145 τὸν
2286 4092 2377 4144 ὲπὶ
2406 4091 2593 4163 θρόνου
2628 4089 2905 4162 βασιλικοῦ
2945 4090 3055 4162 (55)
3081 4090 3175 4142 καὶ
3205 4089 3292 4141 ἐπ’
3319 4087 3595 4157 ὀχήματος
3645 4101 3754 4154 χε-

2169 4182 2445 4253 ρουὸικοῦ’
2494 4183 2583 4236 τὸν
2624 4185 2773 4236 κάτω
2820 4185 2911 4236 καὶ
2956 4182 3067 4236 ἀνω
3109 4180 3480 4241 ἀδιαστάτως·
3526 4177 3619 4229 τὸν
3678 4180 3750 4230 ὲν

2169 4280 2347 4349 μορφῇ
2375 4276 2582 4344 δούλου,
2617 4277 2711 4329 καὶ
2736 4278 2793 4329 ὲν
2823 4277 2999 4346 μορφῇ
3030 4272 3164 4325 Θεοῦ
3197 4271 3409 4343 Πατρός
3427 4287 3442 4301 ·
3471 4268 3563 4322 τὸν
3590 4268 3757 4339 ὑπή-

492 4356 822 4424 subjectum,
881 4367 935 4412 et
963 4357 1164 4429 Regem
1212 4361 1608 4416 universorum.
1652 4360 1781 4413 Erat
1829 4369 1974 4416 totus
2008 4362 2061 4416 in

2171 4379 2288 4415 κοον
2329 4362 2422 4416 καὶ
2461 4362 2685 4432 βασιλέα
2732 4362 2840 4415 τῶν
2884 4362 3158 4415 ἁπάντων.
3193 4361 3350 4423 Ὅλος
3396 4358 3589 4427 γέγονε
3629 4358 3750 4428 τῆς

493 4444 797 4516 desiderio;
831 4458 979 4506 totus
1019 4452 1074 4504 in
1110 4467 1240 4521 spe;
1279 4460 1427 4506 totus
1464 4452 1517 4504 in
1557 4452 1772 4519 gaudio.
1804 4450 1919 4504 Non
1942 4452 2056 4519 jam

494 4554 628 4593 suus
655 4538 773 4608 ipse
799 4549 937 4605 erat,
969 4543 1064 4598 sed
1094 4543 1213 4612 ejus
1235 4543 1393 4611 cujus
1420 4557 1513 4610 spe
1535 4542 1744 4597 deﬁxus
1770 4551 1906 4596 erat.
1932 4542 2057 4613 Spi-

493 4630 630 4685 ritus
679 4642 902 4689 sanctus
954 4635 1191 4689 faustum
1234 4634 1651 4687 annuntiaverat
1682 4652 1694 4685 :
1730 4631 1897 4702 [velut
1941 4634 2053 4703 jam

2163 4456 2431 4524 ἐιξέσεωςυ
2464 4454 2583 4518 ὅλος
2613 4455 2802 4524 γέγονε
2836 4455 2932 4525 τῆς
2965 4453 3209 4535 έλπίδοςι·
3247 4452 3367 4515 ὅλος
3407 4451 3600 4520 γέγονε
3632 4450 3752 4521 τῆς

2163 4548 2356 4617 χαρᾶς.
2395 4545 2590 4599 Οὐκέτι
2622 4541 2689 4616 ἦν
2727 4544 2923 4607 αὐτοῦ,
2950 4543 3083 4597 ἀλλά
3125 4544 3218 4598 τοῦ
3258 4543 3627 4605 ὲλπισθέντος.
3661 4543 3747 4594 Τὸ

2163 4637 2384 4707 Πνεῦμα
2416 4638 2476 4689 τὸ
2501 4638 2653 4704 ἆγιον
2680 4637 3060 4708 εὐηγγελίσατο
3078 4679 3092 4699 ,
3131 4637 3225 4691 καὶ
3261 4638 3389 4708 πρὶν
3413 4635 3446 4706 ἦ
3479 4633 3747 4705 κατειλη-

561 4784 605 4816 ³⁸
639 4784 797 4840 Cant.
821 4801 881 4853 ιι,
915 4785 1003 4849 l6,
1032 4785 1115 4839 l7.
1193 4785 1235 4818 ”
1259 4783 1408 4839 Psal.
1443 4799 1673 4848 Lxxmt,
1698 4783 1754 4837 8.
1826 4783 1871 4816 ‘°
1902 4783 2052 4839 Psal.

2171 4805 2201 4849 ι,
2229 4789 2281 4841 6.
2360 4790 2404 4820 δι
2428 4789 2579 4844 Psal.
2640 4805 2781 4853 seu,
2830 4790 2918 4844 11.
2995 4789 3040 4819 ⁸²
3075 4786 3248 4843 Exod.
3284 4803 3366 4852 ιιι,
3390 4786 3485 4843 25.

564 4897 675 4967 (ὕῖ)
716 4898 826 4967 Τὸν
871 4899 944 4953 τὰ
986 4899 1180 4952 πάντα
1210 4900 1279 4952 ἐν
1306 4899 1688 4966 daturcum,th
1738 4897 2053 4967 ὑπεριδρυο

490 4966 698 5040 μένον.
721 4966 879 5023 Velut
900 4972 1151 5040 omnibus
1187 4971 1241 5023 in
1273 4968 1923 5040 incompreltensibilitate
1953 4986 2053 5024 sua

492 5037 841 5099 eminentem,
876 5040 985 5095 fere
1011 5039 1235 5094 Paulina
1263 5037 1581 5108 phrasiqua
1614 5038 1815 5108 dicitur
1840 5037 2053 5094 inhabi-

492 5117 607 5161 tare
639 5109 813 5163 lucem
844 5106 1294 5173 inaccessibileui,
1327 5108 1348 5161 l
1379 5106 1518 5161 Tim'.
1545 5123 1617 5162 vr.
1669 5106 1932 5163 Pantinus
1960 5126 2050 5163 re-

494 5179 597 5232 fert
635 5179 701 5233 ad
732 5189 1013 5234 creaturas
1067 5179 1250 5234 minus
1282 5194 1542 5249 congrue,
1587 5180 1676 5248 qui
1703 5179 1947 5234 universa
1970 5181 2053 5233 in-

493 5248 945 5318 compreltensibili
971 5249 1201 5319 quadam
1232 5248 1433 5303 ratione
1461 5251 1748 5319 constituit.

564 5319 675 5392 (55)
706 5320 775 5392 7'0
806 5320 924 5392 τῷν
946 5318 1320 5392 τελουμένων
1351 5320 1683 5392 τελειωτής,
1714 5318 1792 5392 Ita
1848 5320 2049 5389 passim

496 5388 807 5461 Dionysius,
840 5388 1156 5460 Gregorius.
1201 5398 1307 5445 etc.
1361 5389 1541 5445 Minus
1598 5401 1720 5461 apte
1761 5388 2046 5455 Paulinus,

493 5459 749 5530 perfectus
783 5459 988 5523 auctor,
1008 5462 1188 5530 potius
1218 5462 1480 5523 initiator,
1497 5459 1924 5528 consummatur,
1939 5469 2046 5517 etc.

2160 4902 2361 4957 allu'iat
2390 4903 2457 4957 ad
2481 4903 2644 4958 verba
2669 4904 3000 4974 evangelica,
3049 4912 3099 4956 et
3158 4903 3295 4957 venit
3337 4901 3393 4954 in
3420 4900 3626 4974 spiritu
3655 4904 3736 4974 in

2161 4976 2409 5042 templum
2434 4990 2453 5027 :
2482 4975 2628 5028 velut
2651 4970 2907 5027 nimirum
2934 4974 3196 5028 instinctu
3229 4978 3389 5027 actus
3418 4971 3475 5023 in
3509 4970 3733 5027 Domini

2157 5058 2465 5099 occursum.

2227 5114 2340 5185 (54)
2374 5111 3214 5185 Τὸν-αὐθέντην-διδάοζκαλον.
3242 5110 3453 5167 Αιιυιιιι
3473 5110 3540 5185 ad
3562 5110 3736 5166 verba

2156 5182 2466 5253 evangelica
2488 5182 2702 5238 Marcii
2742 5203 2755 5237 :
2790 5182 2921 5237 Erat
2966 5182 3155 5253 docens
3216 5199 3327 5245 eos,
3379 5182 3535 5251 quasi
3584 5190 3740 5247 pater

2156 5251 2346 5309 statein
2413 5253 2627 5308 habens.
2688 5254 2866 5308 Minus
2921 5262 3044 5323 apte
3102 5251 3393 5314 Pantinus,
3461 5262 3741 5323 auctorem

2156 5325 2326 5392 ipsum
2350 5336 2398 5378 et
2427 5333 2793 5393 praeceptorem
2826 5321 2973 5393 legis,
3008 5323 3153 5378 velut
3176 5336 3434 5393 suprema
3485 5321 3745 5375 auctori-

2154 5404 2265 5450 tate
2283 5396 2588 5449 docentem.

2225 5464 2337 5536 (55)
2381 5464 2512 5519 Ἐπί
2554 5465 2765 5533 θρόνου
2807 5461 3156 5536 βασιλικοῦ.
3208 5461 3406 5536 sancta
3464 5461 3738 5536 nimirutn

497 5526 631 5607 Male
661 5529 824 5583 etiam
854 5531 935 5607 τὸ,
967 5526 1181 5607 δία-τοῦ-
1206 5531 1517 5607 Πνεύματος
1570 5532 1726 5607 ἁγίου
1786 5526 1928 5602 quod
1963 5547 2050 5607 se-

2171 5526 2383 5607 )c‘ipa’ra
2415 5536 2537 5590 sinu
2573 5526 2839 5605 gestante,
2902 5540 2959 5588 ut
3010 5534 3210 5604 ubique
3238 5533 3424 5589 divina
3468 5531 3741 5587 humanis

494 5599 701 5671 quitur,
741 5600 924 5671 retulit
954 5601 1020 5671 ad
1054 5602 1185 5654 illud
1212 5602 1319 5654 τῶν
1355 5599 1758 5671 πραττομένων.
1804 5599 1934 5657 cum
1976 5603 2047 5655 sit

494 5666 717 5722 unmino
750 5668 1089 5725 referendum
1119 5671 1184 5725 ad
1216 5666 1433 5731 verbum
1478 5666 1847 5739 συνεκάλεσεν,
1898 5672 2046 5727 velut

2154 5614 2555 5678 comparentur.
