3972 6212
332 264 435 324 381

1421 265 1654 325 εειωο
1690 266 1780 322 DE
1819 264 2117 327 SIIEONE
2154 265 2243 323 ET
2279 266 2484 323 ANNA.

3473 228 3665 326 sas—

345 388 510 457 φέναι
540 385 633 441 τὸν
662 385 810 454 ναὸν,
832 387 946 453 τοῖς
967 387 1065 459 τῆς
1088 387 1328 453 διανοίας
1353 387 1649 460 ὀφθαλμοῖς
1678 388 1896 443 ἀναπτε·

2018 395 2213 444 natura
2274 387 2604 444 exstinctum
2664 383 3079 455 suscitaveratﬂ
3141 399 3202 440 ac
3256 384 3575 456 priusquam

348 478 627 551 ρούμενος,
654 477 730 543 ὡς
749 478 886 550 ἔχων
910 479 1010 551 ήδη
1038 480 1100 533 τὸ
1126 478 1455 550 ποθούμενον
1475 478 1743 551 ὲγεγήθει.
1761 478 1914 548 Ἀγό-

345 588 504 643 μςνος
532 570 591 624 δὲ
625 570 804 636 οὕτω,
846 572 942 626 καὶ
984 570 1409 643 μετεωροπορῶν
1437 573 1549 635 τοῖς
1581 570 1912 648 διαδήμασιν

337 662 672 729 ὦκυτάςως,
713 664 806 717 τὸν
846 663 1014 717 πάλαι
1063 663 1208 734 ἱερὸν
1254 661 1659 733 καταλαμϐάνει
1706 662 1908 733 σηκὸν,

337 756 435 809 καὶ
462 755 525 808 ού
552 754 805 827 προσχὼν
828 754 907 826 τῷ
933 752 1091 825 ἱερῷ,
1121 751 1197 824 τῷ
1220 752 1317 805 τοῦ
1351 751 1497 825 ἱεροῦ
1521 751 1780 824 πρυτάνει
1810 752 1911 816 τὰς

336 846 491 917 ἱερὰς
521 847 732 910 ὠλένας
760 845 1071 917 ἐφήπλωσε,
1089 842 1267 898 τοιάδε
1292 842 1465 911 λέγων
1495 843 1611 913 ἅμα
1630 843 1723 896 καὶ
1747 842 1907 914 ᾄδων,

337 937 375 992 ἃ.
424 938 523 992 καὶ
567 940 636 1009 τῇ
684 938 936 1008 άσπαστῇ
973 937 1156 1007 τελετῇ
1204 934 1479 1005 προσῆκε·
1530 933 1598 986 Σὲ
1633 932 1907 999 ἐπιποθῶ,

333 1028 574 1083 δέσποτα
607 1028 709 1082 Θεὲ
742 1029 995 1100 πατέρων
1016 1068 1031 1092 ,
1067 1028 1161 1081 καὶ
1201 1025 1373 1097 Κύριε
1424 1023 1519 1078 τοῦ
1564 1025 1778 1092 ἐλέους,
1818 1026 1910 1079 τὸν

336 1114 754 1180 καταξιώσαντα
798 1119 862 1188 τῇ
896 1116 1002 1187 ἰδίᾳ
1040 1115 1168 1188 δόξῃ
1200 1114 1294 1168 καὶ
1318 1115 1496 1186 ἀρετῇ
1518 1154 1532 1178 ,
1575 1114 1650 1178 ὡς
1694 1114 1909 1170 πάντων

334 1209 714 1279 προνοητικῇ,
744 1207 882 1261 αἰδοῖ
927 1207 1025 1277 τῆς
1055 1205 1189 1278 πρὸς
1226 1205 1375 1276 ἡμᾶς
1417 1203 1907 1272 συγκαταϐάσεως,

333 1297 591 1369 καθάπερ
622 1298 973 1369 σωνδηφόρῳ
1005 1296 1249 1368 μεσιτείᾳ
1269 1334 1284 1360 ,
1313 1295 1394 1358 είς
1418 1294 1636 1366 φιλικὴν
1674 1295 1910 1367 ὁμηρεῦ-

331 1409 428 1447 σαι
449 1389 767 1462 συμφωνίαν
796 1390 921 1452 τοὺς
950 1387 1301 1457 ἐπουρανίους
1328 1385 1464 1458 πρὸς
1489 1387 1615 1451 τοὺς
1635 1389 1903 1456 γηγενεῖς.

331 1481 405 1533 Σὲ
438 1479 683 1552 ἐπιζητῶ
722 1479 811 1534 τὸν
840 1478 1143 1551 αὐτουργὸν
1177 1478 1284 1532 τῶν
1320 1477 1601 1533 ἁπάντωνο
1638 1479 1697 1532 σὲ
1740 1495 1909 1549 καρα-

330 1571 514 1635 δοκῶ,
539 1572 632 1625 τὸν
666 1571 988 1644 περιέχοντα
1024 1571 1168 1642 λόγῳ
1202 1570 1269 1624 τά
1295 1572 1499 1627 πάντα·
1536 1572 1594 1625 σὲ
1616 1569 1908 1640 ἀπεκδεχο-

339 1680 464 1735 μαι,
493 1664 585 1717 τὸν
616 1664 759 1735 ζωῆς
785 1665 877 1718 καὶ
909 1663 1138 1718 Θανάτου
1166 1664 1491 1729 δεσπόζοντα
1510 1681 1524 1694 °
1552 1664 1615 1731 σὲ
1633 1662 1905 1734 ἀναμένω,

333 1755 429 1808 τὸν
468 1755 796 1827 νομοδότην,
823 1756 917 1808 καὶ
953 1755 1046 1809 τοῦ
1092 1755 1255 1826 νόμου
1287 1755 1550 1828 διάδοχον’
1601 1756 1660 1809 σὲ
1704 1753 1871 1808 πεινῶ
1891 1794 1905 1820 ,

323 1845 422 1900 τὸν
444 1849 705 1915 ζωοποιὸν
720 1848 827 1902 τῶν
850 1847 1289 1921 νενεκρωμένωψ
1318 1848 1376 1900 σὲ
1401 1845 1556 1917 διψῶ,
1585 1846 1683 1917 τὴν
1701 1845 1902 1916 άνάψυ-
1931 1833 1974 1888 Β

327 1940 415 2007 ξιν
440 1942 549 1996 τῶν
576 1945 931 2015 κεκμηκότων
950 1960 964 1974 ο
1004 1944 1062 1997 σὲ
1114 1942 1363 2014 ἐπιθυμῶ
1407 1944 1496 1997 τὸν
1546 1943 1768 2015 κτίστην
1810 1944 1902 1997 καὶ

323 2030 609 2103 λυτρωτὴν
638 2032 733 2085 τοῦ
767 2032 991 2104 κόσμου.
1034 2031 1105 2084 Σὺ
1141 2033 1173 2103 ἡ
1184 2030 1299 2103 μῶν
1325 2030 1457 2094 Θεὸς
1480 2071 1494 2096 ,
1522 2032 1616 2085 καὶ
1646 2032 1704 2086 σὲ
1737 2048 1902 2102 προσ-

323 2121 619 2191 κυνοῦμεν.
647 2122 719 2175 Σὺ
739 2124 896 2194 ήμῶν
925 2121 1049 2185 ναὸς
1072 2122 1256 2191 ἅγιος,
1286 2123 1379 2175 καὶ
1413 2122 1471 2174 ὲν
1504 2122 1589 2175 σοὶ
1614 2121 1902 2194 προσευξό-

325 2212 471 2283 μεθα
490 2229 504 2242 ⁸
534 2212 598 2265 σὺ
622 2212 838 2283 θεσμῶν
868 2212 1221 2284 θεσμοθέτης,
1244 2214 1338 2266 καὶ
1369 2213 1450 2265 σοὶ
1477 2211 1897 2285 πειθαρχοῦμεν.

321 2306 397 2358 Σὺ
432 2305 568 2368 Θεὸς
600 2304 831 2377 πρῶτος·
868 2305 1175 2377 ἔμπροσθέν
1217 2322 1311 2359 σου
1342 2305 1441 2359 οὐκ
1484 2304 1743 2376 ἐγεννήθη
1789 2304 1899 2377 (56)

325 2390 463 2456 Θεος
493 2392 651 2457 ἄλλος
682 2393 747 2446 ὲκ
779 2393 914 2447 Θεοῦ
950 2394 1182 2464 Πατρὸς,
1216 2395 1308 2447 καὶ
1344 2394 1482 2466 μετὰ
1515 2394 1577 2447 σὲ
1621 2395 1720 2448 οὐκ
1747 2393 1899 2449 ἔσται

320 2484 486 2549 ἄλλος
522 2485 651 2549 Υἱὸς
690 2484 769 2557 τῷ
793 2486 969 2557 Πατρὶ
1008 2486 1290 2557 ὀμοούσιος
1329 2486 1424 2540 καὶ
1458 2485 1735 2557 ὁμότιμος.
1790 2485 1899 2540 Καὶ

321 2576 390 2631 τὸ
414 2577 778 2633 ἐπίστασθαι
805 2594 900 2644 σε,
932 2581 1266 2647 ὁλόκληρος
1297 2577 1671 2645 δικαιοσύνῃ’
1696 2578 1794 2631 καὶ
1821 2580 1899 2632 εὶ-

318 2669 488 2726 eam
517 2686 636 2724 σου
658 2669 725 2723 τὸ
756 2669 994 2739 κράτος,
1014 2669 1148 2740 ῥίζα
1178 2671 1529 2736 ἀθανασίας.
1564 2670 1635 2722 Σὺ
1672 2664 1725 2721 εἷ
1751 2671 1785 2723 ό
1809 2669 1899 2723 διὰ

317 2762 420 2834 τὴν
450 2762 726 2834 ἡμετέραν
757 2763 1027 2835 σωτηρίαν
1050 2765 1218 2831 λίθος
1242 2762 1691 2833 ἀκροπγυνιαῖος,
1714 2766 1900 2831 πολυ-

320 2854 504 2921 τελής
546 2872 610 2908 τε
654 2854 751 2909 καὶ
800 2855 1074 2926 ἔντιμος,
1118 2856 1182 2926 τῇ
1219 2853 1356 2908 Σιὼν
1388 2853 1893 2933 προαναγορευθείς.

329 2945 733 3017 Ύποῡῶληται
776 2946 885 3017 γάρ
939 2962 1021 2998 σοι
1081 2945 1149 2998 τὰ
1206 2945 1384 2999 πάντα
1455 2945 1530 3007 ὡς
1573 2945 1761 3017 αἰτίῳ·
1821 2944 1898 3008 ὡς

317 3037 700 3108 παραγαγόντι
743 3035 811 3089 τὰ
840 3035 936 3089 ὅλα
972 3038 1038 3093 ὲκ
1069 3034 1144 3107 μὴ
1179 3035 1348 3090 ὄντων
1376 3036 1456 3099 είς
1501 3035 1562 3088 τὸ
1594 3031 1733 3088 εἶναι
1754 3076 1769 3099 ,
1800 3036 1897 3088 καὶ

317 3127 583 3181 σύστασιν
612 3127 827 3198 εὐπαγῆ
846 3130 957 3191 τοῖς
980 3125 1233 3191 ἀστάτοις
1277 3125 1644 3199 παρασχόντι·
1670 3126 1745 3189 ὡς
1775 3143 1898 3179 συν-

311 3222 416 3289 οχῇ
466 3220 562 3272 καὶ
601 3220 812 3291 φρουρᾷ
855 3216 964 3272 τῶν
996 3216 1518 3290 παρενηνεγμένων·
1560 3217 1636 3281 ὡς
1681 3217 1894 3287 φύσεων

310 3314 591 3386 διαφόρων
618 3313 933 3387 δημιουργῷ
952 3331 966 3345 ο
1009 3312 1085 3379 ῶς
1111 3312 1410 3376 οίακίζοντι
1443 3311 1667 3384 παλάμῃ
1697 3312 1896 3365 παναλ-

311 3410 556 3482 κεστάτῃ
597 3411 689 3464 καὶ
735 3408 1135 3484 πανσοφωτάτῃ
1159 3408 1227 3463 τὰ
1269 3409 1590 3480 σύμπαντα·
1631 3409 1705 3472 ὡς
1738 3409 1896 3461 εὐτα-

309 3502 440 3570 ξίας
468 3503 687 3574 ἀπάσης
730 3501 950 3573 ῥυθμῷ·
979 3502 1054 3566 ὡς
1083 3500 1401 3573 συμφωνίας
1427 3500 1518 3554 καὶ
1546 3501 1767 3572 εἰρήνης
1796 3499 1892 3570 ἀρ-

306 3597 476 3667 ραγεῖ
498 3594 797 3666 συνδέσμῳ.
829 3595 931 3649 Ἐν
951 3594 1046 3648 σοι
1076 3596 1189 3663 γὰρ
1205 3592 1407 3663 ζῶμεν,
1433 3591 1530 3646 καὶ
1551 3590 1891 3659 κινούμεθα,

304 3688 413 3740 καί
449 3686 654 3756 ἐσμέν.
682 3686 780 3740 Διὰ
810 3688 999 3751 τοῦτο,
1038 3687 1215 3754 Κύριε
1240 3688 1272 3740 ό
1306 3685 1450 3749 Θεός
1476 3699 1595 3753 μου
1614 3724 1629 3747 ,
1657 3679 1894 3743 δοξάσω

304 3792 411 3839 σε,
435 3776 686 3845 ὑμνήσω
710 3776 776 3829 τὸ
800 3774 985 3845 ὄνομὰ
1006 3792 1143 3829 σου·
1160 3776 1248 3828 ὅτι
1272 3775 1568 3841 ἐποίησας
1583 3770 1894 3840 θαυμαστὰ

303 3868 629 3939 πράγματα
646 3909 661 3934 ,
699 3867 943 3936 ,ϐουλὴν
968 3866 1225 3935 ἀρχαίαν
1255 3864 1552 3933 ἀληθινὴν
1570 3904 1584 3927 ,
1606 3862 1890 3932 ἐξομολό-

304 3977 499 4026 γησιν
538 3960 636 4011 καὶ
670 3958 1187 4029 μεγαλοπρέπειαν
1217 3955 1646 4026 ἐνδυσάμενος.
1681 3954 1747 4007 Τί
1783 3952 1892 4023 γὰρ

304 4049 774 4122 περιφανέστερον
800 4048 1012 4121 βασιλεῖ
1031 4048 1428 4121 περιανθούσης
1448 4045 1774 4118 πορφυρίδος
1798 4044 1892 4097 καὶ

305 4144 721 4215 ἐπιλάμποντος
744 4142 1070 4213 διαδήματος
1093 4159 1108 4208 ;
1134 4142 1206 4195 Ἦ
1238 4141 1289 4195 τί
1320 4137 1892 4213 μεγαλοπρεπέστερον

303 4237 434 4309 Θεῷ
468 4234 831 4306 φιλανθρώπῳ
861 4232 1237 4306 φιλανθρώπου
1265 4230 1743 4302 ὲνανθρωπήσεως,
1772 4229 1892 4290 ταῖς

306 4330 785 4402 παμφανωτάταις
814 4328 1121 4398 ὲξαυγείαις
1142 4327 1284 4393 τοὺς
1307 4326 1376 4378 ἐν
1399 4325 1599 4378 σκότει
1625 4321 1722 4375 καὶ
1747 4318 1891 4388 σκιᾷ

308 4422 575 4479 θανάτου
618 4420 993 4491 καθημένους
1032 4417 1583 4488 καταλαμπούσης;
1630 4413 1739 4467 Καὶ
1784 4412 1889 4484 μὴν

2014 480 2274 551 templum
2315 477 2606 551 attigisset,
2662 477 2955 534 subvectus
2984 476 3354 549 intelligentiae
3376 475 3574 545 oculis,

2012 573 2161 627 velut
2186 571 2297 641 jam
2341 569 2708 625 desideratum
2764 569 3008 635 haberet,
3044 570 3240 640 gaudio
3284 569 3571 641 gestiebat.

2015 661 2106 717 Sic
2129 677 2293 733 porro
2315 670 2492 726 actus,
2526 677 2589 715 ac
2619 676 2714 733 per
2756 661 2957 732 gradus
2989 662 3271 717 celerrime
3303 676 3573 719 conscen-

2012 753 2169 819 dens,
2227 768 2445 809 sacrum
2495 753 2761 808 hactenus
2802 752 3078 823 penetrale
3137 759 3401 822 occupat;
3434 759 3574 808 tcm-

2010 843 2210 913 pioque
2238 843 2467 906 omisso,
2526 842 2702 912 ipsius
2734 842 2917 911 tempii
2951 842 3163 912 praesidi
3197 857 3385 898 sacras
3415 842 3573 899 ulnas

2010 931 2299 1004 expandit;
2350 932 2616 1001 ejusmodi
2657 931 2918 1002 quosdam
2967 931 3222 999 jucunda:
3272 931 3571 988 celebritati

2010 1039 2283 1103 congruos
2330 1039 2613 1081 sermones
2662 1024 2875 1077 cantico
2917 1023 3244 1093 depromens
3270 1043 3283 1078 :
3311 1023 3387 1079 Te
3427 1024 3573 1081 desi-

2008 1115 2162 1182 dero,
2196 1115 2425 1173 Domine
2469 1116 2612 1172 Deus
2643 1126 2878 1187 patrum,
2909 1123 2962 1168 ct
2993 1116 3215 1171 Domine
3258 1115 3571 1172 misericor-

2008 1208 2142 1277 diae;
2180 1209 2272 1279 qui
2301 1216 2393 1263 tua
2426 1209 2545 1280 ipse
2576 1209 2841 1263 sententia
2875 1216 2929 1263 et
2960 1207 3180 1271 virtute,
3209 1216 3266 1261 ut
3294 1223 3400 1279 qua
3442 1223 3568 1279 pro-

2005 1299 2193 1355 videas
2223 1300 2495 1363 omnibus,
2527 1299 2840 1371 dignatione
2889 1299 2979 1353 illa
3008 1314 3114 1368 qua
3142 1307 3194 1354 te
3224 1300 3382 1355 nobis
3410 1300 3571 1355 inclio

2007 1407 2127 1457 nas,
2162 1407 2260 1447 ceu
2297 1402 2577 1463 sequestra
2626 1392 2845 1447 fcedcris
2871 1392 3271 1456 conciliatione,
3316 1393 3568 1448 cmlestes

2008 1483 2152 1537 inter
2183 1484 2609 1554 terrigenasque,
2654 1482 2947 1536 amicitiam
2986 1481 3311 1537 concordem
3355 1497 3567 1540 sancire

2004 1573 2247 1631 voluisti.
2295 1572 2372 1629 Te
2403 1589 2586 1645 quaero
2624 1576 2799 1644 ipsum
2848 1579 3125 1627 auctorem
3164 1574 3562 1630 universorum.

2006 1663 2143 1720 Tota
2175 1673 2229 1721 tc
2258 1665 2555 1737 cupiditate
2591 1674 2866 1736 exspecto,
2909 1666 3000 1735 qui
3034 1681 3285 1721 sermone
3319 1666 3569 1720 contines

2007 1758 2211 1813 omnia.
2265 1757 2341 1814 Te
2383 1759 2690 1829 prmstolor,
2742 1758 2866 1815 vita:
2916 1758 3216 1828 mortisque
3262 1758 3567 1813 dominato-

2004 1865 2137 1904 rem.
2173 1849 2249 1905 Te
2293 1852 2536 1906 sustineo
2564 1848 2803 1905 datorem
2853 1850 3008 1920 legis,
3048 1850 3403 1921 ejusdemque
3432 1865 3564 1906 suc-

2005 1954 2300 1999 cessarem.
2349 1941 2425 1997 Te
2463 1942 2680 2007 esurio,
2732 1941 2825 2010 qui
2876 1940 3119 1997 vivificas
3159 1949 3423 1998 mortuos.
3469 1943 3555 1997 Si-

2003 2034 2080 2089 tio
2114 2041 2185 2094 te.
2222 2031 2639 2105 defatigatorum
2678 2032 3042 2102 refrigerium.
3080 2032 3157 2088 Te
3201 2036 3553 2104 concupisco,

2004 2126 2194 2182 mundi
2227 2132 2528 2181 creatorem
2580 2124 3101 2194 redemptoremquc.
3153 2123 3232 2178 Tu
3278 2124 3423 2181 Deus
3466 2142 3566 2180 no-

2003 2225 2147 2287 ster;
2183 2225 2345 2289 teque
2376 2219 2689 2274 adoramus.
2740 2215 2823 2270 Tu
2872 2225 3121 2272 sanctum
3165 2219 3423 2287 templum
3465 2234 3565 2273 no-

2001 2315 2212 2373 strum;
2261 2315 2493 2377 votaque
2539 2307 2592 2360 in
2639 2314 2693 2361 te
2736 2306 3021 2361 faciemus.
3048 2304 3129 2360 Tu
3174 2307 3350 2378 legum
3384 2307 3559 2371 lator;

2000 2398 2212 2468 tibique
2253 2398 2775 2469 obtemperahimus.
2811 2398 2890 2451 Tu
2913 2398 3054 2453 Deus
3081 2398 3327 2467 primus;
3358 2406 3482 2453 ante
3508 2408 3562 2453 te

2001 2503 2107 2543 non
2137 2497 2221 2544 est
2246 2500 2405 2544 natus
2434 2489 2576 2544 Deus
2606 2489 2746 2545 alius
2771 2505 2835 2543 ex
2877 2488 2986 2543 Deo
3017 2487 3175 2542 Patre
3200 2488 3275 2550 “z
3304 2504 3406 2543 nec
3438 2498 3560 2558 post

1999 2590 2053 2636 te
2082 2579 2299 2636 futurus
2322 2588 2407 2637 est
2437 2581 2578 2636 alius
2599 2579 2770 2635 Filius
2795 2579 2938 2633 Patri
2971 2580 3478 2644 consubstantialis,
3505 2592 3561 2634 et

1998 2670 2244 2741 ejusdem
2275 2685 2399 2726 cum
2447 2672 2568 2742 ipso
2620 2671 2823 2742 gloriae.
2866 2671 3041 2740 Atque
3090 2687 3240 2725 nosse
3285 2680 3351 2738 te,
3391 2673 3562 2728 solida

1989 2763 2206 2833 justilia
2231 2775 2307 2818 est
2335 2779 2353 2818 :
2386 2773 2627 2833 tumnque
2655 2765 2789 2817 scire
2824 2763 3131 2832 potentiam,
3163 2762 3320 2816 radix
3348 2763 3564 2819 immor—

2001 2855 2229 2910 talitatis
2257 2855 2326 2910 δ’.
2358 2851 2440 2910 Tu
2481 2863 2685 2909 nostra:
2723 2855 2917 2911 salutis
2947 2868 3133 2918 causa,
3173 2854 3309 2922 lapis
3347 2856 3436 2910 ille
3466 2873 3561 2910 an-

1997 2942 2203 3018 gularia
2236 2948 2528 3019 exquisitas
2562 2957 2611 3001 et
2644 2949 2904 3016 pretiosus
2928 2945 2995 3004 ⁸⁸.
3025 2943 3177 3001 Sioni
3224 2955 3382 3002 antea
3422 2962 3561 3018 pree-

1998 3036 2195 3093 dictus.
2229 3035 2352 3092 Tibi
2382 3038 2527 3091 enim
2579 3039 2856 3092 substrata
2894 3043 3023 3091 sunt
3060 3037 3242 3091 omnia
3288 3045 3348 3091 ut
3384 3053 3563 3093 causae

1997 3135 2052 3183 et
2082 3128 2316 3187 auctori,
2341 3138 2401 3182 ut
2429 3128 2476 3182 ei
2519 3129 2611 3198 qui
2640 3128 2895 3183 universa
2923 3143 2991 3182 ex
3022 3127 3198 3182 nihilo
3219 3128 3286 3183 ad
3314 3143 3440 3184 esse
3467 3124 3563 3184 de-

1997 3218 2173 3282 duxit,
2199 3217 2471 3287 rebusque
2492 3217 2840 3272 instabilibus
2876 3217 3084 3270 ﬁrmam
3115 3219 3559 3275 constitutionem

1997 3309 2187 3363 tribuit
2213 3326 2227 3362 :
2260 3313 2516 3376 tanquam
2550 3322 2730 3361 rerum
2761 3306 2816 3360 in
2862 3321 2987 3362 esse
3013 3307 3365 3362 deductarum
3397 3310 3559 3363 nexui

1997 3397 2497 3467 commissumque,
2530 3407 2690 3466 atque
2734 3397 3026 3467 praesidio:
3065 3406 3323 3467 tanquam
3364 3406 3558 3453 natura

1995 3491 2335 3546 diversorum
2387 3487 2568 3559 opitici
2601 3508 2613 3543 :
2646 3489 2792 3543 velut
2837 3488 2909 3553 ei,
2966 3488 3058 3558 qui
3113 3504 3278 3543 manu
3330 3504 3558 3560 prorsus

1997 3580 2298 3637 fortissima
2333 3578 2847 3651 sapiemissimaque
2884 3578 3197 3632 moderatur
3251 3579 3507 3634 universa
3539 3598 3552 3632 :

1994 3675 2142 3729 velut
2188 3674 2475 3745 compositi
2520 3673 2896 3742 cujuscunque
2942 3671 3154 3726 ordinis
3207 3671 3464 3741 rhythmo
3502 3681 3557 3727 et

1995 3767 2353 3823 concinnitati
2385 3785 2401 3823 ι
2439 3776 2498 3822 ut
2542 3765 2847 3820 concordiae
2886 3765 3145 3834 pacisque
3189 3763 3555 3818 indissolubili

1993 3856 2234 3911 vinculo.
2288 3853 2355 3908 In
2399 3863 2447 3908 te
2487 3855 2624 3908 enim
2675 3853 2912 3916 vivimus,
2964 3861 3014 3905 et
3052 3867 3336 3917 movemur,
3382 3862 3431 3907 et
3463 3871 3556 3908 su-

1992 3964 2109 4002 mus
2133 3948 2197 4003 ⁸⁸.
2240 3945 2557 4017 Propterea,
2590 3943 2813 4000 Domine
2843 3944 2980 3998 Deus
3028 3960 3195 4009 meus,
3247 3944 3555 4014 gloriﬁcabo

1996 4046 2043 4091 te
2064 4038 2138 4105 ‘7;
2169 4035 2397 4091 laudabo
2431 4049 2616 4089 nomen
2660 4047 2829 4099 tuum,
2860 4033 3108 4105 quoniam
3140 4033 3314 4101 fecisti
3345 4049 3426 4087 res
3455 4034 3554 4087 ad-

1994 4129 2293 4194 mirandas,
2337 4128 2617 4183 consilium
2651 4127 2925 4197 antiquum
2955 4143 3132 4180 verum
3162 4126 3236 4192 ⁴⁸;
3267 4126 3554 4195 confessio-

1994 4240 2110 4278 nem
2155 4230 2206 4277 et
2238 4220 2476 4275 decorem
2525 4218 2742 4274 indutus
2765 4220 2831 4273 δ’.
2863 4218 3004 4285 Quid
3041 4220 3185 4273 enim
3226 4219 3363 4287 regi,
3408 4225 3557 4272 veste

1993 4327 2267 4387 purpurea
2296 4310 2547 4367 ﬂoridum
2570 4311 2699 4380 quid
2732 4310 3198 4371 circummicante,
3225 4308 3558 4363 diademate-

1991 4423 2098 4477 qne
2125 4406 2433 4478 etl'ulgente,
2473 4403 2845 4475 splendidius?
2873 4400 3012 4468 Quid
3058 4415 3208 4463 vero,
3254 4400 3559 4455 clementis-

304 4514 539 4578 εἰκότως
585 4515 680 4567 καὶ
718 4510 1177 4583 προανευφήμησέ
1232 4526 1290 4562 σε
1343 4506 1449 4563 τὸν
1477 4503 1741 4561 Βασιλέα
1771 4501 1890 4556 τῶν

1999 4500 2134 4554 simo
2160 4498 2290 4561 Deo,
2328 4496 2581 4552 clementi
2623 4495 2724 4550 hac
2751 4495 2990 4550 hominis
3012 4493 3410 4564 assumptione,
3445 4492 3559 4545 cla-

307 4606 545 4662 αιώνων
566 4609 595 4660 ὁ
627 4604 959 4677 πρόσκαιρος
993 4601 1242 4673 βασιλεὺς
1269 4600 1364 4653 καὶ
1381 4598 1617 4669 οἰκέτης,
1636 4595 1879 4665 φάσκων·

318 4697 551 4768 Ὧραῖος
587 4695 795 4749 κάλλει
829 4693 985 4761 παρὰ
1021 4692 1162 4758 τοὺς
1190 4691 1360 4757 υἱοὺς
1386 4688 1504 4742 τῶν
1531 4684 1881 4754 ἀνθρώπιον,

299 4795 334 4848 δ
370 4796 437 4847 ὲν
463 4789 770 4859 ἀνθρώποις
797 4787 928 4852 Θεὸς
961 4787 1055 4840 καὶ
1090 4786 1397 4858 ἄνθρωπος.
1420 4779 1745 4854 Περιεζώσω
1774 4778 1883 4849 γὰρ

299 4886 400 4940 διὰ
449 4884 550 4954 τῆς
590 4882 741 4945 θείας
780 4898 878 4935 σου
923 4879 1251 4952 σαρκώσεως
1289 4875 1599 4946 δικαιοσύνῃ
1652 4873 1747 4944 μὲν
1784 4871 1884 4942 τὴν

303 4977 545 5045 armis“
579 4973 881 5042 ὲηλείψω
920 4970 989 5025 δὲ
1015 4971 1111 5025 καὶ
1149 4969 1398 5038 ἀληθείᾳ
1437 4968 1543 5034 τὰς
1588 4962 1882 5033 πλευρὰς,

303 5068 635 5140 αὐτόχρημα
678 5065 990 5135 δικαιοσύνη
1039 5062 1135 5116 καὶ
1186 5060 1410 5134 ἀλήθεια
1449 5059 1736 5130 ὑπάρχων,
1789 5055 1885 5109 καὶ

413 5226 465 5259 ⁸⁸
497 5224 609 5280 Isa.
649 5239 801 5285 mu,
833 5220 921 5275 10.
997 5218 1042 5251 ⁸⁸
1064 5218 1191 5285 Sep.
1220 5233 1309 5279 ιν.
1345 5230 1429 5270 ιιι.
1495 5213 1539 5246 ⁸⁸
1572 5210 1722 5285 Ρεαέ.
1761 5222 1931 5285 cxvn,
1958 5207 2073 5285 2t;

1990 4590 2226 4646 rissimis
2256 4590 2372 4645 suis
2399 4588 2567 4644 radiis
2593 4587 2928 4642 illuminante
2968 4585 3202 4640 sedentes
3237 4585 3292 4636 in
3331 4582 3555 4637 tenebris

1989 4692 2039 4736 et
2084 4680 2272 4734 umbra
2302 4679 2487 4733 mortis
2515 4678 2582 4741 ”,
2616 4674 3088 4748 magniﬁcentius?
3119 4671 3375 4742 Apposite
3423 4684 3554 4725 sane

1993 4773 2178 4844 Regem
2200 4781 2254 4828 te
2281 4774 2595 4826 swcttlorum
2616 4771 2684 4836 ",
2713 4777 3099 4839 temporaneus
3134 4765 3223 4819 ille
3247 4778 3344 4817 rex
3372 4776 3435 4815 ac
3474 4759 3557 4814 fa-

1990 4868 2171 4920 mulus
2202 4872 2349 4930 tuus,
2372 4862 2569 4919 faustis
2598 4861 2727 4917 olim
2757 4856 3321 4931 congratulationihus
3354 4854 3555 4910 omini-

1989 4960 2201 5030 hasque
2221 4965 2543 5027 prosecutus
2564 4959 2668 5019 est,
2691 4951 2878 5008 dicens
2906 4970 2918 5005 :
2947 4949 3222 5019 Speciosus
3246 4945 3420 5015 {arma
3443 4959 3553 5013 pm:

1991 5053 2117 5123 ﬁliis
2148 5049 2416 5103 hominum
2437 5048 2516 5112 ⁸¹;
2548 5044 2642 5116 qui
2680 5044 2738 5099 in
2766 5043 3104 5107 hominibus,
3134 5039 3278 5095 Deus
3310 5038 3430 5109 ipse
3471 5038 3551 5092 sis

2155 5203 2267 5259 Isa.
2302 5216 2497 5261 XXVIII,
2524 5198 2624 5263 16;
2698 5197 2719 5251 l
2753 5198 2895 5252 Patr.
2934 5213 2994 5262 ιι,
3017 5195 3071 5252 6.
3148 5194 3195 5228 “
3231 5192 3351 5248 Act.
3392 5208 3550 5257 xvni,

301 5296 398 5353 28.
474 5263 967 5355 ‘;'Ex;d‘.'"x‘v.:.3.
1044 5263 1505 5348 J'Kaiiiﬁi.
1572 5263 1808 5337 ἶνῄΡεανί
1861 5293 1891 5333 c

2026 5263 2077 5331 ιζ
2154 5274 2199 5305 συ
2248 5272 2356 5327 (sa.
2400 5287 2547 5326 XLII.
2592 5270 2668 5337 7;
2726 5267 2857 5345 Luc.
2930 5282 2980 5332 ι,
3024 5266 3110 5320 79.
3178 5264 3224 5297 ιι
3266 5263 3285 5316 l
3327 5263 3464 5319 Tim.
3510 5279 3548 5327 ι,

304 5368 400 5424 17.
476 5366 525 5399 ³⁸
564 5364 720 5420 Ρωι.
761 5377 908 5429 xuv,
947 5360 1001 5417 5.

378 5523 497 5593 (56)
536 5516 924 5593 Ἐμπροσθέν
953 5532 1068 5571 σου
1097 5515 1209 5593 οὐκ
1228 5501 1878 5593 ἐπεννήθηκρινιιιιῑξιηαά

300 5574 639 5650 νεῖῶἶιεοῖ.
672 5574 827 5647 (sui,
867 5589 1066 5657 piaqno
1094 5574 1410 5657 detorsione
1430 5574 1680 5657 applicat
1716 5574 1873 5629 Filio.

304 5647 507 5721 Estwibi
529 5663 632 5714 οὐκ
652 5647 888 5728 ἐγένετο,
913 5647 1011 5711 non
1036 5655 1134 5728 fuit
1159 5653 1297 5728 alius
1338 5647 1503 5728 Deus}
1520 5647 1718 5728 Vulg"
1772 5660 1875 5698 non

305 5717 409 5803 iuit
433 5717 705 5805 formatus
723 5728 883 5783 Deus.
910 5717 1172 5781 Pantinus
1196 5724 1334 5778 male
1359 5721 1439 5784 τὸ,
1462 5717 1744 5789 ἐγεννήθη,
1768 5730 1875 5785 quo

589 5824 858 5884 ΡΑτιιοι..
895 5820 1011 5881 Gn.
1057 5815 1287 5880 XVIII.

1987 5499 2077 5553 hic
2111 5505 2234 5567 apte
2266 5493 2564 5567 multitudo
2584 5494 2825 5567 filiorum
2848 5494 2904 5548 in
2933 5492 3044 5548 Deo
3066 5492 3396 5567 excluditur,
3423 5495 3551 5567 ref-

1984 5569 2084 5627 dit.
2122 5561 2318 5637 factus.
2347 5563 2605 5637 Negando
2626 5564 2769 5637 enim
2801 5562 2974 5637 factos
3005 5580 3031 5617 a
3068 5561 3179 5619 Deo
3208 5562 3368 5620 Patre
3412 5565 3549 5618 aliis

1984 5634 2145 5705 ﬁlios,
2189 5639 2406 5707 videtur
2436 5634 2545 5690 hic
2601 5634 2772 5689 asseri
2821 5634 3017 5705 raetiis,
3072 5637 3167 5707 qui
3224 5636 3545 5707 snpponitur

1984 5712 2176 5765 unicus
2206 5706 2393 5761 Filius.

3203 5794 3275 5855 12
