3972 6212
477 292 578 346 ῗ6ἳ5
1423 303 1478 359 S.
1523 300 1850 357 METHODII
1890 296 2196 358 EPISCOPI
2237 299 2328 355 ET
2363 297 2722 357 MARTYRIS

3613 302 3717 360 564

463 430 516 475 et
554 419 732 479 homo.
763 423 1057 485 Ace'nxisti
1085 427 1252 490 enim,
1284 426 1466 482 divina
1503 435 1590 479 tua
1638 425 2010 479 Incarnatione

2142 426 2456 496 ἀγαλλίαμα
2487 425 2595 480 τῶν
2630 425 2902 480 ἁπάντων.
2944 423 3242 498 Τοιγαροῦν
3285 423 3639 496 εύφρανθήτω
3689 426 3717 476 ό

468 513 674 568 lumbos
709 513 949 583 quidem,
971 513 1190 582 Justitia
1223 528 1242 566 :
1273 515 1532 569 iuunxisti
1563 533 1679 570 vero
1722 527 1770 570 et
1802 517 2035 579 veritate,

465 608 637 661 latera
667 606 734 670 ⁸³,
767 606 859 676 qui
887 607 1024 676 ipse,
1056 607 1174 677 ipsa
1207 621 1264 660 re
1290 621 1415 661 vera
1450 606 1666 676 iustitia
1697 608 1774 664 sis
1805 615 1859 662 et
1893 609 2035 662 veri-

461 708 570 760 tas,
605 695 1103 767 universorumque
1123 697 1438 752 exsultatio.
1468 695 1704 752 Laetetur
1729 699 1895 768 igitur
1925 713 2036 754 me-

459 805 584 843 cum
636 788 798 844 hodie
833 789 1058 852 coelum,
1107 791 1364 858 quoniam
1405 790 1696 846 miseratus
1722 797 1806 845 est
1853 789 2037 844 Domi-

460 897 564 935 nus
594 882 855 951 p0pulum
891 897 1072 937 suum.
1106 879 1314 935 Rorent
1341 897 1471 937 vero
1511 883 1687 937 nubes
1713 881 1916 936 mundo
1939 883 2031 951 ju-

457 975 665 1029 stitiam
695 975 740 1006 “
775 994 788 1028 :
821 975 916 1030 sed
945 984 999 1030 et
1031 975 1383 1029 fundamenta
1425 971 1602 1040 terrae,
1641 975 1835 1046 positis
1863 976 1915 1030 in
1949 976 2033 1029 in-

457 1063 636 1130 ferno,
663 1068 809 1122 velut
837 1069 1122 1138 clangente
1151 1069 1302 1129 tuba,
1334 1082 1524 1138 pacem
1556 1067 1807 1138 ingerant
1832 1087 1846 1124 :
1874 1067 2029 1122 adest

457 1157 603 1212 enim
631 1158 964 1214 resurrectio
994 1157 1406 1212 dormientium.
1436 1158 1604 1214 Terra
1633 1161 1797 1216 etiam
1833 1160 2028 1215 incolis

458 1250 574 1307 suis
613 1248 1047 1305 misericordiam
1094 1250 1378 1320 producat.
1432 1250 1686 1320 Impletus
1729 1253 1871 1308 enim
1895 1270 2030 1328 .sum
2070 1251 2854 1322 consolatione;superabundo
2883 1249 3078 1322 gaudio
3101 1249 3148 1282 ⁸⁸
3187 1260 3207 1300 :

453 1359 586 1400 num
610 1342 945 1398 Salvatorem
981 1341 1216 1397 videam.

529 1458 634 1514 \‘ll.
679 1458 770 1513 Sic
812 1474 942 1513 vero
987 1459 1216 1513 saliente
1260 1473 1429 1520 sene,
1482 1460 1776 1532 divinoque
1829 1463 2026 1533 gaudio

453 1551 752 1620 impensius
783 1550 1126 1615 exsultante;
1161 1551 1302 1621 quod
1337 1561 1494 1606 antea
1525 1568 1621 1622 per
1643 1552 1868 1624 figuram
1893 1571 2023 1623 pro-

451 1642 609 1711 pheta
641 1641 809 1696 lsaias
855 1641 1029 1696 fuerat
1063 1643 1392 1697 vaticinatus
1425 1643 1492 1709 ⁸⁸,
1523 1659 1678 1699 sacra
1726 1644 1819 1700 Dei
1855 1645 2024 1701 Mater

449 1733 735 1802 perspicue
769 1748 827 1788 re
873 1733 990 1804 ipsa
1034 1733 1181 1790 fecit.
1239 1737 1526 1805 Accipiens
1555 1737 1698 1792 enim
1726 1777 1740 1800 ,
1791 1754 1856 1793 ex
1890 1755 2024 1809 puro

2142 519 2369 590 ούρανὸς
2409 519 2645 590 σήμερον
2672 518 2788 588 ἆμα
2815 519 2968 590 ἐμοί’
3012 520 3094 571 ὅτι
3120 517 3348 588 ἠλέησεν
3388 517 3417 568 ὁ
3467 513 3596 578 Θεὸς
3626 514 3718 568 τὸν

2143 607 2270 662 λαὸν
2299 609 2485 664 αὐτοῦ.
2533 609 2876 662 Ῥανάτωσαν
2914 609 2978 680 δὴ
3037 609 3128 662 καλ⁵
3165 608 3221 662 αἱ
3257 607 3472 676 νεφέλαι
3515 605 3718 660 δικαιο-

2145 701 2308 772 σύνην
2353 699 2448 771 τῷ·
2477 700 2704 770 κόσμῳ·
2757 699 3071 753 σαλπισάτω
3116 701 3211 752 καὶ
3247 698 3314 752 τὰ
3346 696 3570 768 θεμέλια
3617 697 3717 767 τῆς

2141 793 2242 863 γῆς
2271 794 2493 864 είρήνην
2524 795 2636 852 τοῖς
2665 793 2724 844 ἐν
2750 791 2878 862 ᾅδου
2900 809 2912 822 ·
2950 793 3177 862 πάρεστι
3205 791 3310 861 γὰρ
3348 792 3382 860 ἡ
3422 789 3720 849 ἀνάστασις

2138 882 2249 935 τῶν
2282 881 2715 951 κεκοιμημένων.
2757 881 3113 936 Ἀνατειλάτω
3139 880 3232 933 καὶ
3263 879 3390 950 ἡγῆ
3427 878 3574 940 ἔλεος
3600 878 3720 939 τοῖς

2141 975 2486 1028 κατοικοῦσιν
2511 975 2701 1046 αὐτήν.
2741 972 3134 1042 Πεπλήρωμαι
3162 971 3270 1043 γὰρ
3303 969 3378 1038 τῇ
3401 967 3720 1038 παρακαιιὶ-

2141 1082 2235 1120 σει
2256 1105 2270 1129 ,
2300 1065 2395 1117 καὶ
2428 1065 3016 1133 ὑπερπερισσεύομαι
3041 1061 3114 1130 τῇ
3138 1059 3322 1132 χαρᾷ·
3362 1061 3444 1114 ὃτι
3479 1055 3620 1113 εἶδόν
3657 1075 3720 1113 σι

2135 1158 2225 1211 τὸν
2260 1159 2488 1231 Σωτῆρα
2518 1159 2626 1212 τῶν
2661 1157 2983 1232 ἀνθρώπων.

3265 1247 3411 1320 quod
3451 1255 3505 1302 te
3532 1246 3716 1302 homio

2201 1463 2274 1514 Z'.
2309 1458 2639 1530 Χορεύοντος
2670 1457 2727 1511 δὲ
2754 1455 2894 1510 οὕτω
2922 1454 3017 1509 τού
3056 1454 3382 1527 πρεσϐύτου,
3415 1457 3510 1511 καὶ
3545 1475 3721 1527 γανυ-

2135 1551 2294 1622 μένου
2334 1553 2399 1622 τῇ
2448 1549 2567 1621 θείᾳ
2595 1548 2886 1620 εύφρασίᾳ,
2929 1546 2998 1601 τὰ
3032 1548 3515 1619 κεχρηματισμένα
3559 1567 3729 1603 τυπι-

2131 1645 2242 1707 κῶς
2260 1643 2337 1714 τῷ
2358 1643 2608 1715 προφήτῃ
2644 1641 2857 1712 Ἡσαΐᾳ,
2883 1641 3197 1712 περιφανῶς
3215 1642 3248 1710 ή
3277 1640 3396 1710 ἱερὰ
3415 1640 3725 1714 Θεομήτωρ

2131 1734 2379 1799 ὲξετέλει.
2415 1734 2523 1788 Καὶ
2547 1734 2611 1806 δὴ
2645 1732 2918 1804 λαϐομένη
2956 1733 3046 1786 τὸν
3093 1733 3157 1785 ὲκ
3189 1730 3282 1784 τοῦ
3323 1733 3591 1803 ἀχράντου
3619 1734 3726 1788 καὶ

447 1827 902 1896 immaculatoque
925 1827 1079 1880 altari
1110 1843 1231 1892 suo,
1257 1829 1547 1883 carbonem
1574 1828 1723 1883 illum
1752 1831 2010 1886 vivificmr

2127 1830 2466 1902 παναμώμου
2511 1829 2679 1900 αὐτῆς
2727 1827 3106 1898 θυσιαστηρίου
3151 1828 3530 1900 σαρκωθέντα,
3576 1830 3719 1894 ζωο-

445 1930 498 1973 et
524 1919 867 1981 ineli‘abilem,
906 1934 1070 1974 carne
1100 1921 1381 1983 indutum,
1425 1927 1740 1975 sanctarum
1792 1938 2013 1977 suarum

445 2025 702 2063 manuum
727 2009 1034 2078 complexu,
1059 2017 1314 2081 tanquam
1353 2010 1578 2081 forcipe,
1602 2010 1753 2080 justo
1788 2014 1861 2067 illi
1890 2029 2016 2083 por-

443 2101 583 2155 rexit
613 2123 624 2156 :
661 2110 715 2156 ut
755 2102 886 2156 mihi
913 2102 1130 2172 quidem
1179 2103 1414 2162 videtur.
1448 2105 1718 2174 ejusmodi
1749 2107 2014 2161 sermoni-

442 2192 546 2250 bus
579 2194 737 2249 aﬂ‘ata
779 2196 982 2265 pariter
1009 2203 1063 2251 et
1093 2195 1306 2250 hortata
1335 2217 1347 2251 :
1386 2198 1550 2253 Sume
1571 2240 1585 2263 ,
1641 2216 1802 2255 senex
1839 2201 2014 2254 hono-

441 2296 579 2350 rate,
612 2289 1066 2359 sacerdotumque
1095 2289 1332 2359 optime,
1371 2306 1524 2345 sume
1550 2289 1866 2359 Dominum;
1894 2303 2016 2347 tua-

439 2395 546 2448 que
577 2381 664 2434 illa
701 2397 806 2435 non
842 2382 1002 2435 vidua
1032 2396 1129 2450 spe
1157 2391 1212 2436 et
1243 2382 1509 2448 desolata,
1541 2382 1738 2438 fruere.
1785 2384 2016 2454 Suscipe

435 2473 758 2527 thesaurum
827 2473 1296 2540 indelectibilem,
1369 2473 1697 2543 divitiasque
1754 2473 2016 2528 inauferi-

441 2564 596 2626 hiles,
633 2564 714 2616 vir
736 2563 1176 2634 generosissime.
1226 2563 1546 2632 Amplexare
1592 2565 1887 2635 potentiam
1930 2564 2016 2619 in-

435 2654 797 2712 enarrabilem
829 2655 1043 2725 vimque
1093 2655 1732 2724 incomprehensibilem,
1779 2671 1900 2726 qua:
1961 2665 2012 2712 te

440 2750 648 2811 l'ulciat,
683 2748 766 2800 vir
793 2747 1216 2818 sapientissime.
1250 2747 1711 2818 Circumplectere
1741 2749 2010 2803 inﬁnitam

437 2839 903 2911 magnitudinem,
962 2838 1442 2910 l‘ortitudiuemque
1489 2841 1966 2908 incomparabilem
1993 2883 2008 2907 ,

436 2947 716 2989 sacrorum
751 2933 966 2987 atditue.
1001 2932 1428 3003 Circumplicare
1447 2934 1551 3004 ipsi
1587 2949 1682 3004 per
1720 2949 1779 2989 se
1799 2934 2012 2994 vitanet

430 3026 576 3089 .vive,
607 3026 688 3080 vir
731 3026 1216 3082 venerabilissimc.
1271 3026 1486 3082 Arctius
1545 3027 2008 3096 incorruptionem

435 3119 766 3187 cnnstringe,
799 3123 850 3171 ct
881 3131 1162 3182 renovare,
1195 3117 1276 3170 vir
1308 3117 1632 3186 justissime.
1664 3115 1806 3170 Nihil
1835 3116 2011 3170 audax

2131 1921 2282 1975 ποιὸν
2311 1922 2402 1975 καὶ
2435 1922 2806 1991 ἀνέκφραστον
2834 1919 3102 1990 ἄνθρακα,
3132 1918 3207 1983 ὡς
3229 1918 3406 1972 λαδίδι
3429 1923 3495 1992 τῇ
3525 1919 3725 1984 συζεύ-

2126 2014 2202 2079 ξει
2244 2013 2350 2068 τῶν
2395 2012 2566 2081 ἁγίων
2599 2011 2768 2082 αὐτῆς
2801 2011 3022 2083 χειρῶν,
3056 2009 3134 2081 τῷ
3173 2010 3362 2082 δικαίῳ
3406 2011 3723 2082 προέτεινε,

2122 2104 2366 2167 τοιαῦτα,
2395 2105 2518 2175 ἐμοὶ
2548 2103 2715 2167 δοκεῖ,
2751 2103 2982 2171 λέγουσά
3010 2120 3070 2155 τε
3101 2101 3216 2173 ἃμα
3252 2103 3346 2156 καὶ
3372 2103 3719 2174 παρακελεύ-

2123 2214 2256 2250 ουσα
2275 2213 2288 2226 ·
2334 2195 2618 2259 Ἀπόλα6ε,
2654 2194 2932 2265 πρεσϐύτα
2961 2194 3128 2265 τίμιε,
3162 2194 3254 2248 καὶ
3284 2195 3471 2267 ἱερέων
3497 2195 3714 2266 ἄριστε,

2122 2287 2362 2341 ἀπόλαϐε
2387 2287 2478 2340 τὸν
2506 2286 2728 2357 Κύριον,
2760 2286 2856 2339 καὶ
2880 2286 3118 2339 ἀπόλαυε
3148 2287 3246 2356 τῆς
3275 2287 3334 2338 ού
3365 2287 3718 2358 χηρευσάσης

2124 2397 2218 2433 σου
2269 2379 2499 2444 ἐλπίδος.
2545 2377 2830 2444 ’Υπόδεξαι
2885 2377 3153 2450 θησαυρὸν
3199 2379 3552 2445 ἀνέκλειπον,
3618 2381 3719 2432 καὶ

2122 2471 2348 2526 πλοῦτον
2382 2470 2765 2542 ἀναφαίρετον,
2800 2470 3290 2542 μεγαλοφυέστατε.
3328 2472 3718 2540 Ἐναγκάλισαι

2124 2563 2322 2634 κράτος
2371 2563 2796 2634 ἀνεκδιήγητον,
2862 2563 2956 2616 καὶ
3013 2563 3240 2634 δύναμιν
3293 2561 3719 2636 ἀνεξερεύνητον

2121 2655 2432 2726 ὲρείδουσάν
2478 2671 2560 2719 σε,
2612 2654 2912 2724 σοφώτατε.
2951 2654 3217 2726 Περίλαϐε
3253 2655 3483 2728 μέγεθος
3521 2657 3721 2728 ἀπεμ-

2120 2747 2352 2818 όριρτον,
2400 2747 2495 2802 καὶ
2527 2749 2679 2818 ἰσχὺν
2714 2749 3061 2813 ἀνείκαστον,
3106 2749 3348 2821 ἱεροκόρε
3384 2749 3518 2820 (57).
3551 2750 3721 2822 Περι-

2122 2836 2355 2909 πλάκηθι
2395 2839 2460 2910 τῇ
2505 2839 2642 2911 αὐτῇ
2679 2841 2948 2912 αύτοζωῇ,
2980 2841 3072 2894 καὶ
3107 2839 3252 2912 ζῆθι,
3291 2839 3714 2911 αίδεσιμώτατσ.

2121 2927 2453 2999 Περίπτυξαι
2491 2930 2588 3001 τὴν
2638 2931 2972 3005 ἀφθαρσίαν,
3030 2934 3122 2986 καὶ⁵
3165 2934 3712 3007 ἀνακαινοποιήθητι,

2119 3020 2440 3075 δικαιότατε.
2475 3023 2547 3075 Ού
2595 3022 2866 3095 τολμηρὸν
2907 3024 2969 3078 τὸ
3011 3025 3342 3097 ἐγχείρημα·
3382 3027 3456 3098 μὴ
3486 3026 3714 3094 δκλαζε,

2119 3111 2396 3166 όσιώτατε.
2438 3113 2806 3186 Ἐμφορήθητι
2850 3115 2943 3170 τοῦ
3001 3116 3355 3188 ποθουμένου,
3395 3119 3490 3170 καὶ¹
3533 3136 3711 3173 κατα-

435 3207 678 3271 facimus;
711 3223 779 3262 ne
825 3207 1092 3264 deieceris
1138 3209 1342 3271 animo,
1377 3209 1462 3263 vir
1510 3208 1876 3264 sanctissime.
1913 3205 2010 3260 Sa-

2118 3203 2388 3275 τρύφησον
2421 3204 2513 3258 τοῦ
2553 3205 2946 3278 ὲπιδιδομένου,
2978 3208 3179 3279 μᾶλλον
3217 3209 3272 3262 δὲ
3307 3210 3498 3264 ἑαυτὸν
3526 3212 3711 3265 ἐπιδι-

431 3298 572 3354 tiare
602 3299 694 3352 illo
731 3314 893 3368 quem
935 3299 1378 3369 desideraveras,
1431 3301 1698 3371 planeque
1737 3299 2010 3354 delectare

427 3390 528 3445 tibi
555 3391 701 3454 dato,
734 3407 831 3445 seu
864 3393 1057 3462 magis,
1083 3392 1246 3448 dante
1277 3409 1335 3448 se
1367 3393 1498 3457 tibi,
1531 3393 1614 3448 vir
1645 3392 2006 3447 divinissime.

432 3481 636 3538 Laetius
683 3483 958 3538 illustrare
1010 3483 1134 3540 Sole
1186 3485 1456 3553 justitiaa,
1520 3486 1587 3541 de
1650 3484 2010 3538 mundissimo

432 3573 614 3627 carnis
645 3576 868 3643 speculo
897 3573 1347 3645 circumfulgente
1369 3616 1382 3638 ,
1437 3577 1520 3630 vir
1574 3574 2008 3645 religiosissime.

432 3667 513 3724 Ne
544 3668 642 3722 tibi
675 3669 1025 3738 tranquillum
1086 3667 1335 3723 timorem
1371 3667 1632 3729 incutiat,
1682 3682 1816 3721 neve
1848 3682 2004 3719 man-

430 3760 666 3816 suetudo
713 3767 1045 3830 perterreat,
1090 3759 1174 3813 vir
1207 3759 1540 3815 beatissime.
1591 3757 1668 3812 Ne
1722 3757 2006 3811 inhorreas

433 3853 729 3916 lenitatem,
759 3867 892 3908 neve
913 3852 1201 3909 clementia
1234 3851 1513 3913 terrearis,
1545 3850 1627 3904 vir
1662 3847 2004 3904 modestissi-

425 3959 537 4000 me.
573 3944 784 3999 Alacris
816 3943 1174 4014 adglutinare,
1201 3957 1301 3998 nec
1337 3941 1568 3996 moreris
1597 3941 1842 4010 obsequi.
1884 3939 2004 3995 Non

426 4034 592 4088 habet
624 4033 906 4087 audaciam
934 4031 1076 4103 quod
1111 4030 1311 4086 dicitur
1333 4031 1543 4101 quodve
1576 4031 1907 4101 porrigitur:
1934 4046 2002 4086 ne

428 4137 558 4192 ergo
578 4122 879 4184 reluc-teris,
901 4122 982 4175 vir
1006 4121 1388 4176 urbanissime.
1418 4119 1535 4174 Non
1561 4119 1834 4175 comburit
1860 4121 2001 4191 ignis

427 4216 616 4285 gratiae
647 4214 861 4268 Domini
913 4213 1058 4276 mei,
1105 4214 1201 4268 sed
1237 4213 1526 4276 illuminat,
1563 4214 1646 4268 vir
1673 4213 1999 4283 justissime.

428 4308 618 4361 Rubus
647 4308 736 4361 ille
766 4308 833 4369 δτ,
858 4306 965 4361 mei
993 4304 1327 4376 ﬁguram,ad
1354 4305 1494 4374 ignis
1515 4305 1661 4360 illius
1689 4305 2000 4374 apparentis

426 4401 708 4453 veritatem
745 4405 1167 4466 repraasentans.
1197 4394 1389 4449 doceat
1416 4403 1497 4459 te,
1536 4397 1620 4448 vir
1667 4396 1802 4465 legis
1851 4396 1998 4464 peri-

425 4491 659 4546 tissime.
691 4489 952 4544 Caminus
983 4489 1074 4542 ille
1103 4487 1149 4518 ⁸⁸
1187 4487 1330 4541 velut
1385 4495 1580 4542 ventus
1638 4488 1780 4542 roris
1809 4504 2001 4543 susur-

500 4647 545 4678 “
587 4645 699 4700 Isa.
743 4662 815 4708 xl,
857 4646 909 4699 5.
1015 4644 1062 4676 ⁸⁸
1104 4641 1214 4697 Isa.
1273 4657 1396 4704 ιιν,
1436 4641 1489 4696 8.

424 4719 485 4773 ΞΗ

1602 4642 1647 4671 ⁸⁸
1685 4639 1726 4692 ll
1767 4639 1890 4694 Cor.
1928 4659 2024 4708 vn,
2057 4647 2108 4700 4.

2115 3295 2316 3360 δόντος,
2367 3298 2846 3370 ίεροπρεπέστατε.
2888 3300 3299 3373 Ἐναγλαῖσθητι
3339 3301 3419 3373 τῷ
3471 3301 3561 3356 διά
3611 3304 3712 3359 τοῦ

2115 3387 2446 3460 ἀκηλιδὼτου
2511 3390 2776 3462 ἐσόπτρου
2851 3392 2949 3462 τῆς
3028 3393 3230 3463 σαρκὸς
3299 3394 3712 3465 περιστίλϐοντι

2128 3480 2290 3551 Ἡλίῳ
2315 3482 2414 3552 τῆς
2442 3482 2804 3552 δικαιοσύνης,
2851 3483 3231 3538 εύλαόέστατε.
3275 3485 3365 3557 Μὴ
3397 3485 3568 3540 δειλία
3603 3490 3709 3560 τὴν

2115 3573 2476 3646 γαληνότητα,
2515 3575 2647 3647 μηδὲ
2680 3576 3035 3648 καταπλαγῇς
3082 3577 3180 3648 τὴν
3233 3580 3568 3651 ἡμερότητα,
3603 3598 3711 3651 μα’

2116 3664 2440 3735 καριώτατε.
2467 3667 2559 3740 Μὴ
2590 3667 2801 3739 πτήξῃς
2829 3668 2891 3722 τὸ
2919 3669 3164 3740 εὐμενὲς,
3197 3672 3332 3742 μηδὲ
3365 3673 3611 3745 πτοηθῇς
3642 3674 3710 3727 τὸ

2112 3759 2398 3830 προσηνὲς,
2455 3759 2851 3814 ὲπιεικέστατε.
2915 3761 3180 3833 Εὐθύμως
3241 3765 3704 3838 προσκολλήθητι,

2112 3850 2205 3904 καὶ⁵
2248 3848 2322 3921 μὴ
2354 3850 2652 3905 ἀναϐάλλου
2697 3853 2833 3924 πρδς
2859 3853 2920 3906 τὸ
2952 3855 3194 3924 εύὴκοον.
3252 3857 3326 3910 Ού
3359 3856 3705 3928 θρασύτητος

2109 3943 2170 3995 τὸ
2203 3942 2548 4013 λαλούμενον,
2580 3944 2699 3996 οὐδὲ
2721 3945 2782 3997 τὸ
2817 3947 3259 4017 προτεινόμενον·
3299 3950 3373 4021 μὴ
3405 3951 3702 4020 ἀφηνίαζε,

2107 4033 2463 4088 ἀστικώτατε.
2501 4036 2573 4088 Ού
2605 4035 2935 4105 καταφλέγει
2981 4037 3042 4089 τὸ
3089 4037 3198 4109 πῦρ
3230 4039 3328 4110 τῆς
3364 4040 3457 4093 τοῦ
3486 4042 3702 4113 Κυρίου

2111 4144 2211 4196 μου
2258 4127 2496 4199 χάριτος,
2557 4127 2694 4182 ἀλλά
2757 4128 3000 4198 φωτίζει,
3039 4129 3364 4190 δικαιότατε.
3425 4133 3596 4198 Βάτος
3635 4153 3702 4190 σε

2108 4219 2369 4283 πεισάτω,
2405 4221 2438 4291 ἠ
2468 4219 2560 4274 τὸν
2590 4220 2758 4273 τύπον
2785 4238 2885 4292 μου
2911 4223 3354 4295 περιστησαμένη
3391 4225 3530 4296 πρὸς
3561 4227 3704 4280 ὑπό-

2108 4325 2295 4363 στασιν
2328 4311 2419 4364 τού
2451 4311 2821 4364 ἀνυποστάτου
2856 4312 3025 4383 πυρὸς
3060 4312 3190 4384 (58),
3227 4316 3697 4387 νομομαθέστατε.

2102 4402 2560 4474 Δροσοσυρίξουσα
2592 4405 2818 4476 κάμινος
2845 4404 3076 4458 πειθέτω
3111 4423 3191 4472 σε,
3222 4409 3561 4481 παιδοτρίϐα,
3597 4409 3699 4464 τοῦ

2106 4495 2402 4565 μυστηρίου
2441 4496 2539 4566 τὴν
2564 4498 2897 4569 οἰκονομίαν.
2945 4498 3086 4569 Πρὸς
3123 4500 3214 4552 ἐπὶ
3245 4501 3456 4566 τούτοις
3501 4504 3536 4574 ὴ
3583 4502 3702 4578 ἐμὴ

2219 4649 2265 4680 ⁸(
2297 4647 2411 4705 lsa.
2454 4666 2528 4715 vi,
2561 4652 2615 4706 6.
2725 4653 2771 4684 ⁸⁷
2813 4652 2986 4709 Exod.
3028 4670 3113 4721 ιιι,
3153 4655 3208 4710 2.
3313 4657 3362 4689 ⁸⁸
3400 4655 3545 4714 Dan.
3592 4672 3689 4729 ul,

496 4839 606 4919 (δῖ)
652 4839 967 4919 Ἰεροκόρεη
1005 4835 1296 4919 Sequimur
1342 4833 1558 4919 Pantini
1603 4832 1999 4919 conjecturam,

2118 4853 2216 4919 Eon
2251 4841 2570 4919 ὑπόστασιν,
2592 4847 2996 4919 ppparentiam,
3048 4865 3152 4903 non
3201 4849 3339 4919 ignis
3386 4850 3688 4904 veritatem.

417 4904 804 4980 .nt'lcg'vndum
849 4904 921 4962 sit
954 4904 1247 4980 ispox'éps,
1272 4905 1503 4980 quadrat
1535 4904 1686 4980 enim
1729 4904 2000 4980 materiae;

428 4988 486 5032 ut
509 4973 606 5034 ceu
638 4979 820 5048 templi
855 4973 1200 5048 pnepositum
1236 4973 1477 5048 inducat,
1506 4973 1861 5048 adiulinitam
1887 4991 2001 5048 ma-

426 5044 765 5125 gnitudinem
791 5044 942 5125 illam
958 5044 1197 5125 suscepti
1223 5047 1381 5125 Jesu,
1402 5045 1587 5125 templi
1618 5044 1886 5125 angustiis
1916 5045 1999 5125 in_-

426 5115 772 5194 cludendam.
805 5119 944 5194 Quid
971 5119 1019 5175 si
1045 5115 1343 5174 retineatur
1369 5115 1808 5194 ίεροκόρεεγᾳιύι
1837 5115 2002 5194 signi:

426 5191 551 5246 licet
587 5185 841 5246 futurum?
875 5191 1131 5259 juvenem
1180 5185 1559 5259 puerumque,
1591 5185 1796 5259 Christi
1845 5185 2000 5256 pneri

427 5263 699 5340 amplexu,
753 5256 1003 5340 sanctum
1034 5256 1264 5340 senem,
1298 5256 1472 5340 eoque
1503 5256 1722 5338 nomine
1745 5257 1998 5340 hortetur

431 5327 713 5402 S.,Maria,
749 5339 811 5386 ut
845 5333 1106 5402 suscipiat
1139 5340 1289 5385 totus
1319 5327 1510 5402 spiritu
1543 5327 1868 5402 innovatus?
1890 5327 1996 5402 _Sie

427 5397 767 5470 Augustinus
797 5418 964 5458 serm.
997 5397 1065 5458 i5
1091 5402 1154 5456 de
1186 5397 1369 5468 tempf,
1399 5415 1451 5454 c.
1476 5399 1510 5453 5
1536 5417 1549 5452 :
1574 5397 1792 5470 Agnovit
1819 5398 1998 5468 infan-

430 5480 529 5522 tem
566 5489 741 5531 δεηθῶ,
783 5473 958 5541 factus
991 5483 1068 5528 est
1107 5473 1159 5527 in
1207 5487 1365 5542 puero
1396 5486 1560 5542 puer.
1609 5471 1898 5542 Innovatus
1942 5471 1996 5524 in

427 5548 600 5614 atate,
630 5547 718 5614 qui
752 5539 933 5610 plenus
974 5554 1088 5598 erat
1132 5539 1342 5612 pietate.
1394 5539 1578 5596 Fuerit
1605 5550 1751 5595 certe
1777 5549 1830 5594 et
1862 5541 1995 5596 illud

427 5627 533 5664 non
569 5612 648 5663 ita
669 5616 1048 5666 inconsonum.

499 5680 610 5752 (58)
642 5681 798 5750 Πρὸς
830 5685 1172 5736 ὑπόστασιν
1198 5682 1303 5736 τοῦ
1336 5678 1757 5752 ἀνυποστάτού
1786 5683 1992 5752 πυρός.

427 5750 577 5807 Illius
602 5753 859 5809 nimirum
883 5754 974 5823 qui
1005 5753 1057 5806 in
1081 5753 1216 5808 rubo
1246 5753 1444 5808 ardens
1469 5750 1705 5820 ἔμφασιν
1736 5750 1992 5820 habebat,

2108 4909 2198 4990 S_i_c
2225 4912 2368 4965 enim
2402 4929 2545 4990 Saepe
2592 4909 2770 4990 neas.
2804 4909 3310 4990 nullopmendac'io,
3359 4921 3688 4990 apparentia

2103 4981 2284 5056 aliqua
2313 4981 2570 5040 sensibus
2605 4985 2819 5056 ingerit.
2851 4991 2916 5040 ad
2946 4987 3103 5042 ﬁdem
3134 4981 3486 5044 astruendam
3512 4992 3682 5048 veris.

2104 5048 2340 5128 videtur
2363 5048 2933 5128 ergoauctdriludere
2967 5059 3023 5112 in
3055 5061 3370 5128 paronomia
3403 5061 3551 5116 illius
3586 5077 3685 5116 vo-

2101 5121 2210 5212 cisL;
2237 5121 2620 5212 .veltl‘tn'dicat,
2673 5127 2740 5212 ad
2784 5121 3156 5212 substantiam
3201 5131 3344 5212 ignis
3384 5131 3530 5212 illius
3572 5147 3680 5186 non

2101 5193 2487 5271 subsistentis;
2537 5198 2802 5271 ae__velut
2848 5198 3062 5271 objecto
3097 5199 3190 5254 illo
3224 5193 3374 5270 igne.
3419 5203 3512 5271 qui
3550 5217 3678 5256 vere

2100 5263 2296 5317 rubum
2339 5264 2554 5320 ﬂamma
2581 5266 2880 5324 illustraret
2907 5263 2961 5325 et
2988 5263 3342 5333 adlambenet,
3397 5263 3453 5326 et
3491 5281 3674 5326 tamen

2097 5347 2364 5407 apparens
2395 5342 2559 5391 esset.
2591 5335 2906 5394 Olfendebat
2953 5338 3033 5405 τὸ,
3085 5341 3480 5407 ἀνυποστάτου,
3527 5342 3675 5396 velut

2098 5406 2442 5482 referendum
2487 5414 2632 5482 esset
2677 5407 2745 5462 ad
2792 5408 3079 5482 ﬁguratum
3110 5419 3164 5465 et
3192 5412 3438 5466 divinum
3469 5406 3670 5482 ignem.

2098 5475 2460 5552 ὲνυπόστατον
2507 5476 2656 5530 illum
2691 5487 2744 5534 et
2775 5475 3230 5552 αύτοῦπόστατον,
3273 5475 3544 5552 nusquam
3574 5483 3667 5536 ἀνο

2097 5546 2412 5621 υπόστατονο
2433 5561 2492 5600 re
2515 5557 2693 5621 tamen
2703 5551 2911 5621 melius
2930 5561 3210 5621 perspecta
3230 5546 3464 5609 solidum
3497 5553 3672 5607 visum

2097 5625 2272 5695 est,et
2289 5615 2630 5695 referendum
2651 5619 2718 5673 ad
2749 5615 3040 5695 ipsumnt‘et
3057 5615 3246 5693 ignem
3280 5624 3546 5695 typicunt,
3575 5637 3670 5695 cu-

2091 5687 2185 5760 jus
2226 5687 2446 5760 modum
2487 5687 2705 5760 divinus
2751 5687 2840 5746 ille
2885 5692 3025 5760 ignis
3064 5687 3366 5752 scrvaverit
3393 5694 3450 5748 iu
3479 5693 3668 5759 Maria,

2094 5755 2235 5813 idem
2268 5756 2383 5828 ipse
2413 5758 2466 5812 in
2495 5757 2744 5817 Simeone
2769 5755 3104 5818 serviturus.
