3972 6212
329 327 441 385 365

1425 335 1658 394 SERMO
1696 337 1784 392 DE
1825 339 2125 397 SIMEONE
2157 337 2246 396 ET
2284 341 2492 401 ΑΝΝΑ.

3485 359 3595 419 366

334 443 545 515 γαστήρ
585 460 646 498 σε
691 444 979 511 διδαξάτω.
1014 448 1070 500 ἐν
1180 450 1432 524 ὲχωρήθη
1463 455 1492 506 6
1523 454 1821 527 ἀχὼρητος,
1853 457 1864 508 ἑ

1970 473 2142 517 trans
2171 499 2186 521 ,
2235 459 2555 515 (nconomiae
2610 459 2706 516 tibi
2757 474 3157 521 sacramentum
3219 473 3590 543 persuadeat,

329 529 394 607 ἦς
429 537 518 589 καὶ
561 537 848 610 ὲσαρκὼθη
886 541 914 592 6
946 541 1183 613 ἄσαρκος
1233 544 1422 612 Λόγος.
1459 547 1532 598 Ού
1573 546 1733 600 πάλιν
1779 548 1908 603 σάλ-

324 644 517 695 πιγγες
566 630 946 700 ἑκδειματούσι
996 636 1122 698 τοὺς
1169 639 1508 706 προσιόντας,
1540 641 1650 694 οὐδ’
1678 637 1745 695 αὖ
1786 642 1910 713 δρος

322 718 719 786 καπνιζόμενον
747 720 864 785 δέος
889 723 1106 793 ἐμποιεῖ
1127 727 1238 788 τοῖς
1271 728 1754 798 προσπελάζουσιν,
1784 730 1907 783 οὔτε

320 809 426 878 μὴν
471 811 635 881 νόμος
674 812 889 875 κολάζει
934 815 1166 882 ἀφειδῶς
1206 817 1294 870 τὸν
1345 817 1563 888 θίγοντα
1600 821 1904 893 τολμηρῶς.

313 899 726 970 Φιλανθρωπίας
776 903 884 974 γὰρ
930 904 996 958 τὰ
1038 907 1298 977 παρόντα,
1329 911 1787 978 συγκαταὸάσεως
1837 914 1906 967 τὰ

316 991 634 1061 φαινόμενα.
672 994 1022 1066 Εὑχαρίστως
1051 999 1288 1053 ἀπόλαϐε
1313 1001 1402 1056 τὸν
1429 1003 1563 1076 πρὸς
1599 1005 1656 1058 σὲ
1685 1005 1905 1060 ἐλθόντα

313 1081 476 1133 Θεόν·
520 1083 681 1147 αὐτὸς
713 1085 821 1156 γάρ
853 1087 1042 1156 ἀφελεῖ
1090 1090 1187 1153 τὰς
1231 1093 1460 1164 ἀνομίας
1507 1112 1620 1159 σου,
1669 1097 1762 1150 καὶ
1803 1097 1903 1161 τὰς

310 1175 587 1246 ἁμαρτίας
621 1193 713 1230 σου
758 1181 1133 1252 περικαθαρεί.
1174 1186 1260 1238 Ἐν
1308 1187 1390 1239 σοι
1430 1187 1836 1264 προτυπωθήτω
1868 1190 1898 1260 ἡ

309 1266 403 1319 τοῦ
460 1269 668 1338 κόσμου
716 1271 1001 1343 κάθαρσξ.
1045 1275 1130 1328 Ἐν
1177 1277 1258 1330 σοὶ
1295 1279 1386 1330 καὶ
1421 1278 1508 1332 διὰ
1547 1277 1640 1331 σού
1681 1296 1898 1350 προμη-

307 1359 526 1431 νυθήτω
550 1363 660 1425 τοῖς
687 1361 894 1416 ἔθνεσιν
918 1367 950 1435 ή
980 1366 1119 1420 κατὰ
1140 1369 1296 1439 χάριν
1323 1370 1618 1435 δικαίωσις.
1650 1372 1720 1425 Σὺ
1749 1371 1897 1438 ἄξιος

303 1451 408 1521 τῆς
460 1453 722 1516 ζωοποιοῦ
772 1457 1045 1528 ἀπαρχῆς.
1107 1462 1450 1533 Ἀπήλαυσας
1502 1465 1698 1535 νόμου;
1763 1465 1898 1518 ἀπό-

303 1543 502 1598 λαυσαι
549 1548 643 1600 καὶ
685 1549 783 1619 τῆς
824 1551 1062 1623 χάριτος.
1099 1554 1402 1628 Κέκμηκας
1445 1557 1522 1629 τῷ
1571 1558 1890 1630 γράμματι;

301 1634 716 1709 ἀνακαινίσθητι
748 1641 808 1691 ὲν
840 1640 915 1710 τῷ
949 1642 1240 1714 πνεύματι.
1284 1647 1604 1702 ’Λπέκδυσαι
1639 1650 1736 1721 τὴν
1783 1669 1890 1706 «πα-

300 1723 560 1798 λαιότητα
600 1731 692 1783 καὶ
728 1730 942 1785 ἔνδυσαι
983 1733 1082 1804 τὴν
1136 1738 1440 1811 καινότητα.
1477 1740 1658 1795 Ταῦτα
1699 1743 1804 1815 γάρ
1830 1760 1887 1796 σε

298 1814 630 1885 ἠγνοηκέναι
661 1819 723 1871 οὐ
749 1818 910 1874 δοκῶ.

2015 551 2272 620 magister
2313 552 2536 622 optime.
2600 553 2752 610 Meus
2799 555 3032 629 denique
3066 569 3250 619 uterus
3286 564 3382 620 tibi
3415 567 3588 624 docu-

2012 650 2197 696 mento
2228 644 2320 706 sit,
2353 645 2406 698 in
2428 662 2536 716 quo
2574 646 2672 701 fuit
2697 656 3009 711 contentus,
3035 653 3127 723 qui
3152 671 3424 728 nusquam
3455 662 3588 716 alio-

2011 735 2102 803 qui
2132 743 2309 805 potest
2349 738 2658 794 contineri:
2694 755 2761 794 ex
2794 756 2902 810 quo
2939 744 3099 798 etiam
3138 743 3328 802 Sermo
3352 749 3440 806 ille
3467 767 3588 807 car-

2010 825 2097 880 nis
2135 842 2349 897 expers,
2376 831 2681 898 assumpsit
2709 846 2951 889 carnem.
3007 834 3126 890 Non
3156 837 3267 906 jam
3302 841 3444 897 tuba:
3484 857 3586 900 ter-

2009 917 2174 971 ritant
2222 919 2540 975 accedentes
2575 923 2661 976 '9:
2697 939 2808 978 non
2859 925 3052 980 iterum
3107 944 3264 986 mons
3313 932 3585 1007 fumigans

2007 1007 2572 1079 appropinquantibus
2607 1010 2782 1081 injicit
2836 1025 3035 1069 metum
3068 1036 3080 1070 :
3113 1032 3176 1072 ac
3230 1036 3406 1092 neque
3462 1026 3584 1091 lex,

2006 1099 2269 1157 audacius
2299 1103 2698 1173 contingentem
2725 1107 2970 1162 severius
3002 1109 3157 1178 punit
3189 1111 3254 1166 ⁸ο.
3287 1112 3586 1175 Praesentia

2003 1192 2146 1245 cnim
2200 1196 2575 1264 propensioris
2627 1206 2755 1252 sunt
2806 1199 2861 1253 in
2923 1200 3170 1259 homines
3206 1207 3400 1278 studii;
3454 1221 3585 1268 sun:

2001 1299 2122 1353 quae
2147 1294 2432 1354 geruntur,
2462 1289 2658 1345 divinae
2685 1291 2750 1345 ad
2778 1306 2880 1347 nos
2927 1293 3327 1368 iuclinationis;
3361 1301 3578 1359 bonita-

2000 1377 2090 1440 tis,
2127 1392 2247 1446 quae
2280 1389 2560 1449 apparent.
2602 1381 2804 1452 Excipe
2831 1388 3064 1453 gratanti
3100 1389 3284 1446 animo
3315 1393 3382 1447 ad
3406 1403 3456 1449 te
3487 1412 3582 1452 ve-

1996 1466 2237 1523 nientem
2275 1468 2440 1526 Deum
2471 1492 2482 1526 :
2521 1474 2636 1543 ipse
2665 1475 2808 1529 enim
2855 1475 3061 1533 auferet
3091 1479 3406 1551 iniquitates
3433 1494 3578 1553 tuas,

1993 1567 2048 1613 et
2075 1559 2315 1629 expiabit
2358 1573 2580 1633 peccata
2619 1573 2729 1620 tua.
2790 1565 2844 1620 ln
2893 1577 2945 1624 te
2980 1571 3212 1640 primunt
3255 1575 3579 1634 informetur

1994 1651 2186 1706 mundi
2215 1653 2453 1712 universi
2511 1657 2782 1712 lustratio.
2810 1659 2865 1712 ln
2897 1669 2950 1716 te
2977 1672 3030 1717 et
3062 1680 3157 1734 per
3185 1675 3269 1732 te,
3323 1671 3577 1739 gentibus

1993 1744 2352 1812 praenuntiata
2385 1746 2712 1812 innotescat,
2735 1768 2854 1822 quae
2887 1758 3180 1812 secundum
3207 1761 3436 1829 gratiam
3462 1771 3568 1830 est,

1987 1835 2324 1903 justificatio.
2357 1837 2562 1910 Dignus
2615 1858 2675 1898 es
2724 1846 2954 1932 viV'iﬁeis
3003 1849 3278 1919 primitiis.
3331 1850 3476 1910 Usus
3507 1872 3568 1912 es

299 1904 460 1976 lege?
514 1919 665 1966 utere
716 1921 769 1967 et
797 1916 988 1985 gratia.
1038 1915 1318 1990 Fatigatns
1371 1939 1430 1981 es
1474 1927 1692 1982 littera?
1752 1943 2014 1985 renovare
2048 1932 2264 2003 spiritu.
2300 1932 2450 1990 Exue
2496 1914 2941 2008 vetustatemfet
2991 1947 3285 2003 novitatem
3321 1949 3567 2008 induere.

297 1996 417 2054 Non
445 2001 591 2058 enim
613 2013 744 2075 puto
774 2016 824 2062 te
860 2009 973 2064 haec
1001 2013 1234 2068 nescire.

370 2123 454 2175 H'.
495 2125 616 2179 Ἐπὶ
642 2129 851 2195 τούτοις
885 2135 1019 2188 πᾶσι
1063 2137 1576 2210 παρρησιασάμενος
1603 2142 1633 2194 6
1663 2141 1864 2207 δίκαιος

2062 2143 2197 2200 νιιι.
2239 2144 2322 2201 Ab
2365 2145 2450 2202 bis
2498 2148 2789 2215 omnibus,
2849 2163 3063 2223 sumpta
3094 2153 3279 2224 justus
3329 2157 3562 2228 ﬁducia,

296 2217 388 2267 καὶ
417 2219 485 2286 τῇ
515 2225 794 2293 προτροπῇ
831 2222 978 2288 εἴξας
1002 2226 1099 2297 τῆς
1121 2227 1587 2303 διακονησαμὲνης
1609 2232 1725 2303 Θεῷ
1746 2236 1882 2307 πρὸς

293 2306 616 2376 ἀνθρώπους
659 2311 1017 2385 Θεομήτορος,
1070 2317 1364 2383 ὑπεδέξατο
1416 2323 1513 2392 μὲν
1554 2326 1674 2386 ταῖς
1709 2341 1882 2395 γηρα-

293 2398 444 2463 λὲαις
472 2401 736 2469 ἀγκάλαις
767 2404 876 2459 τὸν
906 2406 962 2461 ἐν
993 2410 1277 2480 νηπιότητι
1307 2414 1566 2467 παλαιὸν
1596 2415 1716 2469 τῶν
1742 2418 1880 2485 ἠμε-

292 2487 436 2553 αἶιν,
464 2491 723 2564 εὐλόγησε
743 2493 798 2545 δὲ
827 2495 917 2549 τὸν
948 2497 1078 2552 Θεὸν
1114 2501 1207 2553 καὶ
1237 2497 1357 2555 εἷπε
1377 2519 1390 2533 ο
1439 2504 1570 2558 Νῦν
1593 2505 1879 2573 ἀπολύεις

291 2581 402 2633 τίν
430 2581 658 2638 δοῦλόν
683 2601 820 2649 σου,
855 2588 1143 2656 Δέσποτα,
1178 2594 1327 2648 κατὰ
1367 2594 1434 2649 τό
1458 2595 1624 2665 ῥῆμά
1647 2613 1783 2661 σου,
1808 2600 1878 2651 ἐν

285 2671 523 2741 sip-tim.
553 2676 672 2728 Ὅτι
703 2674 870 2734 εἶδον
902 2685 955 2736 ol
997 2683 1293 2753 ὀφθαλμοί
1331 2703 1449 2755 μου
1478 2686 1544 2740 τὸ
1582 2687 1878 2756 σωτήριόν

282 2777 427 2826 σου,
459 2764 490 2817 ὃ
528 2767 858 2838 ἡτοίμασας
905 2775 1056 2829 κατὰ
1097 2779 1421 2845 πρόσωπον
1465 2778 1708 2834 πάντων
1756 2780 1875 2834 τῶν

283 2851 485 2907 λαῶν·
543 2857 668 2925 φῶς
713 2864 799 2928 εις
849 2865 1240 2936 ἀποκάλυψιν
1289 2869 1497 2934 ἐθνῶν,
1545 2871 1640 2925 καὶ
1687 2871 1875 2936 δόξαν

281 2946 443 2999 λαοῦ
475 2962 592 3004 σου
631 2952 887 3021 Ἰσραήλ.
925 2957 1218 3013 Ἀπέλαϐον
1243 2960 1344 3031 τὴν
1363 2961 1512 3032 παρὰ
1545 2962 1638 3016 σοῦ
1669 2962 1871 3019 ἄλυπον

198 3061 204 3066 -
282 3039 496 3109 χαράν
551 3043 792 3098 ἀπόλαϐε
841 3065 906 3117 με
951 3050 1268 3121 χαιρόμενον
1313 3051 1446 3122 (59),
1497 3055 1591 3107 καὶ
1630 3055 1867 3126 ἀνευφη-

285 3128 494 3199 peiuro.
524 3133 591 3187 τὰ
628 3133 750 3207 ἐλέη
784 3153 896 3203 σου,
928 3139 1116 3212 Κύριε.
1160 3143 1467 3208 Ἀπέδωκάς
1499 3163 1588 3215 μοι
1637 3147 1736 3217 τὴν
1781 3148 1869 3200 εὑ-

280 3221 518 3292 θυμὶανο
574 3227 870 3299 ἀποδίδωμί
923 3247 1005 3284 σοι
1049 3233 1300 3305 εὐθύμως
1340 3236 1406 3289 τὰ
1449 3237 1864 3309 εὐχαριστήρια.

281 3315 500 3382 Ἐγνων
533 3319 750 3390 ἀγάπης
783 3323 916 3376 Θεοῦ
949 3324 1197 3397 δύναμιν.
1228 3330 1303 3381 Δι’
1329 3329 1427 3399 ἐμὲ
1465 3329 1574 3402 γάρ
1614 3329 1724 3402 (60)
1750 3331 1777 3384 6
1803 3333 1864 3384 ἐκ

278 3409 375 3462 σοῦ
422 3409 575 3475 Θεὸς,
616 3415 1030 3487 ἀνερμηνεύτως
1082 3422 1175 3474 καὶ
1221 3422 1532 3493 ἁρρεύστως
1563 3424 1860 3494 γεννηθεὶς,

1983 2232 2334 2306 Deiparaeque
2373 2234 2484 2292 Deo
2528 2237 2841 2295 ancillantis
2870 2241 2924 2294 in
2955 2242 3022 2298 iis
3047 2258 3168 2313 quae
3201 2255 3448 2316 spectant
3496 2251 3565 2307 ad

1979 2326 2248 2391 homines,
2273 2328 2639 2386 exhortationi
2670 2346 2734 2387 ac
2765 2333 2985 2388 monitis
3011 2335 3212 2392 cedens
3237 2380 3251 2402 ,
3275 2339 3563 2412 Antiquam

1962 2410 2129 2464 illum
2162 2412 2366 2466 dierum
2400 2415 2442 2446 οι
2475 2414 2736 2470 infantem
2757 2457 2773 2480 ,
2827 2418 3090 2474 senilibus
3122 2421 3264 2478 ulnis
3296 2410 3558 2496 suscepit,

1978 2501 2252 2572 Deumque
2275 2504 2566 2562 dilaudans
2598 2507 2674 2560 ait
2698 2527 2711 2561 :
2732 2507 2890 2562 Nunc
2921 2509 3148 2566 dimittis
3164 2527 3557 2580 servumtuum.

1978 2594 2215 2662 Domine,
2234 2597 2516 2652 secundum
2546 2598 2755 2654 verbum
2780 2611 2927 2655 tuum
2971 2604 3024 2657 in
3055 2621 3202 2674 pace.
3239 2607 3380 2674 Quia
3415 2611 3558 2666 vide-

1975 2694 2097 2739 runt
2144 2686 2283 2740 oculi
2330 2689 2430 2741 met
2479 2688 2732 2744 Salutare
2779 2699 2969 2747 tuum:
3001 2693 3141 2763 quod
3177 2699 3385 2764 parasti
3428 2711 3559 2759 ante

1973 2777 2162 2846 faciem
2201 2781 2435 2833 omnium
2470 2780 2819 2850 populorum;
2873 2785 3047 2838 lumen
3079 2787 3148 2839 ad
3185 2791 3554 2846 reuelationem

1970 2871 2221 2942 gentium,
2244 2880 2294 2925 et
2335 2872 2561 2942 gloriam
2597 2873 2761 2942 plebis
2796 2883 2900 2929 tua:
2931 2873 3104 2932 Israel
3133 2878 3196 2935 ⁶².
3229 2879 3425 2952 Accepi
3455 2884 3552 2940 abs

1970 2972 2024 3020 te
2052 2964 2370 3019 inoﬂ'ensam
2400 2974 2454 3021 et
2487 2981 2710 3020 vacuam
2749 2966 2956 3022 doloris
3013 2969 3254 3026 lartitiam
3289 2992 3301 3026 :
3340 2980 3400 3028 tu
3440 2991 3547 3039 me,

1971 3053 2218 3118 Domine,
2249 3056 2538 3118 laetantem,
2569 3065 2801 3127 tuasque
2848 3057 3302 3128 deprtedicantem
3332 3065 3550 3120 miseri-

1969 3147 2186 3202 cordias
2218 3149 2424 3217 accipe.
2458 3146 2539 3201 Tu
2590 3148 2848 3219 gaudium
2896 3149 3000 3204 hoc
3043 3153 3224 3207 animo
3257 3147 3540 3212 indidisli:

1967 3235 2210 3305 gaudens
2237 3253 2336 3307 ego
2364 3237 2548 3292 animo
2580 3239 2878 3308 gratiarum
2924 3241 3020 3296 tibi
3059 3259 3256 3300 munus
3280 3247 3540 3317 rependo.

1967 3325 2206 3396 Cognovi
2239 3328 2348 3381 vim
2396 3327 2591 3382 divina:
2627 3329 2952 3385 dilectionis.
2985 3330 3214 3403 Propter
3269 3352 3356 3392 me
3395 3340 3540 3397 enim

1966 3416 2110 3473 Deus
2141 3417 2252 3484 ille,
2286 3417 2544 3472 inelfabili
2579 3422 2788 3475 ratione
2820 3435 2884 3474 ac
2913 3421 3031 3478 sine
3077 3427 3430 3494 corruptione
3469 3444 3540 3485 ex

273 3501 564 3570 ἄνθρωπος
594 3505 832 3574 γέγονεν.
864 3511 1072 3580 Ἔγνων
1109 3513 1208 3583 τῆς
1244 3514 1342 3584 σῆς
1376 3515 1503 3586 περὶ
1532 3516 1679 3585 ἡμᾶς
1713 3516 1862 3588 κηδε-

1970 3516 2020 3564 te
2051 3509 2284 3580 genitus,
2315 3510 2493 3566 tactus
2541 3519 2625 3566 est
2668 3512 2851 3566 homo.
2900 3513 3137 3583 Cognovi
3195 3524 3339 3570 tuan:
3390 3519 3538 3574 illam

269 3593 473 3660 μονξας
522 3595 581 3648 τὸ
629 3597 999 3670 ἀνὲκφραστον
1032 3603 1277 3673 μέγεθος,
1319 3604 1398 3657 ὅτι
1443 3605 1510 3657 τά
1542 3605 1610 3658 σά
1650 3606 1859 3674 σπλάγο-

262 3701 380 3753 χνα
405 3685 789 3754 ἐξαπέστειλας
814 3693 892 3754 εἰς
909 3693 1159 3766 βοήθειαν
1188 3695 1361 3766 ἡμῶν.
1395 3699 1604 3766 Ἕγνων
1628 3698 1656 3751 ὃ
1683 3699 1854 3754 ἐδιδάο

267 3776 412 3844 (θην
439 3778 544 3830 ὑπὸ
570 3780 939 3852 Σολομῶντος,
967 3789 1245 3854 Κραταιὰ,
1277 3789 1542 3859 λέγοντος,
1563 3792 1643 3856 ὠς
1675 3791 1856 3846 θάνα-

263 3883 377 3932 ιος
414 3869 453 3935 ἡ
497 3870 714 3940 ἀγάπη.
762 3875 857 3928 Διὰ
901 3877 1102 3949 ταύτης
1148 3879 1256 3949 γὰρ
1305 3881 1717 3953 συντριϐήσεται
1761 3883 1853 3936 τοῦ

259 3957 505 4012 θανάτου
533 3962 592 4014 τὸ
615 3964 853 4036 κέντρον·
877 3968 965 4022 διὰ
992 3971 1193 4042 ταύτης
1215 3972 1394 4042 νεκροὶ¹
1425 3971 1568 4045 ζωὴν
1598 3972 1814 4042 δψονται
1835 3989 1848 4002 ·

256 4049 359 4102 διὰ
393 4052 598 4123 ταύτης
632 4054 856 4121 θάνατος
898 4060 1195 4133 μαθήσεται
1225 4063 1473 4130 θάνατον,
1503 4066 1850 4136 παυσάμενος

255 4141 368 4209 τῆς
389 4142 512 4194 καθ’
542 4146 694 4214 ἡμῶν
717 4149 1062 4222 ἐπικρατείας
1082 4172 1094 4182 ’
1121 4154 1208 4208 διὰ
1227 4155 1427 4228 ταύτης
1450 4158 1540 4210 καὶ
1566 4159 1593 4210 6
1616 4157 1852 4228 ἀρχέκα-

255 4247 362 4292 κος
412 4230 537 4301 διρις
604 4239 941 4308 αἰχμάλωτος
1000 4247 1284 4316 γενήσεται
1345 4249 1439 4301 καὶ
1499 4247 1844 4318 ὑποϐρύχιος.

268 4321 642 4392 Ἐγνώρισιις
687 4331 846 4399 ἡμῖν,
878 4336 1076 4402 Κύριε,
1109 4337 1174 4389 τὸ
1217 4338 1512 4406 σωτήριόν
1543 4353 1679 4403 σου,
1713 4342 1845 4394 ἀνα-

254 4415 471 4482 στήσας
499 4421 628 4491 ἡμῖν
654 4421 818 4484 φυτὸν
841 4424 1060 4496 εἰρήνης
1082 4445 1094 4457 ’
1123 4429 1216 4480 καὶ
1243 4429 1421 4482 ούκὲτι
1445 4431 1680 4501 ἐσόμεθα
1711 4433 1845 4485 πλα-

251 4502 515 4572 νώμενοι.
559 4509 885 4582 Ἐγνώρισας
924 4518 1075 4585 ἡμῖν,
1105 4517 1297 4590 Κύριε,
1331 4521 1411 4572 ὅτι
1455 4522 1552 4574 οὐκ
1590 4525 1668 4585 εἰς
1696 4522 1843 4586 τέλος

250 4594 545 4665 ὑπερεῖδες
596 4603 722 4666 τοὺς
761 4605 977 4671 δούλους
1033 4626 1145 4674 σου,
1183 4612 1370 4679 ἀγαθὲ,
1422 4614 1541 4667 οὐδὲ
1579 4615 1840 4669 ἐπελάθου

250 4686 398 4755 ἔργα
465 4691 661 4762 χειρῶν
711 4712 822 4750 σου.
882 4700 1343 4774 Κατοικτειρήσας
1387 4705 1494 4776 γὰρ
1543 4705 1698 4777 ἡμῶν
1744 4707 1840 4777 τὴν

247 4779 618 4853 ἐλεεινότητα,
647 4787 879 4855 δαψιλῶς
912 4791 1131 4862 ἐξέχεας
1169 4796 1250 4863 ἐφ’
1272 4797 1418 4866 ἡμᾶς
1459 4797 1556 4868 τὴν
1602 4797 1837 4868 ἔμφυτον

1965 3600 2394 3671 inexplicabilem
2444 3602 2618 3657 nostri
2671 3618 2858 3657 curam
2915 3605 3285 3676 studiumque,
3319 3612 3410 3680 qui
3443 3619 3535 3666 tua

1959 3696 2075 3766 ipse
2109 3696 2318 3751 viscera
2347 3695 2597 3751 emiseris
2633 3697 2687 3750 in
2739 3705 2984 3751 nostrum
3043 3699 3323 3754 auxilium.
3377 3702 3534 3759 Nunc

1956 3786 2173 3841 demum
2207 3785 2448 3857 intelligo
2471 3786 2615 3856 quod
2638 3803 2668 3841 a
2690 3786 2981 3842 Salomone
3006 3789 3307 3845 didiceram
3341 3812 3353 3846 :
3391 3793 3532 3849 For-

1957 3877 2024 3931 tie
2054 3887 2110 3930 ut
2154 3894 2294 3931 mors
2347 3878 2560 3934 dilectio
2587 3879 2654 3936 “.
2715 3879 2818 3934 Per
2866 3895 2984 3934 eain
3033 3883 3178 3936 enim
3217 3893 3532 3943 conteretur

1953 3969 2145 4025 mortis
2183 3970 2468 4034 stimulus,
2494 3987 2591 4040 per
2619 3985 2738 4027 eam
2783 3970 2985 4025 mortui
3021 3962 3282 4029 videbunt
3316 3976 3481 4031 vitam
3509 4018 3526 4044 ,

1953 4075 2048 4128 per
2080 4076 2199 4114 eam
2227 4076 2375 4116 mors
2397 4070 2626 4116 mortem
2659 4061 2987 4131 experietur,
3016 4061 3245 4133 imperio
3280 4067 3426 4137 quod
3471 4069 3528 4124 in

1953 4167 2054 4207 nos
2079 4153 2366 4206 exercebat
2399 4152 2634 4219 abolito;
2669 4169 2765 4223 per
2784 4169 2902 4209 eam
2930 4162 2983 4209 et
3004 4169 3231 4225 serpens
3254 4158 3525 4214 malorum

1952 4251 2144 4299 auctor
2176 4245 2423 4313 capietur
2469 4251 2523 4298 et
2555 4243 2953 4316 submergetur.
2981 4244 3180 4302 Notum
3209 4248 3382 4316 nobis,
3412 4249 3526 4308 Do-

1951 4337 2103 4400 mine,
2129 4336 2298 4405 fecisti
2329 4334 2576 4390 Salutare
2598 4345 2741 4390 tuum
2773 4337 2838 4401 “,
2863 4338 3019 4394 nobis
3049 4339 3395 4396 exsuscitans
3422 4357 3522 4411 pa-

1948 4430 2028 4484 cis
2054 4428 2426 4498 propaginem,
2457 4443 2557 4483 nec
2592 4430 2822 4499 amplius
2853 4432 3238 4488 erraverimus.
3289 4431 3473 4493 Palam
3501 4475 3516 4499 ,

1950 4519 2192 4580 Domine,
2225 4516 2431 4580 fecisti,
2480 4526 2539 4572 ut
2567 4533 2676 4573 non
2711 4520 2765 4573 in
2795 4519 2953 4574 ﬁnem
2985 4520 3306 4591 despexeris
3329 4539 3519 4580 servos

1945 4621 2102 4676 tuos;
2135 4626 2309 4680 neque
2333 4626 2497 4680 opera
2521 4626 2780 4666 manuum
2813 4620 3051 4677 tuarum,
3077 4627 3111 4667 ο
3132 4613 3295 4680 bone,
3312 4617 3517 4672 oblitus

1944 4704 2040 4758 sis.
2072 4702 2360 4757 Miseratus
2393 4701 2536 4757 enim
2582 4703 2942 4759 miserabilem
3000 4712 3200 4762 sortem
3250 4713 3512 4764 nostram,

1943 4803 2227 4866 cognatam
2261 4795 2358 4848 tibi
2389 4795 2872 4866 inexhaustamque
2926 4796 3073 4850 illam
3107 4797 3399 4851 bonitatem
3456 4794 3512 4848 in

250 4873 347 4922 καὶ
388 4872 779 4950 ἀνεξάντλητόν
818 4897 912 4934 σου
950 4855 1426 4956 ἀγαθότητα,“διά
1470 4855 1563 4940 et};
1597 4855 1834 4954 blovoye-

1970 4855 2042 4939 ios
2074 4881 2342 4949 eﬂ‘udisti;
2376 4884 2671 4954 redemptis
2721 4855 2877 4940 nobis
2908 4901 3005 4956 per
3034 4884 3400 4957 Unigenitum,
3428 4885 3510 4937 in-

251 4961 384 5025 νοῦς
426 4965 520 5017 καὶ
562 4967 978 5040 ἀπαραλλάκτου
1028 4975 1135 5045 (61)
1177 4977 1272 5029 καὶ¹
1315 4979 1596 5048 όμοουσίου
1639 4979 1834 5043 Παιδός

249 5069 348 5104 σου
379 5055 478 5124 τὴν
510 5056 772 5130 λύτρωσιν
802 5065 955 5135 ἡμῶν
991 5068 1369 5139 ποιησάμενος,
1406 5067 1618 5133 ἀνάξιον
1641 5073 1829 5142 κρίνας

320 5171 370 5200 ⁸⁵
409 5171 583 5254 Εξοά.
616 5193 726 5241 xu,
771 5179 857 5235 l6.
965 5183 1010 5214 ⁶⁰
1050 5182 1090 5235 ll
1130 5183 1249 5254 Reg.
1295 5202 1366 5246 VI,
1410 5187 1462 5240 6.

247 5255 417 5302 xcv",
459 5241 514 5298 2.

324 5359 433 5438 (.59)
469 5365 845 5438 Χφρόιιενρν·
867 5364 1070 5438 ferte.
1106 5369 1379 5438 χαίρενταο

325 5432 436 5500 (00)
458 5435 551 5508 ρι’
576 5432 682 5508 ἐμὲ
709 5434 846 5508 γάρ,
867 5435 1058 5498 Habet,
1097 5432 1178 5492 sic
1204 5432 1467 5508 "proprius
1512 5440 1687 5495 factus
1727 5439 1816 5494 Je-

245 5515 378 5579 gus.‘
422 5503 628 5572 aliquid
664 5503 882 5579 sanctis
932 5509 1173 5579 suavius.
1218 5503 1330 5561 ’διό
1362 5512 1564 5579 passim
1621 5510 1810 5572 David,

244 5567 475 5660 Paulus.
509 5567 625 5660 etc:
664 5573 840 5660 Deum
874 5578 1022 5660 velut
1046 5577 1172 5656 lsibi
1216 5567 1451 5660 rapiunt.
1494 5567 1812 5660 ‘Theologus

241 5640 581 5722 etiam_orat.
608 5644 661 5722 i_n
692 5654 876 5722 sancta
905 5645 1148 5722 Lamina,
1179 5640 1339 5702 rtan
1363 5651 1391 5701 6
1420 5651 1550 5722 ἐμὸς
1585 5640 1808 5722 Ίησόῧς,

245 5725 354 5788 Ilua
404 5711 472 5788 de
522 5728 594 5788 re_
627 5714 925 5788 luculenter
959 5715 1382 5788 Cbrysostomus
1431 5711 1483 5772 in
1528 5711 1714 5788 capftt
1742 5711 1812 5772 ad

248 5775 372 5834 Gal.
425 5781 543 5842 Non
583 5783 763 5854 itaque
807 5784 962 5842 facile
992 5775 1154 5842 fuerit
1187 5789 1240 5841 in
1274 5787 1562 5859 ejusmodi,
1595 5775 1812 5844 mutan-

1542 5189 1581 5218 ⁶¹
1613 5187 1744 5240 Dan.
1791 5202 1877 5250 ιιι,
1919 5186 2003 5238 l5.

1940 4971 2396 5029 cominntabiliter
2419 4973 2652 5028 similem
2681 4982 2733 5030 et
2761 4974 3006 5044 ejusdem
3047 4984 3225 5032 tecum
3254 4976 3510 5030 substan-

1936 5067 2041 5130 tiae,
2078 5063 2306 5119 Filium:
2336 5070 2427 5118 tua
2459 5064 2632 5135 ipsius
2663 5067 2948 5136 majestate
2997 5075 3052 5122 et
3084 5068 3325 5123 bonitate
3359 5065 3506 5120 indi-

2079 5183 2124 5212 ⁶²
2158 5181 2284 5237 an.
2330 5198 2387 5246 ιι,
2420 5181 2613 5236 29-52.
2692 5183 2737 5215 ⁸³
2777 5183 2934 5239 Cant.
2977 5201 3094 5248 vm,
3137 5184 3189 5240 6.
3267 5183 3311 5215 “
3349 5183 3499 5239 Psal.

1922 5370 2048 5423 dum
2079 5371 2356 5441 singulare
2386 5371 2441 5424 in
2464 5371 2687 5440 plurale.
2720 5370 2984 5428 Paulinus
3011 5373 3123 5438 hic,
3152 5382 3336 5428 nostra
3359 5377 3495 5428 enim

1922 5456 2102 5495 causa.

1991 5509 2104 5580 (61)
2123 5581 2132 5583 _
2154 5511 2668 5583 Ἀπαριιλλάκτου,
2701 5510 2864 5567 Velut
2891 5527 2988 5583 per
3015 5513 3195 5568 omnia
3231 5514 3486 5580 similem,

1919 5589 1972 5655 et
2011 5581 2224 5655 qualem
2269 5596 2508 5655 sequens
2542 5582 2706 5655 illud,
2736 5581 3042 5653 ὁμοουσίου,
3081 5585 3333 5655 explicat.
3377 5584 3486 5640 Vox

1920 5649 2542 5738 theologicanGregorio,
2570 5649 2943 5738 Damascenm
2963 5661 3092 5738 etc”
3126 5649 3385 5738 perquam
3416 5656 3490 5738 fa:-

1921 5719 2169 5776 niiliaris.
2213 5719 2503 5784 Pantiiius,
2551 5723 2711 5784 male,
2760 5723 3098 5784 immobilem.
3129 5719 3254 5781 'nisi
3283 5722 3484 5781 erravl'

1918 5793 2148 5864 prelum,
2179 5799 2231 5846 et
2259 5802 2446 5848 notare
2483 5793 2650 5846 voluit
2685 5795 3171 5850 incommutabilem.
