3972 6212
417 340 529 408 3357

1356 340 1414 397 S.
1457 332 1791 399 METHODII
1830 334 2139 394 EPISCOPI
2180 332 2272 392 ET
2314 331 2674 391 MARTYRlS

3576 334 3683 389 368

420 478 589 542 gnum
624 475 798 531 ratus,
831 471 889 520 ut
915 462 1064 519 illam
1097 475 1375 518 servorum
1404 467 1622 516 tuorum
1656 462 1886 516 salutem
1909 460 1998 515 be-

2126 458 2201 529 τῆς
2247 458 2344 525 σῆς
2394 454 2764 528 μεγαλοσύνης
2802 454 2895 508 καὶ
2934 452 3317 526 χρηστότητος,
3360 451 3548 527 οἰκέτῃ
3585 453 3685 524 τὴν

421 564 821 632 nellt'iumque,
873 556 1062 613 eadem
1104 555 1417 612 conditione
1450 544 1610 610 servo
1636 553 2000 619 concederes;

423 668 555 713 utve
612 669 711 711 eos
753 650 849 725 qui
875 648 1251 711 oll'endissent,
1285 647 1536 702 ministro
1570 644 2004 701 reconciliandos

425 748 819 805 committeres.
856 742 1168 805 Enimvero,
1193 756 1289 812 per
1316 738 1521 796 Lumen
1576 738 1708 792 illud
1759 736 2004 806 ejusdem

427 849 609 897 tecum
639 838 979 903 substantiae,
1013 835 1196 889 lumen
1234 831 1448 887 donasti
1480 831 1545 884 iis
1574 830 1664 899 qui
1693 828 1745 881 in
1782 825 2005 880 tenebris

427 942 481 989 et
508 934 566 986 in
605 930 793 986 umbra
846 928 1030 983 mortis
1059 923 1306 981 sedebant
1339 924 1417 990 ‘3;
1469 930 1525 974 ut
1565 921 1619 974 in
1651 919 1845 973 lumine
1888 926 2004 981 luo,

428 1023 669 1081 scientiae
698 1022 871 1075 lumen
895 1017 1100 1073 videant
1125 1015 1208 1069 6“:
1240 1012 1571 1085 placuitque,
1604 1016 1663 1064 ut
1708 1023 1805 1079 per
1828 1006 2009 1060 Domi-

431 1131 565 1174 num
599 1122 653 1172 et
695 1122 996 1168 creatorem
1028 1107 1357 1163 reformares
1389 1118 1491 1159 nos
1547 1103 1600 1156 in
1633 1098 2010 1155 immortalita-

430 1216 580 1278 tem;
629 1208 898 1277 nobisque
927 1218 1023 1274 per
1054 1202 1230 1271 ipsum
1264 1197 1357 1268 qui
1408 1195 1665 1267 paradiso
1690 1194 2008 1250 deliciarum

433 1301 910 1359 exterminaverat,
938 1293 1174 1350 reditum
1220 1288 1533 1359 elargireris
1574 1286 1629 1340 in
1674 1284 2007 1356 paradisum.

433 1396 517 1450 Ad
550 1393 687 1454 hrec,
720 1406 816 1462 per
858 1401 982 1444 eum
1033 1385 1124 1455 qui
1164 1381 1317 1436 habet
1359 1388 1667 1449 potestatem
1714 1374 2012 1429 dimittendi

433 1495 649 1560 peccata
679 1484 721 1515 "
765 1479 905 1553 quod
953 1485 1069 1533 erat
1111 1474 1357 1529 adversus
1404 1487 1499 1526 nos
1535 1469 1718 1523 delesti
1742 1468 2014 1538 chirogra-

420 1579 596 1652 phum
624 1577 689 1631 “.
726 1573 971 1644 Denique
999 1586 1095 1642 per
1124 1584 1245 1626 eum
1276 1565 1368 1638 qui
1392 1563 1583 1620 eodem
1607 1570 1786 1616 tecum
1815 1559 2014 1613 throno

434 1649 689 1729 Sublimis
718 1664 893 1731 sedet,
922 1663 1123 1735 quique
1153 1676 1183 1714 a
1224 1658 1409 1713 divina
1461 1663 1557 1709 tua
1609 1660 1808 1707 natura
1840 1649 2015 1705 haud-

437 1775 709 1835 quaquam
736 1757 999 1816 excedere
1020 1759 1219 1827 potest,
1252 1751 1460 1806 lirmam
1492 1746 1650 1802 nobis
1696 1742 2017 1800 reconcilia-

434 1854 607 1911 tionis
638 1863 1003 1921 accessusque
1029 1845 1247 1916 dqnasti
1284 1842 1567 1909 ﬁduciam;
1624 1847 1682 1895 ut
1710 1854 1808 1909 per
1833 1837 2016 1893 Domi-

436 1962 612 2010 num,
669 1944 875 1999 nullius
929 1946 1309 2013 agnoscentem
1359 1932 1687 2005 imperium,
1738 1930 2016 2000 Deumque

437 2056 627 2097 verum
660 2055 724 2094 ac
744 2045 1050 2109 potentem;
1080 2040 1160 2089 tot
1189 2038 1577 2098 tantorumque
1605 2028 1873 2082 bonorum
1904 2027 2016 2079 vel-

441 2140 497 2190 ut
546 2131 855 2201 subscripta
895 2125 1128 2190 sanctio,
1160 2131 1309 2180 certa
1330 2131 1385 2177 et
1409 2119 1710 2175 indubitata
1733 2117 1879 2188 jura,
1907 2116 2016 2170 mi-

441 2224 796 2282 sericordiam
853 2218 1167 2276 consecutis
1212 2214 1531 2271 constituat.
1569 2211 1725 2279 Quod
1756 2220 1810 2265 et
1838 2210 2014 2281 ipsum

438 2319 570 2376 olim
616 2315 1074 2387 pmnuntiaverat
1114 2309 1376 2382 propheta
1417 2305 1609 2361 dicens
1652 2323 1665 2359 :
1721 2302 1840 2356 Non
1875 2302 2017 2372 lego-

444 2417 529 2463 tus
554 2448 568 2471 ,
606 2423 710 2461 non
742 2402 995 2474 angelus;
1025 2400 1116 2455 sed
1173 2399 1282 2468 ipse
1313 2396 1569 2451 Dominus
1614 2394 1838 2448 saluauit
1886 2409 1973 2447 eos
1997 2408 2015 2445 :

443 2511 715 2571 propterea
749 2494 888 2568 quod
916 2503 1119 2549 amaret
1148 2508 1258 2555 eos,
1281 2499 1329 2544 et
1362 2496 1598 2557 parceret
1635 2486 1763 2554 ipsis
1788 2493 1867 2539 :et
1893 2501 2014 2538 sus-

445 2593 579 2659 cepit
625 2600 675 2644 et
703 2586 960 2643 exultauit
990 2600 1078 2639 eos
1109 2584 1176 2638 δ’.
1216 2580 1393 2650 Atque
1433 2578 1546 2632 haec
1567 2576 1772 2639 omnia,
1802 2590 1905 2628 non
1952 2588 2018 2629 ea:

444 2680 686 2753 operibus
722 2692 839 2749 quae
885 2676 1160 2747 fecerimus
1219 2673 1323 2743 ipsi
1370 2672 1427 2725 in
1478 2669 1717 2731 iustitia;
1765 2674 1857 2721 aut
1889 2667 2018 2736 quia

446 2785 499 2831 t‘e
524 2771 879 2829 dilexerimus
904 2770 949 2801 τ⁰
979 2766 1211 2838 (primus
1247 2762 1393 2818 enim
1432 2759 1521 2815 ille
1574 2773 1774 2829 parens
1832 2763 2020 2813 noster

447 2867 755 2939 terrigena,
810 2877 934 2917 cum
985 2857 1227 2931 paradisi
1254 2852 1479 2910 delicias
1532 2850 2017 2921 domiciliumque,

449 2961 676 3017 honoris
719 2954 1075 3028 praerogativa
1111 2954 1465 3009 consecutus,
1490 2952 1645 2999 tuum
1704 2942 1836 2997 illud
1880 2942 2021 2997 divi-

450 3067 580 3108 num
608 3049 901 3121 sprevisset
942 3060 1007 3101 ac
1054 3043 1294 3100 salutare
1348 3044 1672 3109 praeceptum
1699 3074 1715 3100 ,
1763 3033 2020 3104 indignus

448 3130 597 3203 vitali
626 3145 720 3199 illo
747 3143 869 3198 loco
890 3139 1171 3210 judicatus
1198 3142 1321 3201 est;
1357 3144 1624 3200 suumque
1648 3142 1812 3184 omne
1835 3140 2022 3191 semen

2105 550 2212 604 τῶν
2249 549 2357 604 σῶν
2382 548 2606 603 οἰκετῶν
2636 546 3065 601 καταπιστεῦσαι
3106 545 3374 617 σωτηρίαν
3402 546 3495 599 καὶ
3526 547 3677 617 εὐερ-

2106 645 2315 714 γεσίαν,
2352 644 2386 716 ἢ
2430 638 2725 713 λειτουργῷ
2780 638 3093 710 ἐγχειρῆσαι
3136 635 3233 707 τὴν
3293 635 3402 690 τῶν
3449 652 3688 709 προσκε-

2107 737 2417 811 κρουκότων
2474 735 2839 807 καταλλαγήν.
2893 733 3053 787 Ἀλλὰ
3108 730 3198 786 διὰ
3253 729 3347 784 τοῦ
3399 729 3689 800 ὁμοουσίου

2106 830 2289 894 Φωτδς
2313 829 2428 899 φῶς
2458 829 2584 896 τοῖς
2614 828 2685 882 ἐν
2706 829 2912 882 σκότει
2938 826 3035 880 καί
3062 822 3203 893 σκιᾷ
3229 820 3487 879 θανάτου
3508 823 3692 887 παθη·

2103 921 2309 994 μένοις
2342 921 2622 994 ἐδωρήσω,
2667 921 2769 974 ἵνα
2816 920 2886 973 ἐν
2918 916 2997 985 τῷ
3037 917 3127 984 σῷ
3164 915 3309 987 φωτί
3354 914 3525 968 ιδωσι
3563 910 3696 985 φῶς

2108 1012 2416 1083 γνώσεωςο
2451 1013 2545 1065 καὶ
2577 1010 2666 1064 διὰ
2704 1009 2796 1064 τοῦ
2826 1009 3081 1063 δεσπότου
3115 1008 3207 1061 καὶ
3233 1003 3565 1078 δημιουργοῦ
3596 1004 3693 1058 εὐ-

2109 1106 2343 1177 δόκησας
2372 1103 2679 1159 ἀναπλάσαι
2704 1104 2850 1174 ἡμᾶς
2877 1103 2955 1166 είς
2986 1100 3313 1171 ἀφθαρσίαν,
3344 1097 3439 1152 καὶ
3469 1096 3560 1151 διὰ
3597 1095 3694 1149 τοῦ

2111 1196 2471 1268 ἀφορίσαντος
2501 1194 2564 1247 ὲκ
2589 1191 2915 1265 παραδείσου
2943 1192 3151 1263 τρυφῆς
3174 1188 3272 1260 τὴν
3316 1189 3395 1251 είς
3427 1185 3697 1258 παραδει-

2113 1305 2204 1344 σον
2229 1283 2383 1350 αὖθις
2409 1284 2760 1350 ὲπανάζευξιν
2785 1282 3021 1355 ἐχαρίσω
3041 1296 3057 1312 ⁸
3083 1282 3177 1336 καὶ
3197 1280 3286 1334 διὰ
3308 1278 3417 1333 τοῦ
3441 1280 3700 1347 ἔχοντος

2110 1379 2402 1445 ἐξουσίαν
2441 1377 2675 1448 ἀφιέναι
2711 1376 2996 1446 ἁμαρτίας
3033 1373 3100 1427 τὸ
3143 1374 3269 1427 καθ’
3296 1369 3466 1441 ἡμῶν
3501 1370 3700 1440 χειρό-

2113 1486 2342 1540 τὶοαφον
2371 1453 2727 1537 έξήλὲιψαςο
2762 1466 2856 1519 καὶ
2884 1464 2970 1518 διὰ
2996 1461 3089 1517 τοῦ
3130 1460 3417 1534 συνθρόνου
3459 1459 3557 1513 καὶ
3595 1459 3703 1513 ἀν-

2115 1562 2433 1633 εκφοιτήτου
2479 1559 2576 1630 τῆς
2612 1557 2763 1621 θείας
2806 1573 2898 1610 σου
2944 1555 3156 1626 φύσεως
3193 1552 3291 1625 τὴν
3331 1550 3468 1623 πρὸς
3500 1550 3563 1604 σὲ
3582 1570 3712 1606 κατ-

2117 1654 2352 1726 αλλαγήν
2436 1651 2533 1704 καὶ
2577 1649 2941 1720 προσαγωγὴν
2990 1649 3048 1701 ὲν
3092 1644 3410 1717 πεποιθήσει
3462 1642 3707 1713 ἐφιλοτι-

2119 1747 2306 1817 μήσωο
2357 1745 2505 1808 ὅπως
2556 1743 2642 1798 διὰ
2694 1742 2952 1795 δεσπότου
3001 1738 3375 1800 ἀϐασιλεύτου,
3414 1735 3509 1790 καὶ
3558 1732 3706 1788 Θεοῦ

2046 1872 2088 1927 Β
2115 1835 2368 1909 ἀληθινοῦ
2398 1837 2493 1890 καὶ
2519 1834 2888 1902 ὲξουσιαστοῦ,
2918 1835 2946 1887 ὁ
2989 1832 3095 1886 τῶν
3123 1830 3390 1884 τοσούτων
3422 1830 3517 1882 καὶ
3549 1826 3710 1897 τηλι-

2117 1928 2324 1983 κούτων
2367 1928 2584 1996 ἀγαθῶν
2630 1927 2823 1996 δεσμὸς
2868 1925 3313 1997 ὑπογραφόμενος
3356 1918 3705 1991 ἀναμφίὸολα

2116 2023 2226 2084 τοῖς
2264 2020 2599 2090 ὲλεουμένοις
2641 2019 2960 2091 καταστήσῃ
3005 2018 3102 2089 τῆς
3137 2016 3354 2087 χάριτος
3394 2013 3461 2067 τὰ
3495 2013 3702 2066 δίκαια.

2115 2115 2252 2186 Περὶ
2283 2114 2403 2168 ὅτου
2454 2112 2549 2166 καὶ
2594 2113 2622 2164 ὁ
2676 2111 2960 2182 προφήτης
3001 2111 3345 2181 προεμήνυσε
3385 2106 3590 2175 λέγων·
3616 2106 3707 2157 Οὐ

2118 2209 2403 2276 πρέσϐυς,
2436 2210 2546 2262 οὐκ
2570 2206 2843 2277 ἄγγελος,
2871 2204 3008 2258 ἀλλ’
3039 2202 3221 2268 αὐτὸς
3247 2204 3281 2255 ὀ
3316 2201 3532 2268 Κύριος
3553 2200 3708 2253 ἐσω-

2116 2320 2230 2357 σεν
2268 2300 2509 2367 αὐτοὺς,
2544 2298 2702 2367 παρὰ
2742 2286 2814 2351 τὸ
2860 2294 3099 2365 ἀγαπᾷν
3128 2292 3371 2360 αὐτοὺς,
3425 2291 3521 2346 καί
3576 2290 3711 2360 gral-

2117 2393 2325 2449 δεσθαι
2361 2390 2578 2455 αὐτῶν,
2617 2388 2713 2444 καί
2742 2387 3016 2451 ἀνέλαϐε,
3049 2386 3144 2441 καί
3182 2386 3431 2456 ὕψωσεν
3457 2384 3707 2449 αὐτούς.

2118 2485 2227 2539 Καὶ
2254 2482 2428 2538 ταῦτα
2461 2481 2639 2534 πάντα
2680 2482 2792 2534 οὐκ
2819 2479 2888 2543 ἐξ
2932 2479 3119 2548 ἔργων
3162 2476 3329 2547 ἡμῶν
3355 2475 3472 2529 τῶν
3509 2475 3582 2528 ἐν
3618 2473 3712 2528 δι-

2119 2577 2434 2643 καιοσύνῃ,
2458 2574 2568 2627 οὐδ’
2593 2574 2673 2627 ὅτι
2700 2574 2860 2644 ἡμεῖς
2893 2587 2951 2625 σε
2988 2571 3353 2641 ἠγαπήσαμεν
3387 2568 3435 2637 (ὁ
3465 2568 3713 2637 γὰργη-

2118 2669 2282 2739 γενὴς
2313 2665 2468 2737 ἡμῶν
2503 2664 2804 2736 προπάτωρ
2845 2662 2939 2715 καὶ
2982 2662 3083 2732 τὴν
3122 2662 3180 2713 ὲν
3228 2657 3541 2730 παραδείσῳ
3574 2673 3715 2729 τρυ-

2121 2758 2226 2829 φὴν
2256 2756 2349 2809 καί
2382 2755 2657 2825 διαγωγὴν
2694 2751 2963 2823 τιμηθεὶς,
2985 2750 3083 2821 τὴν
3116 2750 3264 2804 θείαν
3302 2748 3397 2802 καὶ
3441 2746 3713 2818 σωτήριόν

2122 2867 2214 2903 σου
2245 2845 2581 2917 ἐκφαυλίσας
2616 2845 2858 2917 ἐντολὴν,
2905 2843 3231 2912 ἀποδόκιμος
3279 2836 3492 2910 ζωηροῦ
3528 2836 3716 2909 χώρου

2120 2938 2335 3012 ἐκρίθη,
2370 2940 2464 2992 καὶ
2505 2935 2567 2991 τὸ
2605 2937 2714 2992 πᾶν
2741 2935 2909 2991 αὐτοῦ
2944 2935 3165 3006 σπέρμα
3194 2930 3541 2987 ἀκιδνότατον
3576 2945 3721 2981 κατ-

2121 3030 2336 3102 έστησε,
2371 3032 2485 3093 τοῖς
2524 3029 2699 3093 νόθοις
2746 3026 3084 3101 μοσχεύμασι
3126 3026 3224 3097 τῆς
3271 3020 3544 3094 ἁμαρτίας
3569 3037 3721 3091 συμ·

2122 3124 2415 3196 φυράσας),
2458 3122 2594 3177 ἀλλὰ
2639 3122 2706 3206 δι’
2732 3122 2921 3176 ἑαυτὸν
2961 3122 3059 3175 καὶ
3095 3119 3194 3191 τὴν
3227 3117 3354 3187 περὶ
3392 3114 3453 3169 τὸ
3485 3112 3724 3185 πλάσμα

452 3238 656 3311 spuriis
688 3233 894 3306 peccati
922 3229 1230 3287 stnlonibus
1250 3223 1632 3281 commiscens,
1664 3220 1720 3274 in
1748 3232 2015 3274 summam

2126 3239 2214 3276 σου
2240 3221 2446 3290 ἄφατον
2476 3218 2718 3291 ἀγάπην,
2751 3216 3127 3291 ὲκραταίωσας
3157 3214 3242 3284 ἐφ’
3270 3214 3418 3286 ἡμᾶς
3455 3212 3517 3265 τὸ
3563 3210 3725 3273 ἔλεός

454 3310 788 3388 debilitatem
848 3322 1071 3394 adegit),
1106 3320 1202 3377 sed
1232 3319 1349 3389 ipse
1378 3321 1598 3387 propter
1631 3310 1977 3381 temetipsum
2005 3347 2020 3373 ,

454 3420 916 3489 inenarrabilique
945 3416 1037 3470 illa
1080 3421 1173 3468 tua
1205 3426 1334 3482 erga
1371 3408 1684 3479 ﬁgmentum
1714 3403 2020 3465 dilectione,

453 3511 883 3571 misericordiam
919 3509 974 3563 in
1007 3522 1108 3562 nos
1153 3516 1319 3565 tuam,
1350 3500 1593 3562 Domine,
1625 3494 1987 3551 corroborasti
2008 3504 2049 3560 ;'

454 3616 809 3674 nostramque
872 3601 969 3655 abs
1018 3607 1071 3653 te
1128 3593 1524 3666 separationem
1575 3589 1802 3646 dolens.
1863 3585 2024 3640 etiam

454 3700 575 3770 ipse
602 3706 674 3756 te.
707 3706 872 3764 super
899 3700 1085 3746 nostra
1111 3684 1481 3757 corruptione,
1514 3689 1572 3735 ut
1594 3679 1749 3733 dares
1779 3678 1834 3731 in
1869 3675 2026 3730 mise-

454 3769 718 3849 ricordias
750 3787 820 3850 ",
843 3781 1070 3857 placasti
1100 3786 1155 3836 et
1182 3776 1455 3833 inﬂexisti.
1484 3772 1624 3828 Hinc
1648 3786 1751 3825 nos
1773 3769 2031 3838 deinceps

456 3886 587 3940 Adin
610 3880 826 3936 soboles
860 3876 996 3932 l'csta
1027 3873 1225 3944 plausu
1261 3867 1496 3940 agimus,
1522 3862 1665 3935 quod
1702 3862 1912 3933 primus
1943 3860 2032 3914 ille

456 3978 589 4033 Adae
616 3974 794 4036 lictor,
838 3983 937 4026 sua
990 3967 1108 4038 ipse
1142 3970 1354 4034 sponte,
1385 3974 1561 4015 novus
1611 3956 1779 4012 Adam
1810 3952 2033 4008 allectus

461 4072 534 4126 sit
566 4088 580 4124 :
613 4065 979 4138 splendorque
1011 4055 1221 4111 Domini
1249 4053 1345 4108 Dei
1373 4050 1548 4107 nostri
1594 4046 1881 4103 nobiscum
1910 4057 2033 4098 ver-

460 4169 616 4219 satus
646 4157 847 4221 est'”;
874 4159 933 4207 ut
962 4150 1130 4206 Deum
1156 4145 1295 4202 facie
1317 4145 1384 4200 ad
1410 4143 1601 4199 faciem
1632 4139 1950 4198 viderimus,
1981 4140 2035 4189 et

460 4254 599 4310 salvi
651 4248 780 4306 facti
840 4246 1035 4301 simus.
1089 4238 1485 4306 Quamobrem,
1537 4233 1919 4297 Domine,ate
1950 4227 2034 4282 di-

460 4344 605 4402 mitti
622 4336 955 4413 quaeroNidi
976 4333 1229 4388 Salutare
1257 4340 1412 4384 tuum
1442 4346 1456 4382 ε
1484 4325 1736 4381 absolvar
1763 4335 1892 4391 ergo
1918 4333 2037 4373 cur-

461 4452 532 4491 vo
561 4410 755 4489 litterae
797 4431 948 4501 jugo.
984 4424 1107 4481 Vidi
1162 4422 1362 4493 Regem
1411 4417 1826 4486 sempiternum,
1860 4419 1915 4467 et
1946 4410 2035 4465 cui

464 4524 607 4581 alius
649 4536 758 4575 non
812 4517 1111 4575 succedat:
1149 4511 1401 4567 absolvar
1422 4506 1606 4564 servuli
1631 4503 1821 4559 collari
1854 4501 1956 4555 hoc
1981 4506 2036 4554 et

2129 3329 2241 3376 σου,
2272 3309 2466 3382 Κύριε,
2496 3308 2944 3381 κατῳκτείρησάς
2975 3323 3035 3360 τε
3075 3306 3176 3377 τὴν
3194 3304 3496 3374 ἀπαγωγὴν
3523 3302 3716 3373 ἡμῶν,

2126 3403 2218 3457 καὶ
2238 3400 2426 3456 ἑαυτὸν
2452 3399 2805 3471 ὲδυσώπησας
2838 3398 2932 3452 ἐπὶ
2960 3400 3027 3469 τῇ
3055 3394 3375 3466 καταφθορᾷ
3394 3392 3549 3465 ἡμῶν
3575 3390 3723 3463 (6‘2),

2127 3493 2233 3549 τοῦ
2253 3490 2462 3547 δοῦναι
2479 3489 2638 3561 ἡμᾶς
2652 3493 2739 3557 εις
2759 3489 3147 3558 οἱκτειρμούς.
3179 3485 3341 3540 Ὅθεν
3372 3484 3554 3557 ἑορταὶ
3582 3484 3727 3554 ἡμῖν

2127 3586 2310 3642 λοιπὸν
2357 3583 2816 3657 συγκεκρότηνται
2861 3583 2973 3646 τοῖς
3016 3578 3368 3651 Ἀδαμιαίοις,
3415 3577 3498 3630 ὅτι
3520 3578 3550 3629 ό
3574 3575 3727 3629 πλα-

2131 3677 2392 3751 στουργδς
2439 3676 2533 3730 τοῦ
2566 3674 2736 3745 Ἀδὰμ
2773 3674 2951 3727 ἑκοντὶ
2990 3673 3110 3736 νέος
3145 3670 3312 3742 ’Δδὰμ
3362 3669 3584 3739 γέγονεο
3622 3666 3729 3721 καὶ

2130 3766 2163 3836 ή
2190 3763 2507 3835 λαμπρότης
2533 3763 2737 3833 Κυρίου
2770 3760 2862 3815 τοῦ
2892 3760 3025 3815 Θεοῦ
3050 3759 3207 3833 ἡμῶν
3239 3758 3356 3830 μεθ’
3389 3757 3550 3830 ἡμῶν
3588 3773 3733 3811 κατ-

2130 3857 2365 3927 εγένετο,
2380 3855 2519 3923 ὥστε
2538 3857 2664 3910 ἰδεῖν
2676 3855 2806 3909 Θεὸν
2824 3853 3109 3925 πρόσωπον
3125 3852 3260 3922 πρὸς
3277 3851 3565 3923 πρόσωπον
3584 3848 3731 3921 (63),

2132 3949 2225 4000 καὶ
2272 3947 2527 4019 σωθῆναι.
2575 3946 2847 4010 Τοῦνεκα,
2885 3938 2931 3998 ὦ
2967 3943 3235 4008 Δέσποτα,
3281 3942 3382 4013 τὴν
3426 3940 3578 4013 παρὰ
3625 3940 3734 3997 σοῦ

2132 4040 2391 4095 ἀπόλυσιν
2421 4039 2680 4112 ἐπιζητῶ.
2712 4034 2864 4094 Εἶδον
2895 4038 2956 4091 τὸ
2987 4036 3251 4108 σωτήριόν
3296 4052 3390 4089 σου
3411 4052 3426 4066 ⁸
3465 4034 3736 4090 ἀπολυθῶ

2134 4132 2225 4186 τοῦ
2278 4131 2749 4204 γραμματοκύφου
2803 4129 2990 4201 ζυγοῦ.
3055 4123 3207 4183 Εἶδον
3265 4128 3489 4199 βασιλέα
3549 4128 3736 4204 ἀΐδιον

2135 4226 2229 4279 καὶ⁵
2260 4203 2563 4296 ἁδιάδοχοψ
2614 4222 2870 4278 ἀπολυθῶ
2924 4222 3018 4276 τοῦ
3065 4221 3309 4276 δουλικοῦ
3349 4221 3444 4274 καὶ
3492 4203 3737 4290 ἀχθοφό-

2138 4333 2231 4388 ρου
2275 4314 2477 4369 κλοιοῦ.
2507 4310 2660 4368 Εἶδον
2692 4315 2848 4385 φύσει
2884 4312 3157 4385 Δεσπότην
3186 4313 3281 4367 καὶ
3316 4311 3732 4383 ὲλευθερωτήν·

2136 4407 2353 4479 τύχοιμι
2379 4407 2474 4462 τοῦ
2509 4407 2850 4480 ὲλευθερικοῦ
2882 4404 3047 4460 αὐτοῦ
3082 4404 3302 4477 δεσμοῦ.
3329 4404 3506 4459 Λῦσόν
3530 4421 3602 4474 με
3632 4405 3734 4458 τοῦ

2139 4497 2303 4567 ζυγοῦ
2338 4498 2436 4570 τῆς
2468 4497 2865 4571 κατακρίσεως,
2892 4498 2986 4552 καὶ
3016 4494 3311 4563 ὐπόζευξον
3342 4495 3423 4566 τῷ
3451 4494 3603 4566 ζυγῷ
3624 4494 3734 4566 τῆς

465 4617 792 4691 ponderoso.
840 4612 965 4667 Vidi
995 4616 1193 4665 natura
1220 4603 1508 4659 Dominum
1549 4606 1606 4655 et
1657 4597 2003 4651 liberatorem

2144 4590 2494 4656 δικαιώσεως.
2529 4590 2703 4645 Λῦσόν
2722 4607 2788 4663 με
2806 4589 2901 4644 τοῦ
2924 4588 3085 4658 ζυγοῦ
3100 4589 3197 4659 τῆς
3215 4588 3355 4659 ἀρᾶς
3370 4588 3465 4641 καὶ
3483 4587 3579 4642 τοῦ
3600 4588 3740 4642 ἀπο-

464 4686 771 4782 consequar
794 4720 926 4777 ergo
948 4699 1293 4759 liberationis
1327 4708 1461 4750 meae
1482 4692 1551 4746 ab
1584 4689 1704 4760 ipso
1739 4686 2036 4742 decretum.

467 4805 631 4863 Solve
651 4779 761 4858 'me
784 4843 800 4867 ,
853 4798 1082 4852 Domine
1102 4836 1117 4861 ,
1167 4791 1299 4862 jugo
1327 4779 1834 4846 condemnationis;
1868 4788 1923 4832 et
1950 4792 2037 4832 me

391 4960 398 4971 ,
467 4896 643 4956 subde
670 4895 803 4967 jugo
855 4883 1286 4963 justiﬁcationis.
1322 4879 1482 4935 Solve
1509 4889 1596 4930 me
1636 4874 1771 4945 jngo
1821 4868 2039 4923 maledi-

2148 4685 2448 4750 κτείνοντος
2474 4684 2798 4758 γράμματος
2812 4701 2827 4716 °
2856 4683 2950 4738 ml
2970 4683 3170 4755 ἔνειρον
3185 4681 3263 4753 τῷ
3283 4681 3501 4754 ἀριθμῷ
3517 4681 3621 4751 τῆς
3634 4682 3735 4736 εὐ-

2142 4774 2327 4846 λογίας
2344 4774 2453 4829 τῶν
2479 4778 2558 4839 εἰς
2582 4774 2853 4828 υἱοθεσίαν
2878 4772 3298 4845 εἰσποιουμένων
3322 4776 3389 4845 τῇ
3420 4774 3606 4844 χάριτι
3633 4773 3734 4829 τοῦ

2144 4866 2395 4941 ἀληθινοῦ
2413 4866 2506 4922 καὶ
2523 4865 2775 4938 ὀμοδόξου
2793 4865 3231 4938 καὶὸμοδυνάμου
3247 4864 3437 4919 τούτου
3458 4864 3592 4918 Υἱοῦ
3610 4881 3734 4924 σου.

468 4957 689 5051 οιίοιιὶςι⁷
712 4957 776 5046 ac
824 4957 1122 5044 occidentis
1152 4981 1343 5035 litterae
1372 4976 1455 5042 7’;
1495 4982 1791 5040 eorumque
1812 4964 2176 5021 benedictioni
2199 4964 2377 5019 insere
2412 4977 2769 5033 accenseque,
2796 4962 2890 5033 qui
2927 4961 3008 5017 tui
3036 4960 3201 5031 hujus
3232 4958 3347 5015 veri
3369 4957 3732 5030 ejusdemque

466 5086 647 5143 tecum
679 5084 864 5156 gloriae
892 5088 945 5136 et
970 5074 1223 5150 potentiae
1253 5069 1375 5126 Filii
1403 5066 1599 5140 gratia,
1627 5064 1680 5119 in
1702 5062 1793 5133 jus
1818 5059 2051 5115 ﬁliorum
2074 5067 2201 5114 sunt
2230 5057 2476 5128 ascripti.

541 5176 633 5234 lx.
677 5154 799 5231 Sint
831 5187 995 5245 porro
1024 5171 1159 5232 haec,
1192 5164 1406 5237 inquit,
1462 5157 1805 5217 celebrandis
1842 5154 2040 5245 divinis

470 5269 812 5331 muneribus.
833 5242 1170 5319 brevissime
1193 5258 1457 5312 hactenus
1483 5254 1924 5331 commemorata.
1961 5242 2044 5298 Ad

546 5430 591 5462 "
629 5428 742 5483 Isa.
786 5444 863 5489 Ix,
901 5426 968 5492 2;
1009 5440 1144 5485 XLII,
1189 5422 1259 5487 7;
1300 5419 1427 5492 Lua.
1455 5415 1641 5492 At,_79.
1716 5415 1762 5446 ⁵⁵
1797 5412 1948 5492 Rsal.
1988 5429 2168 5492 ιλιινζ
2193 5412 2282 5492 ιο.

474 5515 649 5563 um,
687 5503 742 5557 9.
819 5484 865 5531 ⁷⁵
908 5484 1013 5552 Tit.
1060 5511 1155 5557 ιιι,
1195 5484 1254 5549 5ζ
1364 5490 1407 5523 ⁷⁸
1451 5489 1472 5545 l
1508 5485 1670 5542 Joan.
1712 5501 1785 5551 Iv,
1823 5484 1908 5539 l9.

546 5657 660 5729 (62)
706 5656 831 5711 Ἐπί
862 5655 939 5725 τῇ
975 5652 1314 5729 καταφθορᾷ
1568 5647 1849 5729 Signiﬁcat
1877 5646 2047 5703 Deum

475 5744 508 5786 ιι
535 5721 595 5785 se
623 5721 852 5790 motum,
903 5721 1018 5781 sola
1051 5721 1317 5781 ex'nobis
1350 5721 1559 5790 objecta
1591 5721 1830 5774 miseria.
1862 5728 1922 5790 ut
1949 5734 2049 5774 nos

477 5803 625 5854 daret
660 5801 714 5853 in
757 5796 1170 5857 misericordias,
1213 5789 1597 5848 reconciliatos
1642 5792 1694 5843 in
1738 5805 1840 5844 suo
1872 5789 2048 5853 Filio;

482 5870 628 5945 quod
656 5866 1053 5927 incarnationis
1083 5864 1342 5919 motivum
1374 5860 1604 5932 theologi
1636 5861 1821 5914 multis
1851 5876 2048 5930 expen-

2218 5151 2296 5206 Θ’.
2332 5153 2613 5205 Ἔστωσαν
2642 5150 2698 5204 δέ
2732 5168 2843 5223 μοι,
2877 5149 3040 5222 φησι,
3071 5149 3139 5203 τὰ
3185 5147 3304 5201 θεῖα
3337 5147 3731 5221 εὐχαριστήρισ

2152 5243 2287 5316 πρὸς
2309 5243 2369 5297 τὸ
2398 5242 2569 5315 παρὸν
2610 5242 2738 5314 ἄχρι
2773 5242 2881 5297 τῶν
2920 5239 3269 5312 βραχυτάτων
3296 5238 3521 5294 τούτων.
3568 5237 3637 5293 Τί
3674 5236 3735 5291 δὲ

2392 5412 2436 5445 ⁸⁷
2479 5409 2647 5465 Marc.
2690 5426 2753 5473 ιι,
2796 5409 2884 5464 l0.
2961 5407 3008 5440 ⁸⁸
3044 5405 3252 5463 Coloss.
3291 5422 3329 5461 ιι
3356 5407 3452 5471 ,ἂ.
3526 5403 3575 5438 ⁶⁹
3610 5402 3735 5462 lea.

2018 5486 2085 5515 τί·
2124 5483 2277 5539 Psal.
2314 5497 2402 5547 (ιν,
2433 5481 2503 5536 46
2610 5482 2658 5513 ⁷⁸
2696 5479 2741 5534 ll
2780 5479 2904 5535 Cor.
2946 5494 3043 5545 ιιι,
3085 5478 3138 5532 6.

2153 5648 2340 5791 d“('33)
2371 5718 2703 5791 deqwrror
2732 5711 2883 5791 πρᾲς
2909 5711 3254 5791 πρόσωπον.
3290 5708 3581 5791 Nempein

2159 5778 2247 5854 ne,
2276 5778 2370 5843 κάι
2397 5778 2660 5853 σωθῆναι,
2682 5795 2731 5839 et
2747 5778 2883 5836 solvi
2907 5778 3036 5854 facti
3047 5782 3261 5854 _simus,_
3276 5779 3619 5854 apparitione
3639 5778 3735 5854 illa

2155 5871 2209 5916 et
2237 5848 2547 5927 eﬂ'uigenlia
2572 5855 2872 5927 splendoris
2896 5848 3060 5907 divini
3086 5853 3142 5907 in
3172 5848 3324 5907 nube
3347 5848 3735 5904 humanitatis.
