3972 6212
287 286 396 346 569

1379 283 1613 340 SERMO
1657 282 1743 338 DE
1781 279 2082 339 SIMEONE
2120 282 2205 338 ET
2245 282 2455 340 ANNA.

3417 287 3523 342 570

291 360 431 477 πρὸς
463 402 523 456 σὲ
553 399 873 474 φθέγξομαι,
902 396 948 456 ὧ
973 403 1168 475 Μῆτερ
1210 402 1473 474 Παρθένε,
1504 402 1598 455 καὶ
1624 401 1866 474 Παρθένε

1979 409 2021 457 Le
2048 416 2176 456 vero
2202 402 2329 472 quid
2353 401 2551 464 dicam,
2576 415 2609 455 ο
2642 399 2811 456 Mater
2827 399 3012 472 Virgo,
3046 408 3100 457 et
3128 399 3292 474 Virgo
3323 400 3525 459 Mater?

291 484 510 564 Min-ep;
542 487 611 563 ἦς
637 490 745 563 γάρ
770 490 828 544 τὸ
855 491 1012 562 ἔργον
1036 492 1135 545 οὐκ
1165 490 1518 563 ἀνθρώπινον,
1549 490 1748 563 ταύτης
1777 494 1867 546 καὶ

290 590 322 641 ὁ
343 587 557 647 ἔπαινος
584 584 723 654 ὑπὲρ
755 583 1056 656 ἄνθρωπον.
1099 582 1189 635 Διὸ
1228 583 1328 653 τῆς
1372 574 1599 655 ἀπορίας
1634 583 1695 636 τὸ
1740 599 1870 635 σκυ-

291 678 508 753 θρωπὸν
553 677 621 729 ὲκ
668 674 777 729 τῶν
812 674 906 729 τοῦ
946 677 1259 747 Πνεύματος
1301 674 1429 746 περὶ
1478 675 1538 728 σὲ
1592 676 1869 748 καταλαμ-

289 767 481 842 πρυνῶ
506 766 705 840 γερῶν,
738 766 831 819 καὶ
874 767 944 821 τά
980 766 1048 819 σά
1092 782 1172 819 σοι
1216 764 1615 837 προσκομίζων,
1660 766 1725 819 ὲκ
1764 765 1871 819 λει-

296 861 491 934 μώνων
548 858 832 915 ἀθανάτων
870 859 967 930 τὴν
1013 860 1161 931 ἱεράν
1202 876 1295 915 σου
1340 856 1433 912 καὶ
1471 856 1731 929 θεοστεφῆ
1779 860 1870 913 ἀν-

293 951 523 1021 υμνήσω
578 950 772 1021 κάραν.
829 948 1119 1020 Πατρικοῐς
1171 964 1231 1002 σε
1279 946 1466 1019 ὕμνοις
1506 947 1872 1019 προσφθέγξο.

294 1059 416 1111 μαι,
451 1040 689 1112 θύγατερ
710 1038 891 1103 Δαϐὶδ,
921 1039 1013 1093 καὶ
1052 1038 1223 1113 μῆτερ
1248 1038 1340 1092 τοῦ
1374 1038 1577 1114 Κυρίου
1614 1040 1707 1093 καὶ
1737 1040 1869 1095 Θεοῦ

292 1130 477 1186 Δαϐίδ.
517 1132 748 1203 Aiaxpr
778 1131 885 1202 γὰρ
921 1131 1037 1202 ἅμα
1075 1131 1171 1184 καὶ
1219 1129 1528 1201 ἀνεύφημον
1577 1131 1873 1203 ἀλλοτρίοις

292 1225 521 1295 κόσμοις
552 1223 822 1294 κοσμῆσαι
861 1222 957 1295 τὴν
999 1224 1063 1294 τῇ
1106 1223 1282 1294 οίκείᾳ
1326 1222 1451 1296 δόξῃ
1494 1221 1870 1296 διαφέρουσαν.

293 1315 462 1386 Δέχου
491 1315 686 1379 τοίνυν,
715 1313 1101 1385 εύμενεστάτη,
1131 1312 1278 1386 δῶρα
1301 1314 1476 1383 τίμια,
1503 1316 1596 1367 καὶ
1630 1315 1711 1367 σοὶ
1739 1314 1874 1385 μόνῃ

290 1406 552 1478 άρμὸδια,
579 1400 624 1460 ὧ
667 1405 857 1460 πασῶν
900 1404 1110 1474 γενεῶν·
1150 1404 1474 1476 ὑψηλοτέρα,
1525 1406 1618 1461 καὶ
1655 1406 1873 1459 πάντων

290 1497 509 1569 ὁρατῶν
532 1515 591 1550 τε
629 1498 723 1551 καὶ
760 1498 1006 1569 ἀοράτων
1041 1497 1533 1569 δημιουργημάτων
1574 1499 1875 1570 τιμιωτέρα

293 1590 549 1660 φανεῖσα.
578 1588 838 1660 Μακαρία
856 1591 890 1661 ή
914 1587 1036 1660 ῥίζα
1061 1586 1153 1641 τοῦ
1194 1588 1413 1653 Ἰεσσαὶ,
1451 1591 1545 1643 καὶ
1569 1589 1874 1661 τρισμακά-

295 1697 484 1753 ριστος
513 1682 541 1733 ὁ
567 1675 713 1743 οἶκος
740 1679 925 1743 Δαϐἱό,
954 1681 1010 1733 ἒν
1112 1677 1443 1753 ἐϐλάστησας
1467 1681 1599 1753 (64).
1643 1682 1704 1735 '0
1732 1683 1874 1749 Θεὸς

290 1774 368 1828 ἐν
389 1773 561 1844 μέσῳ
574 1787 724 1845 μου,
754 1773 851 1826 καὶ
884 1774 956 1826 οὐ
986 1773 1369 1843 σαλευθήσῃ·
1408 1776 1622 1844 ἡγίασε
1661 1777 1770 1845 γὰρ
1808 1774 1873 1829 τὸ
1904 1754 1947 1808 Β

292 1865 591 1935 σκήνωμα
639 1864 825 1919 αὑτοῦ
861 1868 894 1919 ὁ
939 1866 1240 1934 Ὕψιστος.
1286 1867 1374 1920 Ἐν
1421 1868 1505 1920 σοὶ
1552 1868 1659 1940 γάρ
1693 1867 1878 1939 διαθῆ-

294 1971 392 2008 και
420 1954 531 2023 (65)
572 1954 666 2008 καὶ
705 1954 1036 2026 ὁρκωμοσίαι
1084 1954 1218 2008 Θεοῦ
1278 1955 1413 2027 πρὸς
1460 1956 1587 2020 τοὺς
1634 1957 1876 2029 πατέρας

294 2043 478 2115 ἡμῶν,
509 2042 662 2107 τέλος
690 2042 1068 2097 εὐκλεέστατον
1115 2043 1379 2109 ὲδέξαντο’
1413 2044 1494 2099 ὅτι
1534 2044 1622 2098 διὰ
1668 2045 1760 2099 σοῦ
1784 2045 1877 2115 γέ-

293 2153 423 2205 γονε
451 2136 673 2208 Κύριος,
701 2138 730 2189 ὁ
768 2135 900 2198 Θεὸς
928 2136 1036 2188 τῶν
1066 2135 1347 2206 δυνάμεων
1390 2137 1507 2207 μεθ’
1546 2136 1725 2208 ήμῶν.
1774 2135 1877 2190 Τὸν

298 2226 393 2279 σὺν
420 2224 899 2296 προδιαγράφουσα
925 2224 1195 2296 θεοπρεπῆ
1224 2226 1562 2297 χαρακτῆρα,
1597 2226 1728 2279 Θεὸν
1756 2224 1879 2294 ἐφε-

298 2332 394 2387 ρεν
425 2316 707 2385 ἀφλέκτως
748 2318 782 2386 ἡ
823 2314 1093 2383 ἄψαυστος
1128 2315 1305 2386 βάτος,
1346 2316 1773 2388 ἐμφανιζόμενον
1801 2315 1878 2388 τῷ

296 2408 560 2479 προφήτῃ
616 2407 690 2470 ῶς
733 2406 991 2478 ὁραθῆναι
1039 2406 1323 2478 ηὑδόκησε.
1372 2408 1696 2480 Στερέμνιος
1727 2409 1771 2462 δ’
1810 2404 1875 2463 αὖ

298 2499 399 2553 καὶ
427 2497 604 2571 πέτρα
644 2498 943 2570 ἀκρότομος
973 2499 1069 2571 τὴν
1103 2501 1439 2571 παγκόσμιον
1471 2502 1535 2553 ὲκ
1578 2498 1670 2554 σοῦ
1704 2500 1879 2571 πηγά-

303 2609 478 2646 σασαν
514 2591 672 2663 χάριν
711 2591 807 2645 καὶ
854 2591 1109 2663 ἀνάψυξιν
1150 2591 1667 2664 προεξεικονίζουσα,
1703 2608 1880 2664 παρα-

304 2685 498 2757 μύθιον
548 2684 684 2756 ἴαμα
727 2685 1025 2741 ὲκλείποντι
1064 2685 1177 2758 λαῷ
1219 2687 1283 2740 ὲκ
1326 2686 1564 2755 λαγόνων
1610 2683 1786 2757 ξηρῶν
1821 2687 1878 2739 ἑν

299 2779 496 2851 ἐρήμῳ
522 2776 754 2848 δαψιλῶς
793 2780 1123 2850 προήγαγεν.
1156 2779 1231 2831 Ού
1269 2777 1374 2850 μὴν
1402 2777 1459 2832 δὲ
1498 2776 1633 2831 ἀλλά
1666 2776 1877 2831 καὶτοῦ

303 2871 499 2941 ἱερέως
538 2871 569 2940 ἡ
600 2869 818 2940 ῥάϐδος,
858 2870 957 2923 οὐκ
994 2870 1249 2941 ἀδόκιμον
1294 2869 1569 2941 σύσσημον
1598 2868 1708 2941 (66)
1741 2887 1879 2942 παρ-

301 2964 495 3034 έσχετο
523 2961 620 3033 τῆς
652 2962 959 3034 ὑπερφυοῦς
989 2979 1081 3015 σου
1110 2962 1342 3032 λοχείας,
1368 2959 1715 3035 ἀγεώργητον
1747 2978 1880 3034 καρ-

304 3056 408 3108 πὸν
444 3052 804 3124 έξανθήσασα,
840 3052 1108 3125 ίερατείας
1141 3050 1442 3122 ἐνδελεχοῦς
1475 3051 1783 3123 ἀρραϐῶνα.
1814 3051 1878 3105 Τί

1969 492 2128 563 cujus
2148 493 2292 548 enim
2327 507 2464 563 Opus
2492 507 2601 547 non
2629 492 2924 548 humanum
2951 501 3070 557 est,
3117 494 3236 563 ejus
3265 504 3316 550 et
3342 496 3527 552 lauda-

1968 584 2114 639 datio
2139 582 2351 639 excedit
2374 583 2667 638 hominem.
2693 582 3053 650 Quamobrem
3080 588 3416 655 paupertatis
3440 588 3528 642 hic

1969 688 2101 729 mea:
2124 673 2536 738 obscuritatem,
2580 674 2688 729 tuis
2714 689 2745 727 a
2778 670 2984 743 Spiritu
3016 673 3312 732 honoribus
3339 678 3527 734 donis-

1970 784 2075 838 que
2117 767 2442 823 illustrabo:
2485 775 2685 836 tuaque
2727 764 2822 819 tibi
2873 763 3104 822 offerens
3140 781 3171 821 e
3200 768 3370 833 pratis
3426 768 3531 823 im-

1972 861 2310 924 mortalibus,
2332 867 2483 914 tuum
2505 872 2720 915 sacrum
2749 864 2803 914 et
2829 872 2859 911 a
2889 856 2998 913 Deo
3019 866 3337 913 coronatum
3368 867 3531 931 caput

1970 952 2279 1008 dilaudabo.
2308 950 2507 1007 Patriis
2526 959 2577 1006 te
2596 949 2845 1016 canticis,
2865 947 2999 1002 Filia
3030 948 3220 1016 David,
3256 948 3531 1021 Materque

1972 1045 2185 1100 Domini
2221 1052 2275 1099 et
2306 1042 2401 1099 Dei
2440 1041 2627 1105 David,
2656 1043 2923 1099 salutabo.
2953 1041 3132 1114 Turpe
3171 1044 3315 1099 enim
3346 1043 3529 1108 fuerit,

1971 1137 2215 1207 adeoque
2243 1134 2664 1206 inauspicatum,
2694 1141 2754 1188 ut
2780 1133 2973 1189 alienis
3001 1134 3233 1198 orneris,
3261 1150 3381 1205 qua:
3404 1151 3531 1206 pro-

1973 1227 2088 1296 pria
2109 1224 2281 1296 gloria
2306 1223 2602 1294 praecellas.
2633 1222 2833 1293 Accipe
2881 1224 3079 1295 igitur,
3114 1224 3528 1297 benignissima,

1971 1315 2113 1369 dona
2144 1316 2400 1385 pretiosa,
2427 1314 2635 1384 tibique
2664 1314 2755 1367 uni
2789 1316 3165 1371 convenientia
3192 1357 3206 1383 ,
3258 1332 3292 1371 o
3320 1319 3533 1373 cunctis

1973 1408 2172 1463 celsior
2193 1407 2656 1478 generationibus,
2680 1423 2908 1478 quaeque
2949 1407 3089 1461 inter
3117 1416 3297 1462 creata
3327 1411 3531 1474 omnia,

1975 1507 2089 1554 tum
2120 1499 2375 1563 visibilia,
2413 1509 2523 1553 tum
2576 1498 2891 1561 invisibilia,
2924 1500 3111 1554 multis
3143 1502 3385 1558 numeris
3430 1502 3534 1555 ho-

1974 1590 2275 1646 norabilior
2297 1590 2562 1645 enituisti.
2597 1588 2746 1647 Felix
2790 1589 2945 1645 radix
2984 1588 3158 1654 Jesse,
3189 1600 3240 1645 et
3270 1599 3353 1647 ter
3380 1592 3534 1647 beata

1975 1683 2170 1737 domus
2190 1680 2360 1736 David
2406 1681 2459 1735 in
2489 1697 2595 1753 qua
2618 1682 2954 1752 germinasti.
2982 1682 3120 1737 Deus
3153 1684 3205 1737 in
3235 1684 3401 1739 medio
3429 1685 3536 1751 tui,

1974 1783 2024 1829 et
2051 1791 2153 1828 non
2175 1773 2572 1829 commoveberis
2600 1790 2619 1829 :
2648 1775 2993 1843 sancti/ienuit
3021 1777 3156 1829 enim
3193 1785 3261 1840 te,
3294 1776 3538 1831 taberna-

1975 1863 2152 1918 culum
2179 1880 2353 1930 suum,
2377 1863 2680 1919 Altissimus
2705 1865 2752 1896 ⁷³
2782 1881 2796 1917 :
2830 1863 2885 1918 in
2913 1872 2965 1919 te
2988 1866 3131 1919 enim
3154 1863 3244 1920 Dei
3268 1864 3334 1919 ad
3359 1873 3541 1937 patres

1976 1963 2295 2011 testamenta
2319 1957 2735 2027 juramentaque
2771 1954 2931 2013 ﬁnem
2961 1957 3415 2028 gloriosissimum
3446 1973 3537 2012 ac-

1975 2057 2263 2118 ceperunt;
2295 2052 2418 2118 quia
2456 2064 2552 2121 per
2589 2057 2643 2104 te
2700 2049 2961 2105 Dominus
2993 2050 3169 2105 factus
3220 2057 3303 2105 est
3326 2090 3342 2117 ,
3397 2048 3541 2105 Deus

1976 2142 2240 2196 virtutum
2270 2140 2574 2196 nobiscum.
2628 2137 2818 2196 Bubus
2850 2141 2937 2195 ille
2988 2140 3224 2195 intactus
3249 2140 3318 2204 ⁷⁸,
3356 2140 3541 2196 divina

1976 2231 2207 2302 quadam
2239 2232 2521 2301 majestate
2542 2232 2754 2301 plenam
2785 2231 2897 2301 jam
2931 2239 3044 2285 tum
3068 2231 3369 2289 informans
3392 2240 3540 2287 tuam

1979 2322 2225 2392 ﬁguram,
2258 2320 2424 2376 Deum
2486 2320 2763 2391 prophetae
2817 2317 3183 2390 apparentem,
3211 2320 3366 2401 juxta
3395 2320 3541 2390 quod

1978 2415 2025 2468 ei
2073 2413 2403 2483 conspicuus
2458 2411 2574 2467 ﬁeri
2620 2412 2827 2476 voluit,
2879 2412 3255 2469 incumbustus
3310 2411 3540 2473 ferebat.

1979 2505 2123 2560 Dura
2170 2513 2349 2559 autem
2376 2519 2570 2560 rursus
2594 2517 2659 2559 ac
2685 2513 2959 2575 praerupta
2988 2513 3159 2575 petra,
3188 2503 3331 2575 quod
3377 2521 3444 2560 ex
3489 2514 3541 2560 te

1979 2597 2034 2651 in
2063 2596 2374 2676 universum
2399 2595 2586 2651 orbem
2628 2595 2817 2667 gratiae
2866 2611 3066 2650 munus
3097 2595 3542 2667 refrigeratioque

1978 2686 2352 2759 promanavit,
2395 2695 2449 2743 et
2475 2688 2593 2758 ipsa
2626 2687 2897 2758 quondam
2931 2688 3241 2759 exprimens
3293 2687 3543 2758 praefigu-

1979 2796 2235 2852 ransque,
2276 2779 2548 2837 deﬁcienti
2602 2780 2659 2835 in
2711 2779 2929 2837 deserto
2950 2821 2965 2846 ,
3020 2781 3216 2852 populo
3260 2780 3540 2850 copiosum

1979 2874 2239 2929 auxilium
2270 2890 2338 2930 ex
2367 2873 2607 2930 hiatibus
2649 2874 2810 2931 siccis
2844 2872 3098 2943 produxit
3134 2875 3199 2929 ⁷⁸.
3241 2870 3347 2929 Sed
3375 2881 3429 2927 et
3455 2889 3546 2929 sa-
3596 2902 3601 2907 -

1979 2964 2216 3021 eerdotis
2238 2964 2390 3037 virga
2419 2964 2488 3029 ",
2522 2964 2578 3019 in
2623 2962 2859 3018 fructum
2901 2962 3019 3019 sine
3057 2962 3292 3023 cultura,
3318 2968 3544 3031 sponta-

1982 3071 2253 3128 neumque
2304 3054 2594 3112 sacerdotii
2652 3054 2909 3125 perennis
2955 3052 3315 3108 arrhabonem
3342 3093 3357 3118 ,
3397 3049 3545 3128 emo-

302 3146 393 3210 δι;
426 3146 521 3198 καὶ
543 3147 572 3198 ὁ
606 3118 1043 3216 μέγαςνΜωῢσῆς
1085 3146 1145 3198 ού
1195 3118 1387 3217 κομιδῆ
1435 3118 1764 3216 παρέστησε,
1793 3144 1878 3198 διά

1982 3165 2110 3207 rens
2137 3118 2206 3213 ⁷⁷,
2232 3148 2370 3203 nihil
2423 3118 2713 3217 reprobdm
2745 3145 2928 3202 eximii
2962 3146 3039 3199 tui
3093 3152 3282 3215 partus
3326 3118 3547 3214 symbo-

302 3239 432 3299 τοὺς
460 3236 589 3308 περὶ
618 3237 677 3289 σὲ
698 3236 1170 3309 δυσκαταλήπτους
1192 3236 1394 3299 τύπους
1426 3235 1734 3309 ἐγχρονίσαι
1768 3235 1879 3307 (67)

303 3330 384 3400 τῷ
414 3328 531 3399 δρει
562 3328 700 3397 ἔγνω
737 3328 807 3381 τά
837 3329 965 3400 περὶ
996 3328 1097 3399 τῆς
1129 3327 1298 3398 ἁγνῆς
1336 3327 1739 3381 ἐκδιδάσκεσθαι
1781 3345 1881 3397 μυ-

300 3423 541 3493 στήρια;
583 3420 754 3492 Πῆξαι
803 3419 910 3492 γὰρ
961 3420 1101 3474 κατὰ
1142 3419 1402 3492 σύμϐολον
1459 3420 1552 3474 καὶ
1601 3420 1737 3493 πρὸς
1780 3422 1883 3488 ἀφ-

300 3512 570 3585 ομοίωσιν
602 3511 829 3566 κιϐωτδν
866 3512 959 3566 καὶ
992 3512 1192 3582 ταύτην
1242 3511 1614 3582 προσταχθεὶς,
1648 3512 1709 3565 ού
1741 3528 1881 3584 παρ-

301 3608 492 3675 έργως
517 3605 786 3675 ἐχρήσατο
808 3606 917 3669 τοῖς
955 3605 1458 3674 προστεταγμένοις,
1487 3606 1534 3657 εί
1581 3604 1676 3658 καὶ
1716 3621 1884 3675 τραγ-

300 3696 591 3769 ῳδούμενα
613 3694 954 3767 συμϐέϐηκεν
970 3696 1060 3748 ἐπὶ
1076 3699 1142 3767 τῇ
1168 3696 1481 3762 καταϐάσει,
1498 3696 1613 3751 ἀλλ’
1627 3697 1707 3759 είς
1725 3696 1884 3749 πέντε

300 3790 489 3865 ἡμίση
520 3790 713 3861 πήχεις
745 3789 946 3861 ταύτην
967 3790 1303 3853 συντελέσας,
1320 3789 1600 3861 νομοδόχον
1627 3787 1884 3855 ἀνέδειξε,

301 3885 426 3945 τοῖς
468 3881 730 3952 χερουϐὶμ
763 3880 1275 3952 συγκαλυπτομένην
1294 3898 1307 3911 ο
1350 3878 1794 3949 ὲκφαντικώτατά
1826 3896 1884 3933 σε

301 3976 414 4046 τὴν
438 3973 696 4028 Θεοτὸκον
729 3974 1223 4045 προσημαίνουσαν,
1250 3973 1345 4045 τὴν
1370 3972 1619 4044 ἀφθόρως
1647 3973 1884 4042 ἐγκυμο-

306 4068 581 4137 νήσασαν,
604 4066 698 4119 καὶ
724 4065 1015 4136 ἀφράστως
1033 4066 1419 4137 ἀποκυήσασαν
1440 4064 1536 4136 τὴν
1558 4064 1654 4134 τῆς
1679 4062 1887 4136 ἀφθαρ-

309 4160 440 4222 σίας
473 4157 730 4212 σύστασιν
768 4158 858 4212 ἐπὶ
884 4157 1025 4211 τέλει
1050 4156 1155 4210 τῶν
1198 4156 1356 4212 πέντε
1387 4157 1627 4228 ἡμίσεως
1658 4155 1752 4209 τοῦ
1796 4155 1886 4209 κό-

310 4267 458 4321 σμου
500 4249 735 4302 κύκλων.
782 4249 881 4303 Διά
913 4247 1121 4314 eam
1147 4249 1242 4321 τὴν
1274 4251 1337 4302 ὲκ
1369 4248 1461 4301 σοῦ
1492 4248 1756 4320 ἄχραντον
1792 4247 1885 4302 τοῦ

1986 3242 2096 3297 lum
2130 3242 2377 3312 przebuit.
2411 3241 2549 3307 Quid
2579 3240 2749 3295 vero?
2779 3238 2969 3294 Nonne
3017 3252 3246 3309 magnus
3277 3236 3367 3291 ille
3394 3234 3543 3306 Moy-

1989 3349 2078 3390 ses
2133 3334 2274 3389 idem
2296 3334 2600 3389 luculenter
2619 3331 2934 3395 declaravit,
2954 3340 3172 3400 propter
3201 3330 3275 3384 tui
3300 3327 3544 3383 dilIiciles

1990 3426 2267 3482 intellectu
2324 3425 2563 3496 ﬁguras,
2612 3423 2819 3479 diutius
2859 3422 2914 3476 in
2963 3428 3196 3476 montem
3242 3433 3545 3474 commora-

1990 3526 2077 3575 tus
2102 3518 2169 3582 ⁷⁸,
2196 3525 2254 3572 ut
2285 3516 2467 3588 ignota
2491 3523 2583 3571 tua
2605 3523 2965 3578 sacramenta,
2992 3529 3026 3568 o
3050 3520 3223 3575 casta,
3250 3511 3547 3567 edisceret?

1988 3609 2046 3665 In
2082 3610 2159 3665 rei
2181 3610 2323 3665 enim
2345 3609 2509 3679 hujus
2532 3609 2767 3679 signum,
2792 3614 2847 3662 et
2875 3606 2941 3659 ad
2965 3604 3368 3676 exprimendam
3400 3603 3548 3658 simi-

1990 3700 2293 3765 litudinem,
2319 3699 2509 3771 jussus
2552 3699 2818 3755 fabricare
2859 3709 3063 3760 arcam,
3093 3707 3202 3748 non
3241 3692 3418 3749 obiter
3448 3706 3548 3746 ne-

1990 3792 2325 3862 glectiusque
2350 3791 2620 3847 mandatis
2656 3786 3045 3859 obtemperavit
3071 3804 3083 3839 :
3116 3797 3426 3855 quanquam
3453 3797 3547 3837 ac-

1989 3880 2237 3935 ciderunt
2266 3882 2472 3952 tragica
2503 3880 2750 3952 quaedam
2778 3880 2834 3934 in
2875 3881 3142 3933 descensu
3179 3890 3210 3929 a
3249 3870 3497 3929 mente"
3530 3893 3544 3927 :

1987 3973 2081 4030 sed
2109 3974 2350 4044 quinque
2374 3973 2683 4029 cubitorum
2712 3979 2766 4028 et
2794 3969 2999 4026 dimidii
3026 3960 3353 4030 confectam,
3376 3966 3555 4029 illam,

1984 4066 2119 4137 legis
2168 4065 2551 4136 suseeptricem
2573 4105 2587 4131 ,
2624 4063 2931 4120 cherubicis
2962 4061 3063 4116 alis
3124 4058 3448 4130 c00peruit:
3497 4066 3549 4112 te

1988 4157 2269 4227 Deiparam
2296 4157 2638 4226 apertissime
2670 4156 3082 4227 praisignantem
3108 4195 3123 4219 ,
3153 4165 3274 4222 quae
3296 4150 3415 4206 sine
3432 4164 3552 4203 cor-

1986 4250 2240 4320 ruptione
2278 4263 2402 4303 eum
2459 4247 2790 4318 concepisti,
2849 4242 3308 4313 inenarrabilique
3339 4240 3551 4295 ratione

308 4340 453 4395 Θεοῦ
469 4342 640 4412 Λόγου
672 4342 964 4413 σάρκωσιν,
993 4343 1091 4413 τὴν
1136 4343 1215 4406 είς
1256 4342 1341 4395 ἀεὶ
1381 4341 1664 4414 ἀτρέπτως
1689 4356 1749 4393 τε
1795 4341 1878 4394 xui

1990 4341 2264 4412 peperisti,
2294 4340 2387 4410 qui
2410 4339 2525 4411 ipse
2546 4338 2976 4409 incorruptionis
2996 4337 3143 4393 velut
3167 4332 3446 4390 concretio
3467 4339 3551 4387 est

314 4434 627 4505 ἀμερίπως
655 4435 712 4486 ἐν
744 4432 890 4506 αὐτῷ
920 4433 1293 4513 διαμένουσαν,
1324 4433 1416 4488 καὶ
1443 4435 1475 4504 ή
1515 4433 1687 4505 χρυσῆ
1720 4432 1888 4503 στάμ-

383 4588 439 4619 τ³
477 4585 630 4644 Psal.
670 4601 811 4655 χιον,
850 4588 914 4653 6,
956 4590 1009 4645 5.
1084 4589 1132 4623 "
1174 4588 1344 4643 Exod.
1410 4604 1509 4651 nt,
1557 4587 1611 4643 Ξ.
1703 4588 1748 4619 ⁷⁸
1788 4586 1878 4641 Exi

2012 4602 2122 4642 xvrt
2148 4628 2163 4655 ,
2204 4586 2257 4642 6.

308 4657 357 4690 ⁷⁸
400 4657 577 4713 Exod.
619 4676 722 4715 xxv
746 4701 761 4725 ,
799 4662 852 4717 8.
928 4661 974 4692 ⁷⁹
1013 4660 1183 4715 Exod.
1220 4676 1405 4722 xxxii,
1443 4660 1496 4716 ϐ.

388 4770 505 4839 (64)
547 4772 642 4826 Ἐν
666 4765 715 4839 ᾧ
740 4770 1138 4843 satquan
1168 4770 1237 4843 In
1257 4788 1382 4843 qua,
1413 4773 1793 4843 quod_spectat
1814 4772 1878 4825 ad

311 4842 521 4897 lineam
548 4843 959 4906 sacerdotalem,
985 4839 1038 4896 in
1061 4839 1279 4896 Nathan‘
1296 4842 1387 4910 qui
1415 4843 1513 4895 fuit
1536 4839 1676 4897 Uria:
1699 4856 1882 4897 sacer-

314 4912 464 4966 dotis
496 4911 658 4976 ﬁiius,
703 4913 885 4967 domui
920 4919 974 4966 et
1010 4910 1224 4982 familiae
1263 4910 1430 4967 David
1474 4911 1760 4982 adoptione
1795 4913 1882 4966 in-

316 4990 556 5053 sertam;
587 4996 646 5053 ex
678 4998 787 5051 quo
827 4982 1086 5036 Dominus
1118 4980 1297 5053 Jesus.
1328 4990 1489 5053 atque
1518 4980 1656 5053 adeo
1692 4981 1879 5053 Maria,

319 5051 587 5121 legaliter,
619 5050 772 5119 juxta
815 5062 1122 5106 contextam
1166 5068 1197 5106 a
1235 5050 1381 5105 Luca
1398 5050 1597 5121 i‘ipsius
1635 5052 1882 5121 genealo-

316 5137 351 5189 g
375 5118 486 5174 am.
526 5118 678 5186 Quod
713 5131 892 5177 autem
924 5122 991 5176 ad
1023 5122 1224 5191 regiam
1263 5136 1358 5190 per
1387 5118 1751 5186 Sa'lomouEm,
1789 5137 1885 5191 po-

317 5137 351 5189 g
375 5137 486 5174 am.
526 5137 678 5186 unca
713 5137 892 5177 autem
924 5137 991 5176 aa
1023 5137 1224 5191 regiam
1263 5137 1358 5190 per
1387 5137 1751 5186 aatomouem,
1779 5137 1882 5244 Bo-

317 5194 454 5270 nus,
485 5205 550 5270 e_.1:
570 5193 1015 5270 qua;__earnaliter
1038 5200 1328 5270 propagata
1342 5192 1461 5260 ejus
1492 5207 1655 5270 carne
1683 5207 1749 5246 ex
1824 5206 1882 5244 a-

316 5260 465 5332 vide,
504 5260 655 5332 juxta
695 5262 927 5317 Matthxi
957 5260 1238 5317 historiam
1270 5279 1285 5316 :
1314 5277 1473 5332 quem
1507 5262 1724 5316 modum
1747 5276 1880 5316 con-

314 5331 540 5403 cordiae,
570 5329 950 5403 Hieronymus.
985 5329 1347 5402 Augustinus,
1378 5341 1506 5403 et},
1556 5339 1882 5403 acceperunt

317 5399 394 5472 ab
421 5399 716 5472 Africano:
755 5399 859 5472 qua
892 5403 959 5457 de
986 5399 1373 5472 rre'Baronius,
1408 5399 1731 5472 Torniellus.
1772 5409 1880 5456 etc.

315 5467 509 5543 Quam
524 5467 858 5543 Nicephorus
885 5488 951 5527 ex
981 5471 1268 5543 Hippolyto
1288 5479 1522 5542 martyre
1543 5471 1693 5525 all'ert
1715 5472 1882 5525 Annae

354 5540 691 5611 enealogiam
722 5557 790 5596 ex
834 5551 987 5611 patre
1021 5540 1322 5604 sacerdote,
1367 5540 1657 5611 ct'passim
1703 5543 1883 5595 verior

391 5609 575 5682 betur;
608 5610 768 5666 habet
787 5609 948 5666 etiam
974 5621 1316 5681 pervetustus
1342 5609 1523 5682 regius
1547 5612 1740 5673 codex,
1770 5611 1883 5681 plu-

321 5679 478 5734 rimis
503 5678 734 5739 diversis
763 5678 1082 5739 tractatibus
1109 5698 1207 5739 seu
1229 5684 1390 5738 etiam
1406 5678 1687 5752 excerptis
1718 5678 1881 5737 inler-
1956 5726 1973 5743 .

1992 4439 2046 4487 et
2068 4431 2451 4499 consistentia;
2505 4429 2668 4502 idque
2711 4433 2767 4485 in
2812 4430 2916 4485 (ine
2954 4429 3194 4499 quinque
3246 4435 3302 4482 et
3339 4423 3550 4481 dimidii

2369 4588 2416 4619 "
2446 4584 2637 4645 .Num.
2693 4601 2837 4652 xvn,
2877 4586 2946 4655 [8.
3022 4584 3067 4615 "
3106 4581 3269 4638 Hebr.
3330 4598 3384 4636 ιι
3414 4622 3428 4643 ,
3491 4581 3545 4638 4.

1984 4773 2146 4897 ciltus,
2180 4771 2365 4842 ignoto
2397 4769 2717 4837 collectore;
2756 4768 3032 4839 antiquior
3064 4766 3202 4821 forte
3242 4766 3359 4835 ipso
3391 4764 3550 4820 Nice-

1984 4857 2174 4897 moro.

2038 4857 2174 4897 101⁸0.

1983 4859 2179 4983 marg)"
2200 4908 2619 4983 Aia0ﬁxat._Sie
2634 4908 2839 4983 passim
2862 4909 3184 4983 interpretes
3212 4918 3384 4983 sacra;
3394 4902 3550 4983 _Scri-

1986 4972 2177 5052 ptume,
2231 4972 2453 5052 ipseque
2493 4972 2693 5052 Paulus
2741 4978 2809 5032 ad
2836 4972 3051 5052 “Hebri,
3107 4991 3213 5032 non
3261 4972 3545 5052 συν-θῆκαι,

1986 5043 2173 5121 pacta,
2213 5043 2439 5121 fdadefa,
2478 5050 2621 5119 quod
2657 5056 2796 5121 teste
2833 5048 3160 5121 Hieronymo
3189 5059 3291 5121 vox
3323 5043 3547 5099 Hebraea

1989 5115 2406 5190 "videtur'magis
2432 5115 2629 5175 habere
2664 5135 2677 5171 :
2713 5119 2882 5190 cujus
2901 5120 2985 5174 rei
3008 5115 3326 5188 mysterium
3356 5125 3547 5185 prose-
3578 5152 3587 5179 ι

1986 5200 2228 5263 quu_ntur
2257 5189 2500 5263 ejusdem
2526 5190 2676 5244 Pauli
2699 5189 3058 5263 exposiwres.

2059 5260 2171 5335 (66)
2196 5254 2317 5335 Οὑᾶι
2335 5254 2977 5335 ἀδόκιμοςσξῷσάημον.
2995 5258 3291 5335 Commune
3309 5254 3547 5335 signum,

1986 5322 2133 5398 quod
2155 5322 2431 5401 praecipue
2463 5322 2786 5401 a'militibus
2813 5322 3087 5401 statuitur,
3114 5325 3202 5379 cui
3233 5322 3550 5401 optitiie_ad-

1982 5395 2183 5477 jectuiu
2230 5395 2478 5477 quadrat.
2515 5398 2798 5459 Pantinus,
2840 5414 2942 5477 non
2981 5397 3257 5477 obscurum
3280 5395 3551 5477 signiﬁce-

1988 5466 2198 5542 iiouem,
2217 5466 2372 5542 quod
2399 5479 2544 5542 certe
2565 5483 2784 5542 sensum
2811 5469 2976 5542 altum
2999 5466 3243 5542 auctoris
3271 5466 3545 5542 obscura}.

2060 5532 2193 5612 (67).
2214 5532 2605 5612 ’Emorla'ai.
2641 5537 2801 5594 Forte
2830 5538 3165 5612 ὲγχρονίσας.
3202 5534 3268 5591 Et
3329 5550 3452 5589 mox
3481 5532 3546 5591 8.-

1986 5610 2199 5681 γνωστα
2225 5627 2325 5682 μω
2350 5610 2505 5679 ἔγνω.
