3972 6212
409 334 505 394 571

1328 343 1386 402 s.
1428 339 1756 402 neruoou
1788 305 2104 403 Emscort
2148 345 2234 402 ET
2279 343 2638 402 ιιΑιιτγιιιε

3541 339 3656 402 372

407 453 746 513 circulorum
785 455 990 513 mundi.
1022 453 1247 530 Propter
1281 468 1356 528 te,
1386 477 1450 518 ac
1481 463 1856 518 intemeratam
1892 461 1978 517 Dei

2088 482 2198 528 νος,
2232 465 2306 529 ὡς
2333 465 2499 528 τύπος
2527 462 2935 534 ἀψευδέστατός,
2964 459 3022 518 τδ
3055 463 3188 536 πρὸς
3221 461 3426 534 ἡμέραν
3455 463 3652 532 τρεπό-

409 549 576 607 Verbi
603 567 669 608 ex
716 559 769 608 te
800 563 1138 623 assumptant
1179 570 1422 620 carnem,
1455 557 1867 610 immutabiliter
1896 557 1983 610 in-

409 642 694 714 diviseque
724 644 776 696 in
797 644 914 714 ipso
939 645 994 698 in
1027 654 1343 716 perpetuum
1374 656 1818 715 permanentem;
1851 663 1987 702 urna

413 735 503 790 illa
537 750 702 790 aurea
742 735 822 799 '°,
863 746 1117 807 tanquam
1153 739 1497 794 certissimus
1540 747 1721 810 typus,
1755 755 1984 806 manna,

413 827 559 898 quod
592 828 794 899 alioqui
843 845 938 899 per
983 829 1124 884 diem
1176 830 1575 895 invertebatur,
1625 833 1678 885 in
1717 848 1776 887 se
1831 832 1985 901 ipsa,

411 919 636 974 minime
671 926 973 982 mutatum,
1023 920 1116 976 sed
1169 922 1294 977 totis
1347 924 1559 979 saeculis
1623 939 1984 994 permanens,

412 1012 800 1067 conservabat.
841 1011 970 1067 Tua:
1011 1011 1174 1068 etiam
1211 1017 1478 1072 castitatis
1521 1016 1782 1086 prarscius
1825 1024 1987 1087 atque

416 1103 656 1158 imitator
690 1103 744 1157 in
779 1105 972 1174 spiritu
1026 1103 1172 1161 Elias
1232 1107 1494 1178 propheta
1542 1107 1622 1172 ⁸⁸,
1662 1107 1785 1162 vitae
1841 1107 1987 1163 illius

413 1195 656 1266 ignifera:
707 1196 806 1251 sibi
837 1195 1103 1251 redimivlt
1133 1213 1390 1253 coronam
1415 1199 1490 1266 θ’,
1517 1198 1780 1255 hactenus
1804 1199 1987 1254 divino

415 1286 675 1359 sull'ragio
725 1287 1034 1342 declaratus
1080 1297 1254 1345 morte
1284 1290 1550 1360 superior.
1590 1289 1666 1345 Te
1714 1285 1988 1345 nihil'omi-

413 1396 518 1436 nus
541 1380 662 1450 ejus
686 1395 974 1438 successor
1009 1379 1234 1438 Elisaeus
1265 1383 1332 1447 ³³,
1367 1382 1614 1437 initiante
1651 1381 1986 1454 docenteque

413 1474 661 1543 sapiente
681 1474 966 1544 magistro,
994 1489 1094 1528 ceu
1129 1491 1367 1545 praesens
1395 1475 1616 1530 adesses
1641 1515 1656 1540 ,
1699 1491 1819 1546 qua:
1858 1491 1987 1531 nec-

411 1563 540 1617 dum
571 1579 716 1628 eras,
747 1563 1138 1636 praeﬁgurans;
1164 1567 1338 1623 certis
1367 1584 1548 1623 rerum
1593 1585 1713 1640 quae
1747 1583 1870 1622 vere
1905 1584 1986 1623 es-

411 1664 535 1710 sent
574 1655 767 1712 futurae
800 1658 1076 1715 indicibus
1107 1660 1300 1730 signis,
1326 1661 1588 1714 auxilium
1633 1659 1986 1715 medicinam-

411 1763 518 1818 que
566 1748 970 1818 indigentibus,
1017 1751 1210 1822 majori
1251 1767 1418 1823 supra
1463 1764 1717 1808 naturam
1746 1751 1978 1810 virtute.

2094 573 2252 627 μενον
2291 558 2386 610 καὶ
2423 555 2798 627 ἀλλοιούμενον
2829 557 3020 628 μάννα,
3053 557 3318 627 ἄτρεπτον
3347 555 3438 607 καὶ
3475 554 3661 607 διαιω-

2087 642 2230 714 νίζον
2258 648 2400 702 ἔνδον
2431 648 2601 718 αὐτῆς
2625 648 2959 716 διεφύλαττε.
2990 649 3102 717 Τῆς
3130 648 3225 718 σῆς
3252 646 3470 716 ἁγνείας
3501 647 3597 700 καὶ
3628 647 3658 698 ὸ

2088 742 2369 812 προφήτης
2407 738 2590 804 Ἠλίας
2632 737 2939 812 προθεωρδς
2985 740 3078 793 καὶ
3116 737 3356 810 ζηλωτὴς
3400 739 3662 808 ὑπάρχων

2085 835 2171 888 διὰ
2209 834 2302 888 τοῦ
2351 832 2680 904 Πνεύματος,
2729 830 3005 904 πυρφόρου
3054 831 3322 893 πολιτείας
3365 831 3665 899 ἀνεδήσατο

2089 919 2367 990 στέφανον,
2408 922 2669 993 κρείττων
2710 920 2931 976 Θανάτου
2974 917 3297 990 ἀναδειχθεὶς
3335 919 3456 990 θείᾳ
3494 919 3664 990 ψήφῳ

2087 1014 2213 1086 ἄχρι
2239 1016 2336 1086 τῆς
2367 1013 2542 1087 δεῦρο.
2580 1015 2646 1068 Σὲ
2689 1013 2780 1068 καὶ
2803 1016 2830 1066 ὁ
2864 1013 3050 1068 τούτου
3081 1013 3318 1084 διάδοχος
3364 1013 3667 1076 Ἐλισσαῖος

2087 1105 2236 1176 παρὰ
2289 1104 2452 1174 σοφοῦ
2496 1104 2814 1168 διδασκάλου
2852 1102 3096 1174 μυηθεὶς,
3133 1103 3227 1155 καὶ
3267 1102 3342 1165 ὡς
3383 1100 3668 1172 παροῦσαν

2085 1197 2181 1270 τὴν
2229 1199 2394 1269 μήπω
2437 1193 2599 1251 οὖσαν
2649 1195 3044 1270 προδιατυπῶν,
3083 1193 3372 1266 ὑπερφυῶς
3417 1195 3526 1257 τοῖς
3576 1211 3667 1246 τε-

2087 1289 2340 1362 κμηρίοις
2369 1288 2478 1342 τῶν
2515 1288 2782 1360 ἀληθινῶν
2808 1287 2903 1351 τάς
2937 1286 3256 1357 ἐπικουρίας
3292 1281 3524 1338 ἐποιεῖτο
3555 1285 3666 1336 τῶν

2085 1381 2379 1452 δεομένων·
2418 1381 2494 1452 πῆ
2527 1383 2624 1452 μὲν
2653 1381 2718 1434 δι’
2747 1381 2931 1452 ὑδρίας
2960 1381 3172 1450 καινῆς,
3205 1382 3298 1433 καὶ
3325 1379 3451 1442 τοὺς
3482 1381 3665 1431 νοστίο

2090 1491 2220 1544 μους
2250 1473 2479 1546 ἐχούσης
2510 1473 2662 1537 ἃλας,
2693 1473 2761 1526 τὰ
2787 1473 3081 1544 φθοροποιά
3109 1472 3276 1526 ὕδατα
3308 1471 3552 1543 ίὼμενος,
3583 1473 3666 1535 είς

2086 1565 2306 1633 ἔνδειξιν
2350 1567 2442 1620 τοῦ
2477 1566 2870 1638 άνασιρήλοντος
2907 1563 3017 1637 (68)
3058 1565 3260 1635 κόσμου
3298 1563 3384 1616 διὰ
3427 1563 3521 1616 τοῦ
3568 1562 3664 1616 ἐπὶ

2086 1659 2168 1711 σοὶ
2203 1657 2527 1728 μυστηρίου·
2567 1658 2640 1729 πῆ
2669 1657 2726 1710 δὲ
2760 1655 2974 1728 ἀλεύρῳ
3002 1655 3212 1726 άζύμῳ,
3243 1654 3458 1724 λοχείας
3491 1653 3664 1706 ἀσπό-

2088 1765 2180 1821 ρου
2218 1749 2508 1820 ἀντιτύπῳ,
2544 1747 2772 1803 Θανάτου
2806 1748 3029 1820 πικρίαν
3060 1745 3395 1800 ἀναστέλλων
3424 1744 3530 1798 ἀπὸ
3552 1743 3669 1796 τῶν

412 1841 745 1896 adhibebat:
784 1859 929 1897 nunc
975 1844 1192 1913 quidem
1241 1860 1336 1915 per
1382 1860 1576 1898 novam
1629 1842 1874 1916 hydriam
1907 1841 1978 1908 ⁸⁸,

2085 1839 2391 1910 ἐδωδίμων·
2421 1840 2606 1895 ἄλλοτε
2646 1840 2702 1894 δὲ
2734 1843 2848 1904 τοῖς
2893 1838 3189 1911 ὑπερφυέσι
3223 1838 3289 1891 τά
3327 1837 3466 1890 κατά
3499 1835 3666 1904 φύσιν

412 1933 599 2003 salque
628 1935 865 1989 salutare
907 1935 959 1988 in
998 1951 1056 1990 se
1105 1936 1504 2002 continentem,
1538 1952 1706 2008 aquas
1736 1935 1986 1992 exitiales

413 2042 616 2080 sanans
647 2045 662 2081 :
699 2026 764 2080 ad
805 2028 1219 2094 ostendendum,
1252 2045 1373 2085 esse
1413 2032 1766 2085 recreandum
1818 2044 1981 2082 mun-

411 2117 563 2180 dum,
591 2133 688 2186 per
717 2126 1117 2172 sacramentum
1141 2118 1194 2172 in
1223 2126 1276 2174 te
1303 2119 1607 2174 exhibitum
1638 2138 1649 2172 :
1687 2117 1850 2172 modo
1885 2132 1983 2170 au-

410 2224 552 2273 tem,
599 2207 774 2263 farina
823 2225 1008 2280 azyma
1045 2211 1128 2275 ⁸³,
1177 2219 1366 2280 partus
1416 2211 1494 2264 tui
1553 2217 1673 2265 satu
1725 2209 1984 2262 immunis

412 2309 540 2372 typo
580 2301 940 2372 respondente
963 2341 976 2365 ,
1015 2305 1208 2356 mortis
1239 2302 1591 2356 acerbitatem
1623 2317 1653 2354 a
1686 2300 1822 2356 cibis
1855 2315 1983 2371 pro-

410 2392 605 2465 ﬂigans
665 2415 677 2449 :

2089 1931 2394 2004 ὐπερνικῶν
2425 1933 2484 1986 ὲν
2505 1933 2582 2004 τῷ
2621 1933 2880 2006 Ἰορδάνῃ,
2907 1933 2999 1986 καί
3023 1931 3108 1984 διὰ
3135 1930 3334 1984 τούτων
3367 1931 3463 2000 τὴν
3492 1929 3666 1983 κατά-

2087 2027 2233 2082 δυσιν
2284 2027 2375 2080 τοῦ
2431 2029 2632 2100 Κυρίου
2683 2029 2838 2100 ἡμῶν
2891 2031 2968 2092 είς
3010 2028 3176 2099 ᾅδην,
3219 2027 3311 2081 καὶ
3359 2026 3664 2098 παράδοξον

2087 2120 2382 2192 ἀνάρρυσιν
2415 2119 2523 2174 τῶν
2553 2122 2610 2174 ἐν
2643 2120 2815 2192 φθορᾷ
2865 2119 3239 2190 κατεχομένων
3297 2117 3662 2189 προῖστορῶν.

2089 2208 2270 2263 Πάντα
2307 2209 2415 2280 γὰρ
2444 2203 2588 2261 εἶχόν
2626 2225 2684 2262 τε
2731 2211 2824 2262 καὶ
2863 2210 3170 2263 ὐπέκυπτον
3213 2211 3278 2280 τῇ
3327 2211 3392 2279 σῇ
3430 2207 3549 2278 θεία
3581 2210 3665 2261 εξ-

2088 2299 2202 2351 κόνι
2227 2298 2582 2369 ἐκνικώμενα.

735 2411 1128 2466 nonnunquam
1171 2395 1404 2466 denique
1449 2397 1613 2450 rebus
1670 2411 1836 2465 supra
1886 2404 2171 2457 naturam,
2226 2410 2346 2464 qua”:
2391 2403 2604 2449 natura:
2667 2401 3032 2450 consentanea
3074 2404 3256 2451 essent
3307 2395 3360 2449 in
3413 2393 3658 2451 Iordane

410 2486 610 2541 eximie
642 2502 907 2556 superans
953 2486 1034 2552 ‘5;
1081 2501 1254 2556 eoque
1288 2485 1500 2539 Domini
1563 2486 1617 2539 in
1678 2485 1945 2539 infernum
1979 2483 2324 2548 descensum,
2369 2483 2781 2553 mirabilemque
2822 2491 2875 2538 et
2915 2484 3246 2554 inopinatam
3337 2499 3527 2538 eorum
3561 2483 3658 2553 qui

411 2579 467 2632 in
523 2580 873 2649 corruptione
926 2579 1298 2634 detinerentur
1367 2578 1740 2632 liberationem
1796 2577 2156 2649 prmsignans.
2214 2575 2348 2630 Nam
2413 2584 2697 2633 cesserunt
2766 2577 2982 2643 omnia,
3039 2586 3250 2649 tuasque
3302 2577 3378 2632 illi

409 2675 631 2746 imagini
662 2675 1028 2745 exprimenda:
1063 2674 1287 2744 imparia
1318 2674 1746 2729 succubuerunt.
1833 2678 1843 2689 '

483 2769 549 2824 Χ.
583 2768 725 2835 Quid
757 2784 884 2824 vero
906 2768 1085 2825 adhuc
1114 2770 1384 2824 sermonis
1404 2769 1645 2823 habenas
1675 2769 1841 2823 variis
1871 2767 1980 2823 illis

410 2859 892 2918 informationibus
932 2860 1122 2915 laxans
1153 2859 1544 2928 involvensque
1574 2864 1628 2913 et
1658 2857 1942 2927 implicans
1962 2895 1979 2921 ,

407 2953 712 3009 orationem
763 2953 819 3007 in
868 2953 1087 3022 longum
1134 2951 1426 3030 protraho;
1475 2966 1538 3006 ac
1575 2954 1660 3006 vel
1708 2950 1978 3014 maxime,

409 3061 536 3101 cum
571 3044 747 3102 instar
791 3045 1057 3099 columnae
1101 3045 1279 3115 palam
1323 3043 1496 3099 oculis
1538 3042 1791 3113 objecta,
1833 3041 1887 3095 in
1929 3047 1981 3095 te

3457 2577 3662 2633 divina:

2159 2767 2212 2819 l'.
2251 2767 2358 2820 Καὶ
2387 2767 2438 2819 τί
2466 2767 2544 2820 ἔτι
2578 2768 2924 2840 περιπλέκων
2961 2766 3184 2839 μηκύνω
3215 2766 3306 2820 τὸν
3335 2767 3513 2836 λόγον,
3541 2767 3660 2831 τοῖς

2089 2858 2347 2922 ποικίλοις
2410 2861 2792 2932 προγράμμοις
2844 2861 3129 2930 ἐπαφήσας
3198 2857 3290 2912 τοῦ
3341 2858 3498 2926 λόγου
3554 2857 3661 2921 τὰς

2088 2951 2264 3020 ἡνίας,
2288 2951 2382 3004 καὶ
2414 2953 2647 3022 μάλιστα
2680 2953 2787 3025 πρὸ
2816 2952 3106 3023 ὀφθαλμῶν
3132 2949 3512 3022 ἐστηλωμένης
3541 2949 3657 3021 (69)

2086 3045 2183 3116 τῆς
2222 3042 2313 3096 ἐπὶ
2349 3043 2428 3096 σοὶ
2457 3043 2766 3114 ἀτρεκείας,
2873 3044 2964 3098 καὶ
2991 3043 3400 3116 κατατρυφῆσαι
3430 3043 3658 3114 ἄμεινον

408 3135 613 3190 veritas
645 3140 848 3204 pateat,
885 3134 939 3187 in
973 3147 1079 3202 qua
1111 3134 1256 3188 velut
1285 3131 1580 3187 elnxuriari
1616 3129 1978 3199 delectarique

2084 3137 2177 3190 καὶ
2205 3133 2684 3206 ὲπικερδέστερον;
2711 3134 3029 3207 Τοιγαροῦν,
3053 3135 3260 3206 χαίρειν
3293 3134 3506 3206 φράσας
3539 3137 3659 3199 τοῖς

408 3226 726 3299 praestiterit
756 3240 820 3280 ac
857 3225 1198 3281 commodius
1227 3224 1430 3279 fuerit?
1456 3224 1634 3292 Quare
1662 3234 1978 3279 sanctorum

409 3317 654 3373 omnium
688 3333 784 3388 per
806 3332 998 3372 omnes
1027 3318 1407 3388 generationes
1431 3357 1446 3382 ,
1484 3316 1825 3387 spiritalibus
1855 3330 1981 3370 nar—

407 3410 716 3466 rationibus
749 3410 1017 3479 factisque
1045 3409 1374 3480 prodigiosis
1404 3409 1583 3464 valere
1609 3401 1802 3478 jussis,
1837 3407 1904 3462 ad
1929 3421 1980 3462 te

409 3502 535 3558 festi
569 3502 732 3572 hujus
762 3501 997 3556 convivii
1028 3503 1176 3556 velut
1209 3501 1422 3555 clavum
1447 3541 1461 3566 ,
1506 3516 1538 3554 o
1583 3500 1795 3556 llorenti
1834 3515 1979 3556 sem--

407 3607 505 3665 per
545 3591 790 3648 habenda
815 3592 1074 3648 memoria
1097 3632 1114 3656 ,
1150 3592 1348 3662 dirigo.
1380 3592 1669 3648 Benedicta
1707 3600 1762 3646 ιιι
1781 3634 1805 3660 ,ι
1823 3607 1977 3661 pror-

407 3698 505 3739 sus
545 3682 830 3738 benedicta
870 3682 1236 3751 omnibusque
1270 3681 1665 3736 desiderabilis.
1707 3681 1766 3734 ln
1809 3681 1974 3734 bene-

407 3773 745 3828 dictionibus
802 3771 1017 3827 Domini
1077 3787 1276 3827 nomen
1334 3783 1520 3837 tuum,
1577 3771 1758 3827 divina
1802 3771 1976 3841 gratia

406 3866 786 3936 plenissimum
813 3881 876 3921 ac
906 3882 1119 3921 summe
1157 3864 1267 3921 Deo
1292 3867 1590 3936 gratiosum
1612 3907 1628 3933 ,
1652 3863 1746 3919 Dei
1779 3863 1975 3927 Mater,

405 3974 637 4029 quaeque
661 3966 756 4013 tuo
799 3958 917 4028 ipsa
959 3956 1248 4027 splendore
1282 3957 1536 4014 ﬁdelibus
1568 3957 1748 4012 lumen
1788 3956 1978 4026 prtere-

403 4068 517 4108 ras.
548 4051 630 4106 Tu
671 4051 1106 4120 circumscriptio
1127 4090 1141 4114 ,
1185 4057 1245 4104 ut
1277 4049 1350 4104 ita
1380 4050 1558 4106 dicam
1581 4090 1595 4114 ,
1627 4049 1746 4119 ejus
1770 4049 1861 4120 qui
1892 4057 1978 4103 est

405 4136 1042 4206 incircmnscriptibilis:
1079 4137 1236 4192 radix
1262 4136 1412 4194 lloris
1449 4137 1841 4207 speciosissimi
1875 4139 1920 4170 ⁸⁷
1959 4157 1970 4191 :

406 4223 578 4280 Mater
610 4225 988 4293 plasmatoris:
1027 4225 1219 4281 altoris
1244 4228 1430 4282 nutrix
1457 4245 1472 4283 :
1502 4228 1621 4296 ejus
1648 4229 1971 4299 complexio,

403 4317 497 4383 qui
555 4315 738 4370 omnia
778 4316 1068 4385 complecti
1115 4316 1280 4372 habet
1324 4337 1336 4373 :
1395 4327 1622 4388 portans
1661 4335 1784 4375 eum
1811 4359 1826 4384 ,
1883 4322 1976 4387 qui

403 4402 566 4456 verbo
594 4413 772 4472 portat
812 4408 991 4460 omnia
1021 4407 1066 4438 ⁸⁸
1091 4426 1106 4461 :
1136 4417 1328 4477 porta,
1367 4425 1465 4479 per
1505 4425 1666 4479 qttam
1715 4410 1858 4466 Deus
1915 4411 1968 4464 in

2078 3227 2187 3281 τῶν
2223 3227 2392 3294 ἁγίων
2419 3226 2560 3280 κατὰ
2598 3229 2776 3281 πᾶσαν
2815 3226 3007 3296 γενεάν
3040 3230 3422 3298 πνευματικοῖς
3457 3227 3655 3297 διηγὴ-

2083 3337 2212 3390 μασι
2236 3319 2329 3372 καὶ
2357 3321 2858 3391 τερατουργήμασιν
2877 3359 2890 3383 ,
2926 3319 3017 3372 ἐπὶ
3042 3319 3101 3372 σὲ
3136 3319 3354 3390 μετάγω
3385 3320 3512 3382 τοὺς
3549 3318 3655 3388 τῆς

2079 3413 2310 3482 εὐωχίας
2342 3413 2570 3475 οίακας,
2605 3411 3131 3483 παντομνημόνευτε.
3175 3411 3524 3483 Εὐλογημένη
3559 3412 3651 3474 σὺ,

2080 3502 2475 3575 παντευλόγητε
2517 3505 2610 3557 καὶ
2647 3506 2781 3557 πᾶσι
2815 3503 3035 3576 ποθητέ.
3081 3505 3198 3557 Ἐπ’
3225 3503 3495 3572 εὐλογίαις
3532 3504 3651 3556 Κυ-

2082 3596 2194 3668 ρίου
2224 3595 2282 3650 τδ
2315 3595 2769 3667 Θεοχαριτὼτατόν
2799 3613 2891 3650 σου
2923 3596 3113 3668 ὄνομα,
3139 3595 3519 3667 Θεογεννήτωρ
3553 3596 3651 3647 καὶ

2076 3688 2298 3759 δᾳδοῦχε
2326 3687 2434 3742 τῶν
2465 3688 2689 3742 πιστῶν.
2722 3689 2786 3742 Ἠ
2829 3688 3165 3761 περιγραφή,
3201 3689 3267 3741 ἶν’
3289 3686 3461 3750 οὕτως
3486 3687 3650 3750 εἴπω,

2074 3781 2168 3833 τοῦ
2210 3781 2646 3851 ἀπεριγράπτου·
2681 3782 2714 3850 ἡ
2762 3779 2886 3850 ῥίζα
2919 3778 3012 3833 τοῦ
3047 3779 3378 3850 ὼραιοτάτου
3419 3777 3647 3840 ἄνθους·

2075 3873 2108 3942 ἡ
2142 3872 2338 3944 Μήτηρ
2381 3870 2473 3923 τοῦ
2514 3870 2811 3938 πλάσαντος
2833 3889 2845 3901 ·
2877 3873 2910 3942 ἠ
2946 3870 3098 3941 τιτθὴ
3123 3869 3214 3924 τοῦ
3239 3871 3567 3941 τρέφοντος·
3614 3870 3648 3940 ἡ

2077 3962 2304 4033 περιοχὴ
2351 3960 2447 4015 τοῦ
2483 3962 2859 4034 περιέχοντος·
2904 3967 2936 4033 ἡ
2977 3963 3214 4033 φέρουσα
3257 3962 3347 4014 τὸν
3389 3961 3652 4030 φέροντα

2078 4053 2282 4124 ῥήματι
2311 4053 2382 4108 τὰ
2430 4052 2712 4125 πάντωή
2756 4053 2897 4125 πῦλη
2941 4055 3037 4125 τῆς
3067 4055 3124 4107 ἐν
3170 4054 3332 4125 σαρκὶ
3378 4049 3650 4121 ἀνατολῆς

2075 4143 2168 4197 τοῦ
2218 4143 2384 4198 Θεοῦ·
2437 4145 2470 4215 ἡ
2515 4145 2672 4209 λαδὶς
2719 4145 2811 4199 τοῦ
2867 4143 3196 4216 καθαρτικοῦ
3255 4144 3557 4214 ἄνθρακος·
3615 4142 3646 4195 ὁ

2077 4231 2279 4304 βραχὺς
2331 4235 2528 4298 κόλπος
2576 4235 2670 4288 τοῦ
2717 4236 2934 4289 πάντων
2989 4235 3222 4288 κόλπου·
3257 4233 3287 4286 ὁ
3329 4232 3497 4295 πόκος
3544 4231 3646 4301 τῆς

2075 4324 2458 4397 άκαταλήπτου
2511 4325 2702 4398 δρόσου
2743 4326 2887 4396 (70)·
2936 4327 2964 4379 ό
3009 4325 3109 4394 τῆς
3155 4322 3448 4392 ἐπιθυμίας
3481 4321 3649 4375 Δαδὶδ

2075 4413 2334 4486 ζωοδόχος
2389 4416 2500 4488 (7i)
2535 4417 2734 4480 λάκκος
2791 4417 2888 4488 τῆς
2920 4416 3196 4487 Βηθλεὲμ,
3251 4414 3342 4484 ἀφ’
3380 4407 3442 4466 οὐ
3492 4413 3647 4483 πόμα

399 4508 564 4548 carne
596 4493 772 4547 oritur
798 4496 865 4559 ⁸³,
901 4497 1115 4566 forceps
1150 4498 1408 4554 carbonis
1446 4500 1594 4554 illius
1633 4501 1872 4570 purgarii
1899 4501 1965 4565 '°,

2084 4503 2368 4568 ἀθανασίας
2402 4505 2652 4570 ὲξέϐλυσε
2673 4523 2685 4535 ·
2716 4502 2775 4558 τὺ
2808 4505 3117 4576 ἱλαστήριον
3146 4501 3205 4568 ἐξ
3231 4499 3290 4558 οὗ
3315 4503 3446 4566 Θεὸς
3475 4499 3650 4569 ὲγνώ-

400 4584 557 4642 sinus
587 4584 818 4655 exiguus
841 4587 1091 4643 immensi
1124 4590 1368 4644 omnium
1405 4590 1559 4645 sinus
1580 4631 1595 4655 ,
1627 4591 1800 4645 vellus
1826 4592 1968 4645 roris

396 4677 546 4734 illius
589 4676 1158 4750 incomprehensibilis
1189 4681 1267 4748 ",
1318 4681 1473 4737 lacus
1514 4682 1602 4736 ille
1649 4680 1961 4735 Bclbleltcm

468 4833 515 4868 “
557 4833 690 4890 Heb.
732 4851 826 4906 Ix,
866 4837 920 4889 4.
1019 4837 1060 4868 ⁸¹
1104 4834 1189 4906 ιν,
1219 4833 1342 4906 Reg.
1385 4851 1448 4900 tt,
1490 4835 1578 4906 ll.

396 4992 449 5031 γι
471 5015 485 5041 ,
527 4977 615 5032 57.

488 5134 577 5206 68)
620 5133 1118 5206 Ἂνασφήλονιςος.
1151 5133 1312 5190 Forte
1340 5134 1763 5206 ἀνασφήλαντος.

489 5202 578 5273 69)
609 5207 727 5273 Πρὸ
763 5202 1083 5275 ὀφθαλμῶν
1111 5202 1551 5273 ἐστηλωμέιᾝς.
1593 5202 1751 5275 Velut
1780 5210 1960 5256 erecta

395 5274 670 5345 prepalam
703 5277 757 5332 in
787 5274 1006 5330 modum
1041 5277 1324 5335 columnaz,
1353 5291 1420 5328 ne
1447 5291 1604 5345 quem
1640 5274 1804 5326 latere
1839 5289 1964 5342 pos-

393 5347 480 5398 sit.
512 5345 695 5417 Altera
711 5346 1053 5417 signiﬁcatio,
1074 5357 1133 5402 ut
1161 5347 1243 5410 τὸ,
1272 5345 1650 5417 ὲστηλωμένης
1671 5345 1745 5399 sit-
1768 5345 1965 5413 con/iro

395 5425 561 5469 mata.
587 5415 800 5470 videtur
821 5418 999 5472 minus
1028 5417 1334 5471 commoda.

464 5482 575 5553 (70)
611 5485 721 5552 Τῆς
740 5486 1165 5551 ἁκαταλήπτου
1185 5488 1427 5556 δρόσου.
1457 5484 1626 5554 Cujus
1651 5485 1964 5556 mysterium

395 5563 634 5628 nequeat
678 5558 812 5611 satis
864 5559 1116 5628 perspici.
1175 5557 1476 5628 Pantinus.
1521 5557 1962 5626 impercrptibilis,

393 5625 537 5693 quod
569 5624 748 5679 minus
781 5624 1032 5695 quadrat.
1065 5627 1232 5683 Plane
1271 5629 1414 5683 enim
1457 5627 1558 5681 fuit
1596 5624 1685 5681 ros
1719 5628 1807 5681 ille
1842 5644 1964 5695 per-

392 5695 686 5770 ceptibilis,
716 5697 810 5763 qui
836 5711 1129 5770 expressus
1161 5699 1378 5764 vellere,
1423 5699 1665 5770 lagenam
1703 5713 1840 5768 aqua
1875 5698 1980 5752 im-,

391 5767 574 5837 Novit,
609 5767 795 5837 utique
827 5766 1090 5822 sensibili.
1477 5766 1498 5770 ν
1754 5766 1769 5768 -
1987 5767 1991 5772 -

1655 4835 1700 4866 θ’
1744 4833 1908 4887 Ecclt’.
1962 4851 2146 4901 XLVIII,
2191 4839 2241 4891 1.

395 4922 472 4971 tv,
511 4905 604 4978 ξι.
679 4907 727 4938 ⁸⁸
767 4905 835 4962 IV
869 4906 992 4978 Reg.
1048 4923 1100 4960 ν.
1177 4905 1220 4939 ⁸⁷
1261 4903 1372 4963 lia.
1412 4922 1491 4970 ιι,
1533 4905 1582 4960 1.
1660 4903 1706 4937 ³⁸
1748 4905 1908 4959 llcbr.
1953 4921 1978 4958 ι.

2084 4952 2086 4960 ,
2169 4909 2212 4940 ⁸⁸
2251 4908 2442 4965 Ezech.
2485 4903 2651 4976 ιιιιῐ,
2692 4911 2783 4966 Ill.
2857 4913 2902 4943 ⁹⁰
2971 4910 3088 4966 Isa.
3129 4927 3218 4977 v1,
3258 4909 3314 4965 6.

2078 4593 2174 4664 σΘη
2207 4594 2510 4665 ἀνθρώποις
2556 4594 3062 4668 ἀνθρωπομόρφως·
3099 4595 3160 4648 τὸ
3189 4592 3414 4648 ἄσπιλον
3441 4592 3645 4661 ἔνδυμα

2073 4685 2178 4739 τοῦ
2204 4687 2691 4758 ἀναϐαλλομένου
2725 4687 2851 4757 φῶς
2872 4688 2951 4753 ὡς
2976 4686 3221 4756 ἱμάτιον.
3258 4686 3322 4739 Ἦ
3353 4684 3643 4740 δανείσασα

2345 4837 2491 4910 l"tv
2530 4838 2651 4910 Reg.
2723 4856 2780 4896 ιι.
2860 4841 2905 4873 ει
2944 4840 3070 4894 ibid.
3130 4841 3219 4895 eo.
3271 4840 3352 4910 ,⁸³
3393 4838 3467 4892 ιν
3507 4835 3639 4910 Βεσ-

3419 4911 3463 4942 ⁹¹
3503 4905 3640 4962 Iud.

2139 5136 2249 5206 (7t)
2281 5136 2605 5205 Ζωοᾶόχος.
2651 5135 2756 5190 Sen
2805 5137 2926 5190 vitae
2967 5136 3447 5206 conceptaculum;
3485 5136 3540 5189 in
3573 5149 3642 5206 eo

2070 5205 2250 5259 Mariae
2271 5207 2598 5275 symbolum.
2635 5223 2756 5276 quae
2785 5208 2948 5263 vitam
2986 5205 3230 5265 illamad
3258 5223 3358 5262 nos
3396 5205 3640 5276 peregri-

2069 5286 2305 5338 nantem,
2347 5292 2444 5331 ceu
2478 5276 2694 5344 hospitii
2726 5277 2871 5345 jure,
2924 5279 3084 5330 etiam
3133 5286 3293 5333 utero
3347 5278 3634 5345 suscepit:

2070 5362 2230 5416 quam
2263 5348 2381 5415 ejus
2416 5349 2844 5417 praerogativam,
2879 5347 2933 5400 in
2958 5347 3159 5400 Martha
3197 5347 3482 5401 Dominum
3505 5361 3635 5416 sus:

2071 5417 2303 5488 gipiente
2339 5418 2392 5471 in
2427 5431 2578 5472 suam
2633 5417 2883 5479 domum,
2925 5418 3012 5472 die
3053 5418 3395 5488 migrationis
3437 5417 3633 5488 ipsius,

2070 5485 2309 5541 Ecclesia
2357 5497 2543 5541 sancte
2593 5489 2803 5542 recolit.
2854 5485 3153 5550 Pantinusf
3183 5489 3440 5556 viri/iras,
3477 5485 3634 5556 quod

2069 5558 2250 5679 potius
2281 5567 2424 5612 esset
2447 5556 2729 5629 ζωοδότης.
2756 5557 2927 5612 Simili
2949 5558 3188 5628 epitheto
3217 5555 3376 5627 paulo
3405 5555 3636 5638 inferius

2115 5644 2376 5679 nneonem
2431 5637 2619 5679 ornat.
2670 5630 2946 5679 appellans
3003 5627 3246 5679 θεοδόνον
3297 5627 3633 5679 ποεσὸυτην.

2115 5628 2376 5700 ἰιιιροηριιι
2431 5637 2619 5691 ornat,
2668 5626 2946 5698 appellans
2985 5626 3246 5699 ‘Oeoééxov
3297 5626 3633 5700 πρεσϐύτην,

2069 5715 2236 5754 senem
2273 5699 2368 5755 Dei
2395 5709 2758 5768 susceptorem.
