3962 6204
287 291 394 346 373

1343 280 1575 338 SERMO
1613 280 1701 335 DE
1736 276 2034 336 SIMEONE
2074 277 2158 331 ΕΤ
2196 275 2401 331 ANNA.

3417 275 3518 330 3'14

289 405 412 478 Θεῷ
458 403 534 475 τῷ
563 403 802 458 ἀνενδεεῖ
845 401 1022 474 σάρκα
1069 401 1246 472 ἥνπερ
1281 401 1383 453 ούκ
1433 395 1604 470 εἶχεν,
1652 399 1737 450 ἵνα
1764 392 1854 469 ᾖό

1963 391 2219 447 desiderii
2249 389 2416 444 David
2439 390 2482 421 "
2504 428 2521 454 ,
2565 391 2688 444 vitae
2711 396 2996 460 susceptor
3011 430 3029 455 ,
3051 404 3118 445 ex
3136 405 3243 460 quo
3267 393 3520 460 poculum

294 492 696 564 παντοδύναμος
729 494 866 565 ὅπερ
902 493 1191 565 ηὑδόκησε.
1227 491 1292 545 Τί
1331 490 1518 544 τούτου
1561 487 1856 560 περιφανέ-

1945 482 2386 561 _'lnmortalitati5
2407 481 2689 537 scaturivit
2715 500 2727 535 :
2762 481 3195 551 prepitiatorium
3226 483 3294 547 ",
3324 499 3387 537 ex
3414 500 3521 552 quo

295 602 520 658 στερονς
554 584 619 638 Τί
649 583 841 638 τούτου
871 584 1230 656 ὑψηλότερον;
1273 585 1330 637 '0
1368 583 1458 636 τὸν
1496 581 1721 652 οὐρανὸν
1765 580 1854 633 καὶ

1961 575 2134 644 Deus,
2191 576 2362 630 forma
2414 575 2685 640 humana,
2727 577 2908 646 generi
2949 577 3185 631 humano
3240 577 3519 631 innomit:

289 679 386 750 τὴν
423 677 530 746 γῆν
584 675 828 748 πληρῶν,
860 669 920 730 οῦ
970 676 1039 730 τά
1087 677 1375 747 σύμπαντα
1425 675 1711 745 κτήματα,
1763 672 1856 726 σοῦ

287 771 578 842 γεγένηται
637 771 882 842 ὲπιδεής·
936 772 1000 825 σὺ
1051 771 1159 842 γὰρ
1215 771 1488 834 ἐδάνεισας
1537 769 1656 840 Θεῷ
1708 769 1857 824 Θείαν

287 867 585 935 σάρκωσιν,
611 865 678 935 ἢν
707 864 806 917 ούκ
840 859 972 934 εἶχε.
1015 865 1086 917 Σὺ
1131 863 1468 934 ὲθωράκισας
1500 863 1590 916 τὸν
1635 862 1857 918 δυνατὸν

283 958 384 1026 τὴν
415 956 668 1026 εὐπρεπῆ
705 954 798 1008 τοῦ
835 953 1084 1024 σώματος
1112 955 1456 1024 παντευχίαν,
1495 955 1560 1008 δι’
1597 951 1665 1028 ἧς
1697 956 1857 1020 αὐτὸς

287 1048 384 1118 μὲν
418 1047 650 1117 ὀφθῆναι
673 1047 916 1118 χωρητὸς
937 1048 1058 1117 ἐμοὶ
1080 1046 1388 1118 δεδύνηται,
1421 1045 1531 1116 ἐγὼ
1558 1047 1614 1099 δὲ
1629 1047 1857 1118 εὐπροσ-

286 1140 414 1202 ίτως
447 1139 770 1209 ἀντωπῆσαι
819 1137 966 1209 αύτῷ
1008 1139 1284 1208 ἐνίσχυσα,
1329 1139 1394 1191 δι’
1429 1133 1495 1209 ἦς
1534 1139 1627 1190 καὶ
1661 1136 1857 1190 πάντα

281 1229 388 1282 τοῦ
424 1229 694 1296 πονηροῦ
720 1228 794 1282 τὰ
835 1229 1223 1298 πεπυρωμένα
1243 1230 1402 1296 ,βέλη
1433 1228 1852 1296 σϐεσθήσεται.

279 1315 456 1387 Εὖγε,
492 1316 619 1389 εὖγε
640 1360 654 1383 ,
683 1321 864 1392 μήτηρ
905 1320 1038 1373 Θεοῦ
1083 1321 1176 1374 καὶ
1205 1320 1385 1392 δούλη.
1422 1317 1590 1390 Εὖγε,
1633 1317 1790 1389 εὖγε,
1821 1323 1854 1392 η

278 1412 567 1482 ὑπόχρεων
605 1411 801 1482 ἔχουσα
824 1412 915 1466 τὸν
945 1411 1161 1465 πάντων
1189 1413 1490 1484 δανειστήν.
1524 1413 1728 1476 Πάντες
1757 1414 1854 1482 μὲν

276 1501 398 1573 Θεῷ
426 1504 810 1574 ὲποφείλομεν,
840 1504 922 1557 σοὶ
951 1504 1009 1557 δὲ
1041 1505 1402 1574 ὲποφείλεται.
1444 1507 1500 1558 Ὀ
1531 1506 1640 1577 γὰρ
1663 1505 1851 1568 εἰπὼν,

281 1596 428 1662 Τίμα
480 1593 588 1648 τὸν
635 1595 859 1664 πατέρα
905 1611 1019 1649 σου
1076 1596 1174 1648 καὶ
1225 1595 1339 1664 τὴν
1381 1595 1628 1665 μητέρα,
1677 1595 1854 1666 πολλῷ

280 1687 486 1758 μᾶλλον
520 1687 682 1751 αὐτὸς
724 1691 782 1742 ὲν
812 1689 1019 1751 τούτοις
1061 1685 1408 1752 ἐξετάζεσθαι
1446 1688 1717 1761 ἐλόμενος,
1753 1707 1852 1758 φυ-

1958 669 2125 724 vestis
2153 669 2270 723 sine
2301 667 2673 737 macula,ejus
2693 669 2781 738 qui
2811 667 2979 722 induit
3004 667 3177 722 lumen
3205 669 3339 722 sicut
3369 669 3520 722 resti-

1960 771 2186 815 mentum
2222 760 2289 816 ".
2314 760 2393 813 Tu
2414 761 2617 816 nullius
2652 761 2913 832 indigenti
2953 759 3080 823 Deo,
3113 775 3331 815 carnem
3357 775 3522 830 quam

1959 867 2067 906 non
2101 851 2365 916 habebat,
2401 850 2642 906 fenerata
2669 868 2746 917 es,
2775 867 2882 922 qua
2914 853 3127 906 tandem
3175 855 3520 922 omnipotens

1957 943 2082 1014 ἤιε,
2117 942 2259 1012 quod
2286 942 2596 996 decreverat
2622 942 2736 998 ﬁeri
2760 983 2774 1008 ,
2810 944 2970 998 homo
3011 954 3176 998 esset.
3231 943 3370 1009 Quid
3418 944 3520 998 hoc

1958 1031 2331 1101 splendidius?
2379 1029 2519 1096 Quid
2568 1031 2669 1086 hoc
2721 1032 3048 1086 sublimius?
3089 1031 3192 1097 Qui
3237 1033 3438 1088 ctelum
3467 1039 3521 1087 et

1956 1134 2156 1178 terram
2190 1123 2376 1193 implet
2403 1123 2477 1184 ’⁸,
2524 1123 2684 1192 cujus
2725 1123 2948 1180 ditionis
2990 1132 3118 1180 sunt
3164 1140 3250 1179 res
3287 1141 3514 1188 omnes,

1958 1215 2032 1266 tui
2076 1213 2292 1283 indigus
2330 1212 2558 1268 eliicitur
2590 1233 2603 1268 :
2634 1213 2834 1284 quippe
2877 1213 2988 1270 Deo
3026 1215 3265 1271 fenerata
3293 1231 3352 1272 es
3393 1231 3520 1271 car-

1957 1319 2102 1367 nem,
2132 1319 2292 1374 qnam
2319 1320 2426 1358 non
2454 1305 2705 1361 habebat.
2739 1305 2818 1360 Tu
2845 1314 3118 1376 potentem
3151 1306 3298 1361 illum
3322 1309 3517 1363 decora

1956 1401 2204 1468 corporis
2231 1408 2507 1452 armatura
2536 1399 2794 1462 induisti,
2821 1415 2926 1470 qua
2957 1408 3010 1454 et
3032 1401 3078 1456 is
3104 1401 3234 1454 mibi
3275 1401 3518 1457 redditus

1955 1497 2039 1542 est
2079 1487 2254 1544 oculis
2295 1488 2676 1557 aspectabilis;
2724 1489 2944 1560 ipseque
3002 1497 3060 1544 ut
3095 1490 3262 1545 libere
3291 1491 3518 1545 intuitu-

1957 1595 2052 1634 rus
2074 1579 2280 1650 possim
2312 1579 2590 1643 accedere,
2617 1580 2820 1649 accepi,
2840 1596 2947 1650 qua
2969 1581 3130 1636 etiam
3187 1584 3364 1637 omnia
3387 1584 3518 1638 mali

1955 1674 2101 1726 illius
2133 1673 2298 1743 ignita
2331 1671 2432 1724 tela
2452 1673 2715 1742 exstingui
2742 1672 2929 1727 habent
2953 1675 3019 1729 ’°.
3048 1673 3212 1746 Euge,
3245 1691 3400 1746 euge,
3422 1675 3517 1732 Dei

273 1778 456 1844 λήξειε
502 1778 603 1849 τὴν
637 1779 796 1850 χάριν
830 1780 920 1831 καὶ
958 1779 1020 1832 τὸ
1064 1779 1191 1832 ίδιον
1225 1779 1398 1850 δόγμα
1435 1782 1499 1852 τῇ
1530 1780 1851 1854 διακονησα-

1955 1762 2124 1818 Mater
2156 1763 2481 1832 ancillaque.
2515 1761 2681 1832 Euge,
2706 1779 2864 1833 euge,
2898 1764 2984 1819 cui
3012 1765 3102 1820 ille
3132 1766 3373 1821 omnium
3403 1781 3517 1822 cre-

276 1869 416 1942 μένῃ
444 1869 546 1940 τὴν
580 1869 903 1941 αὐθαίρετον
940 1868 1210 1939 γέννησιν,
1235 1870 1328 1923 καὶ
1361 1869 1600 1934 δοξάσειε
1629 1870 1854 1943 Θεοπρε-

273 1960 412 2023 πῶς,
447 1962 518 2030 ῆν
559 1960 906 2031 ἐπεγράψατο
942 1961 1168 2031 ἀπάτωρ
1191 1960 1266 2024 ὡς
1313 1960 1569 2032 ἄνανδρον
1603 1963 1852 2034 Μητέρα.

275 2053 471 2104 Ἔσται
525 2053 701 2105 τοίνυν
739 2052 911 2105 ταῦτα
955 2052 1147 2116 οὕτως,
1183 2053 1352 2107 ἔσται.
1387 2055 1460 2106 Ού
1499 2054 1608 2125 γὰρ
1649 2054 1853 2125 κομψο-

269 2144 464 2206 επείας
483 2143 735 2214 ἀκάρπου
752 2144 800 2196 οί
821 2143 1216 2214 προσαχθέντες
1239 2162 1322 2197 σοι
1344 2147 1470 2217 παρ’
1495 2144 1647 2216 ἡμῶν
1671 2145 1850 2216 ὕμνοι,

268 2235 688 2302 παναγιώτατον
721 2237 812 2289 καὶ
843 2237 1168 2306 ἀξιάγαστον
1206 2237 1299 2291 τοῦ
1335 2237 1468 2292 Θεοῦ
1501 2239 1847 2310 ἐνδιαίτημαο

264 2327 376 2379 οὐδ’
405 2321 476 2378 αὖ
509 2326 784 2397 κοσμικῆς
809 2327 1154 2398 λογολεσχίας
1187 2329 1282 2381 xui
1302 2327 1724 2398 ψευδαρεσκείας
1754 2331 1850 2384 λα-

269 2417 630 2490 ρυγγίσματα
665 2421 695 2472 ὁ
726 2421 1090 2490 πνευματικός
1121 2439 1213 2474 σου
1245 2420 1432 2492 ὕμνος,
1469 2421 1848 2489 Θεούπαίνετε,

267 2509 361 2561 καὶ
394 2508 533 2561 Θεὸν
567 2508 764 2578 ἔχουσα
794 2510 1114 2580 ύπομάζιον,
1144 2511 1233 2564 τὸν
1279 2513 1394 2575 τοῖς
1437 2511 1644 2582 βροτοῖς
1677 2515 1850 2585 ἀρχὴν

264 2599 359 2653 τοῦ
393 2597 538 2653 εἶναι
583 2601 672 2654 διὰ
713 2603 1016 2672 γεννήσεως
1050 2603 1386 2674 παρέχοντα,
1436 2603 1550 2657 ἀλλ’
1587 2607 1850 2676 ἐναργοῦς

266 2692 554 2764 ἀληθείας.
600 2693 894 2762 Ἐπιλείψει
944 2694 1052 2765 γὰρ
1093 2697 1223 2766 ἡμῖν
1265 2695 1294 2748 ὁ
1351 2697 1538 2767 χρόνος
1593 2698 1686 2750 xui.
1729 2703 1849 2764 ταῖς

266 2785 570 2853 μετέπειτα
604 2787 832 2852 γενεαῖς,
861 2785 952 2838 τὸν
985 2787 1102 2838 κατ’
1125 2786 1279 2853 ἀξίαν
1311 2805 1392 2840 σοι
1421 2788 1707 2843 ἀποδοῦναι
1745 2808 1848 2861 μα-

265 2875 542 2946 καρισμὸν
575 2877 642 2946 τῇ
678 2876 859 2946 Μητρὶ
885 2875 988 2928 τοῦ
1021 2877 1324 2943 Βασιλέως
1353 2875 1468 2930 τῶν
1494 2877 1739 2943 αἰώνων,
1772 2880 1846 2945 ὥς

267 2983 370 3019 που
396 2968 566 3036 φησὶν
604 2967 632 3018 ό
662 2967 909 3044 ἀοίδιμος.
931 2970 1229 3040 προφήτης,
1264 2970 1333 3023 τὰ
1364 2972 1463 3042 τῆς
1502 2973 1599 3043 σῆς
1640 2974 1846 3027 ἀκατα-

268 3056 468 3128 ληψίας
514 3058 664 3128 ἡμᾶς
708 3058 1040 3112 ἐκπαιδεύων
1063 3076 1074 3088 ·
1119 3062 1209 3127 Ὡς
1256 3063 1445 3132 μέγας
1480 3068 1511 3119 ό
1545 3061 1709 3133 οἶκος
1736 3066 1841 3120 τοῦ

1952 1854 2116 1918 ditor,
2154 1853 2368 1909 debitor
2397 1855 2488 1910 sit.
2539 1853 2649 1909 Deo
2689 1855 2948 1911 debemus
2983 1871 3169 1912 omnes
3204 1877 3215 1912 :
3258 1858 3356 1914 tibi
3398 1860 3516 1929 ipse

1951 1943 2249 2000 obstrictus
2279 1952 2383 2000 est.
2413 1942 2542 1998 Nam
2577 1945 2667 2015 qui
2699 1945 2835 2000 dixit
2864 1964 2877 2000 :
2913 1945 3128 2001 llonora
3149 1957 3348 2016 patrem
3367 1959 3513 2004 tuum

1949 2046 1999 2092 et
2031 2048 2250 2090 matrem
2275 2037 2353 2101 ’⁷,
2387 2037 2545 2106 longe
2577 2035 2756 2106 potius
2781 2077 2796 2102 ,
2842 2037 3041 2094 talibus
3079 2039 3195 2109 ipse
3237 2043 3513 2096 accenseri

1951 2131 2171 2196 volens,
2208 2129 2437 2200 gratiam
2474 2131 2857 2202 propriamque
2891 2131 3005 2202 ipse
3035 2133 3202 2203 legem
3225 2174 3240 2197 ,
3292 2134 3346 2187 in
3391 2149 3512 2189 eam

1949 2230 2277 2294 servaverit,
2331 2244 2450 2298 qua;
2489 2229 2633 2284 ultro
2679 2235 3012 2296 assumptam
3041 2226 3142 2295 ipsi
3174 2225 3511 2280 nativitatem

1949 2324 2308 2391 ministravit;
2333 2338 2636 2394 quamque,
2669 2322 2785 2377 sine
2818 2326 3002 2389 patre,
3036 2318 3182 2373 velut
3209 2318 3328 2373 sine
3369 2319 3508 2383 viro,

1949 2415 2173 2470 Matrem
2223 2415 2505 2484 inscripsit
2545 2413 3018 2481 conﬁrmavitque;
3055 2411 3241 2468 divino
3275 2412 3509 2481 quodam

1947 2507 2178 2572 decore,
2212 2515 2266 2562 et
2307 2523 2472 2578 supra
2510 2507 2782 2561 hominem
2811 2505 3212 2576 gloriﬁcaverit.
3249 2504 3326 2558 lta
3382 2521 3509 2560 vero

1948 2596 2062 2651 haec
2093 2596 2390 2662 habebunt,
2425 2597 2701 2652 habebunt
2725 2599 2820 2650 ita.
2850 2595 3030 2665 Neque
3060 2597 3204 2651 enim
3230 2611 3348 2666 qua;
3379 2595 3511 2650 oﬂ‘e-

1945 2689 2117 2744 rimus
2148 2689 2382 2755 cantica,
2411 2689 2657 2744 inutilem
2684 2697 2890 2742 tantum
2923 2689 3209 2742 verborum
3233 2694 3506 2751 ornatum,

1945 2797 1979 2836 ο
2013 2781 2440 2838 sacratissimum
2482 2781 3130 2851 admirabilissimumque
3172 2779 3270 2836 Dei
3297 2780 3509 2835 habita-

1945 2875 2148 2937 culum,
2170 2875 2369 2930 habent
2393 2893 2406 2930 :
2439 2889 2614 2945 neque
2637 2890 2850 2940 rursus,
2874 2874 3189 2930 saecularem
3218 2873 3508 2944 quamdam

1944 2968 2312 3038 nugacitatem
2334 3008 2348 3034 ,
2381 2967 2627 3038 falsaque
2668 2968 3054 3024 assentationis
3085 2967 3230 3022 velut
3274 2967 3510 3021 crocita-

1946 3068 2148 3125 menta,
2185 3061 2448 3132 spiritalis
2473 3068 2564 3114 tua
2595 3059 2756 3114 habet
2784 3059 3046 3125 laudatio,
3079 3073 3112 3113 ο
3136 3057 3245 3113 Deo
3267 3057 3503 3123 laudata,

267 3147 437 3209 Θεοῦ,
472 3148 575 3200 καὶ
611 3146 875 3216 εὐμήκης
899 3150 931 3201 ό
964 3149 1145 3215 τόπος
1176 3149 1285 3219 τῆς
1329 3151 1596 3220 κτήσεως
1631 3155 1836 3209 αὑτοῦ.

1946 3167 2172 3222 quaeque
2196 3152 2362 3208 Deum
2388 3153 2505 3222 ipsa
2529 3153 2816 3206 lactentem
2843 3150 3076 3218 habeas;
3094 3165 3238 3215 eum,
3261 3150 3504 3220 inquam,

260 3240 487 3310 Μέγας,
519 3239 620 3293 καὶ
645 3242 754 3293 οὐκ
777 3240 900 3309 ἔχει
929 3240 1216 3308 τελευτήν
1238 3259 1250 3273 ·
1280 3245 1520 3313 ὑψηλὸς
1564 3246 1660 3300 καὶ
1701 3246 1840 3317 ἀμέ-

262 3347 504 3398 τρητος.
528 3332 735 3394 Ὄντως
759 3330 886 3402 γὰρ,
916 3331 1082 3396 ὅντως
1114 3337 1446 3406 προφητικὸς
1476 3339 1721 3410 χρησμὸς
1745 3339 1839 3394 καὶ

263 3422 508 3492 ἀψευδὴς
559 3421 714 3490 λόγος
763 3419 915 3487 οὗτος
963 3424 1060 3494 τῆς
1105 3429 1234 3497 περὶ
1277 3427 1335 3480 σὲ
1387 3429 1833 3501 μεγαλειότητοςο

260 3515 395 3568 ῐιότι
424 3517 523 3569 καὶ
553 3516 686 3587 μόνη
722 3515 1156 3588 συμμερίσασθαι
1188 3517 1306 3589 Θεῴ
1323 3519 1388 3573 τὰ
1408 3520 1501 3573 τοῦ
1535 3521 1668 3575 Θεοῦ
1709 3539 1839 3576 κατ-

261 3606 524 3674 ηξξωται,
555 3606 687 3659 Θεὸν
735 3609 1041 3678 γεννήσασα
1076 3611 1236 3680 σαρκὶ
1275 3611 1409 3682 μόνη
1430 3651 1444 3676 ,
1478 3612 1568 3666 τὸν
1602 3615 1667 3666 ὲκ
1701 3613 1836 3669 Θεοῦ

262 3699 483 3769 lim-po;
536 3698 837 3768 μονογενῶς
884 3701 978 3753 καὶ
1015 3701 1293 3766 συναῖδίως
1339 3703 1679 3774 γεννηθέντα.
1711 3706 1837 3761 Φιλ-

260 3789 484 3861 αλήθως
518 3789 630 3860 (72)
671 3789 777 3843 οἶδε
818 3790 961 3859 λόγοι
999 3793 1234 3856 πίστεως
1262 3795 1592 3866 ἀκραιφνοῦς
1622 3797 1838 3868 ἀντεχο-

1946 3247 2038 3316 qui
2077 3246 2310 3316 primum
2342 3261 2466 3302 esse
2491 3244 2813 3299 mortalibus
2840 3243 3122 3300 nativitate
3157 3243 3373 3310 tribuit;
3410 3240 3505 3298 sed

1943 3336 2228 3390 veritatem
2283 3335 2572 3406 quamdam
2619 3349 2844 3405 prorsus
2884 3334 3245 3404 perspicuam.
3284 3331 3506 3388 Deﬁciet

1944 3430 2089 3488 enim
2121 3445 2223 3485 nos
2265 3436 2476 3498 tempus
2520 3428 2840 3499 futurasque
2884 3426 3227 3498 postmodum
3280 3439 3507 3496 genera-

1944 3523 2142 3587 tiones,
2171 3521 2216 3577 si
2249 3528 2302 3576 te
2335 3520 2559 3576 Matrem
2590 3519 2742 3590 Regis
2772 3519 3084 3572 swculorum
3118 3518 3162 3550 ’³
3193 3518 3370 3589 dignis
3399 3518 3508 3572 elo-

1941 3617 2045 3686 giis
2067 3615 2396 3669 voluerimus
2426 3613 2637 3669 beatam
2663 3612 2989 3682 praedicare;
3020 3609 3327 3680 utquodam
3362 3611 3502 3674 loco,

1942 3704 2198 3759 erudiens
2260 3717 2420 3773 quam
2476 3702 2553 3758 sis
2614 3700 3216 3772 incomprehensibilis,
3270 3699 3506 3770 inclytus

1941 3795 2201 3866 propheta
2243 3795 2358 3849 ait:
2395 3793 2566 3861 Quam
2608 3810 2800 3864 magna
2844 3792 3034 3846 damus
3066 3791 3191 3855 Dei,
3231 3801 3278 3845 et
3326 3792 3507 3860 ingens

262 3880 466 3949 μένων.
1944 3889 2086 3942 locus
2109 3886 2452 3956 possessionis
2475 3887 2626 3956 ejus!
2657 3885 2903 3957 Magnus,
2937 3895 2986 3940 et
3011 3903 3111 3940 non
3138 3884 3290 3938 habet
3312 3887 3465 3953 ﬁnem
3481 3907 3502 3958 ε

257 3976 512 4030 sublimis
569 3984 726 4046 atque
771 3976 1053 4031 immensus
1113 3977 1178 4032 ".
1234 3975 1400 4032 Plane
1464 3979 1649 4040 enim,
1704 3979 1861 4050 plane
1907 3979 2284 4050 propheticum
2337 3979 2656 4044 oraculum,
2704 3979 3132 4048 verissimusque
3194 3977 3284 4032 hic
3325 3992 3508 4033 sermo

257 4071 319 4125 de
349 4071 774 4141 magniﬁcentia
823 4072 914 4126 illa
959 4082 1047 4126 tua
1091 4082 1145 4128 et
1201 4072 1485 4143 majestate
1539 4075 1830 4144 procedit:
1889 4090 2014 4128 nam
2069 4083 2123 4130 et
2171 4075 2318 4137 sola,
2363 4089 2554 4129 eorum
2592 4089 2713 4143 quae
2761 4080 2889 4128 sunt
2938 4070 3063 4137 Dei,
3119 4077 3329 4143 partem
3379 4085 3505 4127 cum

262 4169 373 4224 Deo
432 4169 640 4224 habere
703 4169 987 4236 meruisti;
1038 4185 1157 4241 qua:
1216 4170 1329 4225 sola
1380 4168 1548 4225 Deum
1605 4186 1673 4227 ex
1725 4169 1834 4226 Deo
1906 4168 2065 4225 Patre
2109 4171 2338 4241 unigene
2382 4184 2446 4224 ac
2489 4169 2816 4240 sempiterna
2861 4169 3135 4240 genitum,
3187 4181 3352 4222 carne
3411 4182 3506 4238 ge—

260 4265 474 4319 nueris.
520 4261 601 4318 ita
625 4267 893 4319 veraciter
927 4266 1206 4330 sentiunt,
1237 4267 1329 4336 qui
1363 4265 1631 4321 sinceram
1668 4265 1828 4322 ﬁdem
1860 4267 2279 4337 amplectuntur.

323 4359 432 4412 lA’.
493 4351 878 4427 Ἀωλάὂωμεν
907 4357 965 4410 δὲ
1009 4357 1212 4420 λοιπὸν,
1259 4352 1305 4412 ὦ
1352 4357 1832 4428 φιλομαθέστατοι,

2009 4357 2099 4416 XI.
2123 4357 2411 4423 Caeterum,
2445 4357 2590 4429 quod
2619 4357 2887 4429 reliquum
2908 4364 3011 4420 est,
3049 4355 3352 4419 sciendum,
3387 4362 3504 4409 stu-

261 4449 344 4500 τὸν
366 4448 622 4516 θεώόχον
659 4447 989 4520 πρεσϐύτην,
1023 4449 1116 4502 καὶ
1147 4449 1342 4520 εὐσεϐῆ
1371 4448 1705 4516 διδάσκαλον,
1736 4445 1837 4506 ὧδέ

1946 4452 2250 4508 diosissima
2284 4452 2500 4519 concio,
2531 4467 2714 4508 senem
2743 4463 2992 4506 nostrum
3010 4448 3106 4504 Dei
3128 4455 3503 4518 susceptorem

262 4556 358 4592 που
385 4539 724 4610 διανήξαντα
751 4541 1030 4612 σωτηρίως
1055 4542 1118 4594 ὲκ
1161 4539 1256 4594 τοῦ
1305 4541 1632 4614 παρθενικοῦ
1668 4542 1834 4597 πελά-

1946 4546 2198 4616 piumque
2225 4543 2525 4608 doctorem,
2565 4543 2671 4598 huc
2695 4543 2988 4598 salubriter
3015 4555 3046 4595 a
3076 4540 3326 4611 virginali
3353 4538 3502 4609 pela-

272 4647 419 4697 γους·
458 4632 558 4683 καὶ
602 4631 1054 4704 διαναπαύσωμεν
1098 4634 1552 4705 ἑμπεφορημένον
1585 4635 1698 4706 ἅμα
1736 4635 1836 4706 τῆς

261 4720 409 4786 θείας
454 4722 718 4791 ἐφέσεως,
745 4725 839 4776 καὶ
880 4726 1358 4797 ὲμπορευσάμενον
1389 4729 1524 4797 ἡμίν
1560 4727 1656 4798 τὴν
1695 4745 1834 4782 παν-

262 4812 437 4866 ὁλῦιον
460 4814 737 4884 θεολογίαν
757 4833 771 4848 ·
795 4818 885 4870 καὶ¹
923 4817 1089 4889 ἴωμεν
1121 4821 1282 4890 ἡμεῖς
1309 4819 1445 4892 πρὸς
1482 4819 1541 4874 τδ
1585 4821 1711 4891 ἑξῆς
1740 4821 1832 4876 τοῦ

262 4902 441 4972 λόγου,
464 4907 722 4972 ἀπλανῶς
761 4909 897 4979 πρὸς
925 4911 1016 4963 τὸν
1049 4913 1407 4983 προκείμενον
1440 4914 1637 4967 σκοπὸν
1668 4916 1834 4967 ἀπευ-

264 4994 512 5060 θύνοντες
544 4998 642 5051 σὺν
673 4999 864 5070 ὁδηγίᾳ
893 5000 986 5053 τοῦ
1013 5002 1314 5072 κρείττονος
1331 5001 1428 5073 τὴν
1457 5003 1660 5074 τρίϐον,
1687 5003 1834 5067 ὅπως

265 5087 336 5158 μὴ
393 5089 575 5161 πάντη
627 5084 777 5162 ὦμεν
819 5092 1056 5166 ἄκαρποι
1094 5095 1189 5147 καὶ
1241 5095 1548 5158 ἀσυντελεῖς
1597 5097 1733 5168 πρὸς
1765 5097 1833 5150 τὰ

262 5173 468 5231 δέοντα.
515 5179 670 5231 Ἐπεὶ
707 5176 796 5234 οῦν
832 5182 1232 5255 συνεκλὴθησαν
1267 5184 1400 5256 πρὸς
1442 5185 1511 5238 τὰ
1553 5186 1711 5256 ίερῶς
1741 5203 1830 5240 τεο

263 5265 500 5338 ὶούμενα
534 5269 802 5340 ἱερωσύνη
827 5287 884 5325 τε
913 5273 1005 5325 καὶ
1030 5275 1330 5346 προφητεία
1349 5315 1362 5338 ,
1399 5276 1490 5330 καὶ
1529 5281 1830 5351 παρειστή-

326 5468 393 5537 ’1
422 5466 464 5520 ιι
507 5465 612 5537 Reg

618 5510 630 5522 .
685 5469 984 5546 ηιμ-17,
1023 5471 1103 5546 _°_'
1136 5469 1540 5546 Exodizxxxv,
1573 5475 1656 5530 l7.
1731 5477 1778 5507 ”
1820 5475 1972 5531 Psal.
2011 5494 2129 5546 cm,
2170 5480 2225 5538 2.

1935 4653 2005 4709 go
2034 4637 2473 4709 adnavigautem,
2507 4636 2871 4706 suscipiamus
2897 4674 2912 4699 ,
2936 4634 3158 4704 jamque
3188 4633 3372 4688 divino
3401 4647 3504 4688 suo

1936 4729 2029 4783 illo
2051 4727 2326 4784 desiderio
2347 4735 2722 4784 exsaturatum
2747 4727 2950 4795 pariter
2968 4763 2983 4788 ,
3038 4738 3102 4777 ac
3133 4721 3498 4778 beatissimam

1935 4821 2080 4876 illam
2119 4821 2443 4891 theologiam
2493 4819 2650 4874 nobis
2693 4818 3102 4879 advectantem,
3157 4829 3498 4879 recreemus;

1934 4915 2148 4985 ipsique
2182 4929 2490 4970 sermonem
2519 4913 2790 4982 reliquum
2827 4926 3224 4983 prosequamur
3255 4909 3321 4962 ad
3362 4923 3500 4978 prae-

1934 5008 2182 5062 stitutum
2220 5008 2376 5063 nobis
2423 5022 2682 5076 scepum,
2735 5004 2827 5060 Dei
2880 5004 3068 5075 optimi
3113 5003 3315 5064 ductu,
3351 5007 3500 5054 certa

1933 5099 2146 5154 ratione
2179 5113 2399 5154 cursum
2427 5096 2755 5168 dirigentes;
2790 5103 2851 5150 ut
2892 5111 2959 5150 ne
3005 5107 3267 5164 prorsus,
3316 5089 3383 5143 ad
3434 5105 3498 5143 ea

1932 5205 2051 5259 quae
2081 5190 2422 5253 incumbunt,
2456 5195 2510 5244 et
2539 5196 2850 5244 nostrarum
2875 5194 3001 5242 sunt
3032 5187 3298 5256 partium,
3323 5181 3515 5243 infrua

1931 5282 2088 5352 gil'eri
2137 5281 2463 5352 inutilesque
2518 5279 2882 5335 inveniamur.
2931 5277 3068 5332 Cum
3106 5277 3288 5346 itaque
3323 5274 3390 5330 ad
3432 5288 3499 5331 ea

2329 5481 2375 5518 "
2413 5480 2526 5538 Jer.
2571 5497 2745 5551 χχιιι,
2784 5480 2875 5537 24.
2952 5480 2999 5512 ⁸⁸
3039 5478 3230 5551 Ephes.
3273 5495 3326 5537 v1
3352 5519 3368 5547 ,
3409 5478 3499 5543 16.

258 5536 299 5566 ’τ
351 5533 520 5591 Exod.
561 5533 667 5601 ix,
714 5540 801 5593 te.
842 5533 919 5573 ὀε
960 5541 979 5594 ι
1022 5541 1154 5597 Tim.
1201 5559 1236 5608 ι,
1277 5544 1362 5600 l7.
1439 5546 1482 5578 ὀ
1511 5533 1718 5602 Bartsch
1739 5551 1854 5614 m,1

1957 5549 2042 5605 25.

331 5716 449 5787 (7'2)
481 5719 843 5786 Φιλαλήθως.
875 5721 1202 5794 Φιλαλήθεις.
