3962 6204
477 327 583 383 375

1432 322 1490 378 S.
1533 320 1860 380 METHODII
1895 321 2204 380 EPISCOPI
2245 323 2333 380 ET
2372 321 2725 381 MARTYRIS

3600 328 3708 389 578

476 458 635 506 sacra
660 488 674 513 ,
701 443 1058 501 sacerdotium
1076 480 1091 501 .
1152 441 1545 515 prophetiaque
1566 486 1581 507 ,
1614 446 1816 515 pariter
1852 454 2039 500 vocata

2154 464 2228 501 κει
2255 446 2333 518 τῷ
2380 446 2575 518 ὲνδόξῳ
2602 448 2696 501 καὶ
2737 445 3046 519 παρθενικῷ
3095 445 3271 520 θρόνῳ
3310 444 3543 518 ξυνωρὶς
3585 449 3710 503 θεο-

479 544 665 594 essent
692 536 1036 607 gloriosoque
1068 531 1309 602 Virginis
1331 534 1550 599 throno,
1576 536 1699 606 biga
1729 539 1843 590 haec
1868 551 1897 589 a
1932 536 2041 591 Deo

480 630 775 685 electorum
810 624 1115 693 iustorum;
1154 623 1444 694 Simeonis,
1480 627 1724 697 inquam,
1762 635 1816 683 et
1841 628 2037 696 Annze;

483 720 856 793 apertissimas
882 717 1164 787 utriusque
1198 720 1380 790 populi
1425 719 1689 791 imagines
1731 721 1785 774 in
1821 735 1879 775 se
1904 737 2042 791 prte-

483 812 769 869 ferentium
793 852 806 872 ,
844 810 1109 864 astitisset
1134 808 1279 881 (nam
1310 827 1473 866 senex
1496 812 1714 882 quidem
1785 811 2042 868 Israeliti-

480 919 604 962 eum
639 904 932 976 populum,
962 902 1183 973 jamque
1230 913 1599 959 senescentem
1632 913 1687 959 et
1708 903 1918 960 effetam
1959 905 2038 959 le-

482 1011 599 1066 gem
646 993 964 1058 exhibebat;
1016 992 1175 1048 vidua
1216 1001 1394 1048 autem
1451 991 1754 1048 Ecclesiam‘
1799 997 2037 1065 gentium

481 1091 709 1139 eatenus
735 1083 1025 1153 viduam),
1061 1098 1225 1139 senex
1252 1081 1501 1153 quidem,
1532 1097 1631 1137 ceu
1667 1084 1721 1138 in
1760 1083 1895 1154 legis
1918 1100 2040 1155 per-

485 1190 654 1238 sona,
707 1174 1081 1230 dimissionem
1123 1173 1434 1243 quaerebat;
1470 1173 1630 1228 vidua
1666 1182 1845 1229 autem
1875 1214 1890 1238 ,
1940 1190 2039 1229 ceu

483 1266 738 1323 Ecclesiae
766 1280 1051 1337 personam
1077 1279 1290 1335 gerens,
1314 1264 1712 1319 confessionem
1739 1271 1929 1319 contra
1959 1264 2041 1319 af-

486 1358 692 1413 ferebat
726 1359 766 1426 ¹,
791 1356 1343 1426 exspectantibusque
1392 1355 1819 1425 redemptionem
1863 1356 1919 1410 in
1952 1354 2043 1412 Je-

485 1450 753 1515 rusalem,
805 1440 925 1520 qua:
965 1448 1032 1502 de
1066 1448 1183 1517 ipso
1221 1455 1376 1501 erant
1402 1446 1649 1501 edicebat
1678 1468 1689 1501 :
1722 1446 1865 1502 sicut
1904 1447 2042 1504 bene

488 1551 651 1612 atque
680 1540 926 1611 apposite
953 1554 1016 1593 ac
1042 1537 1197 1593 valde
1218 1536 1433 1608 egregie
1454 1579 1468 1603 ,
1495 1546 1550 1592 et
1582 1536 1719 1593 festo
1745 1537 1874 1594 huic
1914 1554 2040 1594 cum

488 1634 678 1704 primis
703 1648 961 1704 congrua,
988 1632 1057 1686 ab
1093 1641 1321 1701 utroque
1348 1627 1518 1698 dicta,
1543 1630 1852 1701 conscripta
1891 1638 2038 1687 sunt.

485 1724 779 1796 Oportebat
809 1724 952 1779 enim
999 1737 1063 1778 ac
1099 1723 1255 1792 plane
1283 1736 1569 1778 necessum
1596 1730 1749 1788 erat,
1780 1729 1841 1778 ut
1873 1737 2040 1778 senex

2140 540 2352 610 κλήτων
2376 539 2622 607 δικαίων,
2681 539 2962 610 Συμεῶνός
2994 556 3134 611 φημι
3158 540 3251 594 καὶ¹
3273 541 3493 612 Ἀννης,
3521 542 3685 595 ἐκατέ

2141 647 2249 703 ρων
2277 630 2383 684 τῶν
2410 630 2553 685 λαῶν
2595 630 2992 701 ἐναργεστάτας
3033 630 3305 703 φερόντων
3348 631 3450 696 τὰς
3493 633 3709 697 εἰκόνας

2142 722 2201 793 (ό
2234 723 2331 793 μὲν
2362 721 2690 795 πρεσϐύτης,
2725 722 2818 775 τοῦ
2859 721 3073 793 Ἰσραὴλ
3106 723 3202 776 καὶ
3238 722 3331 777 τοῦ
3359 724 3706 795 γηράσαντος

2138 814 2300 884 νόμου
2321 831 2334 843 ·
2367 817 2400 884 ἡ
2433 813 2490 867 δὲ
2521 816 2684 885 χήρα,
2712 814 2811 883 τῆς
2846 812 2907 877 ἐξ
2929 811 3094 865 ἐθνῶν
3121 814 3297 886 χήρας
3326 812 3389 867 τδ
3409 814 3706 885 τηνικαῦτα

2151 905 2509 975 Ἐκκλησίας)
2535 922 2548 934 ·
2578 907 2608 958 ὁ
2640 905 2738 976 μὲν
2779 901 2873 958 οὖν
2914 905 3221 977 πρεσϐύτης
3262 907 3706 978 προσωποποιοὼ

2144 1013 2302 1066 μενος
2331 997 2422 1051 τὸν
2474 996 2655 1067 νόμον,
2694 997 2792 1069 τὴν
2840 997 3103 1051 ἀπόλυσιν
3144 997 3386 1070 caeci,in
3407 1014 3423 1028 °
3455 1000 3490 1070 ἡ
3521 999 3581 1052 δὲ
3609 1000 3705 1070 τῆς

2155 1088 2478 1158 Ἐκκλησίας
2507 1089 2919 1161 προσωποποιδς
2947 1090 3044 1161 τὴν
3079 1088 3507 1161 ἀνθομολόγησιν
3537 1107 3705 1161 προσ-

2138 1178 2359 1250 εκόμιζε
2394 1178 2529 1250 (75),
2571 1180 2661 1233 καὶ
2691 1181 2802 1244 τοῖς
2837 1179 3290 1250 ἀπεκδεχομένοις
3334 1178 3603 1251 λύτρωσιν
3647 1181 3704 1232 ἒν

2151 1269 2502 1342 Ἰερουσαλὴμ
2547 1270 2615 1323 τὰ
2661 1272 2789 1342 περὶ
2829 1269 2993 1324 αὑτοῦ
3030 1270 3242 1323 ἐλάλειο
3283 1270 3466 1333 καθὼς
3504 1272 3707 1342 γέγρα-

2140 1380 2269 1418 πται
2303 1359 2362 1417 εὖ
2407 1362 2552 1435 μάλα
2590 1363 2860 1435 ἁρμοδίως
2888 1362 2981 1416 καὶ
3008 1360 3299 1433 ὑπερφυῶς
3330 1361 3399 1415 τά
3423 1363 3553 1432 παρ’
3590 1363 3709 1415 ἑκα-

2138 1454 2319 1525 τέροις
2338 1454 2661 1527 λαλούμενα,
2679 1454 2774 1508 καὶ
2797 1457 2863 1525 τῇ
2891 1456 3012 1525 ἱερᾷ
3033 1452 3220 1523 τελετῇ
3251 1454 3542 1523 σύμφημα.
3565 1450 3709 1505 Ἔδει

2140 1546 2267 1618 γὰρ,
2303 1546 2408 1599 ἔδει
2443 1546 2629 1615 σαφῶς
2657 1546 2749 1599 τὸν
2790 1545 2885 1616 μὲν
2919 1544 3227 1617 πρεσϐύτην
3257 1546 3621 1616 ἐπιστάμενον
3649 1544 3709 1597 τὸ

2141 1640 2345 1706 φάσκον
2369 1637 2461 1691 τοῦ
2493 1638 2657 1708 νόμου
2697 1638 2997 1708 ἂάταγμα,
3032 1637 3229 1692 Αὑτοῦ
3270 1637 3551 1690 ἀκούετε·
3581 1633 3706 1689 κοί·

2140 1726 2315 1783 Πᾶσα
2346 1728 2517 1799 ψυχὴ
2561 1729 2693 1797 ἥτις
2719 1728 2797 1783 ἃν
2830 1728 2918 1798 μὴ
2957 1729 3193 1796 ἀκούσῃ
3239 1727 3448 1791 αὐτοῦ,
3499 1727 3713 1791 ἐξολο-

489 1817 744 1887 quidem,
775 1815 868 1887 qui
910 1816 1044 1886 legis
1079 1815 1209 1870 illud
1245 1815 1441 1871 scitum
1480 1815 1768 1886 perspicue
1816 1823 2037 1880 nosset,

2154 1820 2449 1888 ἳρεύσεται
2489 1820 2557 1874 ἐκ
2598 1819 2704 1874 τοῦ
2753 1819 2906 1873 λαοῦ
2950 1816 3171 1886 αὐτῆς,
3223 1815 3482 1871 ἀπόλυσιν
3522 1815 3716 1886 ἐπιζη-

488 1925 597 1981 quo
634 1909 836 1964 dicitur
866 1927 879 1964 :
911 1907 1089 1977 Ipsum
1113 1910 1321 1972 audite;
1352 1912 1408 1962 et
1452 1925 1463 1960 :
1499 1905 1682 1962 Omnis
1711 1907 1890 1962 anima
1929 1923 2046 1979 qua:

491 2004 660 2071 ipsum
686 2020 787 2057 non
810 2002 1056 2063 audierit,
1088 1999 1522 2054 exterminabitur
1554 1998 1618 2055 de
1643 1999 1831 2069 populo
1852 2015 1947 2053 suo
1976 1999 1999 2030 ³
2027 2017 2040 2053 :

493 2093 772 2164 pacificam
802 2110 832 2148 a
882 2092 1034 2163 legali
1082 2091 1425 2161 postmodum
1467 2090 1806 2147 institutione
1856 2090 2047 2147 dimis-

492 2187 701 2242 sionem
731 2192 1014 2256 quazreret.
1047 2182 1254 2240 Revera
1284 2183 1430 2239 enim
1461 2183 1660 2254 injuria
1684 2191 1769 2238 est
1794 2191 1848 2238 et
1879 2190 2047 2238 teme-

490 2277 627 2333 ritas
647 2318 661 2340 ,
687 2286 776 2342 ut,
809 2292 932 2347 rege
974 2282 1239 2346 prasente
1266 2290 1328 2329 ac
1354 2276 1513 2330 verba
1542 2274 1756 2344 publice
1782 2273 2011 2328 faciente
2028 2312 2042 2337 ,

493 2368 785 2425 satellitum
814 2367 1011 2439 aliquis
1044 2384 1108 2423 ex
1148 2368 1379 2422 adverso
1409 2367 1682 2436 loquatur,
1710 2374 1875 2436 utque
1910 2364 2046 2418 sub-

496 2457 594 2514 diti
627 2461 677 2514 ei
707 2459 922 2514 interim
958 2472 1120 2513 aures
1161 2456 1593 2511 accommodent.
1624 2455 1729 2509 Sed
1751 2463 1805 2508 et
1828 2454 2045 2509 viduam

492 2566 614 2621 quae
671 2549 829 2604 donis
883 2529 1267 2618 superantibus
1326 2547 1589 2601 rationem
1649 2553 1808 2600 aucta
1859 2550 2043 2607 esset,

495 2638 651 2693 festis
676 2638 908 2693 canticis
941 2635 1051 2690 Deo
1073 2636 1275 2706 gratias
1301 2651 1458 2706 agere
1485 2651 1583 2705 par
1617 2643 1734 2689 erat
1756 2653 1775 2687 -:
1809 2633 2048 2703 adeoque

492 2729 601 2783 illic
643 2736 828 2796 gesta,
873 2727 978 2797 legi
1029 2740 1269 2781 consona
1317 2737 1490 2781 erant.
1550 2726 1815 2780 Caeterum
1871 2739 2048 2796 opera:

496 2821 727 2892 pretium
780 2820 981 2882 fuerit,
1024 2818 1399 2888 inquiramus;
1437 2834 1560 2873 cum
1613 2817 1938 2888 prophetica;
1971 2818 2048 2871 in-

497 2910 849 2965 formationcs
875 2916 928 2964 et
949 2908 1135 2979 figurae
1170 2909 1238 2964 ad
1264 2909 1493 2965 eximias
1532 2910 1697 2965 hasce
1723 2909 2046 2965 festivitates

495 3018 789 3074 congruam
819 3002 1107 3074 quamdam
1131 3002 1444 3059 relationem
1479 3002 1758 3065 haberent,
1792 3003 2050 3070 quemad-

495 3096 711 3151 modum
746 3095 950 3151 dictum
981 3103 1064 3150 est
1093 3137 1107 3160 ,
1135 3095 1409 3167 quomodo
1437 3094 1630 3150 domus
1665 3092 1814 3150 fumo
1846 3093 2047 3164 repleta

2144 1909 2307 1980 τῆσαι
2345 1910 2625 1983 εἰρηνικὴν
2665 1910 2763 1981 τῆς
2803 1909 3035 1979 νομικῆς
3087 1908 3475 1976 παιδαγωγίας.
3514 1908 3713 1980 ’Ὕϐρις

2146 2002 2253 2075 γάρ
2303 2003 2418 2073 ἆμα
2474 2003 2567 2055 κα)⁵
2613 2001 2943 2071 προπέτεια,
3001 1999 3264 2070 βασιλέως
3305 1998 3571 2071 παρόντος
3619 1999 3715 2051 καὶ

2144 2093 2615 2167 δημηγοροῦντος,
2649 2093 2994 2163 ὑπασπιστὴν
3037 2092 3398 2164 κατάντικρυς
3427 2091 3719 2161 ἀντιφθέγ-

2147 2187 2358 2256 γεσθαι,
2399 2185 2494 2239 καὶ
2518 2186 2691 2256 τούτῳ
2723 2183 2993 2238 ἐπικλῖναι
3025 2186 3150 2248 τοὺς
3174 2184 3448 2255 ὑπηκόους
3479 2183 3549 2237 τά
3577 2178 3713 2239 ὦτα.

2151 2278 2298 2332 Ἔδει
2326 2277 2382 2330 δὲ
2415 2275 2510 2330 καὶ
2537 2275 2633 2347 τὴν
2676 2275 2869 2346 χήραν,
2903 2274 3169 2345 τυχοῦσαν
3206 2274 3313 2328 τῶν
3345 2275 3485 2346 ὑπὲρ
3534 2274 3715 2343 λόγον,

2146 2369 2216 2423 τά
2246 2370 2639 2441 εὐχαριστήρια
2665 2368 2917 2440 ἑορτάσαι
2941 2364 3019 2436 τῷ
3041 2364 3187 2437 Θεῷο
3215 2364 3355 2420 ὥστε
3395 2366 3609 2437 συνῳδὰ
3637 2366 3721 2437 τῷ

2148 2459 2294 2530 νόμῳ
2326 2458 2392 2511 τὰ
2421 2451 2525 2514 ὦδε
2549 2457 2865 2529 τελούμενα.
2915 2456 3270 2528 Ἐπιζητῆσαι
3300 2457 3358 2511 δὲ
3386 2456 3571 2510 λοιπὸν
3610 2456 3722 2512 τῶν

2147 2551 2458 2618 ἀναγκαίων
2484 2549 2809 2621 καθέστηκε,
2844 2548 2960 2613 πῶς
2993 2548 3099 2602 τῶν
3133 2548 3484 2619 προφητικῶν
3517 2564 3723 2620 πρατυιι

2149 2642 2396 2707 πώσεων,
2454 2640 2635 2704 καθὼς
2703 2641 3096 2706 ἀποδέδεικται,
3140 2643 3232 2695 ἐπὶ
3279 2642 3387 2699 τῶν
3423 2642 3721 2713 ἐξαιρέτων

2148 2733 2349 2788 τούτων
2377 2733 2765 2804 ὲορτασμάτων
2804 2732 3085 2804 ἀραρότως
3124 2733 3353 2803 ἑχόντων
3385 2734 3482 2803 τὴν
3518 2734 3724 2801 ἀναφε-

2151 2827 2272 2898 ράν,
2307 2825 2511 2880 καπνοῦ
2555 2826 2641 2879 τὸν
2688 2821 2834 2878 οἷκον
2885 2825 3264 2896 ἐμπεπλῆσθαι
3298 2823 3544 2877 λέλεκται
3561 2841 3577 2855 ο
3626 2824 3725 2879 καὶ

2149 2917 2304 2972 τοῦτο
2336 2917 2397 2970 οὑ
2442 2915 2789 2988 παρενθέτως
2812 2916 2945 2986 (74),
2985 2916 3097 2969 ἀλλ’
3142 2914 3563 2985 ὲνσημάντρως,
3598 2915 3723 2969 ἀπὸ

2150 3009 2257 3078 τῆς
2281 3008 2567 3081 τρισαγίας
2593 3007 2797 3078 φωνῆς
2822 3009 3046 3077 φάσκων
3081 3009 3110 3061 ὁ
3141 3006 3455 3079 εἰσηγητὴς,
3482 3002 3560 3077 ἧς
3586 3004 3724 3060 exd-

2153 3116 2376 3168 κραγον
2420 3099 2469 3151 oi
2547 3098 2655 3151 τῶν
2713 3098 3050 3169 ἐπουρανίων
3118 3097 3334 3169 μύσται.
3413 3094 3731 3150 ’ΔναλαῦιὶινΙ

497 3188 669 3245 fuisse
694 3188 964 3245 referatur
1003 3208 1017 3244 :
1054 3204 1155 3245 nec
1185 3189 1239 3244 id
1269 3188 1415 3243 velut
1461 3188 1783 3250 incidenter,
1835 3186 1928 3242 sed
1977 3186 2051 3241 si-

2154 3189 2195 3244 δ’
2236 3186 2357 3254 οὖν,
2387 3184 2432 3244 ὦ
2480 3189 2742 3261 φιλήκοε,
2802 3190 2900 3261 τῆς
2951 3190 3188 3261 ἱστορίας
3231 3188 3294 3242 τὸ
3344 3186 3728 3257 ἐπαγόμενον.

498 3291 748 3354 gnanter,
773 3282 947 3353 inquit
969 3281 1158 3338 doctor
1190 3281 1579 3353 prephetaque,
1610 3297 1643 3334 α
1664 3296 1781 3334 voce
1812 3286 1895 3333 ter
1914 3274 2054 3333 San-

497 3379 620 3428 ctus
675 3389 778 3444 qua
823 3374 1124 3430 cmlestium
1158 3373 1233 3427 illi
1282 3382 1468 3444 mystae
1509 3371 1812 3426 clamabant
1835 3371 1877 3427 ³.
1911 3368 2055 3425 Sane

497 3464 723 3533 hujusce
748 3466 823 3520 rei
874 3479 1124 3530 causam,
1173 3464 1418 3521 studiose
1470 3462 1705 3527 auditor,
1741 3461 2051 3525 inveneris,

502 3555 660 3610 mede
684 3571 749 3610 ea
787 3571 907 3625 quae
942 3564 1339 3627 consequenter
1372 3556 1535 3611 habet
1576 3556 1818 3610 narratio
1865 3569 2054 3625 perce~

498 3648 662 3716 peris.
683 3648 884 3700 Audita
908 3648 1075 3711 enim,
1105 3647 1301 3718 inquit,
1323 3646 1572 3712 audietis,
1602 3657 1650 3701 et
1683 3663 1783 3701 non
1807 3646 2057 3715 intellige-

502 3738 606 3801 tis;
636 3748 686 3793 et
718 3740 942 3794 uidentes
967 3738 1226 3806 videbitis,
1250 3748 1301 3794 et
1323 3755 1426 3795 non
1453 3740 1778 3810 perspicietis
1818 3739 1858 3793 ⁸.
1898 3736 2055 3795 Post-

500 3842 663 3899 quam
690 3829 832 3885 enim
858 3829 1044 3886 vesani
1073 3828 1266 3895 Judaai,
1296 3829 1534 3902 prodigia
1558 3829 1793 3900 gloriosa
1817 3846 1933 3901 quae
1953 3829 2059 3885 De.

500 3922 673 3976 minus
700 3923 921 3991 ponebat
949 3940 1104 3993 super
1130 3932 1324 3980 terram
1343 3924 1384 3989 ',
1407 3924 1549 3979 sicut
1570 3923 1845 3978 cecinerat
1860 3922 2055 3990 David,

503 4010 950 4081 conspexissent;
976 4012 1348 4083 vidissentque
1378 4012 1592 4083 signum
1621 4026 1687 4066 ex
1711 4009 1980 4080 profundo
2006 4018 2060 4066 et

501 4100 569 4155 de
593 4100 811 4157 excelso
829 4103 870 4167 ⁸,
906 4103 1251 4160 iucont‘usum
1276 4118 1612 4159 concurrens
1636 4101 2056 4172 indivisumque,

500 4194 956 4264 quemadmodum
1019 4196 1182 4251 etiam
1212 4194 1379 4253 Isaias
1432 4196 1755 4267 praedixerat
1804 4214 1816 4249 :
1869 4211 2061 4265 nempe

503 4286 724 4343 Matrem
748 4304 910 4359 supra
936 4297 1185 4343 naturam
1210 4307 1225 4356 ;
1258 4289 1531 4359 fetumque
1553 4302 1716 4357 supra
1749 4289 2011 4343 rationem
2043 4305 2055 4340 :

504 4387 731 4435 matrem
773 4387 1116 4447 terrestrem;
1165 4390 1221 4436 et
1271 4380 1440 4435 filium
1482 4380 1796 4436 cmlestem:
1830 4393 2055 4443 novam,

506 4474 756 4543 inquam,
794 4471 887 4526 Dei
923 4471 1023 4527 viri
1056 4480 1326 4536 naturam,
1360 4469 1814 4542 puerperiumque
1843 4470 2058 4540 nuptia-

2153 3284 2403 3355 εὑρήσεις
2449 3280 2546 3353 τὴν
2588 3281 2786 3335 αἰτίαν.
2826 3279 2996 3349 Ἀκοῇ
3023 3280 3151 3351 γὰρ,
3182 3278 3367 3351 φησὶν,
3396 3278 3727 3344 ἀκούσητε,

2152 3375 2249 3427 καὶ
2273 3374 2344 3427 οὐ
2375 3372 2461 3441 μὴ
2495 3373 2723 3441 συνῆτε
2743 3387 2758 3397 ·
2805 3372 2904 3425 καί
2929 3369 3269 3436 ,ϐλέποντες
3297 3367 3594 3436 βλέψητε,
3626 3363 3734 3419 καὶ

2154 3468 2223 3521 σὺ
2244 3465 2329 3536 μὴ
2362 3465 2545 3532 ἴδητε.
2576 3464 2728 3517 Ἐπεὶ
2748 3463 2927 3516 τοίνυν
2950 3457 3087 3516 εἶδον
3119 3459 3430 3530 ἀγνώμονες
3456 3455 3731 3511 Ἰουδαίων

2157 3559 2343 3621 παῖδες
2365 3556 2577 3625 τέρατα
2603 3554 2809 3622 ἔνδοξα,
2832 3554 2871 3609 ἃ
2901 3555 3066 3608 ἔθετο
3096 3556 3128 3607 d
3153 3552 3296 3618 Θεὸς
3328 3551 3428 3604 ἐπὶ
3468 3549 3580 3617 τῆς
3612 3546 3733 3618 τῆς

2156 3648 2297 3703 κατά
2322 3648 2413 3701 τὸν
2451 3647 2683 3719 μελῳδὸν
2724 3646 2915 3700 Δαδίδ·
2950 3645 3242 3700 ἐθεάσαντο
3266 3642 3325 3697 δὲ
3366 3642 3461 3695 καὶ
3501 3642 3735 3711 σημεῖον

2157 3743 2221 3795 ὲκ
2254 3740 2450 3811 βάθους
2481 3740 2575 3793 καὶ
2610 3738 2668 3802 ἐξ
2701 3736 2865 3807 ῦψους
2895 3736 3037 3791 κατὰ
3057 3735 3271 3790 σύνοδον
3302 3734 3608 3805 ἀσύγχυτον
3633 3736 3737 3788 καὶ

2157 3831 2456 3903 ἀδιαίρετον
2480 3870 2495 3896 ,
2528 3830 2586 3884 ὃν
2639 3828 2838 3901 τρόπον
2881 3825 3332 3899 προανεφώνησεν
3375 3825 3603 3886 Ἡσαΐας
3648 3824 3737 3895 (τί

2157 3923 2347 3987 τοῦτο;
2386 3923 2598 3994 μητέρα
2622 3923 2763 3994 ὑπὲρ
2798 3922 2980 3991 φύσιν,
3021 3921 3114 3973 καὶ
3142 3919 3298 3972 τόκον
3356 3917 3496 3988 ὑπὲρ
3531 3916 3733 3985 λόγον·

2164 4016 2373 4087 μητέρα
2418 4017 2685 4084 ἐπίγειον,
2739 4015 2830 4069 καὶ
2879 4015 2991 4067 υἱὸν
3041 4011 3310 4083 οὐράνιον,
3338 4011 3531 4080 καινήν
3580 4024 3735 4080 φημι

2157 4108 2444 4181 θεανδρίαν
2463 4109 2600 4179 (75),
2635 4109 2729 4163 καὶ
2768 4107 2924 4179 λόχον
2970 4104 3345 4176 ἀπειρόγαμον
3376 4123 3392 4138 ·
3418 4099 3494 4159 ὧν
3532 4102 3585 4154 τί
3630 4103 3736 4155 καὶ

2161 4200 2352 4267 γένοιτ’
2375 4200 2440 4254 ἂν
2471 4199 2803 4272 ἐνδοξότερον
2842 4200 2934 4253 καὶ
2971 4196 3416 4269 περιδοητότερον
3448 4192 3588 4263 ἀμφὶ
3622 4192 3735 4261 τὴν

2162 4290 2426 4363 κτίσιν;)ο
2460 4293 2554 4346 καὶ
2587 4291 2757 4345 ταῦτα
2792 4291 3132 4362 θεασάμενοι,
3164 4287 3473 4358 διετέθησαν
3518 4285 3595 4346 ὡς
3647 4283 3733 4354 μὴ

2163 4380 2523 4454 θεασάμενοι,
2586 4384 2880 4455 μύσσοντες
2918 4384 3012 4437 καὶ
3061 4378 3412 4450 ὑπτιούμενοι
3460 4374 3593 4447 πρὸς
3628 4373 3735 4445 τὴν

2162 4473 2395 4527 αίνεσιν·
2431 4474 2520 4528 διὰ
2564 4474 2722 4528 τοῦτο
2752 4472 2994 4545 ἐπλήσθη
3022 4474 3051 4527 ὁ
3090 4469 3237 4533 οἶκος
3269 4471 3369 4541 τῆς
3412 4468 3740 4538 καυχήσεως

502 4583 624 4623 ram
645 4583 840 4639 expers
871 4586 884 4622 :
928 4566 1143 4639 quibus,
1175 4564 1302 4635 quid
1334 4577 1570 4632 unquam
1588 4561 1885 4632 gloriosius
1911 4562 2051 4617 circa

2162 4565 2342 4621 αὑτῶν
2366 4567 2593 4621 καπνοῦ.

505 4669 846 4726 creaturam,
879 4659 1009 4732 quid
1043 4674 1171 4713 vero
1197 4656 1461 4712 celebrius
1496 4654 1667 4724 possit
1706 4652 1860 4708 fieri?
1905 4654 2051 4719 haec,
2083 4656 2299 4727 inquam
2322 4698 2339 4724 ,
2367 4660 2445 4715 illi
2483 4676 2607 4715 eum
2657 4660 2953 4722 vidissent,
3010 4657 3238 4729 perinde
3267 4654 3444 4711 affecti
3484 4658 3616 4710 sunt
3667 4665 3745 4708 ac

508 4758 555 4813 si
586 4772 694 4813 non
722 4758 1019 4821 vidissent,
1059 4755 1373 4811 claudentes
1411 4752 1631 4818 oculos,
1684 4757 1738 4808 et
1792 4751 1857 4806 ad
1900 4750 2111 4808 laudem
2166 4758 2365 4828 supini.
2409 4757 2700 4829 Pr0pterea
2741 4757 2945 4828 repleta
3007 4762 3095 4811 est
3142 4753 3338 4809 domus
3388 4746 3744 4823 gloriationil

506 4868 695 4910 eorum
764 4853 929 4909 fumo.

615 4951 631 4982 ί
677 4946 799 5004 Luc.
839 4965 897 5015 ιι,
928 4948 1015 5004 58.
1094 4948 1115 4978 ⁸
1145 4946 1295 5004 Deut.
1328 4944 1588 5011 xvthS,
1619 4946 1705 5000 l9.
1782 4946 1801 4977 ³
1834 4941 2038 5012 laa.vi,
2064 4945 2118 5000 4.
2193 4944 2216 4976 ⁵
2249 4943 2376 5000 ibid.
2399 4944 2467 5009 9;
2497 4944 2611 4999 Act.
2653 4958 2844 5007 xxvtu,
2867 4941 2960 4998 26.
3033 4941 3056 4973 ⁸
3079 4939 3231 4996 Paul.
3263 4955 3389 5005 va,
3429 4939 3483 4995 9.
3562 4940 3584 4971 ⁶
3608 4937 3737 4996 Ιεα.

508 5034 607 5082 vn,
632 5019 721 5073 Η.

575 5109 687 5179 (73)
722 5111 838 5179 Τὴν
857 5112 1342 5180 ἀνθομολόγησιν
1365 5108 1765 5178 προσεκόμιζε.
1801 5109 1895 5163 Est
1922 5109 2065 5179 apud

508 5177 649 5251 Lupe.
669 5177 1120 5251 ἀνθωμολογεῖτο,
1150 5177 1293 5249 quod
1342 5177 1532 5234 auctor
1568 5177 1632 5232 ut
1668 5177 2064 5251 ailversativum

508 5250 780 5304 subtiliter
806 5249 1047 5321 exponit.
1080 5249 1237 5321 Vulg.
1262 5259 1491 5315 tantum,
1512 5251 1901 5321 conﬁtebatur.
1938 5250 2067 5302 Era-

509 5332 682 5384 smus,
730 5320 908 5387 palam
951 5320 1299 5391 ronﬁtebatur
1331 5337 1349 5373 :
1383 5320 1526 5391 quod
1574 5320 1863 5391 adjectum,
1913 5335 2068 5374 sacer

510 5397 711 5453 textus,
746 5390 922 5447 minus
945 5392 1145 5446 habere
1172 5392 1399 5445 videtur.

578 5459 688 5529 (74)
723 5460 1111 5529 Παρενθέτως.
1158 5460 1318 5518 Velut
1360 5462 1813 5524 concomitanler;
1846 5459 1959 5514 ἀλλ’
1988 5462 2075 5513 ὲν-

510 5529 854 5602 σημάντρως,
887 5547 981 5600 per
1010 5549 1067 5588 se
1092 5543 1144 5587 et
1168 5532 1484 5593 formaliter,
1514 5547 1629 5602 seu,
1663 5540 1720 5602 ut
1750 5531 1817 5602 ab
1847 5531 1961 5596 ipsa
1984 5545 2076 5602 ea-

511 5600 631 5655 dem
662 5600 848 5663 causa,
887 5616 917 5653 a
959 5617 1065 5670 qua
1094 5618 1200 5655 non
1232 5601 1431 5664 fumus,
1468 5601 1565 5654 sed
1592 5600 1848 5669 splendor
1879 5609 1931 5653 et
1962 5600 2074 5652 cla-

514 5671 669 5746 ritas,
708 5672 1031 5746 videbantur
1072 5672 1286 5725 domum
1310 5671 1597 5746 ‘repletura
1625 5688 1653 5746 :_
1673 5683 1831 5746 verso
1862 5670 2071 5746 scilicet

519 5742 571 5796 in
613 5759 899 5810 venenum,
921 5740 1181 5794 'humana
1219 5741 1443 5805 malitia,
1490 5740 1830 5795 divinissinio
1865 5740 1955 5794 illo
1987 5753 2071 5793 rc-

2172 5110 2371 5165 medio.
2410 5107 2695 5168 Pantinus,
2740 5124 2841 5162 non
2871 5107 3066 5170 leviter,
3098 5123 3160 5160 ac
3187 5105 3323 5160 velut
3358 5104 3748 5174 perfunctorie,

2172 5180 2344 5234 levius
2384 5193 2515 5232 sane
2551 5178 2893 5247 defungentis
2926 5177 3171 5247 partibus
3205 5175 3363 5246 probi
3383 5174 3746 5247 interpretis.

2243 5250 2353 5315 (75)
2388 5246 2619 5314 Καινὴν
2643 5242 2975 5313 Oscis-6pm}.
3007 5245 3179 5301 Simili
3205 5242 3397 5315 phrasi
3427 5242 3591 5315 atque
3612 5242 3753 5315 Dio-

2243 5262 2353 5315 (75)
2388 5262 2619 5314 ιίιιινην
2643 5262 2975 5313 υεανοριαν.
3007 5262 3179 5301 Simul
3212 5262 3397 5315 pnrasn
3427 5262 3477 5299 at
3524 5262 3591 5299 ue
3612 5262 3753 5300 mo-

2172 5321 2363 5391 nysius
2389 5318 2589 5391 Areop.
2625 5319 2782 5391 epist.
2813 5318 2972 5391 4,_ad‘
2995 5315 3212 5391 Caium1
3236 5262 3555 5391 Osavaptxfllzv
3584 5314 3754 5387 ἐνέρ-

2174 5384 2327 5459 γέιαν
2356 5384 2566 5448 statuit,
2591 5384 3102 5459 quadam‘nimirum
3123 5384 3412 5441 reﬂexione
3440 5384 3751 5449 unitorum,

2175 5455 2241 5515 ex
2264 5459 2573 5514 arctissimo
2606 5455 2698 5510 illo
2722 5455 2882 5512 modo
2914 5456 3134 5511 unionis
3166 5471 3290 5510 vere
3309 5469 3593 5525 supremo;
3620 5469 3753 5507 ma-

2175 5531 2430 5583 nentibus
2460 5528 2812 5582 nihilominus
2839 5526 3097 5582 extremis
3121 5526 3174 5579 in
3199 5525 3300 5579 sibi
3329 5524 3562 5595 propriis
3589 5542 3601 5576 :
3630 5540 3753 5595 qua

2175 5600 2242 5653 de
2266 5616 2323 5654 re
2348 5598 2661 5653 doctissime
2698 5597 3076 5666 fusissimeque
3103 5596 3156 5650 in
3179 5592 3757 5665 eamdeut’epistolam

2174 5671 2485 5741 propediem
2515 5668 2755 5725 edendas
2782 5676 2968 5723 noster
2997 5666 3285 5722 Maximus.
