3962 6204
216 223 316 284 377

1292 229 1529 289 SERIIO
1566 229 1658 287 DE
1695 230 1993 291 SIMEONE
2027 231 2119 291 ET
2152 232 2362 293 ANNA.

3348 245 3457 304 578

284 346 389 401 ω.
419 345 534 403 Καὶ
562 347 794 423 ἐπείπερ
826 349 1066 422 ἥκουσαν
1090 350 1184 409 καὶ
1216 348 1373 421 αὖθις
1411 358 1551 432 πρὸς
1588 360 1656 431 τῇ
1686 356 1784 431 θὲᾳ

1958 357 2077 416 XI].
2106 358 2190 416 Ad
2218 359 2334 415 haec
2347 372 2502 426 vero,
2520 373 2647 415 cum
2670 367 2868 431 prater
2883 362 3278 432 spectaculum,
3301 366 3467 422 etiam

210 437 310 492 τοῦ
353 439 498 511 ὑπὲρ
520 440 646 494 θέαν
674 441 980 513 πρεσϐύτου
1009 433 1368 513 δικαιοτάτου,
1408 449 1601 524 ἀνδρὸς
1639 449 1790 516 aeto.

214 528 431 592 πίει-του.
467 532 658 603 ἀνδρὸς
682 532 1068 607 ἁξιοζηλώτου,
1089 538 1282 611 ἀνδρὸς
1320 543 1790 615 πνευματοφόρου,

216 621 412 693 ἀνδρὸς
442 624 924 696 νομοδιδασκάλου,
955 630 1219 703 ἱερωσύνῃ
1247 634 1628 705 τετιμημένου,
1654 652 1791 708 προ-

218 714 414 787 φητείᾳ
459 715 974 791 λελαμπρυσμένου,
1022 725 1088 794 τῇ
1122 722 1215 777 τοῦ
1245 724 1484 796 Χριστοῦ
1523 725 1700 781 ἑλπίδι
1729 727 1793 781 τὸ

214 804 308 877 ζῇν
336 810 826 881 παρεκτείναντος,
858 814 951 867 καὶ
990 814 1222 869 θανάτου
1243 816 1462 890 ὀφειλὴν
1505 818 1792 891 ὑπερτιθε-

218 899 399 969 μένου,
435 899 777 971 χορεύοντος,
818 905 1279 977 ἀνευφημοῦντος,
1313 926 1795 983 συμμεταμορφω-

216 989 376 1061 μένου
409 995 479 1064 τῇ
507 992 746 1066 θυμηδίᾳ
765 1034 780 1059 ,
811 995 930 1049 ὅλου
959 995 1306 1069 ἐξεστηκότος
1329 1000 1449 1072 Θεῷ
1481 1001 1579 1074 τὴν
1624 1003 1795 1074 καλὴν

213 1077 495 1145 ἔκστασιν,
525 1082 912 1156 ἀλλοιουμένου
947 1088 1027 1151 είς
1076 1088 1304 1157 ἄγγελον
1345 1090 1444 1163 τὴν
1487 1091 1658 1165 καλὴν
1698 1092 1795 1146 ἀλ-

211 1171 450 1238 λοίωσιν,
471 1176 542 1245 τῇ
572 1176 811 1247 ἀμετρίᾳ
842 1178 939 1248 τῆς
968 1181 1140 1250 χαρᾶς
1157 1180 1226 1233 τὰ
1247 1182 1539 1254 εύχαριστή
1549 1201 1638 1257 ρια
1657 1186 1792 1240 ἀνα-

212 1264 513 1336 μίλποντος
531 1285 546 1295 ⁸
574 1268 703 1335 Φῶς
726 1273 813 1337 εὶς
835 1268 1224 1343 ἀποκάλυψιν
1249 1275 1458 1343 ἐθνῶν,
1485 1279 1581 1331 καὶ
1606 1277 1795 1343 δόξαν

205 1354 357 1409 λαοῦ
392 1371 517 1410 σου
551 1358 792 1428 Ἰσραὴλ
822 1362 1283 1435 ἀνακηρύττοντος
1304 1383 1318 1397 ·
1355 1366 1448 1421 καὶ
1475 1369 1573 1439 οὐχ
1593 1368 1794 1424 εἴλοντο

206 1447 443 1502 ἀκοῦσαι
472 1448 548 1503 τὰ
597 1452 879 1521 ἀκουστὰ,
933 1457 1030 1509 καὶ
1082 1460 1195 1521 τοῖς
1240 1461 1581 1532 ἐπουρανίοις
1626 1480 1795 1535 προσ-

206 1539 455 1610 ωνητᾶ·
497 1539 590 1595 διὰ
632 1542 793 1597 τοῦτο
818 1545 1061 1618 ἐπλήσθη
1093 1551 1122 1602 ὁ
1172 1545 1319 1615 οἶκος
1347 1551 1447 1625 τῆς
1473 1555 1795 1627 καυχήσεως

205 1632 388 1684 αὐτῶν
416 1634 654 1689 καπνοῦ.
682 1637 901 1702 Καπνὸς
927 1638 1004 1707 δὲ,
1028 1638 1197 1713 ὀργῆς
1215 1645 1439 1713 σημεῖον
1468 1644 1563 1698 καὶ
1586 1646 1796 1717 τεκμή-

206 1741 339 1796 ριον,
374 1724 455 1789 ὡς
485 1728 838 1801 γέγραπται·
880 1731 1076 1802 Ἀνέϐη
1116 1736 1346 1802 καπνὸς
1385 1736 1455 1790 ἐν
1497 1738 1645 1808 ὀργῇ
1686 1741 1795 1795 αὐ·
1824 1722 1867 1778 Β

204 1816 329 1883 τοῦ,
371 1817 475 1871 καί
507 1818 630 1896 πῦρ
659 1821 781 1876 ἀπὸ
819 1823 1145 1893 προσώπου
1193 1827 1380 1881 αὑτοῦ
1424 1830 1796 1902 καταφλεῃῇ-

200 1923 373 1964 astat
391 1928 408 1941 °
451 1913 552 1966 καὶ
600 1914 659 1966 ὲν
702 1914 875 1988 ἑτέρῳ
897 1933 914 1949 ο
956 1917 1059 1972 Ἕν
1095 1918 1254 1974 ἔθνει
1306 1922 1536 1976 ἀπειθεῖ
1580 1922 1797 1997 ἐκκαυ-

204 1999 457 2067 θήσεται
483 2003 626 2071 πῦρ.
653 2004 832 2077 Ὅπερ
859 2005 922 2079 δὴ
965 2009 1242 2080 σημαίνων
1271 2011 1300 2064 ὁ
1336 2011 1541 2085 Κύριος
1578 2015 1635 2069 ὲν
1682 2018 1796 2080 τοῖς

204 2093 537 2166 σεϐασμίοις
576 2097 932 2166 Εὐαγγελίοις
962 2099 1114 2171 ἔλεγε
1148 2106 1262 2167 τοῖς
1300 2103 1607 2169 Ἰουδαίοις·
1648 2105 1793 2161 Ἰδοὺ

200 2189 441 2257 ἀφίεται
480 2193 517 2245 ό
542 2186 709 2257 οἶκος
730 2190 898 2261 ὑμῶν
927 2193 1166 2263 ἕρημος.
1205 2195 1287 2268 Πῆ
1331 2195 1407 2249 δέ·
1433 2195 1683 2267 Πέμψας
1722 2201 1795 2254 τὰ

200 2283 628 2351 στρατεύματα
672 2284 859 2338 αὐτοῦ
887 2287 921 2339 ό
956 2285 1289 2354 βασιλεὺς,
1329 2287 1609 2343 ἀπώλεσε
1651 2290 1795 2357 τοὺς

202 2372 409 2442 φονεῖς
432 2375 735 2443 ἐκείνους,
770 2377 867 2431 καὶ
900 2377 1014 2447 τὴν
1036 2381 1218 2433 πόλιν
1243 2379 1441 2434 αὐτῶν
1460 2381 1795 2451 ἐνέπρησεν

202 2463 464 2532 ἐνετιερί.
507 2464 697 2519 Ταῦτα
739 2467 837 2538 τῆς
880 2468 1178 2539 Ἰουδαϊκῆς
1206 2468 1492 2534 ἀπειθείας
1533 2471 1669 2543 πρὸς
1695 2471 1795 2543 τὴν

205 2562 498 2635 τριαδικὴν
539 2561 849 2633 δοξολογίαν
892 2565 1257 2620 ἐναντιώτατα
1278 2569 1345 2621 τὰ
1373 2566 1601 2623 ἔπαθλα.
1643 2566 1796 2620 Ἐπεὶ

206 2654 305 2726 γὰρ
328 2655 580 2728 ἡγιάσθη
609 2655 679 2710 τὰ
728 2658 940 2731 πέρατα
967 2659 1068 2730 τῆς
1103 2660 1194 2713 ὑπ’
1240 2659 1467 2733 οὐρανὸν
1490 2699 1505 2726 ,
1559 2660 1654 2715 καὶ
1698 2660 1796 2732 τῆς

206 2745 359 2819 δόξης
397 2750 616 2821 Κυρίου
646 2749 859 2822 πλήρης
899 2751 1124 2821 γέγονεν
1151 2753 1180 2804 ὁ
1226 2752 1480 2824 μέγιστος
1518 2748 1667 2817 οἶκος
1694 2755 1796 2826 τῆς

219 2840 553 2912 Ἑκκλησίας
579 2843 671 2896 διὰ
701 2843 790 2896 τοῦ
825 2845 1105 2916 τρισαγίου
1144 2845 1521 2917 κηρύγματος,
1551 2847 1626 2912 ὡς
1652 2847 1795 2922 ὕδωρ

205 2933 335 2989 πολὺ
369 2935 799 2990 κατακαλύπτον
829 2936 1132 3004 θαλάσσαςο
1166 2940 1343 3012 ἀπέϐη
1382 2942 1480 3011 μὲν
1513 2941 1697 3006 αὐτοῖς
1725 2941 1795 2996 τὰ

206 3024 441 3097 ᾀδόμενα
460 3068 475 3091 ,
513 3027 914 3122 συνεϐεϐαιὼθη
953 3030 1011 3083 δὲ
1054 3029 1132 3102 τῷ
1158 3031 1301 3084 τέλει
1329 3033 1477 3104 καὶὴ
1517 3035 1619 3105 τῆς
1658 3051 1793 3106 προ·
1820 3065 1863 3122 C

207 3122 437 3192 φητείας
462 3122 614 3193 ἁρχὴ
640 3121 771 3192 (76),
802 3124 1309 3197 ὲπισημηναμένου,
1358 3126 1611 3199 καθάπερ
1641 3126 1793 3180 λέλε-

208 3229 344 3279 κται,
395 3211 489 3268 διὰ
527 3213 625 3266 τοῦ
658 3213 971 3286 Πνεύματος
1001 3216 1094 3269 τοῦ
1125 3218 1364 3289 κήρυκος
1397 3219 1499 3289 τῆς
1538 3218 1794 3291 ἀληθείας

208 3305 259 3358 ὲν
288 3305 664 3376 ὑποδείγματι
690 3305 789 3377 τὴν
831 3307 1130 3378 μέλλουσαν
1158 3308 1426 3382 κακίστην
1454 3310 1657 3366 τούτων
1696 3326 1796 3370 κα-

206 3396 543 3469 ταστροφὴν,
573 3398 632 3449 ἐν
665 3392 746 3462 οίς
776 3416 927 3470 φησι·
962 3399 1071 3454 Τοῦ
1095 3401 1373 3456 ἐνιαυτοῦ
1395 3397 1467 3458 οὗ
1497 3403 1796 3461 ἀπέθανεν

217 3486 397 3555 Ὀζῖας
420 3491 454 3543 ό
479 3488 805 3556 βασιλεὺς,
830 3486 993 3545 εἶδον
1022 3490 1131 3544 τὸν
1156 3492 1405 3561 Κύριον·
1437 3493 1513 3557 ὡς
1540 3494 1635 3549 τοῦ
1658 3497 1795 3549 ἀπο-

210 3577 398 3630 στάτου
438 3576 627 3641 Ὀζίου
658 3580 739 3642 είς
785 3578 1134 3650 παράδειγμα
1180 3579 1378 3644 παντὸς
1418 3580 1509 3634 τοῦ
1554 3583 1795 3637 ἀποστα-

206 3668 347 3749 τικοῦ
382 3668 670 3740 σώματος,
701 3664 790 3724 οἷά
816 3687 877 3723 τε
924 3671 1132 3742 κεφαλὴ
1175 3671 1363 3725 τούτου
1397 3673 1757 3745 τυγχάνοντος
1775 3715 1791 3742 ,

205 3761 725 3834 ὲκλαμϐανομὲνου·
774 3762 834 3827 ὃς
871 3762 965 3817 καὶ
1010 3764 1168 3837 δίκην
1200 3764 1356 3830 τίσας
1393 3765 1496 3836 τῆς
1538 3766 1794 3834 αύθαδίας

209 3852 523 3927 ίσόρροπον,
556 3855 892 3924 ἐγκόλαπτον
920 3856 997 3920 ὼς
1041 3856 1225 3930 χαλκῷ
1252 3854 1531 3928 ἀνδριάντι
1568 3859 1645 3932 τῷ
1670 3876 1793 3931 μετ-

209 3944 333 4016 ώπῳ
407 3947 775 4018 ἀπηνέγκατο
828 3946 927 4018 τὴν
972 3945 1121 4001 θείαν
1169 3949 1478 4018 ἀπόφασιν,
1544 3948 1795 4022 βδελυρίᾳ

207 4035 429 4112 λέπρας,
495 4038 599 4109 τῆς
646 4038 1055 4112 βδελυρωτάτης
1102 4040 1357 4106 ἀσεϐείας
1403 4040 1503 4106 τὰς
1561 4042 1795 4114 ἀμοιϐὰς

210 4133 359 4187 πᾶσιν
378 4131 857 4203 ἐπιδεικνύμενος.
891 4132 1177 4203 θεοσόφως
1203 4134 1522 4208 τοιγαροῦν,
1557 4139 1623 4208 τῇ
1653 4150 1797 4208 παρ·

212 4221 459 4296 εξαγωγῇ
532 4224 635 4296 τῆς
689 4225 982 4297 ἀχαρίστου
1038 4228 1395 4299 συναγωγῆς,
1437 4230 1536 4302 τὴν
1581 4230 1796 4284 ἀντεισ-

208 4318 426 4390 αγωγὴν
488 4318 784 4390 ἐποιήσατο
835 4319 934 4391 τῆς
985 4319 1308 4392 εὐχαρίστου
1355 4323 1554 4394 ’Δννης
1606 4325 1636 4377 ό
1687 4323 1795 4377 τῶν

1894 454 2209 524 spectaculo
2237 452 2532 523 majorem,
2577 468 2761 509 senem
2801 454 3178 525 iustissimum
3227 458 3471 516 audivis-

1894 552 2048 612 sent;
2081 546 2259 600 virum
2289 544 2394 600 ﬁde
2421 543 2840 616 dignissimum,
2873 547 3052 602 virum
3101 549 3265 620 plane
3299 565 3471 608 zema-

1893 637 2097 693 latione
2117 636 2364 707 dignum,
2403 635 2580 691 virum
2602 635 2841 691 ablatum
2869 636 3095 709 Spiritu,
3127 641 3307 696 virum
3335 643 3472 715 legis

1894 728 2205 793 doctorem,
2247 728 2556 785 sacerdotio
2602 728 2967 794 honoratum,
3020 732 3305 803 prophetia
3345 735 3473 791 illu-

1894 827 2084 882 strem,
2128 835 2224 891 spe
2245 821 2314 877 de
2344 807 2566 875 Christo
2590 829 2856 891 concepta
2916 822 3042 878 vitai
3063 823 3263 879 limites
3282 834 3472 880 exten-

1894 911 2147 976 dentem,
2188 911 2491 981 mortisque
2540 911 2781 967 debitum
2814 910 3153 969 dill'erentem
3206 932 3221 969 :
3268 914 3466 981 talem,

1894 1003 2148 1073 inquam,
2179 1016 2304 1057 cum
2324 1001 2627 1068 vidissent,
2659 1002 3024 1068 exsilientem,
3056 1004 3196 1061 bene
3215 1004 3468 1059 ominan-

1893 1103 2041 1160 tem,
2071 1110 2183 1166 pra‘.
2218 1094 2404 1150 laetitia
2429 1094 2598 1149 animi
2628 1094 2682 1149 in
2708 1093 2941 1150 formam
2964 1096 3124 1150 aliam
3155 1102 3425 1151 mutatum
3446 1134 3466 1162 ,

1894 1188 1987 1260 qui
2013 1195 2162 1245 totus
2206 1186 2319 1244 Deo
2361 1187 2691 1244 excessisset
2735 1203 2967 1245 excessu
3012 1189 3239 1260 bono';
3268 1191 3361 1262 qui
3410 1192 3469 1247 in

1895 1283 2186 1354 angelum,
2232 1282 2375 1335 bona
2407 1282 2640 1351 quadam
2693 1282 3054 1348 alteratione,
3101 1284 3240 1340 alter
3288 1284 3474 1342 iactus

1893 1375 2214 1441 transisset;
2246 1374 2449 1444 quique
2473 1389 2585 1443 pra:
2616 1373 2798 1444 gaudii
2835 1374 3234 1440 immensitate,
3266 1376 3471 1433 eucha-

1892 1468 2114 1523 risticos
2146 1466 2339 1521 modos
2365 1466 2725 1529 decantaret;
2762 1480 2825 1520 ac
2861 1463 3063 1520 Lumen
3087 1465 3156 1520 ad
3191 1467 3470 1523 revelatio-

1896 1578 2012 1616 ncm
2040 1562 2290 1628 gentium,
2327 1567 2377 1613 et
2405 1558 2632 1629 gloriam
2672 1556 2837 1626 plebis
2875 1566 2980 1612 tum
3020 1556 3194 1613 Israel
3211 1558 3258 1624 ⁸,
3289 1559 3471 1630 palam

1897 1655 2237 1709 renuntiaret
2269 1671 2282 1707 :
2316 1668 2418 1708 nec
2464 1652 2546 1708 sic
2594 1659 2777 1706 tamen
2822 1652 2925 1707 sub
2962 1653 3209 1707 auditum
3249 1654 3468 1723 posita,

1896 1754 2059 1817 atque
2082 1746 2298 1816 superis
2322 1745 2454 1815 ipsis
2476 1743 2813 1799 venerationi
2849 1744 3123 1809 habenda,
3154 1745 3343 1801 audire
3369 1760 3470 1799 vo-

1894 1840 2143 1895 luerunt:
2167 1841 2519 1907 quamobrem
2536 1836 2731 1891 domus
2750 1836 3091 1908 gloriationis
3112 1851 3302 1892 eorum
3321 1836 3472 1892 fumo

1894 1930 2101 1999 repleta
2124 1934 2227 1982 est.
2252 1925 2349 1981 Est
2381 1939 2513 1980 vero
2548 1923 2731 1979 fumus
2763 1924 2978 1994 signum
3015 1923 3128 1988 irae,
3152 1931 3473 1995 certumque

1895 2025 2299 2090 argumentum,
2333 2016 2474 2071 sicut
2496 2015 2757 2083 scriptum
2788 2021 2912 2069 est:
2947 2013 3198 2069 Ascendit
3218 2014 3394 2084 fumus
3417 2015 3473 2069 in

1894 2116 1977 2167 ira
2015 2111 2150 2180 ejus,
2177 2118 2225 2163 et
2251 2109 2390 2179 ignis
2423 2106 2628 2175 a'facie
2650 2104 2766 2176 ejus
2785 2106 2988 2159 exarsit
3019 2107 3062 2161 ’.
3095 2104 3162 2160 Et
3192 2106 3321 2161 alibi
3354 2124 3367 2160 :
3403 2103 3471 2159 In

1894 2211 2044 2275 gente
2074 2200 2369 2256 incredibili
2408 2197 2712 2254 exardescet
2760 2198 2895 2268 ignis
2928 2198 2993 2251 ¹⁰.
3035 2194 3192 2264 Quod
3224 2196 3384 2267 plane
3412 2197 3472 2252 in

1894 2292 2299 2347 venerabilibus
2322 2288 2634 2361 Evangeliis
2665 2288 2982 2359 signiﬁcans
3010 2287 3294 2353 Dominus,
3328 2288 3474 2345 dice-

1895 2385 1989 2440 bat
2011 2383 2216 2441 Iudaeis
2233 2403 2246 2439 :
2261 2382 2397 2437 Ecce
2423 2383 2745 2453 relinquetur
2773 2381 2961 2436 domus
2983 2388 3154 2436 vestra
3178 2379 3387 2436 deserta
3405 2380 3471 2437 “.

1894 2475 2019 2530 Alio
2051 2476 2180 2532 item
2207 2478 2332 2532 loco
2363 2492 2379 2531 :
2416 2476 2635 2531 Mittens
2659 2490 2754 2530 rex
2779 2475 3039 2528 exercitus
3062 2489 3206 2533 suos.
3243 2471 3471 2543 perdidit

1895 2567 2190 2623 homicidas
2217 2568 2358 2633 illos,
2389 2577 2441 2623 et
2472 2568 2735 2623 civitatem
2761 2582 2942 2621 eorum
2970 2565 3241 2621 succendit
3266 2566 3377 2637 igni
3404 2566 3473 2620 η.

1895 2659 2073 2733 Atque
2094 2660 2363 2731 ejusmodi
2395 2661 2611 2733 quidem
2651 2669 2779 2719 sunt
2820 2659 3062 2716 Judaica:
3093 2657 3473 2727 inﬁdelitatis,

1898 2765 2006 2821 qua
2039 2752 2266 2821 gloriam
2322 2749 2578 2806 Trinitati
2639 2752 2879 2808 debitam
2930 2750 3136 2807 referre
3182 2757 3470 2814 recusant,

1898 2842 2282 2898 adversissiina
2316 2844 2558 2913 praemia.
2609 2840 2904 2915 Postquam
2951 2843 3097 2900 enim
3150 2842 3474 2899 saiictiticati

1897 2943 2026 2992 sunt
2053 2932 2270 2991 lci-mini
2317 2941 2511 2999 terrai,
2572 2936 2885 3008 repletaque
2937 2944 3021 2992 est
3053 2935 3224 3007 gloria
3257 2933 3475 2989 Domini

1897 3028 2133 3083 maxima
2162 3027 2359 3083 domus
2384 3027 2630 3084 Ecclesia
2674 3029 2718 3060 ¹³
2744 3070 2758 3094 ,
2814 3030 2884 3084 ab
2936 3029 3120 3099 hymni
3169 3036 3254 3083 ter
3293 3027 3476 3084 sancti

1897 3120 2282 3192 pmdicatione
2306 3162 2321 3187 ,
2367 3135 2467 3175 ceu
2504 3135 2647 3190 aqua
2695 3120 2866 3176 multa
2894 3120 3216 3192 conperiens
3246 3119 3418 3174 maria
3454 3136 3471 3174 :

1895 3217 2195 3268 evenerunt
2227 3210 2447 3281 quidem
2479 3211 2614 3281 ipsis
2636 3227 2758 3283 quin
2789 3220 2949 3267 antea
2973 3211 3190 3267 fuerant
3221 3225 3474 3281 praiiiun-

1896 3307 2063 3373 tiata;
2109 3303 2406 3375 prophetiae
2448 3311 2632 3359 autem
2678 3304 2893 3359 initium
2934 3305 3098 3361 etiam
3132 3303 3238 3359 line
3276 3301 3480 3359 conﬁr-

1896 3404 2094 3451 matum
2111 3403 2225 3452 est:
2266 3394 2605 3466 signiﬁcante
2629 3436 2644 3462 ,
2678 3403 2737 3450 ut
2757 3395 2963 3451 dictum
3009 3405 3131 3461 est,
3174 3410 3270 3469 per
3301 3393 3476 3466 Spiri-

1895 3498 2045 3556 tum,
2077 3489 2226 3544 velut
2255 3488 2311 3543 in
2342 3487 2591 3558 exemplo
2615 3527 2629 3553 ,
2659 3502 2912 3559 praecone
2936 3487 3184 3543 veritatis
3207 3529 3222 3552 ,
3257 3486 3478 3542 teterri-

1896 3598 2041 3638 mam
2080 3597 2268 3639 eorum
2303 3581 2717 3637 subversionem
2767 3580 3040 3643 futuram,
3072 3579 3305 3635 dicendo
3348 3598 3362 3634 :
3406 3577 3474 3634 In

1896 3692 2035 3729 anno
2064 3692 2166 3746 quo
2197 3684 2436 3728 mortuus
2464 3681 2543 3727 est
2588 3671 2750 3728 Ozias
2780 3687 2873 3726 rex
2894 3712 2909 3737 ,
2941 3672 3047 3727 vidi
3091 3671 3374 3725 Dominum
3404 3670 3472 3736 ¹¹⁸,

1894 3763 2156 3818 nimirum
2182 3768 2466 3832 assumpto
2481 3759 2617 3816 Ozia
2650 3767 2920 3830 apostata,
2943 3761 3090 3816 velut
3113 3761 3167 3815 in
3192 3761 3475 3833 exemplar

1894 3855 2061 3910 totius
2092 3853 2378 3924 apostatici
2412 3853 2661 3923 corporis
2686 3892 2700 3917 ,
2749 3859 2808 3907 ut
2844 3852 3003 3922 cujus
3040 3861 3204 3923 caput
3230 3861 3416 3923 ageret
3449 3873 3466 3910 :

1895 3948 1989 4019 qui
2028 3949 2228 4013 etiam,
2274 3963 2491 4018 pinnam
2529 3948 2766 4004 debitam
2814 3946 3140 4003 temeritatis
3184 3947 3374 4013 luens,
3409 3948 3469 4005 in

1896 4038 2075 4095 fronte
2114 4046 2373 4109 tanquam
2418 4055 2568 4095 aenea
2597 4038 2832 4110 quadam
2881 4045 3096 4105 statua,
3141 4039 3472 4110 insculptain

1894 4131 2196 4202 reportavit
2222 4131 2421 4187 divinae
2472 4131 2698 4187 ultionis
2725 4131 3054 4202 potentiam,
3101 4129 3265 4202 lepra;
3311 4129 3477 4186 foedi-

1897 4230 2007 4279 tate
2040 4221 2356 4279 fmdissinize
2412 4222 2710 4294 impietatis
2756 4222 3170 4279 retributionem
3218 4223 3479 4282 omnibus

1897 4316 2180 4372 exhibens.
2230 4314 2574 4387 Quapropter
2606 4317 2790 4372 divine
2820 4316 3052 4386 sapienti
3082 4315 3326 4386 judicio,
3380 4318 3476 4389 qui

210 4409 572 4465 τελεσθέντων
610 4410 967 4484 προγνὼστης
986 4453 1001 4479 ,
1045 4410 1112 4486 ἦς
1140 4408 1235 4467 ml
1277 4413 1340 4468 τὸ
1380 4415 1549 4487 ὄνομα
1593 4418 1794 4489 προδη-

1899 4425 2082 4465 rerum
2118 4409 2383 4481 praescius
2406 4417 2545 4472 erat,
2579 4409 2869 4479 ejiciendae'
2889 4408 3117 4480 ingrata:
3152 4407 3475 4482 Syuagogie,

211 4499 431 4558 λωτικὸν
480 4504 585 4575 τῆς
630 4502 773 4558 κατὰ
828 4505 989 4576 χάριν
1031 4504 1272 4578 Χριστοῦ
1328 4505 1417 4560 τοῦ
1468 4506 1604 4561 Θεοῦ
1656 4509 1794 4589 δεδι-

212 4597 528 4669 καιωμένης
595 4597 923 4669 Ἐκκλησίας
971 4598 1030 4653 ὲν
1074 4596 1154 4669 τῷ
1201 4597 1558 4672 βαπτίσματι.
1624 4602 1796 4658 Ἀννα

212 4690 314 4761 γὰρ
344 4690 529 4761 χάρις
556 4690 943 4763 ἑρμηνεύεται.
1006 4768 1019 4781 θ

278 4870 374 4925 IP'.
424 4871 573 4925 Ἀλλ’
598 4871 763 4926 αὐτοῦ
790 4889 892 4926 που
914 4873 1029 4935 τοῖς
1054 4871 1386 4947 προσόρμοις
1427 4872 1795 4927 καταπαύσω-

220 4975 309 5031 μεν
335 4963 440 5035 τὴν
480 4962 853 5036 σταυροφόρον
881 4962 1083 5017 ὁλκάδα
1109 4963 1344 5035 (77),τοῦ
1381 4963 1563 5033 λόγου,
1605 4963 1693 5018 διὰ
1729 4965 1793 5019 τὸ

1897 4512 2066 4574 grata
2123 4503 2270 4559 illius
2319 4502 2497 4558 vidua:
2541 4502 2711 4557 Annae
2765 4502 3138 4558 inductionem
3186 4503 3479 4574 opposuit;

1897 4593 2057 4665 cujus
2090 4595 2173 4651 vel
2209 4610 2407 4650 nomen
2490 4593 2820 4659 Ecclesiain,
2851 4594 3057 4650 Christi
3090 4593 3182 4650 Dei
3214 4596 3390 4666 gratia
3420 4595 3476 4652 iii

1896 4687 2170 4759 baptismo
2200 4687 2554 4757 justiﬁcatani
2582 4726 2598 4753 ,
2636 4687 2951 4759 praesignat.
2980 4685 3115 4741 Nam
3151 4686 3310 4741 Anna
3349 4704 3479 4757 gra-

1897 4780 2031 4835 tiam
2067 4787 2247 4836 sonat.

1969 4871 2108 4927 XIII.
2143 4871 2412 4928 Caeterum
2447 4872 2576 4937 hic,
2622 4880 2884 4943 tanquam
2933 4870 2989 4925 in
3038 4876 3198 4940 portu
3224 4909 3240 4933 ,
3296 4870 3479 4927 crucis

1900 4964 2186 5036 signaculo
2216 4964 2531 5036 insignitam
2564 4978 2757 5020 navem
2789 4964 3124 5035 appellentes
3144 5002 3160 5027 ,
3210 4962 3481 5017 orationis

282 5113 366 5203 7.1,]
394 5114 528 5203 ρον.
567 5135 621 5179 v,
650 5117 764 5203 16._
829 5119 851 5151 ⁸
872 5117 1094 5203 ἐπέχῃ,
1116 5118 1206 5203 σε.
1280 5121 1303 5154 ³
1342 5119 1492 5176 Psal.
1528 5136 1658 5189 xvii,
1690 5120 1746 5177 9.

1897 5120 2057 5176 Eccli.
2092 5136 2232 5188 xx",
2259 5120 2309 5176 7.
2388 5121 2430 5153 ¹¹
2466 5118 2661 5177 Matth.
2687 5136 2851 5187 mil,
3053 5120 3097 5151 "
3122 5116 3319 5174 Matth.
3340 5133 3479 5186 xvu,

222 5181 270 5238 Ἰ.
308 5186 353 5217 ⁸³
383 5186 504 5244 Isa.
537 5206 615 5255 vi,
649 5191 704 5256 5,
737 5190 792 5245 4.
872 5191 916 5223 ¹⁸
942 5189 1073 5245 ibid.
1111 5193 1162 5245 l.

285 5325 399 5406 (76)
441 5330 660 5406 3‘11"";
705 5334 1069 5404 προφητείας
1115 5333 1293 5404 ἀρχή.
1346 5333 1629 5406 Signiﬁcat
1682 5337 1799 5406 ipsa

222 5400 636 5477 gmsiignationc
667 5400 960 5475 temporis.
995 5400 1099 5477 sub
1128 5400 1349 5477 annum,
1370 5400 1555 5462 obitus
1591 5400 1733 5477 regis
1768 5421 1799 5460 a

228 5463 330 5547 [’80
362 5463 636 5547 percussi,
673 5463 1029 5547 proplieiasse
1060 5471 1291 5547 Isaiam;
1340 5463 1799 5547 idquepostiuu-

228 5534 591 5619 duini—clarius
619 5534 802 5619 verbis
828 5546 1119 5616 expressit,
1150 5534 1296 5617 quod
1320 5534 1590 5619 interpres
1620 5549 1801 5605 minus

232 5607 440 5665 videtur
468 5615 785 5672 advertisse.

295 5675 414 5753 (77)
455 5684 569 5753 Τὴν
612 5688 1028 5759 σταυροφόρον
1056 5683 1304 5743 ὁλκάδα.
1343 5684 1705 5747 Distinsiinus
1745 5690 1800 5747 in

1900 5334 2354 5416 interpretatione
2388 5341 2449 5391 ut
2476 5334 2678 5416 habent
2707 5334 3060 5416 Graecahnon
3095 5329 3479 5416 utAPautinus,

1900 5401 2279 5488 componendo
2307 5406 2388 5472 τὸ,
2416 5405 2510 5459 τοῦ
2543 5405 2724 5489 λόγου,
2750 5420 2873 5485 cum
2898 5402 3114 5458 ὁλκάδα.
3150 5401 3290 5488 Quid
3315 5417 3482 5474 porro

1900 5476 1990 5531 hic
2029 5476 2231 5531 ὁλκάδα
2266 5476 2632 5541 σταυροφὸρον
2680 5474 2965 5541 intelligat,
3003 5476 3148 5537 haud
3174 5486 3242 5531 ita
3265 5492 3481 5541 perspe-

1900 5492 1990 5531 iiic
2029 5492 2231 5531 ολκαοα
2266 5493 2632 5558 σταυροιρορον
2680 5492 2965 5557 Ιιιιῦειιιᾳξιι,
3005 5492 3148 5537 naua
3174 5492 3242 5531 ita
3265 5492 3481 5550 perspe-

1900 5555 2049 5602 ctum
2083 5547 2370 5603 habuerim
2403 5567 2415 5602 :
2448 5563 2555 5602 nisi
2590 5548 2726 5602 lorte
2753 5553 2825 5599 ita
2857 5544 3011 5611 dicit,
3045 5549 3173 5617 quia
3205 5556 3314 5599 tina
3340 5562 3481 5669 πρα-

1902 5616 2137 5669 γματεία
2169 5618 2283 5669 hmo
2324 5626 2589 5669 acstauue
2634 5616 2722 5669 hic
2753 5616 2957 5669 omnia.
2991 5625 3044 5669 et
3074 5616 3204 5669 olim
3249 5632 3383 5669 nron
3421 5632 3481 5669 e-

1902 5616 2283 5696 yparsiahzec
2324 5626 2589 5688 gestaque
2634 5616 2957 5696 liic_oiiiiiia,
2991 5625 3044 5673 et
3068 5616 3222 5696 olim
3249 5616 3481 5696 prophe-

1902 5684 2016 5744 tata
2048 5688 2117 5744 ab
2147 5686 2307 5760 Isaia,
2329 5684 2571 5746 'crucem
2604 5686 2925 5758 respiciunt,
2983 5703 3102 5757 qua:
3151 5684 3480 5743 fuit'Judwis
