3972 6212
241 285 337 344 581

1327 283 1561 341 SERMO
1597 283 1687 340 DE
1725 283 2025 340 SIMEONE
2061 285 2150 340 ET
2187 283 2398 342 ANNA.

3367 278 3472 334 582

235 401 336 470 Μὴ
355 398 542 472 εεοὸοῦ
564 400 986 474 (81),τόιιι.κρὸν
1006 402 1400 471 ποίμνιον,τάς
1412 404 1706 475 τρικυμίας
1720 410 1786 457 τοἐ

1919 419 2033 457 ram
2058 404 2123 456 ".
2156 402 2316 458 Salve
2349 400 2514 472 igitur
2531 406 2585 454 et
2613 407 2692 467 tu,
2728 407 2838 455 toto
2858 398 2990 454 orbe
3018 398 3192 468 posita
3227 396 3469 452 Ecclesia

234 491 460 564 ἐχθροῦ·
481 493 564 545 ὅτι
577 491 909 560 εὐδόκησεν
935 497 968 548 ὀ
999 493 1200 562 Πατὴρ
1217 493 1428 548 δοῦναι
1447 511 1544 549 σοι
1565 495 1678 563 τὴν
1697 497 1786 561 ,βαι

1910 493 2212 558 catholica,
2250 507 2467 564 unaque
2502 491 2789 545 nobiscum
2818 489 3050 544 exsulta.
3105 486 3186 541 Ne
3241 490 3469 557 pusillus

233 586 500 650 σιλείαν,
527 586 621 639 καὶ
649 585 742 638 ἐπὶ
764 585 1030 657 τραχήλου
1056 585 1164 639 τῶν
1180 586 1390 658 ἐχθρῶν
1419 604 1510 640 σου
1531 587 1804 658 ἐπιϐῆναι.

231 677 406 748 Χαῖρε
434 677 528 730 καὶ
556 677 904 748 εὐφραίνου,ή
931 677 1096 731 πάλαι
1118 677 1304 748 στείρα
1330 679 1424 732 καὶ
1453 679 1645 748 ἄγονος
1673 676 1808 750 πρὸς

234 769 554 832 εὐσέϐειαν,
607 769 724 822 νυνὶ
755 769 809 822 δὲ
856 768 1023 822 πολλά
1068 768 1137 822 τὰ
1185 771 1283 841 τῆς
1332 770 1567 834 πίστεως
1611 770 1805 842 ἔχουσα

233 859 417 912 τέκνα.
459 859 684 929 Χαίροις
714 859 809 912 καὶ
839 861 923 924 σὺ,
954 860 1078 922 λαὸς
1105 859 1198 912 τοῦ
1219 859 1374 923 Θεοῦ,
1401 860 1550 926 λαὸς
1575 861 1805 929 περιού-

234 967 388 1014 σιος,
416 951 744 1014 ,βασίλειον
771 949 1099 1020 ἱεράτευμα,
1130 951 1304 1017 ἔθνος
1334 951 1521 1022 ἅγιον,
1547 952 1691 1018 λαός
1718 955 1804 1018 εἰς

233 1042 653 1108 περιποίησιν·
701 1039 985 1110 ἐξάγγελε
1031 1043 1136 1107 τὰς
1170 1032 1381 1110 ἀρετὰς
1420 1042 1526 1096 τοῦ
1552 1043 1620 1097 ἐκ
1655 1047 1800 1098 σκό-

234 1147 372 1195 τους
427 1146 503 1184 σε
557 1130 922 1198 καλέσαντος
971 1135 1056 1198 εις
1106 1132 1171 1186 τὸ
1224 1134 1566 1204 θαυμαστὸν
1617 1135 1800 1190 αὑτοῦ

229 1220 353 1293 φῶς
371 1240 385 1254 ·
421 1223 566 1296 ὑπὲρ
596 1224 774 1288 ἐλέους
802 1224 858 1278 δὲ
886 1225 1069 1291 δόξαζε
1101 1225 1282 1281 αὐτόν.

291 1493 392 1546 1Δ’.
433 1491 655 1562 Χαίροις
685 1492 764 1554 είς
786 1492 930 1562 ἀεὶ,ή
962 1491 1192 1562 ἄληκτος
1227 1491 1380 1562 ἡμῶν
1411 1493 1581 1563 χαρὰο
1618 1494 1710 1546 ὲπὶ
1737 1491 1796 1545 σὲ

218 1583 329 1653 γὰρ
367 1583 534 1635 πάλιν
565 1582 953 1654 ἁνατρέχομαι.
984 1583 1054 1634 Σὺ
1088 1583 1186 1652 τῆς
1218 1583 1408 1653 ἑορτῆς
1435 1584 1592 1654 ἡμῶν
1619 1587 1790 1658 ἀρχήο

216 1676 287 1728 σὺ
320 1675 591 1745 μεσότης·
628 1676 692 1728 σὺ
720 1673 920 1737 τέλειος
950 1672 1096 1742 (82)·
1134 1676 1162 1727 ὁ
1204 1675 1493 1746 πολύτιμος
1529 1678 1795 1750 μαργαρί-

1906 601 2071 655 grex,
2126 599 2354 655 magnas
2405 581 2614 638 inimici
2674 587 3026 650 tempestates
3087 580 3309 640 timeas;
3345 583 3469 648 quia

1907 678 2220 746 complacuit
2251 676 2405 730 Patri
2433 674 2562 729 dare
2587 673 2680 728 tibi
2702 689 2915 750 regnum
2941 673 3022 738 ²³;
3057 680 3110 726 ει
3144 679 3201 725 ut
3232 672 3466 725 hostium

1905 775 2122 822 tuorum
2175 767 2354 822 calces
2410 767 2568 821 colla.
2639 763 2798 817 Salve
2852 770 2904 817 et
2955 765 3156 825 laetare,
3188 760 3465 832 quondam

1905 859 2104 916 sterilis
2142 859 2206 922 “,
2238 867 2291 913 et
2320 859 2438 913 sine
2472 856 2656 911 liberis
2685 854 2751 908 ad
2795 853 3074 923 pietatem;
3107 867 3252 906 nunc
3286 859 3468 905 autem

1903 951 2103 1005 multos
2134 949 2344 1004 habens
2380 947 2502 1002 tidei
2536 947 2755 1002 liberos.
2790 943 2948 998 Salve
2979 952 3034 997 tu
3069 959 3317 1013 quoque,
3373 940 3466 996 Dei

1902 1042 2098 1113 popnle
2131 1060 2143 1096 :
2175 1042 2364 1112 popule
2413 1050 2647 1109 accepta,
2700 1037 2873 1108 regale
2899 1035 3250 1089 sacerdotium
3279 1074 3295 1099 ,
3343 1051 3467 1104 gens

1901 1143 2105 1198 sancta,
2128 1133 2311 1201 popule
2337 1133 2390 1186 in
2415 1130 2808 1201 acquisitiouem
2831 1128 3081 1183 :euuutia
3099 1130 3314 1180 virtutes
3328 1125 3463 1194 ejus,

1900 1224 1989 1293 qui
2041 1233 2091 1277 te
2155 1223 2354 1277 vocavit
2422 1223 2486 1276 de
2544 1219 2764 1274 tenebris
2827 1220 2882 1272 in
2937 1217 3250 1271 admirabile
3295 1217 3466 1269 lumen

1900 1327 2054 1365 suum
2095 1312 2140 1343 “
2184 1330 2198 1366 :
2239 1326 2405 1382 super
2434 1308 2812 1365 misericordia
2857 1316 3039 1362 autem
3083 1323 3183 1362 sua
3224 1305 3468 1378 gloriﬁca

1897 1417 2043 1457 eum.

1967 1491 2104 1547 XIV.
2143 1490 2297 1548 Salve
2333 1493 2388 1547 in
2418 1489 3022 1554 teternum,indesinens
3067 1497 3250 1542 nostra
3283 1489 3467 1542 laetitia

1899 1584 2012 1656 [Dei
2040 1585 2285 1640 Genitrix
2331 1584 2518 1656 Virgo]
2557 1603 2572 1640 :
2611 1585 2677 1638 ad
2713 1593 2764 1638 te
2802 1584 2944 1639 enim
2983 1597 3174 1636 rursus
3211 1595 3460 1634 accurro.

1896 1675 1974 1730 Tu
2008 1677 2166 1731 nobis
2197 1676 2343 1731 festae
2367 1677 2503 1730 lucis
2535 1675 2780 1742 initium;
2819 1685 2873 1728 tu
2916 1673 3172 1735 medium,
3201 1681 3256 1724 tu
3293 1670 3416 1725 ﬁnis
3447 1688 3461 1725 :

211 1783 319 1836 της
345 1765 453 1835 τῆς
485 1764 785 1834 βασιλείας·
813 1767 874 1818 τὸ
898 1764 1065 1828 ὅντως
1084 1762 1252 1836 οὖθαρ
1280 1765 1458 1837 πάσης
1482 1768 1786 1836 ἁγιστείας·

1896 1768 2286 1838 pretiosissima
2323 1768 2471 1838 regni
2505 1755 2793 1838 margarita
2823 1784 2838 1833 ;
2867 1781 2995 1820 vere
3031 1766 3199 1818 totius
3232 1763 3468 1817 victimae

207 1855 275 1909 τὸ
316 1855 564 1926 ἔμψυχον
599 1855 982 1927 θυσιαστήριον
1024 1854 1117 1908 τοῦ
1144 1858 1307 1927 ἄρτου
1339 1858 1436 1928 τῆς
1465 1858 1627 1930 ζωῆς.
1659 1861 1794 1912 Χαί-

209 1966 357 2019 ροις,
399 1948 620 2018 ἀγάπης
651 1947 784 2000 Θεοῦ
815 1947 1054 2018 θησαυρέ
1074 1966 1087 1979 ο
1123 1949 1353 2020 χαίροις,
1388 1950 1794 2023 φιλανθρωπίας

207 2039 348 2093 Υξοῦ
402 2040 552 2109 πηγή
579 2056 590 2066 ⁸
643 2040 869 2110 χαίροις,
901 2040 1213 2110 Πνεῦματος
1257 2040 1412 2108 ἁγίου
1465 2042 1793 2096 κατάσκιον

206 2128 378 2195 ἔρος.
419 2128 760 2199 Ἦστραψας,
794 2128 1106 2199 γλυκύδωρε
1139 2129 1397 2200 γεννῆτορ
1437 2129 1612 2198 φωτὸς
1641 2130 1792 2200 ἡλια-

204 2215 578 2287 κοῦ,πυρσοῖς
610 2217 1002 2288 ἁκαρτερήτοις
1043 2216 1262 2287 ἀγάπης
1302 2217 1695 2290 ὑπερζεοῦσης,
1728 2220 1789 2272 τὸ

203 2308 319 2378 πρὸ
353 2307 531 2378 ἀρχῆς
564 2307 862 2379 συλληφθὲν
891 2309 948 2362 ἐν
971 2308 1048 2380 τῷ
1076 2309 1216 2362 τέλει
1254 2309 1506 2371 τεκοῦσα,
1543 2311 1788 2382 φανερὼ-

204 2417 360 2454 σασα
384 2400 446 2452 τὸ
480 2400 722 2470 κρυπτὸν
758 2401 1050 2473 μυστήριον
1077 2401 1168 2454 καὶ
1198 2400 1480 2471 ἀλάλητον,
1506 2402 1595 2455 τὸν
1619 2405 1786 2472 ἀορά-

201 2507 302 2544 του
337 2491 555 2562 Πατρὸς
586 2490 733 2556 Υἱὸν,
759 2491 979 2562 εἰρήνης
1007 2491 1327 2562 βραϐευτὴν,
1355 2493 1532 2563 πάσης
1562 2495 1788 2564 γενόμε-

203 2599 295 2634 νον
332 2583 536 2652 ἥττονα
579 2581 913 2654 βραχύτητος
955 2583 1287 2653 παραδόξως.
1322 2584 1420 2636 Διά
1449 2584 1604 2638 τοῦτο
1639 2585 1786 2638 ὲκλι-

203 2671 500 2743 παροῦμέν
547 2689 604 2724 σε
655 2672 755 2742 τὴν
803 2673 1010 2742 ἀμείνω
1055 2673 1305 2738 πάντων,
1361 2677 1454 2729 καὶ
1509 2675 1787 2748 μητρῴαις

206 2762 561 2832 ὲπαυχοῦσαν
598 2767 782 2834 τιμαῖς
832 2765 924 2816 καὶ
977 2767 1326 2838 παρῤησίαις,
1375 2769 1591 2838 μνήμην
1639 2768 1787 2822 ἀδιά-

203 2853 431 2908 λειπτον
479 2852 637 2924 ἡμῶν
681 2853 857 2915 ποιοῦ,
900 2857 1139 2923 παναγία
1167 2856 1416 2919 Θεοτόκε,
1464 2858 1557 2911 καὶ
1604 2860 1683 2922 είς
1729 2859 1786 2912 σὲ

203 2947 788 3017 κατακαλλυνομένων,
817 2949 908 3000 καὶ
939 2948 1126 3018 ὕμνοις
1156 2947 1479 3020 θεοπρεπέσι
1513 2952 1787 3023 γεραιρόν-

199 3053 310 3091 των
342 3055 442 3092 σου
469 3038 569 3110 τὴν
602 3039 826 3102 ἀείζωον
859 3038 953 3092 καὶ
997 3038 1376 3104 ἀνεξάλειπτον
1404 3042 1641 3113 μνήμην.
1677 3044 1784 3096 Kal.

205 3132 266 3183 σὺ
290 3131 354 3183 δὲ
376 3131 567 3194 αὐτὸς,
593 3124 637 3182 ὦ
661 3130 934 3203 πρεσϐῦτα
960 3131 1108 3202 τίμιε
1134 3131 1377 3203 Συμεὼν,
1404 3133 1500 3205 τῆς
1527 3133 1782 3198 εὐσεϐοῦς

201 3222 362 3292 ἡμῶν
401 3221 699 3292 θρησκείας
729 3221 1007 3294 προδοχεῦ,
1040 3223 1132 3276 καὶ
1163 3224 1260 3294 τῆς
1285 3223 1393 3278 τῶν
1422 3224 1624 3278 πιστῶν
1654 3227 1782 3278 ἀνα-

208 3314 456 3374 στάσεως
488 3312 747 3383 ὲξηγητὰ,
783 3313 1226 3385 συμπρεσϐευτὴς
1259 3315 1416 3385 ἡμῶν
1448 3317 1604 3384 γενοῦ
1646 3317 1781 3388 πρὸς

203 3404 290 3457 τὸν
336 3405 576 3474 Σωτῆρα
616 3403 768 3470 Θεὸν,
809 3405 866 3458 ὃν
910 3405 1172 3474 ἀγκάλαις
1218 3407 1570 3474 ὑποδέξασθαι
1640 3425 1780 3462 κατ-

195 3494 774 3566 ῃξιώθηςΣυνᾲδομεν
813 3496 921 3568 γάρ
966 3515 1045 3552 σοι
1091 3500 1184 3553 καὶ
1215 3501 1377 3571 ἡμεῖς
1441 3499 1660 3573 Χριστῷ
1703 3499 1781 3571 τῷ

200 3585 298 3666 τῆς
332 3585 485 3656 ζωῆς
513 3587 606 3639 xa‘t
631 3587 860 3640 θανάτου
886 3588 1200 3661 ἐξουσιαστῇ
1221 3606 1235 3620 ·
1266 3591 1336 3642 Σὺ
1362 3584 1574 3660 εἷ’φῶς,
1597 3591 1780 3661 λέγον-

200 3690 312 3738 τες,
350 3674 623 3745 ἀληθινὸν,
654 3676 719 3730 ἐκ
751 3677 926 3745 φωτὸς
958 3677 1234 3749 ἀληθινοῦ,
1275 3679 1406 3744 Θεὸς
1434 3680 1684 3752 ἀληθινὸς
1716 3683 1780 3734 ἐκ

199 3765 342 3820 Θεοῦ
386 3765 640 3836 ἀληθινοῦ
662 3784 675 3797 υ
709 3762 790 3831 εἷς
820 3767 1022 3841 Κύριος
1055 3771 1160 3842 πρὸ
1195 3772 1292 3842 τῆς
1325 3772 1780 3844 ἐνανθρωπήσεως

200 3860 291 3911 καὶ
337 3856 484 3927 μετὰ
528 3857 625 3928 τὴν
657 3858 1002 3930 πανύμνητον
1035 3861 1458 3933 ὲνανθρώπησιν,
1495 3863 1552 3929 ἐξ
1589 3864 1777 3918 ἑαυτοῦ

203 3950 297 4018 μὲν
333 3951 432 4002 καὶ
458 3949 519 4001 οὐ
550 3950 686 4002 κατὰ
718 3951 874 4030 χάριν
906 3951 1056 4017 Θεὸς,
1090 3953 1155 4006 δι’
1195 3955 1341 4024 ἡμᾶς
1367 3953 1423 4006 δὲ
1456 3956 1547 4008 καὶ
1579 3955 1778 4019 τέλειος

199 4039 293 4093 ἄνθ
305 4057 529 4111 ρωπος·
556 4043 612 4108 ἐξ
642 4043 832 4096 ἑαυτοῦ
856 4043 911 4097 δὲ
944 4043 1054 4114 (85)
1081 4045 1239 4114 φύσει
1266 4045 1613 4111 ἀϐασίλευτος
1641 4065 1780 4118 παμ-

200 4130 486 4196 ϐασιλεὺς,
524 4133 591 4186 δι’
618 4135 765 4204 ἡμᾶς
804 4135 896 4188 καὶ
935 4134 1033 4206 τὴν
1070 4137 1340 4208 ἡμετέραν
1387 4140 1656 4212 σωτηρίαν
1685 4143 1778 4195 καὶ

202 4233 256 4277 εν
285 4225 488 4278 δούλου
523 4229 701 4297 μορφῇ
735 4226 1014 4296 ἀχράντως
1056 4229 1148 4281 καὶ
1195 4229 1494 4300 ἀμιάντως.
1542 4231 1777 4304 Ἀφθαρ-

203 4333 290 4369 σια
331 4317 452 4388 γὰρ
493 4315 590 4382 ὢν,
625 4316 783 4372 λῦσαι
828 4319 1032 4392 φθορὰν
1076 4321 1363 4395 προῆλθες,
1405 4323 1489 4376 ἵνα
1531 4324 1778 4397 ἄφθαρτα

1895 1859 2092 1928 adeps;
2121 1860 2415 1912 animatum
2440 1860 2596 1929 panis
2631 1859 2774 1912 illius
2793 1858 2913 1912 vitae
2941 1858 3127 1910 altare.
3151 1853 3471 1917 Salve,dile-

1893 1950 2090 2005 ctionis
2124 1949 2216 2004 Dei
2241 1950 2524 2004 thesaure:
2547 1946 2828 2014 salve,Filii
2854 1949 2906 2001 in
2937 1963 3105 2016 genus
3141 1946 3461 2008 humanum,

1893 2041 2277 2111 propensionis
2304 2041 2450 2096 illius
2478 2056 2542 2095 ac
2573 2040 2691 2105 ejus
2724 2039 3076 2093 humanitatis
3115 2035 3236 2092 fons
3272 2032 3470 2102 :salve,

1893 2130 2128 2202 Spiritus
2160 2132 2334 2188 sancti
2375 2148 2522 2185 mons
2553 2130 2844 2184 inumbrate
2875 2129 2941 2184 ".
2983 2127 3312 2197 Fulgurasti,
3346 2126 3467 2180 dul-
3539 2161 3548 2171 .

1889 2223 2081 2279 cidona
2119 2224 2287 2278 Mater
2314 2223 2508 2277 solaris
2539 2221 2781 2286 luminis,
2815 2219 3254 2288 importabilibus
3288 2217 3467 2270 chari-

1891 2313 2017 2366 tatis
2034 2312 2404 2382 praeferventis
2427 2310 2659 2378 ignibus,
2679 2324 2745 2362 eo
2767 2310 2819 2361 in
2846 2308 2948 2361 line
2970 2316 3126 2378 partu
3150 2307 3295 2362 edito
3315 2307 3461 2376 quod

1888 2412 2014 2458 ante
2063 2403 2388 2472 principium
2431 2410 2752 2470 conceptum
2784 2407 2946 2454 erat:
2987 2401 3161 2470 palam
3198 2398 3460 2462 exhibito,

1887 2494 2031 2565 quod
2065 2505 2182 2549 erat
2212 2494 2588 2548 absconditum
2650 2501 2702 2548 et
2745 2492 3112 2547 inenarrabile
3150 2505 3462 2545 sacramen-

1887 2593 2036 2652 tum;
2093 2585 2351 2640 invisibili
2387 2586 2479 2638 illo
2519 2584 2695 2638 Patris
2744 2581 2915 2646 Filio,
2953 2589 3236 2651 sequestro
3284 2581 3456 2651 pacis,

1886 2677 2086 2747 quippe
2108 2676 2412 2730 admirabili
2437 2675 2668 2746 quadam
2691 2675 2921 2738 ratione,
2942 2674 3087 2727 omni
3118 2689 3175 2728 se
3199 2673 3466 2742 parvitate

1887 2769 2147 2822 minorem
2173 2768 2438 2822 exhibuit.
2460 2766 2746 2836 Propterea
2770 2776 2821 2820 te
2842 2767 3194 2835 deprecamur
3217 2765 3460 2818 omnium

1885 2860 2426 2928 praestantissimam,
2485 2858 2854 2928 nlaternisque
2909 2857 3209 2911 honoribus
3262 2855 3461 2910 ﬁducia

1886 2951 2224 3021 gloriantem,
2262 2960 2318 3005 ut
2363 2949 2755 3005 indesinentem
2793 2948 2962 3002 nostri
2993 2947 3324 3012 memoriam,
3363 2945 3461 3002 Dei

1886 3041 2054 3097 Mater
2087 3043 2451 3103 sanctissima,
2483 3042 2684 3095 habeas
2711 3061 2723 3094 :
2757 3042 2953 3104 nostri,
3002 3041 3244 3110 inquam,
3274 3040 3366 3110 qui
3401 3041 3458 3096 in

1888 3139 1941 3185 te
1990 3133 2304 3202 gloriamur,
2365 3132 2881 3201 augustiorihusque
2923 3133 3152 3186 canticis
3199 3139 3462 3202 perpetuo

1887 3225 2150 3279 victuram
2182 3231 2234 3278 et
2261 3224 2423 3277 nullis
2451 3223 2747 3277 desituram
2783 3222 3117 3292 temporibus
3150 3222 3226 3274 tui
3261 3237 3460 3277 memo-

1887 3314 2023 3368 riam
2062 3313 2420 3368 celebramus.
2468 3314 2588 3382 lpse
2633 3314 2815 3377 etiam,
2867 3312 3128 3368 honorate
3160 3329 3322 3367 senex
3365 3311 3453 3368 Si-

1886 3421 2066 3469 meon,
2085 3405 2186 3475 pia:
2199 3405 2475 3473 religionis
2500 3411 2700 3458 nostrae
2715 3405 2888 3474 prime
2910 3413 3214 3474 susceptor,
3238 3404 3458 3458 doctor.

1886 3513 1991 3567 quo
2024 3497 2439 3553 resurrectionis
2467 3495 2722 3559 ﬁdelium,
2751 3511 2854 3550 una
2884 3509 2981 3565 pro
3004 3497 3161 3550 nobis
3192 3497 3256 3549 ad
3285 3495 3454 3551 Deum

1888 3587 2222 3643 Salvatorem
2261 3603 2420 3656 quem
2459 3588 2702 3641 meruisti
2744 3587 2798 3640 in
2835 3587 2992 3641 ulnas
3024 3587 3322 3656 suscipere,
3358 3601 3454 3657 pa-

1886 3689 2077 3736 tronus
2106 3677 2320 3734 accede.
2353 3677 2484 3731 Nam
2513 3685 2565 3732 et
2603 3678 2707 3748 ipsi
2759 3691 2866 3732 una
2890 3684 3067 3732 tecum
3101 3676 3342 3741 Christo,
3374 3677 3456 3732 vi-

1884 3778 1952 3827 ta:
1980 3785 2043 3825 ac
2074 3770 2263 3825 mortis
2296 3776 2613 3840 potestatem
2639 3769 2878 3834 habenti,
2910 3767 3158 3822 canimus
3194 3786 3207 3822 :
3239 3766 3319 3822 'l'u
3345 3767 3454 3824 Lu-

1884 3878 2006 3918 men
2037 3877 2095 3917 es
2123 3876 2308 3916 verum
2340 3876 2404 3915 ex
2441 3876 2566 3915 vero
2598 3859 2850 3924 Lumine,
2890 3857 3032 3913 Deus
3059 3874 3220 3915 verus
3245 3875 3311 3914 ex
3343 3858 3453 3915 Deo

1883 3969 2033 4020 vero,
2061 3969 2201 4008 unus
2228 3952 2489 4007 Dominus
2519 3960 2646 4006 ante
2671 3962 3002 4022 assumptam
3036 3952 3325 4006 humanam
3354 3965 3454 4006 na-

1885 4055 2081 4110 turam,
2119 4060 2261 4099 unus
2291 4043 2646 4098 nihilominus
2678 4051 2800 4113 post
2833 4042 3101 4112 ejusmodi
3132 4044 3454 4113 assumptio-

1883 4152 2030 4200 nem,
2078 4135 2227 4190 omni
2273 4136 2430 4205 plane
2475 4135 2856 4204 praedicatione
2903 4133 3335 4204 prosequendam
3371 4152 3385 4188 :
3420 4149 3452 4188 a

1883 4237 1956 4293 te,
1986 4230 2123 4300 ipse,
2153 4243 2263 4282 non
2284 4244 2379 4299 per
2398 4229 2655 4298 gratiam,
2686 4226 2829 4282 Deus
2867 4247 2878 4281 :
2906 4227 3077 4282 nostri
3107 4242 3235 4282 vero
3263 4241 3450 4292 causa,

1883 4323 2045 4375 etiam
2077 4320 2241 4374 homo
2275 4319 2551 4392 perfectus
2578 4338 2590 4374 :
2617 4334 2682 4374 ex
2705 4327 2778 4384 te,
2815 4319 2948 4389 ipse,
2977 4327 3172 4374 natura
3204 4320 3450 4375 omnium

201 4408 386 4461 πάντα
423 4407 651 4478 τεῦχοις.
686 4410 808 4463 Ὅτι
833 4409 925 4463 σοῦ
955 4411 1100 4464 ἐστιν
1134 4413 1167 4481 ἡ
1205 4410 1331 4478 δόξα
1391 4415 1482 4466 καὶ
1525 4414 1586 4484 τὸ
1637 4415 1774 4488 κρά-

1891 4410 2029 4476 Rex,
2064 4411 2270 4474 nullius
2305 4410 2584 4480 subjectus
2625 4411 2887 4479 imperio:
2934 4418 3158 4480 propter
3186 4425 3286 4466 nos
3321 4425 3451 4464 vero

203 4513 309 4564 τος,
351 4497 697 4570 μεγαλοσύνη
737 4516 797 4552 τε
842 4500 934 4552 καὶ
977 4500 1420 4571 μεγαλοπρέπεια
1461 4503 1557 4557 σὺν
1606 4504 1779 4576 Πατρὶ

205 4591 294 4642 καὶ
337 4591 488 4660 ἁγίῳ
545 4591 822 4662 Πνεῦματι
870 4593 949 4656 είς
1006 4594 1130 4657 τοὺς
1167 4592 1367 4657 αἰῶνας
1391 4593 1498 4648 τῶν
1540 4593 1771 4650 αἰώνων.

215 4678 268 4730 Ἀ
277 4681 414 4749 μήν.

1884 4513 1937 4558 et
1960 4510 2204 4558 nostram
2238 4503 2489 4566 salutem,
2520 4501 2683 4556 etiam
2710 4503 2764 4554 in
2798 4501 2968 4555 forma
3003 4501 3168 4565 servi,
3195 4501 3450 4555 immacu-

1881 4594 1988 4650 late
2011 4605 2188 4650 tamen
2214 4602 2375 4665 atque
2402 4595 2699 4664 impollute,
2719 4593 3005 4649 exsistens.
3026 4593 3128 4658 Qui
3153 4594 3296 4647 enim
3323 4594 3442 4662 ipsa

1876 4688 1953 4742 sis
1991 4689 2347 4758 incorruptio,
2400 4687 2596 4741 venisti
2645 4687 2855 4741 solvere
2906 4685 3340 4754 corruptionem,
3386 4691 3446 4737 ut

205 4773 529 4844 incorrupta
557 4776 739 4832 omnia
767 4777 1043 4836 redderes.
1071 4778 1335 4845 Quoniam
1372 4788 1463 4835 tua
1491 4790 1572 4836 est
1598 4783 1768 4852 gloria
1795 4791 1849 4837 et
1879 4789 2140 4852 potestas,
2171 4787 2225 4838 et
2268 4781 2689 4862 magniﬁcentia,
2726 4787 2780 4835 et
2829 4779 3108 4850 majestas,
3155 4792 3276 4832 cum
3342 4776 3416 4831 Pa
3435 4807 3450 4819 ι

206 4875 286 4921 tre
317 4874 380 4922 et
409 4866 616 4938 Spiritu
647 4880 858 4938 sancto,
887 4872 941 4925 in
977 4873 1172 4927 saecula
1211 4875 1554 4929 swculorum.
1587 4875 1783 4930 Amen.

275 5045 320 5076 ”
351 5041 609 5108 Luam),
651 5044 742 5100 49.
815 5046 860 5077 ⁸³
879 5044 1005 5100 ibid.
1051 5045 1142 5102 52.
1215 5045 1261 5076 ’³
1317 5046 1431 5104 Isa.
1469 5050 1642 5111 LIV,I.
1707 5048 1796 5104 ²⁸1
1838 5047 1981 5104 Petr.
2014 5065 2073 5115 ιι,
2103 5049 2156 5104 9.
2230 5051 2276 5082 ’⁸
2304 5048 2547 5114 Ilab.m,
2579 5050 2631 5104 5.

277 5223 388 5293 (8|)
419 5225 520 5292 Μὴ
551 5227 756 5294 φοϐοῦ.
797 5225 958 5283 Forte
993 5229 1250 5284 subnotat
1280 5228 1596 5284 Diocletiani
1633 5239 1770 5285 tem-

265 5308 361 5351 ιη.
397 5304 455 5349 et
487 5298 820 5352 decumanos
866 5299 988 5354 illos
1029 5297 1224 5354 ﬂuctus
1257 5300 1324 5353 ab
1351 5315 1416 5354 eo
1470 5299 1523 5353 in
1567 5300 1771 5356 Christi

247 5363 516 5442 Ecclesiam
541 5368 1060 5442 excitatos,_quibus
1094 5370 1207 5437 ipse
1239 5368 1560 5442 Methodius,
1591 5380 1653 5442 ut
1684 5387 1774 5442 ve-

216 5432 329 5489 rior
361 5432 524 5492 habet
553 5436 758 5508 opinio,
787 5432 1016 5496 feliciter
1044 5432 1247 5509 tamen,
1275 5447 1329 5496 et
1357 5432 1639 5512 naufragio
1667 5441 1774 5497 sal-

1875 5247 1976 5285 vus
1998 5237 2318 5300 portumque
2341 5238 2551 5295 tenens,
2573 5228 2776 5284 Christi
2801 5236 3005 5298 martyr
3025 5226 3314 5296 absorptus
3333 5231 3439 5281 est.

1952 5301 2065 5366 (8‘3)
2115 5300 2362 5366 Τέλειος.
2402 5300 2559 5353 Forte
2590 5301 2759 5363 τέλος.

1882 5443 1916 5512 ἡ
1950 5360 2350 5492 (ἓὸἒὶἙαιίτοῦ
2406 5370 2490 5424 δέ.
2530 5369 2688 5426 Forte
2721 5360 2920 5426 ἔχητοῦ
2962 5370 3072 5424 καί.
3112 5367 3176 5421 Et
3202 5360 3438 5436 mox,8t’

1924 5460 1962 5512 μ
2007 5458 2027 5503 ;
2089 5457 2110 5492 ε
2143 5457 2255 5494 και.

1581 5642 2069 5670 σῇσιν-
