3906 6194
170 289 270 348 385

1232 284 1489 345 ORATIO
1525 285 1593 343 ΙΝ
1633 282 1868 341 RAMOS
1905 283 2306 343 PALMARUM.

3307 287 3417 344 336

167 422 255 472 νος
294 403 678 479 ἀποκλεισθῇ]
708 405 914 478 Μηδεὶς
957 405 1277 480 σκυθρωπὸς
1308 407 1443 481 πρὸς
1473 406 1572 479 τὴν
1601 406 1736 460 ἐπο-

1856 420 1962 460 nus
1995 425 2008 461 :
2041 403 2063 478 ]
2111 405 2477 476 suscipiamus
2517 417 2709 462 omnes
2760 402 2929 461 staeri
2965 402 3149 460 animo
3188 410 3414 477 totaque

163 497 333 570 δοχὴν
364 496 557 569 εὑρεθῇ
584 499 642 549 ἐν
673 498 823 568 ἡμῖν,
853 497 941 550 ῖνα
976 498 1050 568 μὴ
1075 499 1188 562 τοῖς
1217 500 1472 569 πονηροῖς
1500 496 1742 561 πολίταις

170 589 605 661 συγκατακριθῇ.
633 588 864 653 Πολίτας
892 588 951 642 δέ
985 605 1127 660 φημι
1151 590 1277 653 τοὺς
1307 587 1381 661 μὴ
1409 588 1741 660 θελήσαντας

166 682 425 749 δέξασθαι
466 681 559 736 τὸν
602 679 806 752 Κύριον
853 679 1077 733 ἑαυτῶν
1107 679 1328 751 βασιλέα
1370 683 1456 751 ἐφ’
1494 679 1736 744 ἑαυτούς.

170 774 402 850 ἶῐιάντες
434 773 675 846 φαιδρῶς
708 770 1095 846 συνδράμωμέν
1117 772 1158 846 ο]
1202 774 1401 837 πάντες
1447 771 1742 844 προθύμως

168 866 581 938 ὗποδεξὼμεθα,
624 864 721 919 καὶ
758 864 1139 937 ύπερκοσμίως
1178 865 1542 938 ἐορτάσωμεν.
1596 865 1743 917 ’Δντὶ

169 960 424 1031 ἱματίων,
469 958 579 1025 τὰς
622 957 868 1028 καρδίας
912 957 1082 1028 ἡμῶν
1143 956 1437 1027 ἐκχέωμεν
1486 956 1744 1011 ἐνώπιον

168 1051 352 1107 αὐτοῦ
374 1069 390 1083 ο
426 1054 485 1107 ἐν
509 1052 744 1124 ψαλμοῖς
777 1052 868 1104 καὶ
895 1049 1084 1122 ὕμνοις
1110 1050 1207 1115 τὰς
1230 1050 1574 1121 εὐχαριστίας
1612 1051 1743 1103 ἀνα-

168 1143 433 1214 τείνωμεν
464 1143 648 1213 αὐτῷ·
678 1143 770 1196 καὶ
790 1141 870 1208 τὸ,
906 1141 1323 1212 Εὐλογημένος
1358 1146 1390 1196 ό
1420 1142 1739 1211 ἐρχόμενος

166 1234 232 1288 ἐν
274 1235 525 1304 ὀνόματι
562 1234 808 1302 Κυρίου,
850 1231 1281 1297 ἀκαταπαύστως
1332 1232 1632 1305 βοήσωμεν.
1679 1235 1742 1287 Ol

167 1326 275 1395 γὰρ
304 1325 712 1396 εὐλογοῦντες
735 1324 941 1390 αὐτὸν,
982 1327 1370 1395 εὐλόγηνταιο
1414 1325 1512 1380 καί
1553 1327 1749 1378 cluat-

165 1420 457 1492 (ιρώμενοι
524 1416 730 1480 αὐτὸν,
778 1417 1229 1486 κεκατήρανται.
1280 1416 1449 1470 Πάλιν
1489 1416 1617 1488 ἐρῶ,
1650 1416 1742 1470 καὶ

164 1505 619 1581 προτρεπόμενος
656 1508 749 1561 ἐπὶ
793 1508 853 1562 τὸ
882 1507 1081 1577 ἀγαθὸν
1124 1509 1185 1561 οὐ
1228 1507 1526 1579 παύσομαι.
1558 1507 1739 1572 Δεῦτε,

163 1600 467 1670 ἀγαπητοὶ,
498 1599 883 1671 εύλογήσωμεν
910 1600 1000 1653 τὸν
1048 1599 1427 1670 εὐλογημένον,
1466 1600 1553 1653 ἵνα
1590 1598 1740 1652 εὐλο-

159 1691 430 1764 ηθῶμεν
457 1691 550 1744 ὑπ’
574 1692 759 1747 αὐτοῦ.
791 1693 976 1746 Πᾶσαν
1008 1692 1221 1764 ἠλικίαν
1250 1692 1344 1746 καὶ
1371 1691 1525 1757 ἀξίαν
1565 1692 1655 1746 ἐπὶ
1681 1692 1741 1747 τὸ

1843 495 2126 551 honestate
2166 497 2526 553 celebremus.
2577 496 3038 553 Vestimentorum
3075 497 3197 551 loco
3245 502 3413 553 corda

1842 596 2027 641 nostra
2056 586 2387 657 e/fundamus
2423 603 2601 642 coram
2637 587 2732 643 illo
2763 588 2811 620 ³⁸
2846 608 2861 643 :
2902 587 3067 660 inque
3104 589 3332 661 psalmis
3358 599 3414 644 et

1843 679 2073 732 canticis
2098 679 2394 748 gratiarum
2424 679 2473 735 ei
2509 679 2752 736 actiones
2785 680 3221 751 praetendamus;
3248 695 3313 735 ac
3346 681 3414 734 il-

1842 769 1957 833 lud,
1993 769 2305 825 Benedictus
2334 773 2426 841 qui
2453 774 2586 827 venit
2614 772 2666 826 in
2690 773 2896 826 nomine
2931 772 3141 827 Domini
3169 772 3237 837 “,
3261 773 3413 827 nulla

1842 862 2031 932 requie
2049 863 2366 921 clamemus.
2391 864 2496 931 Qui
2516 866 2653 919 enim
2680 868 2780 936 ipsi
2802 865 3130 933 benedicunt,
3156 866 3418 922 benedicti

1842 964 1998 1019 sunt;
2025 965 2075 1010 et
2102 957 2193 1026 qui
2217 958 2555 1022 maledicunt,
2588 960 2853 1014 maledicti
2876 960 2941 1015 ³³.
2976 959 3158 1015 Dicam
3193 963 3413 1028 iterum,

1842 1062 1943 1101 nec
1968 1046 2033 1100 ad
2067 1047 2267 1102 bonum
2293 1049 2498 1102 hortari
2528 1050 2770 1104 desinam
2809 1069 2821 1104 :
2858 1050 3281 1116 \'enite,dilecti,
3318 1054 3413 1107 bc-

1842 1137 2158 1195 nedicamus
2178 1155 2301 1194 eum
2332 1141 2423 1210 qui
2454 1148 2536 1195 est
2563 1142 2901 1205 benedictus,
2938 1150 2996 1195 ut
3029 1143 3417 1198 benedicuntur

1844 1230 1911 1286 ab
1944 1231 2080 1301 ipso.
2118 1230 2353 1286 Etatem
2384 1248 2598 1288 omnem
2634 1242 2687 1289 et
2720 1235 3085 1289 conditionem
3155 1235 3415 1290 in'unum

1843 1322 2048 1391 pariter
2090 1337 2271 1377 sermo
2328 1324 2521 1378 ascivit
2566 1325 2632 1378 ad
2680 1324 2889 1379 Domini
2952 1326 3163 1381 laudem
3210 1346 3223 1382 :
3269 1344 3413 1398 reges

1844 1422 1996 1467 terrw
2024 1423 2071 1467 et
2112 1431 2285 1469 omnes
2328 1417 2543 1485 populos
2574 1433 2591 1469 :
2620 1418 2877 1486 principes
2912 1428 2963 1471 et
2992 1435 3167 1473 omnes
3202 1420 3417 1489 judice:

1845 1515 1998 1560 terra:
2049 1521 2067 1559 :
2107 1507 2321 1575 juvenes
2368 1517 2416 1561 et
2460 1509 2683 1577 uirgines
2734 1508 2779 1540 ³⁸
2823 1528 2835 1563 :
2899 1510 3152 1580 quodque
3203 1511 3257 1565 in
3310 1512 3412 1565 mi-

1845 1599 2031 1653 raculo
2087 1599 2341 1654 decenter
2376 1615 2575 1654 novum
2619 1599 2885 1666 videatur,
2942 1603 3147 1673 primas
3188 1603 3419 1673 juvenis

1844 1698 2005 1760 atque
2052 1690 2315 1745 innocens
2345 1690 2631 1745 infantium
2666 1700 2720 1747 ct
2752 1694 3064 1749 lactentlum
3101 1705 3233 1753 tetas
3267 1697 3419 1751 obti-

158 1784 301 1852 αὐτὸ
322 1782 685 1847 συνεκάλεσεν
713 1785 741 1836 ὁ
771 1783 927 1852 λόγος
956 1783 1091 1856 πρὸς
1115 1783 1212 1855 τὴν
1238 1782 1331 1836 τοῦ
1365 1782 1570 1855 Κυρίου
1597 1784 1742 1838 αἴνε-

1856 1782 1972 1836 ηυίι
2003 1794 2207 1851 partes,
2240 1782 2556 1851 auspicandi
2597 1782 2824 1838 Domino
2853 1783 2907 1839 in
2952 1787 3297 1843 confessione
3327 1788 3421 1843 di-

162 1891 281 1927 σιν·
314 1873 606 1940 Βασιλεῖς
627 1872 739 1943 τῆς
759 1872 871 1944 γῆς
899 1873 999 1927 καὶ
1029 1872 1258 1940 πάντας
1284 1874 1492 1940 λαοὺς,
1530 1875 1746 1943 ἄρχον-

158 1984 278 2034 τας
300 1966 405 2021 καὶ
432 1965 671 2033 πάντας
699 1966 900 2035 κριτὰς
929 1964 1070 2039 γῆς’
1096 1966 1455 2033 νεανίσκους
1482 1966 1579 2021 καί
1602 1979 1746 2035 παρ-

157 2060 421 2127 θένους
452 2060 550 2113 καὶ
581 2059 644 2112 τὸ
679 2060 1038 2131 καινοπρεπὲς
1079 2059 1173 2113 τοῦ
1217 2058 1512 2130 θαύματος,
1553 2059 1634 2112 ὅτι
1676 2062 1743 2131 τῇ

156 2150 264 2223 νέᾳ
293 2152 394 2205 καὶ
413 2151 769 2223 ἀπειροκάκῳ
791 2151 899 2205 τῶν
924 2150 1128 2222 νηπίων
1154 2151 1245 2206 καὶ
1273 2150 1610 2221 θηλαζόντων
1632 2151 1747 2222 ἠλι-

1847 1873 2052 1928 vinitus
2100 1875 2422 1944 inspiratum
2476 1875 2749 1929 canticum
2796 1897 2808 1931 :
2862 1893 2968 1947 qua
3024 1880 3153 1934 olim
3206 1882 3426 1938 ratione

1851 1965 2063 2038 Moyses
2089 1968 2372 2038 pmcinuit
2401 1967 2696 2036 egredienti
2726 1970 2924 2038 populo
2958 1970 3023 2025 de
3046 1970 3282 2043 Αἴθῃ)ιο
3314 1974 3416 2027 :il—

1850 2060 1942 2115 lud
1971 2061 2225 2115 nimirum
2255 2079 2268 2114 :
2302 2058 2612 2114 Benedictus
2628 2062 2719 2131 qui
2752 2063 2884 2115 renit
2914 2064 2968 2116 in
2992 2065 3199 2117 nomine
3229 2062 3418 2116 Domi-

1850 2153 1907 2206 ni
1931 2153 1995 2206 ³⁷.

155 2247 260 2320 xi;
299 2247 374 2301 τὰ
416 2246 684 2319 πρεσϐεῖα
732 2246 1074 2319 συνεχώρησε
1126 2247 1219 2301 τοῦ
1262 2246 1483 2320 ἐξάρξαι
1530 2248 1607 2319 τῷ
1655 2248 1843 2319 Κυρίῳ
1887 2250 1945 2302 ἐν
1991 2247 2371 2321 ἐξομολογήσει
2412 2250 2473 2303 τὸ
2517 2250 2846 2304 θεοδίδακτον
2896 2247 3073 2322 ᾆσμα,
3119 2251 3262 2306 καθὰ
3308 2253 3429 2308 πάι-

154 2343 253 2398 λαι
288 2343 407 2415 (88)
440 2344 685 2414 Μωῦσῆς
712 2342 790 2413 τῷ
819 2342 879 2408 ἐξ
905 2346 1181 2411 Αἰγύπτου
1213 2343 1344 2414 λαῷ,
1376 2344 1457 2411 τὸ,
1484 2344 1901 2414 Εὐλογημένος
1929 2346 1961 2398 ό
1990 2345 2310 2414 ἐρχόμενος
2335 2345 2404 2397 ἐν
2432 2346 2673 2414 ὀνόματι
2719 2346 2957 2413 Κυρίου.

234 2439 317 2494 B’.
353 2439 607 2510 Σήμερον
637 2438 781 2509 χαρᾷ
818 2438 996 2511 χαίρει
1027 2441 1057 2493 ὁ
1090 2440 1357 2512 μακάριος
1379 2439 1560 2504 Δαϐὶδ,
1587 2455 1745 2492 σεσυ-

1920 2438 1987 2495 ll.
2019 2438 2189 2494 Hodie
2215 2440 2410 2511 gaudet
2436 2440 2644 2510 gaudio.
2665 2440 2853 2495 beatus
2896 2438 3087 2504 David,
3118 2439 3418 2494 infantibus

158 2530 407 2609 λημένος
448 2529 550 2600 τὴν
599 2528 829 2600 κιθάραν
873 2529 989 2583 uno
1022 2530 1232 2602 νηπίων
1256 2548 1269 2561 '
1298 2526 1378 2595 οἷς
1420 2530 1512 2584 καὶ
1559 2547 1750 2601 συγχο-

1856 2532 2212 2603 spoliantibus
2240 2531 2470 2594 cithara,
2500 2532 2826 2600 quibuscum
2863 2533 3025 2587 etiam
3057 2533 3253 2602 spiritu
3284 2533 3421 2585 cho-

162 2621 347 2693 ρεύων
398 2620 478 2693 τῷ
517 2620 785 2693 πνεύματι
826 2622 922 2676 καὶ⁴
970 2623 1456 2701 συνευωχούμενος,
1500 2623 1747 2695 καθάπερ

1856 2635 1971 2676 reas
1999 2620 2203 2674 ducens
2221 2634 2433 2689 unaque
2452 2621 2769 2683 delectatus,
2805 2622 2946 2676 sicut
2966 2622 3094 2675 olim
3119 2636 3303 2675 coram
3327 2620 3418 2675 Dei

172 2715 229 2767 rb
260 2715 396 2786 πρὶν
430 2714 540 2785 πρὸ
570 2713 864 2787 προσώπου
890 2714 991 2785 τῆς
1034 2713 1261 2769 κιϐωτοῦ
1295 2714 1386 2768 τοῦ
1423 2714 1578 2780 Θεοῦ,
1615 2732 1751 2786 συμ-

1856 2727 1978 2766 arca
2003 2712 2070 2777 ³⁸,
2104 2712 2344 2768 musicos
2373 2719 2674 2766 concentus
2707 2714 2901 2767 miscet
2945 2728 3008 2767 ac
3042 2713 3281 2768 suaviter
3326 2712 3422 2767 ad-

165 2808 513 2879 μουσουρτεῖ
556 2806 651 2860 καὶ
696 2805 1045 2878 συμψελλίζει
1092 2806 1296 2877 ἡδέωςο
1330 2805 1751 2876 Εὐλογημένος

1856 2803 2084 2858 balbutit
2119 2823 2132 2857 :
2169 2802 2479 2857 Benedictus
2512 2805 2602 2873 qui
2630 2804 2763 2857 venit
2787 2804 2840 2857 in
2873 2806 3078 2859 nomine
3108 2804 3319 2859 Domini
3351 2803 3427 2857 ³⁹.»

161 2902 199 2953 ό
227 2899 565 2968 ἐρχόμενος
591 2898 661 2951 ἐν
688 2898 932 2967 ὀνόματι
952 2898 1193 2965 Κυρίου.
1226 2897 1368 2969 Πρὸς
1399 2897 1457 2950 ὃν
1479 2896 1711 2969 ἐροῦμεν
1731 2914 1744 2928 ·

1856 2893 2022 2961 Quem
2048 2896 2561 2965 pcrcunctabiiuur?
2583 2897 2718 2953 cedo
2739 2895 2918 2963 nobis,
2958 2895 3225 2967 Propheta
3249 2917 3262 2952 :
3294 2898 3419 2968 quis

160 2988 319 3057 Λέγε
349 2990 502 3058 ἡμῖν,
532 2982 578 3042 ὦ
602 2988 878 3060 προφῆτα,
903 2988 985 3051 τίς
1011 2981 1166 3052 οὗτος
1196 2991 1224 3043 ὁ
1250 2989 1540 3059 ἐρχόμενος
1564 2990 1620 3041 ἐν
1645 2987 1751 3041 6V6-

1856 2989 1957 3045 iste
1984 2999 2067 3045 est
2112 2992 2201 3060 qui
2248 2994 2396 3047 venit
2430 2993 2483 3045 in
2518 2991 2736 3045 nomine
2785 2989 3033 3045 Domini?
3059 2990 3125 3045 At
3154 2991 3270 3045 ille:
3301 2989 3421 3045 Non

166 3100 316 3153 ματι
346 3082 586 3153 Κυρίου;
620 3081 734 3134 Ούκ
759 3080 913 3151 ἐμὸν,
946 3082 1099 3154 φησι,
1120 3080 1181 3134 τὸ
1210 3080 1567 3135 διδασκαλεῖον
1591 3081 1751 3152 σήμε-

1858 3097 2011 3146 mete,
2051 3082 2248 3153 inquit,
2277 3083 2437 3138 hodie
2468 3090 2595 3139 sunt
2626 3082 2856 3138 docendi
2881 3091 3090 3153 partes;
3123 3081 3422 3138 infantibus

162 3191 270 3247 ρον
288 3191 304 3203 ’
333 3173 550 3245 νηπίοις
584 3170 693 3244 γὰρ
723 3171 1022 3244 ἀφιέρωται
1057 3171 1205 3244 παρὰ
1235 3172 1327 3226 τοῦ
1356 3170 1751 3240 καταρτήσαν-

1857 3173 1997 3227 enim
2026 3175 2367 3230 consecravit
2411 3176 2652 3230 scholam
2673 3217 2688 3241 ,
2730 3177 2821 3246 qui
2871 3176 3084 3245 perfecit
3118 3174 3326 3229 laudem
3355 3189 3420 3228 ea:

163 3281 275 3332 τος
310 3265 385 3318 ἐκ
429 3265 733 3333 στόματος
769 3263 1004 3330 νηπίων
1032 3264 1128 3316 καὶ
1158 3262 1530 3333 θηλαζόντων
1557 3258 1747 3327 αἷνον,

165 3356 282 3412 τοῦ
308 3356 652 3410 καταλῦσαι
697 3355 912 3424 ἐχθρὸν
943 3354 1041 3408 καί
1084 3352 1439 3423 ἐκδικητήν·
1472 3354 1619 3418 ὅπως
1658 3353 1752 3407 καὶ

163 3451 263 3507 διὰ
300 3451 401 3505 τοῦ
447 3448 724 3521 θαύματος
769 3447 971 3501 τούτων
1024 3445 1431 3517 ἐπιστρωφῶσι
1483 3445 1752 3515 πατέρων

163 3543 415 3613 καρδίαι
445 3542 544 3596 ἐπὶ
585 3540 782 3604 τέκνα,
818 3539 917 3593 καὶ
947 3538 1208 3606 ἀπειθεῖς
1237 3540 1307 3593 ἐν
1342 3538 1629 3608 φρονήσει
1664 3537 1753 3591 ’δι-

162 3641 388 3697 καίων.
420 3635 622 3705 Δέγετε
666 3638 816 3707 ἡμῖν,
845 3629 891 3689 ὦ
932 3634 1137 3699 παῖδες,
1177 3634 1338 3689 πόθεν
1381 3634 1507 3705 ὑμῖν
1549 3632 1753 3706 ήκαλὴ

164 3729 318 3800 αὕτη
347 3728 445 3781 καὶ
470 3727 725 3798 ἐπίχαρις
754 3725 864 3796 (89)
896 3725 1096 3797 ἅμιλλα
1124 3726 1217 3780 καὶ
1241 3725 1385 3797 ᾡδή;
1421 3725 1514 3789 Τίς
1547 3726 1576 3777 ὁ
1605 3725 1751 3779 διδά-

166 3823 311 3887 Sag;
352 3820 450 3883 Τίς
493 3822 523 3873 ὁ
555 3819 811 3889 σοφίσαςς
845 3818 939 3883 Τίς
967 3820 996 3871 ὁ
1030 3817 1424 3892 συναθροίσας;
1455 3819 1610 3871 Ποίαι
1634 3818 1751 3872 δέλ-

160 3929 294 3978 τοις
346 3910 506 3973 Τίνες
560 3910 612 3961 ot
662 3907 1036 3977 παιδαγωγοίς
1082 3908 1553 3979 Συγκοινωνήσατε
1601 3909 1749 3979 ἡμῖν,

166 4005 339 4074 φασὶ,
377 4002 479 4073 τῆς
509 4002 741 4072 εὐωχίας
765 4001 857 4055 καὶ
902 4000 1188 4072 μελῳδίας,
1224 4001 1320 4056 καὶ
1354 4000 1658 4072 μαθήσεσθε
1684 4000 1754 4055 τὰ

167 4097 395 4166 chba}
429 4095 523 4148 καὶ
569 4097 684 4157 τοῖς
723 4093 928 4158 λοιποῖς
972 4095 1277 4166 προφήταις
1308 4094 1365 4147 ἐν
1415 4093 1750 4165 ἐπιθυμίαις.

184 4190 353 4243 Ἐπεὶ
397 4183 492 4240 οῦν
532 4186 981 4259 προετράπημεν,
1014 4186 1109 4241 καὶ
1140 4184 1342 4253 δεξιὰς
1372 4188 1500 4258 ἡμῖν
1526 4186 1756 4241 ἔδωκαν

167 4279 233 4334 01
274 4279 472 4341 παῖδες
516 4277 850 4345 κοινωνίας,
899 4275 1081 4347 δεῦρο,
1128 4277 1420 4349 ἀγαπητοὶ,
1458 4276 1551 4331 καὶ
1595 4278 1754 4348 ἡμεῖς

172 4370 523 4445 ζηλὼσωμεν
560 4369 661 4441 τὴν
711 4368 989 4441 θεοπρεπῆ
1035 4369 1271 4441 χορείαν,
1321 4370 1414 4425 καὶ
1464 4369 1599 4440 μετὰ
1648 4369 1755 4423 τῶν

172 4464 505 4524 ἀποστόλων
532 4461 982 4533 ὀδοποιήσωμεν
1014 4460 1095 4529 τῷ
1119 4463 1490 4531 ἐπιϐεϐηκότι
1520 4462 1618 4517 ἐπὶ
1651 4460 1758 4516 τὸν

1859 3280 1946 3318 ore
1980 3263 2261 3332 infantium
2309 3275 2359 3319 et
2407 3267 2733 3329 lactentium,
2782 3279 2836 3319 ut
2887 3269 3121 3320 destruat
3152 3267 3421 3320 inimicum

1857 3365 1906 3410 ct
1935 3356 2156 3410 ultorem
2177 3356 2221 3388 ⁸⁸
2254 3377 2267 3412 :
2301 3374 2409 3428 quo
2443 3360 2628 3422 etiam,
2667 3359 2896 3413 istorum
2929 3359 3226 3422 miraculo,
3259 3358 3422 3412 corda

1856 3456 2066 3517 patrum
2099 3458 2463 3502 convertantur
2508 3454 2574 3502 ad
2603 3450 2764 3519 ﬁlios,
2802 3460 2851 3503 et
2888 3449 3145 3502 increduli
3189 3449 3258 3502 ad
3291 3466 3422 3519 pru-

1858 3540 2089 3594 dentiam
2097 3540 2363 3611 justorum
2378 3541 2443 3595 ".
2462 3539 2651 3601 Nobis.
2671 3540 2845 3610 pueri,
2868 3540 3081 3601 ediente,
3108 3541 3249 3594 unde
3270 3540 3424 3595 vobis

1858 3633 2145 3702 pulchrum
2187 3633 2289 3687 hoc
2330 3632 2739 3704 gratiosumque
2772 3638 3044 3685 certamen
3076 3639 3129 3683 et
3168 3627 3425 3682 carmen!

1860 3721 1993 3789 Quis
2019 3723 2238 3778 docuit?
2279 3725 2404 3795 quis
2442 3721 2709 3777 erudivit?
2735 3722 2858 3792 quis
2888 3719 3266 3789 congregavit?
3302 3731 3425 3789 quae

1860 3815 2091 3870 tabulae?
2118 3815 2207 3885 qui
2244 3815 2645 3885 ludimagistri?
2672 3812 2803 3875 Vos,
2849 3812 3120 3881 inquiunt,
3162 3810 3421 3880 voluptati
3515 3808 3520 3819 '

1861 3912 2063 3960 nostra:
2090 3903 2435 3973 canticoque,
2464 3918 2573 3957 una
2600 3902 2843 3957 accedite
2877 3900 3032 3965 socii,
3051 3915 3221 3969 eaque
3246 3900 3425 3954 disce-

1860 3996 1953 4060 tis,
1987 4012 2108 4067 qua:
2141 3995 2311 4067 Moysi
2341 4010 2405 4049 ac
2440 3994 2723 4066 prophetis
2757 3992 2980 4062 reliquis
3015 3993 3231 4047 fuerunt
3252 3991 3307 4045 in
3330 3992 3429 4047 ἀρε

1860 4086 2062 4144 siderio
2088 4087 2155 4142 “.
2188 4086 2324 4153 Quia
2352 4101 2453 4141 nos
2481 4101 2613 4157 ergo
2664 4086 2814 4156 pueri
2846 4084 3164 4147 invitarunt,
3201 4098 3264 4135 ac
3296 4082 3435 4137 detr.

1862 4190 2002 4236 teras
2055 4178 2307 4234 dederunt
2340 4179 2604 4232 societatis
2632 4177 2701 4243 “,
2733 4177 2939 4242 adeste,
2976 4174 3179 4238 dilecti,
3206 4172 3405 4228 tumulo

1861 4290 1985 4329 mur
2010 4281 2065 4328 et
2092 4271 2195 4343 ipsi
2223 4279 2510 4341 augustum
2542 4271 2675 4326 illud
2699 4270 3015 4340 tripudium,
3049 4283 3112 4321 ac
3142 4282 3265 4322 cum
3292 4280 3403 4336 apo.

1862 4367 2040 4431 stolis,
2076 4366 2176 4422 iter
2216 4365 2264 4419 ei
2295 4364 2589 4434 faciamus,
2624 4364 2713 4435 qui
2754 4360 2987 4417 ascendit
3041 4375 3196 4428 super
3242 4360 3430 4414 mlum

1863 4458 1999 4524 creti,
2030 4456 2100 4512 ad
2132 4456 2396 4512 Orientem
2440 4455 2507 4522 “,
2550 4458 2752 4528 quique
2790 4469 2890 4525 pro
2920 4453 3064 4507 bona
3095 4467 3194 4506 sua
3229 4451 3425 4505 volun-

173 4554 455 4628 οὐρανὸν
477 4553 584 4609 τοῦ
610 4554 869 4622 οὐρανοῦ
892 4554 1020 4608 κατ’
1047 4551 1363 4620 ἀνατολὰς,
1394 4553 1488 4608 καὶ
1512 4553 1605 4607 ἐπὶ
1638 4555 1751 4607 ὐπο-

1866 4558 1997 4616 tate,
2032 4550 2303 4619 subjugali
2329 4550 2383 4603 in
2415 4556 2558 4604 terra
2596 4547 2813 4603 vehitur
2839 4544 2905 4600 “.
2940 4543 3218 4599 Tollamus
3246 4556 3432 4599 ramos

176 4652 404 4719 ζύγιαν,
448 4648 524 4712 ὡς
574 4646 899 4721 ηὐδόκησεν,
946 4645 1295 4717 ἐποχουμίνῳ
1342 4646 1436 4699 ἐπὶ
1483 4644 1583 4714 τῆς
1632 4645 1754 4715 γῆς.

177 4743 350 4799 Μετᾶ
390 4740 497 4795 τῶν
542 4740 751 4813 νηπίων
790 4736 959 4809 κλάδη
997 4736 1239 4809 ἄρωμεν,
1282 4736 1519 4800 καὶτοῖς
1551 4735 1759 4798 θαλλοῖς

178 4835 571 4909 κρατήσωμεν,
594 4834 741 4895 ὅπως
772 4829 1071 4900 ἐπιπνεύσῃ
1104 4829 1198 4882 καὶ
1223 4828 1350 4899 ἡμῖν
1373 4829 1431 4882 τὸ
1454 4826 1675 4897 Πνεῦμα
1698 4827 1760 4879 τὸ

181 4929 374 4996 ἄτιον,
412 4926 507 4979 καὶ
542 4923 641 4994 τὴν
670 4922 1003 4977 θεοδίδακτον
1044 4919 1441 4991 ἀναμέλψωμεν
1483 4919 1760 4981 εὐτάκτως

182 5016 342 5089 ᾠδήν
362 5032 377 5045 ·
405 5014 826 5084 Εὐλογημένος
857 5015 890 5066 ό
917 5012 1242 5080 ἐρχόμενος
1272 5010 1344 5064 ἐν
1373 5012 1615 5091 όνόματι
1646 5013 1761 5063 Κυ-

178 5110 351 5178 ρίου,
376 5106 619 5162 ὡσαννὰ
640 5106 711 5159 ἐν
739 5102 861 5169 τοῖς
887 5103 1187 5172 ὑψίστοις.
1216 5101 1461 5173 Σήμερον
1490 5100 1585 5155 καὶ
1605 5103 1634 5154 ὁ
1660 5117 1763 5153 πα-

183 5200 462 5274 τριάρχης
505 5196 695 5251 Ἰακὼὸ
736 5196 793 5249 ἐν
850 5193 1115 5263 πνεύματι
1160 5192 1427 5264 ἑορτάζει,
1478 5191 1617 5263 ὀρῶν
1661 5190 1761 5262 τὴν

186 5291 532 5364 προφητείαν
567 5287 732 5342 αὐτοῦ
770 5289 850 5350 είς
886 5287 1045 5360 ἔργον
1078 5284 1334 5356 ἀχθεῖσαν
1353 5301 1367 5314 ο
1411 5283 1506 5337 καὶ
1551 5282 1642 5335 τὸν
1669 5281 1758 5334 δε-

259 5447 310 5480 ”
342 5444 495 5500 Psai.
533 5461 645 5507 ut,
684 5444 737 5499 9.
812 5442 858 5476 ⁸⁸
886 5441 1036 5497 Psal.
1065 5456 1231 5503 cxvu,
1263 5439 1368 5507 26;
1404 5437 1596 5493 Matth.
1626 5436 1823 5503 “1,9;

1865 4656 1989 4696 cum
2027 4637 2699 4711 pueris,'plaudamusque
2747 4635 2913 4691 ramis
2948 4635 3244 4698 olivarum,
3281 4642 3340 4688 ut
3371 4641 3431 4689 et.

1864 4748 1965 4789 nos
2002 4732 2239 4803 Spiritus
2270 4741 2494 4788 sanctus
2530 4729 2813 4793 amaverit,
2851 4726 3222 4797 divinitusque
3256 4726 3426 4798 inspip

1865 4834 2041 4879 ratum
2074 4827 2346 4879 canticum
2383 4823 2680 4893 composite
2705 4819 3046 4876 modulemur
3071 4840 3086 4876 :
3117 4818 3427 4875 Benedictus

1862 4916 1952 4986 qui
1981 4918 2114 4970 renit
2137 4918 2190 4971 in
2213 4917 2420 4972 nomine
2446 4914 2675 4975 Domini,
2702 4912 2959 4968 Hesanna
2981 4913 3037 4965 in
3062 4911 3337 4966 altissimis
3356 4910 3424 4964 “.

1866 5007 1970 5062 Sed
1994 5016 2047 5063 et
2074 5008 2380 5079 patriarcha
2405 5005 2574 5061 Jacob
2600 5004 2759 5060 hodie
2786 5005 2840 5059 in
2860 5005 3051 5076 spiritu
3077 5002 3273 5059 festum
3294 5001 3425 5070 agit,

1857 5100 1947 5170 qui
2004 5101 2337 5171 prophetiam
2391 5114 2546 5154 suam
2599 5098 2655 5153 in
2703 5113 2840 5168 opus
2872 5097 3157 5153 deductam
3210 5093 3429 5159 videat,

1857 5205 2107 5258 eumque,
2132 5191 2224 5260 qui
2256 5189 2461 5259 pullum
2493 5203 2653 5243 suum
2688 5189 2875 5259 alligat
2911 5186 2978 5240 ad
3013 5186 3174 5238 vitem
3195 5183 3262 5248 ⁵⁷,
3285 5195 3435 5236 novo

1856 5281 2169 5351 impositum
2211 5281 2392 5350 pullo,
2444 5293 2510 5333 ac
2550 5278 2788 5334 ﬁdelium
2820 5277 3006 5332 socius
3070 5274 3285 5329 Patrem
3329 5270 3431 5328 ad-

1854 5433 2024 5489 Marc.
2059 5449 2135 5492 xl.
2170 5434 2237 5502 9;
2269 5434 2399 5489 Luc.
2429 5450 2545 5500 XIX,
2580 5433 2684 5497 '58;
2720 5432 2882 5487 Joan.
2913 5445 3012 5491 XII,
3038 5430 3124 5502 ιζ».
3197 5429 3244 5502 ff
3274 5426 3407 5502 Gen,

190 5497 365 5575 XXVII:
397 5497 495 5570 ἒξ).
543 5497 794 5569 7"",Psal.
841 5528 1062 5571 csum.
1116 5497 1325 5572 ιιζιε.
1354 5497 1367 5507 ’
1402 5510 1446 5542 ⁸⁷
1479 5509 1650 5563 Exod.
1703 5497 1751 5561 x3

1863 5547 1876 5560 .
1953 5506 2005 5575 "_
2028 5504 2065 5557 ll
2100 5497 2235 5574 Reg;
2274 5523 2351 5569 vr,
2390 5506 2477 5560 14.
2509 5497 2597 5575 ςεθ
2624 5502 2777 5575 ίΡεαί.
2812 5500 3118 5575 σιγαὶ-26.
3152 5497 3432 5575 -.δ’-.Ρεαί.

196 5571 312 5651 an,
343 5571 397 5643 3.
476 5587 521 5619 "
561 5583 795 5639 Malach.
832 5599 905 5647 tv,
932 5584 997 5647 6;
1023 5581 1149 5635 Luc.
1180 5597 1217 5644 ι,
1255 5582 1341 5635 l7.
1416 5581 1462 5613 δ’
1494 5581 1622 5636 Luc.
1651 5577 1751 5648 3,5

1898 5576 1942 5608 “
1968 5573 2146 5629 Galat.
2174 5571 2241 5639 tt,
2278 5577 2331 5631 9.
2419 5575 2467 5606 “
2499 5573 2651 5630 Psal.
2672 5587 2840 5635 urit,
2871 5571 2927 5639 5,
2957 5571 3047 5626 54.

202 5670 307 5721 ut,
337 5660 391 5713 5.
472 5657 516 5688 “
540 5655 672 5710 ibid.
704 5655 757 5709 9.
830 5652 875 5685 “
906 5652 1032 5707 Gen.
1073 5668 1219 5714 sus,
1246 5653 1333 5707 10.

264 5776 373 5848 (88)
399 5774 572 5832 Καθὰ
600 5771 783 5828 πάλαι
814 5770 889 5827 Μ.
924 5770 1025 5838 AL,
1056 5768 1303 5841 καθάπερ
1332 5770 1407 5824 Μ.

3149 5570 3195 5602 ⁸³
3226 5568 3427 5626 Matth.

1934 5766 2049 5837 (89)
2080 5764 2334 5835 Καλὴ...
2360 5763 2653 5834 ἐπίχαρις.
2692 5762 2801 5828 Al.,
2830 5759 3081 5835 καινὴ....
3108 5754 3431 5829 περιχαρής.
