3906 6194
592 288 700 348 337

1589 279 1649 336 S.
1690 277 2022 337 Μετιιουιι
2058 273 2367 334 EPISCOPI
2401 273 2491 332 ET
2526 272 2892 333 IABTYRIS

3741 280 3846 340 588

587 387 730 460 orat.
767 401 937 459 Hodie
966 405 1185 472 aptatur
1211 396 1416 470 pullus,
1451 394 1695 467 gentium
1726 395 2001 467 quondam
2026 395 2157 450 irra-

2269 392 2539 466 σμεύοντα
2571 391 2709 464 πρὸς
2732 390 2975 463 ἄμπελον
3004 388 3095 444 τὸν
3139 390 3317 445 πῶλον
3349 389 3516 445 αὑτοῦ
3545 390 3692 474 ,(90),
3733 396 3845 451 ἐπι-

587 496 898 559 tionalium,
924 491 1240 548 irrationale
1267 488 1564 558 exemplar,
1608 487 1674 542 ad
1708 488 1890 559 populi
1935 504 2001 543 ex
2038 502 2169 556 gen-

585 589 736 645 tibus
808 584 1218 657 signiﬁcandam
1267 580 1659 649 subjectionem
1709 599 1726 634 :
1777 580 2167 649 declarantque

584 680 737 751 pueri
774 678 1006 749 primam
1042 677 1258 731 illorum
1285 714 1299 736 ,
1334 672 1480 744 quod
1515 672 1581 726 ad
1625 670 1720 726 Dei
1761 672 2010 726 notitiam
2042 686 2165 740 spe-

582 778 726 835 ctat,
757 767 1085 841 pueritiam;
1140 774 1493 835 secutamque
1536 763 1884 834 postmodum
1977 761 2032 817 in
2071 760 2165 818 Dei

584 862 737 917 cultu
779 877 850 918 ac
878 875 1006 916 vera
1055 858 1314 928 religione
1344 856 1763 912 absolutionem.
1798 854 1974 911 Hodie
2002 854 2163 923 juxta

581 950 915 1022 Prophetam
948 951 1016 1016 ⁸⁸,
1049 948 1236 1021 gloria:
1273 946 1386 1003 Rex
1417 946 1673 1001 laudatur
1704 946 1761 1001 in
1800 953 1966 1011 terra,
1997 945 2165 1001 caele.

460 1052 473 1059 '
580 1045 795 1112 stisque
823 1042 968 1114 epuli
1015 1053 1069 1098 et
1096 1040 1292 1095 laetitia:
1321 1055 1425 1093 una
1464 1037 1644 1093 socios
1672 1037 1974 1109 terrigenas
2004 1036 2157 1103 facit,

579 1151 693 1207 quo
735 1150 795 1190 se
840 1141 1198 1201 utrorumque
1247 1129 1535 1183 Dominum
1596 1128 1808 1199 probet,
1871 1130 2017 1184 velut
2063 1129 2159 1199 qui

583 1226 971 1282 communibus
1006 1224 1266 1293 utrinque
1308 1223 1533 1278 vocibus
1578 1219 1919 1277 decantetur.
1956 1220 2165 1276 Idcirco

578 1318 807 1389 superni
840 1316 917 1371 illi
938 1317 1285 1372 terrestrium
1318 1315 1555 1372 salutem
1579 1314 1990 1375 annuntiantes,
2018 1314 2165 1384 psal-

581 1409 767 1466 labant
789 1410 834 1441 δ’
867 1427 879 1462 :
910 1406 1140 1463 Sanctus
1160 1447 1175 1471 ,
1212 1414 1451 1468 sanctus,
1486 1414 1733 1471 sanctus,
1774 1402 2030 1457 Dominus
2063 1401 2165 1456 Sa-

577 1493 758 1549 baoth.
784 1494 950 1549 Plena
982 1494 1153 1549 omnis
1179 1502 1320 1548 terra
1350 1493 1521 1564 gloria
1551 1493 1706 1562 ejus:
1738 1490 1953 1546 inferno
1980 1496 2162 1545 autem

579 1587 767 1657 positi,
805 1588 1079 1641 communi
1125 1594 1181 1641 et
1216 1586 1319 1656 ipsi
1372 1592 1644 1642 conventu
1676 1583 1980 1638 cmlcstium
2028 1580 2164 1636 laeti-

578 1676 712 1732 tiam
745 1677 1111 1741 celebrantes,
1158 1677 1466 1732 clamabant
1497 1692 1511 1727 :
1564 1675 1817 1730 "osanna
1856 1673 1934 1746 [in
1962 1671 2164 1727 altissi-

2271 485 2544 557 ϐεϐηκότα
2599 482 2695 537 ἐπὶ
2742 483 2918 538 πῶλον
2967 480 3109 546 νέον,
3150 482 3242 534 καὶ
3292 481 3429 551 μετὰ
3477 481 3589 536 τῶν
3642 486 3844 540 πιστῶν

2268 575 2673 648 προσκυνεῖτῷ
2715 574 2909 646 Πατρί.
2962 575 3208 646 Σήμερον
3260 572 3435 637 πῶλος
3479 574 3845 646 ὲτοιμάξεται,

2268 665 2329 719 τὸ
2360 665 2466 719 τῶν
2497 664 2795 734 ἀλογίστων
2829 663 2998 717 ἐθνῶν
3026 664 3087 716 τὸ
3114 663 3242 735 πρὶν
3273 662 3552 731 ἀλόγιστον
3577 662 3845 734 ἐξεμὸλὰ-

2269 774 2383 829 ριον
2417 756 2550 828 (9|),
2581 758 2661 820 εἰς
2692 754 2951 822 ἐπίδειξιν
2984 753 3261 824 ὑποταγῆς
3287 737 3381 806 τού
3407 752 3467 818 ἐξ
3488 753 3655 807 ἐθνῶν
3678 754 3812 807 λαοῦ
3832 772 3845 787 ο

2269 850 2360 903 καὶ
2386 849 2554 921 νήπια
2577 848 2982 920 καταμηνύουσι
3005 846 3102 919 τήν
3126 847 3331 900 τούτων
3353 847 3487 917 πρὸς
3516 846 3850 917 θεογνωσὶαν

2267 943 2587 1013 νηπιότητα,
2615 942 2708 996 καὶ
2739 942 2838 1012 τήν
2867 940 3007 1011 μετὰ
3036 926 3209 994 ταῦτα
3249 941 3386 1013 πρὸς
3416 940 3726 994 θεοσέϐειαν
3769 958 3850 994 τε·

2267 1035 2535 1106 λειότητα.
2566 1034 2812 1107 Σήμερον
2837 1036 2865 1088 ὁ
2895 1032 3147 1105 βασιλεὺς
3172 1033 3271 1105 τῆς
3297 1032 3455 1105 δόξης
3479 1034 3572 1086 ἐπὶ
3592 1032 3696 1103 γῆς
3720 1049 3850 1107 προ-

2268 1126 2513 1197 φητικῶς
2546 1124 2849 1190 δοξάζεται,
2893 1125 2989 1178 καὶ
3031 1124 3429 1194 συγκοινωνοὺς
3471 1124 3569 1195 τῆς
3613 1126 3850 1197 ἐπουρα-

2265 1218 2380 1272 νίου
2411 1217 2675 1289 εύωχείας
2703 1219 2829 1281 τοὺς
2853 1217 3105 1287 γηγενεῖς
3136 1213 3530 1280 ἀναδείκνυσιν,
3559 1215 3645 1269 ἵνα
3670 1216 3850 1290 δείξῃ,

2265 1311 2348 1365 ὃτι
2398 1310 2561 1375 αὐτός
2596 1312 2713 1364 ἐστι
2753 1308 2958 1381 Κύριος
2991 1306 3336 1379 ἀμφοτέρων,
3388 1306 3465 1370 ὡς
3506 1307 3850 1382 ἑκατέρωθεν

2268 1401 2576 1473 συμφώνως
2602 1399 3028 1473 ἀνυμνούμενος.
3063 1396 3162 1451 Διὰ
3188 1396 3345 1451 τοῦτο
3373 1398 3422 1450 οἱ
3447 1398 3543 1468 μὲν
3572 1398 3683 1452 ἄνω
3739 1396 3850 1468 (92]

2267 1492 2364 1565 τὴν
2418 1493 2512 1547 ἐπὶ
2564 1494 2667 1565 γῆς
2731 1492 3005 1565 σωτηρίαν
3063 1487 3508 1561 καταμηνύοντες
3566 1488 3804 1560 ἔψαλλον
3837 1510 3850 1522 ·

2268 1584 2493 1654 Ἄγιος,
2553 1584 2753 1655 ἅγιος,
2796 1582 2962 1653 ἅγιος
3011 1582 3224 1650 Κύριος
3280 1579 3541 1635 Σαϐαὼθ.
3600 1579 3850 1649 Πλήρης

2265 1676 2437 1733 πᾶσα
2461 1678 2500 1747 ἠ
2528 1675 2606 1746 γῆ
2636 1675 2747 1745 τῆς
2775 1675 2960 1742 δόξης
2988 1671 3177 1727 αὐτοῦ
3196 1689 3209 1702 ·
3242 1673 3291 1725 οἱ
3325 1672 3381 1725 δὲ
3409 1671 3560 1725 κάτω
3591 1675 3658 1744 τῇ
3685 1676 3850 1726 ἐπου-

580 1769 682 1821 mis
710 1784 729 1821 :
762 1766 1042 1841 Hosatma]
1075 1767 1218 1823 Filio
1249 1768 1441 1824 Dauid.
1483 1768 1660 1838 Atque
1688 1766 1898 1836 priores
1944 1762 2157 1835 quidem

2271 1768 2442 1840 ρανίῳ
2521 1766 2827 1839 εὐφροσύνῃ
2908 1762 3484 1837 συμπανηγυρίζοντες
3553 1763 3796 1835 ἔκραζον
3835 1782 3849 1796 ο

581 1860 638 1913 in
667 1859 785 1913 hare
819 1859 986 1915 verba
1019 1860 1318 1914 laudabant
1354 1878 1368 1913 :
1411 1857 1695 1913 Benedicta
1738 1854 1912 1926 gloria
1952 1852 2164 1907 Domini

574 1950 644 2005 de
682 1952 796 2006 loco
827 1968 924 2006 suo
955 1952 1023 2005 '°.
1052 1951 1147 2007 Isti
1179 1957 1363 2006 autem
1398 1948 1418 2022 [
1443 1948 1608 2005 Deum
1639 1948 2003 2007 celebrantes,
2027 1944 2047 2017 ]
2073 1944 2164 1998 di-

576 2042 778 2098 cebant
807 2061 823 2097 :
855 2040 1171 2097 Benedictus
1215 2042 1305 2113 qui
1335 2042 1473 2097 venit
1519 2041 1575 2095 in
1604 2040 1815 2095 nomine
1846 2037 2059 2092 Domini
2092 2038 2158 2092 ".

651 2317 739 2373 ill.
781 2318 916 2374 Cum
948 2327 1128 2373 autem
1191 2316 1310 2372 haec
1343 2322 1772 2387 peragerentur,
1814 2312 2164 2385 discipulique

574 2407 866 2479 gaudentes
889 2406 1171 2461 laudarent
1192 2421 1346 2474 super
1369 2406 1610 2460 omnibus
1632 2420 1767 2476 quas
1796 2402 2035 2457 uiderant
2059 2405 2164 2457 vir—

578 2500 816 2565 tutibus,
872 2516 936 2553 ac
980 2499 1265 2553 dicerent:
1316 2496 1628 2551 Benedictus
1675 2496 1767 2565 qui
1802 2494 1937 2547 venit
1965 2508 2058 2547 rex
2105 2494 2161 2548 in

577 2593 787 2646 nomine
811 2591 1024 2644 Domini
1053 2604 1071 2642 :
1096 2604 1204 2657 pax
1240 2589 1295 2642 in
1329 2589 1479 2652 caelo,
1504 2599 1547 2642 et
1576 2586 1744 2658 gloria
1774 2587 1827 2639 in
1847 2586 2066 2640 excelsis
2088 2587 2157 2650 ",

577 2681 746 2750 cwpit
794 2679 989 2734 civitas
1034 2679 1392 2749 interrogare,
1444 2676 1667 2732 dicens:
1701 2674 1829 2742 Quis
1861 2685 1937 2730 est
1967 2675 2049 2728 hic
2070 2674 2161 2732 ⁵³2

580 2770 897 2826 induratum
930 2775 1277 2838 veteremque
1326 2767 1615 2822 adversum
1669 2765 1882 2820 Domini
1928 2766 2158 2836 gloriam

577 2860 813 2914 livorem
855 2857 1121 2913 excitans.
1168 2856 1250 2910 Tu
1296 2866 1475 2911 autem
1509 2871 1633 2909 cum
1674 2855 1833 2910 audis
1858 2854 2156 2921 civitatem,

575 2957 815 3007 veterem
889 2948 1191 3022 Synagoga:
1257 2946 1677 3017 incompositam
1750 2946 2156 3001 multitudinem

580 3056 836 3113 agnosce.
870 3038 1211 3111 lnterrogant
1242 3037 1443 3109 ingrati
1491 3037 1854 3107 malignique,
1908 3037 2041 3104 Quis
2079 3044 2159 3091 est

578 3110 701 3194 hic?
749 3137 909 3209 quasi
955 3110 1191 3191 necdum
1235 3132 1560 3189 beneﬁcium
1610 3131 1894 3196 vidissent,
1929 3110 2230 3203 eumquec

577 3244 740 3302 quem
770 3228 991 3283 homine
1019 3228 1261 3295 majora,
1301 3224 1485 3279 divina
1527 3222 1814 3287 miracula,
1846 3223 2162 3280 celebratis-

578 3321 778 3377 simum
833 3318 1114 3374 l'ecissent.
1171 3315 1294 3369 Non
1363 3316 1501 3369 enim
1566 3318 1788 3369 tenebris
1826 3314 2161 3383 comprehen-

578 3409 768 3464 derunt
813 3408 949 3478 quod
996 3407 1133 3461 luxit
1177 3407 1231 3460 in
1276 3406 1405 3476 ipsis
1445 3405 1618 3459 lumen
1665 3406 1743 3470 “,
1779 3420 2011 3460 occasus
2061 3421 2160 3461 ne-

580 3501 778 3556 scium.
814 3500 1180 3566 Quamobrem
1207 3497 1454 3568 apposite
1475 3497 1540 3551 ad
1574 3497 1696 3552 illos
1723 3496 1973 3550 clamavit
1992 3493 2160 3552 Isaias

578 3592 840 3665 propheta
888 3588 1080 3643 dicens
1124 3607 1135 3642 :
1173 3586 1361 3649 Sardi,
1396 3585 1593 3650 audite,
1644 3596 1692 3639 et
1718 3592 1872 3648 circi,
1915 3586 2161 3653 suspicite

577 3691 635 3735 ut
663 3678 904 3735 videatis.
938 3676 1008 3731 Et
1058 3678 1176 3747 quis
1214 3685 1293 3730 est
1345 3691 1513 3728 caseus
1549 3672 1693 3746 [nisi
1746 3674 1894 3743 pueri
1927 3675 2027 3727 mei
2057 3690 2076 3729 :
2108 3683 2160 3728 et

576 3770 774 3844 surdi],
808 3770 911 3824 nisi
938 3769 1028 3841 qui
1056 3768 1399 3823 dominantur
1424 3768 1641 3821 eorum?
1674 3764 1741 3818 Et
1773 3764 1907 3818 servi
1942 3763 2035 3819 Dei
2064 3763 2158 3818 ob-

578 3862 762 3917 caecati
793 3868 937 3915 sunt.
978 3858 1199 3912 Vidistis
1228 3873 1386 3927 swpe,
1419 3865 1470 3910 et
1494 3873 1598 3910 non
1629 3852 1935 3908 custodistis
1962 3868 1981 3907 :
2007 3870 2161 3923 aper-

578 3964 648 4011 tae
686 3962 808 4013 sunt
848 3967 1029 4015 aures,
1086 3958 1135 4004 et
1164 3966 1285 4018 ⁸ηοη
1317 3947 1545 4003 audistis
1573 3948 1640 3999 ".
1678 3945 1906 4010 Videtis,
1950 3944 2156 4010 dilecti,

578 4061 742 4117 quam
768 4045 838 4100 sit
864 4051 1159 4099 accuratus
1186 4058 1402 4111 sermo;
1429 4050 1488 4098 ut
1508 4042 1726 4098 divinus
1752 4039 2008 4113 Spiritus,
2036 4055 2159 4111 qua:

578 4144 778 4195 suaest
794 4138 1104 4193 futurorum
1132 4137 1422 4207 inspectio,
1457 4152 1555 4208 per
1586 4146 1804 4191 sanctos
1834 4149 1984 4200 suos,
2011 4134 2160 4189 velut

578 4228 870 4300 praesentia
895 4233 1103 4291 essent,
1144 4226 1329 4282 futura
1357 4227 1752 4298 praedicaverit.
1784 4224 2052 4281 Viderunt
2080 4225 2158 4281 si-

575 4319 798 4390 quidem
841 4317 1064 4389 ingrati,
1106 4318 1507 4388 palparuntque
1546 4334 1612 4373 ex
1648 4316 1952 4381 miraculis,
1989 4316 2157 4371 mira-

575 4411 827 4467 culorum
858 4416 1193 4481 patrstorem
1238 4409 1437 4475 Deum,
1472 4424 1537 4463 ac
1580 4409 1935 4465 nihilominus
1980 4409 2035 4462 in
2070 4408 2155 4463 in-

2276 1858 2532 1914 '00'arrt‘t
2555 1858 2647 1931 [ἐν
2684 1858 2809 1925 τοῖς
2836 1858 3118 1927 ὑψίστοις
3136 1872 3150 1887 ο
3185 1854 3455 1928 ὠσαννὰ]
3484 1854 3563 1921 τῷ
3592 1856 3703 1922 υἱῷ
3746 1859 3850 1910 Δα-

2265 1952 2381 2006 διδ.
2421 1950 2534 2005 Καὶ
2573 1951 2626 2005 oi
2662 1951 2760 2023 μὲν
2807 1951 2919 2004 ἄνω
2951 1948 3321 2017 ἐδοξολόγουν’
3364 1946 3763 2024 Εὐλογημένη
3812 1948 3849 2015 ἡ

2263 2043 2416 2109 δόξα
2460 2044 2684 2114 Κυρίου
2729 2043 2799 2097 ἐκ
2844 2043 2951 2098 τοῦ
2996 2044 3185 2096 τόπου
3233 2038 3451 2095 αὐτοῦ·
3496 2040 3550 2117 οἱ
3593 2039 3654 2093 δὲ
3693 2040 3850 2094 κάτω

2264 2132 2617 2207 [ἐθεολόγουν
2636 2132 2655 2206 ]
2676 2147 2693 2164 ·
2735 2132 3161 2206 Εὐλογημένος
3193 2136 3226 2188 ό
3253 2132 3576 2202 ἐρχόμενος
3606 2130 3677 2184 ἐν
3708 2132 3850 2185 ὀνό-

2259 2245 2405 2299 ματι
2434 2228 2679 2297 Κυρίου.

2332 2318 2409 2372 1".
2439 2316 2656 2372 Τούτων
2684 2316 2743 2371 δὶ
2778 2315 2950 2380 οὕτως
2977 2313 3335 2385 τελουμένων,
3369 2313 3478 2368 Καὶ
3512 2310 3635 2365 τῶν
3659 2314 3850 2380 μαθη-

2260 2408 2380 2461 τῶν
2424 2409 2798 2478 χορευόντων
2836 2406 2969 2475 περὶ
3020 2405 3264 2459 πάντων
3309 2397 3397 2457 ὧν
3437 2399 3602 2457 εἶδον
3660 2400 3850 2453 δυνά·

2257 2517 2437 2571 μεων,
2479 2498 2579 2552 καὶ
2620 2499 2941 2568 λεγόντων,
2986 2496 3408 2568 Εὐλογημένος
3453 2497 3486 2549 ό
3521 2494 3850 2563 ἐρχόμενος

2263 2587 2602 2663 [βασιλεὺς]
2629 2589 2699 2642 ἐν
2723 2588 2963 2658 ὀνόματι
2986 2584 3240 2656 Κυρίου²
3267 2587 3337 2639 ἐν
3358 2582 3592 2653 οὐρανῷ
3614 2582 3848 2651 εἰρήνη,

2260 2679 2357 2735 καί
2401 2678 2553 2743 δόξα
2584 2678 2655 2731 ἐν
2697 2677 3017 2747 ὑψίστοιςο
3063 2678 3097 2748 ή
3145 2676 3300 2740 πόλις
3340 2673 3568 2728 ἐπύθετο
3605 2673 3724 2745 (9'5)
3766 2673 3850 2727 λέ-

2259 2787 2458 2842 γουσα·
2490 2771 2589 2837 Τίς
2611 2770 2783 2824 ἐστιν
2802 2765 3020 2837 οὗτος;
3051 2768 3458 2841 πεπωρωμένον
3484 2766 3682 2837 φθόνον
3706 2766 3850 2820 κατὰ

2259 2862 2358 2933 τῆς
2390 2859 2486 2914 τοῦ
2520 2862 2794 2916 Δεσπότου
2836 2860 2991 2932 δόξης
3018 2861 3266 2916 κινοῦσα.
3308 2860 3470 2914 Πόλιν
3502 2858 3560 2912 δὲ
3606 2859 3850 2926 ἀκούων,

2257 2949 2355 3022 τήν
2382 2950 2615 3004 παλαιὰν
2649 2951 2750 3022 τῆς
2786 2946 3111 3020 Συναγωγῆς
3150 2950 3383 3004 ἄτακτον
3422 2946 3635 3021 πληθὺν
3662 2949 3850 3018 ἐπιγί-

2259 3060 2455 3097 νωσκε.
2500 3042 2839 3117 Διερωτῶσιν
2866 3045 2916 3098 οἱ
2944 3041 3276 3115 ἀγνώμονες,
3308 3044 3403 3110 Τίς
3425 3043 3601 3097 ἐστιν
3629 3038 3850 3110 οὗτος-ς

2261 3134 2337 3199 ὼς
2383 3136 2550 3207 μήπω
2580 3135 2888 3208 ἑωρακότες
2924 3134 3015 3188 τὸν
3058 3135 3349 3207 εὐεργέτην
3394 3135 3489 3188 καὶ
3520 3133 3850 3208 περιϐόητον

2259 3229 2373 3291 τοῖς
2419 3226 2744 3301 θεοπρεπέσι
2796 3226 3089 3299 θαύμασιν.
3132 3229 3214 3281 Οὐ
3260 3227 3371 3297 γὰρ
3422 3224 3761 3280 κατέλαϐεν
3812 3228 3848 3293 ἠ

2261 3320 2475 3374 σκοτία
2498 3321 2564 3374 τὸ
2589 3320 2661 3374 ἐν
2688 3316 2844 3389 αὐτῇ
2867 3318 3218 3389 ἐπιλάμψαν
3247 3318 3470 3372 ἄδυτον
3494 3316 3642 3387 φῶς».
3681 3316 3850 3369 Ὅθεν

2259 3411 2564 3476 εὐθυόόλως
2595 3412 2731 3486 πρὸς
2760 3413 2955 3476 αὐτοὺς
2994 3411 3374 3484 ἀνακέκραγεν
3400 3409 3514 3481 (94)
3550 3410 3792 3473 Ἡσαΐας
3824 3409 3850 3460 ὁ

2261 3504 2544 3575 προφήτης
2582 3503 2756 3573 λέγων
2777 3520 2792 3535 ·
2833 3507 2895 3559 Ol
2943 3503 3127 3574 κωφοί
3159 3503 3481 3564 ἀκούσατε,
3526 3501 3625 3557 καὶ
3660 3503 3718 3555 οἱ
3751 3517 3850 3555 τυ-

2259 3595 2400 3663 φλοὶ
2428 3594 2810 3664 ἀναϐλέψατε
2831 3594 3000 3650 ἰδεῖν.
3031 3595 3139 3650 Kal
3183 3596 3275 3661 τις
3303 3593 3552 3663 τυφλὸς,
3594 3591 3764 3665 [ἀλλ’
3798 3595 3850 3647 οι

2258 3682 2469 3750 παῖδές
2506 3702 2627 3753 μου
2649 3700 2664 3714 ⁸
2699 3684 2800 3738 καὶ
2834 3684 3042 3757 κωφοί]
3088 3685 3228 3740 ἀλλ’
3255 3685 3293 3754 ἣ
3327 3684 3711 3753 stuprati-ortae.
3737 3687 3850 3738 αὑ-

2258 3774 2415 3838 τῶν;
2441 3776 2550 3829 Καὶ
2576 3775 3013 3846 ἑτυςρλώθησαν
3038 3779 3092 3831 οἱ
3116 3776 3321 3830 δοῦλοι
3339 3774 3447 3829 τοῦ
3477 3775 3643 3829 Θεοῦ.
3676 3775 3850 3829 Εἶδε-

2257 3882 2322 3921 τε
2358 3866 2675 3934 πολλάκις,
2724 3868 2825 3922 καὶ
2862 3871 2973 3924 οὐκ
3019 3866 3406 3938 ἐφυὶὶὰξασθε
3428 3884 3442 3897 ·
3492 3867 3850 3936 ἠνεῳπμένα

2256 3958 2330 4014 τὰ
2351 3954 2491 4027 ὦτα,
2510 3960 2607 4015 καί
2634 3961 2746 4016 οὐκ
2772 3961 3093 4029 ἠκούσατε.
3122 3961 3333 4034 Ὁρᾶτε,
3362 3957 3660 4030 ἀγαπητοὶ,
3687 3960 3850 4032 ἀκρε-

2257 4051 2408 4107 σειαν
2436 4052 2617 4123 λόγου,
2661 4053 2809 4118 ὅπως
2850 4053 2912 4107 τὸ
2949 4051 3387 4127 προθεωρητικδν
3423 4053 3562 4106 θεῖον
3608 4053 3850 4125 Πνεῦμα

2257 4145 2348 4200 διὰ
2394 4145 2503 4199 τῶν
2534 4145 2706 4215 ἁγίων
2742 4144 2812 4199 τὰ
2842 4145 3102 4218 μέλλοντα
3126 4147 3201 4210 ὡς
3235 4145 3473 4218 παρόντα
3510 4145 3850 4215 ἐκήρυττεν.

2255 4230 2408 4288 Εἶδον
2449 4234 2559 4308 γὰρ
2608 4235 2657 4288 οἱ
2699 4235 3004 4308 ἀχάριστοι,
3051 4235 3146 4289 καὶ
3192 4235 3535 4305 ἐψηλάφησαν
3579 4233 3668 4287 διὰ
3725 4236 3850 4290 τῶν

2255 4323 2570 4395 θαυμάτων,
2609 4323 2700 4379 τὸν
2736 4324 3148 4399 θαυματουργὺν
3185 4326 3338 4391 Θεὸν,
3366 4326 3455 4380 καὶ
3494 4327 3559 4397 τῇ
3599 4326 3850 4401 ἀπιστίᾳ

2257 4414 2558 4485 ἐνέμειναν.
2598 4410 2753 4470 Εἶδον
2784 4416 2983 4487 τυφλὸν
3018 4420 3081 4471 ἐκ
3105 4418 3349 4489 γενετῆς,
3375 4418 3465 4471 τὸν
3490 4421 3850 4493 φωταγωγή-

574 4499 835 4560 ﬁdelitate
861 4508 1180 4557 manserunt
1194 4501 1259 4556 ⁵⁸.
1284 4500 1550 4555 Viderunt
1571 4516 1771 4555 caecum
1791 4516 1821 4555 a
1851 4501 2150 4566 nativitate,

2263 4522 2428 4559 σαντα
2459 4505 2591 4560 Θεὸν
2625 4506 2982 4579 κηρύττοντα.
3016 4504 3170 4563 Εἶδον
3205 4509 3500 4580 σύγχρονον
3540 4510 3637 4563 καὶ
3672 4484 3849 4575 σύζύ-

685 4682 731 4715 ⁸⁸
768 4643 919 4738 Psal.
962 4695 1187 4745 CXLVIII,
1226 4678 1281 4734 9.
1388 4677 1433 4709 ἰ’
1466 4676 1580 4731 Isa.
1630 4691 1709 4741 vt,
1742 4678 1794 4731 3.

1903 4678 1949 4710 ⁸⁸
1981 4675 2169 4731 Ezech.
2215 4693 2299 4739 ιιι,
2348 4677 2439 4732 2'2.

2543 4678 2588 4710 ⁸¹
2619 4676 2812 4733 Matth.
2847 4695 2962 4745 χχι,
2992 4687 3099 4737 etc.
3201 4683 3247 4715 ⁵²
3284 4680 3413 4736 Luc.
3448 4698 3565 4748 xxx,
3614 4682 3710 4745 57.
3745 4685 3840 4741 38.

576 4756 627 4791 υ
667 4753 862 4810 Matth.
919 4767 1032 4818 ιιι,
1073 4751 1160 4808 l0.
1235 4751 1282 4782 ⁸⁵
1328 4748 1490 4805 Joan.
1524 4763 1564 4812 ι,
1603 4746 1659 4803 5.
1731 4746 1924 4803 ".Isa.
1958 4763 2091 4811 XLII,
2128 4748 2151 4800 1

2263 4752 2320 4804 0.
2398 4751 2442 4781 ⁸⁸
2470 4749 2631 4804 Joan.
2664 4767 2738 4804 ix.

652 4935 762 5008 (90)
800 4934 907 4988 Tdr
940 4933 1381 5008 πῶλον-ἀύτοῦ.
1416 4934 1619 4990 Gentes
1654 4948 1866 5008 omnes.
1892 4932 1957 5008 ad
1985 4934 2147 4991 vitem

576 5004 1093 5076 illam'translatam
1143 5004 1210 5059 de
1245 5006 1500 5076 Egypto,
1552 5020 1674 5074 quae
1705 5004 1950 5076 implevit
1979 5013 2149 5076 totam

575 5086 799 5138 terram,
823 5075 1147 5146 dpeentibus
1174 5073 1451 5146 pr0pnetis
1485 5073 1655 5144 ipsius
1680 5083 1733 5129 et
1754 5074 1939 5146 justis.
1977 5073 2052 5129 Ita
2083 5075 2149 5130 ad

576 5146 801 5201 verbum
844 5144 1000 5200 Tilus
1044 5144 1352 5202 BostrenSis
1384 5146 1542 5200 docta
1577 5151 1718 5200 orat.
1747 5146 1853 5215 Εἰς
1879 5144 1953 5199 τὰ
1979 5146 2145 5211 Βάτα,

575 5231 736 5286 quam
764 5232 832 5271 ex
867 5216 1030 5286 regiis
1060 5216 1342 5271 habemus.

647 5286 759 5359 (9|)
804 5282 1144 5359 Ἀλόῗγιοντον
1173 5284 1580 5359 ἐξεμρλάριον.
1605 5284 1723 5359 Ν..
1752 5282 1958 5359 Δειλογον
1987 5287 2150 5359 ἐξεμ-

577 5354 793 5439 ςλᾲριον
829 5356 863 5429 ἢ
894 5354 1277 5439 ἐξεμπλάριον.
1314 5354 1567 5438 Gaudent
1594 5354 1766 5439 Grmci
1813 5354 2060 5439 barbaris
2082 5354 2140 5411 et

578 5422 783 5506 Latinis
804 5422 1065 5506 _vocibus.
1098 5422 1160 5506 ut
1191 5442 1299 5506 non
1339 5440 1523 5496 paucae
1549 5426 1660 5494 jam
1696 5423 1825 5479 olim
1872 5440 1997 5506 cum
2018 5428 2139 5506 _im-

578 5497 728 5562 perio
753 5497 818 5550 ad
853 5511 948 5552 eos
986 5498 1320 5557 transierint.
1362 5511 1750 5566 nonnunquam
1782 5497 2141 5566 scriptoribus

577 5566 874 5630 pnesertim
903 5568 1076 5621 sacris
1100 5578 1389 5636 usurpatae.
1456 5564 1622 5622 velut
1648 5564 1786 5636 forte
1825 5564 1996 5636 magis
2038 5583 2139 5622 usu

578 5642 807 5701 rrcepta:
833 5641 887 5687 et
913 5637 1109 5689 notiori
1134 5634 1562 5705 signiﬁcatione;
1592 5651 1698 5707 qua
1724 5634 1791 5691 de
1816 5651 1875 5692 re
1903 5634 2067 5693 etiam
2088 5637 2143 5693 in

581 5700 698 5755 Vita
731 5700 909 5756 Basilii
939 5719 1038 5773 pro
1068 5705 1460 5775 Amphilochio.

776 5720 909 5756 35H"
939 5720 1038 5759 ι)νο
1068 5720 1460 5759 Αωυωιυςωο.

2322 4935 2435 5008 (92)
2463 4937 2568 4991 Διὰ
2611 4936 2804 5010 τοῦτοΔ
2832 4941 2888 4994 οἱ
2923 4939 3040 5008 μὲν
3068 4940 3209 4996 ἄγω.
3239 4938 3496 4996 Pluribus
3525 4937 3833 5010 eodemque

2252 5007 2438 5070 sensu,
2473 5014 2611 5079 orat.
2649 5008 2739 5062 illa
2773 5007 2845 5064 De
2881 5007 3124 5075 occursu,
3148 5012 3368 5079 exponit
3401 5010 3542 5065 idem
3582 5007 3831 5079 serapbi-

2252 5093 2377 5151 cum
2411 5077 2723 5151 canticum;
2765 5087 2823 5133 ut
2854 5089 3124 5149 postrema
3152 5077 3297 5134 illius
3323 5088 3497 5151 parte.
3527 5077 3827 5149 palam'ce—

2250 5146 2492 5220 lcbretur
2513 5146 2826 5204 Dominicus
2855 5146 3118 5220 adventus
3145 5160 3198 5205 et
3224 5146 3504 5220 οἰκονομία
3518 5146 3541 5214 ς’
3565 5163 3676 5220 qua
3703 5165 3833 5202 vere

2252 5217 2356 5288 fuit
2388 5219 2544 5288 plena
2576 5225 2739 5281 terra,
2773 5220 2944 5288 gloria
2970 5219 3182 5274 Domini
3208 5236 3223 5284 ;
3266 5217 3559 5274 obcaicatis
3605 5219 3829 5288 interim

2251 5287 2505 5360 Iudaeis:
2538 5302 2714 5360 quam
2749 5287 2935 5343 eurum
2977 5291 3274 5345 caecitatem
3317 5289 3442 5360 olim
3477 5287 3827 5360 praedictam,

2248 5367 2396 5413 recte
2427 5356 2734 5430 Mctliodius
2757 5368 2943 5415 noster
2972 5368 3205 5430 utroque
3234 5360 3374 5420 loco.
3400 5356 3632 5413 Domino
3660 5372 3833 5429 appa~

2246 5438 2422 5492 rente,
2457 5428 2681 5483 offendit
2708 5437 2903 5484 eventu
2931 5428 3194 5492 secutam,
3227 5438 3287 5483 ut
3314 5430 3561 5484 videatur
3593 5428 3707 5485 ista
3728 5444 3833 5480 m-

2251 5499 2403 5621 ριοξή
2458 5499 2712 5570 praecipui
2745 5499 3078 5554 characteris
3106 5501 3225 5554 loco
3248 5500 3436 5555 huicce
3463 5498 3722 5556 orationi.

2318 5574 2334 5621 l
2379 5569 2431 5621 '5)
2481 5568 2770 5621 Ἐπύθετο.
2794 5567 2903 5621 AL.
2937 5570 3159 5621 ἐσείετο.

2318 5567 2431 5634 (93)
2459 5567 2770 5623 ἹΕπύθετο.
2794 5567 2903 5633 AL,
2937 5570 3159 5623 ἐσείετο.

2324 5637 2434 5711 (9i)
2477 5639 2908 5726 Ἀνακεκρατεν.
2942 5641 3050 5707 AL,
3076 5639 3498 5712 προανεκραγεν.
