3972 6212
185 261 286 316 389

1253 265 1512 322 ORATIO
1553 267 1618 322 IN
1656 260 1896 324 RAMOS
1927 265 2330 324 PALMARUM.

3333 280 3446 338 390

177 395 271 447 γον
327 381 396 449 τῇ
449 378 700 452 ἀσθενείᾳ
752 382 1086 453 παράλυτον,
1131 385 1510 457 προστάγματι
1549 385 1737 451 διαζευι

1865 385 2032 442 Deum
2060 386 2464 458 praedicantem,
2489 387 2582 458 qui
2605 387 2784 445 visum
2805 392 3158 452 restituisset.
3180 393 3446 455 Viderunt

173 467 378 538 χθέντα
415 469 511 540 τῆς
552 473 870 542 κακουχίας.
909 473 1229 530 Ἐθεάσαντο
1270 477 1520 550 Λάζαρον
1555 479 1765 548 φυγάδα

170 561 412 614 θανάτου
437 563 714 631 γεγονότα.
756 566 1033 620 Ἤκουσαν
1057 568 1149 620 τὸν
1175 569 1232 623 ὲν
1264 569 1500 644 θαλάττῃ
1527 573 1763 644 περίπα-

171 668 261 703 τον
283 667 297 681 ·
334 651 436 722 τὴν
475 652 830 724 ἀγεώργητον
854 657 1147 712 οίνοδοσίαν
1166 675 1179 689 ⁶
1204 659 1302 731 τὴν
1326 661 1562 733 ἀμοχθον
1597 665 1762 735 ἀρτο-

179 748 379 814 ςιγίαν
400 764 416 779 ·
448 747 548 820 τὴν
584 749 692 803 τῶν
729 750 998 823 δαιμόνων
1036 754 1335 810 ἀπελασίαν
1358 774 1371 786 ·
1405 758 1502 830 τὴν
1527 759 1635 813 τῶν
1664 777 1764 814 κα-

174 843 420 910 μνόντων
441 843 763 912 εὐρωστίαν.
801 847 863 899 Ai
893 846 1138 901 πλατεῖαι
1165 849 1342 903 αὐτῶν
1374 850 1472 915 τὰς
1503 852 1762 924 δυνάμεις

173 932 472 1000 ἐκήρυττον
492 947 508 961 ο
538 933 593 984 αἱ
621 932 730 985 ὁδοὶ
758 934 936 988 αὐτῶν
963 937 1062 1000 τὰς
1097 939 1266 1004 ίάσεις
1287 943 1399 1004 τοῖς
1421 943 1759 1016 ὁδοιποροῦσι

175 1025 564 1093 κατήγγελλον.
611 1027 768 1079 Πᾶσα
808 1027 1032 1082 Ἰουδαία
1069 1031 1364 1104 ἐπληρώθη
1396 1035 1504 1087 τῶν
1533 1038 1757 1108 εὐεργε-

175 1116 331 1168 σιῶν’
389 1118 487 1171 καὶ
528 1118 622 1171 νῦν
661 1119 947 1184 ἀκούοντες
987 1122 1121 1176 Θεοῦ
1164 1119 1327 1190 αἶνον,
1366 1127 1751 1182 πυνθάνονταιο

177 1209 259 1274 Τίς
298 1210 482 1263 ἐστιν
519 1207 738 1278 οὗτος;
772 1213 833 1265 Ὢ
869 1213 1054 1278 ἀνοίας
1091 1215 1198 1268 τῶν
1223 1217 1583 1290 ψευδωνύμων
1610 1221 1754 1274 διδα-

168 1303 412 1356 σκάλωνῐ
444 1304 492 1355 ῶ
530 1304 638 1357 τῶν
681 1305 922 1360 ἀπειθῶν
963 1308 1245 1380 πατέρωνε
1285 1309 1330 1362 ὣ
1356 1311 1462 1363 τῶν
1505 1313 1754 1383 ἀφρόνων

167 1393 582 1469 πρεσϐυτέρωνι
611 1396 656 1449 ὣ
677 1397 918 1468 σπέρμα
954 1401 1198 1454 Χαναὰν
1223 1402 1316 1454 τοῦ
1361 1403 1629 1468 άναιδοῦς,
1659 1404 1752 1458 καὶ

165 1487 292 1556 οὐχι
333 1487 527 1542 Ἰούδα
552 1487 646 1542 τοῦ
681 1489 960 1554 εὑλαϐοῦς.
999 1493 1081 1544 Τὰ
1108 1493 1274 1546 τέκνα
1313 1494 1630 1563 ἐπέγνωσαν
1659 1497 1751 1550 τὸν

163 1578 410 1650 κτίστην,
447 1580 542 1634 καὶ
574 1581 624 1632 oi
663 1581 907 1646 ἀπειθεῖς
945 1583 1178 1654 πατέρες
1209 1583 1422 1652 ἔλεγον’
1460 1585 1556 1650 Τίς
1579 1585 1752 1640 ἐστιν

163 1665 382 1736 οὗτος;
415 1671 482 1723 Ἦ
506 1671 598 1724 νέα
623 1674 716 1725 καὶ
740 1673 908 1745 ἀδαὴς
945 1675 1129 1746 ήλικία
1171 1675 1260 1728 τὸν
1284 1676 1413 1730 Θεὸν
1440 1678 1744 1750 ἀνύμνησε,

1867 477 2227 548 paralyticum
2257 493 2438 534 cozeva
2459 477 2794 546 inﬁrmitate,
2827 487 3142 556 arctiusque
3169 486 3446 558 implicata

1864 571 2008 624 mala
2048 571 2381 635 valetudine,
2407 570 2635 640 jubente
2661 572 2802 643 ipso,
2829 576 3139 632 absolutum
3167 579 3234 634 ⁸⁷.
3270 579 3444 636 Laza-

1862 677 1984 716 rum
2015 671 2442 734 conspexerunt,
2468 664 2660 720 mortis
2687 664 2889 720 factum
2923 669 3207 740 profugam
3233 671 3300 724 ⁸⁸.
3328 672 3443 726 Au-

1861 754 2080 810 dierunt
2109 771 2231 810 eum
2265 756 2576 812 ambulasse
2605 757 2659 812 in
2690 757 2828 812 mari
2859 759 2925 824 ‘9,
2955 759 3141 816 vinum
3171 763 3291 819 sine
3325 765 3442 818 cul-

1861 853 1982 901 tura
2027 847 2503 903 subministratum
2538 849 2606 916 ⁸⁸,
2654 859 2931 907 comestos
2981 867 3151 924 panes
3189 855 3442 912 convivio

1861 937 2005 992 ultro
2024 937 2314 1002 instructo,
2331 939 2373 969 ⁶¹
2407 938 2622 1010 fugatos
2637 941 2936 1006 daemones,
2955 943 3200 1000 inﬁrmos
3219 945 3441 1002 sanitati

1859 1029 2144 1084 restitutos
2173 1029 2233 1082 ".
2264 1027 2463 1085 Plateae
2500 1031 2742 1101 ipsorqu
2783 1032 3156 1102 praedicabant
3184 1036 3438 1103 virtutes,

1857 1119 1960 1174 vite
1993 1121 2278 1191 agentibus
2332 1125 2432 1176 iter
2463 1123 2778 1179 sanationes
2807 1127 3224 1182 annuntiahant.
3253 1127 3440 1185 Iudaea

1859 1217 1969 1265 tota
2013 1211 2292 1266 beneticiis
2335 1214 2613 1268 cumulata
2659 1223 2805 1282 erat;
2855 1217 3246 1288 audientesque
3278 1223 3440 1277 modo

1857 1301 2070 1357 divinas
2101 1303 2310 1366 laudes,
2337 1304 2673 1374 interrogant
2697 1325 2710 1359 :
2739 1306 2870 1372 Quis
2900 1318 2976 1361 est
3002 1308 3122 1364 hic?
3149 1310 3192 1364 Ο
3216 1310 3438 1368 demen-

1853 1394 1982 1448 tiam
2012 1393 2135 1450 falsi
2179 1394 2418 1451 nominis
2460 1397 2878 1463 magistrorum!
2927 1412 2959 1452 ο
2996 1399 3304 1458 incredulos
3338 1420 3437 1475 pa-

1851 1491 1990 1543 tres!
2029 1504 2062 1542 0
2094 1489 2416 1559 insipientes
2456 1491 2734 1545 seniores!
2773 1504 2806 1539 0
2842 1489 3100 1546 Chanaan
3141 1495 3433 1565 impuden-

1851 1581 1922 1635 tis
1953 1597 2146 1642 semen,
2184 1597 2288 1634 non
2326 1583 2633 1638 reverentis
2655 1591 2710 1637 et
2736 1582 2971 1637 limorati
2997 1582 3141 1638 Juda
3166 1586 3229 1641 ⁸³.
3255 1587 3437 1656 Agno-

1847 1679 2045 1725 verunt
2086 1673 2240 1742 pueri
2287 1673 2601 1728 Creatorem
2629 1716 2643 1737 ,
2700 1682 2954 1743 parentes
2995 1690 3122 1730 vero
3167 1677 3432 1734 increduli

159 1763 257 1814 και
284 1766 341 1816 οι
371 1763 844 1833 πεπαλαιωμένοι
883 1766 1118 1834 ἡμερῶν
1145 1766 1343 1820 κακῶν
1368 1747 1737 1824 ἐπυνθάνοντο·

1850 1763 2107 1818 dicebant
2140 1783 2152 1817 :
2197 1763 2326 1830 Quis
2354 1776 2430 1819 est
2455 1765 2575 1820 hic?
2606 1764 2751 1819 Nova
2780 1774 2834 1819 et
2862 1767 3012 1822 rudis
3041 1777 3172 1823 a-tas
3206 1769 3312 1825 Deo
3342 1787 3434 1828 ce-

164 1855 261 1918 Τίς
298 1854 474 1908 ἐστιν
504 1851 717 1922 οὗτος;
748 1855 1078 1926 Θηλάζοντες
1117 1858 1440 1928 θεολογοῦσι,
1488 1863 1580 1916 καὶ
1616 1880 1748 1934 πρε-

155 1943 417 2016 σὸὐτεροι
453 1945 830 2017 βλασφημοῦσι
851 1964 863 1976 ·
904 1949 1090 2012 παῖδες
1135 1950 1376 2014 εὐσεϐῶς
1408 1952 1746 2025 ἱερουργοῦσι

151 2033 330 2105 αἶνον,
366 2039 461 2091 καὶ
508 2039 711 2112 ἀνίεροι
759 2041 922 2111 ἱερεῖς
959 2041 1234 2106 δυσσεϐῶς
1277 2044 1740 2112 ἀγανακτοῦσιν.

222 2312 300 2363 Δ’.
337 2313 400 2364 οι
421 2309 683 2376 ἀπειθεῖς
697 2311 766 2363 ἐν
790 2311 1076 2380 φρονήσει
1099 2311 1360 2377 δικαίων,
1385 2313 1742 2384 ἐπιστρέψατε

147 2403 247 2466 τὰς
288 2403 517 2474 καρδίας
548 2393 714 2473 ὑμῶν’
746 2403 838 2456 ἐπὶ
881 2404 952 2457 τά
981 2404 1144 2458 τέκνα
1178 2405 1351 2475 ὑμῶν.
1384 2406 1598 2459 Μάθετε
1641 2425 1742 2476 μυ-

150 2497 354 2565 στήρια
384 2495 522 2548 Θεοῦ
541 2513 554 2525 ·
593 2496 724 2549 αὐτὸ
750 2495 810 2548 τὸ
837 2495 1160 2567 τελούμενον
1189 2499 1473 2569 μαρτυρεῖ,
1503 2498 1583 2549 ὅτι
1610 2497 1742 2562 Θεός

149 2589 304 2639 ἐστιν
325 2588 354 2639 ὁ
379 2587 555 2650 οὕτως
579 2586 981 2658 ἀνυμνοῦμενος
1007 2587 1110 2640 ὑπὸ
1138 2587 1432 2640 ἀδιδάκτων
1460 2586 1736 2655 γλωσσῶν.

161 2676 477 2746 Ἐρευνᾶτε
506 2679 612 2744 τὰς
644 2679 908 2747 Γραφὰς,
950 2678 1132 2742 καθὼς
1161 2679 1429 2749 ἠκούσατε
1458 2677 1606 2750 παρὰ
1645 2677 1738 2730 τοῦ

147 2771 463 2823 Δεσπότου·
505 2770 592 2823 ὅτι
635 2769 811 2824 αὗταί
851 2772 1011 2824 εἰσιν
1053 2773 1112 2824 al
1151 2771 1562 2839 μαρτυροῦσαι
1606 2770 1736 2837 περὶ

146 2863 354 2926 αὑτοῦ,
404 2864 498 2916 καὶ
538 2864 638 2916 οὐκ
683 2864 925 2932 ἀγνοεῖτε
972 2862 1032 2917 τὸ
1077 2862 1280 2934 θαῦμα.
1335 2863 1644 2926 Ἀκούσατε,
1689 2864 1738 2916 οἱ

145 2953 555 3026 ἀχαριτώτατοι
590 2954 701 3021 (95)
758 2954 852 3007 καὶ⁵
899 2955 1204 3026 ἀχάριστοι,
1248 2954 1297 3006 τί
1333 2953 1738 3023 εὐαγγελίζεται

146 3047 269 3116 ὑμῖν
285 3047 314 3098 ὁ
335 3047 626 3118 προφήτης
651 3047 946 3119 Ζαχαρίας.
966 3048 1103 3119 Φησὶ
1129 3047 1254 3118 γάρ·
1283 3047 1456 3115 Χατρε
1480 3047 1734 3116 σφόδρα,

1849 1855 1985 1910 cinit
2015 1854 2251 1919 laudem,
2286 1857 2658 1927 inveteratique
2687 1857 2946 1912 malorum
2983 1858 3188 1913 dierum
3223 1862 3268 1893 “
3301 1879 3430 1933 per-

1847 1947 2246 2001 contabantur:
2291 1947 2423 2014 Quis
2461 1957 2538 2002 est
2583 1947 2706 2003 hic?
2754 1947 3040 2005 Lactcntes
3086 1951 3428 2009 divinitatem

1846 2037 2090 2101 laudant,
2127 2038 2493 2109 senioresque
2538 2041 2891 2111 hlasphemiis
2916 2050 3198 2112 appetunt.
3263 2042 3426 2100 Pueri

1846 2129 1933 2199 pie
1975 2129 2287 2185 sacriﬁcant
2319 2131 2562 2200 laudem,
2613 2132 2936 2205 profanique
2972 2137 3286 2192 sacerdotes
3321 2138 3426 2192 itu-

1844 2221 1933 2292 pie
1963 2221 2306 2291 indignantur
2331 2222 2397 2278 ".

1912 2309 1998 2365 IV.
2043 2310 2314 2366 Increduli
2364 2311 2433 2366 ad
2482 2313 2815 2381 prudentiam
2845 2315 3117 2384 justorum
3139 2318 3204 2380 “,
3254 2317 3421 2374 corda

1843 2411 2024 2456 vestra
2070 2404 2371 2458 convertite
2420 2403 2486 2458 ad
2524 2405 2664 2461 ﬁlios
2706 2415 2940 2462 vestros.
2976 2406 3182 2463 Discite
3233 2425 3423 2466 sacra-

1843 2502 2024 2548 menta
2056 2493 2151 2548 Dei
2201 2514 2214 2548 :
2265 2495 2424 2550 testis
2463 2504 2546 2551 est
2580 2513 2668 2553 res
2698 2499 2815 2568 ipsa
2857 2515 2978 2569 qua:
3012 2500 3212 2569 agitur,
3247 2499 3417 2557 Deum

1841 2602 1965 2640 esse
2007 2587 2098 2656 qui
2149 2587 2228 2641 sic
2263 2587 2332 2642 ab
2367 2586 2603 2643 indoctis
2653 2590 2850 2660 linguis
2881 2591 3220 2645 decantetur.
3258 2591 3422 2646 Scru-

1843 2679 2031 2730 mnini
2066 2676 2392 2747 Srripturas,
2423 2680 2879 2749 quemadmodum
2912 2679 3142 2734 audistis
3183 2695 3211 2734 a
3238 2679 3422 2735 Domi-

1841 2783 1932 2828 no,
1964 2770 2212 2837 quoniam
2245 2770 2352 2823 illa:
2381 2779 2503 2823 sunt
2533 2786 2650 2840 qua:
2677 2771 3029 2824 testimonium
3056 2771 3323 2839 perhibent
3354 2771 3421 2828 de

1854 2861 1969 2928 ipso
1999 2861 2066 2924 ",
2105 2877 2204 2916 nec
2231 2862 2554 2916 miraculum
2594 2863 2860 2932 ignorate.
2889 2863 3106 2928 Audite,
3147 2864 3265 2919 sine
3295 2879 3421 2934 gra-

1840 2954 1914 3006 tia
1943 2953 2190 3010 homines
2218 2955 2546 3025 ingratique,
2570 2955 2700 3025 quid
2725 2955 2882 3010 vobis
2910 2954 3074 3011 fausti
3106 2957 3280 3010 nuntii
3308 2955 3416 3010 Za-

1840 3043 2057 3098 charias
2091 3044 2300 3098 aderat.
2337 3045 2431 3098 Ait
2474 3047 2616 3100 enim
2658 3064 2669 3098 :
2711 3043 2890 3100 Gaude
2927 3048 3260 3111 vehementer,
3299 3049 3419 3117 ﬁlia

144 3139 404 3207 θύγατερ
443 3137 616 3192 Σιών·
666 3137 791 3191 ὶδοὺ
826 3141 858 3191 ό
891 3138 1189 3203 Βασιλεύς
1230 3154 1344 3192 σου
1375 3139 1608 3208 ἔρχεταί
1636 3156 1732 3192 σοι

1843 3133 1966 3188 Sion
1999 3151 2016 3188 :
2044 3151 2156 3189 ecce
2185 3135 2295 3189 Rea:
2324 3147 2442 3190 tuus
2474 3137 2607 3190 venit
2632 3137 2725 3190 tibi
2740 3138 2922 3207 justus
2955 3149 3004 3194 et
3034 3139 3246 3194 salvans
3271 3141 3416 3208 :ipse

145 3224 380 3293 δίκαιος
401 3226 504 3280 καὶ
528 3225 727 3287 σώζων
745 3246 756 3257 °
786 3228 968 3294 αὐτὸς
997 3227 1208 3296 πραῢς,
1255 3229 1350 3280 καὶ
1379 3228 1736 3296 ἐπιϐεϐηκὼς

145 3319 236 3371 ἐπὶ
265 3319 488 3372 ,πῶλον
520 3319 666 3373 ὄνου
699 3319 829 3392 (96).
868 3320 1018 3372 Διατί
1048 3321 1146 3391 τὴν
1176 3321 1350 3392 χαρὰν
1383 3322 1732 3386 ἀποσείεσοε;

145 3411 291 3462 Διατί
320 3427 382 3462 τε
418 3409 601 3462 Ἡλίου
627 3411 950 3480 λάμποντος,
975 3412 1033 3463 τὸ
1058 3413 1243 3475 σκότος
1272 3415 1554 3482 ἁγαπᾶτε;
1586 3415 1734 3468 Διατί

143 3503 275 3573 arb;
303 3501 409 3572 τὴν
445 3502 788 3572 ἀπολέμητον
818 3504 1037 3574 εἰρήνην
1072 3504 1330 3573 μελετᾶτε
1365 3505 1634 3577 πόλεμον;
1670 3506 1732 3560 EI

143 3596 321 3648 τοίνυν
369 3596 478 3648 υἱοὶ
535 3595 671 3648 Σιών
730 3598 874 3660 ἐστε,
925 3597 1322 3667 συγχορεῦσατε
1368 3602 1475 3662 τοῖς
1527 3600 1733 3663 τέκνοις

140 3688 314 3757 ὑμῶν.
347 3688 541 3758 Χαρᾶς
570 3686 789 3758 ἀφορμὴ
814 3687 949 3740 ἔστω
974 3687 1100 3756 ὑμῖν
1131 3690 1158 3758 ἡ
1190 3687 1296 3740 τῶν
1325 3687 1528 3742 τέκνων
1556 3689 1733 3743 θεοσέ-

139 3781 276 3834 6εια.
307 3780 534 3835 Μάθετε
583 3783 710 3853 παρ’
745 3782 921 3835 αὐτῶν
952 3783 1035 3845 τίς
1068 3785 1096 3836 ὁ
1130 3781 1382 3847 διδάξας;
1423 3781 1504 3846 τίς
1543 3785 1571 3835 ὁ
1616 3800 1732 3835 συν-

137 3873 443 3943 αθροίσαςς
475 3870 636 3926 πόθεν
663 3872 728 3926 τά
753 3872 1089 3942 διδάγματα;
1112 3872 1195 3934 τίς
1221 3873 1254 3942 ἡ
1279 3871 1436 3942 καινὴ
1465 3871 1727 3941 θεολογία,

136 3968 223 4017 καὶ
254 3964 477 4018 παλαιά
521 3964 862 4036 amentem;
899 3965 960 4016 Εἰ
1001 3964 1058 4017 δὲ
1091 3964 1392 4034 ἀνθρώπων
1426 3963 1520 4033 μὲν
1557 3963 1729 4026 οὐδεὶς

136 4057 290 4108 οωὲν
325 4055 538 4109 τούτων
581 4057 836 4122 ἐδίδαξεν,
865 4055 1170 4127 αὐτόματον
1209 4055 1266 4108 δὲ
1309 4055 1398 4110 τὸν
1424 4051 1569 4108 αἶνον
1607 4056 1731 4109 ἁνα-

140 4149 437 4218 μέλτοουσι,
460 4147 633 4216 γνῶτε
657 4146 791 4201 Θεοῦ
813 4144 951 4202 εἶναι
973 4149 1032 4202 τὸ
1058 4147 1216 4220 ἔργον
1234 4163 1247 4176 ·
1277 4147 1352 4211 ὼς
1373 4148 1429 4198 ὲν
1457 4145 1533 4216 τῷ
1563 4147 1729 4217 Νόμῳ

138 4241 489 4310 γέγραπται·
529 4238 622 4289 Ἐκ
653 4238 946 4308 στόματος
973 4237 1205 4304 νηπίων
1231 4237 1328 4289 καὶ
1354 4235 1728 4304 θηλαζόντων

138 4330 502 4399 κατηρτήσω
531 4325 721 4383 αἶνον.
755 4328 1151 4383 Διπλασιάσατε
1181 4324 1274 4381 οῦν
1301 4328 1399 4399 τὴν
1421 4327 1614 4400 χαρὰν,
1645 4329 1725 4380 ὅτι

137 4425 402 4477 τοιούτων
444 4423 650 4476 παίδων
695 4423 951 4491 γεγόνατε
986 4419 1244 4492 πατέρες,
1286 4421 1482 4483 οἵτινες
1525 4419 1619 4472 καὶ
1657 4419 1725 4473 τὰ

1838 3235 2142 3278 mansuetus
2183 3234 2231 3278 et
2267 3226 2446 3279 sedens
2495 3241 2650 3295 super
2679 3228 2883 3295 pullum
2931 3229 3099 3281 asinae
3115 3229 3182 3282 “.
3212 3228 3412 3299 thuid

1835 3313 2089 3384 gaudium
2139 3315 2434 3384 repellitis?
2480 3317 2669 3385 utquid
2717 3317 2930 3372 Ineunte
2992 3319 3126 3383 sole,
3159 3321 3415 3375 tenebras

1835 3405 2095 3475 diligitis?
2146 3408 2334 3476 utquid
2396 3408 2660 3463 adversus
2699 3409 3172 3479 inexpugnabilem
3219 3415 3410 3481 pacem

1836 3499 2171 3554 meditamini
2216 3499 2450 3554 bellum?
2482 3497 2538 3552 Si
2576 3500 2740 3570 igitur
2794 3503 2927 3555 estis
2972 3501 3061 3552 lilii
3101 3499 3256 3566 Sion,
3303 3517 3411 3557 una

1834 3605 1957 3645 eum
2001 3592 2126 3646 filiis
2175 3593 2373 3648 vestris
2416 3592 2644 3647 choreas
2674 3591 2877 3646 ducite.
2915 3592 2997 3646 Sit
3043 3593 3198 3647 vobis
3221 3593 3409 3663 gaudii

1832 3682 1997 3746 ratio,
2049 3685 2278 3739 ﬁliorum
2319 3685 2530 3755 religio.
2577 3685 2659 3739 Ab
2689 3685 2824 3754 ipsis
2850 3685 3044 3739 discite
3073 3686 3196 3754 quis
3243 3685 3412 3740 fuerit

1831 3775 2062 3830 doctor?
2117 3777 2241 3847 quis
2294 3777 2712 3832 convocaverit?
2759 3775 2901 3832 unde
2951 3777 3235 3831 doctrina?
3288 3792 3409 3846 quae

1830 3882 1969 3920 nova
2004 3867 2276 3939 theologia
2303 3880 2567 3939 vetusque
2589 3868 2905 3938 prophetia?
2933 3867 3086 3934 Quod
3109 3869 3152 3923 si
3182 3883 3249 3922 ne
3281 3868 3407 3938 quis

1831 3958 2112 4012 hominum
2141 3960 2440 4030 quidquam
2483 3960 2604 4014 illos
2635 3958 2844 4022 docuit,
2876 3959 3021 4011 ultro
3067 3965 3249 4010 autem
3282 3971 3407 4012 mo-

1829 4051 2088 4106 dulantur
2119 4051 2353 4117 laudem,
2403 4052 2498 4105 Dei
2545 4068 2684 4123 opus
2721 4052 3060 4121 cognoscite;
3093 4048 3234 4104 sicut
3265 4049 3406 4105 scri-

1828 4153 1978 4213 ptum
2008 4151 2092 4198 est
2124 4145 2177 4197 in
2209 4145 2326 4215 lege
2373 4164 2384 4198 :
2423 4143 2506 4198 Ex
2552 4162 2639 4199 ore
2679 4145 2967 4215 infantium
3006 4152 3055 4197 et
3096 4144 3404 4200 lactentilm

1825 4235 2087 4304 pcrfecisti
2135 4236 2340 4289 laudem
2376 4237 2440 4292 “.
2489 4237 2644 4308 Agite
2701 4251 2832 4301 ergo
2877 4236 3074 4305 duplex
3119 4234 3400 4305 gaudium,

1826 4325 1970 4394 quod
2006 4325 2194 4378 talium
2233 4341 2524 4394 puerorum
2559 4324 2686 4379 facti
2709 4324 2844 4380 estis
2875 4332 3080 4395 mres.
3115 4325 3206 4392 qui
3238 4323 3401 4378 etiam

1827 4417 2134 4472 senioribus
2165 4417 2435 4488 ignorata,
2470 4417 2580 4472 Deo
2605 4419 2856 4483 docente,
2880 4416 3134 4472 laudibus
3156 4416 3402 4471 celebra-

135 4522 241 4581 τοῖς
289 4515 694 4589 πρεσϐυτέροις
735 4513 1070 4586 ἀγνοηθέντα
1107 4512 1457 4575 θεοδιδάκτως
1490 4512 1723 4582 ἀνευφή-

1843 4518 1971 4563 ⁵11111.
2006 4511 2298 4565 Convertite
2323 4510 2484 4565 corda
2509 4520 2678 4565 vestra
2702 4509 2769 4563 ad
2798 4510 2938 4580 ﬁlios
2975 4517 3169 4564 vestros
3200 4509 3268 4572 '°,
3299 4522 3402 4562 nec

137 4625 336 4679 βησαν.
397 4606 823 4674 Ἐπιστρέψατε
865 4603 971 4668 τὰς
1009 4601 1256 4670 καρδίας
1300 4599 1465 4670 ὑμῶν
1509 4600 1607 4653 ἐπὶ
1654 4601 1728 4654 τὰ

133 4700 316 4753 τέκνα
351 4696 541 4766 ὑμῶν,
575 4696 670 4750 καὶ
704 4695 778 4768 μὴ
816 4695 1022 4766 μῦσατε
1068 4693 1194 4757 τοὺς
1227 4691 1536 4763 ὀφθαλμοὺς
1575 4691 1727 4762 ὑμῶν

135 4792 267 4862 1:93;
299 4793 408 4860 τὴν
439 4790 715 4860 ἀλήθειαν.
751 4790 816 4843 Εἰ
843 4790 899 4843 δὲ
928 4789 978 4841 οἱ
1002 4785 1154 4842 αὐτοί
1181 4787 1325 4850 ὲστε,
1350 4785 1446 4838 καὶ
1474 4784 1728 4838 ἀκούονο

131 4901 225 4950 τες
257 4886 382 4936 οὐκ
407 4883 678 4948 ἀκούετε,
708 4881 806 4936 καὶ
833 4879 1174 4948 βλέποντες
1198 4879 1271 4934 οὐ
1297 4876 1561 4942 ,ϐλέπετε
1583 4916 1598 4943 ,
1633 4876 1728 4930 καὶ

201 5031 247 5062 ⁸⁷
279 5029 454 5082 Jaan.
483 5045 535 5092 ν,
564 5029 618 5083 5.
694 5029 742 5061 ⁸⁸
767 5026 931 5081 Ιοαη.
957 5040 1036 5088 XI,
1068 5023 1159 5077 44.

128 5099 217 5161 29.
249 5111 369 5155 etc.
450 5099 497 5130 “
525 5091 773 5163 Dan.ttt,
800 5097 890 5151 56.
941 5097 1014 5127 -“
1041 5093 1176 5149 Dan.
1207 5107 1332 5155 xm,
1375 5091 1462 5146 52.

133 5183 208 5236 ιι,
243 5171 300 5227 9.

201 5283 324 5354 (95)
367 5283 832 5354 Ἀχαριτὼτατοι.
863 5281 1038 5354 Quasi
1055 5295 1162 5354 non
1186 5277 1477 5354 gratiﬁcati
1506 5287 1722 5354 :_vestra

136 5349 327 5423 utique
382 5349 569 5424 culpa,
624 5357 716 5423 qui
760 5353 854 5408 Dei
903 5349 1262 5424 gratiﬁcautis
1308 5349 1638 5424 beneﬁcium
1669 5359 1723 5424 e_t

227 5419 368 5480 tiam
418 5419 696 5495 repelliti's.
750 5425 869 5490 Quo
907 5419 1082 5495 sensu
1139 5429 1322 5490 posset
1355 5421 1550 5495 exponi
1586 5419 1718 5495 illud

177 5511 263 5548 uc.
307 5513 351 5560 ι,
407 5489 844 5566 κεὶαριτωμένη.
889 5489 1275 5566 ιιῢίᾉὶιιιεὶτρτη
1323 5489 1499 5566 gratia
1541 5489 1718 5559 plena,

146 5567 288 5642 quasi
329 5560 644 5642 grati't'ie'ata
677 5560 733 5642 et
754 5560 1105 5642 singulariter
1131 5569 1287 5642 aucta
1319 5560 1515 5642 gratia,
1550 5575 1724 5642 eoque

150 5635 282 5705 Fena
313 5629 531 5706 g‘ratia,
555 5629 1020 5706 alioisigniﬁcatu.
1052 5641 1106 5688 et
1129 5632 1298 5706 plane
1325 5629 1591 5706 gratiosa,
1621 5629 1719 5706 Dei

156 5703 194 5751 πί
225 5698 417 5776 ipsam
455 5704 644 5776 effusa
667 5698 971 5776 largissima
1002 5698 1196 5776 gratiat
1244 5698 1527 5776 Sic—naulo
1578 5698 1720 5776 infe-

155 5769 572 5832 llas'reddimus
601 5775 660 5829 τὸ
684 5769 826 5848 λόγῳ
858 5769 1297 5846 κεχαριτωμένῳ,
1342 5771 1495 5840 pleno
1538 5769 1716 5841 gratia

1256 5021 1303 5054 ⁸⁸
1337 5019 1536 5076 Matth.
1583 5036 1693 5079 xw.
1724 5019 1815 5074 26.
1923 5021 1968 5053 ⁶⁰
1996 5021 2102 5076 Joa

1256 5107 1332 5147 Ill.
1375 5091 1462 5146 52.
1563 5091 1609 5122 "
1643 5089 1838 5144 Matth.
1874 5107 1989 5146 ut.
2022 5093 2105 5147 15.

390 5169 439 5204 ⁸⁸
477 5168 626 5223 Psal.
663 5159 782 5234 vm,
818 5168 872 5222 3.
949 5167 996 5207 ’⁷ο
1021 5163 1148 5219 Luc.
1174 5179 1214 5226 ι,
1253 5163 1340 5217 17.
1419 5163 1461 5194 ⁷¹
1497 5159 1610 5214 Isa.
1643 5175 1718 5227 γι,

1902 5163 1948 5191 "
1996 5161 2188 5216 Matth.
2224 5177 2324 5228 xu,
2350 5160 2436 5215 27.

1829 4602 2139 4658 clauseritis
2188 4604 2378 4658 oculos
2418 4603 2482 4657 ad
2513 4603 2817 4658 veritatem.
2849 4602 3000 4667 Quod
3033 4601 3078 4654 si
3103 4599 3262 4653 iidem
3287 4614 3402 4668 per-
3488 4627 3495 4635 -

1832 4695 2114 4758 sevcratis,
2153 4705 2203 4750 et
2245 4696 2514 4749 audientes
2555 4711 2656 4748 non
2688 4691 2906 4757 auditis,
2937 4690 3266 4759 videntesque
3295 4706 3398 4743 non

1831 4786 2016 4841 ridetis
2045 4788 2114 4852 ⁷⁸,
2151 4795 2314 4858 atque
2345 4787 2620 4841 incassum
2657 4784 2725 4838 ab
2756 4782 3056 4838 infantibus
3095 4777 3393 4842 dissidetis,

1836 4890 1988 4933 erunt
2018 4880 2119 4950 ipsi
2149 4880 2306 4933 uestri
2321 4878 2524 4949 judiccs
2549 4879 2617 4942 ⁷³,
2643 4877 2797 4946 juxta
2829 4873 3127 4930 Salvatoris
3145 4869 3406 4947 verbum,

1923 5021 1968 5053 ⁶⁰
1996 5021 2161 5078 Joan.
2199 5038 2261 5084 ιι,
2298 5020 2348 5076 7.
2462 5021 2505 5052 “
2533 5020 2693 5075 Joan.
2724 5035 2801 5086 Vl,
2833 5019 2921 5074 ll.
3033 5017 3078 5086 ξ’
3109 5013 3373 5086 ιιιεζνιει

2186 5093 2230 5123 ⁸⁸
2251 5081 2385 5146 Luc.
2423 5091 2564 5155 t,i7.
2643 5091 2685 5122 "’
2714 5081 2877 5146 Joan.
2905 5103 2961 5154 ν,
2988 5085 3078 5142 39.
3154 5084 3198 5116 ⁸⁸
3227 5081 3372 5135 lat/3

1818 5295 2074 5342 sermone,
2118 5280 2220 5335 hoc
2243 5286 2328 5335 est
2357 5279 2560 5349 lepore,
2588 5285 2642 5333 et
2664 5277 2939 5349 gratioso;
2967 5269 3241 5346 quomodo
3268 5270 3395 5329 red-

1817 5349 2187 5425 dit-Erasmus
2207 5350 2295 5425 τὸ,
2321 5346 2755 5425 ξείαριτῳμςέῦηε
2785 5346 2988 5425 Luc-J-
3107 5413 3160 5425 η,
3265 5412 3296 5425 _.

1889 5420 2000 5488 (96)
2030 5421 2137 5474 Καὶ
2161 5413 2517 5487 ἐπιϐεὸήᾶιῶς
2542 5413 2641 5471 ἐπὶ
2671 5413 3070 5488 πῶλον-ῥινοί).
3107 5413 3196 5468 Sic
3227 5413 3388 5488 etiam

1816 5483 2016 5545 citatu'r
2048 5506 2111 5544 ex
2145 5483 2616 5546 Justino.'Habent
2639 5488 2801 5542 modo
2824 5485 2985 5548 LXX,
3010 5483 3393 5556 superipullum

1817 5577 2024 5615 novum.
2071 5559 2328 5615 Nostrum
2382 5570 2436 5613 et
2481 5557 2678 5613 .lustini
2711 5560 3104 5612 consonantius
3137 5554 3386 5618 Hebraeo,

1817 5631 1908 5685 ubi
1971 5638 2055 5686 est
2113 5637 2414 5718 nmina-3:
2476 5629 2646 5698 ﬁlium
2703 5630 2996 5683 asinarum.
3058 5624 3150 5684 Sic
3221 5623 3386 5687 etim:

1823 5719 2004 5792 Vulg,
2032 5737 2187 5790 super
2209 5721 2410 5792 pullum
2439 5719 2609 5790 ﬁlium
2635 5719 2823 5775 asina'.
