3906 6194
602 282 703 342 591

1595 281 1652 335 8.
1696 277 2031 336 Μετιιουιι
2058 277 2374 338 EPISCOPI
2409 276 2500 333 ET
2535 276 2901 335 MARTYBIS

3738 278 3837 335 39$

603 401 749 457 Bene
774 400 941 472 igitur
958 399 1122 456 etiam
1149 397 1296 455 istud
1322 413 1447 456 cum
1471 399 1593 455 aliis
1646 401 1976 471 praelocutus
2000 408 2087 456 est
2111 400 2177 455 de

2285 399 2462 471 μάτην
2486 396 2810 469 διαφέρεσθε
2839 397 2976 470 πρὸς
3000 395 3071 451 τὰ
3101 397 3271 468 νήπια
3295 434 3312 464 ,
3343 395 3513 451 αὐτοὶ
3538 393 3699 465 ὑμῶν
3722 411 3838 462 κρι-

601 496 762 551 vobis
780 493 950 551 Isaias
978 493 1241 565 propheta
1253 493 1441 549 dicens
1467 511 1481 548 :
1520 492 1641 547 Non
1652 494 2002 564 confundetur
2025 493 2179 548 modo

601 585 791 650 Iacob,
828 600 988 655 neque
1026 599 1163 638 nunc
1191 583 1376 654 faciem
1417 582 1787 639 mutabitned
1806 600 1925 639 cum
1960 585 2179 641 viderint

601 677 744 748 ﬁlios
784 693 907 732 suos
945 676 1194 747 facientes
1223 692 1379 743 opera
1409 693 1522 731 mea
1544 716 1560 740 ,
1589 687 1802 747 propter
1833 694 1916 732 me
1939 678 2181 747 sanctiﬁ-

601 767 798 822 cabunt
836 784 1023 823 nomen
1054 784 1247 833 meum,
1279 776 1329 821 et
1360 766 1771 836 sanctiﬁcabunt
1815 777 2056 821 sanctum
2079 765 2180 821 Ja-

601 859 717 925 cob,
746 871 792 915 et
830 860 994 916 Deum
1036 858 1212 915 Israel
1252 859 1503 914 timebunt
1538 876 1556 913 :
1587 868 1638 914 et
1668 860 1854 923 scient,
1884 861 1974 931 qui
1999 870 2178 915 errant

600 954 814 1023 spiritu,
846 953 1247 1025 intelligentiam
1282 968 1301 1006 :
1326 962 1374 1007 et
1405 955 1792 1016 mussitatores,
1823 952 2025 1006 discent
2053 951 2178 1007 obe-

601 1044 745 1109 dire;
795 1055 845 1099 et
889 1044 1081 1116 lingua:
1125 1042 1491 1108 balbutientes,
1522 1043 1721 1097 discent
1750 1043 1892 1113 loqui
1911 1057 2090 1111 pacem
2106 1042 2176 1097 ".

603 1136 791 1203 Vides,
821 1136 1008 1193 Judaec
1046 1137 1330 1207 insipiens.
1356 1144 1417 1190 ut
1442 1150 1473 1190 a
1503 1135 1773 1191 sermonis
1803 1135 2025 1191 exordio
2049 1151 2182 1190 con-

604 1232 872 1288 fusionem
924 1231 1078 1285 vobis
1128 1228 1567 1283 incredulitatem
1617 1235 1854 1283 vestram
1916 1227 2180 1299 propheta

603 1326 968 1398 praenuntiet?
996 1323 1089 1380 Vel
1128 1325 1197 1381 ab
1225 1324 1346 1394 ipso
1370 1322 1652 1387 noveritis,
1690 1332 1749 1377 ut
1778 1330 2084 1378 vestrorum
2116 1321 2181 1377 ii-

601 1422 800 1477 liorum
824 1418 1195 1474 laudationem
1222 1417 1486 1472 divinitus
1516 1415 1837 1486 inspiratam
1876 1416 2131 1485 praedicet
2160 1435 2175 1473 :

601 1508 1059 1584 quemadmodum
1082 1507 1244 1563 etiam
1268 1507 1596 1577 praelocutus
1628 1512 1747 1561 erat
1769 1505 1959 1561 beatus
1987 1504 2176 1572 David,

601 1604 791 1659 dicens
838 1621 850 1658 :
887 1601 969 1655 Ea:
1004 1618 1092 1656 ore
1127 1599 1415 1665 infantium
1462 1607 1515 1653 et
1560 1596 1865 1652 faetentium
1915 1599 2180 1669 perfecisti

602 1694 813 1750 laudem
841 1693 907 1749 "".
944 1692 1040 1748 Vel
1069 1692 1237 1764 igitur
1262 1691 1499 1746 ﬁliorum
1527 1690 1683 1746 vobis
1711 1689 2059 1746 sanctitatem
2086 1688 2178 1761 [ut

2281 489 2376 544 ται
2404 490 2672 551 ἔσονται,
2698 487 2842 542 κατά
2885 486 2978 542 τὸν
3012 486 3106 540 τοῦ
3156 485 3409 558 Σωτῆρος
3445 484 3620 553 λόγον.
3657 484 3838 549 Καλῶς

2278 576 2373 635 οὖν
2415 580 2510 634 καὶ
2552 577 2712 632 τοῦτο
2745 582 2883 650 μετὰ
2923 577 3032 631 τῶν
3060 576 3234 632 ἄλλων
3271 573 3688 651 προανεφώνησε
3720 575 3838 647 περὶ

2280 670 2433 744 ὑμῶν
2465 672 2495 724 6
2538 671 2824 742 προφήτης
2863 669 3088 732 Ἡσαΐας
3118 668 3292 737 λέγων
3316 686 3330 699 ·
3360 671 3443 723 Οὐ
3470 669 3586 723 νῦν
3607 671 3838 739 αἰσχυν-

2279 762 2524 831 θήσεται
2558 761 2776 825 ’1ακὼ6,
2811 760 2954 815 οὐδὲ
2994 760 3107 814 νῦν
3152 760 3217 814 τὸ
3251 761 3574 829 πρόσωπον
3606 762 3838 830 μεταϐα-

2277 853 2403 909 λεῖ·
2445 852 2582 908 ἀλλ’
2615 851 2762 906 ὅταν
2801 849 2971 903 ιδωσι
3014 850 3085 905 τὰ
3127 849 3308 904 τέκνα
3353 847 3550 903 αὐτῶν
3598 849 3669 903 τὰ
3707 848 3838 919 ἔργα

2273 964 2392 1016 μου
2438 945 2724 1000 ποιοῦντα
2763 944 2895 1015 (97η),
2937 942 3010 996 δι’
3046 942 3151 1012 ἐμὲ
3189 941 3511 1011 ἀγιάσουσι
3554 940 3621 995 τὸ
3666 941 3838 1010 ὄνομι

2274 1057 2414 1109 μου,
2442 1039 2540 1093 καὶ
2565 1036 2883 1108 ἀγιάσουσι
2904 1035 3011 1089 τόν
3041 1034 3209 1104 ἅγιον
3232 1034 3340 1088 τοῦ
3381 1034 3596 1099 Ἰακὼϐ,
3625 1034 3720 1088 καὶ
3747 1034 3838 1088 τότ

2280 1132 2428 1188 Θεὸν
2472 1131 2578 1187 τοῦ
2616 1131 2855 1200 Ἰσραὴλ
2891 1126 3352 1197 φοϐηθήσονται.
3391 1125 3497 1180 Kal
3529 1124 3838 1195 γνώσοντα

2279 1231 2334 1287 οι
2385 1225 2465 1293 τῷ
2540 1227 2830 1296 πνεύματι
2884 1221 3257 1293 πλανώμενοι
3309 1224 3567 1278 σύνεσιν
3584 1238 3599 1252 ·
3665 1224 3721 1275 οι
3792 1222 3838 1274 δε

2279 1321 2662 1394 γογγύζοντες
2681 1318 3051 1391 μαθήσονται
3073 1318 3399 1371 ὑπακούειν
3421 1333 3436 1347 ο
3464 1315 3562 1370 καί
3584 1320 3642 1372 αλ
3666 1315 3838 1387 γλῶσ

2279 1430 2383 1469 σαι
2413 1417 2471 1468 αἱ
2510 1411 2900 1482 ψελλίζουσαι
2925 1407 3300 1480 μαθήσονται
3339 1410 3552 1463 λαλεῖν
3585 1407 3838 1477 εἰρήνην

2290 1507 2473 1578 Ὁρᾷς,
2504 1499 2550 1559 ὦ
2574 1504 2770 1574 ἀνόητε
2803 1502 3041 1566 Ἰουδαῖε,
3068 1500 3183 1564 πῶς
3221 1503 3287 1554 ὲκ
3316 1500 3614 1571 προοιμίων
3638 1499 3745 1575 τοῦ,
3777 1500 3838 1552 λὸ

2278 1615 2376 1668 γου
2403 1597 2663 1668 αἰσχύνην
2710 1596 2839 1665 ὑμῖν
2884 1588 3361 1666 προκαταγγέλλει
3386 1594 3415 1645 6
3455 1593 3742 1664 προφήτης
3774 1591 3838 1645 διέ

2278 1690 2375 1761 τὴν
2418 1687 2700 1743 ἀπείθειαν
2747 1687 2934 1758 ὑμῶν;
2983 1686 3201 1742 Μάθετε
3241 1685 3346 1739 κᾶν
3378 1685 3509 1756 παρ’
3534 1683 3699 1736 αὑτοῦ
3743 1684 3838 1736 πῶ

602 1802 704 1861 par
748 1786 887 1862 est,]
926 1786 1236 1853 vindicate;
1273 1785 1359 1840 vel
1401 1784 1560 1839 nobis
1589 1783 1730 1840 filios
1758 1797 1882 1838 cum
1915 1782 2176 1854 religione

2282 1774 2613 1837 θεοδίδακτον
2646 1779 2910 1850 κηρύσσει
2951 1780 3052 1851 τὴν
3096 1779 3204 1831 τῶν
3247 1777 3453 1832 τέκνων
3486 1775 3641 1846 ὑμῶν
3672 1777 3838 1848 ὕμνῳ

598 1882 907 1937 concedite.
957 1879 1070 1936 Nos
1125 1896 1249 1935 cum
1294 1879 1403 1934 illis
1444 1878 1708 1941 ducemus
1754 1877 2021 1941 choreas,
2078 1892 2178 1931 uo-

599 1989 791 2045 vzeque
842 1973 1030 2044 gloriae
1077 1971 1342 2027 divinitus
1387 1969 1713 2040 inspiratam
1757 1970 2034 2024 canticum
2083 1982 2181 2038 pa-

600 2066 735 2122 riter
759 2067 1075 2138 psallemus.

2279 1874 2396 1930 δίαν
2414 1892 2428 1906 ο
2472 1875 2549 1939 ὡς
2595 1874 2687 1929 καὶ
2725 1875 2755 1924 ὁ
2797 1873 3067 1945 μακάριος
3111 1868 3278 1924 Δαϐὶδ
3308 1866 3739 1940 προανεφώνησε
3778 1868 3838 1922 λέ

2281 1985 2394 2040 γων
2417 1984 2432 1998 ·
2479 1968 2574 2020 Ἐκ
2613 1966 2911 2036 στόματος
2943 1964 3176 2033 νηπίων
3208 1961 3308 2016 καὶ
3337 1959 3714 2029 θηλαζόντων
3737 1978 3838 2014 και

2296 2058 2538 2128 ηρτήσω
2577 2053 2769 2110 αἶνον.
2809 2055 2880 2108 ’Ἡ
2903 2056 3084 2110 τοίνυν
3111 2055 3208 2126 τὴν
3233 2052 3489 2123 ὁσιότητα
3515 2052 3625 2106 τῶν
3654 2052 3838 2106 παίδω

594 2160 976 2225 οίκειώσασθε,
1028 2159 1144 2233 [ὡς
1192 2156 1491 2232 χρεὼν,]ἦ
1527 2156 1665 2229 μετὰ
1712 2156 1812 2228 τῆς
1862 2144 2142 2219 εὐσεϐείας
2193 2152 2318 2217 τοὺς
2347 2152 2541 2216 παῖδας
2613 2153 2743 2224 ἡμῖν
2794 2149 3111 2222 χαρίσασθε.
3155 2150 3347 2221 Ἡμεῖς
3398 2148 3614 2211 τούτοις
3665 2163 3838 2216 συγχο

599 2251 888 2327 ρεύσομεν,
914 2252 1010 2306 καὶ
1035 2254 1101 2324 τῇ
1130 2253 1291 2324 καινῇ
1315 2249 1525 2321 δόξῃ-τὸ
1553 2248 1886 2304 θεοδίδακτον
1910 2243 2059 2320 ᾆσμα
2085 2245 2487 2318 συμψαλοῠμεν.

672 2368 737 2424 ν.
770 2368 916 2424 Sane
940 2368 1183 2440 quidem,
1215 2384 1340 2424 cum
1364 2370 1494 2426 olim
1532 2368 1752 2423 Simeon
1792 2383 1958 2424 senex
1982 2382 2176 2423 occur-

598 2456 677 2510 rit
733 2454 1004 2511 Salvatori
1047 2456 1117 2521 ⁷⁸,
1172 2457 1428 2528 ulnisque
1459 2457 1607 2513 velut
1646 2456 1911 2511 infantem
1939 2459 2179 2528 suscepit

593 2549 929 2603 saeculorum
982 2557 1286 2617 auctorem,
1316 2557 1372 2604 et
1403 2548 1693 2603 Dominum
1733 2556 1788 2605 et
1843 2548 2010 2604 Deum
2041 2565 2179 2620 prte-

600 2638 829 2694 dicavit.
856 2638 1012 2693 Nunc
1034 2648 1219 2697 autem
1246 2640 1527 2696 seniorum
1555 2640 1926 2709 improborum
1946 2642 2088 2705 loco,
2119 2650 2179 2696 ut

594 2728 734 2785 olim
782 2728 1025 2793 Simeou,
1076 2730 1231 2800 pueri
1290 2739 1589 2786 occurrunt
1621 2729 1915 2797 Salvatori,
1968 2748 2180 2789 ramos-

592 2835 708 2892 que
740 2821 995 2878 arborum
1028 2838 1127 2894 pro
1152 2823 1296 2879 ulnis
1330 2823 1761 2889 substernentcs,
1790 2840 1953 2896 super
1971 2827 2178 2897 pullum

596 2920 862 2985 tanquam
933 2930 1098 2985 super
1156 2916 1440 2972 cherubim
1514 2917 1832 2982 sedentem,
1886 2918 2174 2993 Dominum

596 3006 771 3064 Deum
822 3008 1196 3064 benedicunt:
1231 3007 1491 3063 Hosanna
1541 3010 1654 3079 ﬁlio
1691 3010 1861 3065 David
1900 3028 1918 3065 :
1967 3013 2174 3067 benedi-

2352 2367 2428 2420 E'.
2460 2366 2598 2420 Ποτὲ
2634 2366 2733 2437 μὲν
2773 2363 2883 2435 γὰρ
2915 2362 3143 2435 Συμεὼν
3170 2361 3199 2414 6
3231 2360 3545 2435 πρεσϐύτης
3574 2361 3838 2432 ύπήντησ

2281 2459 2360 2532 τῷ
2403 2460 2636 2532 Σωτῆρι,
2678 2460 2771 2513 καὶ
2821 2462 2941 2523 ταῖς
2989 2456 3259 2526 ἀγκάλαις
3298 2453 3596 2519 ὑπεδέξατο
3626 2452 3723 2507 τὸν
3755 2454 3837 2506 τῶ

2282 2551 2491 2606 αἰώνων
2533 2551 2762 2624 ποιητὴν
2801 2550 2877 2616 ὡς
2928 2549 3147 2622 βρέφος,
3190 2549 3286 2602 καὶ
3325 2548 3531 2621 Κύριον
3581 2547 3676 2602 καὶ
3729 2547 3837 2601 Θεὸ

2282 2644 2548 2715 ἐκήρυττε
2570 2660 2583 2673 ·
2620 2642 2716 2696 νῦν
2750 2642 2807 2696 δὲ
2849 2642 2969 2696 ἀντὶ
3011 2639 3398 2712 πρεσϐυτέρων
3433 2637 3777 2710 ἀγνωμόνων
3814 2656 3838 2691 ο

2284 2736 2474 2800 παῖδες
2517 2734 2595 2807 τῷ
2642 2735 2854 2806 Σωτῆρι
2895 2734 3232 2805 ὑπήντησαν,
3269 2733 3345 2796 ὠς
3386 2728 3636 2802 Συμεὼν,
3667 2732 3772 2784 καὶ
3798 2750 3838 2785 τι

2284 2828 2453 2901 κλάδη
2499 2828 2620 2882 ἀντὶ
2662 2826 2917 2897 ἀγκαλῶν
2957 2825 3337 2896 ύπέστρωσαν,
3379 2823 3476 2878 καὶ
3515 2822 3729 2896 Κύριον
3778 2823 3838 2876 τὴ

2281 2922 2412 2975 Θεὸν
2443 2921 2762 2992 εὐλόγησαν,
2792 2921 2881 2974 τὸν
2906 2919 3000 2973 ἐπὶ
3024 2917 3205 2972 πώλου
3232 2917 3309 2982 ὡς
3336 2916 3428 2970 ἐπὶ
3453 2916 3564 2970 τῶν
3591 2915 3838 2988 χερουσὶ]

2282 3014 2643 3086 καθεζόμενον
2664 3030 2678 3044 °
2719 3012 2981 3069 Ὡσαννὰ
3014 3010 3096 3078 τῷ
3136 3010 3245 3076 υἱῷ
3291 3007 3488 3063 Δαϐίδ·
3524 3007 3838 3079 etiamid

602 3108 719 3157 rtus
741 3101 833 3171 qui
869 3100 1008 3155 venit
1034 3101 1092 3155 in
1115 3102 1324 3156 nomine
1358 3099 1595 3157 Domini.
1649 3101 1787 3157 Cum
1838 3102 2038 3174 quibus
2066 3104 2177 3158 cla-

2282 3124 2384 3172 νος
2414 3110 2446 3161 ό
2474 3106 2795 3176 ἐρχόμενος
2813 3105 2884 3159 ὲν
2910 3105 3157 3174 ὀνόματι
3182 3103 3422 3171 Kvplov.
3455 3102 3593 3156 Μεθ’
3626 3095 3709 3156 ὧν
3738 3102 3838 3174 βοή

594 3204 817 3245 suemus
879 3197 935 3246 et
963 3205 1113 3248 nos:
1148 3190 1484 3249 Benedictus
1541 3192 1637 3264 qui
1691 3193 1843 3248 venit
1888 3192 2028 3248 Deus
2060 3192 2176 3249 Rex

590 3282 791 3352 gloriae
820 3301 833 3337 :
869 3284 965 3354 qui
1024 3293 1251 3355 propter
1276 3299 1380 3341 nos
1442 3285 1625 3343 factus
1655 3294 1741 3342 est
1801 3302 2028 3359 pauper,
2061 3287 2178 3358 ipse

594 3371 659 3426 in
693 3374 934 3443 propriis
954 3375 1070 3430 suis
1102 3383 1480 3446 paupertatem
1515 3377 1794 3441 nesciens,
1837 3387 1897 3432 ut
1942 3392 2043 3433 sua
2074 3392 2176 3433 nos

594 3463 845 3521 bonitate
873 3466 1071 3522 ditaret
1111 3468 1180 3524 ’⁸.
1208 3466 1540 3524 Benedictus
1570 3470 1664 3540 qui
1694 3469 1845 3524 venit
1874 3469 1927 3523 in
1966 3468 2179 3523 humili.

597 3564 733 3623 tate,
781 3558 978 3614 iterum
1040 3567 1305 3616 venturus
1355 3561 1411 3615 in
1453 3562 1673 3631 gloria:
1742 3562 1975 3632 primum
2011 3577 2179 3632 super

595 3648 811 3719 pullum
844 3659 1187 3718 mansuetus,
1214 3650 1523 3723 faustisque
1543 3654 1818 3709 ominibus
1844 3669 2178 3724 prosequen-

590 3740 751 3797 tibus
815 3741 1155 3811 infantibus,
1211 3754 1271 3800 ut
1328 3746 1646 3817 impleretur
1709 3744 1855 3817 quod
1900 3756 1988 3801 est
2040 3748 2180 3803 scri-

594 3840 752 3903 ptum
774 3834 818 3866 ⁷⁷
845 3853 859 3889 :
888 3834 1002 3890 Viti
1028 3847 1151 3892 sunt
1172 3836 1439 3908 ingressus
1469 3838 1569 3904 tui,
1599 3836 1762 3902 Deus,
1791 3838 2057 3909 ingressus
2087 3839 2179 3894 Dei

599 3925 723 3988 mei,
761 3926 896 3995 regis
920 3926 1022 3980 mei
1046 3927 1136 3997 qui
1169 3935 1247 3983 est
1278 3929 1333 3984 in
1357 3938 1571 3995 sancto;
1606 3929 1974 4000 postmodum,
2013 3932 2177 3986 terri-

600 4014 728 4073 bilis
758 4031 924 4086 super
960 4018 1155 4082 uubes,
1198 4020 1408 4090 angelis
1441 4022 1773 4093 stipantibus
1803 4029 1970 4094 atque
1998 4023 2175 4079 virtu-

600 4108 772 4164 tibus.
797 4106 842 4163 0
869 4123 1164 4179 puerorum
1190 4110 1505 4168 mellilluam
1530 4114 1771 4185 linguam
1798 4116 1813 4169 l
1844 4130 1879 4172 o
1904 4109 2200 4172 sinceram

600 4197 714 4256 Deo
746 4201 1071 4272 placitorum
1109 4203 1451 4261 doctrinam!
1486 4205 1778 4278 Prophetia
1807 4208 1978 4265 David
2032 4208 2172 4263 edita

602 4307 824 4348 sensum
848 4294 954 4349 sub
984 4294 1167 4368 ἰδίει-α
1210 4300 1541 4369 occultavit;
1603 4303 1781 4372 pueri,
1832 4313 2022 4373 aperto
2056 4304 2178 4359 tlte-

600 4398 792 4447 Μαι-ο,
839 4383 1063 4442 divitias
1115 4390 1461 4457 protulerunt
1525 4391 1583 4446 in
1635 4393 1855 4465 lingua;
1909 4396 2177 4466 plenoque

2280 3215 2459 3269 σωμεν
2492 3198 2585 3251 καὶ
2626 3199 2813 3268 ἡμεῖς·
2846 3195 3221 3268 Εὐλογημένος
3252 3198 3280 3249 6
3313 3193 3479 3247 ἐλθὼν
3521 3192 3657 3257 Θεὸς
3705 3193 3837 3263 βασι

2275 3287 2401 3353 λεὺς
2441 3288 2548 3358 (98)
2594 3288 2695 3359 τῆς
2734 3288 2929 3359 δόξηςο
2967 3290 2996 3343 6
3042 3286 3397 3358 πτωχεύσας,
3444 3287 3505 3340 έν
3539 3287 3657 3349 τοῖς
3712 3286 3838 3339 ίδίοι

2275 3379 2442 3434 αὑτοῦ
2471 3378 2837 3450 ἀπτώχευτος,
2872 3380 2938 3434 δι’
2982 3381 3148 3451 ἡμᾶς,
3178 3380 3261 3433 ἵνα
3297 3379 3445 3449 ἡμᾶς
3478 3376 3755 3449 πλουτίσῃ
3798 3395 3838 3429 τ

2276 3471 2445 3526 αὐτοῦ
2474 3471 2790 3544 ἀγαθότητι.
2822 3471 3198 3544 Εὐλογημένος
3224 3474 3252 3524 6
3290 3469 3459 3524 ἐλθὼν
3491 3469 3551 3523 έν
3584 3469 3838 3522 ταπεινιῦ

2278 3583 2381 3632 σει,
2416 3567 2511 3621 καὶ
2534 3566 2695 3621 πάλιν
2716 3566 3009 3639 ἐρχόμενος
3035 3567 3094 3618 ὲν
3120 3564 3245 3636 δόξῃ
3268 3580 3282 3594 ’
3306 3563 3521 3636 πρῶτον
3551 3562 3647 3616 ἐπὶ
3675 3561 3838 3615 πώλο

2277 3659 2477 3734 πραῢς,
2520 3660 2616 3714 καὶ
2660 3660 2765 3714 ὑπὸ
2814 3660 3024 3732 νηπίων
3072 3657 3504 3729 εὐφημούμενος,
3536 3657 3694 3719 ὅπως
3724 3656 3838 3727 πλη

2280 3751 2427 3826 ρωθῇ
2471 3753 2532 3805 τὸ
2578 3752 2996 3825 γεγραμμένον·
3045 3750 3493 3820 Ἐθεωρήθησαν
3532 3752 3596 3803 αἱ
3622 3749 3838 3816 πορεῖα

2276 3845 2453 3908 σου,ό
2485 3842 2647 3908 Θεὸς,
2682 3844 2742 3895 αἱ
2768 3839 2997 3909 πορεῖαι
3034 3841 3141 3894 τοῦ
3180 3838 3327 3894 Θεοῦ
3362 3857 3484 3909 μου
3520 3838 3631 3893 τοῦ
3679 3842 3838 3893 Bac.

2276 3933 2429 3999 λέως
2457 3931 2564 3987 τοῦ
2591 3932 2660 3985 ἐν
2692 3931 2869 4001 ἀγιῳο
2902 3930 3170 4004 δεύτερον,
3206 3930 3434 4001 φοϐερὸς
3478 3930 3572 3983 ἐπὶ
3616 3928 3735 3983 τῶν
3779 3948 3838 3986 νε

2277 4024 2454 4095 φελῶν
2504 4024 2610 4078 ὑπὸ
2644 4024 2889 4093 ἀγγέλων
2920 4025 3016 4079 καί
3054 4023 3336 4095 δυνάμεων
3365 4023 3838 4095 δορυφορούμενοι

2282 4119 2347 4172 ’Ὠ
2394 4119 2492 4190 τῆς
2552 4116 2876 4190 μελιρρύτου
2920 4116 3028 4171 τῶν
3076 4116 3283 4169 παίδων
3333 4112 3611 4184 γλώττης,
3656 4114 3710 4166 ὣ
3767 4116 3838 4167 τί

2278 4210 2658 4282 ἀκαπηλεύτου
2681 4209 3025 4273 διδασκαλίας
3047 4208 3155 4262 τῶν
3180 4206 3511 4280 θεαρέστωνῑ
3533 4206 3714 4277 Δαόξδ
3739 4224 3838 4279 πρ

2279 4300 2551 4373 φητεύσας
2575 4302 2680 4356 ὑπὸ
2704 4300 2765 4354 τὸ
2789 4301 3021 4374 γράμμα
3050 4300 3284 4370 ἐκάλυψε
3324 4300 3383 4352 τὸ
3405 4299 3607 4368 νόημα·
3639 4300 3838 4352 παῖδε

2278 4394 2368 4447 τὸν
2412 4393 2685 4465 θησαυρὸν
2729 4394 3059 4460 ἀνοίξαντες,
3093 4393 3186 4446 ἐπὶ
3219 4391 3459 4462 γλώττης
3484 4390 3578 4443 τὸν
3622 4389 3838 4444 πλοῦτι

602 4475 778 4545 gratia
809 4490 1082 4544 sermone,
1113 4479 1261 4535 clare
1288 4495 1480 4539 omnes
1511 4483 1580 4539 ad
1606 4499 1701 4541 eas
1733 4485 1993 4543 fruendas
2012 4503 2177 4544 voca~

2282 4488 2680 4558 προσήνεγκαν,
2732 4486 2826 4541 καὶ
2865 4484 3007 4556 λόγῳ
3054 4484 3475 4556 κεχαριτωμένῳ
3515 4482 3838 4557 διαπρυσίει

481 4590 487 4597 ο
600 4572 752 4622 runt.
785 4565 1121 4626 Hauriamus
1176 4571 1361 4642 itaque
1390 4581 1446 4629 et
1481 4590 1583 4631 nos
1631 4590 1755 4630 cum
1796 4578 1931 4648 ipsis
1958 4580 2177 4638 divitias

554 4674 560 4679 λ
603 4673 711 4713 non
743 4658 1077 4718 auferibiles.
1109 4660 1531 4735 lnexplebilibus
1561 4668 1773 4724 sinibus
1816 4670 2177 4743 peuubusque

602 4763 933 4821 reponamus
969 4752 1154 4811 divina
1178 4757 1534 4813 charismata.
1567 4759 1879 4818 Clamemus
1908 4764 2027 4820 sine
2065 4773 2179 4821 ter-

484 4859 493 4865 ’
600 4843 754 4899 mino
783 4863 797 4899 :
833 4842 1146 4902 Benedictus
1174 4848 1265 4919 qui
1291 4851 1426 4904 venit
1458 4851 1512 4905 in
1532 4853 1742 4907 nomine
1760 4853 1974 4909 Domini
1995 4855 2175 4914 :Deus
2212 4840 2217 4845 ’

601 4951 789 5000 verus,
820 4937 874 4991 in
907 4938 1129 4993 nomine
1153 4936 1248 4994 Dei
1270 4941 1407 5002 veri.
1456 4942 1805 5013 omnipotens
1833 4959 1897 5000 ex
1924 4946 2173 5016 omnipo-

603 5035 771 5093 tente,
800 5027 971 5085 Filius
999 5030 1055 5086 in
1082 5033 1301 5088 nomine
1326 5029 1526 5098 Patris,
1562 5033 1671 5089 Rex
1690 5051 1854 5092 verus
1876 5044 1930 5092 et
1954 5053 2019 5093 ex
2044 5054 2175 5093 vero

607 5118 786 5188 Rege;
820 5122 1001 5189 cujus,
1036 5130 1096 5177 ut
1115 5127 1235 5192 ejus
1263 5125 1354 5196 qui
1382 5128 1587 5195 genuit,
1617 5135 1947 5183 coaeternum
1978 5136 2062 5185 est
2093 5145 2176 5185 re-

607 5227 775 5282 gnum
831 5220 885 5268 et
919 5224 1311 5285 prwzeternum.
1354 5216 1451 5273 Est
1497 5219 1642 5273 enim
1692 5218 1823 5274 illud
1861 5235 2171 5284 commune,

2279 4575 2487 4645 πάντας
2523 4577 2616 4630 ἐπὶ
2663 4576 2761 4647 τὴν
2803 4576 3101 4631 ἀπόλαυσιν
3144 4575 3426 4629 ἐκάλεσαν.
3473 4573 3669 4645 ’Δντλή
3681 4591 3838 4643 σωμε

2275 4667 2564 4742 τοιγαροῦν
2598 4669 2691 4723 καὶ
2731 4671 2892 4740 ἡμεῖς
2927 4667 3061 4740 [σὺν
3093 4667 3315 4740 αὐτοῖς]
3349 4666 3440 4720 τὸν
3491 4665 3838 4738 ἀναφαίρετι

2279 4760 2525 4814 πλοῦτον.
2575 4759 2896 4832 Ἀπλήστοις
2923 4758 3141 4821 κόλποις
3167 4758 3262 4811 καὶ
3286 4757 3556 4828 ταμιείοις
3590 4756 3838 4810 έναι-ποθ(

2281 4853 2419 4925 μεθα
2449 4852 2517 4907 τὰ
2547 4852 2667 4907 θεῖα
2700 4853 3032 4926 χαρίσματα.
3068 4851 3363 4924 Βοήσωμεν
3393 4851 3680 4922 ἀπέραντα
3699 4866 3717 4882 °
3745 4853 3838 4907 Ei

2278 4945 2610 5015 λογημένος
2648 4948 2682 4999 ό
2709 4945 3028 5014 ἐρχόμενος
3053 4945 3124 4997 ἐν
3150 4945 3393 5013 ὀνόματι
3432 4944 3693 5011 Κυρίου*
3729 4942 3838 4997 Ge!

2278 5038 2534 5109 ἀληθινὸς
2556 5040 2613 5092 ὲν
2635 5038 2857 5109 ὀνόματι
2884 5038 3018 5091 Θεοῦ
3050 5037 3333 5110 ἀληθινοῦ·
3367 5036 3768 5110 παντοκράτωρ
3807 5038 3838 5089 ἐ

2277 5129 2372 5182 τοῦ
2402 5129 2840 5202 παντοκράτορος
2861 5145 2876 5160 ·
2913 5129 3043 5194 Υἱὸς
3072 5131 3129 5183 ὲν
3165 5129 3390 5200 ὀνόματι
3415 5130 3633 5200 Πατρός
3651 5146 3666 5160 ο
3698 5128 3838 5181 Bac:

2279 5221 2403 5286 λεὺς
2431 5223 2702 5289 ἀληθινὸς,
2734 5220 2794 5292 ἐξ
2825 5223 3081 5296 ἀληθινοῦ
3113 5220 3385 5288 Βασιλέως
3407 5240 3421 5254 ο
3457 5222 3731 5277 συναῖδιον
3761 5238 3838 5277 au

672 5366 720 5398 "
740 5364 854 5423 Ita.
881 5383 1034 5435 xxix,
1064 5367 1247 5427 22-26.
1322 5371 1370 5404 "
1397 5370 1550 5429 Psal.
1580 5387 1700 5440 vm,
1730 5371 1786 5428 5.
1820 5422 1825 5426 .
1862 5373 1908 5407 ⁷⁸
1936 5372 2064 5428 Luc.
2108 5388 2168 5442 ιι,

2282 5415 2286 5427 .
2363 5377 2411 5409 “
2439 5376 2479 5432 ll
2500 5377 2626 5436 Cor.
2657 5396 2776 5448 vm,
2797 5379 2853 5438 9.
2930 5381 2983 5413 π·
3005 5380 3160 5437 Ρδαι.
3185 5398 3359 5451 vau,
3382 5382 3475 5440 25.

677 5516 790 5598 (9ἶ)
819 5520 994 5598 Ὅταν
1025 5522 1193 5579 idem
1215 5525 1309 5598 κτὰ
1326 5526 1529 5598 τέκνα
1553 5526 1754 5582 αὐτῶν
1780 5527 1853 5581 τὰ
1887 5529 2030 5598 ἔργα
2049 5546 2168 5598 μου

606 5590 891 5668 ποιοῦντα
950 5590 1098 5648 Unus
1129 5597 1296 5651 codex
1323 5597 1487 5652 habet
1501 5598 1582 5668 τὸ,
1600 5598 1870 5663 ποιοῦντα,
1894 5590 2167 5668 adjectum

2276 5528 2548 5585 Methoilio
2565 5538 2862 5596 sententia.

2348 5602 2481 5683 (98)‘
2501 5604 2562 5658 'U
2584 5608 2772 5664 ἑιιίὼν
2798 5608 2951 5683 ,Θεὸς
2971 5609 3186 5674 βασιλ.
3220 5611 3329 5679 AL,
3366 5614 3394 5667 6
3446 5614 3510 5666 ὲκ
3543 5609 3689 5665 Θεοῦ
3720 5609 3838 5667 3εὲ

608 5657 808 5746 ςξιιεξιιιΔ
820 5660 1145 5746 glossemate
1187 5685 1199 5718 :
1253 5681 1462 5746 aeneo
1508 5657 1867 5746 Hieronymus
1909 5657 2038 5746 le'git
2069 5676 2163 5724 aut
2271 5672 2300 5728 6
2336 5657 2515 5746 βασίλ.

608 5725 863 5798 Cyrinus,
908 5740 1231 5802 constatque
1269 5736 1404 5792 satis
1439 5725 1739 5806 appositive
1777 5725 2025 5810 legendo,
2063 5755 2164 5796 sua
