3956 6198
274 214 381 269 395

1373 222 1602 281 SERth
1641 226 1707 281 ΙΝ
1738 227 1976 285 RAMOS
2015 229 2416 291 PALMARUM.

3412 258 3518 314 594

273 328 604 400 προαιώνιον
624 331 721 402 τὴν
749 331 1020 402 βασιλείαν
1046 333 1206 405 ἔχων,
1235 337 1311 401 ὡς
1335 339 1362 390 ὁ
1382 341 1646 412 γεννήσας
1662 342 1812 395 αὐτόν

275 423 918 442 ...εκιηνς.
1082 426 1416 442 ...ηη
1559 432 1568 442 .
1729 432 1740 442 .

1950 359 2049 399 nee
2083 346 2202 416 ejus
2230 347 2512 413 honorem,
2539 352 2920 414 velutaliunde
2944 361 3214 430 adveniat,
3232 365 3513 442 Scriptura

275 424 448 497 Κοινὴ
486 423 594 495 γὰρ
636 426 670 495 ἡ
713 424 975 494 βασιλεία,
1013 427 1105 479 καὶ
1146 428 1245 481 οὐκ
1283 426 1480 494 ἔξωθεν
1521 432 1617 502 τὴν
1647 432 1846 504 ταύτης

277 518 440 587 τιμὴν
469 514 544 586 τῷ
573 515 688 587 Υἱῷ
713 518 741 569 6
767 516 922 585 λόγος
963 519 1320 590 προσκληροί·
1355 521 1472 574 οὐδὲ
1511 521 1845 597 ἀρξαμένην,

272 608 392 662 υῦδὲ
416 609 850 682 προσγινομένην
877 628 891 640 ·
925 611 1135 680 ἄπαγεῐ
1172 613 1306 668 ἀλλὰ
1335 616 1565 688 φυσικὴν
1597 620 1691 672 καὶ
1721 619 1845 672 ἴδιό-

272 717 468 776 κτητον
520 700 754 772 ἀληθῶς.
808 702 924 756 Μία
968 703 1076 775 γὰρ
1126 707 1158 776 ἡ
1212 704 1456 776 βασιλεία
1505 709 1718 781 Πατρὸς
1749 710 1844 763 καὶ

268 773 401 846 Υίοῦ
442 793 537 845 καὶ
575 793 732 862 ἁγίου
777 773 1118 864 Πνεῦματοςο
1147 773 1350 871 ’ὥσπερ
1397 801 1491 853 καὶ
1537 773 1636 871 μία
1667 802 1839 868 οὐσία,

263 885 359 938 καὶ
399 885 500 955 μία
543 885 820 957 κυριότης.
855 886 1016 940 Ὅθεν
1067 889 1159 942 καὶ
1204 891 1302 962 μία
1349 895 1716 965 προσκυνήσει
1748 895 1842 949 λα·-

259 979 531 1051 τρεύομεν
585 978 712 1050 μίαν
761 981 1186 1052 τρισυπόστατον
1241 985 1478 1058 Θεότητα
1505 1026 1519 1050 ,
1572 987 1837 1060 ἄναρχον,

256 1073 538 1136 ἄκτιστον,
574 1071 874 1144 ἀπέραντον
900 1075 994 1128 καὶ
1027 1075 1319 1146 ἀδιάδοχον.
1362 1077 1499 1131 Οὔτε
1540 1079 1649 1151 γὰρ
1671 1081 1700 1132 6
1726 1081 1839 1133 Πα-

258 1164 363 1236 τὴρ
411 1164 694 1234 παύσηταί
737 1181 866 1217 ποτε
912 1165 1006 1218 τοῦ
1047 1161 1186 1221 εἶναι
1228 1169 1448 1242 Πατήρ’
1485 1171 1608 1225 οὔτε
1642 1174 1672 1225 6
1712 1174 1839 1238 Υἱὸς

256 1256 350 1308 τοῦ
383 1252 524 1309 εἶναι
566 1256 697 1319 Υἱὸς
735 1257 830 1308 καὶ
863 1255 1147 1327 βασιλεύς’
1179 1258 1301 1312 οὕτε
1333 1261 1390 1314 δὲ
1420 1264 1480 1315 τὸ
1524 1264 1746 1336 Πνεῦμα
1777 1265 1836 1319 τὺ

255 1347 413 1414 ἅγιον
443 1343 540 1398 τοῦ
567 1341 705 1398 εἶναι
729 1346 886 1399 τοῦτο
910 1348 1046 1419 ὅπερ
1080 1348 1197 1401 ἐστὶ
1224 1354 1289 1423 τῇ
1324 1353 1638 1409 ὑποστάσει.
1668 1356 1834 1410 Οὐδὲν

253 1438 364 1510 γὰρ
403 1440 504 1510 τῆς
549 1438 776 1511 Τριάδος
824 1432 1279 1512 ἐλαττωθήσεται,
1314 1446 1346 1517 ἢ
1382 1447 1480 1519 τῆς
1514 1449 1830 1520 ἀῖδιότητος,

248 1532 283 1600 ἢ
319 1530 422 1600 τῆς
460 1530 768 1601 κοινότητος
809 1531 903 1585 καὶ
933 1531 1225 1602 βασιλείας.
1258 1537 1332 1590 Οὺ
1366 1538 1474 1612 γὰρ
1510 1541 1591 1594 ὅτι
1623 1541 1833 1616 ἄνθρω-

249 1641 356 1687 πος
401 1624 594 1693 γέγονε
623 1625 691 1678 δι’
723 1627 873 1697 ἡμᾶς
899 1629 928 1681 6
959 1629 1087 1694 Υἱὸς
1127 1628 1219 1683 τοῦ
1256 1631 1410 1696 Θεοῦ,
1447 1635 1538 1688 καὶ
1576 1637 1666 1691 τὸν
1707 1639 1828 1692 καθ’

1949 435 2090 492 Filio
2121 438 2350 494 tribuit:
2407 441 2490 495 vel
2544 445 2701 512 quasi
2783 445 3067 521 inceperit,
3110 435 3400 517 accedatve
3421 473 3516 518 aut

1948 529 2227 584 minuatur
2259 549 2271 584 :
2309 530 2451 586 absit
2480 533 2583 589 hoc
2616 555 2628 589 :
2657 535 2752 591 sed
2775 541 2921 597 velut
2951 546 3094 615 quod
3124 561 3154 600 a
3193 557 3391 607 natura
3424 570 3517 610 vc-

1947 634 2116 690 reque
2142 622 2361 693 propria
2412 628 2785 698 possessione,
2821 633 2964 702 juris
3003 637 3178 708 ipsius
3209 642 3300 696 sit.
3330 641 3512 700 Unum

1945 713 2146 786 quippe
2175 731 2403 788 regnum
2434 727 2518 774 est
2547 718 2748 787 Patris,
2789 735 2844 780 et
2866 726 3008 795 Filii,
3035 740 3089 786 et
3119 731 3355 804 Spiritus
3386 753 3514 794 san-

1944 805 2039 868 cti,
2093 808 2551 876 quemadmodum
2593 813 2755 867 etiam
2790 827 2872 872 est
2899 835 3005 876 una
3047 823 3354 882 substantia
3375 844 3513 883 una-

1941 913 2050 967 que
2069 899 2388 958 dominatio.
2414 902 2570 961 Unde
2600 916 2654 962 et
2685 923 2790 962 una
2814 911 3131 972 adoratione
3174 934 3338 975 unam
3369 923 3513 979 trine

1941 989 2327 1049 subsistentem
2357 993 2620 1054 Deitatcm
2642 1000 2892 1070 colimus,
2927 1007 3182 1081 principii
3210 1022 3507 1084 expertem,

1939 1082 2258 1149 increatam,
2285 1087 2740 1148 interminabilem
2766 1104 2819 1151 et
2846 1097 2932 1152 cui
2967 1114 3257 1159 successor
3285 1082 3511 1167 minime

1940 1172 2029 1228 sit.
2056 1171 2192 1228 Nam
2219 1191 2394 1247 neque
2435 1176 2598 1236 Pater
2644 1199 2882 1254 unquam
2926 1187 3150 1246 desierit
3176 1209 3299 1252 esse
3324 1195 3504 1264 Pater,

1938 1285 2116 1340 neque
2137 1268 2306 1328 Filius
2329 1287 2453 1328 esse
2479 1272 2651 1332 Filius
2676 1284 2731 1332 et
2775 1291 2895 1344 rex,
2920 1297 3096 1354 neque
3120 1283 3358 1357 Spiritus
3380 1306 3514 1347 san-v

1936 1366 2058 1414 ctus
2090 1374 2214 1414 esse
2241 1361 2386 1430 quod
2414 1363 2766 1420 subsistentia
2793 1374 2846 1422 et
2876 1384 2974 1424 sua
2996 1371 3113 1443 ipse
3141 1391 3373 1445 persona
3397 1389 3500 1437 est.

1933 1451 2082 1506 Nihil
2127 1453 2270 1507 enim
2307 1453 2594 1512 Trinitatis
2635 1469 2729 1514 aut
2759 1464 3081 1532 aeternitate,
3139 1476 3232 1524 aut
3259 1487 3506 1529 commu-

1933 1544 2098 1599 nione
2127 1550 2179 1598 et
2211 1559 2378 1616 regno
2409 1546 2762 1605 minuendum
2789 1560 2890 1609 est.
2931 1553 3049 1611 Non
3084 1558 3227 1614 enim
3253 1560 3375 1617 ideo
3407 1560 3504 1618 Dei

1932 1630 2104 1688 Filius
2133 1633 2313 1690 dictus
2369 1633 2472 1690 fuit
2529 1637 2681 1706 Rex,
2737 1641 2865 1712 quia
2903 1653 3125 1717 propter
3169 1665 3270 1706 nos
3328 1651 3507 1712 factus

245 1716 410 1788 ἡμῶν
449 1716 705 1788 τύραννον
738 1717 1084 1792 [κατέϐαλεν]
1110 1721 1168 1774 ὲν
1191 1725 1256 1793 τῇ
1288 1726 1472 1797 σαρκὶ,
1497 1727 1667 1802 ταύτῃ
1691 1748 1812 1802 πρα·

1935 1723 2119 1791 homo,
2144 1725 2525 1784 adversantem
2550 1731 2709 1787 nobis
2739 1716 3056 1805 tyrannum,
3092 1740 3144 1795 in
3175 1757 3341 1801 carne
3373 1761 3502 1817 pro-

244 1811 657 1882 τματευόμενος
680 1813 779 1884 τὴν
810 1813 952 1866 κατὰ
982 1814 1074 1868 τοῦ
1105 1816 1403 1887 δυσμενοῦς
1438 1821 1606 1893 αὐτῆς
1627 1823 1823 1896 ἐχθροῦ

241 1902 430 1972 νίκην,
479 1901 569 1956 διὰ
605 1903 765 1957 τοῦτο
823 1904 1075 1975 βασιλεὺς
1116 1909 1514 1979 ἐχρημάτισεν·
1569 1914 1683 1967 ἀλλ’
1743 1917 1824 1970 ὅτι

242 1995 458 2066 Κύριος
507 1997 599 2050 καὶ
640 1998 771 2062 Θεὸς
819 1999 926 2062 ἀεὶ,
967 1998 1055 2052 διὰ
1085 1999 1241 2053 τοῦτο
1279 2004 1372 2055 καὶ
1413 2004 1664 2074 βασιλεὺς
1691 2007 1766 2072 ὼς
1797 2012 1826 2062 ό

235 2091 517 2160 γεννήσας
549 2091 708 2144 αὐτόν
729 2110 744 2122 ·
774 2094 889 2145 νυνὶ
921 2092 998 2158 δὲ,
1032 2093 1125 2147 καὶ
1160 2094 1295 2164 μετὰ
1319 2096 1417 2166 τῆς
1447 2097 1821 2169 προσλήψεως,

234 2183 344 2236 καὶ
374 2185 456 2246 είς
483 2183 542 2236 τὸ
567 2183 828 2252 διηνεκές.
863 2184 954 2256 Μὴ
991 2185 1301 2258 βλασφήμει
1331 2189 1430 2259 τὴν
1459 2189 1554 2242 τοῦ
1586 2191 1823 2262 Χριστοῦ

221 2252 547 2342 βασιλείαν,
587 2275 851 2346 αἱρετικὲ,
886 2252 1082 2347 ἵναμὴ
1249 2252 1584 2351 γεννησαντα
1622 2252 1822 2354 ἀτιμά-

236 2384 363 2437 σῃς.
397 2367 461 2419 Εἰ
497 2367 684 2430 πιστὸς
713 2362 783 2430 εἴ,
817 2367 1024 2432 πιστῶς
1049 2369 1314 2440 πρόσελθε
1345 2371 1565 2443 Χριστῷ
1595 2373 1672 2444 τῷ
1697 2375 1824 2446 ἁλη-

229 2460 376 2531 θινῷ
419 2459 538 2531 Θεῷ
573 2460 750 2532 ἡμῶν,
792 2461 887 2514 καὶ
929 2459 1015 2529 μὴ
1037 2461 1117 2528 ὠς
1135 2461 1517 2533 ἐπικάλυμμα
1533 2464 1692 2534 ἔχων
1711 2465 1823 2533 τῆς

231 2554 456 2618 κακίας
475 2551 589 2620 τὴν
608 2553 975 2622 ἐλευθερίαν.
1020 2555 1083 2607 Et
1122 2554 1303 2620 δοῦλος
1342 2552 1411 2620 εἷ,
1443 2558 1718 2628 ἐντρὸμως
1742 2558 1821 2630 τῷ

232 2645 490 2717 Δεσπότῃ
518 2645 838 2716 ὑποτάγηθι.
858 2646 914 2699 '0
957 2646 1064 2716 γὰρ
1110 2647 1426 2719 Λογομάχος
1451 2649 1581 2720 (99),
1613 2651 1713 2704 οὐκ
1727 2651 1819 2706 εὐ·-

229 2736 471 2808 γνώμων
521 2737 726 2801 δοῦλος,
772 2737 907 2792 ἀλλὰ
949 2737 1227 2810 προδήλως
1274 2740 1562 2813 δυσμενής.
1612 2743 1820 2816 Γέγρα-

225 2848 370 2885 πται
396 2831 507 2900 γάρ
531 2847 542 2857 ·
582 2829 636 2881 '0
659 2830 745 2899 μὴ
777 2829 961 2900 τιμῶν
988 2832 1095 2886 τὸν
1125 2835 1261 2887 Υίὸν
1299 2835 1370 2888 οὐ
1412 2834 1548 2904 τιμᾷ
1570 2835 1677 2890 τὸν
1699 2840 1816 2892 Πα-

224 2919 376 2988 τέρα
401 2920 511 2972 τὸν
532 2919 854 2988 πέμψαντα
878 2923 1086 2976 αὐτόν.

297 3015 397 3080 ς’.
445 3013 637 3082 Ἡμεῖς
665 3012 743 3075 δὲ,
779 3014 1076 3085 ἀγαπητοὶ,
1105 3015 1230 3070 ὅθεν
1267 3016 1552 3089 ἐξέϐημεν,
1587 3021 1814 3075 ἐπανέλ-

1925 1817 2202 1882 straverit,
2221 1828 2372 1888 parta
2406 1837 2502 1890 per
2522 1838 2663 1888 eam,
2683 1833 2872 1880 contra
2894 1828 3065 1899 ipsius
3095 1836 3368 1892 crudelem
3399 1840 3504 1897 ho-

1928 1917 2087 1975 stem,
2123 1912 2351 1967 victoria
2383 1934 2394 1968 :
2419 1915 2515 1970 sed
2532 1917 2660 1986 quia
2689 1926 2773 1974 est
2795 1935 3013 1993 semper
3034 1924 3296 2000 Dominus
3329 1930 3500 1990 Deus-

1925 2018 2053 2072 que,
2097 2003 2218 2060 ideo
2272 2014 2328 2060 et
2381 2007 2566 2073 modo,
2597 2017 2652 2064 et
2712 2024 2836 2081 post
2867 2028 3090 2072 carnem
3135 2033 3497 2095 assumptam,

1931 2103 2095 2166 atque
2120 2097 2178 2151 in
2208 2108 2550 2169 perpetuum,
2583 2100 2695 2158 Rex
2719 2116 2923 2176 manet,
2962 2115 3422 2180 quemadmodum
3453 2120 3499 2175 is

1877 2185 1882 2194 ’
1927 2190 2022 2258 qui
2071 2191 2279 2260 genuit.
2345 2191 2489 2257 Noli,
2531 2193 2802 2263 haeretice,
2845 2215 3072 2272 regnum
3111 2206 3315 2263 Christi
3353 2210 3500 2268 blas-

1932 2279 2210 2349 phemare,
2244 2292 2303 2336 ut
2332 2300 2401 2337 ne
2430 2300 2556 2339 eum
2602 2289 2695 2357 qui
2726 2292 2911 2360 genuit
2943 2294 3240 2366 ignominia
3270 2301 3494 2362 aliicias.

1926 2369 1983 2426 Si
2012 2388 2071 2430 es
2103 2365 2298 2440 ﬁdelis,
2349 2377 2452 2433 fide
2507 2378 2576 2433 ad
2615 2380 2896 2440 Christum
2954 2365 3144 2445 verum
3198 2391 3367 2448 Deum
3396 2411 3497 2450 no-

1925 2475 2098 2520 strum
2147 2469 2369 2535 accede,
2405 2481 2458 2526 et
2480 2490 2584 2528 non
2612 2484 2866 2547 tanquam
2893 2481 3126 2537 velamen
3157 2486 3379 2542 malitiae
3405 2487 3498 2543 ha-

1923 2557 2042 2614 bens
2071 2560 2365 2617 libertatem
2385 2566 2451 2620 ⁷⁸.
2485 2565 2541 2620 Si
2572 2584 2633 2624 es
2685 2585 2899 2640 servus,
2941 2590 3064 2632 eum
3097 2589 3334 2636 tremore
3365 2583 3498 2637 sub-

1913 2650 2084 2720 jicere
2114 2653 2363 2711 Domino.
2395 2656 2500 2725 Qui
2521 2661 2666 2715 enim
2712 2661 2950 2721 Verbum
2982 2667 3126 2724 bello
3174 2671 3405 2742 impetit,
3446 2676 3497 2731 is

1918 2760 2028 2800 non
2077 2763 2271 2804 servus
2312 2751 2629 2818 benevolus,
2666 2756 2760 2811 sed
2816 2760 3140 2818 manifestus
3187 2773 3272 2820 est
3294 2766 3489 2824 hostis.

1916 2835 2050 2891 Nam
2086 2840 2350 2908 scriptum
2379 2851 2463 2897 est
2499 2844 2645 2910 :Qui
2686 2862 2788 2900 non
2840 2846 3065 2903 honorat
3109 2849 3338 2919 Filium,
3383 2871 3490 2908 non

1916 2932 2139 2983 honorat
2172 2930 2393 3001 Patrem
2415 2936 2506 3004 qui
2528 2937 2672 2989 misit
2697 2937 2850 2990 illum
2890 2940 2954 2992 ⁷³.

1988 3018 2075 3073 Vl.
2111 3020 2223 3077 Nos
2245 3031 2452 3091 autem,
2479 3025 2689 3091 dilecti,
2735 3043 2800 3083 eo
2834 3037 3174 3087 revertamur
3214 3048 3488 3097 sermone,

218 3105 417 3176 θωμεν
449 3105 528 3175 τῷ
562 3105 724 3176 λόγῳ,
761 3104 1019 3176 βοῶντεςο
1045 3109 1469 3179 Εὐλογημένος
1501 3114 1534 3165 ό
1564 3113 1808 3182 ἐρχόμε-

1919 3109 2060 3166 unde
2081 3111 2459 3180 discessimus,
2509 3116 2847 3174 clamantes:
2885 3119 3198 3178 Benedictus
3229 3126 3321 3194 qui
3351 3126 3487 3180 venit

219 3216 336 3264 νος
374 3196 446 3250 ἐν
469 3198 710 3266 ὀνόματι
732 3199 956 3266 Κυρίου
981 3215 995 3228 ο
1026 3200 1056 3252 6
1081 3201 1284 3272 ποιμὴν
1304 3203 1332 3254 6
1359 3202 1524 3266 καλὸς
1555 3205 1648 3257 καὶ
1673 3206 1812 3275 ἀγα-

218 3292 339 3354 θὸς,
380 3289 552 3343 θεῖναι
583 3289 679 3361 τὴν
708 3289 1067 3361 ψυχὴνάὺτοῦ
1097 3291 1358 3357 ἑκουσίως
1386 3295 1522 3366 ὑπὲρ
1557 3296 1664 3348 τῶν
1687 3315 1815 3368 προ-

216 3380 407 3436 ϐάτων
435 3380 603 3436 αὑτοῦ
623 3399 638 3411 ο
667 3381 734 3435 ἵν’
759 3381 948 3454 ὥσπερ
983 3383 1060 3454 (1)
1093 3385 1220 3447 τοὺς
1263 3385 1511 3456 πρόϐατα
1556 3390 1808 3459 σιτουμέ-

215 3493 350 3538 νους
379 3475 580 3538 λύκους
609 3475 866 3548 προϐάτῳ
903 3476 1216 3531 ἁλίσκουσιν
1247 3481 1295 3532 οἱ
1323 3479 1639 3552 λυκόθηρες,
1666 3482 1808 3536 οὕτω

211 3569 334 3630 τοῖς
364 3570 577 3639 νοητοῖς
606 3568 700 3620 καὶ
730 3567 1089 3641 ψυχοφθόροις
1114 3569 1318 3636 λύκοις,
1370 3573 1560 3626 ἑαυτὸν
1598 3574 1673 3638 ὡς
1710 3575 1806 3629 ἄν-

211 3660 443 3730 θρωπον
469 3659 721 3732 προσθεὶς
745 3663 778 3714 ό
802 3660 1187 3730 ἀρχιποιμὴν,
1211 3662 1433 3734 θήραμα
1455 3667 1655 3739 ποιήσῃ
1680 3669 1806 3732 τοὺς

209 3753 280 3822 θη
291 3753 620 3824 ρεύσαντας,
642 3752 720 3824 τῷ
736 3753 901 3808 πάλαι
926 3754 1276 3825 θηρευσθὲντι
1305 3757 1395 3809 ὑπ’
1417 3757 1596 3810 αὐτῶν
1611 3757 1800 3829 Ἀδάμ.

207 3844 648 3914 Εὐλογημένος
693 3849 725 3900 ό
768 3845 1093 3914 ἐρχόμενος
1140 3847 1210 3899 ἐν
1255 3847 1499 3917 ὀνόματι
1543 3849 1798 3916 Κυρίου’

205 3941 352 4002 Θεὸς
385 3938 532 3992 κατὰ
562 3939 655 3992 τοῦ
681 3939 927 3994 διαϐόλου
947 3955 961 3968 θ
986 3939 1047 3992 οὐ
1074 3938 1324 4010 φανερῶς
1348 3937 1437 3991 διὰ
1466 3939 1565 4009 τῆς
1597 3939 1802 4012 ἀπροσ-

205 4033 456 4085 θιλέπτου
484 4032 784 4102 δυνάμεως,
811 4031 946 4085 ἀλλὰ
974 4029 1060 4084 διὰ
1094 4031 1195 4101 τῆς
1229 4032 1510 4096 ἀσθενείας
1535 4032 1636 4102 τῆς
1672 4049 1802 4102 σαρ-

204 4127 326 4190 zhg,
362 4124 532 4194 δῆσαι
573 4125 664 4177 τὸν
702 4125 823 4178 καθ’
857 4123 1011 4195 ἡμῶν
1048 4125 1285 4195 ἰσχυρόν.
1313 4123 1733 4194 Εὐλογημένος
1767 4129 1799 4179 ό

203 4219 541 4286 ἐρχόμενος
567 4217 639 4269 ἐν
665 4217 908 4285 ὀνόματι
954 4217 1208 4283 Κυρίου·
1245 4215 1496 4286 βασιλεὺς
1528 4216 1669 4270 κατὰ
1703 4212 1797 4268 τοῦ

201 4309 522 4384 τυράννου·
575 4307 637 4359 οὗ
685 4307 771 4360 διὰ
815 4307 916 4377 τῆς
969 4309 1471 4380 παντοκρατορικῆς
1516 4307 1796 4378 δυνάμεως

1917 3203 1970 3256 in
2003 3205 2211 3259 nomine
2239 3205 2452 3261 Domini
2477 3225 2495 3262 :
2520 3217 2708 3280 pastor
2730 3211 2819 3265 ille
2837 3212 3102 3270 honestus
3130 3227 3183 3270 et
3205 3217 3401 3280 bonus,
3420 3219 3488 3273 ad

1913 3295 2218 3363 ponendam
2279 3307 2475 3368 sponte
2522 3301 2757 3356 animam
2799 3319 2896 3373 pro
2943 3306 3058 3361 suis
3123 3309 3317 3364 ovibus
3375 3321 3488 3367 :ut

1912 3387 2370 3455 quemadmodum
2391 3400 2702 3458 venatores,
2733 3395 2916 3448 ovium
2949 3414 3174 3456 voraces
3193 3401 3487 3472 lupos,ove

1911 3477 2154 3547 capiunt,
2186 3479 2261 3534 ita
2281 3492 2555 3550 pastorum
2578 3483 2830 3555 Princeps
2858 3487 2904 3519 ⁸ο
2933 3504 2992 3545 se
3025 3490 3203 3560 ipsum
3227 3501 3286 3548 ut
3320 3495 3489 3551 homi-

1910 3586 2056 3634 nem,
2091 3572 2469 3642 spiritualibus
2524 3591 2589 3631 ae
2624 3579 2948 3638 animorum
2997 3585 3293 3651 perniciem
3347 3587 3487 3644 infe-

1910 3665 2152 3720 rentibus
2208 3666 2352 3737 lupis
2412 3667 2699 3738 objiciens,
2732 3685 2828 3727 eos
2886 3671 3050 3728 faciat
3108 3678 3477 3743 venationem,

1909 3762 2070 3824 capto
2110 3757 2316 3827 pridem
2357 3766 2552 3814 venatu
2582 3759 2812 3825 Adamo,
2873 3763 2965 3832 qui
3015 3763 3281 3820 Adamum
3312 3783 3481 3822 vena-

1905 3846 2108 3902 tionem
2147 3847 2406 3904 feeerant.
2437 3851 2749 3908 Benedictus
2779 3855 2867 3924 qui
2896 3856 3031 3909 venit
3057 3857 3111 3910 in
3133 3859 3340 3913 nomine
3369 3859 3485 3916 Do-

1905 3942 2037 3994 mini
2067 3958 2086 3994 :
2127 3941 2270 3998 Deus
2302 3944 2566 4000 adversus
2589 3946 2864 4002 diabolum
2887 3967 2902 4012 ;
2925 3965 3034 4006 non
3077 3952 3364 4009 manifeste
3385 3970 3481 4024 per

1904 4033 2158 4089 virtutem
2213 4036 2683 4106 inaspectabilem,
2716 4039 2812 4095 sed
2853 4057 2950 4112 per
2979 4044 3163 4100 carnis
3191 4043 3480 4102 infirmita-

1903 4133 2011 4179 tem
2072 4125 2390 4196 alligaturus
2446 4128 2820 4185 adversarium
2855 4132 3037 4199 nobis,
3061 4134 3254 4192 fortem
3283 4137 3351 4192 εί.
3383 4137 3480 4191 Βεο

1903 4214 2142 4270 nedictus
2168 4217 2259 4286 qui
2295 4219 2431 4272 venit
2455 4220 2508 4273 in
2536 4221 2745 4275 nomine
2777 4221 3035 4279 Domini:
3070 4224 3184 4282 Rex
3212 4228 3476 4285 adversus

1900 4317 2238 4379 tyrannum;
2260 4325 2368 4364 non
2396 4327 2493 4381 per
2537 4314 2965 4384 omnipotentem
3001 4319 3254 4374 virtutem
3299 4327 3354 4374 et
3381 4335 3472 4375 sa-

201 4406 299 4458 καὶ
335 4403 558 4471 σοφίας,
589 4400 725 4454 ἀλλὰ
761 4401 851 4455 διὰ
898 4401 998 4472 τῆς
1025 4401 1373 4474 νομισθείσης
1417 4400 1510 4455 τοῦ
1560 4400 1793 4472 σταυροῦ

1919 4401 2180 4468 nentiam,
2216 4403 2311 4458 sed
2337 4419 2434 4474 per
2456 4406 2640 4461 crucis
2667 4408 3033 4462 existimatam
3081 4412 3370 4467 stultitiam
3402 4413 3472 4484 δ’,

204 4496 452 4569 μωρίας,
493 4493 586 4548 τοῦ
621 4496 677 4546 ὲν
726 4494 891 4565 κακία
934 4493 1247 4566 [φρονίμου]
1289 4492 1466 4562 ὄφεως
1509 4492 1578 4546 τὰ
1619 4491 1791 4545 σκῦλα

1919 4509 2020 4562 [uae
2054 4493 2338 4562 prudentis
2367 4494 2422 4549 in
2478 4496 2688 4551 malitia
2717 4499 2991 4568 serpentis
3020 4500 3248 4573 diripuit
3270 4506 3472 4574 spolia.

199 4581 630 4654 ιιαρπάσαντος.
674 4579 1093 4650 Εὐλογημένος
1134 4584 1166 4635 ό
1212 4581 1532 4651 ἐρχόμενος
1559 4582 1628 4634 ἐν
1656 4581 1789 4633 ὀνό-

194 4692 344 4741 ματι
393 4673 648 4740 Κυρίουο
678 4674 705 4726 6
731 4672 979 4743 ἀληθινὸς
1018 4671 1161 4728 κατὰ
1187 4671 1280 4725 τοῦ
1312 4671 1547 4741 ψεύστου
1567 4689 1580 4701 ·
1606 4673 1635 4724 ὁ
1679 4688 1785 4725 σω-

199 4767 267 4834 τὴ
276 4784 309 4837 ρ
337 4765 486 4818 κατὰ
512 4764 607 4817 τοῦ
635 4765 940 4836 λυμεῶνος’
963 4769 994 4818 ό
1005 4767 1358 4836 alma-cipan
1379 4763 1521 4816 κατὰ
1556 4762 1650 4816 τοῦ
1686 4781 1784 4817 πο-

198 4858 534 4928 Εμήτοροςο
573 4857 602 4908 6
634 4853 1008 4924 φιλάνθρωπος
1054 4855 1191 4910 κατὰ
1233 4854 1326 4908 τοῦ
1375 4853 1779 4926 μισανθρώπου.

201 4948 638 5017 Εὐλογημένος
684 4952 716 5002 o'
763 4947 1083 5017 ἐρχόμενος
1127 4946 1197 5000 ὲν
1238 4947 1479 5015 ὀνόματι
1526 4946 1745 5014 Κυρίου
1766 4963 1778 4975 °

200 5041 414 5112 Κύριος
443 5041 663 5110 ἐλεῆσαι
691 5040 752 5093 τὸ
781 5039 1003 5110 πλάσμα
1031 5039 1090 5091 τὸ
1122 5038 1269 5091 ἴδιον.
1302 5037 1721 5108 Εὐλογημένος
1749 5039 1782 5089 ό

197 5141 532 5209 ἐρχόμενος
561 5137 633 5191 ἐν
679 5138 920 5206 ὀνόματι
952 5137 1172 5204 Κυρίου
1195 5153 1206 5164 ·
1245 5135 1448 5207 Κύριος
1484 5135 1652 5188 σῶσαι
1692 5134 1782 5186 τὸν

1897 4584 2207 4640 Benedictus
2235 4588 2324 4657 qui
2351 4589 2488 4642 venit
2547 4593 2602 4644 in
2630 4592 2838 4646 nomine
2873 4591 3114 4649 Domini:
3162 4612 3326 4653 verus
3357 4599 3468 4663 ille,

1895 4677 2157 4734 adversus
2179 4681 2494 4736 mendacem
2530 4702 2542 4736 :
2616 4683 2880 4747 salvator,
2918 4688 3181 4742 adversus
3207 4687 3354 4742 illam
3380 4705 3470 4760 pe-

1895 4774 2030 4820 stem
2063 4785 2074 4819 :
2123 4765 2372 4837 Princeps
2430 4771 2574 4837 pacis
2601 4771 2669 4834 ⁸³,
2705 4772 2966 4829 adversus
2986 4774 3252 4830 bellorum
3283 4779 3469 4834 incen~

1893 4866 2064 4914 torem
2100 4879 2112 4914 :
2150 4860 2260 4927 ille,
2289 4861 2550 4932 singulari
2581 4878 2710 4935 erga
2738 4864 3021 4920 hominum
3053 4883 3226 4937 genus
3259 4871 3462 4935 studio,

1893 4950 2154 5008 adversus
2193 4968 2404 5007 osorem
2429 4955 2733 5008 hominum.
2762 4956 3074 5011 Benedictus
3105 4958 3196 5028 qui
3234 4961 3371 5014 venit
3409 4965 3464 5015 in

1893 5042 2100 5094 nomine
2128 5041 2337 5094 Domini
2363 5059 2381 5094 :
2405 5039 2687 5107 Dominus,
2721 5044 2978 5116 figmento
3021 5049 3244 5118 proprio
3276 5050 3465 5106 miser-

1893 5141 2072 5187 turus.
2103 5132 2414 5187 Benedictus
2438 5135 2528 5204 qui
2549 5135 2682 5188 venit
2739 5137 2793 5188 in
2827 5138 3036 5192 nomine
3071 5137 3281 5193 Domini
3311 5157 3330 5195 :
3357 5139 3463 5196 Do-

269 5321 319 5352 ⁷⁸
341 5319 372 5378 1
403 5318 552 5375 Petr.
595 5333 657 5381 tl.
691 5317 776 5373 i6.
852 5317 896 5348 τ’
922 5315 1082 5370 Joan.
1107 5332 1161 5379 v,
1191 5315 1278 5369 25.
1356 5315 1400 5347 ⁸⁸
1434 5314 1463 5367 Ι
1487 5315 1632 5368 Petr.
1658 5330 1712 5377 ν,
1743 5314 1797 5365 4.

1943 5311 2133 5368 Matth.
2161 5329 2259 5374 xu,
2282 5313 2372 5368 29.
2449 5315 2493 5345 θ’
2528 5313 2556 5368 1
2589 5315 2713 5371 Cor.
2751 5333 2788 5380 ι,
2815 5317 2906 5374 Si.
2984 5320 3030 5351 ⁸³
3062 5319 3271 5387 Isa.tx,
3291 5320 3344 5375 6.

266 5484 384 5553 (99)
435 5483 800 5554 Λοτομάχος.
856 5481 1010 5535 Sicut
1060 5481 1262 5535 dicitur
1286 5479 1765 5554 ῌνευματομάχος,

197 5551 538 5624 ρῐὸὺαιίιιιε
567 5551 857 5622 subiuncta
893 5554 1191 5624 auctoritas
1224 5574 1233 5605 :
1281 5552 1384 5617 Qui
1413 5568 1517 5624 non
1545 5551 1769 5624 honorat

199 5621 432 5692 Filium;
460 5633 566 5679 etc.
600 5621 815 5708 Antiqui
871 5631 955 5678 est
981 5622 1303 5708 λογομόιχος,
1347 5623 1436 5690 (ιυὶ
1457 5621 1639 5706 verbis
1674 5637 1766 5690 pu-

198 5704 350 5763 gnat,
382 5704 606 5764 argutor
633 5714 646 5749 :
677 5693 1623 5762 ἀντιλογικος,κα“ιὲγχειρηματικός.

358 5794 630 5853 Parnm“
677 5792 792 5852 Gn.
828 5789 1051 5851 XVlll.

1959 5477 2160 5549 (l)"’Ir’
2187 5475 2407 5549 ῶσπερ,
2448 5492 2502 5528 κ.
2535 5494 2582 5529 τ.
2619 5475 2668 5532 λ.
2703 5474 2886 5531 Utitur
2921 5478 3327 5549 Amphilochius
3357 5494 3455 5536 eo-

1881 5546 2143 5602 dem’fere
2174 5547 2338 5600 simili
2365 5549 2510 5601 hom.
2550 5549 2622 5602 De
2639 5549 2943 5616 peccatrice.
2976 5546 3039 5602 in
3076 5549 3356 5606 Christum
3383 5565 3456 5609 eo

1878 5634 1936 5674 se
1957 5618 2060 5673 [ine
2091 5627 2144 5674 et
2170 5617 2444 5674 lucrandis
2476 5619 2761 5675 animabus
2788 5619 2841 5673 in
2873 5621 3120 5676 convivia
3139 5622 3378 5678 dantem.

3093 5788 3166 5850 13
