3906 6194
505 184 610 242 395

1468 178 1525 235 Β.
1564 177 1891 236 METHODII
1931 180 2237 240 EPISCOPI
2274 182 2362 238 ΕΤ
2400 183 2756 240 MARTYRIS
3144 185 3184 211 “
3236 188 3239 191 ’
3580 196 3664 252 396

505 299 710 363 minus,
758 296 964 354 homini
1018 297 1109 367 qui
1159 303 1453 362 erraverat,
1499 295 1730 351 salutem
1772 297 2057 361 allaturus,

2164 297 2499 369 πλανηθέντα
2532 299 2841 372 ἄνθρωπον·
2878 297 3183 357 καταλῦσαι
3209 305 3303 376 τήν
3334 305 3547 378 πλάνην·
3574 327 3667 377 qu-

502 404 746 446 errorem
792 392 1173 450 convulsurus,
1214 387 1587 455 Impertiturus
1637 386 1819 441 lumen
1857 387 2066 457 agenti-

503 479 608 535 bus
634 480 688 533 in
723 479 981 539 tenebris,
1030 474 1299 530 idolorum
1329 475 1631 531 aboliturus
1683 474 2061 545 imposturam,

500 568 622 638 ejus
653 568 772 623 loco
794 565 1115 619 inducturus
1138 564 1431 619 salutarem
1462 562 1555 618 Dei
1589 564 1859 628 notitiam,
1904 579 2063 618 mun-

500 662 630 717 dum
691 657 1163 719 sanctiﬁcaturus.
1219 655 1397 711 scelus
1441 654 1823 725 miseriamque
1881 657 2062 712 cultus

500 749 741 808 inanium
773 748 997 803 deorum
1031 746 1405 802 submoturus.
1465 745 1774 801 Benedictus
1807 746 1897 816 qui
1926 748 2060 801 venit

497 844 554 899 in
580 842 787 896 nomine
808 838 1057 893 Domini:
1092 854 1233 894 unus
1257 853 1354 908 pro
1397 839 1602 903 multis,
1628 845 1688 893 ut
1719 840 1869 908 inops
1898 838 2063 892 Itami-

497 952 619 991 num
644 950 802 1006 genus
843 933 1032 1002 eripiat
1058 930 1121 985 de
1152 947 1309 985 manu
1343 931 1621 1001 fortiorum
1664 930 1814 1001 ejus;
1867 941 1914 985 et
1946 948 2061 1001 ege-

498 1046 644 1092 num,
674 1037 724 1081 et
776 1038 1052 1093 pauperem
1078 1041 1111 1078 a
1152 1021 1519 1092 diripientibus
1559 1039 1674 1076 eum
1709 1021 1774 1077 ”.
1808 1019 2061 1093 [Benedi-

503 1130 616 1174 ctus
641 1118 730 1189 qui
758 1116 893 1171 venit
915 1118 967 1170 in
992 1115 1194 1169 nomine
1227 1113 1476 1167 Domini:
1499 1113 1681 1167 vinum
1711 1120 1765 1168 et
1794 1114 1973 1168 oleum
2008 1111 2058 1166 ei

502 1213 785 1267 inl‘usurus
814 1208 907 1280 qui
938 1208 1201 1263 inciderat
1231 1208 1283 1260 in
1320 1207 1557 1260 latrones
1581 1204 1649 1270 ⁸⁸⁵,
1681 1213 1734 1259 et
1766 1203 1938 1259 fuerat
1973 1204 2063 1259 de-

2165 392 2483 464 ταγωγῆσαι
2542 394 2667 457 τοὺς
2718 395 2777 447 ἐν
2830 396 3009 449 σκότει
3030 415 3046 429 ο
3101 396 3420 468 καταργῆσαι
3468 399 3660 455 εἰδώλων

2167 481 2409 554 ἀπάτηνο
2457 483 2767 549 ἁντεισάξαι
2808 484 3131 552 θεογνωσίαν
3166 488 3442 558 σωτήρων·
3475 489 3664 557 ἁγιάσαι

2168 574 2399 644 κόσμον·
2440 576 2706 630 ἀπελάσαι
2740 577 2803 631 τὸ
2850 579 3016 646 μύσος
3057 578 3147 631 καὶ
3182 578 3336 647 ἄλγος
3361 578 3429 650 (2)
3460 580 3546 650 τῆς
3574 583 3663 635 τῶν

2170 670 2411 740 ματαίων
2441 669 2576 723 θεῶν
2596 670 2902 742 θεραπείαςε
2923 670 3329 740 Εὐλογημένος
3346 673 3375 724 ό
3394 672 3667 740 ἐρχόμενος

2165 760 2236 813 ἐν
2278 761 2519 829 ὀνόματι
2559 761 2777 827 Κυρίου
2796 776 2808 788 '
2858 756 2937 823 εἷς
2964 748 3103 831 ὑπὲρ
3145 759 3366 824 πολλῶν,
3407 762 3669 829 ῥύσασθαι

2166 849 2403 919 πτωχὸν
2428 853 2599 921 γένος
2625 850 2965 919 ἀνθρώπων,
3007 851 3075 904 ἐκ
3104 850 3294 919 χειρὸς
3320 850 3672 919 στερεωτέρων

2164 940 2370 1004 αὐτοῦ,
2402 930 2499 993 καί
2529 941 2764 1009 πτωχὸν
2789 942 2886 994 καί
2919 938 3142 1007 πένητα
3182 938 3298 993 ἀπὸ
3338 938 3449 992 τῶν
3468 939 3674 1009 διαρπα-

2166 1028 2382 1091 ζόντων
2404 1034 2608 1086 αὐτόν.
2628 1030 3068 1104 [Εὐλογημένος
3089 1033 3121 1084 ό
3146 1030 3454 1099 ἐρχόμενος
3475 1031 3537 1085 ἐν
3563 1033 3674 1086 όνό-

2158 1138 2299 1191 ματι
2335 1122 2553 1189 Κιφίου
2572 1138 2583 1149 ·
2614 1122 2824 1191 ὲπιχέαι
2854 1118 2991 1174 οἶνον
3020 1120 3112 1174 καὶ
3145 1119 3288 1172 ἔλεον
3306 1120 3394 1172 ἐπὶ
3414 1120 3499 1173 τὸν
3531 1122 3676 1191 ἐμπε-

2166 1206 2325 1264 σόντα
2357 1213 2436 1273 είς
2462 1210 2584 1274 τοὺς
2609 1209 2809 1281 λῃστὰς
2837 1210 2929 1263 καὶ
2958 1207 3422 1280 παρεωραμένον.]
3450 1211 3679 1279 Eiidem-

497 1303 764 1377 spectus.]
795 1301 1103 1357 Benedictus
1125 1300 1215 1371 qui
1240 1299 1373 1354 venit
1406 1300 1457 1353 in
1482 1299 1688 1352 nomine
1718 1296 1970 1351 Domini:
2000 1306 2057 1350 ut

2162 1302 2341 1370 μένος
2389 1304 2420 1355 ό
2468 1301 2787 1371 ἐρχόμενος
2827 1301 2896 1354 ἐν
2945 1295 3189 1369 ὀνόματι
3239 1300 3452 1367 Κυρίου
3474 1316 3487 1331 ο
3538 1299 3682 1354 σῶσαι

496 1412 598 1451 nos
627 1396 741 1464 ipse
780 1409 876 1465 per
907 1408 966 1448 se
1017 1392 1194 1459 ipsum
1241 1392 1432 1453 sali-et,
1500 1387 1953 1460 quemadmodum
1985 1388 2057 1441 ait

2164 1393 2308 1463 ἡμᾶς
2331 1392 2397 1446 δι’
2425 1392 2637 1457 ἑαυτοῦ,
2657 1392 2730 1456 ὥς
2754 1409 2914 1462 φησιν
2935 1394 2963 1446 ό
2988 1390 3270 1463 προφήτης
3290 1404 3302 1419 ⁸
3330 1392 3407 1444 Οὺ
3432 1382 3680 1457 πρέσϐυς,

497 1487 759 1559 propheta
786 1506 798 1539 :
835 1482 957 1537 Non
991 1483 1215 1553 legatus,
1239 1499 1397 1552 neque
1416 1483 1664 1552 angelus;
1685 1478 1775 1535 sed
1806 1479 2056 1534 Dominus

2162 1481 2303 1535 οὐδὲ
2334 1481 2613 1552 ἄγγελοςο
2641 1483 2777 1537 ἀλλ’
2803 1483 2982 1550 αὐτὸς
3004 1478 3035 1535 ό
3059 1476 3273 1551 Κύριος
3293 1482 3515 1535 ἔσωσεν
3533 1479 3679 1551 ἡμᾶς.

498 1576 718 1631 salvarit
753 1592 846 1629 nos
892 1575 959 1629 “.
990 1574 1281 1643 Propterea
1314 1584 1368 1628 et
1414 1572 1516 1643 ipsi
1539 1571 1909 1628 benediciqus
1936 1571 2054 1636 tibi,

2162 1574 2258 1627 Διὰ
2288 1572 2443 1627 τοῦτο
2482 1574 2574 1627 καὶ
2602 1575 2764 1645 ἡμεῖς
2804 1564 3129 1645 εὐλογοῦμεν
3164 1591 3244 1638 σε,
3279 1570 3443 1646 Κύριε
3462 1590 3474 1604 ·
3502 1563 3581 1627 τὸν
3603 1574 3683 1626 σὺν

494 1667 741 1730 Domine,
766 1666 859 1736 qui
892 1682 1015 1720 cum
1063 1665 1221 1719 Patre
1245 1672 1299 1719 et
1355 1664 1560 1734 Spiritu
1593 1671 1782 1720 sancto
1834 1663 2055 1718 benedi-

2162 1664 2329 1736 Πατρὶ
2352 1665 2445 1718 καὶ
2471 1665 2610 1736 ἁγίῳ
2632 1665 2907 1737 Πνεύματι
2934 1656 3036 1737 πρὸ
3071 1665 3283 1719 αἰώνων
3307 1662 3399 1718 καὶ
3421 1666 3494 1727 είς
3516 1664 3685 1726 αἰῶνας

494 1768 617 1813 ctus
645 1773 704 1812 es
726 1766 850 1813 ante
882 1756 1080 1813 stecula
1109 1764 1162 1812 et
1206 1756 1261 1810 in
1296 1756 1493 1810 sarcula
1537 1755 1856 1811 smculorunt
1896 1763 2055 1808 :ante

2162 1756 2364 1811 αἰώνων
2399 1758 2785 1828 εὐλογημένον·
2820 1750 2924 1829 πρὸ
2955 1757 3051 1829 μὲν
3084 1756 3197 1811 τῶν
3221 1757 3425 1810 αἰώνων
3446 1757 3685 1828 καὶμέχρι

492 1850 690 1906 saecula
722 1849 959 1920 quidem,
1019 1854 1072 1902 et
1102 1864 1273 1918 usque
1314 1847 1476 1904 modo
1528 1862 1755 1919 corpore
1803 1861 2004 1900 vacans
2037 1863 2049 1898 :

2162 1846 2253 1920 τῆς
2266 1849 2423 1922 δεῦρο
2444 1850 2728 1920 ἀσώματον
2746 1868 2759 1880 ⁸
2784 1850 2850 1904 τὰ
2866 1848 2959 1904 νῦν
2980 1849 3037 1904 δὲ
3059 1850 3157 1904 καὶ
3173 1851 3251 1913 είς
3265 1850 3459 1913 αἰῶνας
3475 1852 3594 1920 μετὰ
3605 1851 3686 1921 τῆς

492 1958 637 1996 nunc
668 1949 846 1996 autem
871 1951 924 1995 et
953 1940 1008 1993 in
1042 1940 1260 2004 saecula,
1292 1953 1416 1993 cum
1452 1938 1635 1992 divina
1661 1946 1753 1992 tua
1771 1945 1825 1992 et
1855 1938 2054 1992 immu-

2162 1941 2302 2005 θείας
2324 1942 2415 1996 καί¹
2444 1940 2775 2013 ἁμεταὸόλου
2802 1944 2896 1997 καί
2927 1941 3227 2014 ἀμερίστου
3270 1958 3359 1995 σου
3383 1939 3681 2013 σαρκώσεως.

492 2033 728 2087 tahiliter
759 2031 1096 2101 indiviseque
1118 2036 1396 2100 assumpta
1421 2029 1778 2084 humanitate.

562 2121 672 2176 V’ll.
714 2121 1004 2177 Videamus
1032 2121 1193 2176 etiam
1229 2122 1528 2192 sequentia.
1568 2120 1708 2187 Quid
1736 2122 1811 2175 ait
1838 2120 2054 2176 divinus

2220 2117 2291 2176 Z'.
2319 2121 2546 2192 Ἴδωμεν
2573 2120 2667 2174 καὶ
2692 2118 2760 2173 τὰ
2784 2118 2927 2189 ἑξῆς.
2955 2117 3019 2169 Τί
3044 2116 3201 2185 λέγει
3228 2115 3256 2167 ὁ
3285 2114 3539 2177 θειότατος
3559 2114 3685 2178 εὐαγ-

490 2215 849 2286 evangelista?
870 2209 1000 2266 Cum
1047 2213 1190 2267 enim
1237 2212 1486 2268 Dominus
1544 2214 1791 2269 intrasset
1835 2215 1890 2267 in
1925 2223 2056 2267 tem-

2162 2211 2438 2283 γελιστής;
2492 2211 2890 2277 Εἰσελθόντος
2935 2209 3043 2279 γὰρ
3093 2208 3210 2262 τοῦ
3253 2207 3464 2275 Κυρίου
3513 2206 3589 2269 εὶς
3630 2203 3683 2255 τὸ

492 2310 660 2377 plum,
685 2313 1012 2360 accesserunt
1045 2302 1113 2357 ad
1167 2321 1283 2357 eum
1314 2304 1494 2359 claudi
1520 2315 1570 2359 et
1601 2306 1746 2370 ca'ci,
1770 2316 1820 2359 et
1849 2307 2053 2360 sanauit

2162 2302 2333 2369 ἱερὸν,
2368 2300 2716 2371 προσῆλθον
2761 2299 2920 2366 αὐτῷ
2971 2300 3161 2369 χωλοὶ
3215 2297 3314 2353 καὶ
3358 2293 3574 2364 τυφλοὶ,
3604 2291 3684 2346 καί

487 2412 597 2452 eos.
641 2395 880 2449 Videntes
903 2404 1077 2448 autem
1103 2396 1359 2463 principes
1372 2396 1697 2450 sacerdotum
1716 2405 1764 2450 et
1789 2394 2050 2451 Pharisaei

2162 2390 2554 2460 ἐθεράπευσεν
2587 2393 2825 2457 αὐτούς.
2869 2389 3113 2456 Ἰδόντες
3149 2387 3216 2442 δέ
3235 2385 3512 2458 ἀρχιερεῖς
3534 2385 3616 2438 καί
3643 2386 3686 2437 oi

492 2486 763 2542 mirabilia
783 2503 900 2557 qua:
930 2487 1070 2556 fecit,
1101 2496 1151 2540 et
1175 2501 1361 2556 pueros
1388 2485 1696 2548 clamantes,
1722 2494 1768 2539 et
1786 2486 2011 2539 dicentes
2037 2499 2055 2538 .'

2162 2484 2458 2552 Φαρισαῖοι
2483 2484 2556 2538 τὰ
2582 2467 2880 2554 θαυμάσια
2904 2483 2940 2536 d
2972 2483 3254 2551 ἐποίησε,
3290 2479 3385 2534 καὶ
3416 2479 3546 2544 τοὺς
3577 2473 3685 2530 παῖ-

491 2579 751 2635 Ilosanna
799 2578 913 2648 ﬁlio
946 2576 1114 2631 David
1156 2593 1174 2630 :
1233 2575 1544 2630 Benedictus
1582 2577 1670 2646 qui
1703 2578 1835 2629 venit
1872 2578 1926 2630 in
1967 2594 2056 2630 no-

2162 2572 2263 2639 δας
2296 2572 2613 2642 κράζοντας
2657 2575 2753 2627 καὶ
2802 2573 3088 2643 λέγοντας
3107 2588 3127 2603 ’
3193 2569 3447 2628 Ὡσαννὰ
3493 2568 3564 2634 τῷ
3599 2564 3690 2630 ulti)

491 2673 629 2725 mine
658 2670 869 2725 Domini
897 2671 965 2734 ⁸⁷,
993 2686 1101 2722 non
1133 2669 1373 2723 tulerunt
1419 2668 1718 2722 exhibitum
1774 2668 2055 2731 honorem,

2162 2664 2336 2719 Δαυτὸ
2354 2685 2367 2698 ·
2394 2667 2811 2736 Εὐλογημένος
2837 2668 2868 2718 ό
2895 2666 3226 2734 ἐρχόμενος
3252 2664 3321 2718 ἐν
3350 2664 3570 2731 ὀνόματι
3591 2663 3687 2713 Ku-

488 2778 662 2832 eoque
692 2764 1029 2823 accedentes,
1085 2760 1160 2813 ita
1188 2759 1441 2813 dixerunt
1482 2779 1495 2813 :
1549 2756 1672 2811 Non
1719 2759 1872 2811 audis
1934 2761 2057 2828 quid

2162 2760 2308 2826 ρίου,
2352 2758 2451 2810 οὐκ
2481 2759 2715 2827 ἦνεγκαν
2755 2756 2851 2827 τὴν
2877 2756 3068 2809 τούτου
3095 2758 3290 2829 τιμήν.
3326 2755 3480 2809 Ὅθεν
3498 2751 3689 2824 προσελ-

488 2857 578 2910 isti
614 2854 835 2909 dicunt?
863 2852 1027 2920 Quasi
1087 2851 1328 2905 dicerent
1360 2871 1371 2905 :
1411 2849 1530 2905 Non
1588 2852 1902 2916 oll‘enderis,
1963 2852 2057 2922 qui

2162 2850 2343 2914 θόντες
2382 2850 2554 2913 οὕτως
2582 2847 2760 2903 εἷτοοψ
2805 2848 2923 2903 Οὐκ
2959 2849 3211 2915 ἀκούεις
3235 2848 3293 2901 τι
3322 2844 3477 2903 οὗτοι
3511 2844 3688 2913 λέγου-

488 2950 636 3004 velut
667 2946 807 3001 Deus
830 2945 1104 3001 lauderis?
1155 2942 1273 2999 Non
1305 2943 1415 3001 fers
1462 2945 1707 3010 moleste,
1744 2946 1835 3015 qui
1866 2945 2057 3001 audias

2162 2957 2295 3007 σιν;
2361 2942 2571 2995 Ὠσανεὶ
2611 2940 2826 3009 ἔλεγον·
2878 2941 2950 2992 Οὐ
3004 2938 3222 3011 βαρΰνῃ
3265 2936 3591 3007 δοξαζόμενος
3628 2932 3690 2995 ὡς

496 2987 636 3004 ...ηη
667 2987 807 3001 νει...
830 2987 1098 3001 ...υυυημ
1156 2987 1273 2999 ην..
1305 2987 1415 3001 .-...
1463 2987 1707 3010 ...νηυη
1745 2987 1835 3015 η...
1866 2987 2057 3001 ...μη-υ

488 3043 558 3097 ab
578 3040 849 3095 innocenti
878 3044 1035 3093 aetate
1061 3052 1180 3107 qua:
1207 3035 1315 3092 Deo
1347 3043 1400 3091 et
1434 3036 1535 3092 soli
1562 3036 1662 3107 ipsi
1684 3037 2056 3091 conveniunt?

2162 2987 2290 3096 ea;
2305 3049 2318 3098 ;
2354 2987 2910 3105 οἰῖἐέοῖὲέᾼσωηῖ
2928 2987 3098 3101 ’πᾶῥᾶ
3118 2987 3506 3082 ’έένίΞίἔὲιᾷ
3529 2987 3588 3077 ei
3625 2987 3689 3092 τςὶ

488 3133 681 3187 Nonne
711 3133 839 3187 olim
870 3131 1107 3202 prodidit
1142 3130 1284 3185 Deus
1307 3145 1405 3201 per
1445 3129 1782 3201 prophetam,
1818 3128 2054 3184 Gloriam

489 3241 655 3280 meum
684 3225 835 3278 alteri
865 3240 965 3277 non
994 3222 1129 3275 dabo
1155 3222 1239 3275 '5?
1267 3221 1330 3275 Et
1357 3221 1448 3293 qui
1482 3232 1559 3286 tu,
1624 3220 1775 3275 homo
1806 3238 1924 3275 cum
1955 3222 2052 3287 sis,

493 3318 629 3387 facis
661 3324 707 3368 te
737 3316 905 3383 ipsum
928 3313 1094 3366 Deum
1117 3313 1161 3344 "
1187 3313 1210 3365 ?
1237 3310 1377 3377 Quid
1411 3328 1538 3367 vero
1579 3312 1646 3366 ad
1676 3314 1788 3367 haec
1818 3313 1907 3368 ille
1935 3314 2057 3366 lono

489 3407 719 3479 ganimis
738 3448 752 3471 ,
781 3408 871 3461 ille
901 3407 1097 3460 utullus
1121 3408 1173 3460 in
1204 3405 1564 3462 misericordia
1591 3407 1660 3473 ’°,
1694 3414 1748 3462 et
1776 3406 1960 3483 tardus
1985 3407 2057 3460 ad

488 3503 627 3555 iram
654 3499 736 3552 "‘t
777 3498 1009 3553 sustinet
1038 3496 1300 3562 furentes,
1352 3496 1669 3553 defensione
1711 3497 1822 3552 iras
1861 3513 2056 3553 accen-

489 3608 581 3648 sas
612 3592 848 3654 cohibet,
904 3589 1217 3661 Scripturas
1266 3605 1331 3644 ex
1366 3588 1592 3645 adverso
1641 3590 1696 3644 in
1735 3593 2053 3646 memoriam

488 3692 729 3749 revocat,
765 3683 919 3738 affert
954 3683 1265 3739 testimonia
1303 3696 1493 3737 eorum
1545 3696 1665 3752 qua:
1696 3693 1930 3754 aguntur
1954 3698 2057 3740 nec

488 3778 670 3832 renuit
720 3777 1056 3847 interrogare
1090 3794 1102 3829 :
1134 3774 1493 3844 Nunquamne
1538 3783 1591 3830 et
1645 3791 1743 3831 vos
1782 3777 2054 3832 dicentem

488 3885 575 3922 me
605 3884 698 3938 per
757 3869 1073 3938 prophetam
1122 3867 1349 3922 audistis
1382 3886 1395 3920 :
1422 3863 1574 3922 Tunc
1600 3869 1784 3924 scietis
1805 3869 1931 3939 quia
1964 3868 2059 3940 qui

489 3959 757 4029 loquebar,
783 3960 892 4029 ipse
923 3958 1110 4012 adsum
1166 3958 1247 4013 "'t
1275 3957 1383 4014 Nec
1415 3973 1543 4013 vero
1570 3960 1766 4015 iterum
1796 3979 1808 4013 :
1858 3958 1943 4013 Ex
1968 3976 2057 4014 ore

488 4051 770 4119 infantium
819 4060 868 4106 et
901 4050 1207 4105 lactentium
1255 4050 1516 4119 perfecisti
1563 4050 1792 4115 laudem,
1845 4061 2055 4121 propter

489 4144 727 4197 inimicos
776 4154 914 4208 tuos,
945 4152 1002 4194 ut
1049 4142 1293 4196 destruas
1340 4143 1611 4197 inimicum
1635 4153 1684 4197 et
1729 4143 1951 4197 ultorem
1971 4144 2061 4197 "1’

490 4234 602 4289 V'os
633 4235 888 4289 nimirum
927 4235 1022 4305 qui
1053 4236 1331 4291 attenditis
1357 4235 1457 4305 legi
1506 4243 1561 4291 et
1609 4236 1901 4306 prophetas
1930 4236 2055 4307 legi-

2158 3126 2307 3196 Θεῷ,
2355 3127 2447 3179 καὶ
2497 3127 2659 3196 μόνῳ,
2688 3125 2994 3196 πρέποντα;
3041 3122 3122 3175 Οὐ
3175 3122 3338 3177 πάλαι
3376 3119 3639 3192 δεδήλωκεν
3665 3116 3693 3169 6

2159 3215 2289 3280 θεὸς
2318 3215 2405 3269 διὰ
2443 3214 2534 3268 τοῦ
2577 3215 2852 3286 προφήτου
2873 3229 2885 3240 ·
2926 3211 3042 3279 Τὴν
3086 3210 3287 3276 δόξαν
3310 3228 3425 3281 μου
3453 3208 3610 3276 ἑτέρῳ
3632 3205 3693 3257 οὐ

2159 3308 2329 3361 δώσω
2352 3323 2370 3371 ;
2396 3308 2488 3359 καὶ
2516 3306 2631 3368 πῶς
2660 3304 2761 3367 σὺ,
2805 3302 3115 3370 ἅνθρωπος
3162 3300 3268 3367 ὢν,
3295 3298 3474 3365 ποιεῖς
3511 3293 3693 3350 ἐαυτὸν

2164 3403 2345 3462 Θεόν;
2384 3398 2545 3451 Ἀλλὰ
2567 3397 2619 3449 τί
2649 3395 2783 3469 πρὸς
2815 3394 2983 3448 ταῦτα
3006 3393 3034 3445 ὁ
3067 3392 3445 3465 μακρόθυμος,
3484 3391 3514 3443 ό
3533 3384 3693 3449 πολὺ(

2159 3492 2230 3545 ἐν
2254 3490 2409 3543 ἐλέει
2444 3490 2537 3541 καὶ
2559 3487 2792 3556 βραδὺς
2830 3489 2917 3552 είς
2960 3484 3199 3554 όργήγ;
3227 3484 3465 3555 ἀνέχεται
3493 3478 3588 3532 τῶν
3616 3489 3693 3547 μευ

2165 3582 2433 3653 μηνότων·
2476 3578 2785 3635 ἀναστέλλει
2836 3580 2902 3648 τῇ
2938 3575 3217 3647 ἀπολογίᾳ
3251 3576 3350 3647 τὴν
3398 3571 3692 3643 φλεγμονὴν

2162 3674 2599 3745 ἁνθυπομνήσκει
2645 3670 2895 3741 Γραφὰς·
2935 3669 3249 3740 προσφέρει
3294 3665 3576 3738 μαρτυρίας
3604 3658 3692 3712 τῶι

2160 3767 2517 3839 τελουμένων.
2551 3763 2644 3818 καὶ
2688 3764 2789 3816 οὐκ
2820 3761 3186 3821 ἀπαναίνεται
3228 3760 3363 3831 πρὸς
3386 3757 3478 3827 τὴν
3516 3751 3693 3806 πεῦσιν.

2161 3861 2251 3914 Διό
2284 3874 2478 3932 φησιν*
2523 3856 2786 3909 Οὐδέποτε
2831 3854 2927 3907 καὶ
2971 3854 3141 3922 ὑμεῖς
3185 3848 3449 3923 ἠκούσατέ
3497 3859 3587 3917 μου
3622 3841 3694 3895 διὰ

2160 3951 2254 4007 τοῦ
2284 3949 2560 4022 προφήτου
2582 3947 2850 4016 λέγοντος·
2874 3944 3007 3997 Τότε
3031 3942 3339 4012 γνώσεσθε,
3361 3942 3438 3995 ὅτι
3455 3943 3485 3993 ό
3502 3933 3693 3997 lli-1515'.

2161 4041 2341 4106 αὐτὸς
2375 4038 2642 4107 πάρειμι;
2675 4036 2782 4090 οὐδ’
2811 4031 2878 4089 αὖ
2921 4034 3109 4087 πάλιν·
3163 4037 3261 4088 Ἐκ
3298 4034 3572 4102 στόματος
3603 4042 3692 4089 νη-

2164 4136 2313 4187 πίων
2340 4131 2439 4186 καὶ
2463 4129 2831 4198 θηλαζόντων
2849 4126 3109 4195 κατηρτιῖ
3119 4140 3211 4181 σω
3232 4123 3406 4183 αἶνον
3422 4124 3577 4178 ἕνεκα
3596 4114 3700 4169 τῶν

2163 4222 2389 4294 ἐχθρῶν
2419 4233 2554 4283 σου,
2590 4218 2696 4272 τοῦ
2733 4216 3065 4272 καταλῦσαι
3105 4216 3332 4285 ἐχθρὸν
3361 4212 3450 4267 καὶ
3491 4204 3691 4267 ἐκδικη-

491 4329 582 4390 tis,
614 4341 808 4396 meque
837 4299 1013 4397 qui-in
1038 4328 1153 4397 lege
1178 4335 1231 4381 et
1269 4299 1547 4397 prophetis
1579 4299 1842 4397 p-rzedicor
1877 4299 2057 4388 "navs-

2163 4315 2310 4383 τήν;
2362 4314 2567 4378 Οἴτινές
2615 4314 2736 4365 ἐστε
2780 4310 2955 4379 ὑμεῖς,
3009 4309 3059 4360 οἱ
3105 4307 3262 4379 νόμῳ
3313 4299 3691 4397 προσανέχωςτις

493 4417 819 4487 ριϊηειηὶιιί.
883 4415 1159 4473 Videmini
1218 4419 1436 4489 quidem
1484 4420 1699 4491 pietatis
1748 4420 1929 4490 specie
1958 4418 2054 4475 Dei

2165 4411 2259 4464 καὶ
2302 4408 2584 4479 προφήτας
2630 4402 3108 4471 ἀναγινώσκοντες,
3154 4400 3306 4471 κάμὲ
3355 4398 3441 4451 τὸν
3483 4395 3532 4444 ὲν
3564 4386 3696 4491 νόρῳ

494 4511 718 4575 gloriam
744 4511 957 4575 ulcisci,
990 4527 1099 4566 non
1133 4511 1491 4582 intelligentes
1524 4513 1648 4581 quia
1676 4513 1763 4583 qui
1793 4530 1872 4566 me
1906 4529 2052 4581 sper-

493 4602 593 4663 nit,
622 4610 669 4654 et
702 4598 916 4654 Patrem
948 4617 1116 4655 meum
1142 4602 1339 4670 spernit
1369 4602 1414 4632 "
1450 4619 1463 4655 :
1498 4600 1608 4672 Ego
1648 4602 1782 4655 exivi
1811 4618 1842 4654 a
1875 4600 1976 4656 Deo
2006 4611 2057 4657 et

494 4694 607 4746 veni
631 4693 683 4745 in
715 4693 963 4746 mundum
989 4692 1069 4759 ⁹⁶;
1108 4707 1333 4762 meaque
1362 4694 1531 4760 gloria
1548 4694 1709 4749 etiam
1741 4694 1920 4749 Patris
1949 4694 2056 4748 mei

492 4795 577 4839 est
631 4785 820 4854 gloria.
864 4782 954 4838 Sic
986 4792 1166 4838 autem
1222 4783 1456 4838 convicti
1518 4786 1668 4840 stulti
1713 4801 1741 4838 a
1774 4785 2055 4839 Salvatore

495 4884 683 4930 nostra
715 4874 822 4931 Deo
849 4874 1125 4931 desierunt
1152 4874 1370 4945 quidem
1395 4876 1789 4941 contradicere,
1826 4876 2054 4932 veritate

496 4980 590 5018 ora
655 4970 973 5021 ohslrucnte
1022 4981 1039 5019 :
1093 4965 1197 5019 alia
1265 4981 1390 5021 vero
1437 4966 1670 5021 dementi
1729 4967 2055 5038 cogitatione

497 5058 687 5121 ascita,
719 5058 1003 5113 consilium
1034 5056 1272 5112 inierunt
1303 5065 1490 5113 contra
1524 5059 1721 5128 ipsum.
1756 5058 1865 5115 Nos
1892 5073 2057 5129 porro

487 5157 786 5225 psallamus
816 5170 829 5206 :
863 5152 1086 5223 Magnus
1114 5152 1368 5206 Dominus
1398 5164 1446 5207 et
1474 5171 1667 5225 magna
1708 5158 1872 5211 virtus
1899 5158 2053 5227 ejus;

565 5270 612 5301 "
644 5268 792 5324 Psal.
826 5284 1012 5331 xxxiv,
1042 5268 1131 5322 10.
1205 5266 1251 5299 ⁸⁸
1280 5266 1406 5323 Luc.
1430 5283 1485 5329 ι,
1516 5266 1603 5322 54.
1678 5267 1724 5299 ⁸⁸
1747 5264 1860 5321 Isa.
1885 5281 2042 5330 LXIII,

2207 5267 2251 5299 ⁸⁷
2286 5264 2480 5321 Matth.
2518 5280 2633 5331 im,
2659 5265 2843 5320 ιι-ισ.

1290 5338 1335 5370 ἰ
1402 5338 1522 5397 Jac.
1579 5337 1731 5403 t,19.
1805 5337 1850 5369 ’³
1882 5337 1996 5392 lsa.
2025 5355 2055 5393 L

2162 5337 2208 5394 li.
2281 5338 2327 5371 "
2356 5335 2508 5393 Psal.
2535 5352 2654 5402 νιιι,
2681 5336 2737 5391 3.
2810 5338 2856 5370 ’⁸
2872 5335 3031 5392 Ιοαιι.
3073 5352 3128 5400 ν,
3154 5338 3247 5392 59.

500 5350 559 5396 x.
589 5340 674 5394 3'5.
752 5339 797 5369 ‘°
853 5339 966 5393 Jeel
1007 5354 1065 5401 II,
1110 5338 1194 5392 l5.

501 5408 591 5461 9.5.
691 5409 738 5440 “
792 5407 951 5463 Joun.
986 5425 1098 5470 XVI,
1134 5407 1222 5463 28.

2159 4502 2253 4558 καὶ
2309 4502 2612 4573 προφήταις
2667 4495 3066 4568 κηρυττόμενον
3115 4489 3462 4550 ἀθετοῦντες.
3510 4481 3695 4573 densita

2163 4596 2259 4667 μὲν
2279 4567 2387 4664 γὰρ
2408 4567 2466 4643 ὲν
2479 4567 2588 4661 ’σχή
2598 4567 2733 4660 ματι
2746 4585 3027 4648 εὐλαϐείας
3048 4582 3342 4637 διεκδικεῖν
3365 4579 3460 4649 τὴν
3478 4567 3696 4667 τοῦ-Θεοῦ

2158 4658 2334 4749 δόξαν,
2358 4658 2442 4753 ’μὴ
2465 4658 2752 4741 συνιέντες,
2786 4679 2976 4747 ὅτιπερ
3007 4678 3040 4729 ό
3063 4671 3172 4743 ἐμὲ
3194 4670 3441 4734 ἀθετῶν,
3491 4663 3581 4719 και
3608 4658 3698 4713 τὸν

2157 4774 2388 4845 Πατέρα
2404 4792 2522 4844 μου
2543 4770 2759 4827 ἀθετεῖ·
2799 4766 2938 4838 Ἐγὼ
2958 4766 3115 4835 παρὰ
3141 4765 3254 4819 τοῦ
3277 4762 3422 4819 θεοῦ
3449 4754 3698 4845 censear.

2159 4869 2256 4923 καὶ
2288 4841 2557 4933 ἐλήλυθα
2588 4866 2675 4929 εις
2697 4862 2804 4916 τὸν
2828 4861 3057 4929 κόσμον
3076 4874 3090 4889 ·
3126 4857 3225 4911 καὶ
3259 4859 3295 4928 ή
3322 4854 3427 4925 ἐμὴ
3456 4849 3591 4915 δόξα,
3619 4841 3697 4899 καὶ

2161 4961 2254 5015 τοῦ
2285 4959 2497 5031 Πατρός
2542 4973 2645 5030 μου
2682 4955 2830 5009 ἐστὶν
2853 4953 2996 5020 δόξα.
3049 4951 3429 5022 Ἑλεγχθέντες
3459 4946 3511 4999 δὲ
3551 4939 3699 4996 οὕτως

2163 5058 2211 5108 οἱ
2245 5055 2460 5125 ἀνόητοι
2506 5055 2611 5108 ὑπὸ
2649 5053 2741 5107 τοῦ
2769 5052 3018 5122 Σωτῆρος
3044 5046 3205 5119 ἡμῶν
3234 5043 3395 5109 Θεοῦ,
3428 5034 3702 5095 ἐπαύσαντο

2168 5148 2269 5220 μὲν
2314 5147 2411 5219 τῆς
2437 5146 2760 5217 ἀντιλογίας,
2799 5142 3132 5215 φιμωθέντες
3158 5142 3229 5211 τῇ
3261 5135 3511 5208 ἀληθείᾳ·
3540 5128 3695 5194 ἕτερον

2947 5265 2993 5298 ⁸⁸
3022 5264 3132 5320 Isa.
3168 5281 3307 5329 XLII,
3340 5264 3393 5321 8.
3469 5261 3514 5295 "
3555 5255 3693 5311 Ιοσιι.

2947 5354 3031 5388 an.
3073 5352 3128 5388 ν.
3154 5338 3247 5388 59.
3354 5338 3400 5368 ⁹⁸
3427 5333 3578 5388 lacn.
3606 5331 3691 5384 XV.

576 5518 1215 5598 t2)_MéJoqx_a_l_d.t_roq.
1244 5521 1527 5598 _(_J_ongrue_
1555 5523 1610 5576 in
1640 5522 1843 5598 cultum
1877 5519 2173 5594 idolorum;
2196 5541 2323 5584 vere
2341 5531 2485 5584 enim
2507 5535 2796 5598 utrumque
2822 5525 2986 5583 habet
3017 5543 3031 5581 :
3062 5538 3239 5595 eoque
3265 5524 3580 5581 immensum
3611 5510 3693 5568 bo.

504 5592 777 5657 uelit-ium,
799 5593 942 5661 quod
964 5593 1213 5648 Christus
1243 5594 1333 5648 illo
1364 5592 1623 5648 mundum
1645 5592 1896 5647 ahsolvnt.
