3906 6194
470 244 576 303 ’599

1455 236 1514 292 S.
1558 233 1889 289 METllODll
1927 232 2233 288 EPlSCOl’l
2273 232 2359 287 ΕΤ
2400 231 2760 288 MARTYRIS
3557 235 3645 289 400

474 361 763 414 alienatum
795 358 1044 429 perdidit,
1077 372 1172 427 per
1200 355 1341 410 idem
1378 353 1633 408 ineffabili
1673 360 1789 407 arte
1825 353 2039 421 sapien-

2146 370 2228 416 τος
2258 353 2317 405 τὸ
2340 352 2551 421 λογικὸν
2585 352 2735 420 γένος
2765 351 2857 421 τῆς
2882 348 2972 402 τοῦ
3002 347 3151 412 δντος
3180 348 3648 420 ἀπαλλοτριῶσανττς

472 451 560 503 tite
583 446 764 504 Verbo
788 456 1065 517 suscepto,
1101 446 1349 502 exitiales
1373 445 1557 500 hostes
1591 460 1712 499 esse
1745 459 2032 515 argueren-

473 549 581 603 tur,
617 556 726 594 non
762 538 1137 595 benefactores
1168 537 1494 591 animarum.

541 723 659 778 Non
693 721 836 778 enim
870 720 1068 775 mirum
1105 718 1318 781 fuisset,
1356 716 1637 772 Christum
1672 714 1893 772 deitatis
1924 721 2038 768 ter-

471 830 616 877 rore,
640 822 694 870 ct
728 813 946 868 invicta:
976 811 1230 883 potentia}
1280 808 1654 879 magnitudine
1698 806 2040 861 adversarias

471 907 758 964 debilitare
794 914 1020 959 naturas
1054 903 1383 958 dmmonum.
1416 900 1683 967 Quoniam
1708 914 1836 969 ergo
1860 913 1923 952 ea
1950 911 2041 951 res

476 1000 740 1070 majorem
785 997 1027 1052 dolorem
1072 1005 1127 1051 et
1173 994 1474 1049 cruciatum
1536 990 1615 1046 eis
1669 990 1900 1044 allatura
1924 996 2042 1043 erat

474 1091 639 1159 (vinci
666 1091 810 1147 enim
847 1105 875 1144 a
909 1088 1291 1161 praestantiore
1325 1083 1693 1155 maluissent),
1722 1082 1929 1137 idcirco
1948 1094 2043 1150 per

472 1184 747 1240 hominem
786 1182 1014 1238 salutem
1047 1180 1427 1235 universorum
1458 1176 1771 1248 procuravit
1803 1194 1816 1228 :
1851 1180 1910 1227 ut
1942 1172 2040 1225 ho-

471 1276 647 1330 mines
677 1273 918 1344 quidem,
949 1270 1039 1326 ubi
1068 1268 1192 1324 Vita
1228 1269 1342 1339 ipsa
1366 1275 1417 1322 et
1439 1266 1654 1323 Veritas
1687 1263 2044 1335 corporaliter

473 1368 529 1421 in
572 1382 668 1422 eos
705 1363 1093 1434 immigrasset,
1148 1360 1214 1415 ad
1274 1359 1503 1414 formam
1555 1358 1844 1425 lumenque
1877 1352 2039 1409 Verbi

474 1472 757 1513 recurrere
806 1456 1081 1517 valerent,
1136 1451 1407 1522 superatis
1456 1447 1666 1519 peccati
1721 1443 2038 1501 illecebris:

476 1551 750 1604 daemones
797 1562 925 1602 vero
973 1547 1041 1601 ab
1090 1543 1389 1599 infirmiore
1425 1547 1844 1610 contemptoque
1885 1535 2037 1599 victi,

473 1642 797 1699 desisterent
843 1639 910 1693 ab
959 1637 1187 1693 audacia
1239 1642 1293 1691 et
1339 1633 1693 1695 confidentia,
1725 1627 2041 1702 Typhonica

2143 446 2277 498 Θεοῦ
2330 444 2623 516 θρησκείας
2670 443 3024 515 ἐλυμήναντο,
3074 440 3165 495 διὰ
3209 440 3381 494 τούτου
3429 442 3649 513 ἀρρήτοις

2139 537 2354 607 τέχναις
2407 536 2596 605 σοφίας
2653 533 2745 587 τδν
2804 533 2957 602 λόγον
3015 534 3387 605 χωρήσαντος,
3433 533 3650 604 ὀλετῆρες

2141 628 2487 700 ἐλεγχθῶσιν,
2516 628 2631 681 ἀλλ’
2662 628 2763 680 οὐκ
2794 626 3075 698 εὐεργέται
3109 624 3216 677 τῶν
3246 623 3435 694 ψυχῶν.

2211 724 2326 775 Οὐκ
2352 718 2419 793 ῆν
2465 722 2562 791 μὲν
2604 716 2697 772 οὖν
2728 719 2879 772 οὐδὲν
2909 717 3213 788 θαυμαστὸν
3243 715 3316 787 τῷ
3341 715 3652 788 Χριστῷ,πῦ

2141 814 2276 868 Θεοῦ
2297 810 2633 884 καταπλήξει
2655 811 2746 865 καὶ
2768 810 3047 880 δυνάμεως
3068 808 3326 879 ἀτρέπτου
3358 805 3553 878 μεγέθει
3572 805 3652 870 τὰς

2142 908 2519 972 ἀντιστατικάς
2555 906 2870 978 ἀμυδρῶσαι
2890 904 3075 973 φύσεις
3100 902 3205 955 τῶν
3230 900 3498 973 δαιμόνων.
3536 898 3654 953 Ἀλλ’

2142 1003 2329 1075 ἐπειδὴ
2377 999 2541 1074 αὖχος
2592 1001 2767 1055 αὐτῶν
2816 998 2879 1070 δὴ
2926 998 3020 1051 καὶ
3073 993 3399 1065 σφαδαῖσμδν
3427 993 3493 1064 (4)
3522 992 3657 1046 τοῦτο

2143 1097 2478 1167 προσέφερεν
2521 1093 2824 1164 (νικηθῆναι
2855 1089 2962 1162 γὰρ
2994 1088 3099 1142 ὑπὸ
3120 1086 3213 1142 τοῦ
3241 1088 3522 1159 κρείττονος
3546 1088 3655 1157 μᾶλ-

2141 1191 2232 1243 λον
2261 1188 2325 1244 ἂν
2351 1187 2611 1249 εἴλοιὶτοΥ
2647 1184 2732 1240 διὰ
2755 1181 2911 1238 τοῦτο
2940 1183 3005 1236 δι’
3034 1180 3315 1254 ἀνθρώπου
3341 1180 3433 1251 τὴν
3462 1180 3545 1232 ἐπὶ
3571 1196 3656 1232 σω·

2141 1277 2335 1348 τηρίαν
2365 1275 2580 1329 πάντων
2611 1273 2993 1345 ᾠκονομήσατο
3029 1269 3250 1325 ἔκϐασιν
3272 1286 3287 1301 ο
3313 1271 3453 1333 ὅπως
3487 1269 3533 1321 οἱ
3559 1268 3660 1339 μὲν,

2142 1369 2240 1440 τῆς
2257 1368 2411 1439 Ζωῆς
2435 1368 2615 1430 αὐτοῖς
2640 1365 2809 1436 αὐτῆς
2836 1357 3289 1436 σωματικῶς,τῆς
3302 1357 3392 1411 καὶ
3416 1358 3660 1431 ’Δληθείας

2144 1460 2509 1531 ἐνσκηψάσης,
2534 1459 2583 1511 οἱ
2606 1458 2879 1529 ἄνθρωποι
2906 1455 3042 1529 πρὸς
3070 1454 3346 1527 μόρφωσιν
3372 1451 3664 1523 ἀναδραμεῖν

2142 1554 2237 1607 καὶ
2265 1552 2356 1605 τὸν
2383 1550 2658 1621 φωτισμὸν
2674 1549 2966 1620 ἐπίσχωσιν
2988 1546 3081 1600 τοῦ
3105 1546 3304 1614 Λόγου,
3325 1544 3394 1597 τὰ
3412 1543 3503 1614 τῆς
3522 1544 3665 1614 ἁμαρ

2142 1644 2263 1706 τίας
2296 1640 2627 1712 ὑπερϐάντες
2673 1638 2978 1709 θέλγητρα’
3005 1637 3054 1689 οἱ
3097 1634 3160 1689 δὲ
3188 1634 3323 1706 πρὸς
3360 1631 3446 1688 τοῦ
3480 1632 3667 1686 ἀσθενε-

476 1736 716 1805 ipsorum
740 1732 956 1788 flamma
978 1745 1247 1802 repressa.
1279 1725 1405 1783 Ideo
1434 1740 1671 1795 namque
1700 1722 1934 1777 maxime
1955 1719 2037 1773 in~

2146 1733 2331 1805 στέρου
2358 1729 2669 1800 νικηθέντες
2694 1730 2789 1782 καὶ
2814 1725 3355 1798 καταπεφρονημένοι
3375 1725 3423 1776 οί
3447 1722 3666 1792 δαίμονες

476 1826 729 1881 troducta
772 1832 857 1879 est
889 1838 1049 1889 crux,
1082 1832 1339 1891 tanquam
1385 1828 1647 1889 tropaeum
1694 1824 1885 1870 contra
1937 1810 2040 1865 ini-

475 1923 739 1993 quitatem
772 1927 1035 1983 erectum,
1080 1924 1133 1971 et
1166 1912 1693 1972 terriculamentum,
1736 1913 1798 1960 ut
1842 1902 2042 1958 abhinc

474 2015 569 2069 ira:
596 2011 865 2068 obnoxius
894 2025 961 2065 ne
1000 2013 1148 2063 esset
1190 2006 1374 2068 homo,
1406 2007 1695 2073 postquam
1736 1995 1945 2051 cladem
1974 2009 2038 2049 ex

477 2103 840 2161 inobedientia
885 2107 1164 2171 acceptam
1216 2098 1645 2167 compensasset,
1693 2087 2042 2156 infernasque

476 2204 773 2270 potestates
818 2194 1059 2265 legitime
1116 2190 1379 2256 vicisset,
1441 2201 1505 2241 ac
1552 2183 1646 2239 Dei
1697 2196 1921 2237 munere
1972 2178 2044 2233 ab

477 2290 625 2346 omni
664 2289 848 2345 debito
879 2285 1076 2342 fuisset
1111 2284 1395 2339 liberatus.
1433 2277 1510 2333 Ita
1534 2276 1801 2347 siquidem
1833 2274 2041 2344 primo-

477 2383 715 2455 genitum
748 2378 843 2435 Dei
877 2376 1116 2432 Verbum
1148 2373 1345 2429 muniit
1376 2370 1542 2425 armis
1593 2367 1822 2439 iustitiae
1867 2364 2044 2418 homi-

478 2454 623 2538 nem,
658 2471 715 2524 in
766 2483 876 2539 quo
930 2464 1236 2529 habitavit;
1271 2459 1632 2533 potestatibus
1680 2472 1800 2527 quae
1854 2470 1954 2509 nos
1985 2454 2043 2508 in

478 2564 794 2619 servitutem
824 2559 1168 2628 redegerant,
1210 2569 1307 2625 per
1339 2552 1523 2607 crucis
1563 2551 1813 2620 liguram,
1855 2546 1933 2600 uti
1958 2545 2043 2598 di-

479 2662 625 2708 ctum
651 2657 756 2714 est,
785 2646 1059 2717 superatis
1084 2663 1099 2711 ;
1137 2642 1523 2710 hominemque
1551 2638 1924 2708 corruptione,
1942 2649 2042 2689 ceu

479 2740 764 2816 tyrannide
782 2738 1014 2811 quadam
1045 2748 1387 2806 oppressum,
1406 2732 1600 2788 solutis
1628 2731 1882 2785 manibus
1908 2728 2045 2782 libe-

478 2833 640 2889 ravit.

551 3019 645 3073 Est
685 3015 831 3071 enim
886 3027 1042 3077 crux,
1082 3010 1128 3065 si
1172 3022 1292 3064 eam
1337 3004 1562 3062 definire
1603 3002 1759 3066 velis,
1804 3000 2047 3055 victoria

2140 1826 2339 1897 λήξωσι
2368 1818 2463 1876 τοῦ
2495 1822 2750 1900 θράσους,
2778 1820 2880 1890 τῆς
2916 1820 3057 1873 κατά
3086 1819 3182 1873 τὸν
3210 1816 3434 1887 Τυφῶνα
3460 1814 3668 1875 δεθέντες

2141 1917 2466 1989 φλεγμονῆς.
2512 1914 2610 1968 Διά
2653 1911 2811 1967 τοῦτο
2859 1913 2967 1983 γὰρ
3005 1910 3243 1982 μάλιστα
3286 1906 3501 1980 εἰσήχθη
3528 1905 3610 1959 καὶ
3644 1906 3669 1958 ὁ

2143 2008 2392 2080 σταυρὸς,
2436 2007 2690 2079 τρόπαιον
2734 2004 2876 2059 κατά
2903 2004 3001 2075 τῆς
3044 2002 3260 2065 ἀδικίας
3288 2001 3379 2055 καὶ
3413 1998 3670 2069 ἐκπληγμα

2139 2097 2333 2161 τεθεὶς,
2372 2096 2513 2151 ὥστε
2559 2095 2753 2167 μηκέτι
2779 2097 2847 2166 τῇ
2876 2094 3013 2164 ὀργῇ
3042 2091 3344 2145 ὑπεύθυνον
3381 2085 3509 2143 εἶναι
3530 2089 3671 2143 ἀπεν-

2139 2191 2326 2248 τεῦθεν
2370 2190 2462 2243 τὸν
2506 2189 2808 2259 ἄνθρωπον,
2854 2186 3300 2241 ἀναπαλαίσαντα
3349 2183 3442 2255 μὲν
3465 2182 3519 2235 τὸ
3553 2179 3673 2235 κατὰ

2140 2286 2239 2357 τὴν
2272 2282 2553 2355 παρακοὴν
2574 2283 2814 2353 ἥττημα,
2841 2280 3139 2351 νικήσαντα
3171 2279 3227 2332 δέ
3252 2278 3349 2342 τὰς
3375 2278 3514 2331 κάτω
3540 2273 3670 2337 δυνά.-

2146 2393 2265 2447 μεις
2293 2376 2551 2447 ἐννόμως,
2585 2376 2678 2429 καὶ
2704 2372 2985 2444 ἐλεύθερον
3030 2371 3346 2443 ὀφλήματος
3375 2368 3560 2432 παντὸς
3584 2366 3673 2420 δω-

2145 2471 2296 2538 ρεαῖς
2324 2466 2701 2538 ἀναδειχθέντα
2733 2466 2887 2521 Θεοῦ.
2928 2465 3152 2536 Ἐπειδὴ
3186 2464 3327 2518 οὕτω
3355 2480 3415 2533 γε
3442 2464 3469 2516 ό
3494 2458 3672 2531 0:90:16-

2142 2575 2296 2627 γονος
2317 2559 2486 2627 Λόγος
2518 2559 2611 2613 τοῦ
2640 2559 2773 2613 Θεοῦ
2798 2558 3145 2628 δικαιοσύνης
3173 2556 3378 2630 φράξας
3395 2555 3481 2609 τδν
3501 2551 3674 2623 ἄνθρω-

2144 2667 2245 2702 πον
2274 2649 2478 2712 ὅπλοις,
2511 2652 2566 2703 ἐν
2598 2644 2642 2717 ᾧ
2666 2651 2961 2722 ἐσκήνωσε,
2991 2649 3093 2712 τὰς
3123 2647 3527 2717 δουλωσαμένας
3550 2643 3671 2713 ἡμᾶς

2142 2742 2398 2814 δυνάμεις
2427 2741 2835 2812 κατηγωνίσατο
2867 2740 2953 2795 διὰ
2974 2740 3068 2793 τοῦ
3100 2737 3488 2811 σταυροειδοῦς,
3512 2736 3579 2798 ὡς
3606 2732 3671 2785 εί·

2146 2852 2327 2906 ρηταιν
2376 2834 2681 2904 σχήματος,
2733 2834 2823 2887 τὸν
2876 2837 2943 2906 τῇ
2995 2832 3179 2906 φθορᾷ
3231 2826 3677 2899 δεδυναστευμένον

2146 2926 2426 2998 ἄνθρωπον
2458 2925 2632 2991 δείξας
2670 2925 2947 2997 ἐλεύθερον
2980 2927 3174 2997 χερσὶν
3204 2924 3553 2998 ηπλωμέναις.

2220 3019 2374 3071 Ἔστι
2399 3016 2505 3090 γὰρ
2528 3018 2709 3082 τοῦτο,
2738 3020 2787 3071 εί
2815 3017 2921 3090 χρὴ
2948 3016 3245 3089 ὁριπικῶς
3269 3019 3456 3078 εἰπεῖν,
3484 3013 3540 3066 τὸ
3564 3010 3673 3081 σχῆο

483 3114 903 3170 tlrmamentum,
928 3104 1016 3159 via
1045 3117 1150 3172 qua
1176 3100 1317 3155 Deus
1337 3100 1405 3153 ad
1438 3096 1712 3151 hominem
1742 3092 2041 3158 descendit,

2150 3127 2224 3181 μα
2267 3083 2422 3181 νίκης
2453 3083 2774 3182 κραταίωμα
2794 3083 2991 3173 (Θεοῦ-
3010 3108 3243 3173 κάθοδος
3278 3108 3362 3161 ἐπ’
3397 3105 3670 3177 ἄνθρωπον.

483 3213 745 3272 tropaeum
777 3196 1041 3252 adversus
1072 3194 1316 3261 impuros
1340 3188 1586 3260 spiritus,
1619 3184 1870 3254 depulsio
1898 3199 2045 3236 utor-

483 3296 575 3358 tis,
638 3290 1049 3346 fundamentum
1107 3296 1367 3340 ascensus
1425 3278 1493 3333 ad
1540 3291 1727 3333 verum
1773 3275 1938 3340 diem,
1994 3282 2048 3328 et

485 3384 631 3440 scala
670 3377 1045 3436 festinantium
1082 3375 1188 3429 frui
1224 3374 1345 3428 luce
1377 3370 1470 3425 illa
1520 3384 1641 3439 quae
1689 3367 1853 3424 isthic
1893 3374 1976 3421 est
2029 3385 2042 3419 :

485 3476 739 3532 machina
773 3487 869 3544 per
895 3485 1056 3542 quam
1105 3469 1141 3522 ii
1194 3466 1288 3537 qui
1336 3463 1402 3518 ad
1454 3461 1711 3517 Ecclesia:
1756 3459 2046 3515 aedificium

485 3568 722 3641 adaptati
753 3564 1134 3635 sunt,‘_inferne
1162 3558 1356 3632 lapidis
1383 3556 1633 3628 quadrati
1656 3556 1849 3617 instar,
1879 3560 2046 3605 attra-

489 3666 687 3719 buntur
713 3672 952 3720 sursum,
1005 3653 1298 3724 adaptandi
1339 3649 1522 3703 divino
1555 3646 1754 3701 Verbo.
1794 3643 1933 3698 Hinc
1961 3658 2048 3697 re-

484 3769 579 3826 ges
620 3752 795 3808 nostri
830 3749 897 3804 ad
929 3744 1302 3816 dissipandum
1353 3754 1514 3795 omne
1564 3738 1766 3792 malum
1818 3735 2046 3805 ﬁguram

486 3848 669 3905 crucis
708 3842 1091 3900 assumendam
1126 3843 1480 3899 censuerunt,
1529 3841 1582 3887 et
1608 3827 1817 3892 vexilla,
1856 3838 1913 3881 ut
1941 3826 2045 3881 La-

487 3944 604 3996 tino
633 3952 883 3997 sermone
913 3934 1275 4004 appellantur,
1309 3926 1683 3983 confecerunt.
1721 3918 1876 3977 Unde
1897 3935 2047 3974 mare

489 4033 618 4088 huic
645 4030 831 4100 figurae
856 4027 1077 4088 cedens,
1114 4021 1421 4094 navigabile
1464 4035 1523 4075 se
1556 4015 1870 4072 hominibus
1902 4028 2040 4083 pra:-

488 4126 599 4180 bet.
634 4122 898 4178 Universa
931 4118 1097 4180 enim,
1133 4124 1193 4169 ut
1244 4114 1319 4168 ita
1358 4113 1559 4176 dicam,
1601 4115 1849 4165 creatura
1884 4106 2047 4160 liber-

488 4219 618 4274 tatis
644 4232 812 4272 causa
838 4215 944 4269 hoc
974 4212 1131 4282 signo
1166 4207 1422 4277 insignita
1470 4215 1574 4259 est.
1608 4201 1741 4255 Nam
1768 4207 1822 4256 et
1854 4196 2050 4252 volati-

490 4311 562 4363 lia
587 4310 644 4363 in
667 4309 835 4362 altum
867 4302 1213 4361 subvolantia
1237 4298 1418 4353 crucis
1454 4297 1680 4365 figuram
1715 4293 2049 4362 expansione

491 4400 697 4451 alarum
726 4394 1086 4456 adumbrant;
1124 4391 1364 4458 itemque
1404 4386 1566 4440 homo
1590 4383 1844 4454 expansis
1873 4381 2048 4433 mani-

489 4489 592 4542 bus
624 4485 867 4540 eamdem
910 4487 1283 4552 repraesentat.
1332 4477 1485 4532 Unde
1513 4492 1576 4531 ea
1607 4476 1722 4544 ipsa
1753 4473 1919 4543 figura
1943 4487 2049 4541 qua

493 4579 561 4632 ab
590 4575 800 4645 origine
833 4588 957 4627 eum
988 4569 1307 4626 condiderat
1362 4572 1778 4633 ornaveratque,
1829 4560 2049 4616 confor-

494 4675 699 4724 matum
756 4664 1022 4721 Dominus
1079 4661 1270 4717 deitati
1315 4657 1609 4728 copulavit,
1667 4664 1726 4709 ut
1785 4669 2049 4725 organum

493 4764 747 4831 deinceps
775 4766 922 4815 esset
953 4756 1063 4812 Deo
1109 4770 1348 4817 sacrum,
1396 4750 1577 4805 omnis
1622 4747 1974 4803 dissonantia:
2000 4754 2054 4801 et

495 4853 938 4911 inconcinnitatis
951 4864 1165 4919 expers.
1191 4846 1374 4918 Neque
1393 4844 1537 4899 enim
1558 4843 1739 4904 homo,
1764 4850 2050 4911 postquam

496 4947 562 5001 ad
612 4945 707 5000 Dei
738 4947 942 5000 cultum
972 4942 1296 4996 informatus
1324 4944 1427 5000 est,
1467 4943 1521 4991 et
1572 4932 1817 4989 veritatis
1868 4931 2048 4984 incor-

499 5048 714 5110 ruptum
765 5037 932 5094 veluti
985 5043 1205 5090 cantum
1241 5031 1607 5093 concinnavit,
1657 5043 1721 5083 ac
1770 5042 1866 5097 per
1899 5026 2049 5079 illum

500 5130 719 5185 deitatis
750 5128 929 5183 factus
958 5134 1043 5182 est
1071 5140 1262 5195 capax,
1297 5123 1441 5193 ligno
1472 5124 1598 5175 vitae
1631 5116 1817 5173 fidium
1848 5128 1902 5172 et
1929 5132 2054 5171 ner-

499 5243 686 5282 vorum
717 5228 891 5283 instar
921 5224 1232 5294 applicitus,
1269 5220 1336 5274 ad
1366 5217 1768 5274 dissonantiam
1818 5221 1873 5269 ct
1928 5228 2054 5268 cor-

500 5320 800 5386 ruptionem
832 5326 1009 5390 potest
1040 5315 1239 5371 redire.

575 5566 647 5631 Η)
699 5567 981 5631 Λῦχος....
1008 5566 1407 5635 σφαδαῖσμόν.
1433 5562 1613 5629 Forte,
1650 5562 1867 5632 ἀχος....
1906 5576 2037 5629 σφα-

498 5636 717 5701 εασμόν.
747 5636 948 5689 Gut-:19.

2145 3201 2399 3270 τρόπαιον
2446 3201 2585 3254 κατά
2624 3200 2730 3254 τῶν
2762 3198 2962 3253 ὑλικῶν
3004 3200 3371 3271 πνευμάτων,
3421 3193 3672 3260 ἀπαλλαγὴ

2146 3291 2395 3357 θανάτου,
2425 3292 2676 3355 ὑπόθεσις
2701 3291 2885 3345 ἀνόδου
2909 3292 3044 3362 πρὸς
3073 3291 3339 3364 ἀληθινὴν
3362 3288 3576 3360 ἡμέραν,
3597 3279 3678 3336 καὶ

2144 3383 2405 3454 διαϐάθρα
2435 3383 2542 3437 τῶν
2574 3384 2940 3454 ἐπειγομένων
2981 3382 3294 3437 ἀπολαῦσαι
3325 3382 3415 3435 τοῦ
3451 3381 3556 3432 ἐκεῖ
3581 3394 3674 3445 φω-

2144 3475 2234 3540 τός
2253 3495 2265 3508 ·
2307 3475 2518 3547 μηχανὴ
2548 3474 2613 3526 δι’
2639 3470 2707 3546 ἦς
2734 3477 2782 3527 οί
2810 3477 2889 3539 είς
2921 3475 3018 3545 τὴν
3050 3472 3341 3545 οἰκοδομὴν
3373 3466 3676 3525 εὐθετοῦντες

2146 3570 2243 3639 τῆς
2302 3566 2623 3637 Ἔκκλησίας
2671 3564 2911 3618 κάτωθεν
2964 3563 3111 3617 λίθου
3171 3562 3502 3635 τετραγώνου
3545 3557 3673 3625 δίκην

2146 3656 2455 3710 ἁνέλκονται
2500 3652 3024 3724 ἐναρμοσθησόμενοι
3064 3651 3147 3722 τῷ
3198 3652 3326 3723 θείῳ
3364 3651 3528 3720 Λόγῳ.
3575 3646 3674 3697 Ἐν·

2146 3747 2335 3801 τεῦθεν
2374 3748 2423 3800 οἱ
2454 3748 2580 3819 τῇδε
2620 3747 2876 3817 βασιλεῖς,
2921 3748 3102 3818 πάσης
3142 3747 3386 3818 πονηρᾶς
3418 3742 3567 3808 ἕξεως
3597 3734 3675 3791 ἐπὶ

2149 3838 2456 3910 σκεδασμῷ,
2491 3839 2552 3892 τὸ
2589 3839 2928 3910 σταυροειδὲς
2960 3836 3480 3911 παραλαμϐάνεσθαι
3517 3826 3673 3886 αἰσθό-

2151 3949 2298 4004 μενοι
2339 3933 2545 4003 σχῆμα,
2583 3932 2649 3987 τὰ
2682 3933 2988 4004 καλούμενα
3022 3936 3090 4005 τῇ
3136 3933 3414 4006 Ῥωμαϊκῇ
3449 3925 3677 3989 διαλέκτῳ

2146 4022 2416 4096 βήξιιῖλα
2439 4023 2866 4097 ἐμηχανήσαντο.
2886 4023 3319 4081 Ἐνθενεῐκπυσα
3347 4021 3506 4090 τούτῳ
3532 4018 3560 4088 ἡ
3591 4013 3674 4067 θά.

2146 4118 2318 4171 λασσα
2347 4116 2424 4188 τῷ
2459 4119 2714 4188 σχήματι,
2750 4115 2966 4187 πλωτὴν
2992 4116 3190 4186 ἑαυτὴν
3214 4114 3508 4188 ἀνθρώποις
3530 4105 3674 4176 παρέ·

2149 4228 2253 4279 χει·
2290 4210 2424 4279 Ὅλη
2450 4210 2577 4281 γὰρ,
2607 4210 2683 4272 ὡς
2712 4212 2902 4273 εἰπεῖν,
2925 4208 3096 4280 τούτῳ
3124 4210 3159 4280 ἡ
3194 4210 3371 4273 κτίσις
3397 4207 3515 4279 πρὸς
3540 4200 3669 4253 ἐλευ-

2151 4300 2335 4371 θερίαν
2359 4300 2628 4354 ἐνδὲδυται
2659 4300 2736 4371 τῷ
2764 4301 2998 4372 σημείῳ·
3033 4299 3185 4353 τάοτε
3211 4300 3323 4371 γὰρ
3343 4300 3486 4369 δρνεα
3508 4290 3673 4360 ὕψιτῦι·

2152 4391 2344 4445 τοῦντα
2376 4391 2436 4443 τὸ
2465 4390 2796 4461 σταυροειδὲς
2822 4391 2960 4443 κατὰ
2996 4390 3094 4459 τὴν
3121 4389 3348 4444 ἔκτασιν
3378 4387 3475 4442 τῶν
3499 4377 3673 4456 πτερὺα

2152 4500 2262 4551 γων
2303 4483 2482 4554 σχῆμα
2523 4482 2874 4535 αἱνίσσονται’
2909 4481 3066 4543 αὑτός
3111 4498 3173 4534 τε
3213 4484 3243 4535 ὁ
3291 4471 3676 4552 ἄνθρωποςντᾶς

2153 4579 2335 4648 χεῖρας
2388 4576 2643 4639 πετάσας,
2701 4575 2851 4628 οὐδὲν
2898 4572 3023 4627 ἄλλο
3067 4560 3334 4644 ὗπάρχων
3384 4570 3606 4641 φαίνεται
3648 4563 3676 4631 ἢ

2152 4669 2324 4722 τοῦτο.
2364 4667 2524 4722 Ὅθεν
2561 4667 2709 4738 αὑτῴ
2748 4667 2811 4738 δὴ
2841 4665 3031 4736 τούτῳ,
3066 4658 3223 4737 ᾧπερ
3269 4667 3335 4718 ἐκ
3376 4656 3679 4725 κατασκευῆς

2154 4762 2478 4832 κεκόσμητο,
2509 4778 2607 4831 σχη
2617 4761 2976 4831 μετεισάμενος
3001 4760 3160 4812 αὑτὸν
3186 4761 3217 4811 ό
3250 4759 3469 4830 Κύριος,
3496 4753 3678 4819 θεάτητι

2155 4858 2433 4929 ἐκέρασεν,
2477 4857 2561 4909 ἵνα
2594 4855 2818 4928 ὄργανον
2905 4855 3088 4909 λοιπὸν
3110 4853 3207 4907 τοῦ
3238 4852 3373 4907 Θεοῦ
3405 4847 3557 4923 ἱερὸν,
3594 4840 3679 4895 πά-

2157 4964 2254 5019 σης
2294 4947 2647 5019 ἀσυμφωνίας
2689 4963 2749 4999 τε
2792 4945 2883 4998 καὶ
2922 4944 3232 5016 ἀρρυθμίας
3276 4935 3678 5012 ἀπηλλαγμένον.

2157 5042 2290 5096 Οὐδέ
2342 5039 2447 5110 γὰρ
2494 5038 2573 5090 ἐτι
2615 5037 2751 5109 μετὰ
2792 5036 2854 5089 τὸ
2898 5033 3237 5107 ἁρμοσθῆναι
3285 5034 3376 5088 τὸν
3433 5029 3684 5099 ἄνθρωπον

2155 5134 2289 5205 πρὸς
2320 5131 2641 5194 θεοσέϐειαν,
2667 5129 2839 5183 καὶτὸ
2863 5129 2960 5200 τῆς
2982 5127 3237 5200 ἀληθείας
3262 5127 3528 5195 ἀκήρατον
3550 5116 3683 5189 μέλος

2156 5216 2531 5296 ἐνηρμοκέναι,
2547 5222 2612 5275 δι’
2627 5217 2687 5275 οὗ
2701 5222 2796 5293 τὴν
2813 5220 3039 5291 θεότητα
3055 5217 3361 5290 κεχώρηκε,
3374 5214 3450 5288 τῷ
3467 5212 3590 5283 ξύλῳ
3601 5205 3683 5275 τῆς

2161 5317 2305 5386 ζωῆς
2335 5315 2583 5387 καθάπερ
2601 5314 2788 5386 χορδαί
2821 5331 2880 5366 τε
2906 5314 2999 5366 καὶ
3037 5311 3177 5365 τόνοι
3206 5302 3684 5382 προσηρμοσμένοςν

2159 5410 2238 5473 εἰς
2258 5407 2634 5479 ἀσυμμετρίαν
2664 5407 2755 5460 καὶ
2777 5404 2978 5477 φθορὰν
2999 5404 3245 5475 χωρῆσαι
3266 5400 3519 5455 ἀδύνατον
3551 5390 3638 5466 (5)-

2216 5564 2292 5637 (5)
2310 5564 2651 5619 Ἀδύνατον.
2684 5564 2866 5632 Forte,
2906 5562 2969 5618 ἂν
2997 5560 3235 5617 δυνατόν.
3265 5560 3467 5617 Gnsrs.
