3906 6194
242 346 346 408 ι’ξι

1367 352 1651 409 HOMILIA
1687 352 1778 407 DE
1810 350 2040 410 CBUCE
2077 351 2335 407 DOMINI.

3346 352 3452 409 ιος

1391 601 1544 671 Apud
1580 600 2190 671 Gretserum,ibid.,pag.
2221 597 2344 655 405.

244 713 351 772 Τοῦ
368 712 895 797 αὐτοῦ-μεθορίου,
919 715 1067 795 πρός
1087 715 1803 797 τοὺς-ἐπαισχυνομένους
1832 741 1878 797 Α

552 784 651 837 ἐπὶ
685 782 767 849 τῷ
798 785 1033 853 σταυρῷ
1063 786 1170 839 τοῦ
1206 782 1480 855 Χριστοῦ.

304 899 523 954 Οἷονταί
560 916 707 963 τινες
748 900 843 954 καὶ
873 900 965 954 τὸν
996 899 1147 965 Θεὸν,
1181 902 1320 974 πρὸς
1363 902 1424 955 τὸ
1464 902 1562 973 τῆς
1599 901 1803 964 οἰκείας

232 990 528 1054 διαθέσεως
558 992 755 1062 μέτρον
786 989 1055 1057 ίσάζοντες
1081 991 1260 1057 αὐτὸν,
1288 991 1357 1046 τὰ
1375 993 1512 1045 αὐτὰ
1529 996 1641 1054 τοῖς
1669 991 1804 1061 φαύ-

232 1083 342 1146 λοις
373 1082 410 1153 ἢ
448 1084 739 1137 ὲπαινετέα
774 1083 806 1155 ἦ
844 1083 1050 1154 ψεκτέα
1085 1084 1363 1154 ἡγεῖσθαι,
1408 1083 1595 1155 ὥσπερ
1619 1084 1802 1137 κανόνι

231 1176 326 1229 καὶ
364 1174 552 1246 μέτρῳ
586 1176 866 1247 χρώμενον
890 1178 1009 1239 ταῖς
1041 1176 1219 1243 δόξαις
1240 1175 1347 1229 τῶν
1377 1175 1675 1248 ἀνθρώπων
1694 1192 1707 1205 °
1742 1177 1800 1229 οὐ

230 1266 628 1336 συννοήσαντες
650 1305 665 1329 ,
700 1265 789 1319 διὰ
820 1265 917 1337 τὴν
955 1262 1117 1320 οὖσαν
1152 1269 1211 1321 ὲν
1240 1268 1419 1331 αὐτοῖς
1449 1269 1685 1335 ἄγνοιαν,
1723 1268 1803 1321 ὄτι

227 1360 382 1411 πᾶσα
410 1357 676 1429 δήπουθεν
712 1360 745 1429 ἡ
785 1358 961 1422 κτίσις
990 1360 1175 1431 ἐνδεής
1202 1363 1317 1413 ἐστι
1341 1360 1434 1413 τοῦ
1460 1360 1685 1425 κάλλους
1710 1361 1802 1415 τοῦ

227 1445 392 1501 Θεοῦ.
438 1448 611 1511 Αὐτὸς
639 1447 748 1519 γὰρ
792 1446 851 1513 ἐξ
876 1449 1003 1518 ὅλης
1033 1451 1134 1520 τῆς
1166 1451 1345 1521 πάσης
1386 1451 1572 1515 οὐσίας
1606 1469 1663 1505 τε
1711 1451 1804 1505 καὶ

225 1540 450 1609 φύσεως
479 1540 557 1611 τῷ
591 1540 783 1593 ἑαυτοῦ
829 1542 898 1595 τὰ
948 1542 1124 1596 πάντα
1166 1546 1244 1607 εἰς
1285 1545 1344 1597 τὸ
1388 1542 1487 1616 ζῇν
1520 1545 1803 1614 ἐφέλκεται

220 1633 405 1703 Λόγῳ.
433 1633 558 1686 Εἴτε
578 1632 687 1705 γὰρ
710 1635 769 1687 τὸ
796 1633 996 1703 ἀγαθὸν
1025 1634 1185 1696 θέλει,
1215 1636 1373 1701 αὐτὸς
1400 1637 1474 1690 ὢν
1497 1638 1557 1690 τὸ
1584 1638 1800 1707 ἀγαθὸν,

222 1725 283 1777 ὲν
301 1723 488 1795 ἑαυτῷ
511 1724 662 1797 μένει
679 1741 693 1754 ο
720 1725 828 1778 εἴτε
856 1726 917 1779 τὸ
944 1725 1106 1779 καλὸν
1130 1726 1361 1798 ὑπάρχει
1384 1730 1605 1797 ὲραστὸν
1634 1730 1801 1801 αὐτῷ,

224 1817 393 1881 αὐτὸς
426 1816 502 1870 ὢν
536 1817 598 1870 τδ
633 1819 794 1888 μόνον
833 1818 1015 1883 καλὸν,
1053 1821 1132 1883 είς
1165 1820 1352 1873 ἑαυτὸν
1397 1820 1603 1891 βλέπει,
1636 1824 1692 1875 ἐν
1722 1824 1806 1876 οὐ-

222 1909 336 1962 δενῖ⁵
356 1908 429 1963 τὰ
458 1910 597 1982 πρὸς
628 1911 735 1964 τῶν
763 1910 1063 1983 ἀνθρώπων
1090 1911 1476 1983 θαυμαζόμενα
1505 1913 1798 1986 τιθέμενος.

223 2001 533 2056 Κάλλιστον
571 2003 680 2076 γὰρ
728 2006 847 2068 ταῖς
884 2003 1162 2076 ἀληθείαις
1210 2005 1304 2058 καὶ
1347 2007 1628 2061 ἐπαινετὸν
1674 2009 1803 2080 κλη-

2024 712 2274 782 Ejusdem
2294 710 2676 782 Hethodii,_ad
2716 727 2801 765 eos
2832 727 2957 780 quos
2980 708 3135 780 pudet
3160 710 3332 765 crucis

2563 779 2783 836 Christi.

1974 894 2299 950 Existimant
2337 894 2584 950 nonnulli
2628 895 2789 949 etiam
2835 892 3022 963 Deum,
3058 910 3217 965 quem
3247 911 3312 950 ex
3360 909 3460 952 suo

1905 1005 2070 1044 sensu
2105 989 2420 1051 metiuntur,
2456 986 2643 1042 eadem
2688 986 2772 1042 vel
2808 986 3077 1041 laudanda
3118 988 3201 1042 vel
3251 989 3460 1058 vitupe-

1904 1079 2074 1133 randa
2103 1078 2299 1134 ducere
2325 1094 2443 1148 qua:
2468 1078 2593 1132 mali
2626 1077 2912 1147 ignavique
2944 1077 3210 1144 homines,
3243 1094 3351 1133 non
3374 1094 3462 1134 se—

1904 1188 2002 1227 cus
2037 1189 2101 1229 ac
2150 1173 2197 1228 si
2244 1171 2592 1243 opinionibus
2650 1169 2947 1235 hominum,
3005 1184 3104 1224 ceu
3167 1172 3354 1240 regula
3406 1178 3459 1223 et

1905 1281 2159 1324 mensura
2189 1266 2444 1336 quadam,
2494 1268 2758 1317 uteretur.
2795 1261 2977 1333 Neque
3025 1262 3164 1331 apud
3208 1278 3266 1318 se
3297 1278 3458 1332 repu-

1904 1366 2023 1412 tant
2052 1373 2161 1429 prae
2183 1354 2511 1427 ignorantia,
2546 1368 2760 1407 omnem
2794 1353 3004 1408 scilicet
3032 1362 3336 1407 creaturam
3363 1352 3460 1410 Dei

1903 1466 2061 1522 egere
2095 1446 2520 1520 pulchritudine.
2551 1443 2671 1516 Ipse
2712 1445 2855 1499 enim
2885 1444 3067 1500 omnia
3111 1459 3173 1498 ex
3207 1446 3457 1499 universa

1905 1542 2211 1600 substantia
2242 1549 2569 1611 naturaque,
2605 1554 2707 1592 suo
2746 1536 2813 1590 ad
2841 1537 3006 1591 vitam
3042 1536 3208 1591 trahit
3260 1536 3456 1594 Verbo.

1907 1636 2031 1692 Sive
2058 1636 2199 1690 enim
2228 1635 2428 1689 bonum
2460 1632 2609 1699 velit,
2637 1631 2811 1701 ipsum
2842 1632 3045 1686 bonum
3081 1630 3194 1700 ipse
3223 1638 3306 1689 est
3335 1632 3461 1686 etin

1905 1746 1965 1786 se
1996 1736 2210 1796 manet;
2270 1728 2384 1783 sive
2426 1727 2713 1797 pulchrum
2761 1740 2884 1779 esse
2911 1725 2957 1779 ei
2997 1724 3177 1790 libeat,
3235 1724 3455 1779 unicum

1906 1820 2189 1892 pulchrum
2224 1820 2339 1890 ipse
2389 1834 2512 1873 cum
2561 1818 2651 1884 sit,
2682 1831 2741 1871 se
2773 1816 2949 1886 ipsum
2987 1818 3249 1881 intuetur,
3302 1818 3458 1872 nihili

1905 1912 2112 1967 faciens
2134 1928 2254 1981 qua:
2279 1909 2591 1965 hominibus
2623 1907 3034 1962 admirationem
3074 1917 3308 1963 movent.
3327 1908 3458 1963 Pul-

1904 2003 2232 2057 cherrimum
2264 2015 2499 2069 namque
2529 2014 2588 2053 re
2618 2012 2742 2052 vera
2770 2007 2822 2052 et
2873 1998 3142 2054 laudabile
3170 1999 3457 2055 dicendum

216 2092 341 2146 τὲον
369 2093 552 2160 τοῦτο,
575 2095 712 2167 ὅπερ
747 2094 811 2149 ἂν
838 2096 996 2160 αὐτὸς
1026 2098 1295 2169 ἡγήσηται
1323 2096 1455 2161 Θεὸς
1482 2098 1662 2159 καλὸν,
1697 2077 1795 2154 κᾶν

1904 2094 2056 2151 estid
2086 2095 2227 2165 quod
2272 2096 2384 2165 ipse
2406 2093 2547 2148 Deus
2576 2092 2860 2163 pulchrum
2886 2091 3122 2156 duxerit,
3156 2092 3368 2147 etiamsi
3391 2094 3461 2147 ab

222 2170 335 2238 ὑπὸ
378 2186 601 2241 πάντων
641 2185 984 2259 ἔξουθενῆταί
1023 2205 1083 2241 τε
1136 2187 1231 2244 καὶ¹
1281 2188 1637 2262 χλευάζηται,
1684 2191 1796 2245 ἀλλ’

218 2278 320 2347 οὐχ
350 2279 495 2349 ὅπερ
534 2279 584 2332 oi
626 2278 898 2350 ἄνθρωποι
926 2281 1256 2353 νομίζουσιν.
1301 2284 1482 2348 Ὀθεν,
1515 2286 1561 2337 εί
1592 2284 1684 2338 καὶ⁵
1710 2283 1796 2337 διὰ

216 2369 414 2423 τούτου
456 2369 554 2423 τοῦ
596 2372 871 2442 σχήματος
905 2373 1012 2426 τῶν
1044 2373 1399 2447 θυμοφθόρων
1439 2374 1795 2447 ἐλευθερῶσαι

218 2461 320 2523 τὰς
346 2460 534 2532 ψυχὰς
574 2461 763 2515 παθῶν
795 2463 1081 2537 ἐϐουλήθη,
1115 2467 1488 2537 καταισχύνων
1522 2466 1590 2519 τὰ
1617 2465 1795 2537 πλήθη

220 2550 330 2605 τῶν
361 2552 663 2623 δαιμόνων,
701 2555 1055 2627 ἀποδέχεσθαι
1093 2559 1280 2631 ὲχρῆν,
1314 2559 1447 2613 ἀλλὰ
1482 2558 1555 2630 μὴ
1592 2559 1795 2631 δυσφη-

226 2645 370 2712 μεῖν,
418 2643 826 2717 ὲλευθεροποιὸν
868 2648 1001 2701 αὐτὸ
1038 2651 1131 2703 καὶ
1173 2651 1424 2723 λυτήριον
1461 2650 1568 2705 τῶν
1606 2652 1668 2704 ὲκ
1696 2652 1795 2723 τῆς

223 2732 518 2803 παρακοῆς
575 2736 1121 2792 κατασκευασθέντων
1180 2740 1312 2811 ἡμῖν
1365 2725 1577 2813 δεσμῶν
1623 2742 1791 2795 δοθέν.

226 2823 442 2877 Ἔπαθε
471 2823 585 2896 γὰρ
619 2825 782 2895 σαρκὶ
806 2824 883 2897 τῷ
916 2827 1131 2899 σταυρῷ
1168 2831 1504 2901 προσπαγεὶς
1532 2833 1561 2885 ό
1602 2831 1792 2900 Λόγος,

225 2912 310 2967 ἱνα
336 2913 574 2987 ἁπλὼσῃ
615 2916 1119 2990 ἀπονεναρκημένον
1156 2921 1328 2993 πλάνῃ
1374 2922 1464 2975 τὸν
1514 2923 1794 2997 ἄνθρωπον

227 3005 361 3076 πρὸς
384 3004 452 3059 τὸ
476 3005 592 3061 ἄνω
614 3023 673 3059 τε
699 3007 792 3061 καὶ
819 3006 961 3061 θετον
994 3009 1238 3081 μέγεθος,
1267 3011 1344 3082 τῷ
1371 3011 1497 3082 θείῳ
1534 3012 1795 3079 ἐξισώσας

229 3096 328 3165 τῆς
353 3096 500 3168 ζωῆς
525 3098 687 3152 αὐτὸν
708 3094 767 3155 οὗ
793 3101 1026 3173 πρόσθεν
1054 3102 1353 3173 ἀπήλαστο.
1383 3104 1501 3155 Ὀτι
1527 3104 1700 3175 τούτῳ
1726 3106 1795 3158 τὰ

230 3185 373 3261 πάθη
410 3188 496 3260 τῷ
528 3191 766 3261 σχήματι
796 3192 1121 3263 ἧμὸλυνταιο
1164 3194 1333 3257 πάθος
1361 3193 1546 3247 παθῶν
1583 3194 1670 3248 διὰ
1699 3195 1793 3248 τοῦ

223 3281 417 3334 ποεῖν
442 3282 753 3353 γενόμενος,
785 3285 879 3337 καὶ
909 3284 1136 3349 θάνατος
1174 3285 1261 3339 διὰ
1284 3286 1376 3339 τοῦ
1410 3286 1587 3342 θανεῖν
1627 3286 1792 3343 θανά-

1899 2186 2153 2242 omnibus
2202 2194 2583 2241 contemnatur
2636 2198 2699 2238 ac
2752 2181 3083 2252 despiciatur
3133 2202 3145 2236 ε
3194 2199 3301 2238 non
3329 2199 3458 2238 vero

1899 2280 2044 2352 quod
2071 2278 2321 2335 homines
2360 2278 2648 2350 pulchrum
2677 2285 2885 2347 putant.
2924 2275 3075 2332 Unde
3116 2278 3332 2334 tametsi
3363 2293 3459 2347 per

1896 2370 2104 2425 hancce
2138 2367 2363 2439 figuram
2387 2367 2660 2437 corruptis
2686 2366 3067 2422 affectionibus
3087 2367 3320 2422 liberare
3341 2368 3459 2420 ani-

1896 2477 2015 2516 mas
2060 2460 2247 2521 voluit,
2294 2458 2492 2529 insigni
2521 2474 2644 2513 cum
2673 2458 2939 2514 dedecore
2972 2459 3277 2515 daemonum
3316 2481 3331 2516 :
3363 2477 3458 2532 ap-

1896 2552 2131 2624 probare
2178 2550 2491 2620 oportebat,
2548 2562 2657 2602 non
2704 2549 3047 2613 obtrectare,
3100 2551 3297 2621 quippe
3338 2568 3459 2622 quae

1898 2642 2143 2697 liberavit
2168 2657 2230 2697 ac
2261 2640 2483 2695 solverit
2512 2639 2763 2704 vinculis,
2797 2655 2917 2709 quas
2940 2639 3010 2694 ob
3038 2640 3457 2696 inobedientiam

1896 2734 2248 2788 incurrimus.
2280 2730 2512 2786 Passum
2562 2738 2646 2785 est
2676 2730 2821 2785 enim
2859 2728 3117 2794 Verbum,
3176 2743 3339 2783 carne
3370 2728 3456 2781 af-

1898 2824 2062 2879 ﬁxum
2088 2825 2258 2889 cruci,
2299 2832 2358 2877 ut
2385 2823 2656 2878 hominem
2703 2837 2887 2877 errore
2928 2820 3212 2891 deceptum
3245 2819 3312 2874 ad
3344 2835 3459 2875 coe-

1897 2915 2053 2971 lestis
2077 2915 2318 2984 numinis
2345 2913 2653 2985 divinaeque
2683 2913 3097 2985 magnitudinis,
3122 2928 3221 2969 nec
3256 2929 3361 2969 non
3389 2915 3457 2970 ad

1896 3006 2137 3061 divinam
2189 3003 2477 3077 quamdam
2531 3004 2854 3076 perduceret
2909 3006 3093 3070 vitam,
3145 3019 3254 3076 qua
3305 3005 3457 3076 prius

1896 3100 2153 3169 depulsus
2187 3098 2383 3152 fuerat.
2426 3096 2560 3152 Nam
2601 3099 2703 3153 hac
2749 3080 2919 3169 figura
2946 3099 3229 3170 passiones
3261 3105 3458 3154 retusa:

1896 3202 2057 3260 sunt;
2108 3192 2291 3263 passio
2322 3192 2639 3263 passionum
2675 3207 2769 3261 per
2799 3193 3111 3262 passionem
3155 3191 3331 3247 factus
3371 3202 3457 3246 est

1898 3286 2192 3359 (Christus)
2241 3294 2296 3341 et
2344 3301 2492 3340 mors
2527 3286 2720 3341 mortis
2771 3301 2869 3356 per
2903 3294 3154 3353 mortem,
3184 3301 3293 3341 non
3329 3285 3456 3341 sub»

220 3387 339 3426 του·
368 3373 440 3426 οὗ
481 3374 768 3445 χειρωθεὶς
813 3376 916 3430 ὑπὸ
944 3377 1193 3440 θανάτου,
1226 3380 1345 3433 οὐδὲ
1380 3380 1661 3449 ἀλγυνθεὶς
1689 3382 1793 3435 ὑπὸ

1904 3388 2052 3436 actus
2083 3396 2114 3434 a
2150 3389 2342 3443 morte,
2381 3393 2483 3433 nec
2537 3378 2717 3435 victus
2765 3379 2955 3436 dolore
3011 3381 3303 3451 passionis.
3350 3379 3458 3435 Ne—

220 3463 453 3528 πάθους.
497 3463 636 3519 Οὔτε
660 3465 766 3539 γὰρ
792 3468 962 3532 πάθος
983 3468 1118 3533 ὅλως
1141 3470 1301 3524 αὐτὸν
1330 3471 1636 3542 ἐξέστησεν,
1665 3472 1787 3527 οὔτε

1904 3487 2004 3540 que
2031 3471 2175 3527 enim
2200 3472 2381 3541 passio
2411 3470 2587 3541 ipsum
2610 3472 2833 3525 omnino
2866 3472 2932 3527 de
2954 3480 3115 3526 ~statu
3145 3473 3342 3527 mentis
3363 3472 3457 3527 de-

221 3553 455 3620 θάνατος
494 3556 826 3629 ὲλυμήνατο’
862 3559 976 3613 ἀλλ’
1019 3555 1088 3631 ἦν
1122 3561 1179 3614 ἐν
1221 3560 1300 3632 τῷ
1341 3562 1566 3633 παθητῷ
1614 3564 1788 3635 μένων

1904 3563 2045 3633 iecit,
2081 3580 2181 3619 nec
2205 3578 2355 3619 mors
2390 3563 2547 3628 laesit,
2583 3562 2677 3618 sed
2714 3564 2966 3617 manebat
3011 3564 3065 3617 in
3113 3565 3320 3633 patibili
3354 3564 3457 3617 im-

221 3650 465 3723 ἀπαθὴς,
499 3652 593 3705 καὶ
633 3654 691 3705 ὲν
721 3652 799 3723 τῷ
830 3652 1007 3724 θνητῷ
1052 3653 1346 3719 ἀθάνατος·
1382 3657 1488 3709 πᾶν
1519 3656 1642 3709 ὅσον
1684 3657 1791 3728 ἀὴρ

222 3744 309 3797 καὶ
339 3744 520 3816 μέσον
547 3744 643 3797 καὶ
677 3745 786 3798 ἄνω
827 3742 1185 3817 κατειληφὼς,
1221 3748 1312 3800 καὶ
1341 3747 1401 3800 τὸ
1432 3747 1623 3820 θνητὸν
1669 3748 1787 3803 θεό-

220 3850 335 3906 τητι
366 3834 624 3907 κεράσας
654 3836 924 3907 ἀθανάτῳ.
979 3838 1213 3911 Ἠττήοη
1248 3856 1307 3891 τε
1338 3839 1545 3911 τελέως,
1566 3841 1595 3893 ό
1625 3840 1788 3895 θάνα-

219 3938 303 3986 τος
328 3928 418 3989 είς
456 3923 762 3997 ἀφθαρσίας
803 3928 1100 4000 ὲκτύπωμα
1140 3930 1647 4002 ἀνασταυρωθείσης
1688 3931 1789 4002 τῆς

222 4017 447 4089 σαρκός.

1796 4128 1884 4186 Ill.

1898 3655 2161 3726 patibilis,
2186 3661 2241 3710 et
2271 3655 2326 3709 in
2351 3654 2564 3709 mortali
2597 3654 2922 3709 immortalis
2950 3673 2963 3709 :
2996 3667 3048 3710 et
3079 3653 3341 3723 quidquid
3366 3667 3457 3707 aer

1897 3753 1951 3801 et
2002 3747 2261 3810 medium,
2312 3753 2365 3801 et
2418 3761 2675 3815 superum
2728 3755 2865 3813 erat,
2912 3744 3351 3816 comprehendit;
3402 3752 3458 3799 et

1897 3841 2127 3896 mortale
2153 3840 2340 3895 deitati
2393 3841 2819 3910 contemperavit
2862 3839 3176 3895 immortali.
3212 3836 3461 3893 Perfecto

1898 3932 2042 3985 victa
2073 3940 2157 3986 est
2190 3948 2357 3998 mors,
2388 3947 2553 3987 carne
2587 3932 2656 3987 ad
2698 3930 3122 3988 immortalitatis
3148 3929 3459 4000 expressio-

1901 4039 2025 4080 nem
2044 4025 2322 4080 crncifixa.

962 4252 1116 4323 Apud
1138 4254 1397 4308 Allatium
1430 4253 1607 4309 Diatr.
1633 4254 1701 4309 de
1728 4253 2124 4310 Methodiorum
2155 4254 2396 4326 scriptis,
2437 4271 2559 4327 pag.
2596 4256 2722 4310 549.

226 4371 332 4447 Τοῇ
351 4372 556 4447 αὐτοῦ
583 4372 890 4447 Μεθοδίουἐ
941 4372 1073 4442 Πῶς
1092 4377 1132 4447 μό
1173 4374 1279 4430 τοῦ
1305 4374 1453 4430 Θεοῦ
1477 4374 1558 4447 (6)
1598 4375 1729 4441 Υἱὸς
1760 4379 1794 4431 ὀ

285 4444 553 4516 Χριστὸς
580 4443 651 4516 ἐν
669 4444 890 4516 βραχεῖ
910 4460 975 4516 τε
1009 4444 1108 4516 καὶ
1135 4443 1572 4515 περιωρισμένῲ
1598 4448 1795 4516 χρόνῳ

282 4514 647 4580 amolcie
660 4513 883 4583 σώματι
906 4513 1269 4584 ἐκεχώρητω
1297 4513 1393 4571 καὶ
1412 4513 1797 4584 iubearith

283 4585 370 4640 ὢν
396 4584 646 4656 ἐγένετο
670 4585 789 4639 ὑπὸ
818 4584 1048 4652 πάθους
1062 4601 1084 4649 ;

297 4696 528 4768 Ἐπειδὴ
567 4693 676 4767 γὰρ
719 4694 944 4766 δύναμις
991 4695 1139 4766 αὐτῷ
1170 4696 1324 4749 τοῦτο
1364 4692 1465 4768 ἦν’
1516 4697 1794 4770 δυνάμεως

224 4787 329 4860 γὰρ
351 4790 417 4843 τὺ
450 4787 839 4843 συστέλλεσθαι
872 4787 972 4859 μὲν
1005 4790 1064 4841 ὲν
1101 4790 1213 4852 τοῖς
1242 4788 1442 4857 ὀλίγοις
1468 4791 1562 4843 καὶ
1592 4791 1794 4862 βραχύ-

227 4880 429 4941 νεσθαι,
457 4877 672 4950 χεῖσθαι
694 4878 751 4932 δὲ
776 4878 835 4931 ὲν
851 4880 964 4942 τοῖς
985 4878 1240 4949 μεγάλοις
1268 4879 1361 4933 καὶ
1383 4880 1787 4951 μεγεθύνεσθαι.

226 4969 284 5023 Et
307 4971 363 5024 δὲ
389 4971 459 5024 τὸ
493 4968 925 5025 συνεκτείνεσθαι
960 4970 1056 5040 μὲν
1084 4973 1195 5033 τοῖς
1224 4971 1476 5041 μεγάλοις
1500 4973 1592 5027 καὶ
1614 4974 1797 5040 συνεξ-

232 5064 511 5128 ισάζεσθαι
544 5063 768 5118 δυνατὸν
816 5062 982 5133 αὐτῷ,
1012 5063 1072 5117 τὸ
1102 5064 1159 5117 δὲ
1194 5063 1552 5136 βραχύνεσθαι
1583 5068 1641 5121 ὲν
1682 5069 1794 5131 τοῖς

232 5162 442 5229 μικροῖς
470 5158 568 5213 καὶ
596 5157 975 5212 συστέλλεσθαι
1003 5156 1289 5211 ἀδύνατον·
1320 5158 1420 5213 οὐκ
1448 5154 1516 5229 ἦν
1547 5158 1788 5229 δύναμις.

231 5253 467 5323 Δυνάμει
510 5251 618 5324 γὰρ
651 5251 747 5305 ἐὰν
778 5252 895 5306 τόδε
928 5252 1028 5323 μὲν
1055 5252 1275 5306 δυνατὸν
1305 5245 1441 5306 εἷναι
1470 5254 1595 5323 φῂς,
1634 5254 1695 5306 τὸ
1737 5253 1793 5306 δὲ

228 5341 488 5397 ἀδύνατον
507 5359 523 5373 ’
550 5342 648 5396 τοῦ
674 5339 813 5397 εἶναι
833 5343 1000 5415 αὐτὴν
1019 5343 1245 5414 δύναμιν
1270 5344 1604 5415 παραγράφῃ
1631 5344 1805 5397 ἀσθε-.

230 5434 425 5490 νοῦσαν
473 5437 604 5507 περὶ
648 5436 686 5491 ἃ
729 5435 804 5507 μὴ
848 5436 1085 5491 δύναται.
1126 5436 1200 5490 Οὐ
1255 5437 1361 5507 μὴν
1405 5436 1481 5500 δὲ,
1520 5436 1633 5491 ἀλλ’
1673 5437 1793 5489 οὐδὲ

230 5523 511 5596 ὑπεροχήν
531 5542 654 5580 τινα
675 5523 757 5579 ἔτι
787 5523 1034 5597 θεότητος
1064 5523 1175 5592 ἔξει
1207 5523 1342 5596 πρὸς
1367 5525 1436 5579 τὰ
1469 5526 1793 5597 μεταϐαλλό-

296 5698 374 5769 (6)
404 5697 546 5764 Πῶς
571 5701 605 5769 ὀ
636 5699 742 5754 τοῦ
768 5702 831 5754 Θ.
862 5698 1047 5753 Errata
1075 5700 1129 5753 in
1160 5698 1347 5755 Graeco
1396 5698 1582 5754 relicta
1640 5708 1787 5759 sunt,

243 5768 313 5823 uti
356 5777 529 5825 erant
572 5768 626 5824 in
662 5769 851 5826 codice
894 5787 996 5827 ms.
1053 5770 1391 5827 bibliothch
1442 5770 1787 5840 Augustanac,

1899 4375 2176 4460 Ejusdem.
2208 4376 2483 4460 {let/radii.
2513 4376 2797 4460 Quomodo
2840 4375 3304 4460 Christusﬂilius.
3340 4374 3456 4440 Dei,

1971 4448 2108 4501 brevi
2143 4448 2458 4517 deﬁnitaque
2504 4458 2751 4516 tempore,
2793 4463 3007 4518 corpore
3057 4446 3463 4512 circumclus“,

1971 4518 2313 4587 impassibilis
2343 4519 2619 4581 exsistens,
2654 4518 2889 4587 passioni
2913 4518 3072 4588 fuerit
3106 4518 3388 4572 obnoxius.

1969 4700 2105 4756 Cum
2129 4716 2257 4756 vero
2288 4701 2460 4755 virtus
2489 4700 2591 4770 ipsi
2626 4701 2729 4755 hoc
2756 4700 2959 4755 inesset
2991 4719 3003 4755 :
3036 4699 3286 4770 potentia:
3311 4699 3454 4753 enim

1896 4804 2002 4858 est,
2038 4793 2289 4848 contrahi
2325 4793 2540 4863 quidem
2573 4794 2626 4847 in
2657 4792 2846 4862 paucis
2894 4799 2949 4846 et
2998 4792 3267 4854 imminui,
3320 4789 3458 4843 dila-

1896 4885 2000 4939 tari
2030 4900 2161 4940 vero
2192 4885 2247 4939 in
2273 4885 2484 4954 magnis
2516 4892 2569 4939 et
2605 4884 2815 4952 augeri.
2864 4882 3019 4949 Quod
3062 4897 3185 4937 cum
3244 4883 3457 4952 magnis

1900 4992 2008 5033 una
2041 4978 2256 5034 extendi
2288 4977 2667 5047 exmquarique
2709 4974 2810 5045 ipsi
2842 4974 3104 5046 possibile
3150 4980 3255 5037 est,
3286 4973 3461 5027 immi-

1900 5071 1997 5126 nui
2030 5085 2160 5126 vero
2209 5071 2264 5125 in
2311 5071 2494 5139 parvis
2525 5078 2579 5123 et
2608 5068 2859 5122 contrahi
2892 5065 3249 5137 impossibile,
3283 5064 3460 5119 virtus

1900 5164 2147 5234 equidem
2180 5163 2403 5217 minime
2442 5162 2635 5217 inerat.
2666 5159 2867 5214 Virtuti
2899 5159 3042 5214 enim
3074 5159 3121 5214 si
3158 5158 3260 5213 hoc
3281 5158 3460 5229 possi~

1898 5254 2006 5308 bile
2035 5268 2155 5308 esse
2184 5252 2415 5317 dixeris,
2443 5250 2574 5305 illud
2603 5258 2782 5304 autem
2819 5247 3190 5320 impossibile;
3212 5247 3460 5303 eamdem

1899 5345 2154 5399 virtutem
2185 5359 2307 5399 esse
2337 5343 2594 5413 abnegas,
2633 5351 2887 5411 tanquam
2907 5355 3028 5409 qua:
3059 5337 3272 5393 infirma
3298 5349 3461 5410 atque

1899 5433 2185 5489 imbecillis
2212 5441 2297 5488 est
2328 5434 2475 5487 circa
2510 5447 2629 5504 qua:
2662 5446 2770 5486 non
2806 5437 3005 5501 potest.
3059 5428 3172 5483 lmo
3212 5445 3311 5484 nec
3358 5429 3463 5483 ali-

1901 5540 2064 5596 quam
2096 5525 2395 5580 divinitatis
2421 5525 2801 5581 excellentiam
2850 5523 3148 5579 continelut
3194 5523 3342 5577 circa
3393 5535 3462 5581 ea

1898 5707 2040 5763 unde
2061 5706 2368 5778 lmjusmodi
2398 5704 2760 5775 fragmentum
2789 5704 3151 5775 dcsumptum.
3182 5704 3391 5761 Amr.
