3906 6194
480 359 588 416 ωδ

1457 356 1515 412 S.
1557 356 1885 413 HETIIODIl
1923 356 2231 414 EPISCOPI
2271 357 2359 413 ET
2399 356 2759 413 MARTYBIS
3538 372 3622 429 illi

475 497 599 555 ιιιιαι
629 480 1002 537 immutantur.
1030 477 1275 550 Namque
1323 487 1376 535 et
1422 479 1671 535 homines
1716 488 1769 535 et
1819 481 2029 550 reliqua

2135 496 2269 551 μενα
2296 480 2390 533 καὶ
2420 479 2489 533 τὰ
2520 478 2788 551 ἐρχόμενα.
2817 476 2925 531 τῶν
2948 474 3095 543 ζώων
3111 481 3288 554 χαριαὶ
3310 481 3338 518 ⁸
3355 482 3430 553 ἐφ’
3457 478 3523 541 ὧν
3547 490 3630 559 μὴν

475 572 753 634 animalia,
801 571 946 626 circa
976 584 1040 625 ea
1073 570 1126 624 in
1170 570 1368 641 quibus
1398 570 1603 641 aliquid
1649 580 1877 640 possunt
1907 587 2035 642 ope.

475 672 688 725 rantur,
739 662 886 718 circa
934 678 998 719 ea
1043 662 1098 716 in
1126 663 1327 732 quibus
1358 677 1465 717 non
1498 671 1747 733 possunt,
1797 665 2035 718 resoluta

474 756 680 811 viribus
706 755 845 809 nihil
883 762 1071 823 agunt.
1104 753 1392 824 Propterea
1423 754 1566 809 hanc
1594 755 1663 809 ob
1690 770 1913 809 causam
1944 753 2036 808 Fi-

475 844 583 900 lius
618 844 707 899 Dei
732 844 786 899 in
817 844 1035 898 homine
1060 844 1459 902 circumclusus
1488 851 1592 908 est,
1627 844 1772 914 quod
1810 845 1913 900 hoc
1958 844 2034 898 illi

475 934 815 1005 impossibile
842 950 952 991 non
979 944 1116 991 erat.
1153 933 1362 990 Virtute
1406 935 1551 989 enim
1582 948 1780 1011 passus
1810 942 1913 997 est,
1940 936 2036 990 im-

473 1028 749 1096 passiloilis
773 1044 1020 1089 manens.
1053 1040 1104 1085 et
1138 1037 1386 1090 mortuus
1414 1037 1520 1093 est,
1551 1030 2032 1099 incorruptibilita-

472 1126 579 1173 tem
603 1121 928 1182 mortalibus
956 1122 1188 1183 donans.
1216 1121 1429 1197 Corpus
1455 1121 1722 1192 siquidem
1752 1137 1783 1176 a
1805 1136 2034 1193 corpore

468 1213 816 1268 verberatum
839 1223 935 1269 aut
969 1226 1201 1278 sectum,
1232 1214 1569 1271 tantumdem
1599 1216 1916 1271 verberatur
1939 1221 2033 1269 aut

469 1313 713 1372 secatur,
766 1317 1031 1379 quantum
1095 1308 1390 1364 verberans
1442 1309 1690 1364 verberat
1728 1315 1784 1364 et
1836 1321 2031 1369 secans

469 1406 640 1453 secat.
678 1399 990 1455 Secundum
1021 1402 1166 1456 enim
1212 1401 1292 1456 rei
1342 1401 1601 1471 subjectae
1647 1417 2031 1472 repercussum

468 1490 776 1546 verberanti
814 1491 956 1547 ictus
980 1493 1070 1559 iit,
1103 1508 1227 1547 cum
1255 1494 1481 1564 aequalia
1531 1493 1641 1563 pati
1683 1508 1907 1550 necesse
1936 1494 2028 1555 sit,

466 1589 523 1638 et
553 1597 740 1653 agens,
776 1592 831 1639 et
870 1583 922 1638 id
951 1585 1097 1655 quod
1131 1585 1327 1655 agitur.
1361 1583 1643 1655 Siquidem
1688 1584 1735 1638 si
1768 1584 1915 1654 quod
1944 1600 2032 1639 se-

466 1678 630 1727 catur
656 1686 780 1727 cum
814 1689 981 1751 parva
999 1674 1318 1730 habitudine
1340 1676 1546 1731 secanti
1575 1691 1682 1729 non
1710 1690 2034 1746 correspon-

466 1761 630 1826 derit,
660 1764 803 1843 quod
834 1771 983 1820 secat
1011 1780 1196 1821 secare
1221 1781 1330 1819 non
1366 1765 1584 1836 poterit.
1636 1763 1851 1818 Lationi
1881 1765 2027 1819 enim

2137 572 2203 625 ἂν
2234 570 2495 625 δύνωνται
2528 588 2581 623 τι
2607 569 2803 642 δρᾶσαι
2833 568 3154 641 ἐνεργοῦσιν,
3187 574 3268 642 ἐφ’
3289 566 3359 627 ὧν
3387 575 3445 630 ἂν
3470 577 3535 650 μὴ
3555 581 3630 634 δύ-

2134 678 2329 715 νων-ται
2359 660 2605 730 φθίνωσι.
2636 660 2834 731 Διόπερ
2861 660 3034 734 ταύτῃ
3062 663 3255 733 μᾶλλον
3281 665 3557 738 κεχώρηται
3586 672 3632 725 lv

2134 750 2401 823 ἀνθρώπῳ
2442 750 2628 816 δ’Υίὸς
2668 750 2762 804 τοῦ
2795 751 2950 816 Θεοῦ,
2993 754 3072 807 ὅτι
3119 755 3191 827 μὴ
3235 750 3301 826 ἦν
3342 757 3475 828 αὐτῷ
3506 760 3633 815 τοῦτο

2134 843 2421 899 ἀδύνατον·
2471 844 2553 897 ὅτι
2598 844 2820 914 δυνάμει
2871 846 2962 898 καὶ
3003 843 3193 899 ἔπαθεν
3238 846 3436 919 ἀπαθὴς
3472 850 3633 919 μένων,

2134 936 2227 989 καὶ
2296 935 2513 999 ἔθανεν,
2579 935 2875 989 ἀθανασίαν
2933 931 3013 1003 τῷ
3084 936 3256 1007 θνητῷ
3311 938 3633 1011 χαριζόμενος.

2133 1027 2299 1098 Σῶμα
2349 1027 2445 1098 μὲν
2490 1025 2596 1099 γὰρ
2629 1026 2731 1079 ὑπὸ
2786 1026 3030 1099 σώματος
3059 1029 3377 1101 τυπτόμενον
3413 1030 3443 1100 ἢ
3476 1030 3637 1101 τεμνό-

2137 1138 2293 1193 μενον
2344 1121 2593 1175 τοσοῦτον
2636 1120 2896 1175 τύπτεται
2946 1122 2979 1193 ἢ
3021 1122 3292 1193 τέμνεται,
3337 1122 3448 1176 ὅσον
3488 1122 3548 1176 ἂν
3588 1121 3641 1180 τὸ

2131 1216 2330 1275 τύπτον
2379 1213 2588 1279 τύπτει,
2653 1215 2747 1268 καὶ
2792 1214 2851 1267 τὸ
2901 1215 3225 1285 τεμνόμενον
3277 1213 3467 1286 τέμνει.
3512 1217 3640 1271 Κατὰ

2132 1307 2482 1380 ἁντιτύπησιν
2528 1307 2634 1380 γὰρ
2691 1306 2782 1360 τοῦ
2841 1307 3198 1378 ὑποκειμένου
3237 1307 3312 1378 τῷ
3357 1307 3641 1383 τύπτοντιὴ

2132 1398 2312 1471 πληγὴ
2341 1400 2573 1467 γίνεται,
2607 1401 2667 1452 ὲν
2712 1399 2810 1470 ῐσῳ
2851 1398 3009 1453 πάθει
3050 1398 3160 1452 τῶν
3203 1399 3461 1472 ἑκατέρων
3504 1400 3642 1460 όντων

2131 1490 2226 1548 καὶ
2271 1490 2363 1549 τοῦ
2409 1490 2644 1563 δρῶντος
2697 1493 2791 1544 καὶ
2839 1489 2931 1543 τοῦ
2978 1490 3276 1562 δρωμένου.
3338 1491 3530 1562 Ἀμέλει
3568 1493 3642 1548 ὲὰν

2135 1582 2208 1653 μὴ
2260 1581 2321 1637 τὸ
2366 1582 2695 1659 τεμνόμενον
2751 1581 2888 1652 μετὰ
2931 1582 3119 1653 ὀλίγης
3164 1580 3322 1646 ἕξεως
3367 1582 3643 1656 ἀντιτορήσῃ

2129 1671 2206 1743 τῷ
2260 1673 2530 1743 τέμνοντι,
2591 1672 2654 1726 τὸ
2706 1672 3033 1745 τεμνόμενον
3088 1672 3299 1743 τέμνειν
3354 1673 3410 1725 ού
3461 1672 3645 1742 δυνήσε-

2129 1782 2237 1818 ται.
2273 1767 2350 1836 Τῇ
2384 1764 2492 1836 γὰρ
2518 1766 2657 1836 φορᾷ
2689 1764 2872 1834 ξίφους
2895 1765 2995 1818 οὐκ
3021 1763 3550 1835 ἀντιπαραμείναντος
3569 1760 3643 1815 τοῦ

464 1853 615 1910 ensis
645 1857 693 1910 si
724 1870 835 1910 non
859 1856 1132 1915 obstiterit
1148 1857 1451 1928 subjectum
1475 1872 1699 1928 corpus,
1724 1858 1818 1913 sed
1844 1858 2025 1929 potius

2130 1854 2486 1926 ὑποκειμένου
2550 1854 2819 1926 σώματος,
2880 1854 3019 1908 ἀλλὰ
3075 1854 3403 1919 συνείξαντος
3462 1852 3644 1923 μᾶλλον,

464 1945 717 2009 cesserit,
742 1947 890 2001 omni
922 1947 1119 2004 affcctu
1145 1948 1391 2018 operatio
1423 1946 1798 2012 frustrabitur,
1853 1957 1914 2003 ut
1954 1938 2030 2004 vi-

465 2035 595 2094 dere
617 2045 701 2094 est
740 2041 793 2094 in
830 2041 1152 2111 corporibus
1201 2041 1583 2104 subtilioribus
1615 2043 1755 2113 ignis
1783 2051 1836 2100 et
1863 2044 2026 2101 acris.

467 2127 795 2184 Dissolvttur
825 2147 1059 2202 namque
1098 2132 1153 2187 in
1182 2133 1452 2187 similibus
1498 2140 1789 2201 manetque
1824 2132 2029 2203 absque

464 2219 661 2276 effectu
691 2223 1009 2279 solidiorum
1037 2239 1329 2293 corporum
1352 2224 1609 2294 impetus.
1635 2222 1790 2290 Quod
1818 2225 1863 2280 si
1887 2224 2029 2302 ignis

465 2320 561 2369 aut
591 2328 706 2376 aer,
743 2315 879 2385 lapis
909 2323 1002 2369 aut
1030 2316 1258 2378 ferrum,
1311 2325 1405 2368 aut
1463 2315 1691 2387 lignum,
1734 2322 1826 2368 aut
1859 2314 2028 2383 aliud,

465 2401 609 2471 quod
642 2403 892 2459 homines
924 2412 1113 2459 contra
1144 2420 1265 2461 sese
1312 2410 1637 2474 usurpantes
1667 2405 1767 2460 sibi
1799 2406 2027 2460 invicem

464 2496 668 2551 caedem
700 2496 964 2559 inferunt,
989 2497 1281 2552 vulnerare
1306 2505 1360 2552 et
1394 2497 1640 2552 dividere
1690 2513 1799 2550 non
1852 2503 2029 2568 potest

463 2587 611 2657 quod
642 2587 944 2643 subtilioris
974 2596 1182 2643 natura:
1229 2590 1322 2653 sit,
1373 2604 1609 2659 quanam
1664 2588 1875 2642 ratione
1920 2602 2029 2643 non

463 2676 647 2747 potius
680 2676 1091 2733 invulnerabilis
1132 2679 1334 2733 mansit
1368 2677 1642 2747 Sapientia
1696 2685 1751 2732 et
1782 2676 2029 2747 impassi-

463 2765 613 2828 bilis,
634 2767 783 2821 nulla
816 2768 872 2822 in
901 2783 960 2822 re
982 2768 1052 2823 ab
1078 2767 1260 2838 aliquo
1313 2768 1460 2833 laesa,
1515 2768 1640 2823 licet
1692 2767 1854 2821 simul
1897 2782 2028 2821 con-

458 2859 652 2927 juncta
676 2868 823 2915 esset
853 2861 1092 2932 corpori,
1129 2861 1273 2931 quod
1321 2861 1609 2915 secabatur
1652 2867 1706 2914 et
1755 2859 1929 2916 clavis
1964 2860 2028 2912 (i-

460 2950 709 3027 gebatur,
745 2965 869 3004 cum
915 2953 1261 3021 praestantior
1289 2958 1343 3006 et
1376 2952 1564 3022 purior
1609 2950 1755 3005 omni
1805 2959 2024 3017 natura,

462 3057 632 3098 unum
672 3041 719 3097 si
752 3042 992 3114 excipias
1029 3044 1175 3100 illius
1207 3045 1508 3125 genitorem
1565 3043 1757 3108 Deum,
1789 3043 2025 3101 exsiste-

458 3139 543 3195 ret
561 3131 586 3187 ἲ

2129 1945 2409 2018 ἄπρακτος
2437 1946 2643 2015 γίνεται
2675 1948 2708 2018 ἠ
2752 1945 3033 2016 ἐνέργειαο
3071 1940 3180 1999 οἷον
3208 1944 3443 2016 καθάπερ
3468 1944 3548 1996 καὶ
3573 1942 3645 1997 ἐπὶ

2130 2038 2237 2091 τῶν
2309 2038 2817 2112 λεπτομερεστέρων
2894 2039 3167 2109 σωμάτων
3242 2036 3425 2106 πυρὸς,
3494 2034 3642 2106 ἀέρος.

2141 2130 2419 2185 Ἐκλύεται
2441 2131 2549 2201 γὰρ
2578 2132 2634 2185 ὲν
2652 2133 2766 2196 τοῖς
2786 2130 3047 2195 τοιούτοις
3071 2129 3419 2202 ἁνενέρτητος
3436 2128 3531 2181 τῶν
3551 2145 3646 2181 στε-

2133 2223 2412 2295 ρεωτέρων
2442 2222 2620 2296 ὁρμῆς
2651 2223 2936 2293 σωμάτων.
2972 2223 3035 2276 Εἰ
3063 2223 3127 2276 δὲ
3161 2220 3289 2293 πῦρ,
3317 2219 3351 2292 ἢ
3378 2220 3493 2292 ἀὴρ,
3512 2218 3646 2282 λίθος,

2128 2315 2161 2387 ἢ
2189 2315 2423 2387 σίδηρος,
2450 2314 2482 2386 ἦ
2515 2314 2688 2380 ξύλον,
2713 2315 2746 2387 ἢ
2777 2315 2923 2381 ἄλλο,
2951 2312 3032 2378 οἷς
3058 2317 3116 2368 οἱ
3137 2315 3403 2385 ἄνθρωποι
3423 2312 3648 2384 χρώμενοι

2130 2402 2247 2456 καθ’
2282 2402 2488 2456 ἑαυτῶν
2515 2403 2954 2476 ἀλληλοφονοῦσι,
2977 2403 3192 2478 τρῶσαι
3212 2404 3266 2458 δὲ
3299 2403 3387 2464 χαὶ
3414 2400 3578 2456 διελεῖν
3600 2400 3647 2454 οὗ

2127 2493 2343 2547 δύναται
2375 2495 2525 2566 παρὰ
2554 2496 2615 2549 τὸ
2645 2496 2742 2568 τῆς
2772 2495 3019 2566 θικτικῆς
3043 2513 3113 2550 τε
3150 2495 3277 2548 αὐτὸ
3308 2495 3399 2548 καὶ
3430 2492 3650 2563 λεπτομεη

2133 2587 2391 2657 ρεστὲρας
2418 2590 2629 2657 φύσεως
2652 2588 2961 2658 τυγχάνειν
2990 2588 3117 2653 πῶς
3144 2589 3203 2641 οὐ
3242 2586 3427 2659 μᾶλλον
3453 2583 3650 2658 ἄτρωτός

2127 2697 2190 2748 γε
2221 2680 2431 2750 ἔμεινεν
2478 2682 2510 2753 ἡ
2546 2682 2717 2751 Σοφία
2744 2682 2837 2736 καὶ
2877 2680 3103 2755 ἀπαθὴς
3121 2722 3135 2745 ,
3164 2682 3309 2735 οὐδὲν
3333 2679 3458 2751 πρὸς
3479 2674 3649 2739 οὐδενὸς

2129 2772 2488 2842 κακυνομένη,
2538 2772 2639 2827 κᾶν
2665 2774 2991 2846 τεμνόμενον
3027 2774 3199 2846 συνῆν
3226 2774 3317 2828 καὶ
3348 2768 3652 2845 προσηλωμέ-

2126 2876 2215 2914 νον
2266 2861 2343 2933 τῷ
2394 2860 2625 2933 σώματι,
2664 2862 2886 2930 βελτίων
2930 2864 3024 2917 καὶ
3080 2861 3431 2934 καθαρωτὲρα
3479 2857 3651 2929 φύσεως
3686 2903 3688 2905 ›

2127 2952 2310 3024 πάσης
2356 2953 2492 3025 μετὰ
2538 2955 2627 3008 τὸν
2678 2954 3083 3027 γεννησὰμενον
3146 2956 3313 3026 αὐτὴν
3347 2951 3470 3008 Θεδν
3512 2947 3655 3021 ὑπάρ-

2126 3061 2293 3114 χουσα
2317 3062 2332 3111 ;

1571 3490 1847 3579 ALIA
1922 3492 2581 3585 NONNULLA

1441 3679 1747 3736 EIUSDEM
1786 3680 1844 3737 S.
1887 3681 2220 3738 METHODII
2259 3682 2704 3743 FRAGMENTA.

1044 3988 1153 4061 (Ex
1190 3988 1396 4045 Nicelc
1428 3988 1628 4046 Catena
1657 3994 1709 4049 in
1743 3954 1867 4058 Ῑοό,
1904 4011 2024 4065 cap.
2056 4011 2167 4060 nx,
2192 4009 2311 4065 pag.
2357 3993 2462 4050 429
2499 3994 2625 4048 edit.
2659 3993 2886 4055 Londin.
2919 3995 3113 4068 l637.)

1102 4187 1374 4245 Methodii.

530 4294 785 4354 Fortasse
814 4305 1013 4360 autem.
1059 4302 1317 4369 quoniam
1371 4303 1531 4357 amici
1575 4304 1677 4357 Job
1709 4321 1769 4363 se
1799 4320 2022 4362 causam
2047 4311 2092 4368 ϐ

461 4390 765 4462 intelligere
789 4399 1013 4461 propter
1038 4408 1203 4462 quam
1245 4394 1371 4448 talia
1415 4403 1715 4466 pateretur,
1772 4398 2025 4454 arbitrati

461 4490 670 4547 essent,
700 4482 942 4553 longiore
967 4484 1213 4540 oratione
1256 4485 1324 4539 ad
1372 4501 1468 4543 eos
1516 4504 1650 4543 usus
1697 4489 1781 4543 vir
1819 4488 2024 4558 justus,

462 4571 771 4627 divinorum
796 4573 1130 4643 iudiciorum
1158 4576 1499 4646 sapientiam,
1525 4594 1635 4634 non
1658 4580 1760 4634 sibi
1791 4587 2024 4647 tantum,

465 4665 562 4722 sed
591 4673 647 4722 et
673 4669 821 4722 omni
853 4668 1060 4723 homini
1093 4667 1696 4740 incomprehensibilem
1731 4688 1854 4728 esse
1883 4672 2023 4730 fate-

463 4766 587 4825 tur;
630 4765 684 4814 et
730 4760 798 4815 ad
832 4760 1236 4830 suscipiendam
1271 4762 1678 4818 consiliidivini
1715 4765 2023 4833 scientiam,

463 4850 645 4905 locum
674 4858 992 4913 terrestrem
1024 4852 1172 4908 baud
1204 4853 1458 4908 idoneum
1484 4870 1607 4911 esse
1648 4855 1896 4911 aliirmat.
1935 4856 2029 4911 Di-

464 4941 606 4996 xerit
635 4952 817 5004 autem
849 4943 1067 5014 aliquis,
1100 4943 1397 5016 perlectam
1456 4954 1508 5001 ct
1567 4947 1873 5003 absolutam
1914 4948 2030 5017 pie-

465 5042 655 5103 tatem,
678 5050 791 5098 rem
816 5036 977 5109 plane
1010 5036 1250 5094 divinam
1282 5049 1335 5100 et
1361 5055 1391 5094 a
1418 5038 1530 5096 Deo
1568 5043 1685 5098 solo
1714 5044 2028 5100 hominibus

464 5127 747 5194 tributam,
785 5127 888 5192 hoc
918 5129 1038 5184 loco
1064 5132 1388 5202 sapientiam
1439 5135 1645 5194 vocari.
1697 5134 1903 5192 Sensus
1931 5151 2032 5191 au-

466 5223 574 5271 tem
605 5220 896 5280 verborum
922 5221 1012 5276 hic
1036 5229 1118 5284 est
1149 5242 1162 5281 :
1196 5222 1359 5287 Deus,
1390 5224 1587 5297 inquit,
1621 5225 1905 5283 hominum
1931 5244 2030 5283 na-

464 5315 604 5365 turae
639 5312 744 5366 vim
777 5328 840 5367 ac
860 5313 1171 5378 facultatem
1201 5318 1533 5381 inveniendi.
1577 5335 1685 5374 una
1731 5336 1855 5375 cum
1904 5337 2033 5390 pru-

462 5402 649 5458 dentia
676 5416 730 5463 et
753 5410 986 5465 artiﬁcio
1006 5412 1278 5478 inserens,
1323 5427 1520 5482 magna
1560 5414 1627 5469 iis
1656 5414 1880 5485 largitus
1907 5421 2026 5481 est;

466 5512 577 5567 qua
606 5508 829 5569 accepta
863 5512 1060 5558 terram
1111 5506 1177 5559 ad
1204 5505 1460 5562 eruenda
1494 5507 1713 5565 metalla
1742 5505 2025 5571 eliodiunt,

464 5596 519 5645 et
537 5588 760 5653 colunt;
787 5596 1105 5661 sapientiam
1138 5606 1317 5652 autem
1342 5614 1464 5667 qua:
1497 5614 1620 5653 cum
1663 5598 1863 5669 pietate
1894 5613 2029 5654 con-

463 5675 501 5745 j:
526 5688 651 5744 pcta
692 5688 796 5741 est.
835 5682 890 5738 in
917 5685 1068 5739 nullo
1102 5687 1222 5741 loco
1256 5688 1504 5744 invenire
1553 5689 1696 5746 licet.
1729 5688 1837 5746 Nec
1864 5690 2028 5746 homo

464 5785 588 5843 eam
617 5788 684 5829 ex
714 5787 773 5840 se
803 5780 856 5829 et
888 5774 1125 5856 prepriis
1156 5780 1395 5853 assequi,
1453 5795 1627 5859 neque
1676 5781 1797 5837 aliis
1828 5782 2027 5854 impor-

2757 4192 3098 4250 Maﬂodiovd

2197 4309 2355 4372 Ἴσως
2384 4307 2460 4371 δὲ,
2496 4308 2617 4361 ἐπεὶ
2648 4308 2696 4361 οἱ
2723 4307 2864 4377 φίλοι
2891 4307 2985 4361 τοῦ
3029 4308 3154 4362 Ἰὼϐ
3187 4309 3352 4382 ᾠοντο
3382 4308 3467 4378 τὴν
3498 4300 3659 4358 αἰτίαν

2128 4399 2509 4470 κατειληφέναι
2550 4399 2615 4453 δι’
2664 4401 2728 4470 ἣν
2770 4398 2943 4454 ταῦτα
2984 4401 3232 4473 ἔπασχε,
3277 4401 3404 4475 πρὸς
3451 4396 3655 4457 ἐκείνως

2127 4491 2542 4562 ἀποτεινόμενος
2561 4494 2590 4545 ό
2613 4492 2838 4557 δίκαιος,
2870 4491 2971 4564 τὴν
3003 4494 3137 4564 περὶ
3166 4494 3276 4549 τῶν
3301 4491 3554 4565 χριμάτων
3575 4484 3655 4540 τοῦ

2128 4582 2259 4636 Θεοῦ
2291 4585 2480 4653 σοφίαν
2507 4584 2742 4655 ἄληπτον
2771 4580 2908 4636 εἷναι
2938 4584 3213 4655 ὁμολογεῖ,
3252 4587 3311 4639 οὐ
3342 4586 3487 4656 μόνον
3510 4576 3652 4649 αὐτῷ,

2128 4676 2264 4735 ἀλλὰ
2312 4677 2406 4731 καὶ
2451 4678 2612 4731 σιτιινττ)⁸
2653 4677 2941 4750 ἀνθρώπῳ,
2983 4680 3078 4733 καὶ
3122 4680 3227 4751 τὴν
3257 4678 3543 4748 ἐπιστήμην
3576 4669 3656 4739 τῆς

2130 4769 2324 4840 βουλῆς
2355 4769 2446 4822 τοῦ
2477 4769 2612 4823 Θεοῦ
2649 4771 2722 4841 μὴ
2767 4770 2948 4824 ἱκανὸν
2987 4765 3127 4824 εἶναι
3160 4765 3544 4842 παραδέξασθαι
3580 4759 3656 4813 τὸν

2130 4861 2405 4933 περίγειον
2431 4861 2614 4925 τόπον,
2645 4861 3019 4931 ἀποφαίνεται.
3052 4862 3191 4935 Φαίη
3223 4862 3269 4916 δ’
3300 4861 3363 4916 ἄν
3395 4875 3471 4923 ⁴τις
3498 4852 3655 4923 σοφίαν

2129 4954 2359 5008 ἐνταῦθα
2402 4955 2498 5025 τὴν
2542 4954 2750 5008 τελείαν
2808 4956 3085 5011 εὐσέϐειαν
3141 4955 3408 5028 εἰρῆσθαι,
3462 4950 3655 5019 πρᾶγμα

2130 5048 2290 5110 θεῖον,
2327 5048 2430 5101 ὑπὸ
2456 5048 2615 5119 μόνου
2651 5046 2746 5101 τοῦ
2779 5046 2912 5100 Θεοῦ
2947 5052 3054 5112 τοῖς
3081 5048 3392 5121 ἀνθρώποις
3420 5039 3655 5117 δωρούμε-

2128 5156 2239 5193 νον.
2280 5140 2339 5193 ’0
2366 5138 2422 5192 δὲ
2452 5136 2575 5201 νοῦς
2601 5137 2708 5190 τῶν
2742 5140 2919 5210 ῥητῶν
2952 5136 3137 5203 οὗτος
3170 5139 3413 5208 Μεγάλα,
3447 5128 3655 5204 φησὶννά

2128 5228 2258 5292 Θεὸς
2301 5232 2413 5291 τοῖς
2436 5226 2741 5299 ἀνθρώποις
2774 5229 3099 5300 ἐδωρήσατο,
3140 5230 3201 5281 ὲν
3247 5231 3312 5298 τῇ
3343 5226 3493 5296 φύσει
3516 5232 3657 5275 mm

2132 5320 2356 5392 σπείρας
2379 5318 2555 5373 αὐτῶν
2577 5318 2638 5374 τὸ
2678 5319 3039 5390 ὲρευνητικὸν,
3068 5321 3166 5372 καὶ
3194 5318 3377 5387 σοφὸν,
3401 5316 3488 5380 καὶ
3513 5323 3657 5379 τεχνι-

2129 5412 2256 5465 κὸνο
2291 5412 2428 5482 ὅπερ
2457 5409 2709 5475 λαϐόντες
2749 5411 2799 5470 οἱ
2836 5409 3129 5476 ἄνθρωποι,
3168 5409 3274 5479 γῆν
3311 5421 3370 5461 τε
3404 5393 3658 5476 μεταλλεύ-

2130 5520 2248 5557 ουσι
2294 5503 2386 5563 καὶ
2431 5501 2765 5574 γεωργοῦσι·
2810 5500 2910 5573 τὴν
2954 5502 3011 5555 δὲ
3058 5499 3207 5554 κατὰ
3253 5496 3546 5552 θεοσέϐειαν
3587 5501 3661 5539 σθ’

2132 5596 2259 5667 (ρίαν
2304 5597 2402 5649 οὐκ
2452 5598 2509 5651 ἐν
2552 5596 2703 5669 τόπῳ
2729 5597 2855 5666 {nvi
2904 5595 3049 5649 ἐστιν
3100 5593 3313 5663 εὑρεῖν·
3358 5589 3454 5642 οὐκ
3484 5578 3661 5638 οἴκοθεν

2131 5686 2331 5758 ταύτην
2359 5686 2640 5758 ἄνθρωπος
2673 5686 2958 5742 ἀναλαϐεῖν
2979 5686 3229 5739 δύναται·
3258 5683 3359 5737 οὐκ
3380 5679 3547 5738 ἄλλοις
3576 5686 3663 5723 πα-

2134 5781 2402 5854 ραδοῦναι.
2437 5780 2595 5836 Ὅθεν
2635 5781 2727 5834 καὶ
2752 5782 2800 5833 oi
2840 5777 3112 5851 Ἑλλήνων
3142 5774 3314 5846 σοφοὶ,
3349 5771 3446 5844 ἰδίᾳ
3467 5763 3663 5838 δυνάμει
