3956 6198
308 405 417 465 ω

1680 403 2117 461 FRAGMENTA.

3415 410 3521 470 603

311 522 407 596 τὴν
464 521 783 581 θεοσέϐειαν»
822 523 1171 597 ζητήσαντες,
1233 522 1554 596 ἠστόχησαν.
1624 525 1698 577 Τὸ
1757 525 1856 595 γὰρ

1983 524 2071 578 tiri
2099 530 2297 594 potest.
2321 519 2475 576 Unde
2491 526 2545 574 et
2572 518 2882 575 Graecorum
2929 520 3218 591 sapientes,
3271 522 3363 593 qui
3407 524 3522 580 suis

314 616 568 688 πρᾶγμα,
595 614 673 679 ὡς
715 615 942 687 ἔφημεν,
972 616 1075 670 οὐκ
1111 614 1413 689 ἀνθρώποις
1442 615 1587 669 ἐστὶν
1625 616 1862 686 ἐφικτὸν,

309 705 440 759 ἀλλά
475 705 578 775 τῆς
630 706 782 770 θείας
822 707 1029 777 δωρεᾶς
1065 724 1125 761 τε
1166 708 1258 762 καὶ
1299 690 1551 778 χάριτος·
1584 706 1671 760 διὰ
1709 706 1866 760 τοῦτο

306 797 402 850 καὶ
425 797 486 863 ἐξ
513 798 688 869 ἀρχῆς
714 800 743 850 6
777 798 905 863 Θεὸς
943 798 1013 851 τὰ
1047 799 1146 868 μὲν
1176 798 1243 851 δι’
1281 798 1572 864 ὀπτασιῶν,
1602 797 1673 851 τά
1712 797 1768 851 δὲ
1796 798 1863 851 δι’

300 886 549 956 ἀγγέλων
584 887 996 959 ὲπιφοιτήσεως,
1037 886 1105 940 τά
1143 887 1320 940 seats
1354 886 1463 941 τῶν
1506 886 1863 958 θεοφορουμέ-

297 995 410 1035 νων
460 978 631 1047 ἁγίων
674 979 983 1052 προφητῶν,
1017 980 1114 1051 τὴν
1144 979 1446 1033 θεοσέϐειαν
1492 979 1616 1042 τοὺς
1657 977 1865 1049 ἀνθρώ-

298 1089 445 1136 πους
476 1071 838 1138 ὲξεπαίδευσε.
880 1074 990 1127 Καὶ.
1018 1075 1051 1143 ἠ
1098 1071 1400 1144 θεωρητικὴ
1433 1071 1491 1127 δὲ
1535 1072 1695 1141 σοφία
1727 1070 1861 1125 Θεοῦ

296 1160 497 1233 δῶρον,
536 1161 595 1229 ἐξ
621 1157 688 1234 ἧς
717 1162 1009 1234 κινούμεθα
1041 1164 1169 1235 περὶ
1190 1163 1286 1228 τὰς
1312 1163 1506 1234 τέχνας
1534 1162 1724 1223 καὶτά
1745 1165 1862 1217 ἐπι-

294 1252 636 1324 τηδεύματα,
671 1255 765 1308 καὶ
789 1256 856 1325 ἢν
886 1256 1084 1318 πάντες
1114 1255 1306 1319 κοινῶς
1343 1255 1558 1327 ἔχομεν,
1594 1254 1767 1310 ἄδικοί
1803 1271 1861 1308 τε
1888 1275 1905 1287 -

298 1343 395 1397 καὶ
428 1342 656 1399 δίκαιον
691 1346 740 1399 εί
765 1344 874 1418 γὰρ
905 1346 978 1417 (7)
1007 1345 1120 1412 ζῶα
1154 1346 1452 1418 γεγόναμεν
1490 1345 1701 1415 λογικὰ,
1732 1344 1863 1401 ταύ-

291 1449 397 1504 την
423 1434 741 1507 εἰλήφαμεν.
770 1436 953 1509 Ταύτῃ
980 1453 1064 1490 τοι
1086 1439 1178 1497 καὶ
1196 1439 1253 1497 ὲν
1280 1442 1393 1501 τοῖς
1417 1437 1720 1510 ἔμπροσθεν
1747 1438 1861 1493 ἑλέ-

292 1542 457 1594 γετο·
487 1526 743 1594 Πότερον
766 1529 879 1597 οὐχ
909 1531 943 1583 ὁ
979 1530 1191 1597 Κύριος
1217 1532 1248 1583 ό
1280 1528 1579 1583 διδάσκων
1605 1514 1875 1583 σύνεσιῆ

293 1616 397 1669 καὶ
416 1616 756 1688 ἐπιστήμην
770 1634 791 1683 ;
806 1618 882 1684 ὡς
898 1619 992 1679 τοῦ
1020 1620 1122 1691 κτή
1132 1636 1305 1696 ματος
1317 1621 1649 1695 θεοδωρήτου
1666 1619 1855 1691 τυγχά·

298 1721 503 1771 νοντος.

1966 616 2175 671 viribus
2222 612 2351 679 nisi,
2397 611 2649 682 pietatem
2682 620 2735 666 et
2764 610 3017 669 Numinis
3047 613 3254 668 cultum
3297 613 3521 685 indaga-

1965 708 2112 769 bant,
2137 722 2167 761 a
2196 719 2362 776 scopo
2413 704 2753 760 aberrarunt.
2805 702 2913 761 Res
2939 707 3106 771 enim,
3167 715 3227 761 ut
3256 704 3515 772 diximus,

1963 796 2108 850 vires
2138 795 2404 849 humanas
2432 793 2665 856 excedit,
2690 802 2743 848 et
2772 791 2864 848 Dei
2893 792 3093 847 donum
3112 808 3174 848 ac
3203 794 3372 866 gratia
3395 803 3514 851 est:

1962 888 2296 959 proindeque
2330 886 2399 942 ab
2429 886 2609 952 initio,
2645 886 2816 955 partis
2838 885 3162 951 visionibus,
3190 887 3385 956 partim
3418 902 3517 941 an-

1963 982 2205 1053 gelorum
2234 979 2469 1035 adventu
2516 987 2572 1031 et
2618 992 2934 1048 congressu,
2968 979 3165 1048 partim
3199 987 3515 1033 sanctorum

1961 1071 2346 1143 prophetarum
2371 1070 2633 1125 divinitus
2664 1069 2965 1124 alllatorum
2996 1070 3357 1137 sermonibus,
3372 1069 3515 1126 Deus

1963 1163 2209 1217 homines
2235 1162 2290 1215 in
2318 1161 2517 1231 pietate
2545 1177 2790 1233 vemque
2815 1160 3092 1231 religionis
3125 1162 3274 1216 cultu
3327 1160 3513 1217 erudi-

1960 1254 2056 1308 vit.
2076 1253 2219 1319 Quin
2242 1253 2404 1308 etiam
2436 1253 2701 1322 sapientia
2731 1251 3166 1321 contemplativa,
3199 1266 3305 1322 qua
3334 1252 3403 1306 ad
3424 1267 3516 1305 ar-

1960 1354 2040 1400 tes
2074 1352 2128 1399 et
2156 1343 2336 1398 studia
2383 1343 2490 1398 alia
2519 1343 2864 1413 impellimur,
2899 1357 3116 1413 quaque
3154 1342 3515 1398 communiter

1957 1436 2325 1507 omnes,justi
2355 1443 2409 1492 et
2451 1435 2664 1506 iniusti,
2703 1435 2912 1506 praediti
2947 1451 3157 1499 sumus,
3192 1434 3283 1490 Dei
3309 1435 3511 1491 donum

1956 1534 2041 1583 est
2072 1546 2085 1583 :
2117 1541 2223 1598 qua
2247 1526 2390 1583 enim
2416 1526 2674 1581 animalia
2706 1527 2934 1584 rationis
2963 1527 3185 1598 capacia
3212 1528 3380 1582 creati
3418 1543 3513 1583 su-

1956 1634 2102 1682 mus.
2147 1618 2291 1675 banc
2339 1618 2667 1688 accepimus.
2710 1617 2889 1685 Quare
2930 1627 2986 1675 et
3023 1621 3078 1674 in
3108 1619 3506 1690 superioribus,

1956 1720 2213 1783 tanquam
2242 1710 2310 1767 de
2338 1726 2397 1768 re
2421 1710 2682 1768 divinitus
2710 1726 2970 1767 concessa
3011 1712 3257 1782 loquens,
3293 1711 3507 1766 aiebat:

1960 1801 2213 1872 Nunquid
2242 1819 2346 1857 non
2384 1801 2640 1858 Dominus
2681 1812 2780 1870 est,
2821 1804 2909 1873 qui
2937 1802 3086 1859 docet
3115 1804 3433 1859 intellectum
3459 1813 3508 1857 et

1957 1894 2229 1949 scientiam
2248 1894 2310 1948 δῖ

1876 1986 1946 2043 Il.

1503 2080 1643 2137 Ibid.
1674 2097 1791 2153 cap.
1827 2097 1976 2149 xxvi,
2011 2097 2133 2169 eaq.
2168 2081 2288 2137 538.

906 2205 1216 2262 Μεθοδίου.

372 2291 759 2366 Ἑπισήμηναί,
775 2295 857 2349 ὅτι
878 2296 1081 2369 Κύριος
1101 2296 1335 2370 ἀρχῆθεν
1349 2296 1651 2369 ἀνθρώποις
1669 2297 1729 2352 ού
1753 2298 1848 2352 λα-

287 2384 389 2440 λεῖ·
408 2385 523 2440 ἀλλ’
540 2386 675 2440 ὲπάν
696 2387 1174 2461 παρασκευάσηται
1196 2389 1342 2462 ψυχὴ
1355 2389 1441 2445 διὰ
1458 2389 1734 2457 πλειόνων,
1752 2392 1846 2445 καὶ

287 2477 714 2551 ὲγγυμνάσηται,
742 2482 835 2534 καὶ
861 2482 1030 2553 ἀναϐῇ
1056 2485 1136 2549 εἰς
1160 2482 1309 2553 ὕψος,
1344 2482 1462 2539 καθ’
1485 2484 1605 2539 ὅσον
1629 2483 1845 2540 δυνατὸν

283 2570 601 2644 ἀνθρωπίνῃ
626 2572 803 2643 φύσει,
832 2574 953 2627 τότε
979 2573 1148 2638 λαλεῖ,
1185 2574 1276 2629 καὶ
1304 2577 1429 2639 10’s;
1464 2576 1626 2630 αὑτοῦ
1656 2577 1844 2646 λόγους

276 2660 655 2717 ἀποκαλύπτει
683 2665 762 2728 είς
782 2664 1031 2719 τοσοῦτον
1057 2665 1466 2738 ἀναϐεϐηκόσιν.
1518 2660 1763 2722 Ἐπειδὰν
1788 2668 1842 2724 δὲ

272 2753 311 2822 ἡ
346 2752 552 2823 λαίλαψ
573 2756 835 2825 χειμῶνός
863 2758 979 2811 ἐστι
1006 2757 1281 2831 ποιητικὴ,
1319 2761 1379 2814 ὲν
1407 2759 1463 2813 δὲ
1492 2760 1717 2832 χειμῶνι
1746 2778 1845 2815 πει

276 2842 589 2912 ριστάσεων
620 2845 649 2897 6
697 2844 814 2898 Ἰὼϐ
856 2848 982 2918 περὶ
1019 2848 1116 2922 τὴν
1148 2848 1329 2906 πίστιν
1357 2850 1457 2905 οὐκ
1487 2850 1838 2923 ἐναυάγησεν,

270 2928 421 2982 ἀλλά
469 2931 565 2984 καὶ
600 2931 889 3005 διέλαμψε·
923 2935 1011 2990 διὰ
1051 2935 1208 2991 τοῦτο
1252 2936 1281 2989 6
1314 2938 1663 3010 χρηματίζων
1696 2940 1842 3011 αὐτῷ

272 3018 423 3089 πρὸς
453 3019 720 3091 σύμϐολον
743 3023 838 3077 τοῦ
866 3025 1256 3093 καταλαϐόντος
1286 3029 1447 3083 αὐτὸν
1469 3030 1730 3100 χειμῶνος
1754 3030 1842 3086 διὰ

270 3106 544 3175 λαίλαπος
567 3114 924 3185 χρηματίζει·
950 3116 1037 3171 διὰ
1068 3117 1124 3171 δὲ
1154 3116 1215 3171 τδ
1241 3119 1553 3189 μεταϐαλεῖν
1584 3120 1747 3175 αὐτοῦ
1774 3122 1849 3183 τὰ,

271 3201 586 3273 πράγματα
629 3205 736 3259 ἀπὺ
779 3207 1042 3278 χειμῶνος
1083 3210 1162 3273 είς
1206 3210 1408 3275 εὐδίαν,
1450 3211 1512 3264 ού
1552 3212 1708 3283 μόνον
1755 3214 1842 3268 διά

267 3292 563 3360 λαίλαπος,
588 3295 720 3351 ἀλλά
752 3299 843 3352 καὶ
866 3297 951 3352 διά
982 3300 1157 3368 νεφῶν
1187 3300 1353 3355 λαλεῖ.

2584 2205 2861 2263 Πειὴοάὶἰ.

2025 2295 2183 2363 Nota,
2228 2298 2516 2355 Dominum
2550 2314 2661 2357 non
2710 2301 2895 2357 statim
2941 2299 3008 2355 ab
3054 2298 3212 2355 initio
3256 2299 3504 2355 homines

1954 2388 2157 2460 alloqui
2177 2390 2392 2458 solere;
2422 2391 2518 2447 sed
2545 2399 2833 2463 postquam
2864 2392 3045 2445 anima
3075 2391 3320 2461 pluribus
3363 2405 3513 2477 praa-l

1951 2489 2139 2548 parata
2167 2488 2219 2536 et
2241 2482 2539 2540 exercitata
2571 2481 2755 2547 fuerit,
2791 2488 2845 2537 et
2873 2482 2927 2536 in
2950 2481 3312 2547 altitudinem;
3331 2498 3504 2553 quam
3567 2545 3575 2555 ,

1950 2580 2064 2626 tum
2090 2572 2328 2628 humana
2354 2581 2551 2629 natura
2575 2581 2776 2644 potest,
2820 2573 3276 2644 contemplatione
3304 2588 3500 2630 ascen-

1948 2663 2111 2732 derit,
2139 2673 2254 2719 tum
2287 2664 2507 2722 demum
2534 2666 2705 2736 loqui,
2730 2673 2786 2721 et
2814 2681 3091 2723 sermones
3121 2667 3189 2721 iis
3235 2667 3498 2734 revelare,

1947 2755 2041 2828 qui
2072 2754 2139 2811 ad
2170 2755 2446 2828 fastigium
2487 2757 2621 2812 illud
2651 2758 2957 2814 altitudinis
2983 2758 3155 2813 evecti
3184 2766 3328 2813 sunt.
3362 2755 3499 2811 Cum

1947 2857 2128 2905 autem
2162 2850 2322 2909 turbo
2377 2858 2752 2922 tempestatem
2794 2857 3034 2922 generet,
3084 2849 3253 2906 Jobus
3284 2864 3414 2905 vero
3444 2850 3500 2904 in

1942 2940 2293 2997 aﬂlictionum
2322 2949 2643 3014 tempestate
2673 2942 2798 2999 ﬁdei
2835 2941 3179 3014 naufragium
3210 2957 3319 3001 non
3356 2941 3501 2997 fece.

1942 3031 2036 3098 rit,
2064 3033 2159 3089 sed
2189 3035 2500 3090 constantia
2517 3034 2637 3104 ejus
2659 3035 2841 3105 potius
2867 3036 3145 3096 enituerit,
3171 3034 3378 3098 idcirco
3400 3033 3495 3104 qui

1938 3139 2264 3195 responsum
2293 3126 2344 3181 ci
2371 3125 2540 3192 dedit,
2590 3126 2658 3181 ad
2687 3126 3094 3198 signiﬁcandam
3126 3126 3494 3182 calamitatuni
3554 3146 3562 3153 -

1941 3217 2314 3294 tempestatem
2356 3229 2477 3284 quae
2515 3229 2639 3268 eum
2683 3217 3045 3285 corripuerat,
3094 3232 3191 3287 per
3221 3216 3493 3271 turbinem

1940 3320 2265 3376 responsum
2294 3305 2387 3363 dat
2419 3326 2433 3362 :
2466 3308 2595 3377 quia
2625 3323 2753 3365 vero
2768 3309 3129 3379 procellosum
3159 3323 3342 3365 rerum
3372 3307 3494 3378 ejus

264 3393 486 3440 statum
537 3388 593 3443 in
638 3405 886 3448 serenam
934 3394 1379 3466 tranquillitatem
1435 3399 1746 3466 mutaverit,
1786 3414 1895 3455 non
1948 3407 2159 3455 tantum
2206 3416 2305 3472 per
2349 3401 2645 3470 turbinem,
2690 3403 2785 3461 sed
2841 3419 2939 3475 per
2990 3404 3162 3461 nubes
3206 3404 3370 3460 etiam
3414 3403 3501 3458 lo-

266 3481 488 3552 quium

1852 3590 1937 3648 Ill.

1662 3685 1797 3745 Ibid.
1825 3704 1948 3761 pag.
1981 3688 2104 3745 547.

905 3795 1215 3852 Μεθοδίου.

2590 3806 2864 3862 Methodii.

338 3873 542 3929 Πολλοὶ
565 3878 942 3952 καταϐέϐηκαν
980 3887 1060 3949 είς
1086 3885 1334 3953 ἄϐυσσον,
1382 3888 1477 3960 οὐχ
1498 3889 1636 3944 ὥστε
1679 3909 1832 3964 περι-

2011 3896 2162 3953 ΜιιΙιί
2208 3897 2284 3953 ἰη“
2315 3898 2573 3971 abyssum
2605 3899 3023 3964 descenderunt,
3076 3914 3184 3954 non
3218 3908 3276 3955 ut
3320 3897 3377 3956 in
3428 3913 3499 3955 ea

262 3969 472 4023 πατεῖν
490 3970 549 4021 ὲν
582 3971 739 4043 αὐτῇ,
765 3973 878 4027 ἀλλ’
911 3975 1049 4031 ὥστε
1076 3977 1282 4051 δέσμιοι
1307 3976 1463 4035 εἶναι.
1508 3983 1708 4055 Ἰησοῦς
1739 3985 1833 4056 μό-

1953 3991 2297 4059 imbularent,
2338 3969 2432 4047 sed
2473 4000 2532 4046 ut
2565 3992 2797 4049 vinculis
2842 3993 3125 4049 constricti
3154 4000 3491 4048 tenerentur.

259 4074 361 4154 νος
420 4060 476 4112 ὲν
507 4060 744 4154 ἀϐύσσῳ-
770 4067 1168 4139 περιεπάτησεν
1220 4071 1297 4134 ὼς
1351 4072 1648 4146 ἐλεύθερος,
1701 4075 1832 4129 ὅπου

1953 4078 2104 4136 Solus
2131 4080 2292 4138 Jesus
2326 4082 2380 4135 in
2410 4081 2608 4154 abysso
2637 4084 2728 4139 tibi
2754 4084 2906 4138 nulla
2943 4093 3070 4139 sunt
3098 4084 3490 4139 ambulantium

262 4148 399 4219 τῃη
454 4152 890 4219 περιπατούντων
940 4157 1041 4210 οὐκ
1087 4157 1185 4213 ενι.
1230 4160 1416 4214 Εἵλετο
1455 4162 1561 4235 γὰρ
1607 4161 1832 4219 θάνατον

1953 4170 2187 4242 vestigia,
2220 4148 2499 4242 tanquam-
2521 4174 2660 4229 liber
2703 4175 3021 4231 ambulavit.
3082 4173 3489 4231 Mortem.enim

258 4243 371 4312 οὐχ
420 4242 714 4333 ὑπεύθυνος
746 4245 854 4312 ῶν,
890 4248 977 4303 ἴνα
1024 4252 1147 4315 τοὺς
1189 4252 1580 4325 ὑποκειμένους
1620 4254 1833 4326 θανάτῳ

1953 4261 2115 4333 elegit,
2163 4263 2251 4318 cui
2298 4279 2408 4319 non
2442 4276 2587 4321 esset
2612 4267 2904 4332 obnoxius,
2958 4279 3017 4322 ut
3050 4268 3212 4323 morti
3245 4267 3491 4322 addictos

257 4332 652 4407 λυτρώσηταιο
696 4338 895 4409 Λέγων
928 4341 1052 4408 τοῖς
1084 4343 1155 4395 ἐν
1177 4342 1452 4413 δεσμοῖς·
1511 4346 1828 4411 meaem-

1957 4332 2190 4412 iberaret
2215 4379 2226 4413 :
2256 4357 2447 4412 Dicens
2480 4360 2546 4413 iis
2572 4360 2662 4430 qui
2711 4361 2763 4415 in
2807 4361 3027 4415 vinculis
3078 4369 3250 4425 erant,
3285 4359 3437 4415 Exite
3470 4375 3490 4414 :

259 4427 372 4520 rei!
403 4427 527 4495 τοῖς
547 4431 619 4484 ἐν
643 4429 724 4496 τῷ
750 4434 984 4495 σκότει·
1022 4435 1507 4514 Ἁνακιιλύφθητε.
1542 4433 1611 4512 ᾯ
1637 4440 1729 4494 καὶ
1761 4439 1831 4495 τὰ

1953 4454 1984 4501 rt
2007 4447 2075 4502 iis
2102 4450 2192 4520 qui
2221 4451 2274 4504 in
2301 4450 2545 4516 tenebris,
2583 4427 2915 4507 'Revelamini
2950 4454 2993 4507 ⁸.
3041 4451 3178 4518 Cui,.
3212 4468 3277 4512 ea
3326 4453 3498 4513 etiam

257 4516 403 4590 ιξῆς
433 4520 830 4590 συμφωνοῦσιν.

1953 4554 2051 4609 [uae
2079 4553 2409 4611 sequuntur,
2425 4546 2806 4603 consentiunt..

1842 4624 1931 4683 IV.

1471 4712 1613 4771 Ibid.
1644 4729 1759 4785 cap.
1793 4732 1987 4785 xxvm,
2012 4736 2132 4790 pag.
2175 4720 2298 4776 570.

893 4804 1202 4860 Μεθοδίου.

2580 4813 2860 4877 Hel/radii.

349 4886 545 4961 Ὅρᾷς·
583 4890 676 4944 ἐπὶ
698 4891 842 4945 τέλει
872 4894 981 4947 τῶν
1004 4893 1179 4948 ἄθλων
1207 4896 1521 4968 ἀναγορεύει
1545 4898 1637 4952 τὸν
1668 4898 1836 4972 ἀθληει

2005 4902 2168 4958 Vides
2195 4912 2255 4958 ut
2276 4911 2399 4975 post
2425 4905 2783 4961 certaminum
2809 4904 3034 4968 exitum,
3060 4904 3261 4959 illustri
3284 4920 3480 4975 pramo-

260 4979 368 5052 τὴν
402 4981 643 5053 λαμπρῷ
664 4982 743 5054 τῷ
775 4985 1108 5057 κηρύγματι,
1141 4987 1235 5041 καὶ⁴
1262 4992 1457 5058 γυμνοϊ
1485 4989 1585 5061 τῆς
1617 4991 1829 5064 πληγῆς

1953 4996 2026 5050 ιίο
2055 4995 2269 5051 athleta:
2307 4994 2495 5051 laudes
2520 4995 2774 5060 celebret,
2812 4994 3067 5066 quodque
3097 4998 3153 5050 in
3186 4997 3339 5068 plaga
3363 4999 3490 5053 abs-

259 5072 329 5176 τὸ
355 5072 666 5145 ἀπόρρητον
684 5092 697 5105 ·
725 5076 843 5129 Οἴει
860 5094 940 5146 με
964 5076 1161 5145 ἄλλως
1193 5095 1292 5134 σοι
1320 5085 1825 5152 κεχρηματικέναι,

1953 5088 2210 5143 :onditum
2240 5095 2375 5150 erat,
2401 5087 2621 5154 revelet,
2644 5101 2767 5141 cum
2798 5088 2875 5141 ait
2917 5105 2932 5142 :
2966 5087 3199 5143 Putasne
3228 5106 3309 5143 me
3335 5089 3491 5144 aliter

259 5161 465 5231 λέγων,
491 5163 532 5231 ἢ
563 5165 663 5220 ἵνα
688 5164 1001 5237 ἀναφανῇς
1032 5168 1293 5236 δίκαιος;
1320 5171 1488 5225 Τοῦτο
1517 5175 1625 5228 τῶν
1656 5194 1824 5248 τραυ-

1958 5177 2027 5232 ibi
2056 5178 2403 5248 respondisse,
2454 5195 2613 5249 quam
2666 5189 2723 5233 ut
2763 5179 2944 5249 justus
2997 5195 3253 5249 appareas
3277 5180 3345 5235 ’τ
3374 5180 3489 5236 Hoc

265 5252 459 5320 μάτων
487 5254 551 5307 τὸ
577 5256 895 5327 φάρμακον·
934 5258 1089 5314 τοῦτο
1127 5261 1226 5332 τῆς
1264 5262 1539 5336 ὑπομονῆς
1570 5268 1602 5337 ὴ
1636 5267 1828 5322 ἀντίδο-

1953 5270 2214 5323 rulnerum
2238 5270 2611 5339 pharmacum,
2647 5269 2762 5324 haec
2802 5270 3073 5339 patientia:
3098 5271 3486 5326 remuneratio.

263 5358 376 5406 σις.
408 5343 489 5397 re
512 5344 621 5417 γάρ
650 5347 775 5419 ἑξῆς
802 5349 930 5414 ἴσως
956 5351 1142 5423 μικρὰ,
1175 5351 1277 5406 κᾶν
1310 5355 1517 5424 μεγάλα
1539 5357 1649 5410 τισὶ
1673 5357 1825 5430 δοκῇ,

1953 5357 2066 5425 lure
2115 5359 2258 5413 enim
2315 5368 2611 5416 consecuta
2660 5368 2808 5425 sunt,
2855 5362 2982 5416 licet
3021 5362 3297 5432 prioribus
3322 5363 3489 5434 duplo

266 5438 369 5489 καὶ
406 5438 616 5511 μικρῶν
643 5439 827 5495 ἕνεκεν
851 5444 1291 5516 οἱκονομηθέντα,
1328 5448 1422 5501 καὶ
1455 5450 1503 5502 εἰ
1534 5448 1608 5522 (8)
1639 5449 1827 5504 διπλα-

1953 5453 2173 5507 meliora
2203 5453 2486 5522 receperit.
2517 5454 2709 5524 exigua
2751 5453 3078 5523 quihusdam
3107 5462 3160 5510 et
3192 5455 3489 5511 levioribus

260 5527 374 5581 σίω
391 5525 499 5582 τῶν
527 5533 893 5605 ἀφῃρημένων
917 5535 1317 5607 ἀντιλαμϐάνει.

1953 5540 1998 5596 le
2028 5542 2230 5605 causis,
2264 5543 2449 5597 divina
2475 5541 2825 5597 Providentia
2858 5542 2934 5597 ita
2961 5542 3303 5614 disponente,
3332 5551 3387 5600 et
3408 5542 3486 5599 illi

1929 5634 2130 5688 tributa
2156 5634 2323 5689 videri
2348 5632 2575 5704 possint.

338 5735 366 5768 ⁵
389 5735 488 5791 Job
519 5754 632 5805 ιιι,
660 5738 761 5794 22-
792 5757 927 5808 nu,
949 5743 1004 5797 2.
1079 5744 1101 5777 '
1151 5743 1263 5803 Isa.
1300 5765 1447 5819 ms,
1478 5750 1529 5807 9.
1607 5755 1626 5787 ⁸
1657 5752 1757 5809 Job
1796 5767 1856 5809 st.

1953 5791 1961 5816 .
1995 5767 2095 5807 sec.
2130 5750 2290 5807 LXX.

337 5858 415 5933 (ἴ)
441 5862 515 5917 Et
542 5860 673 5932 γάρ.
707 5863 835 5939 Leg.
869 5861 901 5943 ᾖ
938 5868 1064 5945 γάρ.
1092 5867 1327 5928 (Ζοιιιιεπ.

2001 5873 2076 5946 (8)
2109 5875 2212 5931 Hal
2246 5875 2316 5931 εἰ.
2355 5872 2515 5933 Forte
2542 5874 2604 5932 Εί
2639 5872 2747 5930 καί.
2779 5870 2840 5928 Ρ.
2876 5870 3080 5938 Justu-
