3956 6198
214 463 3417 509 W

1518 657 1746 696 INEUNTE
1775 657 1990 698 θεοίτιο
2023 658 2096 699 IV.

1015 721 2612 1064 ALEXANDER

698 1224 1997 1355 LYCOPOLITANUS
2111 1230 2956 1362 EPISCOPUS

1550 1595 2061 1687 NOTITIA

1120 1787 1379 1850 (GALLARD.
1409 1788 1518 1838 Vet.
1547 1789 1685 1838 Patr.
1713 1785 1959 1848 Biblioth.,
1994 1787 2074 1850 IV,
2095 1788 2290 1851 Proleg.
2314 1825 2326 1848 ,
2349 1802 2398 1851 p.
2423 1788 2514 1853 ιι.)

206 2053 243 2110 Ι.
280 2052 577 2108 Alexander
618 2055 752 2106 unde
787 2051 956 2105 dictus
997 2049 1342 2119 Lycopolita?
1379 2049 1463 2102 An
1507 2047 1822 2119 Lycopoleos
1867 2049 2178 2117 episcopus?
2221 2047 2398 2100 Photii
2451 2047 2594 2102 locus
2645 2046 2977 2117 expenditur.
3035 2049 3150 2115 Quo
3195 2060 3420 2121 tempore

279 2125 489 2178 sederit.

209 2218 270 2271 II.
304 2218 437 2287 Ejus
466 2217 754 2287 Tractalus
781 2215 1039 2287 adversus
1067 2213 1393 2287 Manichacus
1441 2212 1623 2283 quanti
1653 2211 1944 2287 faciendus.
1979 2212 2177 2287 Auctor
2199 2213 2424 2281 primum
2454 2212 2707 2287 ethnicus,
2735 2209 2918 2265 deinde
2942 2210 2999 2264 Μ
3004 2213 3289 2287 aniehaieis
3311 2214 3422 2287 pla-

275 2281 393 2343 citis
427 2289 692 2341 addictus.
735 2286 905 2354 Ipsius
936 2285 1164 2339 llanetis
1210 2285 1356 2339 (elati
1378 2281 1534 2355 quam
1570 2283 1803 2351 proxime
1836 2285 2073 2337 accessit.
2111 2281 2187 2335 Ab
2225 2299 2399 2336 errore
2443 2282 2690 2336 divinitus
2722 2291 3012 2347 revocatus,
3055 2281 3420 2340 hwresiai'cha:

275 2360 526 2428 dogmata
547 2357 712 2411 solide
733 2357 1000 2425 refutauit.

210 2451 293 2506 ιιι.
323 2449 615 2505 Αἶσα-απάνὶ
642 2466 768 2518 opus
791 2451 1015 2518 primum
1040 2467 1071 2502 a
1103 2448 1416 2517 Combeﬁsio
1450 2449 1766 2518 evulgatum.
1798 2447 1936 2514 Quid
1963 2449 2014 2502 in
2036 2465 2094 2502 eo
2116 2447 2303 2502 Latine
2330 2445 2589 2502 reddendo
2627 2448 2932 2517 prazstiterit
2957 2446 3145 2502 editor.
3174 2445 3238 2500 In
3268 2448 3419 2502 illius

271 2523 497 2576 editione
521 2520 810 2575 recudenda
833 2536 1019 2574 novum
1038 2519 1270 2574 studium
1294 2518 1607 2572 adhibitum.

273 2687 310 2740 l.
349 2682 717 2738 Alexandrum
781 2680 1150 2752 Lycopolitam
1215 2680 1540 2749 appellatum
1602 2681 1757 2750 quasi
1791 2687 1832 2744 Α
1862 2682 1990 2734 tiam
2023 2681 2150 2736 alibi
2177 2681 2342 2734 tradit
2363 2680 2436 2751 (g)
2464 2701 2483 2732 ‹
2515 2681 2785 2735 Meletium
2820 2679 3062 2733 habitum
3089 2679 3260 2735 fuisse
3281 2680 3422 2736 Tbe-

209 2777 344 2848 Lyco
390 2773 684 2829 Thebaidis
723 2773 856 2826 urbe
893 2771 1204 2836 oriundum,
1252 2772 1492 2841 adeoque
1535 2773 1757 2828 natione

207 2869 535 2941 Egyptiu'm,
572 2863 901 2921 existimavit
929 2862 1284 2918 Combeﬁsius
1310 2863 1423 2933 (a);
1455 2863 1543 2918 cui
1573 2878 1758 2918 acces-

205 2978 320 3018 sere
347 2960 562 3015 Caveus
584 2953 657 3024 (ὁ)
697 2961 750 3009 et
783 2951 1068 3006 Fabricius
1095 2952 1185 3019 (c).
1227 2949 1331 3005 Sed
1362 2953 1568 3006 incerta
1599 2953 1757 3022 plane

201 3053 538 3120 conjectura,
568 3050 613 3105 si
646 3049 778 3105 ﬁdes
805 3049 1054 3104 habenda
1082 3047 1276 3103 Photio
1320 3050 1374 3104 in
1416 3048 1658 3118 Epitome
1694 3051 1758 3103 de

201 3144 534 3209 Monii-limis,
589 3157 750 3213 quam
810 3141 1013 3196 dudum
1069 3141 1237 3195 edidit
1293 3141 1363 3196 cl.
1421 3140 1758 3195 Montfauco-

198 3238 320 3291 nius
345 3236 449 3304 (ά).
487 3233 545 3288 ln
575 3249 642 3290 eo
672 3232 934 3302 siquidem
974 3247 1136 3302 opere
1172 3231 1398 3288 Photius
1431 3233 1496 3287 de
1528 3236 1757 3303 scripto-

197 3327 351 3382 ribus
384 3326 554 3380 verba
605 3324 810 3379 faciens
856 3323 946 3392 qui
997 3323 1258 3378 adversus
1303 3323 1428 3378 illos
1475 3324 1756 3380 haereticos

197 3419 395 3491 stylum
446 3417 733 3477 strinxere,
775 3414 1019 3468 meminit
1060 3429 1276 3484 quoque
1313 3415 1484 3469 nostri
1525 3415 1757 3470 Alexan-

194 3511 272 3564 dri
291 3509 364 3580 (δ)
388 3517 648 3576 tanquam
679 3506 830 3560 urbis
856 3505 1120 3576 Lyc-orum
1146 3507 1411 3576 pontificis
1442 3524 1456 3563 :
1491 3509 1556 3561 Ὅ
1577 3526 1634 3562 τε
1659 3509 1757 3578 τῆς

194 3600 402 3662 πόλεως
432 3598 624 3651 Λύκων
665 3596 1004 3669 Ἀλέξανδρος
1026 3597 1150 3660 τοὺς
1177 3599 1588 3670 ἀρχιερατικοὺς
1609 3603 1758 3668 ἐγκε-

190 3689 538 3762 χειρισμένος
582 3689 795 3759 νόμους,
845 3695 904 3742 ιιι
946 3688 1173 3757 proinde
1214 3689 1356 3743 haud
1403 3690 1560 3745 facile
1607 3691 1755 3744 dictu

189 3792 492 3846 statuatur,
539 3799 666 3836 num
707 3792 894 3837 auctor
925 3781 1227 3852 Lycopotita
1269 3791 1552 3853 propterea
1597 3783 1757 3838 fuerit

189 3877 525 3946 appellatus,
560 3873 702 3942 quod
732 3880 914 3926 ortum
943 3873 1158 3926 duxerit
1202 3874 1315 3928 sive
1357 3889 1424 3928 ex
1463 3872 1758 3929 Thebaidis
1789 3949 1792 3951 _

189 3971 382 4039 primae
417 3966 696 4037 Lycopoli,
730 3966 844 4021 sive
871 3980 937 4020 ex
970 3965 1137 4020 altera
1182 3965 1434 4037 Lycopoli
1485 3967 1755 4024 inferioris

188 4035 419 4132 λεπριὶ
450 4035 610 4128 quam
641 4058 695 4111 in
719 4071 881 4111 nomo
909 4035 1267 4128 Sebennytico
1293 4035 1426 4112 mari
1457 4061 1755 4129 proximam
1787 4035 1830 4089 Β

190 4152 512 4222 Stephanus
543 4148 767 4215 statuit;
801 4163 868 4202 an
891 4149 1071 4219 potius
1093 4149 1296 4204 idcirco
1319 4149 1480 4205 fuerit
1514 4151 1787 4222 Lycopo-,

191 4245 287 4298 lita
311 4244 519 4306 dictus,
541 4243 685 4312 quod
707 4241 1038 4313 Lycopoleos
1055 4243 1423 4312 epiSCOpatum
1444 4243 1756 4300 obtinuerit.

261 4332 455 4404 Neque
498 4347 624 4386 vero
666 4330 830 4384 alicui
863 4345 1070 4384 moram
1101 4330 1301 4386 inferre
1330 4331 1488 4387 debet
1519 4333 1758 4390 insolens

191 4421 462 4477 Photiana
499 4419 754 4491 loquendi
777 4421 935 4483 ratio,
970 4434 1075 4488 qua
1113 4421 1282 4476 fertur
1311 4421 1758 4493 Lycopolitanum

194 4514 726 4584 archiepiscopatum
769 4515 1011 4571 tenuisse
1054 4514 1392 4581 Alexander;
1435 4531 1556 4569 cum
1590 4532 1757 4590 unum

196 4607 624 4663 Alexandrinum
658 4606 952 4662 antistitem
992 4607 1160 4662 totius
1197 4607 1526 4678 Egyptiacze
1558 4609 1757 4664 dicace-

196 4714 323 4754 θεοῦ
382 4697 849 4767 archiepiscopum
909 4697 1079 4752 fuisse
1134 4706 1364 4752 constet.
1425 4698 1758 4769 Epiphanius

194 4795 346 4843 certe
377 4785 646 4842 Meletium
679 4784 1120 4858 Lycopolitanum
1148 4787 1458 4858 episcopum
1489 4790 1757 4858 schisma-

195 4878 370 4930 ticum
405 4892 715 4932 memorans
744 4877 831 4945 (Ῑ)
862 4897 875 4931 :
913 4896 931 4928 ι
961 4878 1241 4948 Atqueille
1262 4880 1500 4949 quidem,
1527 4881 1622 4943 ait,
1655 4896 1750 4936 οεο-

195 4969 330 5024 teris
384 4967 607 5039 Egypti
660 4969 929 5038 episcopis
985 4971 1332 5036 antecellens,
1387 4974 1683 5028 secundum
1727 4991 1757 5028 a

193 5057 362 5114 Petro
405 5059 772 5116 Alexandrino
820 5061 1100 5131 dignitatis
1154 5063 1330 5117 locum
1386 5065 1700 5121 obtinebat:
1735 5087 1752 5120 ›

205 5151 414 5205 Ἐδόκει
438 5152 497 5205 δὲ
523 5155 553 5206 ὁ
581 5155 843 5224 Μελήτιος
867 5153 974 5206 τῶν
1001 5157 1139 5210 κατὰ
1165 5156 1262 5228 τὴν
1299 5157 1566 5226 Αἴγυπτον
1592 5160 1758 5232 προή-

191 5259 331 5308 κων,
359 5248 454 5298 καὶ
477 5246 802 5319 δευτερεύων
820 5248 896 5319 τῷ
916 5249 1103 5320 Πέτρῳ
1125 5247 1201 5318 τῷ
1227 5248 1335 5329 τῆς.
1363 5249 1757 5321 Ἀλεξανδρείας

188 5334 337 5388 κατὰ
362 5336 466 5406 τὴν
493 5337 940 5411 ἀρχιεπισκοπήν.
983 5339 1158 5409 Atque
1186 5340 1240 5392 in
1269 5342 1510 5395 eamdem
1542 5340 1753 5397 senten-

281 5491 341 5568 ᾳ)
371 5491 621 5568 gombef.
651 5493 872 5568 Auctor.
901 5496 1114 5568 noviss.,
1145 5503 1280 5568 part.
1306 5513 1365 5560 ιι,
1399 5514 1521 5568 pag.
1559 5499 1613 5552 2.

280 5563 334 5641 ό)
365 5563 753 5641 _(_Za_v._Dissert.
776 5566 839 5641 d_e
861 5566 1038 5634 script.
1061 5561 1186 5641 eget.
1215 5561 1597 5641 ιἠεεζεςξωῖίιιη
1618 5587 1668 5641 p.
1699 5561 1752 5623 ρ’.

253 5638 330 5702 (e)
361 5633 582 5705 Fabric.
609 5635 746 5705 Bibl.
783 5635 900 5705 Gr.,
932 5633 1059 5691 tem.
1089 5635 1152 5699 ν,
1179 5652 1296 5705 pag.
1327 5637 1451 5694 287.

255 5701 337 5769 (ά)
363 5701 744 5777 Montf._Bibl.
786 5704 972 5777 Coisl.,
1005 5722 1123 5777 pag.
1153 5701 1437 5777 Sitti—seqq.

257 5779 326 5842 (ε)
361 5773 529 5829 Phot.
561 5773 729 5842 Epist.
762 5777 824 5831 de
852 5773 1111 5842 ΜαηὶεΙιξ,
1139 5777 1174 5833 ι.
1204 5793 1276 5843 c.,
1303 5773 1422 5850 pag.
1455 5779 1576 5834 554.

1863 2773 2036 2829 baidis
2076 2773 2289 2844 Egypti
2328 2773 2617 2842 provincia:
2645 2773 3115 2842 archiepiscopum
3147 2791 3160 2826 :
3194 2792 3212 2824 ι
3244 2773 3421 2844 Μελή-

1859 2883 1989 2928 τιος,
2018 2865 2046 2915 ὁ
2076 2864 2174 2934 τῆς
2201 2862 2472 2932 Αἰγύπτου
2518 2863 2624 2916 ἀπὸ
2661 2862 2922 2931 Θηϐαΐδος
2952 2861 3125 2915 δοκῶν
3170 2858 3306 2915 εἶναι
3331 2863 3424 2916 καὶ

1861 2957 2020 3019 αὐτὸς
2046 2956 2486 3028 ἀρχιεπίσκοπος.
2532 2953 2654 3009 Haec
2689 2962 2866 3008 autem
2897 2969 3114 3024 quoquo
3143 2954 3304 3008 modo
3331 2969 3424 3008 ac-

1862 3049 2152 3119 cipiantur,
2179 3047 2224 3102 si
2245 3047 2369 3116 quis
2395 3045 2725 3100 admittenda
2756 3052 2994 3108 censeat,
3019 3045 3074 3098 in
3096 3045 3226 3100 sede
3259 3043 3425 3117 Lyco-

1861 3142 2099 3212 politana
2129 3139 2372 3208 proxime
2412 3139 2765 3193 antecesserit
2792 3137 3096 3192 Alexander
3125 3136 3419 3210 Meletium,

1861 3248 2021 3303 quem
2052 3232 2270 3286 ineunte
2295 3232 2495 3284 saeculo
2523 3247 2578 3286 tv
2605 3230 2920 3285 cathedram
2955 3231 3098 3283 illam
3123 3245 3424 3300 occupasse

1863 3325 2224 3394 comperimus
2253 3344 2264 3378 :
2296 3337 2404 3395 quo
2433 3340 2564 3378 sane
2601 3323 2791 3376 ordine
2829 3323 2969 3377 inter
3008 3321 3423 3394 Lycopolitanos

1863 3419 2122 3488 prazsules
2153 3417 2326 3486 ipsum
2359 3416 2527 3470 refert
2562 3414 2892 3486 Lequienius
2921 3413 2984 3469 ν.
3016 3413 3079 3469 C.
3116 3413 3294 3470 Pltotii
3326 3429 3424 3468 au-

1861 3509 2108 3564 ctoritate
2137 3515 2413 3578 permotus
2439 3505 2532 3577 (Ιι).

1933 3600 1993 3655 ll.
2035 3599 2206 3655 Porro
2249 3608 2524 3669 utcunque
2569 3614 2628 3653 se
2671 3612 2760 3652 res
2799 3596 3018 3659 habeat,
3062 3595 3178 3650 sive
3213 3595 3424 3664 origine

1863 3693 1976 3748 sive
2004 3693 2265 3763 dignitate
2291 3692 2435 3749 sedis
2461 3691 2776 3763 Lycopolita
2799 3689 2960 3744 fuerit
2990 3699 3174 3743 noster
3193 3687 3424 3740 Alexan-

1862 3786 1978 3850 der,
2022 3785 2155 3840 illud
2183 3794 2389 3841 certum
2423 3787 2894 3856 exploratumque,
2935 3783 3111 3852 ipsum
3138 3781 3258 3851 jure
3286 3779 3425 3848 opti-

1862 3893 1952 3932 mo
1991 3879 2131 3933 inter
2163 3878 2457 3947 scriptores
2489 3877 2890 3932 ecclesiasticos
2925 3875 3104 3927 locum
3129 3872 3232 3927 sibi
3255 3869 3425 3926 vindi-

1863 3985 2008 4032 care,
2032 3970 2230 4039 quippe
2248 3970 2340 4040 qui
2362 3969 2694 4024 luculentum
2716 3967 2976 4022 adversus
3006 3965 3422 4019 Manichaeorum

1858 4061 2054 4131 placita
2085 4067 2372 4114 tractatum
2404 4060 2599 4115 litteris
2643 4057 2981 4128 consignarit
3019 4073 3033 4110 :
3069 4054 3267 4108 Allatio
3295 4069 3423 4123 pro-

1857 4160 2041 4221 pterea
2070 4152 2248 4207 dictus
2274 4153 2336 4224 (ἱ)
2360 4163 2550 4205 auctor
2581 4151 2964 4205 eruditissimus
2989 4155 3042 4203 et
3069 4144 3424 4216 φιλοσοφικὼ-

1857 4261 2035 4308 τατος,
2073 4243 2298 4314 ejusquc
2338 4261 2475 4314 opus
2513 4243 2718 4298 libellus
2750 4256 2978 4303 aureus;
3019 4257 3085 4295 ex
3125 4255 3232 4310 quo
3259 4240 3421 4294 etiam

1859 4338 1967 4392 duo
2005 4339 2121 4392 loca
2154 4338 2445 4408 exscripsit
2474 4337 2832 4407 protulitque,
2877 4333 3005 4388 dum
3037 4333 3215 4389 adhuc
3253 4333 3309 4387 in
3339 4332 3422 4388 bi-

1858 4429 2144 4485 bliothecis
2177 4431 2391 4486 latebat.

1927 4519 2007 4575 Ex
2046 4522 2228 4592 operis
2270 4532 2448 4578 autem
2483 4521 2842 4591 inscriptione
2896 4518 3158 4576 discimus
3189 4516 3422 4572 Alexan-

1858 4613 2016 4668 drum
2039 4613 2207 4668 fuisse
2228 4613 2460 4683 primum
2483 4613 2711 4668 ethnica’,
2730 4611 3100 4682 superstitioni
3119 4609 3418 4664 addictum:

1857 4721 1982 4759 mox
2008 4720 2156 4771 vero,
2193 4704 2501 4760 Grzecorum
2532 4705 2679 4759 cultu
2704 4705 2912 4768 relicto,
2949 4703 3297 4758 Manichaicaa
3322 4702 3420 4755 do-

1859 4797 2045 4851 ctrina:
2075 4797 2313 4851 animum
2344 4797 2629 4866 adiecisse,
2653 4810 2814 4866 quam
2843 4796 2912 4851 ab
2945 4795 3012 4851 iis
3037 4795 3128 4864 qui
3156 4810 3280 4849 cum
3308 4793 3419 4848 ha:-

1859 4890 2134 4944 resiarcba
2169 4889 2507 4945 familiariter
2541 4891 2755 4945 fuerant.
2799 4888 3127 4953 conversati,
3174 4886 3281 4939 ἀπὸ
3308 4886 3419 4939 τῶν

1859 4983 2148 5054 γνωρίμων
2185 4983 2276 5036 τοῦ
2311 4971 2521 5055 ἀνδρὸς,
2553 4998 2610 5037 se
2637 4982 2913 5051 accepisse
2933 4987 3172 5036 testatur
3192 4978 3209 5050 (
3215 4979 3242 5048 j
3255 4978 3273 5050 )
3309 4997 3321 5033 :
3359 4986 3419 5033 ut

1859 5080 2144 5142 prepterea
2192 5075 2236 5128 si
2283 5073 2352 5127 ab
2396 5073 2567 5142 ipsius
2615 5071 2841 5127 Manetis
2884 5071 3218 5143 temporibus
3271 5070 3414 5123 haud

1859 5164 2017 5234 longe
2046 5173 2311 5219 remotum
2350 5163 2518 5219 fuisse
2558 5171 2840 5229 auctorem
2878 5164 3002 5233 quis
3033 5162 3327 5226 existimet,
3362 5160 3414 5214 id

1860 5272 1990 5311 sane
2009 5257 2132 5325 jure
2157 5258 2361 5326 Optimo
2387 5257 2658 5326 conjicere
2694 5255 2955 5311 videatur.
2992 5255 3074 5308 Ab
3106 5269 3169 5309 ea
3198 5253 3414 5307 demum

1858 5355 2006 5404 secta
2037 5349 2297 5403 divinitus
2339 5356 2625 5404 revocatus
2666 5359 2825 5418 atque
2853 5347 2921 5400 ad
2948 5346 3245 5401 Ecclesiam
3273 5359 3409 5402 con-

1739 5537 1744 5567 _;
1855 5538 1860 5543 -
1927 5495 2002 5569 (ι’)
2031 5496 2220 5569 βρίριι.
2253 5497 2382 5551 haer.
2417 5510 2607 5562 vam,
2638 5511 2788 5569 num.
2824 5496 2876 5550 1.

1925 5565 1998 5638 (g)
2031 5565 2105 5638 ιιι.
2133 5565 2268 5622 liter.
2304 5584 2635 5638 thxtnum.
2666 5568 2720 5620 2.

1925 5634 2000 5708 (71)
2025 5637 2278 5708 chuien.
2319 5639 2411 5691 0r.
2437 5637 2592 5708 Clin,
2608 5646 2747 5708 tom.
2775 5636 2838 5702 Il,
2867 5651 2988 5708 pag.
3018 5634 3142 5708 597.

1948 5707 1989 5776 i)’
2017 5707 2176 5763 Allat.
2208 5709 2274 5762 ad
2300 5707 2542 5762 Eustatlt.
2569 5707 2847 5771 Πρωαεηι..
2872 5707 3035 5778 pagg.
3063 5707 3132 5763 50
3161 5713 3215 5763 et
3239 5707 3329 5764 36.

1948 5715 1984 5776 ἱ)
2017 5715 2176 5763 Allat.
2208 5715 2274 5762 ad
2300 5715 2542 5762 Eustath.
2569 5715 2847 5771 llexaem.,
2880 5723 2995 5778 pagg

1923 5715 1994 5850 lj)
2020 5780 2172 5837 Alex.
2198 5780 2258 5835 de
2292 5779 2523 5835 Manich.
2555 5780 2764 5850 placit.,
2797 5795 2915 5850 cap.
2940 5779 2995 5834 2.
