3906 6194
554 329 656 385 ιιι

1532 329 1928 387 ALEXAND!“
1961 330 2264 388 EPISCOPI
2303 333 2809 390 LYCOPOLlTANl
3669 332 3762 388 lli

551 444 792 518 fugiens,
822 421 1190 502 hairesiarcha:
1219 447 1365 503 illius
1390 448 1590 518 probra
1613 450 1835 513 detexit,
1867 459 1920 507 et
1944 453 2112 508 male—
2139 460 2186 514 Α
2213 453 2478 510 llenricus
2531 452 2780 510 Valesius
2828 455 2910 508 vir
2967 466 3227 516 summus,
3291 448 3467 519 inquit
3522 447 3764 504 laudatus

554 554 689 596 sana
720 538 839 608 ejus
878 537 1128 608 dogmata
1174 541 1346 594 solide
1391 541 1683 596 refutavit:
1711 543 1856 612 quod
1897 544 2113 614 quidem

556 628 840 700 magniﬁce
881 631 1153 700 prmstitit,
1202 633 1465 703 pluraque
1508 634 1669 688 simul
1711 649 1870 706 quam
1913 636 2024 700 alii,
2060 647 2117 692 ut

556 722 830 792 quondam
861 729 1022 778 secta:
1052 724 1404 791 domesticus,
1440 725 1507 780 de
1538 727 1683 781 illius
1717 729 1932 797 placitis
1959 731 2115 786 nobis

554 824 831 883 comperta
876 814 1070 870 fecisse
1116 818 1450 886 comperitur
1486 837 1500 871 :
1540 834 1648 888 quo
1695 821 1856 873 etiam
1899 822 2116 878 nomine

556 905 868 974 hujusmodi
913 908 1154 962 auctoris
1186 908 1493 964 lucubratio
1529 911 1698 965 multo
1729 911 1784 966 in
1810 913 1985 982 pretio
2013 914 2114 967 ha—

553 997 730 1054 benda
757 999 988 1054 videtur.

627 1086 715 1142 lll.
755 1087 1102 1145 Hnncantem
1127 1089 1420 1145 Alexandri
1446 1089 1610 1146 fetum
1629 1093 1834 1161 primus
1858 1095 1910 1149 in
1939 1096 2113 1151 lucem

555 1181 748 1235 extulit
769 1180 1124 1238 Combeiisius
1151 1182 1221 1253 (k)
1245 1200 1308 1237 ex
1328 1183 1558 1238 Emerici
1583 1183 1772 1252 Bigotii
1798 1187 2112 1257 exemplari,

555 1274 700 1343 quod
746 1273 834 1328 hic
876 1275 928 1328 in
971 1273 1174 1329 Italiam
1214 1275 1488 1344 profectus
1519 1277 1585 1330 ab
1609 1276 1886 1332 llolstenio
1920 1295 2114 1349 magno

556 1373 779 1415 munere
808 1373 1109 1431 acceperat.
1136 1363 1389 1420 Auctoris
1419 1365 1592 1436 stylus
1621 1366 1988 1432 duriusculus,
2026 1378 2111 1422 at-

554 1466 663 1521 que
710 1452 976 1523 imperitia
1031 1457 1222 1510 scriba:
1272 1458 1450 1513 adhuc
1502 1459 1822 1526 intricatior,
1878 1462 2009 1531 quin
2060 1471 2114 1517 et

555 1542 730 1612 ipsius
787 1547 1088 1615 argumenti
1147 1549 1472 1618 perplexitas
1525 1549 1780 1604 lectorem
1843 1551 2113 1606 interdum

557 1639 823 1701 moratur,
885 1634 1019 1690 adeo
1048 1643 1105 1689 ut
1147 1653 1243 1692 nec
1286 1639 1568 1693 lectionem
1618 1639 1884 1708 patienter
1931 1643 2113 1698 tulerit

625 1787 698 1858 (is)
724 1787 966 1848 Combei'.
990 1789 1142 1847 Auct.
1171 1794 1385 1858 noviss.,
1418 1799 1556 1864 part.
1584 1809 1643 1858 ιι,
1668 1808 1786 1865 pag.
1820 1796 1852 1850 '5
1878 1812 2029 1869 seqq.

2215 546 2593 601 Combelisins.
2625 545 2728 612 Qui
2761 556 2815 601 et
2841 545 2909 600 de
2938 560 2996 600 se
3027 544 3144 614 ipso
3173 543 3347 612 deque
3371 555 3471 595 sua
3499 540 3762 610 interpre-

2214 638 2420 692 tatione
2459 638 2563 693 ista
2609 638 2792 692 subdit
2835 656 2851 693 :
2895 654 2914 688 ι
2965 635 3092 690 Mihi
3130 648 3365 705 quoque,
3415 631 3614 694 fateor,
3663 647 3764 686 non

2214 743 2376 783 unam
2409 728 2523 782 ﬁxit
2551 743 2790 791 crucem,
2833 743 2941 782 non
2973 735 3082 780 tam
3112 724 3394 794 scriptoris
3421 721 3597 788 λοξὸν,
3635 737 3696 776 ac
3722 723 3768 778 si

2213 819 2343 888 quid
2387 818 2504 886 ejus
2547 819 2713 873 naevis
2763 817 2960 873 ascribi
3011 823 3186 886 potest
3223 814 3440 884 (quibus
3484 829 3596 867 non
3639 813 3771 868 adeo

2215 910 2436 966 sordere
2457 911 2782 980 existimem)
2816 925 2976 980 quam
3010 907 3369 963 exscribentis
3404 921 3624 968 manus,
3661 905 3773 960 sive

2214 998 2406 1053 menda
2434 1000 2597 1068 priori
2623 999 2916 1068 exemplari
2945 997 3240 1058 haerebant,
3271 997 3382 1050 sive
3401 997 3518 1065 ipsa
3549 995 3769 1063 adjecit.

2215 1089 2437 1144 Factum
2461 1098 2639 1144 tamen
2664 1105 2841 1160 spero,
2867 1096 2926 1142 ut
2949 1103 3053 1158 qua
3074 1087 3321 1142 insudavi
3343 1102 3530 1156 opera,
3553 1085 3774 1142 omnem

2215 1181 2400 1235 lectori
2426 1197 2591 1256 prope
2618 1181 2906 1245 reﬁxerim,
2935 1195 2998 1234 ac
3026 1180 3223 1250 quibus
3249 1180 3468 1244 haereat,
3499 1195 3674 1250 pauca
3695 1197 3776 1236 re-

2213 1272 2482 1342 liquerim.
2521 1293 2539 1324 ι
2576 1272 2696 1326 llaec
2731 1272 2838 1327 ille.
2872 1271 3042 1342 Cujus
3071 1271 3359 1327 editionem
3389 1287 3514 1341 qua:
3544 1287 3654 1326 una
3679 1287 3775 1327 ex-

2213 1371 2341 1426 stat,
2389 1365 2809 1420 emendatiorem
2855 1363 3272 1433 nitidioremque
3311 1363 3681 1434 proferimus;
3724 1374 3776 1419 et

2201 1472 2321 1529 .quo
2353 1457 2566 1526 planior
2596 1457 2773 1526 Operis
2807 1464 3093 1512 contextus
3126 1455 3339 1521 evadat,
3373 1455 3507 1511 illud
3552 1457 3608 1510 in
3654 1471 3775 1513 sec-

2211 1549 2388 1605 tiones
2417 1552 2671 1621 partitum
2704 1550 3042 1609 exhibemus.

564 1991 3756 2022 W

1618 2169 2717 2330 ALEXANDRI

1199 2463 1898 2595 EPISCOPI
1958 2464 3117 2594 LYCOPOLITANI

1819 2718 2504 2808 TRACTATUS

1086 2930 1266 3042 DE
1342 2929 1991 3044 PLACITIS
2068 2926 3232 3046 MANICHXEORUM.

1652 3260 1740 3342 ζ
1759 3261 1894 3342 ,βςὶ
1936 3262 2113 3342 Εὲῖῦἷο
2140 3286 2182 3342 c
2214 3261 2701 3342 ΑᾼΕτῖὲἕέἒίὶῖ
2726 3258 3416 3342 Λὲ)-.έ¹.Υ¹Σ(Ξ¹Ξ⁰,ΑΠῖΞ¹Ϊ-
3432 3261 3784 3342 βρέξΐῗέ

559 3253 796 3313 ΔιΕΧΑ
811 3254 989 3310 NDRI
1041 3257 1528 3314 LYCOPOLI'NE
1545 3303 1558 3323 ,

633 3326 853 3384 TIBUS
893 3327 986 3380 AD
1022 3327 1432 3384 MANlCll/EI
1473 3330 1598 3386 0P1

638 3397 910 3453 rursus
946 3397 1234 3454 FUERAT
1259 3401 1355 3473 (ι).

1665 3331 1894 3388 IONES
1933 3333 2112 3390 CON-

2607 3329 2701 3383 ΕΞ
2719 3331 2966 3386 ΕΘΝΩΝ
2989 3333 3182 3384 ΠΡΟΣ
3205 3332 3336 3383 ΤΑΣ
3357 3331 3789 3387 ΜΑΝῙΧΑΙΟΥ

1044 3516 1168 3573 CAP.
1200 3517 1242 3574 i.
1273 3518 1626 3588 Philosopr
1652 3519 1965 3576 Christianae
1995 3522 2323 3591 prastanlia.
2348 3519 2412 3574 In
2441 3518 2760 3574 Christianis
2797 3517 3076 3572 hwreseum
3107 3519 3274 3588 origo.

626 3631 1062 3688 Christianorum
1115 3633 1458 3704 philosophia
1512 3634 1737 3704 simplex
1785 3637 2104 3706 appellatur.

559 3723 682 3780 Haac
712 3725 965 3780 nimirum
999 3725 1342 3780 instituendis
1367 3725 1606 3779 moribus
1627 3725 1918 3795 plurimum
1948 3736 2111 3784 navat

555 3831 809 3887 operam,
854 3815 1104 3870 certioris
1136 3814 1380 3869 veritatis
1433 3815 1498 3871 de
1547 3814 1655 3869 Deo
1689 3830 1968 3872 sermones
2013 3818 2111 3874 ob-

559 3926 717 3966 scure
755 3910 1075 3975 insinuans;
1109 3924 1339 3978 quorum
1367 3917 1547 3979 caput,
1585 3909 1662 3965 rei
1697 3908 1860 3979 hujus
1889 3911 2114 3981 diligen-

557 4007 691 4059 tiam
732 4003 925 4058 merito
966 4015 1154 4056 omnes
1193 4001 1525 4066 admiserint,
1562 4003 1651 4058 ubi
1679 4019 1842 4059 causa
1875 4004 2110 4059 efﬁciens

559 4095 897 4151 nobilissima
927 4093 1429 4163 antiquissimaque,
1449 4101 1609 4163 atque
1632 4095 1871 4150 omnium
1901 4103 2109 4160 auctor,

559 4188 629 4242 ab
673 4187 780 4242 illis
817 4185 1092 4240 statuitur.
1127 4181 1347 4239 Relictis
1385 4201 1617 4256 namque
1661 4187 1766 4254 bis,
1803 4188 1896 4257 qui
1929 4203 2112 4244 mores

559 4285 961 4343 consectantur,
993 4292 1111 4347 quae
1142 4279 1451 4348 operosiora
1476 4287 1622 4344 sunt,
1657 4281 1833 4350 qualis
1862 4280 2114 4336 videlicet

2283 3632 2618 3706 Χριστιανῶν
2645 3631 2928 3701 φιλοσοφία
2966 3629 3107 3700 ἁπλῆ
3137 3628 3396 3683 καλεῖται.
3420 3629 3570 3702 Αὕτη
3601 3629 3666 3683 δὲ
3696 3631 3788 3684 ἐπὶ

2212 3728 2310 3799 τὴν
2331 3725 2424 3779 τοῦ
2453 3724 2614 3796 ἤθους
2643 3721 2982 3793 κατασκευὴν
3026 3721 3124 3792 τὴν
3167 3721 3424 3793 πλείστην
3463 3722 3788 3793 ἐπιμέλειαν

2215 3821 2464 3880 ποιεῖται,
2502 3815 2845 3886 αἰνιττομένη
2877 3814 3004 3885 περὶ
3031 3812 3137 3866 τῶν
3174 3813 3576 3886 ἁκριῦεστέρων
3608 3814 3788 3884 λόγων

2216 3913 2344 3982 περὶ
2376 3909 2510 3963 Θεοῦ
2531 3927 2545 3940 ο
2577 3902 2650 3962 ὧν
2679 3907 2739 3961 τὸ
2772 3908 3065 3975 κεφάλαιον
3092 3907 3191 3976 τῆς
3223 3907 3351 3977 περὶ
3388 3907 3562 3960 ταῦτα
3612 3925 3790 3961 σπου-

2215 4005 2310 4076 δῆς
2329 4003 2548 4065 εἰκότως
2577 4000 2641 4054 ἂν
2674 4002 2906 4062 ἅπαντες
2946 3997 3310 4063 ἀποδέξαιντο,
3359 3997 3487 4052 ἔνθα
3530 4000 3593 4052 τὸ
3629 4018 3795 4072 ποιη-

2215 4096 2363 4149 τικὸν
2404 4094 2573 4147 αἴτιον
2606 4090 2931 4162 τιμιώτατον
2964 4089 3201 4144 τίθενται
3245 4090 3340 4143 καὶ
3381 4091 3793 4162 πρεσϐύτατον,

2217 4185 2311 4239 καὶ
2343 4185 2556 4238 πάντων
2580 4183 2749 4236 αἴτιον
2770 4182 2876 4235 τῶν
2909 4181 3092 4235 ὄντων.
3139 4183 3290 4235 Ἐπεὶ
3317 4181 3406 4234 καὶ
3437 4185 3546 4244 τοῖς
3565 4182 3796 4252 ἠθικοῖς

2216 4279 2282 4331 τὰ
2316 4278 2685 4349 ὲργωδέστερα
2709 4275 3155 4346 παραλείποντες,
3187 4270 3295 4329 οἷον
3325 4275 3403 4338 τίς
3425 4290 3482 4326 τε
3524 4275 3561 4345 ἡ
3606 4276 3794 4350 ἠθικὴ

556 4373 733 4426 virtus
759 4370 979 4426 moralis
1013 4376 1096 4424 est
1117 4376 1170 4423 et
1202 4370 1482 4425 rationalis
1500 4410 1516 4436 ,
1538 4388 1871 4440 quaecunque
1901 4372 2026 4427 item
2044 4371 2110 4428 de

2222 4370 2380 4441 ἁρετὴ
2428 4369 2521 4421 καὶ
2569 4365 2791 4439 λογικὴ,
2832 4367 2927 4420 καὶ
2955 4367 3054 4420 ὅσα
3093 4366 3306 4435 λέγεται
3341 4367 3463 4436 περὶ
3499 4366 3658 4436 ἠθῶν
3695 4373 3797 4423 καὶ

558 4464 825 4528 moribus,
860 4463 1035 4533 deque
1068 4461 1212 4516 vitiis
1241 4473 1294 4517 et
1323 4462 1602 4518 ail'ectibus
1635 4463 1918 4528 dicuntur,
1965 4465 2110 4519 circa

2215 4460 2420 4524 παθῶν,
2451 4459 2576 4529 περὶ
2599 4459 2690 4512 τὸν
2721 4458 3032 4512 ὑποθετικὸν
3063 4459 3390 4530 διατρίϐουσι
3413 4458 3581 4512 τόπον
3602 4477 3616 4490 ο
3643 4478 3797 4514 στοι-

556 4556 942 4628 praeceptiones
988 4564 1269 4610 morantur
1330 4575 1341 4608 :
1389 4555 1531 4608 haud
1581 4555 1797 4624 quidem
1848 4555 2110 4611 elementa

2222 4555 2333 4622 κεῖα,
2366 4551 2462 4622 μὲν
2489 4552 2623 4623 πρὸς
2647 4549 2882 4622 ἑκάστης
2916 4550 3115 4624 ἀρετῆς
3150 4550 3414 4621 ἀνάληψιν
3453 4552 3556 4604 οὐκ
3599 4554 3797 4608 ἀποδι-

559 4646 847 4704 reddentes
880 4649 1078 4718 quibus
1116 4663 1448 4717 unaquaeque
1505 4647 1679 4702 virtus
1731 4647 1967 4716 paranda
2007 4647 2110 4714 sit;

556 4741 830 4798 crassiora
860 4757 988 4796 vero
1021 4748 1308 4810 pmcepta,
1347 4740 1427 4794 sic
1479 4739 1638 4809 quasi
1683 4748 1885 4794 temere
1921 4755 2113 4810 conge-

555 4843 738 4889 rentes
781 4851 797 4888 :
834 4848 1065 4904 quorum
1106 4831 1291 4886 auditu
1327 4846 1609 4886 commune
1633 4831 1844 4901 vulgus,
1879 4837 1937 4884 ut
1959 4846 2115 4901 expe-

557 4926 752 4981 rientia
783 4924 1066 4988 discimus,
1101 4922 1169 4976 ad
1206 4919 1522 4976 modestiam
1548 4919 1702 4973 valde
1731 4919 2113 4989 proﬁcit,insi-

556 5013 754 5082 detque
780 5026 968 5066 eorum
998 5009 1238 5064 moribus
1254 5009 1467 5079 pietatis
1493 5007 1793 5072 character,
1810 5007 2110 5076 viviﬁcans,

559 5116 680 5172 quae
712 5115 781 5157 ex
804 5100 897 5154 tali
927 5099 1318 5155 consuetudine
1347 5113 1558 5153 morum
1599 5098 1920 5168 compositio
1960 5097 2118 5154 indoo

560 5195 745 5266 lesque
766 5192 1126 5258 contrahitur,
1154 5190 1519 5262 paulatimque
1536 5189 1603 5245 ad
1637 5190 1762 5246 boni
1796 5190 2118 5262 honestique

559 5287 764 5344 ducens
798 5285 1112 5359 appetitum.

637 5379 744 5436 Hac
776 5395 906 5436 vero
935 5394 965 5434 a
998 5376 1338 5449 sequentium
1377 5376 1532 5432 turba
1584 5377 1641 5430 in
1695 5375 1893 5430 multas
1943 5374 2118 5431 divisa

563 5470 912 5538 quaestiones,
966 5468 1220 5525 exstitere
1248 5465 1452 5537 plures,
1482 5472 1542 5520 ut
1592 5464 1704 5521 fere
1736 5465 1793 5520 in
1829 5464 1898 5519 iis
1932 5463 1989 5518 ﬁt
2024 5461 2120 5534 qui

638 5627 716 5767 ξι)
749 5626 1039 5696 lnterprete
1058 5619 1349 5685 Francisco
1379 5616 1722 5683 Combefisio.

659 5698 716 5767 2)
771 5696 954 5767 Ἀλέξ.
987 5697 1228 5767 ᾉΡὴοιίιιε
1273 5700 1327 5752 in
1385 5697 1622 5766 Epitome
1668 5698 1722 5767 de

659 5696 716 5768 2)
771 5696 954 5768 Ἀλέξ.
986 5697 1228 5768 _Photius
1273 5700 1327 5752 in
1385 5697 1622 5766 Epitome
1668 5698 1733 5768 de
1777 5696 2120 5766 Manichazis,

563 5765 730 5846 quam
765 5765 931 5822 edidit
953 5765 1022 5822 cl.
1052 5765 1485 5825 Monlfauconius
1512 5769 1630 5824 Bib.
1661 5765 1824 5824 Coisl.
1851 5784 1972 5842 pag.
1995 5770 2121 5838 554,

2213 4643 2391 4705 δόντες
2413 4660 2426 4672 ·
2460 4643 2890 4713 παραγγέλματα
2921 4641 2977 4700 δὲ
3008 4642 3283 4713 παχύτερα
3303 4682 3319 4704 ,
3347 4643 3422 4706 ὡς
3462 4645 3792 4716 ἐτύγχανεν,

2215 4734 2655 4806 ὲττισωρεύοντες,
2684 4729 2756 4789 ὧν
2781 4737 2809 4788 ὁ
2848 4735 3013 4798 πολὺς
3036 4735 3206 4806 δῆμος
3227 4735 3460 4799 ἀκούων,
3483 4735 3562 4800 ὡς
3597 4741 3666 4791 ἐκ
3692 4741 3795 4808 τῆς

2217 4825 2411 4896 πείρας
2434 4825 2546 4880 ἔστι
2576 4825 2784 4896 μαθεῖν,
2805 4826 3006 4896 σφόδρα
3033 4826 3335 4884 ἐπιδίδωσιν
3360 4828 3440 4890 εἰς
3459 4827 3790 4892 ἐπιείκειαν,

2218 4915 2312 4968 καὶ
2360 4918 2460 4985 τῆς
2509 4915 2788 4979 εὐσεϐείας
2837 4915 3116 4987 χαρακτὴρ
3166 4915 3398 4986 ὲνιζάνει
3447 4916 3630 4970 αὐτῶν
3677 4923 3790 4982 τοῖς

2217 5007 2400 5078 ἤθεσιν
2427 5046 2443 5070 ,
2478 5005 2848 5078 ἀναξωπυρῶν
2878 5009 2937 5060 τὸ
2968 5009 3032 5060 ὲκ
3064 5007 3164 5078 τῆς
3205 5006 3456 5079 τοιαύτης
3492 5009 3789 5078 συνηθείας

2222 5098 2658 5170 συνεκλημμένον
2687 5094 2836 5169 ἦθος,
2877 5101 2971 5153 καὶ
2997 5100 3115 5153 κατ’
3136 5099 3310 5167 ὀλίγον
3338 5100 3418 5162 είς
3437 5100 3538 5170 τὴν
3563 5101 3662 5154 τοῦ
3687 5118 3788 5154 κα-

2217 5191 2309 5244 λοῦ
2343 5191 2506 5245 αὐτοῦ
2534 5191 2710 5264 ὄρεξιν
2740 5191 2966 5262 ὁδηγῶν.

2287 5373 2381 5437 Εἰς
2407 5373 2634 5426 πλεῖστα
2663 5373 2721 5427 δὲ
2740 5373 2943 5446 ταύτης
2972 5373 3075 5430 ὑπὸ
3102 5375 3210 5432 τῶν
3243 5377 3648 5449 ἐπιγενομένων
3693 5395 3796 5449 με·-

2221 5465 2493 5538 ρισθείσης
2523 5465 2811 5538 ζητήσεις,
2847 5468 3177 5541 συνέστησαν
3217 5470 3493 5534 πλείονες,
3529 5469 3797 5541 καθάπερ

2233 5628 2384 5684 urbis
2433 5626 2710 5703 Lycorum
2738 5631 3024 5703 Apra:s_ulem
3060 5631 3227 5688 fuisse
3276 5635 3418 5687 hunc
3463 5635 3810 5703 scriptorem

2228 5709 2456 5772 testatur
2485 5700 2566 5772 his
2604 5701 2780 5756 verbis
2823 5719 2837 5757 :
2863 5700 2931 5754 Ὀ
2956 5719 3014 5754 τε
3047 5703 3146 5772 τῆς
3172 5703 3375 5766 πόλεως
3397 5700 3590 5756 Λύκων
3642 5705 3814 5761 Ἀλέ-

2231 5769 2448 5844 ξανδρος
2473 5771 2599 5835 τοὺς
2631 5772 3038 5844 ἀρχιερατικοὺς
3073 5769 3542 5847 ἐγκεχειρισμένος
3565 5775 3814 5847 νόμους.
