3956 6198
213 360 325 421 ΗΞ

1100 354 1521 413 TRACTATUS
1560 354 1651 410 DE
1687 353 2000 412 PLACITIS
2030 354 2585 414 MANIC'HIEORUM.

3340 354 3450 411 ιιι

215 482 279 533 ὲν
302 480 419 544 τοϊς
449 477 754 549 ἐριστικοῖς.
781 476 872 546 ἀφ’
899 469 973 531 ὧν
1006 478 1450 550 ὲντρεχεστέρους
1478 477 1574 549 μὲν
1596 476 1786 541 ἄλλους

1888 477 2223 532 contentioni
2247 476 2487 541 student,
2510 475 2599 529 alii
2621 473 2742 529 aliis
2762 446 3097 537 solertior-es:
3116 476 3451 545 argutiisquo

217 571 428 644 ἐτέρων
452 568 644 641 μᾶλλον
673 569 766 623 καὶ
796 569 1281 643 ζητητικωτέρους,
1310 569 1386 629 ὡς
1408 568 1472 623 ἄν
1508 585 1593 632 τις
1617 567 1783 633 εἴποι,

218 663 495 735 γεγονέναι
540 661 851 733 συμϐέϐηκε
874 678 889 692 ο
929 662 1021 716 καί
1070 678 1212 725 τινες
1259 661 1359 733 ἥδη
1392 661 1486 715 καὶ⁵
1523 659 1783 732 αἱρέσεων

218 754 567 826 προῦστησαν
592 772 607 786 ·
643 756 737 824 ἀφ’
763 748 837 809 ὧν
865 757 897 827 ἡ
930 754 1069 809 κατὰ
1112 754 1173 808 τὸ
1213 750 1343 825 ἦθος
1382 752 1573 824 ἄδηλος
1612 768 1783 806 κατα-

214 848 384 919 σκευὴ
413 848 738 920 ἐμαραίνετο
758 866 771 879 ο
803 849 901 920 τῆς
921 848 1017 920 μὲν
1039 848 1177 903 κατὰ
1200 849 1291 902 τὸν
1313 847 1470 916 λόγον
1503 846 1785 916 ἀκριϐείας

210 939 309 995 οὐκ
335 939 744 1009 ὲφικνουμένων
774 940 996 1005 τούτων,
1032 941 1144 993 ὅσοι
1196 939 1303 992 τῶν
1336 939 1596 1010 αἱρέσεων
1637 940 1786 1009 ἠγεῖ-

213 1030 336 1084 σθαι
362 1028 549 1100 ἠξίουν
572 1049 584 1062 ·
617 1030 710 1084 τοῦ
736 1030 792 1084 δὲ
828 1030 1021 1085 πολλοῦ
1053 1030 1286 1103 πλήθους
1327 1029 1782 1085 στασιαστικώτε-

215 1137 304 1192 ρον
339 1122 482 1193 πρὸς
509 1122 639 1176 αὐτὸ
663 1123 1012 1187 διατεθέντος.
1042 1124 1274 1187 Κανόνος
1301 1123 1359 1177 δὲ
1380 1122 1591 1186 οὐδενὸς
1623 1121 1783 1176 ὑπόν-

211 1230 298 1276 τος
326 1214 456 1266 οὐδὲ
507 1214 705 1284 νόμων,
744 1215 838 1284 ἀφ’
880 1208 954 1268 ὧν
991 1215 1097 1268 τῶν
1138 1214 1416 1287 ζητήσεων
1459 1214 1783 1286 πορίσασθαι

208 1303 384 1372 λύσιν,
406 1306 659 1379 καθάπερ
684 1307 739 1360 δὲ
768 1309 824 1360 ὲν
845 1311 955 1370 τοῖς
979 1306 1207 1378 ἄλλοιςή
1234 1307 1508 1378 φιλοτιμία
1531 1309 1610 1370 εἰς
1627 1308 1791 1377 ὑπερ-

208 1395 374 1460 ϐολὰς
399 1397 755 1461 ἐκπίπτουσα,
780 1398 878 1450 οὐκ
903 1398 1048 1451 ἔστιν
1066 1399 1094 1451 ὃ
1125 1416 1177 1451 τι
1209 1398 1268 1451 οὐ
1304 1397 1637 1468 λυμαίνεται.

1891 584 1956 623 ac
1981 568 2394 640 quaestionibus,
2430 573 2492 621 ut
2511 567 2592 622 sic
2617 567 2813 631 dicam,
2846 567 3185 638 sagaciores':
3214 568 3289 621 ita
3315 582 3452 623 sane

1890 669 1950 715 ut
1969 660 2086 730 janr
2111 675 2327 733 quoque
2353 660 2623 714 heresewn
2655 666 3035 729 sectarumque
3059 658 3331 716 antistites
3359 674 3451 730 pa-

1887 764 2176 823 rentesque
2212 753 2575 808 emerserint:
2608 767 2703 820 per
2744 766 2883 822 quos
2925 751 2979 806 in
3026 752 3320 807 obscurum
3347 753 3448 808 ad-

1888 847 2051 902 ducta
2087 861 2151 901 ac
2172 844 2494 901 labefactata
2527 859 2739 899 morum
2784 845 3055 901 institutio
3084 854 3169 902 est
3200 863 3214 900 :
3246 845 3376 901 dum
3408 848 3448 903 ii

1888 949 2091 996 certam
2170 953 2486 995 sermonum
2553 938 2837 993 veritatem
2906 953 3017 993 non
3080 944 3450 1009 assequuntur

1886 1033 2176 1103 (quotquot
2203 1034 2459 1087 nimirum
2488 1033 2654 1088 sectis
2674 1032 2924 1087 antistari
2940 1031 3170 1102 volunt),
3186 1031 3449 1103 plebsque

1885 1141 1949 1180 ac
1976 1126 2169 1196 vulgus
2199 1125 2324 1180 inde
2347 1125 2402 1180 in
2429 1126 2579 1180 rixas
2603 1140 2666 1179 ac
2691 1127 3068 1181 contentiones
3097 1125 3359 1194 majorem
3388 1125 3448 1179 in

1885 1214 2106 1270 modum
2140 1215 2427 1271 excitatur.
2454 1214 2702 1286 Cumque
2742 1216 2887 1269 nulla
2945 1222 3198 1285 suppetat
3236 1214 3444 1286 regula,

1886 1306 2048 1360 nullae
2084 1314 2280 1375 praesto
2313 1307 2423 1361 sint
2462 1307 2626 1376 leges,
2664 1312 2806 1362 unde
2850 1321 3037 1362 eorum
3064 1321 3184 1377 quae
3217 1306 3273 1361 in
3302 1322 3449 1376 quaa-

1885 1396 2118 1453 stioncm
2153 1397 2397 1463 veniunt,
2445 1398 2768 1453 solutionem
2820 1398 3062 1453 nancisci
3114 1398 3309 1463 liceat,
3348 1397 3447 1454 sed

206 1492 357 1546 velut
389 1492 445 1547 in
474 1493 616 1561 aliis,
648 1493 873 1549 honoris
913 1494 1189 1550 contentio
1235 1495 1291 1549 in
1320 1494 1654 1550 nimietatem
1699 1492 1932 1548 adducta
1982 1502 2144 1563 atque
2181 1493 2471 1560 excedens,
2515 1510 2625 1550 non
2646 1501 2731 1551 est
2779 1494 2866 1549 cui
2912 1494 3087 1550 labem
3138 1508 3449 1568 noxamque

206 1600 319 1647 non
348 1587 563 1645 aﬂerat.

438 1726 567 1784 CAP.
600 1724 664 1783 ll.
695 1726 998 1795 Manichrei,
1026 1744 1117 1783 seu
1149 1727 1396 1796 Hanetis,
1421 1737 1570 1784 mtas.
1603 1726 1776 1783 Primi
1805 1728 2070 1799 discipuli.
2107 1729 2227 1788 Duo
2254 1733 2534 1802 principia.
2564 1731 2795 1787 Materia
2831 1731 3184 1788 Manichaica.

274 1865 438 1924 ὓῦτω
463 1867 521 1920 δὲ
550 1865 644 1919 καὶ
671 1867 763 1919 ἐπὶ
784 1865 1007 1928 τούτων,
1041 1868 1107 1936 τῇ
1151 1865 1424 1936 καινότητι
1461 1865 1569 1919 τῶν
1615 1865 1781 1931 δοξῶν

1960 1864 2050 1920 Sic
2082 1867 2138 1922 in
2189 1867 2276 1924 his
2333 1884 2576 1939 quoque,
2634 1870 2761 1925 dum
2824 1871 3141 1941 opinionum
3203 1873 3445 1931 novitate

200 1957 471 2028 ἑκάτερος
495 1955 585 2010 τὸν
619 1957 725 2028 πρὸ
755 1954 920 2010 αὐτοῦ
966 1955 1395 2027 ὑπερϐάλλεσθαι
1444 1957 1778 2023 σπουδάζων,

198 2052 282 2113 είς
313 2050 574 2119 ἀνήνυτον
610 2050 845 2120 πρᾶγμα
871 2049 971 2121 τὴν
988 2048 1163 2120 ἁπλῆν
1184 2049 1386 2121 ταύτην
1412 2041 1782 2122 ὲμϐεὸλήκασι

197 2132 558 2206 φιλοσοφίαν·
592 2136 779 2208 ὥσπερ
808 2140 836 2191 ὁ
868 2137 1156 2210 λεγόμενος
1184 2140 1509 2211 Μανιχαῶς,
1547 2139 1606 2203 ὃς
1644 2140 1784 2211 Πέρ-

195 2245 309 2298 σης
343 2227 442 2298 μέν
466 2244 552 2291 τις
583 2228 700 2281 ἐστὶ
738 2228 798 2282 τὸ
836 2228 1019 2299 γένος·
1056 2229 1146 2284 καί
1183 2228 1247 2299 γέ
1297 2248 1381 2293 τις
1425 2230 1613 2295 Hirro;
1695 2234 1771 2303 (5)

188 2326 442 2396 τοῦνομα
504 2316 641 2388 πρὸς
682 2319 829 2388 ἡμᾶς
875 2317 1091 2386 ἐγένετο
1132 2319 1233 2391 τῆς
1268 2319 1361 2373 τοῦ
1409 2320 1600 2392 ἀνδρὸς
1625 2320 1782 2393 δόξης

194 2408 496 2479 ὲῄγητὴς,
522 2409 615 2462 καὶ
650 2408 788 2479 μετὰ
815 2408 1004 2463 τοῦτον
1033 2410 1232 2482 Θωμᾶς
1252 2451 1267 2475 ,
1309 2412 1401 2464 καί
1426 2430 1569 2477 τινες
1604 2412 1781 2486 ἕτεροι

196 2498 328 2569 μετ’
360 2498 577 2562 αὐτούς.
602 2498 771 2562 Αὐτὸς
801 2499 857 2552 δὲ
881 2501 972 2553 ἐπὶ
994 2501 1353 2575 Οὐαλεριανοῦ
1379 2504 1476 2574 μὲν
1499 2505 1779 2575 γεγονέναι

192 2590 443 2656 λέγεται,
484 2589 874 2660 συστρατεῦσαί
903 2607 963 2643 τε
992 2591 1237 2663 Σαπώρῳ
1265 2591 1341 2664 τῷ
1366 2593 1568 2668 Πέρσῃο
1610 2613 1779 2667 προσ-

195 2681 517 2755 κρούσαντα
561 2680 621 2734 et
665 2699 717 2734 τι
744 2681 914 2754 τούτῳ
945 2682 1298 2737 ἀπολωλέναι.
1348 2683 1539 2739 Τοιάδε
1571 2682 1663 2740 οὖν
1695 2705 1780 2751 τις

197 2774 275 2844 ςή
287 2790 359 2844 μη
387 2774 491 2844 τῆς
514 2773 722 2827 ἐκείνου
743 2772 899 2844 δόξης
927 2773 1037 2828 ἀπὸ
1068 2775 1174 2828 τῶν
1214 2776 1503 2853 γνωρίμων
1554 2777 1646 2832 τοῦ
1687 2781 1780 2833 ἀν-

195 2864 326 2935 δρὸς
356 2866 590 2934 ἀφίκετο
623 2865 758 2937 πρὸς
802 2866 969 2936 ἡμᾶς.
1019 2865 1123 2919 Δύο
1173 2867 1344 2938 ἀρχὰς
1387 2856 1611 2933 ἐτίθετο,
1647 2869 1778 2924 Θεὸν

200 2958 299 3012 καὶ
318 2958 477 3028 ὕλην.
511 2953 663 3013 Εἶναι
684 2958 740 3012 δὲ
764 2958 853 3013 τὸν
889 2958 987 3030 μὲν
1011 2957 1143 3011 Θεὸν
1173 2959 1395 3029 ἀγαθὸν,
1430 2960 1527 3032 τὴν
1559 2961 1615 3015 δὲ
1648 2961 1781 3035 ὓλην

193 3052 396 3106 κακόν.
455 3050 671 3123 ’Δγαθῷ
717 3051 773 3105 δὲ
815 3051 995 3104 πλεῖον
1041 3052 1132 3106 τὸν
1164 3052 1298 3107 Θεὸν
1354 3053 1775 3126 ὑπερϐάλλεινῆ

195 3143 357 3214 κακῷ
390 3143 492 3215 τὴν
533 3143 684 3214 ὕλην.
719 3142 829 3214 Τὴν
860 3144 917 3197 δὲ
953 3143 1082 3213 ὓλην
1122 3144 1272 3213 λέγει
1315 3146 1413 3217 οὐχ
1444 3147 1512 3217 ἢν
1552 3147 1777 3203 Πλάτων

1884 1959 2115 2028 quisque
2137 1975 2196 2015 se
2229 1961 2461 2029 priorem
2494 1976 2557 2015 ac
2582 1962 2917 2031 superiorem
2953 1979 3209 2039 superare
3228 1974 3446 2022 conten-

1882 2048 1982 2111 dit,
2012 2048 2408 2120 philosophiam
2443 2066 2562 2120 quae
2591 2052 2821 2122 simplex
2869 2054 2973 2118 sit,
2999 2069 3066 2108 eo
3092 2054 3306 2110 tandem
3354 2057 3443 2112 ad-

1883 2140 2191 2206 duxerunt,
2225 2149 2285 2195 ut
2319 2143 2566 2213 praestari
2617 2158 2726 2198 non
2790 2144 2984 2214 possit.
3018 2143 3167 2202 'l'alis
3211 2149 3442 2210 exstitit.

1881 2246 2042 2301 quem
2078 2228 2429 2287 Manichaaum
2457 2240 2673 2296 vocant,
2702 2234 2922 2289 natione
2947 2236 3145 2299 Persa;
3186 2238 3344 2307 cujus
3374 2238 3442 2293 ad

1880 2337 1981 2377 nos
2025 2323 2298 2394 opinionis
2350 2322 2543 2380 doctor
2575 2322 2755 2395 Papus
2786 2325 3024 2389 nomine,
3055 2336 3108 2381 et
3148 2335 3271 2397 post
3316 2342 3441 2383 eum

1883 2412 2140 2478 Thomas,
2176 2414 2342 2477 venit,
2372 2430 2576 2485 eosque
2630 2415 2803 2471 isecuti
2834 2418 3079 2471 nonnulli
3130 2419 3243 2473 alii.
3278 2418 3446 2473 Aiunt

1883 2506 2155 2561 hominem
2196 2504 2487 2561 Valeriano
2529 2507 2856 2578 imperatore
2902 2508 3120 2572 vixisse,
3148 2523 3212 2563 ac
3251 2506 3444 2580 Sapori

1879 2596 2170 2654 Persarum
2205 2599 2318 2669 regi
2354 2600 2695 2664 militantem,
2725 2615 2849 2656 cum
2892 2602 3034 2672 apud
3084 2601 3235 2656 illum
3272 2601 3446 2657 offen-

1880 2689 2069 2754 disset,
2103 2690 2344 2759 periisse.
2379 2689 2723 2759 Ejuscemodi
2755 2705 2885 2747 vero
2914 2691 3014 2746 viri
3057 2691 3203 2747 illius
3230 2692 3444 2762 opinio-

1879 2784 1966 2838 nis
2011 2781 2174 2847 fama,
2210 2784 2278 2839 ab
2328 2783 2447 2852 ejus
2478 2781 2835 2838 familiaribus
2867 2782 2936 2837 ad
2985 2798 3088 2840 nos
3124 2784 3441 2854 permeavit.

1878 2874 1995 2931 Duo
2024 2877 2259 2946 ponebat
2304 2877 2592 2948 principia,
2619 2875 2787 2932 Deum
2839 2882 2894 2931 et
2932 2876 3238 2933 materiam.
3270 2874 3440 2932 Deum

1879 2975 2058 3022 autem
2091 2968 2291 3023 bonum
2323 2968 2557 3043 dicebat,
2584 2970 2867 3023 materiam
2889 2968 3091 3021 malum
3120 2966 3441 3023 aﬂirmabat.

1878 3057 2028 3114 Bono
2059 3057 2227 3113 Deum
2281 3061 2453 3129 magis
2508 3060 2848 3130 praacellere,
2889 3073 3050 3129 quam
3082 3058 3224 3112 malo
3271 3066 3445 3114 mate-

1877 3150 2033 3204 riam.
2068 3148 2345 3205 Materiam
2378 3166 2509 3205 vero
2541 3157 2698 3206 vocat
2732 3165 2844 3205 non
2896 3165 3060 3219 quam
3088 3147 3246 3204 Plato
3286 3149 3442 3212 dicit,

198 3235 295 3306 τὴν
369 3236 551 3290 πάντα
609 3238 916 3308 γινομένην,
969 3238 1044 3292 ὅτ’
1089 3239 1155 3292 ἄν
1198 3238 1337 3312 λάϐῃ
1384 3239 1640 3311 ποιότητα
1686 3242 1780 3296 καὶ

1880 3252 2000 3308 qum
2026 3238 2206 3291 omnia
2235 3238 2346 3302 ﬁat,
2391 3246 2554 3302 tunc,
2604 3253 2729 3293 cum
2759 3237 3073 3308 qualitatem
3111 3238 3446 3309 ﬁguramque

197 3329 392 3399 σχῆμα
411 3345 425 3356 ⁸
457 3326 526 3380 δι’
564 3327 594 3379 ὃ
624 3327 860 3399 πανδεχῆ
889 3330 982 3382 καὶ
1022 3329 1231 3402 μητέρα
1269 3332 1361 3383 καὶ
1391 3330 1545 3404 τιθὴν
1582 3332 1737 3387 καλεί
1758 3346 1772 3365 ⁴

195 3418 286 3471 καὶ
330 3417 717 3490 Ἀριστοτέλης
744 3420 805 3472 τὸ
834 3423 1113 3491 στοιχεῖον,
1144 3422 1271 3493 περὶ
1295 3421 1324 3473 ὃ
1359 3422 1419 3475 τὸ
1456 3418 1591 3487 εἶδος
1625 3424 1718 3478 καὶ
1740 3426 1774 3495 ἡ

195 3510 461 3581 στέρησις
485 3526 497 3539 ·
536 3509 651 3563 ἀλλ’
693 3509 877 3581 ἕτερόν
913 3528 965 3565 τι
1013 3511 1163 3583 παρὰ
1203 3510 1393 3567 ταῦτα.
1445 3514 1554 3585 Τὴν
1581 3514 1689 3587 γὰρ
1718 3517 1775 3571 ὲν

193 3603 421 3671 ἑκάστῳ
448 3600 558 3653 τῶν
577 3601 745 3655 ὄντων
766 3602 997 3656 ἄτακτον
1019 3604 1250 3675 κίνησιν,
1284 3603 1485 3675 ταύτην
1518 3604 1651 3677 ὓλην
1677 3624 1779 3661 κα-

192 3692 291 3751 λεῖ.
335 3692 703 3764 Συπετάχθαι
753 3693 809 3747 δὲ
838 3693 916 3765 τῷ
957 3694 1075 3766 Θεῷ
1101 3695 1356 3766 δυνάμεις
1405 3697 1617 3768 ἑτέρας,
1665 3692 1775 3751 οἷον

193 3784 561 3856 ὑπηρέτιδας,
594 3784 802 3854 aranea;
834 3785 1013 3850 πάσας
1036 3804 1048 3816 ·
1076 3788 1171 3841 καὶ
1190 3786 1351 3851 ἄλλας
1372 3790 1437 3859 τῇ
1454 3787 1552 3860 ὕλῃ
1573 3789 1775 3860 ὁμοίως

192 3878 389 3939 πάσας
414 3878 607 3940 κακάς.
643 3878 714 3930 Τὸ
739 3877 794 3930 δὲ
815 3877 1064 3951 λαμπρὸν
1084 3879 1178 3932 καὶ
1209 3879 1269 3932 τὸ
1302 3878 1417 3949 φῶς
1431 3881 1526 3934 καὶ
1558 3881 1618 3934 τὸ
1642 3882 1774 3944 ἄνω,

190 3972 386 4024 nivea
414 3968 586 4022 ταῦτα
618 3970 713 4023 σὺν
745 3969 822 4041 τῷ
855 3969 973 4041 Θεῷ
1014 3966 1151 4024 εἶναι
1170 3987 1184 4000 ·
1215 3969 1275 4024 τὸ
1321 3972 1558 4045 ἀμυδρὸν
1589 3972 1645 4026 δὲ
1682 3972 1776 4026 καὶ

189 4063 249 4115 τὸ
280 4060 492 4125 σκότος
522 4062 614 4115 καὶ
641 4061 701 4114 τὸ
729 4061 877 4115 κάτω
899 4063 996 4116 σὺν
1026 4065 1092 4134 τῇ
1116 4062 1237 4137 ὕλῃ.
1283 4060 1430 4119 Εἶναι
1476 4065 1534 4119 δὲ
1567 4066 1661 4119 καὶ
1696 4064 1775 4136 τῷ

188 4153 315 4225 Θεῷ
357 4152 591 4225 ὀρέξεις,
614 4151 750 4206 ἀλλὰ
776 4152 870 4206 καὶ
897 4152 1099 4217 ταύτας
1140 4153 1349 4224 ἀγαθάς
1371 4172 1385 4191 ·
1430 4157 1524 4210 καὶ
1561 4158 1627 4228 τῇ
1675 4155 1776 4228 ὕλῃ

189 4245 424 4314 ὁμοίως,
460 4243 597 4296 ἀλλὰ
622 4244 800 4308 πάσας
828 4244 1024 4308 κακὰς.

1878 3327 2175 3397 receperit:
2204 3326 2348 3381 unde
2371 3335 2424 3381 et
2452 3326 2694 3382 omnium
2717 3327 3104 3396 susceptrieem
3134 3333 3188 3382 et
3214 3335 3445 3383 matrem

1878 3425 1933 3473 et
1954 3419 2220 3473 nutricem
2248 3424 2402 3476 vocat
2429 3437 2443 3472 :
2479 3416 2799 3473 Aristoteles
2850 3432 3065 3487 quoque
3091 3418 3440 3482 elementum,

1878 3510 2026 3565 circa
2053 3508 2199 3580 quod
2233 3506 2405 3564 forma
2434 3514 2489 3565 et
2516 3507 2748 3578 privatio
2782 3515 3109 3575 versantur;
3160 3507 3256 3563 sed
3293 3509 3443 3564 aliud

1879 3604 2010 3676 quid
2040 3611 2235 3674 praeter
2260 3603 2372 3657 illa.
2404 3600 2506 3668 Qui
2538 3600 2683 3656 enim
2727 3601 2784 3655 in
2814 3600 2979 3656 rebus
3010 3600 3239 3669 singulis
3263 3610 3445 3656 motus

1879 3695 2271 3766 incompositus
2298 3701 2402 3759 est,
2448 3694 2594 3749 hunc
2634 3694 2913 3749 materiam
2963 3694 3217 3764 appellat.
3256 3695 3300 3748 Δ
3330 3694 3442 3751 Deo

1878 3795 2029 3844 stare
2050 3790 2278 3844 virtutes
2310 3788 2467 3851 alias,
2520 3786 2689 3840 velut.
2718 3785 2964 3850 ancillas,
2995 3800 3184 3841 omnes
3232 3786 3439 3854 bonas;

1881 3880 2124 3949 aliasque
2178 3878 2428 3934 similiter
2456 3892 2487 3930 a
2518 3877 2765 3939 materia,
2799 3891 2989 3932 omnes
3043 3877 3235 3932 malas.
3273 3875 3441 3933 Porro

1880 3968 2222 4039 splendidum
2253 3975 2308 4022 et
2342 3967 2519 4021 lucem
2555 3981 2621 4021 ac
2650 3967 2922 4036 superius,
2943 3973 3139 4021 cuncta
3165 3967 3280 4028 haec
3313 3981 3440 4022 cum

1880 4059 1992 4118 Deo
2019 4076 2174 4128 esse;
2200 4060 2496 4115 obscurum
2532 4074 2663 4114 vero
2692 4066 2747 4114 et
2788 4057 3043 4114 tenebras
3086 4074 3151 4114 ac
3188 4059 3438 4126 inferius,

1880 4166 2003 4206 cum
2038 4150 2285 4206 materia.
2320 4148 2462 4215 Quin
2493 4148 2694 4205 habere
2738 4149 2906 4206 Deum
2951 4150 3442 4220 appetitiones,ve-

1882 4257 2003 4296 rum
2026 4241 2126 4297 has
2156 4255 2372 4311 quoque
2402 4239 2575 4296 bonas
2605 4261 2620 4296 :
2651 4257 2715 4297 ac
2740 4242 3024 4299 materiam
3052 4240 3438 4308 similiter,sed

1880 4349 2073 4391 omnes
2110 4334 2302 4389 malas.

1193 4481 1325 4539 CAP.
1351 4481 1443 4538 Ill.
1486 4481 1763 4537 Manio/tari
1784 4479 1975 4535 deliria
2000 4479 2143 4532 circa
2167 4477 2465 4533 materiam.

260 4595 365 4658 Et;
393 4577 695 4663 ἐπιθυμίαν
719 4586 813 4647 οὗν
844 4610 974 4649 ποτε
999 4592 1096 4664 τὴν
1111 4593 1240 4665 ὓλην
1261 4594 1539 4661 ὲλθεῖνέίς
1552 4596 1643 4652 τὸν
1666 4598 1778 4652 ἄνω

1952 4591 2294 4652 Desiderinm
2345 4592 2529 4665 itaque
2574 4590 2854 4646 materiam
2893 4591 3213 4662 quandoque
3261 4589 3442 4648 inces-

192 4682 501 4754 ἀφικέσθαι
553 4683 746 4737 τόπον·
801 4684 1135 4755 ἀφικομένην
1174 4685 1252 4750 δὲ,
1310 4686 1586 4758 θαυμάσαι
1615 4688 1675 4742 τό
1717 4705 1778 4740 τε

192 4775 461 4848 λαμπρὸν
488 4776 583 4829 καὶ
608 4776 669 4828 τὸ
698 4775 812 4845 φῶς
833 4778 954 4831 ὅσον
988 4773 1057 4849 ἦν
1083 4777 1235 4849 παρὰ
1264 4778 1343 4849 τῷ
1387 4778 1525 4850 Θεῷ.
1563 4781 1674 4834 Καὶ
1713 4780 1777 4852 δὴ

196 4865 381 4919 θέλειν
416 4866 517 4938 τὴν
547 4865 721 4937 ἀρχὴν
749 4865 948 4936 ταύτην
975 4869 1280 4937 κατασχεῖν,
1303 4867 1395 4921 τὸν
1427 4867 1557 4922 Θεὸν
1592 4885 1776 4941 παρω-

196 4958 470 5030 σαμένην.
510 4957 612 5011 Τὸν
641 4957 700 5011 δὲ
728 4959 821 5012 καὶ
844 4957 1194 5030 βεϐουλῆσθαι
1234 4958 1334 5029 μὲν
1366 4959 1568 5031 ταύτην
1606 4978 1776 5031 τιμω-

198 5049 503 5121 ρήσασθαι,
528 5050 754 5121 ἀπορεῖν
782 5049 838 5102 δὲ
866 5049 1058 5113 κακοῦ,
1084 5044 1236 5118 ᾧκαὶ
1261 5052 1631 5123 τιμωρήσεται
1651 5069 1664 5082 ⁸
1698 5052 1772 5123 μὴ

194 5141 309 5211 γὰρ
332 5135 481 5193 εἶναι
513 5140 680 5194 κακὸν
707 5143 765 5194 ὲν
796 5140 931 5199 Θεοῦ
954 5142 1106 5213 οἴκῳ.
1138 5141 1358 5214 Πέμψαι
1396 5137 1489 5197 οὖν
1526 5160 1647 5197 τινα
1687 5143 1778 5197 δύ-

194 5246 369 5302 ναμιν
392 5232 496 5301 τὴν
519 5231 607 5300 ὑφ’
632 5234 664 5302 ἡ
673 5231 788 5301 μῶν
809 5231 1144 5303 καλουμένην
1163 5233 1361 5311 ψυχὴν,
1384 5234 1475 5286 ἐπὶ
1503 5232 1600 5305 τὴν
1624 5232 1776 5305 ὕλην,

195 5324 322 5391 ἣτις
352 5324 493 5393 αὐτῇ
527 5321 615 5376 διὰ
648 5324 828 5394 πάσης
873 5323 1212 5397 μιχθήσεται.
1257 5324 1515 5381 Ἔσεσθαι
1540 5325 1650 5396 γὰρ
1678 5325 1778 5396 τῆς

268 5522 356 5592 (5)
391 5520 617 5588 Πὰπος.
670 5522 885 5587 Πὰαπις
943 5523 1143 5579 dicitur
1200 5524 1253 5579 in
1307 5524 1772 5584 Anathematismis

211 5591 374 5647 editis
405 5607 456 5664 _a
491 5592 773 5664 _Coteleriu
824 5594 893 5647 ad
948 5593 1337 5663 Recognitiones
1397 5594 1770 5664 Clementinas,

215 5676 363 5715 eum.
404 5661 456 5734 5.
488 5661 714 5734 Dicitur
735 5679 950 5734 quoque
986 5661 1200 5728 Πάαπις
1232 5666 1283 5718 in
1322 5667 1509 5720 iisdem
1544 5661 1770 5722 Arinthei

223 5733 477 5805 "turnis
509 5731 1046 5805 a__T¢tlli_o’thilgatis
1080 5738 1132 5788 in
1182 5734 1384 5805 lnsr’gu.
1419 5734 1604 5790 Itiner.
1640 5737 1765 5793 Ital.

229 5813 333 5877 με.
372 5804 493 5862 us.
543 5800 678 5861 Hinc
705 5800 1070 5867 frustra'sunt
1101 5800 1315 5865 (Ξεινουὲ
1336 5816 1389 5865 et
1419 5807 1717 5878 Basnagius
1752 5827 1763 5861 τ

1881 4685 2041 4749 sisse,
2088 4695 2147 4741 ut
2199 4685 2254 4738 in
2303 4682 2597 4753 supernum
2648 4684 2827 4737 locum
2870 4683 3123 4740 evaderet
3159 4702 3175 4740 :
3209 4697 3443 4753 cumque

1881 4778 2016 4834 adeo
2045 4779 2331 4843 evasisset,
2382 4778 2705 4833 admiratam
2751 4775 3091 4846 splendorem
3123 4789 3187 4829 ac
3243 4775 3439 4841 lucem,

1878 4872 2080 4937 quanta
2104 4866 2244 4937 apud
2269 4865 2435 4922 Deum
2461 4873 2627 4922 esset.
2662 4866 2838 4935 Atque
2870 4864 3016 4918 hunc
3056 4863 3438 4933 principatum,

1878 4958 2099 5027 repulso
2128 4959 2237 5014 Deo
2263 4966 2425 5028 atque
2456 4965 2749 5023 summoto,
2784 4956 3150 5019 sibivoluisse
3178 4957 3438 5025 arripere.

1877 5042 2048 5108 Deum
2102 5065 2267 5119 porro
2322 5051 2485 5106 etiam
2531 5049 2860 5105 deliberasse
2918 5049 2974 5103 in
3017 5064 3136 5105 eam
3192 5047 3439 5102 animad-

1877 5148 2133 5207 vertere;
2191 5140 2288 5196 sed
2341 5141 2468 5196 mali
2531 5142 2746 5211 copiam
2796 5154 2904 5210 quo
2957 5140 3128 5210 ipsam
3184 5139 3438 5210 puniret,

1858 5232 1991 5291 'non
2030 5231 2311 5298 habuisse,
2344 5232 2543 5303 quippe
2579 5247 2705 5287 cum
2736 5248 2843 5287 non
2878 5232 2947 5288 sit
2986 5232 3188 5286 malum
3219 5230 3440 5301 aliquod

1880 5324 1936 5380 in
1984 5323 2079 5379 Dei
2110 5324 2291 5380 domo.
2353 5324 2566 5381 Misisse
2623 5325 2789 5397 igitur
2833 5325 3089 5379 virtutem
3124 5323 3437 5394 quamdam,

1878 5541 2110 5597 quorum
2176 5526 2265 5582 ille
2317 5526 2419 5581 hoc
2440 5524 2855 5597 __|ocopreponit
2904 5521 3440 5597 Agapiumjianetk

1878 5593 2228 5666 discipulum,
2284 5600 2377 5666 qui
2430 5593 2777 5666 Ileptalogum
2811 5593 3145 5665 composuit;
3184 5593 3271 5648 hic
3308 5607 3440 5666 veth

1876 5664 2118 5729 Addam,
2166 5664 2326 5737 quem
2372 5664 2616 5720 Buddam
2658 5664 2753 5720 alii
2802 5664 2995 5737 vocant
3021 5682 3047 5737 :A
3064 5672 3122 5737 ut
3152 5671 3299 5720 recte
3316 5664 3438 5737 api-

1877 5732 2603 5866 madvéezgt'Wesselingius
2629 5739 2684 5793 in
2725 5737 2817 5792 lib.
2853 5734 3146 5802 Probabil.,
3185 5748 3306 5812 cap.
3341 5732 3438 5798 28,

1877 5822 1999 5866 pag.
2147 5849 2162 5866 .

1876 5822 1999 5879 pag.
2035 5810 2163 5868 249.
