3906 6194
621 316 727 372 4ιό
1625 312 2019 370 ALEXAND!“
2060 313 2368 371 EPISCOPI
2403 312 2901 370 LYCOPOLITANI
3684 322 3761 381 “6

619 444 785 509 quam
840 452 941 491 nos
990 434 1227 488 animam
1279 448 1559 498 vocamus,
1610 434 1665 489 in
1714 436 2038 500 materiam,
2068 452 2161 507 qua

2218 444 2262 500 Λ
2291 435 2422 507 ὕλης
2459 435 2720 499 θάνατον,
2757 435 2849 488 τὸν
2896 434 3033 507 μετὰ
3077 432 3247 489 ταῦτά
3282 452 3396 488 ποτε
3437 436 3524 508 τῆς
3540 438 3752 511 δυνάμεως

620 529 701 585 illi
740 527 889 584 omni
917 525 1309 580 immisceatur.
1342 522 1480 581 Fore
1507 540 1742 597 namque
1784 527 2029 582 materiae
2052 542 2162 583 mor

1286 541 1309 577 υ.
1342 522 1480 581 Fore
1507 540 1742 597 namque
1784 527 2029 582 materiae
2052 542 2200 583 mor-
2305 526 2506 599 ταύτης
2534 527 2828 599 χωρισμόν.

620 627 751 681 tem,
791 631 918 671 cum
954 616 1175 672 tandem
1203 625 1393 688 postea
1416 617 1594 675 virtus
1616 618 1731 675 haec
1760 618 1830 674 ab
1850 618 1941 672 illa
1973 633 2195 689 separa-

618 709 790 765 bitur.

693 798 786 855 Sic
819 799 981 869 igitur
1016 815 1112 870 per
1133 799 1225 856 Dei
1262 800 1679 871 providentiam,
1701 803 2043 857 commistam
2077 817 2184 855 ma-

2362 789 2548 850 Οὕτως
2576 780 2667 840 οὖν
2690 784 2830 839 κατὰ
2863 782 3117 855 πρόνοιαν
3146 783 3237 837 τοῦ
3279 783 3408 838 Θεοῦ
3446 786 3665 857 μεμίχθαι
3696 789 3763 860 τὴν

619 892 772 947 teriae
803 908 927 947 esse
965 892 1224 957 animam,
1259 893 1512 949 dissimili
1551 909 1665 948 rem
1706 893 1997 963 quamdam
2028 894 2161 949 dissi

2290 884 2468 955 ψυχὴν
2495 884 2562 953 τῇ
2587 880 2707 955 ὕλῃ,
2734 877 2986 950 ἀνόμοιόν
3012 894 3065 930 τι
3098 878 3324 948 πρᾶγμα
3358 877 3587 947 ἀνομοίῳ.
3636 880 3704 934 Ἐν

621 977 826 1033 milem.
859 976 962 1033 Per
990 979 1133 1034 hanc
1160 996 1290 1036 vero
1315 980 1531 1035 interim
1564 981 1894 1046 mistionem,
1931 998 2054 1037 cum
2084 998 2163 1036 ma

2289 979 2357 1047 τῇ
2388 975 2533 1047 μίξει
2566 973 2868 1044 συμπαθεῖν
2898 974 2963 1042 τῇ
2998 969 3100 1043 ὕλῃ
3121 969 3217 1041 τήν
3253 968 3441 1039 ψυχήν.
3483 971 3657 1041 Ὥσπερ
3690 971 3769 1043 γὰρ

620 1073 759 1127 teria
802 1072 994 1127 vitium
1023 1074 1226 1144 pariter
1250 1075 1610 1142 contraxisse,
1660 1090 1725 1128 ac
1769 1075 2048 1131 laborasse
2075 1078 2162 1130 ani

2289 1071 2347 1122 ὲν
2372 1068 2558 1139 φαύλῳ
2587 1068 2792 1138 ἀγγείῳ
2811 1062 3315 1136 συμμεταϐάλλεται
3330 1062 3565 1128 πολλάκις
3580 1063 3630 1115 τὸ
3649 1066 3772 1117 ἔνυπ-

620 1178 788 1219 mam.
821 1162 1284 1232 Quemadmodum
1329 1168 1476 1222 enim
1501 1168 1555 1222 in
1593 1168 1735 1223 malo
1760 1183 1909 1232 vase,
1951 1170 2095 1239 quod
2131 1170 2162 1223 in

2290 1163 2492 1233 épxov,‘;
2519 1159 2661 1214 οὕτω
2691 1160 2747 1213 δὲ
2802 1158 2896 1212 καὶ
2930 1159 2986 1211 ἐν
3020 1159 3087 1227 τῇ
3121 1155 3224 1229 ὕλῃ
3253 1155 3453 1209 τοιοῦτό
3474 1172 3522 1207 τι
3541 1156 3624 1226 τήν
3643 1156 3772 1227 ψυχὴν

622 1253 717 1311 illo
744 1255 980 1320 exsistit,
1017 1256 1160 1312 haud
1189 1273 1316 1313 raro
1356 1259 1472 1329 pari
1504 1260 1768 1329 qualitate
1804 1269 2070 1327 mutatur,
2106 1263 2164 1319 Sit

2286 1254 2585 1318 παθοῦσαν,
2615 1252 2765 1324 παρὰ
2778 1250 2873 1322 τὴν
2897 1246 3058 1304 οὖσαν
3079 1246 3569 1319 ἡλαττῶσθαιφύσιν
3593 1250 3658 1311 εἰς
3681 1266 3774 1319 μετ-

622 1344 881 1401 nimirum
910 1348 1074 1403 etiam
1124 1347 1179 1402 in
1214 1350 1438 1404 materia
1482 1351 1589 1405 tale
1620 1352 1750 1421 quid
1800 1367 2018 1422 passam
2071 1356 2158 1409 ani

2285 1346 2472 1402 ουσίαν
2515 1344 2731 1407 κακίας.
2775 1344 3051 1413 Οίκτεῖραι
3105 1335 3200 1394 οὖν
3242 1337 3397 1392 τοῦτο
3430 1338 3512 1392 τὸν
3545 1338 3680 1402 Θεὸν,
3710 1340 3776 1391 καὶ

618 1450 786 1514 mam,
814 1451 845 1490 a
886 1452 985 1493 sua
1016 1438 1341 1495 deteriorem
1377 1440 1573 1496 factam
1622 1442 1825 1508 indole,
1882 1444 1938 1498 in
1970 1446 2160 1500 malitia

2290 1443 2500 1514 πέμψαι
2530 1440 2651 1495 τινὰ
2678 1440 2867 1512 ἑτέραν
2893 1438 3144 1509 δύναμιν,
3172 1437 3237 1508 ἥν
3262 1438 3416 1507 ἡμεῖς
3449 1435 3683 1507 καλοῦμεν
3708 1435 3775 1507 δη-

618 1529 1009 1585 commercium
1038 1532 1321 1588 transisse.
1355 1532 1486 1603 Ejus
1524 1550 1654 1590 vero
1682 1534 1850 1591 Deum
1880 1537 2160 1593 misertum

2295 1529 2547 1602 μιουργόν
2566 1545 2580 1557 °
2617 1524 2685 1599 ἦς
2708 1526 2773 1599 δὴ
2806 1526 3162 1597 ἀφικομένης,
3187 1526 3280 1578 καὶ
3306 1527 3370 1596 τῇ
3397 1525 3776 1595 κοσμοποιίαὲπι-

618 1619 778 1674 aliam
796 1621 1083 1691 quamdam
1106 1623 1361 1680 virtutem
1381 1626 1616 1687 misisse,
1633 1642 1795 1697 quam
1817 1643 1918 1684 nos
1933 1629 2160 1702 δημιουρ

2236 1624 2265 1676 Β
2296 1620 2701 1692 κεχειρηκυίας,
2724 1617 3233 1691 ἁποκεκρίσθαιτῆς
3249 1616 3376 1685 ὕλης
3399 1618 3558 1670 ἐκεῖνο
3574 1615 3778 1686 τῆςδυνά-

614 1710 714 1780 γὸν
760 1710 965 1781 (rerum
1001 1713 1211 1770 scilicet
1241 1715 1489 1786 opiﬁcem
1536 1733 1601 1772 ac
1654 1719 1977 1792 creatorem)
2020 1737 2153 1777 voca

2298 1730 2460 1784 μεως,
2485 1714 2607 1766 ὅσον
2633 1712 2740 1765 ἀπὸ
2768 1712 2869 1781 τῆς
2902 1710 3098 1782 μίξεως
3125 1710 3278 1764 οὐδὲν
3324 1705 3390 1781 ἦν
3425 1710 3601 1765 ἄτοπον
3629 1725 3776 1761 πεπονο

617 1817 741 1858 mus
774 1821 787 1858 :
820 1818 939 1874 qua:
965 1820 1088 1860 cum
1119 1807 1376 1874 venisset,
1403 1816 1458 1862 et
1488 1808 1556 1862 ad
1609 1809 1798 1863 mundi
1856 1812 2159 1868 creationen

2295 1805 2404 1869 θὸς,
2431 1804 2524 1858 καὶ
2548 1804 2827 1874 γεγονέναι
2850 1802 3000 1874 ἦλιον
3041 1803 3137 1857 καὶ⁵
3164 1802 3389 1874 σελήνην
3414 1801 3629 1872 πρῶτον·
3675 1798 3774 1852 τὸδὲ

614 1906 875 1964 aggressa
907 1905 1074 1962 esset,
1110 1897 1245 1953 illud
1274 1898 1492 1954 virtutis
1524 1914 1555 1954 a
1601 1902 1829 1955 materia
1860 1904 2156 1961 secrevisse

2293 1899 2349 1950 ὲν
2378 1896 2571 1969 μετρίᾳ
2608 1896 2829 1965 γεγονὸς
2864 1895 3031 1967 κακίᾳ
3082 1895 3318 1967 ἀστέρας
3363 1896 3451 1948 καὶ
3488 1893 3568 1948 τὸν
3607 1891 3774 1964 οὐρανὸν

614 1984 764 2055 quod
793 2002 859 2041 ex
893 1987 1147 2046 mistione
1178 1990 1312 2045 nihil
1350 1992 1465 2046 vitii
1515 2007 1580 2048 ac
1610 1992 1749 2048 labis
1787 1996 2150 2052 contraxisset

2294 1987 2601 2057 σύμπαντα.
2632 1988 2743 2058 Τῆς
2773 1983 2865 2040 οὖν
2898 1985 3050 2057 ὕλης,
3082 1982 3153 2058 ἦς
3175 1986 3531 2058 ἀπεκρίθησαν
3559 1983 3681 2056 ἥλιος
3713 1983 3773 2036 καὶ

614 2085 779 2149 atque
812 2078 942 2135 hinc
967 2081 1136 2136 solem
1164 2090 1218 2137 et
1269 2084 1451 2139 lunam
1492 2085 1725 2154 primum
1768 2086 1987 2142 condita
2012 2102 2134 2144 esse

2292 2080 2510 2152 σελήνη,
2532 2079 2592 2133 τὸ
2625 2079 2785 2151 μέρος
2817 2078 2971 2142 ἐκτὸς
3002 2077 3097 2131 τοῦ
3120 2079 3327 2149 κόσμου
3351 2076 3694 2147 ἀπεληλωθαι,
3711 2075 3776 2127 καὶ

613 2170 762 2241 quod
791 2187 918 2230 vero
951 2175 1248 2244 pauxillum
1281 2175 1484 2248 aliquid
1505 2192 1572 2232 ae
1594 2177 1870 2234 mediocre
1892 2179 2155 2235 hausisset

2291 2167 2429 2225 εἶναι
2478 2173 2654 2225 ἐκεῖνο
2692 2170 2824 2243 πῦρ,
2853 2170 3146 2225 καυστικδν
3182 2169 3289 2242 μὲν
3313 2210 3328 2233 ,
3365 2169 3603 2232 σκοτῶδες
3638 2167 3682 2220 δὲ
3714 2167 3777 2220 καὶ

616 2263 669 2319 id
705 2265 890 2321 stellas
921 2267 1229 2339 cmlumque
1247 2284 1408 2326 omne
1434 2269 1637 2325 factum
1668 2286 1810 2327 esse.
1843 2269 2010 2328 Extra
2029 2287 2158 2326 mun

2290 2261 2549 2332 ἀφεγγὲς,
2577 2261 2733 2316 νυκτὶ
2755 2262 3098 2334 προσόμοιον.
3147 2262 3246 2315 Ἐν
3277 2261 3333 2314 δὲ
3361 2262 3466 2324 τοῖς
3492 2260 3646 2322 ἄλλοις
3674 2275 3776 2310 στοι-

611 2355 743 2410 dum
767 2364 947 2413 autem
986 2359 1236 2429 ejectam,
1284 2377 1349 2416 ex
1380 2363 1495 2417 sole
1518 2370 1574 2417 et
1611 2362 1737 2417 luna
1764 2372 2028 2418 secretam
2070 2379 2153 2418 ma

2291 2352 2455 2423 χείοις
2482 2354 2577 2406 καὶ
2606 2356 2790 2424 φυτοῖς
2812 2353 2906 2406 καὶ
2934 2350 3115 2418 ζώοις,
3139 2353 3260 2415 τοῖς
3292 2353 3349 2404 ὲν
3375 2351 3585 2416 τούτοις,
3614 2347 3774 2417 ἀνωμά-

612 2445 764 2500 ιθτίω
792 2455 1024 2516 partem,
1050 2465 1282 2521 esseque
1319 2453 1494 2524 ignem
1521 2453 1693 2517 illum,
1728 2453 1921 2510 cuivis
1966 2454 2154 2524 quidem

2290 2445 2396 2510 λως
2418 2444 2678 2517 φέρεσθαι
2698 2445 2797 2516 τὴν
2835 2442 2982 2498 θείαν
3010 2442 3249 2515 δύναμιν
3275 2444 3606 2516 μεμιγμένην.
3625 2441 3684 2494 Δι’
3703 2439 3775 2508 ὃδὴ

614 2539 808 2594 urendi
858 2541 1011 2603 insit,
1044 2559 1166 2597 cum
1200 2544 1316 2614 ipse
1352 2545 1674 2602 tenebrosus
1703 2555 1757 2602 et
1786 2547 1924 2602 lucis
1966 2562 2156 2618 expers

2290 2538 2383 2592 καὶ
2416 2536 2507 2592 τὸν
2535 2536 2737 2607 κόσμον
2760 2536 3061 2605 γεγονέναι,
3092 2535 3199 2590 καί⁵
3232 2537 3287 2590 ὲν
3312 2536 3453 2607 αὐτῷ
3481 2535 3610 2606 ἥλιον
3628 2532 3700 2586 καὶ
3719 2547 3776 2583 σε-

612 2641 677 2680 ac
704 2628 849 2682 nocti
896 2631 1201 2689 consimilis
1230 2634 1320 2690 sit.
1370 2635 1429 2689 In
1464 2636 1689 2707 reliquis
1725 2653 1855 2693 vero
1899 2637 2154 2694 elementi.

2285 2633 2451 2704 λήνην
2475 2635 2596 2696 ταῖς
2633 2630 2879 2700 γενέσεσι
2902 2631 2998 2684 καὶ
3016 2632 3135 2695 ταῖς
3168 2630 3401 2703 φθοραῖς
3416 2672 3430 2698 ,
3464 2629 3544 2682 ἀεὶ
3568 2628 3647 2698 τήν
3668 2624 3774 2678 δύνα-

609 2721 665 2768 et
693 2715 956 2787 stirpibus
985 2728 1040 2775 et
1073 2721 1421 2790 animalibus,
1453 2724 1508 2779 in
1539 2725 1642 2781 hac
1693 2741 1875 2781 rerum
1910 2727 2148 2783 universi

2288 2743 2378 2797 μιν
2399 2725 2496 2797 τὴν
2525 2724 2672 2779 θείαν
2700 2725 2798 2796 τῆς
2827 2723 2958 2795 ὕλης
2988 2725 3176 2795 ἀποχω
3197 2723 3435 2796 ρίξοντας
3462 2721 3548 2776 καὶ
3585 2719 3691 2793 πρὸς
3714 2716 3774 2769 τὸν

609 2813 723 2862 tate
762 2811 1129 2873 versantibus.
1163 2812 1502 2885 intequaliter
1537 2817 1665 2874 ferri
1706 2820 2050 2875 commistam
2094 2820 2147 2874 di

1393 2818 1502 2872 iter
1537 2817 1665 2874 ferri
1706 2820 2050 2875 commistam
2094 2820 2178 2874 di-
2285 2820 2417 2873 Θεὸν
2445 2817 2935 2890 παραπέμποντας.

609 2900 792 2954 vinam
822 2902 1100 2960 virtutem.
1134 2903 1536 2978 Proptereaque
1579 2911 1844 2967 mundum
1895 2912 2173 2968 conditum
2199 2928 2342 2976 esse,
2372 2920 2427 2968 et
2483 2913 2538 2966 in
2577 2912 2671 2965 illo
2722 2911 2894 2967 solem
2936 2918 2991 2965 et
3047 2910 3174 2964 luna
3196 2926 3271 2974 ω,
3319 2924 3435 2981 quae
3479 2920 3634 2963 rerum
3676 2896 3774 2954 σπειιί

610 2988 962 3063 interituique
1001 2995 1350 3066 prmsideant,
1413 2999 1652 3056 divinam
1707 3017 1923 3074 semper
1972 3005 2225 3059 virtutem
2280 3020 2312 3059 a
2353 2994 2577 3059 materia
2629 3002 2968 3074 separando,
3020 3009 3199 3072 atque
3242 3002 3310 3057 ad
3359 3000 3518 3056 Deum
3563 2993 3774 3052 transmit-

610 3082 795 3138 tendo.
3076 3093 3085 3102 '

610 3091 795 3138 tendo.
3076 3093 3085 3102 ’

606 3200 740 3257 CAP.
766 3200 854 3257 IV.
880 3201 1045 3260 Luna:
1064 3216 1401 3279 augmentum
1425 3218 1474 3264 et
1498 3208 1882 3268 decrementum
1902 3227 1921 3266 :
1946 3226 2098 3282 nugo:
2133 3210 2190 3264 in
2218 3227 2279 3282 eo
2301 3208 2669 3264 Manichaica’.
2696 3207 2774 3263 De
2811 3208 3020 3263 homine
3048 3215 3099 3262 et
3130 3206 3356 3263 Christo
3401 3206 3606 3263 somnia.
3639 3200 3770 3256 Absti—

1906 3281 2096 3337 nentiae
2122 3281 2327 3336 insulsa
2361 3281 2520 3335 ratio.

680 3383 807 3443 Haec
835 3403 1029 3459 nempe
1061 3389 1307 3444 molitum
1345 3405 1488 3456 esse,
1522 3400 1581 3447 ut
1611 3393 1894 3465 demiurgo
1923 3411 1987 3450 ac
2024 3409 2222 3459 crea-t

2237 3405 2252 3461 ζ
2368 3392 2520 3446 Ἐπεὶ
2544 3392 2652 3463 γάρ
2678 3407 2761 3445 τοι
2788 3389 2867 3461 τῷ
2906 3389 3173 3463 δημιουργ
3192 3391 3236 3463 ᾦ
3275 3390 3460 3463 ἑτέραν
3500 3388 3686 3457 δύναμιν
3715 3383 3779 3437 ἐπὶ

608 3479 715 3534 tori
740 3479 916 3537 virtus
938 3480 1045 3535 alia
1078 3490 1353 3553 suppetat,
1382 3500 1505 3556 qua:
1554 3486 1621 3540 ad
1657 3488 1790 3543 solis
1820 3489 1960 3545 lucis
1995 3490 2147 3560 splen

2286 3485 2346 3539 τὸ
2373 3484 2656 3555 φωτοειδὲς
2686 3482 2783 3537 τοῦ
2813 3482 2964 3554 ἡλίου
2996 3481 3378 3538 καθέλκουσαν
3419 3481 3575 3538 ταῦτα
3607 3479 3776 3546 διαπρα-

609 3571 775 3629 dores
801 3574 980 3628 trahat
1017 3592 1033 3630 :
1063 3590 1292 3647 esseque
1338 3594 1452 3634 rem
1482 3580 1845 3645 manifestam,
1872 3583 2018 3639 velut
2054 3585 2145 3655 qui

2283 3574 2725 3648 γματεύσασθαισ
2766 3575 2859 3629 καὶ
2898 3569 3037 3628 εἶναι
3086 3576 3197 3629 καὶ
3232 3576 3464 3648 ἐμφανὲς
3500 3573 3554 3627 τὸ
3591 3571 3778 3643 πρᾶγμα,

610 3663 779 3733 dicat,
816 3681 980 3722 caeco.
1010 3666 1219 3723 Lunam
1240 3670 1385 3725 enim
1409 3681 1757 3742 augmentum
1797 3674 2046 3732 faciendo
2070 3676 2152 3731 vir

2284 3667 2397 3731 καὶ,
2427 3667 2500 3731 ὼς
2525 3666 2591 3720 ἄν
2617 3683 2702 3731 τις
2733 3665 2896 3731 εἴποι,
2935 3665 3120 3736 τυφλῷ
3141 3666 3333 3740 δῆλον.
3368 3668 3451 3720 Ἐν
3484 3666 3570 3737 μὲν
3588 3663 3674 3732 γὰρ
3697 3659 3778 3717 ταῖς

610 3762 783 3813 tutem
811 3758 1082 3830 accipere,
1113 3776 1235 3832 qua:
1271 3770 1556 3832 separatur
1606 3780 1637 3819 a
1678 3768 1925 3833 materia,
1973 3783 2038 3823 ac
2084 3784 2152 3841 pe

2280 3759 2346 3812 αὖ
2355 3758 2541 3830 ξήσεσι
2562 3757 2661 3828 τὴν
2680 3757 2909 3830 σελήνην
2929 3756 3177 3828 λαμϐάνε
3194 3776 3242 3812 ιν
3266 3759 3363 3831 τὴν
3383 3751 3782 3828 ἅποχωριζομένην

612 3848 719 3905 hoc
775 3856 991 3921 tempus
1024 3867 1088 3908 ea
1132 3853 1349 3923 plenam
1409 3854 1657 3912 evadere.
1694 3855 1799 3912 Ubi
1846 3873 1979 3914 vero
2020 3859 2154 3929 plen:

2278 3849 2506 3921 δύναμιν
2553 3848 2661 3903 ἀπὸ
2699 3849 2800 3919 τῆς
2845 3847 2998 3918 ὕλης,
3033 3848 3131 3902 καὶ
3164 3850 3349 3921 πλήρη
3393 3846 3604 3919 γίνεσθαι
3627 3841 3779 3909 ταύτης

613 3939 815 4008 fuerit,
878 3942 1021 4008 inter
1071 3941 1495 3999 decrescendum
1551 3945 1618 4000 ad
1663 3948 1831 4003 solem
1875 3947 2153 4003 remittere

2282 3942 2369 3996 τὸν
2398 3942 2586 4013 χρόνον
2615 3940 2821 3995 τοῦτον.
2871 3942 3263 4014 Πληρωθεῖσαν
3287 3947 3364 4011 δὲ,
3398 3948 3451 3998 ὲν
3478 3944 3582 4004 ταῖς
3606 3934 3782 4008 μειώσε-

611 4032 783 4088 solem
808 4049 940 4089 vero
959 4033 1029 4088 ad
1059 4032 1228 4090 Deum
1258 4033 1430 4090 abire.
1466 4034 1632 4107 idque
1652 4037 1789 4093 adeo
1815 4050 1939 4092 cum
1967 4038 2151 4108 praesti

2288 4050 2369 4087 σιν
2402 4034 2480 4095 είς
2500 4032 2591 4087 τὸν
2618 4031 2769 4103 ἥλιον
2799 4032 3172 4105 ἀναπέμπειν·
3230 4035 3323 4089 τὸν
3356 4036 3409 4089 δὲ
3437 4032 3555 4103 πρὸς
3581 4029 3657 4081 τὸν
3682 4023 3781 4077 Θεὸν

612 4124 760 4189 terit,
782 4137 1102 4197 exspectare
1131 4142 1349 4184 rursum
1382 4129 1513 4184 dum
1542 4129 1649 4185 alio
1668 4130 1965 4199 plenilunio
1996 4131 2154 4186 anim:

2284 4124 2523 4179 ἀπιέναι.
2554 4123 2858 4195 Ποιήσαντα
2890 4124 2948 4177 δὲ
2974 4124 3154 4192 τοῦτο,
3204 4125 3503 4199 ἐκδέχεσθαι
3545 4120 3682 4175 πάλιν
3707 4113 3785 4182 τῆς

610 4218 681 4272 ad
719 4219 898 4289 ipsum
923 4219 1285 4292 commigret:
1319 4236 1482 4291 quam
1533 4223 1784 4278 similiter
1816 4236 2149 4294 assumptam

2282 4217 2389 4271 ἀπὸ
2414 4217 2514 4289 τῆς
2565 4216 2755 4286 ἑτέρας
2788 4216 3124 4289 πανσελήνου
3157 4220 3298 4291 πρὸς
3338 4219 3482 4273 αὐτὸν
3514 4214 3599 4284 τῆς
3637 4208 3783 4280 ψυχῆς

610 4307 680 4361 ad
713 4306 881 4363 Deum
935 4316 1127 4379 sponte
1153 4312 1297 4366 sinat
1337 4311 1588 4368 transire.
1638 4313 1815 4385 Atque
1842 4315 1895 4370 id
1923 4314 1981 4369 in
2017 4330 2152 4370 0mm

2286 4309 2597 4381 μετοίκησιν
2615 4326 2629 4340 ο
2663 4310 2755 4364 καὶ
2778 4310 3162 4381 παραλαόόντα
3194 4312 3393 4383 ὁμοίως
3424 4308 3540 4380 πρὸς
3577 4303 3658 4357 τὸν
3679 4298 3786 4353 θεὸν

608 4412 783 4454 aevum
813 4401 967 4469 pensi
996 4401 1196 4457 habere
1224 4410 1385 4471 atque
1414 4417 1610 4473 operae.

2281 4401 2375 4472 ὲᾷν
2399 4401 2714 4475 αὐτομάτως
2745 4401 3024 4475 φέρεσθαι.
3056 4404 3169 4458 Καὶ
3210 4405 3369 4459 τοῦτο
3400 4402 3479 4457 διὰ
3514 4395 3689 4457 παντὸς
3718 4394 3786 4444 ἐκ·

2276 4497 2475 4550 πονεῖν.

682 4577 790 4634 Sed
819 4588 874 4635 et
919 4579 975 4636 in
1004 4581 1120 4637 sole
1164 4581 1433 4652 ejusmodi
1486 4582 1841 4640 simulacrum
1901 4587 2171 4657 conspici,

2346 4588 2455 4640 Καὶ
2501 4586 2684 4640 εἰκόνα
2715 4587 2771 4641 δὲ
2820 4587 2878 4640 ἐν
2908 4585 3041 4659 ήλίῳ
3085 4586 3363 4658 ἑωρᾶσθαι
3417 4581 3669 4653 τοιαύτην,
3702 4568 3785 4629 οἷόν

611 4672 792 4744 qualis
813 4679 897 4729 est
926 4672 1104 4728 forma
1137 4673 1411 4743 hominis;
1444 4676 1900 4748 ambitiosiusque
1915 4678 2047 4733 eniti
2068 4694 2153 4732 ma

2275 4681 2391 4733 ἐστι
2428 4680 2488 4734 τὺ
2512 4680 2606 4733 τοῦ
2636 4679 2921 4750 ἀνθρώπου
2952 4676 3117 4743 εἶδος
3143 4681 3242 4734 καὶ
3271 4668 3785 4749 ἀντιφιλοτιμήσασθαι

613 4767 801 4823 teriam
834 4774 894 4822 ut
922 4783 988 4823 ex
1014 4782 1074 4823 se
1104 4766 1222 4838 ipsa
1248 4768 1448 4823 condat
1510 4768 1786 4824 hominem
1821 4811 1837 4836 ,
1892 4772 2040 4825 omni
2075 4786 2155 4826 su:

2274 4772 2372 4844 τὴν
2402 4772 2532 4845 ὕλην
2566 4774 2787 4845 ποιῆσαι
2817 4774 2907 4825 τὸν
2939 4772 3224 4845 ἄνθρωπον
3274 4774 3333 4840 ἐξ
3371 4770 3533 4839 αὐτῆς
3558 4761 3678 4818 κατά
3714 4758 3784 4827 τὴν

609 4858 897 4915 commista
920 4860 1139 4923 virtute,
1169 4860 1260 4929 qui
1286 4859 1402 4929 ipse
1432 4876 1648 4932 quoque
1674 4862 1870 4917 anima:
1892 4863 2151 4934 quidpian

2274 4865 2362 4919 διὰ
2390 4865 2568 4938 πάσης
2586 4866 2758 4936 αὐτῆς
2781 4866 2879 4937 τῆς
2909 4856 3187 4937 δυνάμεως
3219 4865 3385 4938 μίξιν,
3411 4863 3586 4933 ἔχοντα
3616 4852 3693 4909 καὶ
3716 4849 3787 4903 αὕ-

610 4950 806 5007 habeat
834 4971 848 5005 :
878 4952 1110 5006 multum
1137 4961 1314 5008 tamen
1339 4954 1638 5009 contulisse
1658 4954 1910 5021 formam,
1931 4966 1991 5011 ut
2014 4958 2152 5012 hom:

2275 4958 2365 5012 τόν
2388 4976 2438 5012 τι
2465 4960 2562 5029 τῆς
2589 4959 2765 5030 ψυχῆς
2784 4975 2798 4987 ⁸
2820 4959 2953 5012 πολῦ
2977 4959 3154 5030 μέντοι
3186 4975 3252 5011 συ
3261 4953 3585 5030 μσεϐλῆσθαι
3608 4949 3658 5003 τὸ
3681 4940 3784 5002 εἶδος

610 5043 789 5113 majus
810 5043 1051 5115 aliquod,
1083 5060 1193 5115 pra:
1218 5044 1446 5116 reliquis
1481 5046 1876 5112 animantibus,
1900 5062 2152 5103 commer-

2276 5052 2355 5113 είς
2378 5051 2438 5103 τὸ
2467 5050 2646 5105 πλεῖόν
2679 5069 2729 5104 τι
2755 5049 2907 5123 παρὰ
2937 5050 3006 5104 τὰ
3031 5050 3162 5105 ἄλλα
3188 5048 3363 5122 θνητὰ
3408 5046 3517 5114 ζῶα
3552 5042 3637 5114 τῆς
3667 5033 3783 5091 δυνά-

610 5136 754 5190 cium
782 5136 1196 5193 nanCisceretur
1234 5136 1432 5193 divina:
1468 5138 1707 5194 virtutis.
1740 5136 1876 5194 Esse
1904 5139 2048 5194 enim
2076 5140 2152 5194 ho

2280 5158 2422 5213 μεως
2449 5143 2545 5212 τῆς
2584 5141 2731 5206 θείας
2750 5144 2839 5195 τὸν
2870 5140 3150 5215 ἄνθρωπον
3183 5142 3495 5211 μετασχεῖν.
3546 5131 3782 5215 Ὑπάρχειν

609 5228 811 5283 minem
839 5229 1037 5286 divinae
1065 5230 1287 5286 virtutis
1338 5232 1627 5304 imaginem
1662 5250 1675 5286 :
1732 5228 2009 5288 Christum
2048 5249 2151 5288 veri

2274 5235 2382 5305 γὰρ
2413 5234 2572 5287 αὑτὸν
2608 5234 2756 5299 θείας
2794 5233 3072 5304 δυνάμεως
3114 5232 3336 5287 εἰκόνα⁹
3391 5230 3481 5284 τὸν
3518 5227 3570 5282 δὲ
3602 5214 3782 5293 Χριστὸν

608 5334 731 5376 esse
762 5321 1160 5390 mentem.'Qui
1193 5340 1317 5379 cum
1365 5324 1656 5395 aliquando
1696 5341 1727 5382 e
1772 5327 2027 5398 supernis
2060 5341 2143 5381 cae

2275 5322 2411 5381 εἶναι
2435 5326 2575 5381 νοῦν.
2608 5329 2706 5380 Ὃν
2737 5326 2821 5399 δὴ,
2856 5327 2949 5379 καὶ
2976 5324 3305 5396 ἁφικόμενόν
3339 5340 3467 5378 ποτε
3488 5318 3587 5374 ἀπὸ
3602 5313 3679 5369 τοῦ

604 5415 756 5482 itque
781 5429 879 5471 axe
906 5418 1168 5485 venisset,
1210 5417 1374 5489 hujus
1406 5420 1693 5490 plurimam
1724 5395 1932 5490 partem
1956 5419 2143 5474 virtuti

2274 5416 2459 5479 τόπου,
2504 5416 2748 5470 πλεῖστόν
2789 5395 2850 5470 τε
2893 5417 2993 5488 τῆς
3029 5395 3310 5485 δυνάμεως
3344 5414 3542 5484 ταύτης
3574 5404 3685 5479 πρὸς
3713 5395 3782 5450 τὸν

611 5502 681 5556 ad
715 5502 880 5560 Deum
912 5508 1209 5565 dimisisse.
1241 5512 1319 5565 Ac
1356 5510 1575 5567 demum
1605 5511 1660 5566 in
1692 5524 1911 5567 crucem
1966 5520 2145 5566 actum

2273 5507 2404 5561 Θεὸν
2427 5507 2725 5561 λελυκέναι.
2758 5508 2869 5561 Καὶ
2899 5508 2963 5581 δὴ
3006 5508 3099 5562 καὶ
3126 5505 3189 5559 τὸ
3228 5505 3536 5558 τελευταῖον
3566 5500 3787 5581 dvitant}-

611 5609 708 5665 per
738 5610 861 5650 eum
881 5599 1104 5655 modum
1142 5602 1426 5657 scientiam
1443 5603 1743 5673 praebuisse
1775 5621 1789 5669 ;
1822 5603 2153 5672 divinamqm

2276 5599 2515 5672 ρωθέντα
2548 5600 2921 5672 παρασχέσθαι
2947 5575 3145 5669 ννῶσιν
3172 5596 3365 5669 τοιῷδε
3386 5594 3564 5667 τρόπῳ
3580 5605 3592 5618 ⁶
3619 5583 3694 5640 καίὶ
3709 5575 3786 5673 dif

556 5718 561 5723 τ
613 5688 834 5751 aptasse
897 5686 1191 5753 virtutem,
1238 5698 1297 5742 ut
1342 5689 1398 5743 in
1443 5667 1683 5745 materia
1736 5667 2098 5761 cruciﬁgereti

2272 5667 2497 5759 δύναμιν
2695 5667 2843 5744 θείαν
2880 5667 3229 5762 ἐνηρμόσθαι,
3278 5667 3693 5754 Ἵὲνεσταυρῶσθαι
3729 5667 3786 5739 τῇ

622 5775 759 5842 Quia
810 5775 974 5847 igitur
999 5777 1193 5834 divina:
1217 5780 1512 5835 voluntatis
1537 5795 1600 5836 ac
1631 5781 1834 5837 decreti
1858 5789 1941 5839 est
1969 5789 2027 5837 ut
2058 5796 2164 5835 ma-

2274 5779 2392 5854 ὕλῃ.
2440 5781 2589 5834 Ἐπεὶ
2615 5776 2706 5835 οὖν
2737 5780 3062 5836 ἀπόλλυσθαι
3078 5777 3170 5849 τὴν
3197 5776 3333 5849 ὕλην
3352 5776 3467 5831 ἐστὶ
3481 5770 3606 5829 Θεοῦ
3624 5764 3786 5835 δάψαι
