3956 6198
176 204 274 260 ιη

1055 200 1473 260 τιιΑετειτυε
1511 202 1600 257 os
1638 188 1952 262 PLACiTlS
1989 205 2542 263 ΜΑΝιειιιεοιιυιι.

3288 219 3397 278 U8

171 313 469 389 ἀπέχεσθαι
511 313 611 384 μὲν
657 313 911 385 ἐμψύχων
938 314 1182 382 πάντων,
1231 314 1524 380 σιτίζεσθαι
1555 316 1609 369 δὲ
1640 317 1718 371 λάη

1806 320 1975 391 _teria
2014 327 2221 388 pereat,
2252 320 2415 373 abiis
2464 319 2737 377 abstinere
2778 337 2900 392 qua:
2957 325 3193 382 animata
3227 339 3400 400 sunt;

164 425 325 479 χανα,
353 408 447 459 καὶ
466 406 571 458 πᾶν
600 405 695 458 ὅτι
723 405 1062 476 ἀναίσθητον.
1102 406 1417 477 Ἀπέχεσθαι
1465 407 1518 460 δὲ
1549 408 1718 478 γάμωε

1843 410 1990 463 vesci
2042 426 2172 464 vero
2206 410 2464 473 oleribus,
2496 424 2558 464 ac
2587 411 2633 466 si
2672 413 2800 481 quid
2840 421 2924 469 est
2959 429 3152 473 sensus
3179 434 3397 491 expers.
3475 441 3484 452 ·

161 500 259 554 καὶ
292 496 614 570 ἀφροδισίων
644 497 738 549 καὶ
766 499 1122 561 τεκνοποιίας.
1168 500 1253 552 ἵνα
1292 499 1364 570 μὴ
1398 499 1672 552 ὲπιπλεῖον
1701 503 1718 552 i

1846 498 1914 553 Se
1942 514 2156 569 quoque
2185 499 2457 554 abstinere
2485 515 2515 553 ιι
2545 500 2751 569 nuptiis
2789 509 2843 556 et
2871 506 3117 561 venereis
3167 521 3230 562 ac
3268 525 3397 577 pro-

161 587 393 656 δύναμις
420 585 668 657 ὲνοικήσῃ
703 587 767 654 τῇ
794 584 893 658 ὕλῃ
922 586 1062 639 κατά
1081 587 1177 657 τὴν
1213 586 1305 640 τοῦ
1335 588 1521 655 γένους
1557 588 1734 642 διαδο-

164 681 266 749 χήν
286 696 300 709 ·
336 679 407 750 μὴ
438 676 651 746 ἐξάγειν
678 677 735 730 δὲ
769 680 1010 742 ἑαυτοὺς,
1050 678 1470 750 μηχανωμένους
1520 681 1727 751 κάθαρ-

164 786 244 823 σιν
271 761 350 823 ὦν
377 769 683 842 ἐλυμήνατο
705 772 739 841 ἡ
771 769 916 842 μίξις
942 770 1038 840 τῆς
1066 770 1197 842 ὕλης
1226 772 1322 844 τὴν
1349 771 1596 843 δύναμιν.

1841 590 2091 644 creandis
2124 589 2328 653 liberis,
2354 605 2421 643 ne
2451 589 2671 645 altiores
2700 591 2756 644 in
2782 596 3005 649 materia
3036 596 3250 654 radices
3301 617 3399 673 per

1835 681 2051 751 generis
2094 679 2497 735 successionem
2542 680 2717 737 virtus
2782 692 2949 756 agat;
2992 701 3095 741 nec
3152 703 3212 743 se
3248 690 3396 761 ipsos

1831 773 2088 837 eximere,
2119 783 2380 826 conantes
2414 772 2735 839 emundare,
2793 790 2956 844 quam
2985 776 3090 833 sibi
3119 779 3296 835 virtus
3327 797 3396 838 ex

1828 861 2058 917 admista
2080 862 2307 917 materia
2328 862 2502 920 labem
2527 865 2906 923 conscivisset.

157 1000 275 1056 Cn.
299 999 371 1054 Υ.
395 1000 543 1056 Solis
566 1019 630 1056 ac
654 1002 792 1057 Iunce
820 1000 992 1057 cultus
1013 1003 1108 1058 sub
1137 1002 1265 1058 Deo.
1288 1001 1595 1080 Manicluris
1618 1004 1674 1080 in
1703 1002 2004 1080 Griecorum
2027 1003 2237 1080 [absitis
2262 1006 2485 1075 quasita
2507 1006 2775 1076 prasidia.
2793 1008 3188 1080 Scripturarum
3208 1023 3394 1074 aucto-

1350 1074 1486 1128 ritas
1517 1090 1581 1128 ac
1600 1075 1730 1144 ﬁdes
1769 1073 2082 1129 Manichwis
2108 1073 2302 1143 spreta)

200 1208 300 1289 .Τά
338 1209 440 1279 μὲν
469 1209 973 1283 κεφαλαιωδέστερα
996 1204 1070 1265 ὧν
1088 1212 1354 1283 λέγουσιν,
1383 1214 1499 1267 ἐστὶ
1527 1212 1717 1267 ταῦτα.

153 1317 363 1388 Τιμῶσι
394 1317 455 1370 δὲ
491 1316 724 1388 μάλιστα
759 1316 913 1388 ἥλιον
932 1318 1025 1371 καὶ
1052 1317 1415 1390 σελήνην,ούχ
1436 1319 1511 1383 ὡς
1543 1319 1717 1384 θεοὺς,

1899 1213 2040 1269 Sunt
2071 1214 2186 1269 haec
2210 1214 2430 1285 quidem
2457 1230 2644 1271 eorum
2688 1233 2810 1288 qua:
2842 1218 3033 1275 dicunt
3062 1236 3125 1277 ac
3146 1224 3390 1281 sentiunt

1828 1309 2239 1378 principaliora.
2271 1307 2471 1363 Colunt
2504 1324 2633 1365 vero
2657 1311 2893 1367 maxime
2913 1314 3081 1369 solem
3100 1324 3153 1371 et
3177 1317 3385 1383 lunam,

152 1418 257 1471 ἀλλ’
287 1418 367 1482 ib;
395 1417 515 1472 ὁδὸν
547 1417 617 1472 δι’
643 1411 711 1489 ἦς
735 1417 850 1471 ἔστι
892 1418 1025 1489 πρὸς
1054 1418 1189 1472 Θεὸν
1216 1418 1527 1488 ἀφικέσθαι.
1565 1420 1718 1473 Ἀπο-

1826 1415 1936 1454 non
1972 1409 2029 1454 ut
2076 1401 2228 1465 deus,
2277 1398 2371 1454 sed
2410 1412 2467 1454 ut
2495 1402 2635 1455 viam
2681 1417 2786 1471 qua
2831 1405 2911 1460 eis
2955 1403 3122 1460 Deum
3166 1411 3385 1480 assequi

148 1510 509 1582 χωρισθείσης
536 1509 590 1563 δὲ
624 1510 866 1582 ἀκριϐῶς
885 1510 985 1581 τῆς
1019 1511 1168 1576 Θείας
1200 1511 1496 1583 δυνάμεως,
1524 1506 1583 1565 τὸ
1615 1512 1719 1579 ἔξω

145 1601 250 1673 πῦρ
280 1619 442 1670 φασι,
468 1601 771 1673 συμπεσὸν,
802 1602 960 1655 ἑαυτό
991 1619 1049 1655 τε
1077 1603 1171 1657 καὶ
1196 1603 1258 1657 τὸ
1302 1604 1428 1658 ἄλλο
1473 1606 1712 1676 σύμπαν,

141 1696 232 1747 ὅτι
260 1694 314 1746 δ’
334 1694 402 1748 ἂν
424 1694 678 1767 λείπηται
706 1695 804 1766 τῆς
832 1693 984 1765 ὕλης,
1037 1696 1514 1765 συγκαταφλέξειν.
1566 1698 1629 1750 υἱ
1656 1697 1714 1751 δὲ
1746 1728 1789 1782 Β

136 1788 188 1838 ἐν
212 1787 436 1851 τούτοις
473 1787 811 1859 χαριέστεροι
853 1788 948 1841 καὶ
1002 1787 1326 1860 Ἑλληνικῶν
1357 1789 1456 1842 οὐκ
1498 1788 1710 1861 ἄπειροι

134 1876 312 1944 λόγων
336 1879 841 1949 ἀναμιμνήσκουσιν
887 1880 1033 1949 ἡμᾶς
1074 1880 1138 1931 ὲκ
1177 1878 1285 1931 τῶν
1325 1880 1563 1933 οἰκείων.
1617 1880 1712 1933 Ἐκ

134 1970 231 2039 μὲν
260 1970 380 2021 τῶν
423 1968 651 2023 τελετῶν
697 1970 789 2023 τὸν
836 1970 1307 2040 κατατεμνόμενον
1343 1972 1595 2023 Διόνυσον
1632 1969 1709 2041 τῷ

129 2060 273 2130 λόγῳ
298 2061 744 2132 ἐπιφημίζοντες,
768 2060 872 2114 ὑπὸ
891 2060 1000 2114 τῶν
1029 2062 1271 2116 Τιτάνων
1290 2103 1305 2127 ,
1343 2062 1707 2136 καθάπερίλέ-

127 2166 321 2218 γουσιν
347 2150 527 2216 αὐτοὶ,
560 2150 657 2222 τὴν
681 2151 830 2204 Θείαν
862 2150 1092 2222 δύναμιν
1139 2152 1456 2224 μερίζεσθαι
1489 2153 1569 2218 ε’ς
1608 2155 1707 2226 τὴν

127 2241 295 2311 ὖλην’
324 2243 391 2293 ἐκ
427 2241 484 2294 δὲ
514 2241 621 2294 τῶν
663 2243 929 2313 ποιήσεων
970 2243 1070 2315 τῆς
1117 2245 1582 2315 γιγαντομαχίας,
1624 2246 1706 2299 ὅτι

126 2332 263 2402 μηδὲ
284 2332 439 2385 αὐτοὶ
460 2332 732 2403 ἠγνόησαν
757 2333 856 2404 τὴν
882 2333 982 2403 τῆς
998 2333 1128 2404 ὕλης
1151 2334 1291 2388 κατὰ
1317 2334 1409 2388 τοῦ
1425 2336 1558 2389 Θεοῦ
1576 2337 1704 2391 ἀντ-

124 2441 303 2498 αρσιν.
381 2425 527 2494 Ἐγὼ
556 2425 632 2489 δὲ,
664 2426 739 2489 ὡς
778 2428 875 2497 μὲν
921 2429 1093 2482 ταῦτα
1126 2429 1224 2500 ούχ
1266 2428 1423 2481 ίκανά
1454 2428 1705 2499 ψυχαγω-

122 2525 289 2596 γῆσαι
312 2526 442 2589 τοὺς
473 2526 847 2591 ἀϐασανίστως
869 2528 957 2581 τὸν
975 2529 1130 2598 λόγον
1169 2529 1577 2601 προσιεμένους,
1603 2530 1701 2583 ούκ

126 2612 183 2670 ἓν
216 2616 472 2687 εἴποιμι,
519 2618 718 2687 ὄπουγε
764 2618 856 2672 καί
897 2636 1050 2683 τινας
1086 2620 1194 2673 τῶν
1235 2620 1701 2689 συνεσχολακότων

124 2708 243 2776 ἡμῖν
269 2709 332 2761 ὲν
362 2708 782 2779 τῷφιλοσοςλείν
818 2711 1145 2783 μετέστησεν
1183 2715 1216 2784 ἡ
1249 2711 1471 2782 τοιαύτη
1515 2710 1699 2782 ἀπάτη

121 2797 427 2867 ὼλὸγων
477 2799 615 2871 πρὸς
658 2802 887 2873 ἑαυτήν·
929 2804 1009 2867 είς
1035 2802 1278 2870 ἐξέτασιν
1318 2802 1374 2855 δὲ
1408 2802 1555 2865 ὅπως
1586 2800 1698 2872 ἔχει

120 2888 206 2942 νῦν
235 2891 490 2963 ἐμαυτὸν
516 2890 720 2957 καθεὶς,
751 2894 944 2966 ἀπορῶ
975 2893 1028 2947 τί
1068 2895 1376 2965 χρήσωμαι.
1403 2891 1538 2945 Οὕτε
1588 2891 1697 2963 γὰρ

118 2981 193 3036 fui
218 3000 394 3036 τινων
418 2984 599 3053 λόγων
622 2986 1020 3059 νενομισμένων
1045 2988 1181 3040 είσὶν
1210 2985 1386 3039 αὐτῶν
1422 2987 1477 3038 αί
1505 2984 1697 3038 ὑποθέ-

123 3088 240 3138 σεις,
271 3073 368 3126 ἵνα
393 3073 541 3127 κατὰ
563 3075 759 3139 ταύτας
787 3077 887 3148 τὴν
913 3076 1138 3148 ζήτησιν
1160 3074 1512 3147 ποιησώμεθα
1532 3093 1546 3106 ’
1574 3074 1696 3127 οὕτε
1727 3084 1767 3139 (ζ

120 3161 252 3223 τινὲς
271 3163 453 3234 ἀρχαὶ
484 3164 828 3231 ἀποδείξεων,
863 3166 954 3220 καὶ
985 3168 1070 3220 ἴνα
1097 3167 1158 3220 τὸ
1186 3167 1407 3229 ταύταις
1436 3166 1697 3237 ἑπόμενον

123 3256 443 3327 θεασώμεθα
468 3274 481 3288 ·
509 3256 734 3328 ἕρμαιόν
754 3277 813 3312 τε
852 3259 1066 3331 ἀληθῶς
1099 3261 1213 3312 ἐστι
1259 3259 1318 3311 τὸ
1360 3258 1467 3311 τῶν
1514 3257 1699 3320 ἁπλῶς

122 3348 430 3421 λεγομένων
475 3350 811 3421 φιλοσοφεῖν.
876 3353 939 3405 Οἱ
971 3352 1067 3415 τὰς
1094 3353 1223 3423 παρ’
1260 3351 1441 3415 αὐτοῖς
1484 3348 1697 3421 γραφὰς

123 3443 350 3506 παλαιάς
387 3461 452 3496 τε
495 3445 590 3497 καὶ
634 3444 758 3508 νέας
796 3444 1263 3516 ὑποστησάμενοι,
1308 3443 1695 3507 θεοπνεύστους

119 3528 240 3586 εἶναι
279 3534 687 3605 ὑποτιθέμενοι.
723 3536 822 3600 τὰς
856 3536 1004 3605 σφῶν
1042 3535 1220 3589 αὐτῶν
1261 3534 1417 3601 δόξας
1449 3533 1694 3587 ἐντεῦθεν

117 3626 461 3696 περαίνουσι·
498 3626 591 3679 καὶ
623 3626 935 3697 ἐλέγχεσθαι
973 3626 1131 3697 μόνον
1169 3625 1466 3697 τηνικαῦτα
1508 3622 1693 3677 δοκοῦ-

115 3733 205 3779 σιν,
232 3719 345 3772 ἐάν
375 3736 432 3771 τι
467 3718 546 3789 μὴ
566 3719 791 3783 ταύταις
812 3718 1098 3773 ἀκόλουθον
1121 3719 1153 3789 ἢ
1182 3717 1433 3786 λέγεσθαι
1459 3716 1490 3788 ἢ
1520 3717 1693 3788 πράτ-

112 3828 298 3881 τεσθαι
326 3827 424 3878 ὑπ’
457 3825 636 3879 αὐτῶν
661 3826 969 3898 συμϐαίνει.
1014 3827 1124 3880 Καὶ
1144 3827 1281 3897 ὅπερ
1304 3827 1360 3878 αί
1403 3824 1553 3895 παρὰ
1582 3826 1693 3886 τοῖς

114 3921 461 3991 φιλοσοφοῦσι
494 3920 616 3975 καθ’
647 3921 914 3993 ’Έλληνας
945 3920 1052 3974 τῶν
1095 3918 1416 3984 ἀποδείξεων
1446 3919 1610 3991 ἀρχαὶ
1637 3921 1690 3972 αί

115 4017 404 4085 προτάσεις
431 4014 705 4085 διὰμεσοι,
730 4013 889 4067 τοῦτο
931 4014 1062 4085 παρ’
1109 4014 1293 4077 αὐτοῖς
1325 4014 1472 4066 ἐστιν
1514 4013 1547 4083 ἡ
1582 4012 1691 4065 τῶν

116 4114 409 4185 προφητῶν
431 4113 605 4182 φωνή.
647 4110 916 4165 Ἐνταῦθα
950 4110 1009 4163 δὲ
1050 4110 1255 4163 τούτων
1298 4109 1397 4179 μὲν
1439 4107 1690 4161 ἁπάντων

115 4204 548 4276 ἐκϐαλλομένων,
575 4204 881 4275 λεγομένων
912 4203 971 4256 δὲ
1014 4196 1088 4256 ὧν
1134 4202 1395 4273 πρότερον
1449 4202 1689 4272 ἐπεμνή-

113 4298 228 4369 τῖην
255 4299 401 4352 ἄνευ
424 4296 569 4360 τινὸς
595 4296 919 4362 ἀποδείξεως
936 4312 949 4324 ·
974 4295 1271 4361 ἀναγκαίου
1293 4293 1351 4346 δὲ
1373 4292 1524 4356 ὄντος
1554 4293 1688 4363 μετά

110 4389 250 4458 ὶόγου
276 4388 622 4461 ποιήσασθαι
642 4389 740 4459 τὴν
765 4389 1075 4458 ἀπόκρισιν,
1096 4385 1231 4442 ἀλλά
1256 4386 1329 4457 μὴ
1346 4385 1685 4456 πιθανώτερα

1824 1492 2005 1547 liceat.
2035 1491 2294 1562 Sejuncta
2333 1508 2464 1547 vero
2498 1495 2717 1564 penitus
2742 1494 2923 1551 divina
2950 1498 3172 1565 virtute,
3204 1500 3386 1571 ignem

1823 1583 1979 1637 aiunt
2029 1584 2356 1638 exteriorem
2408 1583 2711 1653 delapsum,
2741 1586 2919 1656 ipsum
2954 1604 3032 1652 se,
3063 1604 3127 1645 ac
3160 1591 3206 1646 si
3253 1590 3385 1662 quid

1820 1675 1965 1729 aliud
1995 1674 2160 1730 fuerit
2207 1675 2447 1730 materia:
2491 1677 2781 1747 reliquum,
2811 1680 3244 1735 combusturum.
3276 1684 3380 1751 Qui

1819 1778 1997 1822 autem
2028 1769 2168 1824 inter
2199 1783 2292 1823 eos
2337 1768 2627 1839 lepidiores
2680 1779 2847 1837 sunt,
2908 1788 3009 1827 nec
3057 1773 3381 1829 Graecanica-.-

1816 1859 2140 1913 eruditionis
2165 1873 2229 1913 ac
2254 1860 2558 1914 litterarum
2588 1871 2872 1932 erpertes,
2902 1864 3005 1933 ipsi
3034 1879 3133 1920 nos
3157 1879 3226 1920 ex
3253 1877 3381 1934 pro-

1815 1951 1949 2020 priis
1972 1950 2280 2004 admonent.
2303 1949 2381 2004 Ex
2397 1953 2724 2007 caerimoniis
2745 1954 2960 2023 quidem
2983 1970 3048 2009 ac
3072 1956 3379 2026 mysteriis:

1815 2055 1912 2111 per
1945 2036 2217 2094 Bacchum
2246 2040 2340 2110 qui
2386 2042 2594 2096 scissus
2623 2049 2781 2096 utero
2805 2051 2913 2106 est,
2946 2044 3265 2114 signiﬁcari,
3294 2044 3382 2101 di-

1812 2129 1920 2183 vidi
1946 2131 2000 2183 in
2032 2130 2309 2184 materiam
2341 2145 2371 2183 a
2400 2129 2707 2195 Titanibus,
2732 2138 2791 2185 ut
2824 2132 2925 2202 ipsi
2955 2134 3274 2203 loquuntur,
3296 2134 3383 2189 di-

1810 2221 1992 2275 vinam
2023 2220 2278 2275 virtutem
2306 2239 2318 2273 :
2362 2235 2430 2275 ex
2456 2228 2736 2289 poetarum
2765 2229 2945 2278 autem
2979 2223 3160 2279 fabula
3188 2224 3377 2295 gigan-

1812 2320 1930 2367 tum
1966 2326 2178 2382 pugnaz,
2217 2311 2469 2377 indicari,
2504 2312 2583 2369 Ne
2616 2313 2738 2369 illos
2762 2314 2981 2384 quidem
3012 2316 3252 2371 materiae
3280 2318 3379 2373 ad-

1816 2417 2010 2457 versus
2061 2403 2230 2459 Deum
2279 2404 2628 2460 rebellionem
2678 2406 2998 2461 nescivisse.
3043 2406 3158 2478 Ego
3205 2423 3373 2473 sane.

1817 2494 2274 2563 quemadmodum
2302 2494 2417 2550 haec
2438 2496 2581 2551 haud
2612 2497 2933 2554 sufﬁcientia
2962 2499 3032 2553 ad
3060 2514 3252 2555 eorum
3282 2502 3378 2558 de-

1807 2584 2077 2640 liniendos
2100 2585 2333 2652 animos,
2377 2587 2471 2655 qui
2499 2587 2652 2643 nullo
2673 2589 2926 2643 examine
2950 2603 3259 2646 sermonem
3286 2607 3377 2648 re-

1806 2677 2037 2747 cipiunt,
2070 2676 2215 2731 haud
2243 2677 2458 2733 inﬁcias
2492 2681 2667 2744 ierim,
2727 2679 3170 2750 quandoquidem
3202 2682 3370 2737 etiam

1804 2771 2117 2835 nonnullos,
2165 2770 2256 2841 qui
2286 2785 2392 2825 una
2418 2772 2702 2827 nobiscum
2736 2770 3095 2841 philosophiae
3134 2787 3372 2830 navave—

1804 2868 1931 2914 runt
1962 2875 2207 2930 Operam,
2238 2862 2569 2931 ejuscemodi
2598 2876 2914 2918 sermonum
2933 2861 3184 2933 deeeptio
3214 2864 3285 2919 ad
3308 2880 3371 2920 se

1803 2952 2046 3005 traduxit
2081 2969 2097 3019 ;
2155 2955 2247 3022 qui
2279 2962 2458 3008 tamen
2488 2953 2649 3008 modo
2678 2968 2815 3018 rem,
2854 2960 2914 3007 ut
2941 2968 3002 3009 se
3047 2954 3244 3009 habeat
3272 2970 3371 3009 es-

1803 3044 2150 3100 aminandam
2181 3046 2480 3116 aggrediar,
2517 3061 2626 3116 quo
2648 3056 2740 3101 'me
2766 3054 2976 3101 vertam
3006 3047 3214 3103 nescio.
3243 3046 3372 3104 Non

1800 3134 1945 3189 enim
1970 3150 2066 3204 per
2098 3135 2365 3205 legitimas
2396 3136 2535 3191 ullas
2563 3136 2801 3191 rationes
2818 3138 3119 3205 procedunt
3142 3137 3369 3193 illorum

1802 3226 2150 3297 hypotheses.
2183 3237 2242 3280 ut
2269 3242 2366 3296 per
2404 3242 2499 3283 eas
2548 3242 2774 3282 examen
2834 3226 3121 3284 instituere
3179 3229 3360 3285 liceat.

1799 3316 1984 3388 Neque
2019 3318 2127 3371 ulla
2156 3326 2283 3372 sunt
2311 3318 2840 3373 demonstrationum
2864 3318 3152 3389 principia,
3204 3330 3258 3375 et
3303 3330 3363 3375 ut

1799 3412 1942 3482 quod
1970 3411 2217 3480 sequitur
2242 3411 2524 3467 videamus
2556 3431 2570 3466 :
2627 3412 3013 3481 inventumque
3055 3426 3116 3467 re
3143 3428 3270 3467 vera
3307 3420 3363 3468 et

1797 3505 2009 3559 lucrum
2038 3504 2376 3574 insperatum
2410 3518 2597 3559 eorum
2628 3512 2733 3567 est,
2773 3504 2867 3574 qui
2901 3504 3207 3573 simplicius
3239 3505 3360 3575 phi-

1802 3594 2079 3664 loSOphari
2103 3595 2378 3650 dicuntur.
2409 3593 2496 3657 Hi,
2547 3609 2716 3650 novas
2740 3594 2842 3650 sibi
2869 3604 3187 3665 veteresque
3221 3598 3362 3651 scri-

1797 3694 1991 3756 pturas
2014 3687 2351 3751 adhibentes,
2384 3701 2506 3741 cum
2528 3687 2790 3743 divinitus
2810 3688 3100 3756 inspiratas
3130 3687 3236 3742 sibi
3264 3702 3361 3743 eas

1795 3785 2060 3845 statuant,
2096 3796 2224 3837 suas
2248 3781 2373 3835 inde
2394 3779 2677 3849 opiniones
2704 3778 3038 3833 concludunt
3069 3797 3083 3844 ;
3116 3786 3358 3849 tuncque

1794 3868 1970 3929 solum
2004 3870 2154 3940 argui
2188 3869 2441 3924 videntur
2485 3876 2647 3939 atque
2677 3867 2869 3932 refelli,
2893 3882 3018 3923 cum
3049 3868 3116 3923 ab
3144 3868 3225 3923 eis
3256 3868 3354 3921 ali-

1794 3962 1921 4031 quid
1950 3976 2060 4014 non
2092 3961 2159 4016 iis
2192 3976 2493 4017 consonum
2524 3970 2616 4014 aut
2646 3960 2751 4015 dici
2788 3967 2881 4013 aut
2931 3960 3015 4030 agi
3041 3958 3352 4030 contigerit.

1792 4050 2056 4120 Quodque
2104 4051 2171 4105 iis
2211 4052 2304 4121 qui
2349 4049 2659 4105 Graecorum
2696 4050 2806 4105 ritu
2857 4049 3350 4121 philosophantur,

1792 4140 2318 4195 de’monslraliouum
2364 4140 2630 4210 principia
2670 4139 3005 4195 intermedize
3026 4138 3357 4210 propositio-

1794 4248 1892 4287 nes
1920 4241 2048 4287 sunt
2080 4251 2094 4299 ;
2124 4233 2226 4287 hoc
2280 4233 2414 4303 ipsis
2446 4240 2531 4287 est
2558 4231 2942 4301 prophetarum
2993 4246 3098 4285 vox
3133 4246 3197 4286 ac
3222 4244 3359 4286 ara-

1795 4325 1999 4380 culum.
2033 4323 2133 4379 Hic
2163 4332 2363 4388 autem,
2425 4324 2640 4378 cunctis
2675 4323 2760 4377 his
2787 4323 3112 4388 eliminatis,
3144 4331 3199 4377 et
3226 4338 3355 4378 cum

1784 4430 1860 4469 ca-
1882 4431 2114 4484 quorum
2147 4415 2399 4485 superius
2461 4413 2682 4468 memini
2711 4453 2726 4476 ,
2777 4413 2981 4482 absque
3012 4413 3119 4467 ulla
3152 4413 3353 4482 proba-

112 4480 256 4552 ἕτερα
278 4480 624 4551 παραθεῖναι
656 4481 749 4533 καὶ
782 4480 980 4550 μᾶλλον
1009 4479 1384 4549 ψυγαγωγεῖν·
1439 4476 1685 4548 χαλεπω-
1716 4502 1718 4509 ι

1806 4507 1939 4561 .ione
1966 4505 2221 4561 dicantur
2247 4524 2263 4573 ;
2296 4508 2473 4577 sitque
2500 4505 2870 4561 necessarium
2894 4512 2964 4560 .ut
2987 4519 3111 4560 cum
3140 4506 3359 4559 ratione

110 4579 229 4649 τέρα
256 4582 295 4651 ἠ
327 4579 545 4648 ἔφοδος,
583 4580 672 4633 καὶ
697 4579 774 4632 ἔτι
801 4579 997 4649 μᾶλλον
1032 4577 1409 4648 δυσκολωτέρα
1434 4617 1449 4641 ,
1481 4579 1561 4631 ὅτι
1593 4577 1686 4630 καὶ

110 4671 387 4734 ποικίλους
415 4672 543 4735 τους
568 4670 758 4740 λόγους
776 4670 1042 4725 ποιεῖσθαι
1069 4669 1166 4724 δεῖ.
1200 4664 1270 4723 Οἵ
1301 4687 1361 4723 τε
1387 4670 1493 4741 γὰρ
1526 4671 1683 4740 ἀκρι-

108 4756 360 4831 εέπροι
382 4759 511 4823 τοὺς
541 4760 646 4813 ὑπὸ
688 4760 892 4815 τούτων
926 4760 1054 4814 ἄνευ
1089 4760 1233 4823 τινὸς
1279 4760 1512 4823 πίστεως
1548 4777 1683 4832 προ-

107 4853 577 4925 κατειλημμένους
600 4852 808 4906 λάθοιεν
856 4853 941 4917 ἂν,
973 4854 1041 4914 εί,
1085 4852 1171 4905 ὅτε
1218 4853 1298 4915 είς
1330 4850 1685 4922 ψυχαγωγίαν

106 4948 333 5012 γένοιτο,
356 4953 441 5015 είς
474 4951 573 5015 τὰς
592 4952 762 5016 αύτάς
779 4951 947 5015 λαϐὰς
967 4948 1332 5022 ἐμπεσοῦνται
1350 4966 1364 4979 ο
1397 4946 1456 5012 ἐξ
1481 4948 1681 5019 ὁμοίων

105 5040 206 5112 γὰρ
247 5044 542 5111 γεγονέναι
573 5041 873 5109 δοξάζουσι.
916 5043 1006 5096 Διὸ
1052 5041 1255 5114 πολλῆς
1302 5040 1396 5093 καὶ
1438 5039 1681 5111 μεγάλης

108 5147 379 5214 ςροντξδος
403 5147 505 5214 δεῖ,
539 5150 633 5201 καὶ
658 5148 793 5201 Θεοῦ
810 5148 884 5211 ὡς
900 5146 1133 5217 ἀληθῶς,
1163 5144 1222 5209 ὃς
1249 5143 1342 5197 τοῦ
1362 5143 1520 5212 λόγου
1541 5143 1683 5213 ἡγή-

116 5260 265 5303 εεται.

1784 4605 2193 4672 responsionem
2230 4603 2514 4668 faciamus,
2544 4616 2653 4655 non
2684 4615 2813 4654 vero
2844 4600 3207 4671 probabiliora
3221 4599 3352 4663 alia,

1783 4702 1839 4750 et
1872 4710 1993 4765 qua
2034 4695 2209 4765 magis
2238 4694 2469 4749 delinire
2500 4692 2735 4756 valeant,
2779 4705 3185 4762 proponamus:
3226 4704 3343 4745 mo-
3382 4726 3383 4729 η

1785 4785 1976 4838 lestior
2006 4790 2089 4838 est
2115 4784 2425 4854 aggressio,
2479 4781 2713 4851 hincque
2755 4781 2891 4836 adeo
2935 4781 3108 4850 magis
3152 4778 3350 4843 ardua,

1785 4876 1929 4946 quod
1957 4884 2009 4931 et
2044 4876 2227 4931 varios
2242 4876 2526 4932 instituere
2551 4888 2833 4928 sermones
2856 4888 3085 4929 necesse
3113 4881 3217 4928 est.
3241 4871 3346 4939 Qui

1784 4985 2021 5040 namque
2051 4969 2221 5040 magis
2253 4968 2493 5023 accurati
2526 4968 2887 5037 certiorisque
2916 4966 3161 5022 veritatis
3193 4973 3348 5027 sunt,

1788 5074 1882 5114 eos
1930 5060 2206 5122 latuerint,
2238 5074 2378 5129 quos
2413 5066 2560 5113 certa
2604 5056 2836 5127 quadam
2870 5056 3190 5110 credulitate
3221 5065 3353 5108 ante

1784 5150 2126 5213 admiserint,
2160 5150 2228 5215 si,
2279 5164 2401 5203 cum
2429 5148 2495 5202 ad
2523 5145 2889 5202 deliniendum
2938 5144 3181 5200 adhiberi
3210 5159 3345 5199 con-

1789 5244 2009 5314 tigerit,
2042 5244 2096 5297 in
2125 5240 2343 5298 easdem
2392 5257 2557 5296 ansas
2610 5242 3072 5309 necessitatesque
3140 5237 3350 5293 incide-

121 5346 221 5399 rint.
250 5343 625 5414 Quamobrem
680 5344 851 5402 multa
882 5358 1185 5418 magnaque
1222 5357 1363 5414 opus
1387 5338 1668 5414 diligentia
1694 5346 1799 5404 est,
1828 5355 1891 5395 ac
1917 5340 2076 5410 plane
2113 5337 2241 5403 Deo,
2277 5338 2371 5409 qui
2402 5329 2518 5408 ipse
2544 5337 2659 5406 dux
2701 5344 2767 5421 et
2806 5350 3011 5405 auspex
3067 5333 3171 5390 erit
3215 5346 3344 5393 ser-

128 5450 308 5496 ωωε.
