3906 6194
531 232 640 296 ι-ιο

1538 225 1719 281 ALEX
1729 225 1938 282 ANDR]
1975 222 2283 282 EPISCOPI
2323 223 2829 283 LYCOPOLlTANI

3654 228 3765 286 ιτο

530 381 662 440 ϐυ».
696 377 787 437 Vl.
820 375 1234 434 Hanichaorum
1264 375 1367 428 duo
1388 375 1669 443 principia.
1706 370 1833 442 Ipsa
1861 367 2552 443 vexata.AP_ythagoreorum
2579 370 2643 426 de
2682 370 2952 440 principiis
2999 369 3194 438 opinio.
3231 367 3437 424 Bonum
3475 378 3525 424 et
3557 369 3764 425 malum

1736 439 2022 499 rontt‘aria.
2055 441 2097 494 Α
2128 439 2259 494 bono
2282 439 2531 495 uictoria.

610 574 724 628 Duo
747 568 1012 643 principia
1055 571 1323 627 statuunt,
1371 560 1540 617 Deum
1573 568 1627 617 et
1670 559 1975 616 materiam.
2009 557 2096 612 Si-

2267 557 2369 610 Δῦο
2398 556 2572 629 ἀρχάς
2601 557 2961 625 ὑποτίθενται,
2993 558 3125 611 Θεδν
3162 560 3255 612 καὶ
3289 559 3437 629 ὕλην.
3478 549 3541 612 El
3576 554 3678 630 μὲν
3707 558 3771 613 τδ

536 660 754 737 quidem
781 649 835 711 id
864 653 1011 725 quod
1061 653 1117 707 lit
1160 661 1324 720 atque
1371 651 1578 714 oritur,
1614 648 1684 703 ab
1716 664 1782 703 eo
1814 646 1960 718 quod
1987 657 2093 716 est,

538 752 786 809 secernat
820 744 1070 819 (Manes),
1124 745 1269 799 haud
1319 742 1544 813 perinde
1571 741 1711 795 mala
1745 738 2047 809 suppositio
2079 756 2121 806 ;»

537 851 600 899 ut
630 856 804 912 neque
830 839 1053 893 materia
1084 836 1201 907 ipsa
1248 850 1308 890 se
1346 835 1519 904 ipsam
1550 831 1764 894 eﬂiciat,
1795 840 1850 885 et
1879 838 2097 885 contra-

539 934 744 992 riorum
776 931 1037 986 rationem
1059 927 1307 998 recipiat,
1335 941 1456 995 qua:
1484 932 1598 979 tum
1631 931 1755 993 agat
1778 931 1891 977 tum
1921 922 2100 993 patia-

536 1035 632 1082 tur
662 1040 677 1076 :
706 1037 881 1094 neque
902 1035 1094 1077 rursus
1125 1020 1230 1073 alia
1259 1018 1387 1071 talia
1411 1017 1479 1097 de
1511 1016 1764 1071 eﬂ'ectore
1811 1029 2100 1085 rerumque

540 1124 763 1174 auctore
792 1113 1186 1182 intelligantur,
1214 1125 1334 1181 qua:
1362 1124 1461 1164 nec
1487 1106 1625 1163 forte
1654 1108 1738 1161 fas
1771 1107 1841 1160 sit
1878 1106 2096 1174 dicere;

538 1208 757 1265 tametsi
784 1205 929 1261 Deus
953 1204 1020 1258 ad
1043 1201 1251 1266 effecta,
1293 1199 1519 1255 materia
1548 1213 1658 1253 non
1686 1197 1946 1268 indigeat,
1974 1212 2100 1251 cum

542 1301 727 1358 omnia
752 1300 807 1354 in
833 1296 1137 1353 substantia
1165 1301 1219 1349 et
1250 1308 1371 1364 quae
1402 1306 1529 1346 vere
1554 1292 1820 1347 exsistant
1850 1289 1917 1343 ad
1948 1290 2099 1344 illum

542 1409 708 1454 sensu
734 1390 869 1448 eﬂici
900 1388 1035 1443 nihil
1054 1386 1358 1458 prohibeat.
1393 1380 1490 1437 Sin
1514 1389 1718 1446 autem,
1749 1381 1893 1452 quod
1927 1381 2102 1450 magis

542 1487 652 1543 dici
710 1483 944 1544 videtur,
981 1480 1084 1535 sub
1137 1478 1257 1548 ipso
1308 1475 1651 1531 inordinatus
1690 1486 1871 1530 rerum
1922 1485 2101 1530 m0tus

543 1576 767 1634 materia
799 1582 901 1637 est,
927 1572 1159 1643 primum
1189 1570 1406 1641 quidem
1439 1567 1659 1623 incaute
1684 1582 1749 1622 ac
1780 1567 2101 1637 imprudens

2194 649 2513 719 γιγνόμενον
2543 649 2637 703 τοῦ
2669 644 2820 712 ὄντος
2848 649 3201 721 άποχωρίζει,
3229 650 3326 721 οὑχ
3361 650 3560 719 ὁμοίως
3586 651 3770 722 φαύλη

2197 741 2508 812 ήὺπόθεσις
2533 779 2548 803 ,
2603 740 2689 793 ἵνα
2717 742 2854 812 μήτε
2894 744 2927 813 ἡ
2957 741 3053 811 ὕλη
3096 732 3294 811 ἑαυτὴν
3329 744 3486 812 ποιῇ,
3536 744 3632 795 καί⁵
3662 743 3773 795 τῶν

2198 833 2451 888 ἐναντίων
2468 832 2793 904 ἀποδέχηται
2817 825 2993 901 λόγον,
3017 830 3253 885 ποιοῦσά
3271 849 3327 884 τε
3347 833 3439 885 καὶ
3460 833 3766 902 πάσχουσα’

2201 925 2325 994 μήτ’
2373 918 2438 977 αὖ
2489 922 2714 977 τοιαῦτα
2751 922 2910 977 πάλιν
2962 923 3123 994 ἔτερα
3175 924 3303 993 περὶ
3338 923 3429 976 τὸν
3483 923 3774 994 ποιητικὸν

2198 1013 2367 1068 αἴτιον
2399 1013 2687 1086 θεωρῆται,
2721 1013 2757 1068 ἀ
2782 1012 2904 1066 οὑδέ
2928 1013 3103 1082 λέγειν
3127 1015 3258 1078 ἴσως
3288 1014 3443 1084 θέμις
3462 1031 3475 1044 ·
3499 1015 3683 1068 καίτοι
3706 1013 3769 1066 οὑ

2197 1106 2447 1177 δεομένου
2475 1106 2567 1160 τοῦ
2603 1106 2736 1160 Θεοῦ
2767 1108 2902 1181 πρὸς
2947 1107 3013 1161 τά
3042 1107 3456 1178 ἀποτελέσματα
3505 1106 3676 1177 ὕλης,
3712 1109 3772 1159 ἐν

2201 1195 2490 1250 ὑποστάσει
2519 1197 2826 1269 δυναμένων
2846 1198 3126 1268 γίγνεσθαι
3155 1198 3372 1252 πάντων
3399 1199 3539 1270 πρὸς
3562 1201 3774 1252 ἐκεῖνον

2199 1285 2290 1339 τὸν
2313 1286 2435 1340 νοῦν
2456 1304 2469 1317 ·
2508 1290 2557 1340 εί
2581 1289 2657 1353 δὲ,
2688 1290 2822 1361 ὅπερ
2847 1290 3045 1361 μᾶλλον
3074 1290 3327 1360 λέγεσθαι
3358 1290 3526 1354 δοκεῖ,
3555 1291 3650 1343 ὑπ’
3677 1292 3776 1343 αὑ⁴

2199 1377 2292 1430 τοῦ
2319 1381 2352 1450 ή
2383 1380 2611 1444 ἄτακτος
2644 1382 2854 1452 κίνησις
2876 1382 2984 1436 τῶν
3017 1382 3186 1437 ὄντων
3218 1385 3364 1438 ἐστίν
3394 1372 3520 1454 ὕλη,
3553 1384 3772 1455 πρῶτον

2206 1468 2302 1543 μὲν
2323 1472 2572 1527 λανθάνει
2600 1475 2785 1529 ἑαυτὸν
2809 1476 2994 1547 ἕτερον
3032 1472 3312 1548 ποιητικὸν
3335 1473 3505 1529 αἴτιον
3539 1472 3773 1543 ὑφιστά-

2206 1580 2364 1633 μενος
2410 1565 2733 1634 (κακοποιὸν
2761 1560 2975 1637 μέντοι)
3009 1583 3022 1595 ·
3062 1566 3160 1637 οὑχ
3204 1562 3306 1638 ὁρᾷ
3341 1566 3395 1619 δὲ
3430 1567 3523 1619 καὶ
3556 1567 3618 1619 τὸ
3644 1566 3771 1618 ἐπό-

545 1666 692 1722 aliud
715 1665 950 1720 elliciens
971 1661 1094 1733 (etsi
1125 1659 1448 1729 maleﬁcum)
1473 1658 1761 1713 constituit
1799 1677 1811 1713 :
1842 1674 1945 1713 nec
1971 1658 2100 1728 quid

2207 1673 2385 1727 μενον,
2399 1658 2499 1720 ὅτι,
2521 1659 2566 1710 εἰ
2583 1657 2714 1711 Θεὸν
2732 1658 2948 1723 πάντως
2964 1658 3293 1713 ὑποπατέον
3322 1659 3412 1712 καὶ
3437 1659 3592 1731 ὕλην,
3613 1659 3777 1729 ἑτέρα

545 1759 672 1816 inde
698 1765 959 1828 sequatur
978 1751 1397 1817 animadvertit;
1425 1764 1641 1820 nempe,
1667 1749 1714 1804 si
1745 1763 2100 1805 necesseoom-

2203 1765 2287 1812 τις
2314 1746 2411 1821 ὕλη
2441 1749 2517 1821 τῷ
2545 1750 2661 1821 Θεῷ
2684 1750 3045 1822 ὑποστήσεται
3065 1768 3077 1782 ·
3107 1752 3192 1807 ἵνα
3216 1747 3462 1823 ἑκατέρω
3484 1751 3595 1805 τῶν
3620 1770 3779 1823 ποιῇς-

544 1851 677 1908 nino
722 1849 795 1905 sit
837 1855 897 1903 ut
945 1845 1090 1901 Dens
1117 1850 1170 1899 et
1213 1842 1441 1897 materia
1480 1851 1892 1912 supponantur,
1944 1842 2100 1895 aliam

2204 1838 2369 1894 τικῶν
2394 1841 2578 1893 αἰτίων
2606 1841 2638 1911 ή
2673 1838 3003 1913 ὑποκειμένη
3038 1834 3258 1915 ὑπάρχῃ
3283 1841 3402 1913 ὕλη.
3436 1839 3578 1896 Ἀντὶ
3597 1842 3779 1898 τοίνυν

545 1955 764 2011 quoque
792 1938 1071 1993 materiam
1100 1934 1209 1992 Deo
1231 1935 1572 2006 suppositum
1607 1934 1675 1988 iri
1704 1953 1718 1988 :
1747 1939 1809 1988 ut
1845 1932 2100 1988 videlicet

2203 1925 2295 1986 δὺο
2321 1933 2584 2005 τέτταρας
2608 1934 2738 2004 ἡμῖν
2767 1932 2938 1986 ποιῶν
2970 1933 3141 2005 ἀρχάς
3173 1934 3634 2005 ἐπιδειχθήσεται.

547 2032 812 2087 ambobus
851 2029 1209 2086 eﬂieientihus
1230 2029 1455 2085 materia
1476 2028 1722 2098 subjecta
1748 2028 1839 2085 sit.
1890 2026 1998 2083 Pro
2052 2027 2265 2084 duobus
2299 2027 2481 2098 igitur,
2528 2036 2764 2098 quatuor
2798 2026 2958 2085 nobis
2991 2028 3256 2098 principia
3304 2036 3567 2100 praestare
3618 2043 3779 2084 mon-

548 2125 831 2183 strabitur.

614 2204 971 2274 Admiranda.
994 2230 1125 2272 vero
1150 2224 1206 2270 et
1236 2216 1305 2270 ab
1332 2216 1425 2271 illo
1454 2216 1632 2286 posita
1687 2216 1964 2285 utrimque
1992 2214 2100 2270 dis-

2272 2212 2567 2284 Θαυμαστὴ
2596 2204 2652 2265 δὲ
2690 2208 2779 2265 καὶ
2812 2213 2844 2283 ἡ
2877 2204 3281 2284 ἀντιδιαίρεσις.
3302 2208 3489 2283 Εἰγάρ
3505 2212 3642 2275 Θεὸς
3666 2213 3785 2264 ἐστι

545 2311 758 2366 tinctio.
788 2308 847 2364 Si
885 2309 1029 2364 enim
1060 2308 1162 2362 hoc
1187 2307 1352 2362 Deum
1381 2309 1681 2371 existimat,
1708 2306 1855 2377 quod
1877 2308 2100 2371 bonum,

2207 2307 2335 2378 παρ’
2361 2305 2528 2377 αὑτῷ,
2556 2306 2693 2377 ὅπερ
2722 2298 2784 2359 τὸ
2805 2305 3027 2375 ἀγαθὸν,
3046 2305 3140 2358 καὶ
3171 2305 3419 2377 βούλεται
3451 2305 3785 2374 ὑφίστασθαι

545 2403 769 2472 vultque
795 2416 920 2457 vere
965 2400 1230 2455 exsistere
1286 2398 1431 2469 quod
1459 2408 1544 2455 est
1590 2401 1667 2454 illi
1720 2400 2100 2465 contrarium;

2206 2400 2352 2471 αὑτῷ
2378 2400 2639 2463 ἐναντίον,
2673 2398 2761 2452 διὰ
2790 2398 2844 2451 τί
2870 2399 2931 2452 οὑ
2964 2398 3214 2471 καθάπερ
3237 2397 3380 2463 τινὲς
3406 2399 3516 2452 τῶν
3540 2398 3789 2468 Πυθαγο-

545 2494 737 2566 quidni
754 2493 900 2549 velut
933 2490 1276 2562 Pythagorici
1293 2490 1515 2560 quidam
1540 2491 1739 2544 malum
1773 2490 1873 2559 ipsi
1889 2497 2100 2543 contra-

2209 2492 2367 2563 ρείων
2395 2490 2455 2544 τὸ
2483 2491 2651 2545 κακὸν
2680 2489 2827 2560 αὑτῷ
2848 2488 3212 2561 ἀντιτθὶθησινς
3253 2490 3632 2561 ’Δνεκτότερον
3652 2488 3788 2564 γοῦν

547 2587 690 2642 rium
727 2585 880 2655 ponit
903 2584 927 2636 'I
968 2581 1274 2636 Ferendum
1297 2596 1429 2635 sane
1452 2581 1649 2649 magis,
1675 2588 1734 2633 ut
1761 2580 1831 2633 ab
1862 2580 1972 2633 illis
1995 2579 2100 2634 duo

2210 2582 2304 2633 ὑπ’
2331 2581 2552 2634 ἐκείνων
2579 2581 2834 2650 λέγεσθαι
2856 2579 2948 2634 δύο
2970 2572 3106 2633 εἷναι
3141 2580 3334 2654 ἀρχάς,
3369 2581 3429 2635 τὸ
3449 2582 3655 2650 ἀγαθὸν
3687 2581 3787 2634 καὶ

548 2678 814 2750 principia
830 2676 1103 2735 dicantur,
1127 2673 1332 2727 bonum
1353 2680 1408 2727 et
1444 2673 1646 2725 malum
1672 2689 1688 2738 ;
1726 2671 1868 2726 inter
1899 2686 1959 2726 se
1974 2685 2100 2725 con-

2209 2672 2269 2725 τὸ
2296 2672 2462 2725 κακόν
2479 2689 2492 2701 ’
2527 2672 2835 2736 στασιάζειν
2859 2673 2914 2726 δὲ
2942 2672 3142 2735 ταύτας
3174 2673 3432 2743 συνεχῶς,
3460 2675 3787 2746 ἐπικρατεῖν

546 2768 700 2823 tinue
731 2765 1046 2836 pugnantia,
1100 2778 1223 2818 cum
1252 2769 1434 2816 tamen
1488 2759 1692 2815 bonum
1734 2763 1875 2817 malo
1900 2776 2100 2832 praeva—

2210 2759 2268 2849 δέ
2293 2760 2353 2812 τὸ
2389 2758 2609 2829 ἀγαθόν.
2644 2762 2706 2814 El
2731 2761 2839 2833 γάρ
2869 2763 2930 2816 τὸ
2962 2762 3129 2816 κακὸν
3172 2762 3460 2849 ὑπερέχοι,
3506 2763 3790 2835 φθαρήσε-

547 2861 673 2918 leat.
702 2857 839 2913 Nam
870 2857 919 2913 si
954 2856 1157 2909 malum
1204 2860 1534 2924 superaret,
1579 2854 1864 2909 interirent
1900 2854 2100 2909 omnia.

2214 2842 2335 2904 σθαι
2354 2851 2549 2905 πάντα.
2581 2852 2754 2916 Ὅλως
2782 2853 2890 2923 γάρ
2917 2852 3038 2907 καθ’
3062 2842 3257 2925 ἑαυτὴν
3293 2854 3390 2926 μὲν
3427 2856 3459 2925 ἡ
3509 2854 3610 2927 ὕλη
3658 2854 3788 2909 οὕτε

547 2948 784 3005 Prorsus
814 2946 960 3003 enim
988 2944 1216 2999 materia
1240 2942 1541 2999 secundum
1571 2959 1651 3008 se,
1696 2959 1873 3013 neque
1905 2959 2100 3014 corpus

2213 2942 2371 3013 σῶμά
2399 2945 2563 3007 ἐστιν,
2588 2944 2711 2997 οὕτε
2738 2946 2978 3018 ἀκριϐῶς
3009 2946 3296 3017 ἀσώματόν
3326 2965 3399 3009 τι,
3432 2946 3555 3001 οὕτε
3591 2949 3787 3015 ἁπλῶς

544 3048 656 3109 est,
702 3053 879 3110 neque
917 3036 1140 3093 omnino
1175 3035 1554 3105 incorporeum
1585 3034 1825 3105 aliquid;
1854 3043 1908 3090 at
1931 3051 2100 3105 neque

2210 3032 2326 3088 τόδε
2357 3052 2437 3089 τι·
2479 3035 2615 3089 άλλά
2644 3032 2892 3104 ἅόριστὸς
2913 3055 2997 3101 τις
3026 3037 3403 3109 προσλαϐοῦσα
3429 3039 3490 3092 τὸ
3521 3034 3667 3103 εἶδος
3700 3042 3791 3109 γίδ

547 3134 869 3204 simpliciter
889 3132 994 3185 hoc
1016 3127 1217 3198 aliquid
1239 3148 1252 3182 :
1275 3127 1367 3183 sed
1398 3127 1674 3182 indeﬁnita
1702 3127 1968 3198 quzedam,
1989 3143 2100 3198 qua:

2210 3145 2358 3182 νεται
2388 3127 2687 3201 ὡρισμένηο
2706 3124 2814 3183 οἷον
2834 3128 2930 3202 τὴν
2955 3131 3232 3204 πυραμίδα
3251 3132 3347 3202 μὲν
3372 3131 3480 3202 πῦρ
3499 3149 3515 3163 ·
3540 3131 3603 3185 τὸ
3623 3133 3791 3188 ὀκτά-

549 3228 725 3283 l'ortna
753 3224 1042 3280 accedente
1065 3223 1282 3278 ﬁniatur
1312 3236 1376 3275 ac
1410 3223 1752 3284 terminetur,
1789 3222 1937 3276 velut
1964 3221 2100 3291 ignis

2211 3214 2363 3291 εδρον
2470 3222 2609 3292 ἀήρ·
2646 3221 2706 3274 τὸ
2738 3223 3080 3295 εἰκοσάεδρον
3110 3223 3177 3276 δὲ·
3193 3222 3338 3295 ὕδωρ
3358 3241 3371 3254 ·
3405 3225 3571 3279 κύσον
3595 3226 3654 3280 δέ
3687 3226 3788 3299 γῆ.

548 3325 693 3373 meta
726 3331 789 3370 ac
813 3314 1121 3387 pyramide';
1149 3313 1404 3368 octaedro
1437 3312 1779 3383 (octonorum
1814 3327 2100 3381 corporum

2210 3310 2335 3377 Πῶς
2363 3304 2453 3366 οῦν
2485 3314 2599 3366 ἐστι
2623 3314 2729 3368 τῶν
2753 3315 3030 3386 στοιχείων
3056 3318 3089 3388 ἡ
3117 3317 3348 3383 ἄτακτος
3376 3317 3641 3393 κίνησιςὴ
3659 3320 3792 3392 ὕλης¹

549 3406 731 3477 sessu)
761 3421 889 3471 aer;
932 3403 1217 3460 icosaedro
1242 3401 1599 3474 (vicenorum)
1631 3417 1770 3472 aqua
1796 3420 1810 3469 ;
1836 3403 2100 3472 quadran-

2210 3407 2347 3461 Καθ’
2380 3400 2576 3477 ἑαυτὴν
2633 3407 2731 3477 μὲν
2778 3404 2869 3461 οῦν
2899 3410 2998 3462 οὑκ
3053 3411 3195 3464 ἔστιν
3243 3412 3636 3483 ὑποστατήοεί
3674 3414 3797 3486 γὰρ

547 3498 665 3562 tali,
696 3504 864 3552 terra.
898 3495 1146 3562 Quonam
1177 3494 1341 3563 igitur
1379 3494 1543 3548 modo
1575 3494 1797 3549 materia
1832 3495 2100 3548 inordina-

2210 3491 2442 3567 κίνησις,
2466 3500 2521 3551 ἐν
2557 3497 2635 3567 τῷ
2669 3500 2968 3572 κινουμένῳ
2987 3519 3000 3531 ·
3037 3503 3098 3555 οὑ
3125 3502 3269 3556 δοκεῖ
3294 3503 3352 3557 δὲ
3379 3498 3619 3559 τοιοῦτον
3643 3502 3797 3561 εἶναι

547 3595 639 3643 tus
665 3596 846 3642 motus
865 3587 1253 3642 elementorum
1269 3582 1529 3639 exsistit?
1554 3582 1654 3637 Per
1675 3599 1734 3638 se
1763 3583 1946 3653 itaque
1975 3586 2100 3640 sub-

2210 3590 2244 3658 ἡ
2280 3587 2399 3659 ὕλη,
2424 3588 2557 3642 ἀλλά
2574 3590 2771 3660 μᾶλλον
2799 3593 2859 3645 τὸ
2886 3593 3099 3664 πρῶτον
3127 3576 3483 3667 ὑποκείμενον
3507 3600 3600 3652 καὶ
3614 3599 3799 3671 ἀρρύ-

549 3677 754 3733 sistens
785 3690 1020 3745 vereque
1065 3674 1338 3730 exsistens
1367 3689 1477 3727 non
1507 3679 1626 3727 est:
1658 3687 1780 3725 nam
1821 3673 1867 3727 si
1901 3683 2100 3740 motus,

2213 3677 2455 3749 θμιστον,
2492 3682 2587 3734 καὶ
2618 3682 2709 3752 ἀφ’
2731 3678 2790 3737 οὕ
2822 3683 2890 3737 τὰ
2919 3685 3072 3739 ἄλλα.

549 3770 608 3826 in
637 3769 880 3839 subjecto
902 3778 984 3823 est
1017 3785 1032 3834 ;
1070 3782 1176 3822 non
1209 3766 1424 3821 videtur
1473 3774 1651 3821 autem
1699 3766 1823 3822 talis
1888 3782 2012 3823 esse
2052 3771 2298 3837 materia,
2347 3774 2479 3843 quin
2538 3776 2649 3830 imo
2692 3776 2926 3846 primum
2982 3779 3387 3850 subjectum'et
3450 3782 3803 3854 incomposé-

547 3873 687 3932 tum,
716 3873 771 3921 et
788 3880 852 3920 ex
878 3880 988 3935 quo
1016 3864 1246 3934 reliqua.

617 3959 846 4028 Quando
895 3960 1062 4029 igitur
1102 3967 1281 4012 motus
1338 3957 1680 4014 inordinatus
1719 3964 1804 4013 est
1843 3958 2095 4022 materia,

2290 3958 2443 4013 Ἐπεὶ
2468 3959 2696 4031 τοίνυνή
2724 3960 2956 4024 ἄτακτος
2979 3960 3190 4034 κίνησίς
3212 3964 3360 4016 ἐστιν
3382 3965 3414 4034 ἡ
3449 3962 3549 4037 ὕλη
3568 4005 3585 4029 ,
3630 3968 3805 4025 sake-

550 4067 839 4123 semperne
887 4050 1074 4105 mobili
1099 4050 1427 4120 conjunctus
1453 4059 1591 4114 erat,
1622 4058 1712 4105 aut
1731 4051 2025 4120 aliquando
2042 4052 2100 4107 ah

2207 4067 2295 4123 ρον
2356 4046 2422 4121 ἦν
2475 4051 2561 4103 ἀεὶ
2597 4050 2693 4104 σὺν
2727 4049 2804 4119 τῷ
2836 4050 3157 4121 κινουμένῳ,
3191 4052 3224 4122 ἢ
3270 4052 3401 4105 ποτὲ
3448 4054 3807 4127 κεχώρισται

545 4159 613 4201 eo
644 4143 973 4214 separatus?
1006 4142 1183 4205 Certe,
1222 4143 1269 4197 si
1307 4143 1418 4197 ullo
1449 4158 1687 4213 unquam
1719 4150 1964 4213 tempore
2011 4159 2100 4213 per

2202 4140 2391 4193 τούτου
2417 4157 2431 4205 ;
2460 4141 2522 4193 Εἰ
2544 4140 2640 4211 μὲν
2671 4139 2779 4212 γὰρ
2811 4141 2939 4193 ποτὲ
2964 4136 3035 4212 ἦν
3052 4140 3170 4193 καθ’
3199 4143 3388 4215 αὑτὴν,
3418 4143 3561 4197 οὕτω
3585 4163 3652 4214 γε
3685 4148 3811 4203 οὑκ

545 4251 607 4290 se
633 4243 771 4297 erat,
802 4235 884 4289 sic
917 4234 1104 4303 utique
1137 4249 1249 4288 non
1305 4241 1462 4288 erat:
1511 4236 1691 4288 nullus
1735 4235 1881 4290 enim
1924 4243 2100 4292 motus

2205 4232 2272 4286 ἂν
2292 4229 2390 4303 ἦν·
2420 4232 2645 4302 οὐδεμία
2675 4231 2782 4304 γάρ
2808 4232 3020 4304 κίνησις
3045 4233 3172 4288 ἄνευ
3206 4234 3301 4287 τοῦ
3342 4236 3661 4305 κινουμένου
3682 4254 3700 4270 ο
3752 4245 3811 4295 εἰ

545 4325 667 4379 sine
695 4324 940 4393 subjecto
968 4332 1070 4379 est.
1105 4322 1162 4378 Si
1187 4340 1317 4379 vero
1339 4341 1553 4395 semper
1586 4325 1642 4380 in
1670 4325 1920 4393 subjecto
1963 4336 2100 4391 erat,

2210 4321 2266 4376 δὲ
2296 4322 2382 4375 ἀεὶ
2415 4325 2471 4377 ἐν
2498 4322 2575 4394 τῷ
2603 4323 2908 4396 κινουμένῳ
2934 4320 3022 4396 ἦν,
3049 4324 3212 4379 πάλιν
3236 4322 3300 4381 αὖ
3327 4325 3415 4380 δύο
3440 4328 3613 4399 ἀρχαὶ
3641 4330 3812 4386 οὕτω

545 4415 628 4469 sic
656 4426 847 4468 rursus
867 4415 975 4468 duo
1002 4422 1311 4469 statuentur
1340 4414 1638 4486 principia.
1671 4415 1817 4485 quod
1843 4425 2022 4471 movet
2048 4426 2100 4473 et

2212 4432 2274 4483 γε
2296 4416 2709 4489 ὑποστήσονται,
2735 4417 2796 4470 τὸ
2819 4417 2999 4471 κινοῦν
3013 4420 3104 4472 καὶ
3124 4420 3185 4473 τὸ
3201 4419 3531 4491 κινούμενον.
3558 4421 3812 4499 Ποτέρῳ

543 4504 690 4575 quod
713 4513 977 4560 movetur.
1003 4504 1119 4559 litri
1150 4506 1314 4576 igitur
1345 4507 1537 4560 horum
1561 4505 1855 4573 tribuetur,
1889 4515 1948 4562 ut
1976 4523 2100 4563 cum

2208 4503 2301 4559 οὖν
2323 4506 2500 4561 αὐτῶν
2523 4505 2838 4577 ψηφίζεται,
2864 4509 2949 4563 ἵνα
2976 4510 3152 4565 ἐκεῖνο
3177 4513 3314 4584 μετὰ
3339 4511 3433 4567 τοῦ
3461 4512 3600 4567 Θεοῦ
3649 4515 3804 4570 ὑπο-

544 4593 658 4651 Deo
679 4595 914 4667 primum
936 4596 1067 4651 illud
1094 4597 1532 4653 constituamus?

2210 4599 2533 4671 στησώμεθα
2553 4600 2797 4672 πρῶτον;

544 4711 673 4768 (Συ.
698 4710 812 4770 VII.
843 4711 1147 4769 Vindicatus
1165 4715 1229 4768 ab
1253 4714 1646 4772 iuordt’uatione
1675 4728 1869 4772 motus.
1890 4716 2206 4794 Cir‘cularls.
2231 4718 2442 4794 Rectus.
2477 4718 2839 4794 Ceneratiouis
2871 4732 2917 4777 et
2948 4726 3322 4794 corruptionis.
3357 4724 3713 4782 Allerationis
3741 4736 3801 4785 et

1684 4805 1895 4844 sensum
1926 4790 2211 4859 afﬁcieutis
2241 4791 2541 4861 Qualilatt’s.

611 4901 840 4959 Accedit
890 4904 1126 4959 sermoni
1155 4906 1420 4976 appendix
1456 4908 1547 4962 illa
1582 4920 1811 4979 prorsus
1842 4910 2100 4976 extorris,

2286 4902 2551 4985 Πρόσεστι
2577 4911 2732 4983 δὲτῷ
2760 4906 2902 4984 λόγῳ
2929 4910 3175 4982 ἐφόλκιον
3206 4913 3272 4967 τὸ
3304 4913 3565 4970 ἄτακτον
3607 4915 3794 4987 ἐξόρι-

544 4993 928 5051 ἕίοτάίηαιιιηι.
964 4995 1192 5064 Quando
1216 5000 1359 5055 enim
1409 5009 1589 5057 motus
1619 5014 1729 5057 non
1783 5001 1968 5067 fuerit,
1998 5017 2100 5057 me-

2211 5016 2334 5058 στον
2366 5003 2642 5069 παντελῶς
2669 4997 2846 5059 τοῦτο.
2893 4999 3082 5059 Ὁπότε
3107 5008 3216 5079 γάρ
3250 5007 3323 5078 μὴ
3350 5008 3568 5080 κίνησις
3590 5051 3605 5074 ,
3639 5006 3791 5062 εικό-

544 5087 654 5142 rito
678 5087 912 5145 dicatur.
930 5086 1188 5156 Quaenam
1223 5107 1352 5147 vero
1380 5094 1541 5148 etiam
1572 5101 1818 5149 motuum
1846 5094 2100 5149 materia?

2207 5116 2314 5162 τως
2348 5089 2412 5151 ἂν
2438 5092 2663 5168 λέγοιτο.
2694 5093 2787 5162 Τίς
2817 5098 2873 5152 δὲ
2905 5100 2998 5153 καὶ
3026 5100 3132 5154 τῶν
3154 5101 3420 5174 κινήσεων
3443 5105 3476 5174 η
3502 5101 3636 5172 ὕλης
3668 5102 3752 5155 [16
3780 5134 3790 5143 ~

542 5175 683 5234 Num
711 5180 804 5251 qui
830 5191 1013 5235 rectus
1042 5189 1146 5248 est,
1170 5197 1238 5235 an
1267 5183 1554 5240 circularis
1591 5202 1607 5251 ;
1648 5185 1734 5240 vel
1758 5200 1879 5256 quae.
1927 5186 2100 5256 quali-

2207 5204 2361 5259 τερον
2398 5188 2431 5258 ἡ
2462 5187 2582 5242 κατ’
2609 5187 2962 5261 εὐθεῖαν,ἥ-ἡ
2989 5188 3456 5262 κυκλοφορητική·
3500 5192 3533 5262 ἢ
3578 5195 3612 5263 ἡ
3654 5208 3769 5245 κατ
3790 5198 3801 5211 ⁹

543 5277 656 5327 tate
677 5285 896 5327 sensum
918 5272 1183 5331 alliciente
1208 5282 1507 5341 mutantur,
1541 5278 1618 5332 vel
1649 5278 2016 5349 generationis
2036 5292 2100 5331 ac

2199 5278 2499 5341 ἀλλοίωσιν,
2528 5279 2561 5348 ἢ
2587 5281 2620 5350 ἡ
2644 5278 2783 5332 κατὰ
2818 5280 3030 5348 γένεσιν
3054 5281 3147 5335 καὶ
3180 5280 3321 5334 κατά
3349 5282 3556 5354 φθοράν
3582 5299 3597 5347 ;
3634 5281 3785 5335 Ἀλλ’

545 5364 910 5435 corruptionis
952 5367 1186 5423 motus?
1239 5365 1527 5425 Enimvero
1563 5370 1847 5426 circularis
1898 5380 2099 5432 motus,

2200 5374 2234 5443 ἡ
2278 5372 2373 5442 μὲν
2399 5370 2832 5444 κυκλοφορητικὴ
2862 5371 3004 5425 οὕτω
3029 5374 3249 5444 κοσμία,
3275 5372 3414 5428 ὥστε
3430 5379 3497 5446 τῇ
3525 5376 3617 5429 τοῦ
3640 5393 3793 5429 παν-

545 5454 627 5506 sic
650 5453 880 5511 decorus
906 5464 990 5513 est
1029 5467 1085 5514 et
1132 5461 1492 5529 compositus,
1524 5471 1583 5516 ut
1622 5477 1804 5516 rerum
1835 5461 2100 5515 universi-

2199 5462 2289 5523 τὸς
2335 5459 2648 5515 ἀποδέδοται
2681 5461 2850 5525 τάξει.
2895 5463 2971 5516 Οὑ
3016 5464 3157 5518 κατά
3195 5464 3416 5529 τούτους
3464 5466 3523 5520 δὲ
3566 5465 3794 5538 ταύτην

548 5544 677 5598 tatis
710 5546 886 5601 ordini
916 5550 1186 5620 ascriptus
1210 5552 1283 5607 sit
1309 5571 1321 5608 :
1354 5568 1454 5608 nec
1489 5551 1907 5609 Manichaeorum
1939 5568 2100 5607 sensu

2203 5551 2500 5615 αἰτιᾶσθαι,
2534 5553 2593 5605 ἐν
2683 5555 2711 5607 6
2742 5552 2891 5624 ἥλιος
2943 5556 3037 5608 καὶ
3082 5557 3115 5627 ἡ
3166 5556 3391 5628 σελήνη,
3438 5556 3537 5621 οὓς
3577 5556 3795 5629 μόνους

544 5631 635 5690 hic
665 5636 965 5705 culpandus
995 5641 1262 5711 videatur,
1296 5644 1349 5700 in
1378 5661 1488 5715 quo
1518 5645 1597 5700 sol
1645 5654 1698 5700 et
1740 5645 1872 5700 luna
1896 5687 1910 5714 ,
1966 5660 2100 5715 quos

2206 5644 2344 5698 θεῶν
2377 5643 2634 5699 αἰδεῖσθαί
2679 5662 2866 5714 φασιν·
2919 5645 3052 5702 ἀλλά
3081 5649 3178 5718 τὴν
3210 5649 3297 5701 ἐπ’
3330 5648 3549 5715 εὐθείας
3570 5666 3585 5682 ’
3636 5646 3805 5710 ἀλλὰ
