3956 6198
194 152 289 212 ιιι

1069 156 1480 219 TRACTATUS
1515 163 1605 218 DE
1641 164 1957 226 PLACITIS
1989 169 2541 235 MANICHEORUM.

3300 196 3418 253 431

187 273 284 330 καὶ
328 270 506 348 ταύτῃ
548 274 718 347 πέρας
744 277 912 343 ἐστὶν,
944 279 977 349 ἡ
1019 280 1112 333 τοῦ
1161 282 1291 335 ίδίου
1339 283 1503 338 τόπου
1552 284 1727 349 «seu;

1815 320 1826 356 γ
1853 285 2007 385 solos
2029 289 2255 347 deorum
2280 294 2533 351 venerari
2566 298 2738 355 aiunt.
2766 300 2871 359 Sed
2896 306 2989 376 qui
3015 316 3218 366 rectus.
3249 311 3414 385 Atqui

186 365 373 436 Πάν-τη
396 364 504 435 γὰρ
527 365 589 418 τὸ
607 367 792 438 γήϊνον
815 367 1085 422 πέπαυται
1109 370 1440 442 κινούμενον,
1469 373 1545 426 ὅτ’
1568 373 1634 426 ἂν
1649 374 1727 444 γῆι

1853 375 1980 430 huic
2008 394 2224 450 quoque
2255 386 2520 442 terminus
2555 397 2659 455 est,
2696 392 2842 460 quod
2870 393 3048 452 locum
3088 414 3249 456 suum
3280 364 3414 460 con-

180 457 514 529 ὲπιλάϐηται
531 475 546 489 ο
572 461 680 512 πᾶν
702 458 759 511 δὲ
785 458 922 525 ζῶον
949 460 1044 514 καὶ
1071 462 1235 529 φυτὸν
1267 462 1648 535 αὐξανόμενον,
1672 465 1749 518 ὅτ’

182 550 254 603 ἂν
287 550 383 605 τοῦ
421 551 547 604 ίδίου
589 552 715 622 ὅρου
759 553 1029 625 ἐφίκηται.
1066 556 1225 610 Ὥστε
1260 558 1293 627 ἡ
1329 557 1530 611 τούτων
1565 559 1748 622 στάσις

183 641 544 713 εὐλογώτερυς
575 642 640 697 ἂν
669 642 895 708 θάνατος
923 646 1131 715 γένοιτο
1148 651 1214 719 τῇ
1255 647 1356 721 ὕλῃ
1383 650 1416 720 ἠ
1449 650 1539 703 ὑπ’
1565 649 1746 703 αὐτῶν

177 733 385 805 ταύτης
408 734 713 805 πλεκομένη
753 737 1013 807 ἀνήνυτος
1043 737 1285 810 τελευτή.
1340 740 1449 811 Τὴν
1500 740 1557 793 δὲ
1605 740 1745 796 κατὰ

174 825 389 895 γένεσιν
423 827 517 880 καὶ
551 826 753 899 φθορὰν
803 829 920 881 οὐδὲ
955 832 1234 903 ἐπινοῆσαι
1261 825 1369 885 οἷόν
1406 849 1466 886 τε
1509 835 1575 903 τῇ
1610 833 1742 886 ὐπο-

175 916 322 971 Θέσει
388 917 563 991 ταύτῃ
616 921 1027 991 προσήκουσαν·
1091 923 1353 995 ἀγένητος
1398 923 1506 997 γὰρ
1557 926 1740 992 αὐτοῖς

176 1011 320 1061 ἐστιν
364 1011 398 1080 ἡ
430 1007 656 1081 san.th
704 1010 760 1065 δέ
798 1028 860 1081 γε
899 1012 997 1084 τὴν
1034 1014 1173 1068 κατὰ
1209 1015 1488 1070 ἀλλοίωσιν
1528 1018 1739 1089 κίνησιν

172 1100 543 1156 ἀποδώσουσιν
597 1103 731 1174 αὑτῇ
773 1102 1021 1174 (δοκοῦσι
1057 1106 1165 1178 γὰρ
1207 1108 1440 1178 μάλιστα
1471 1109 1627 1164 τοῦτο
1652 1110 1738 1163 λέ-

173 1211 314 1261 γειν,
359 1196 485 1250 ἐπεὶ
506 1196 592 1250 διὰ
627 1198 727 1267 τῆς
753 1197 882 1270 ὕλης
907 1201 1002 1253 καὶ
1035 1202 1334 1272 μεταϐολὰς
1371 1202 1517 1273 ἠθῶν
1548 1205 1642 1257 καὶ
1678 1206 1736 1257 ἐν

168 1289 232 1357 τῇ
266 1286 414 1359 ψυχῇ
445 1289 641 1353 κακίας
670 1285 808 1344 εἶναι
828 1290 1075 1360 λέγουσιν
1097 1292 1136 1363 )·
1175 1297 1393 1350 σκοπεῖν
1422 1295 1567 1360 ἄξιον
1586 1296 1733 1360 ὅπως

168 1378 297 1432 ποτὲ
332 1380 428 1433 καὶ
456 1380 629 1434 ταῦτά
659 1398 842 1451 φασιν.
908 1383 1213 1439 Ἀλλοιοῦσα
1250 1385 1358 1459 γὰρ
1400 1386 1568 1459 αὐτὴν
1591 1426 1606 1451 ,
1646 1381 1732 1442 ἀεὶ

163 1469 386 1540 ἄρξεται
419 1472 515 1525 ἀπ’
561 1474 762 1545 ἀρχῆς
792 1475 885 1527 καὶ
911 1476 1010 1529 τοῦ
1045 1476 1206 1547 μέσου
1241 1476 1503 1549 προϊοῦσα
1534 1478 1729 1551 ἐπιλή-

159 1560 343 1629 ᾴτται,
371 1563 467 1615 καὶ
492 1564 572 1625 είς
597 1563 659 1616 τὸ
682 1564 834 1629 τέλος
862 1564 1034 1630 οὕτως
1062 1567 1331 1636 ἀφίξεται.
1388 1569 1526 1622 Ἀλλ’
1551 1572 1630 1633 εἰς
1668 1571 1727 1624 τὺ

1850 477 2130 537 sequatur.
2163 470 2398 530 Prorsus
2429 476 2573 530 enim
2601 479 2744 547 quod
2762 488 3035 540 terrenum
3070 495 3173 553 est,
3199 505 3231 547 a
3261 503 3413 552 motu

1848 565 2027 612 cessat
2056 560 2147 613 ubi
2190 568 2394 616 terram
2435 565 2691 634 attigerit.
2728 568 2898 628 Omne
2941 590 3073 631 vero
3120 580 3323 636 animal
3354 593 3413 641 et

1846 648 2028 714 planta
2053 653 2335 707 crescendi
2370 653 2532 711 ﬁnem
2572 658 2719 724 facit,
2750 676 2871 717 cum
2906 669 3199 725 terminum
3246 688 3408 730 suum

1843 747 2091 794 assecuta
2125 740 2350 800 fuerint.
2384 745 2747 812 Quamobrem
2776 754 2992 812 illorum
3026 762 3199 830 quies,
3234 767 3409 822 ratio-

1841 829 2077 887 nabilius
2104 848 2253 889 mors
2285 837 2530 892 materiae
2560 838 2757 909 fuerit,
2791 861 2953 914 quam
2986 829 3106 920 quae
3160 829 3230 909 ab
3271 857 3408 927 ipsis

1840 920 1959 990 ejus
1982 938 2128 979 mors
2154 925 2306 981 nullo
2334 929 2601 999 explenda
2621 935 2768 991 exitu
2788 940 3008 996 texitur.
3034 920 3402 1005 Motusautem

1839 1014 2207 1081 generationis
2237 1026 2292 1072 et
2305 1023 2691 1092 corruptionis,
2727 1044 2795 1083 ne
2817 1030 3040 1103 intelligi
3071 1037 3284 1105 quidem
3300 1056 3402 1110 po-

1839 1110 1964 1168 test,
1999 1107 2124 1161 huic
2169 1116 2330 1178 aptus
2366 1126 2686 1185 argumento
2718 1135 2733 1185 ;
2765 1122 2967 1193 quippe
2998 1142 3120 1181 cum
3149 1107 3400 1200 materia,

1835 1193 1944 1250 illis
1969 1196 2204 1268 ingenita
2236 1201 2330 1257 sit.
2366 1203 2460 1258 Sin
2503 1218 2682 1263 autem
2724 1220 2929 1267 motum
2959 1216 3315 1289 alterationis,
3341 1193 3403 1282 ut

1832 1298 2047 1357 vocant,
2078 1303 2130 1348 et
2149 1309 2257 1364 quo
2284 1298 2545 1366 qualitate
2566 1316 2786 1358 sensum
2813 1307 3077 1366 aﬂiciente
3100 1322 3404 1385 mutamur,

1833 1378 1908 1434 illi
1957 1384 2309 1455 ascripserint
2360 1389 2509 1459 (hoc
2536 1393 2680 1447 enim
2729 1398 2961 1455 maxime
3004 1402 3185 1459 dicere
3212 1378 3401 1466 viden;

1831 1478 1937 1536 tur,
1968 1472 2172 1530 idcirco
2202 1478 2460 1535 nimirum
2486 1483 2629 1552 quod
2653 1500 2749 1554 per
2778 1489 3059 1546 materiam
3090 1494 3251 1550 etiam
3276 1513 3397 1553 mu.

1829 1563 1931 1615 tari
1969 1579 2170 1631 mores,
2203 1574 2257 1621 et
2285 1568 2341 1622 in
2368 1573 2550 1627 animo
2573 1575 2763 1629 vitium
2793 1581 3000 1635 versari
3025 1581 3236 1655 dicunt)
3261 1602 3392 1658 ope-

158 1650 313 1714 τέλος
333 1652 639 1724 ἀφικομένη
667 1657 725 1709 οὐ
752 1658 1024 1726 στήσεται,
1044 1658 1099 1710 εῐ
1118 1675 1180 1727 γε
1206 1659 1358 1712 οὐσία
1386 1660 1530 1712 ἐστὶν
1557 1660 1725 1731 αὐτῆς

1831 1666 1906 1707 ra:
1920 1657 2153 1724 pretium
2183 1660 2255 1714 sit
2279 1670 2338 1714 ut
2359 1661 2737 1733 dispiciamus,
2771 1685 3005 1739 quonam
3042 1650 3254 1730 tandem
3286 1650 3399 1734 mo

152 1744 183 1811 ἡ
218 1743 541 1810 ἀλλοίωσις*
576 1746 710 1801 ἀλλὰ
741 1748 901 1802 πάλιν
939 1749 1247 1820 ἀνακάμψει
1289 1740 1377 1806 διὰ
1419 1752 1522 1805 τῶν
1547 1751 1725 1805 αὐτῶν

149 1834 243 1887 ἐπὶ
298 1836 402 1907 τὴν
431 1837 622 1910 ἀρχὴν,
674 1839 766 1892 καὶ
795 1841 993 1910 ὁμοίως
1023 1842 1267 1896 ἐντεῦθεν
1308 1840 1400 1896 ἐπὶ
1446 1844 1504 1897 τὸ
1541 1845 1721 1909 τέλος⁸

147 1926 237 1978 καὶ
260 1925 465 1981 οὔποτε
493 1928 647 1982 τοῦτο
673 1931 899 1985 ποιοῦσα
929 1932 1212 1987 παύσεται.
1234 1929 1357 1987 Οἷον
1386 1937 1434 1988 εί
1462 1935 1721 1991 ἀλλοιοῖτο

146 2029 175 2086 η
192 2034 233 2070 a
266 2036 330 2088 τ,
358 2020 524 2089 μέσον
540 2021 597 2074 δὲ
616 2021 675 2075 τὸ
702 2023 809 2076 ἀπὸ
841 2025 939 2095 μὲν
964 2025 1057 2078 τοῦ
1075 2025 1123 2090 β
1139 2043 1153 2056 ο
1176 2041 1215 2078 a
1239 2029 1272 2097 ἡ
1300 2026 1567 2099 μεταϐολὴ
1593 2010 1719 2098 ἁφίξ

143 2108 296 2172 Eata:
327 2111 424 2164 ἐπὶ
440 2112 502 2165 τὸ
524 2113 592 2177 β,
625 2113 719 2167 καὶ
741 2115 950 2169 ἐκεῖθεν
975 2117 1067 2169 ἐπὶ
1102 2114 1161 2170 τὸ
1207 2136 1261 2187 γ.
1306 2117 1474 2171 Πάλιν
1518 2119 1716 2186 τοίνυν,

139 2197 247 2253 ἀπὸ
275 2200 376 2255 τοῦ
410 2202 579 2276 ἄκρου
601 2204 693 2258 τοῦ
720 2226 760 2277 τ
785 2208 877 2259 ἐπὶ
904 2207 962 2260 τὸ
983 2208 1031 2272 β
1053 2209 1500 2279 ἀνακάμπτουσα,
1535 2209 1719 2278 ἀφίξεο

138 2293 227 2345 ταί
262 2309 407 2345 me
465 2295 557 2347 ἐπὶ
608 2295 670 2350 τὸ
721 2313 788 2349 α’
851 2298 945 2352 καὶ
992 2297 1153 2352 τοῦτο
1204 2299 1354 2352 ἔσται
1406 2299 1715 2365 διαπαντός.

139 2382 359 2455 Ὠσπερ
392 2374 502 2438 ἀπὸ
544 2386 637 2439 τοῦ
684 2387 909 2459 μέλανος
954 2392 987 2461 ἡ
1034 2388 1323 2461 μεταϐολὴ,
1382 2389 1544 2461 μέσον
1572 2390 1718 2444 δὲτὸ

139 2473 319 2540 φαιὸν,
356 2476 455 2529 καὶ
486 2478 652 2549 ἄκρον
674 2471 735 2533 τὸ
761 2480 971 2537 λευκόν.
1012 2478 1178 2535 Πάλιν
1209 2480 1266 2534 δὲ
1303 2482 1568 2536 ἀνάπαλιν
1605 2478 1713 2537 ἀπὸ

136 2563 328 2617 τούτου
362 2566 457 2620 ἐπὶ
486 2567 547 2620 τὸ
571 2568 746 2636 φαιὸν,
779 2570 871 2624 καὶ
892 2571 1089 2642 ὁμοίως
1112 2571 1203 2625 ἐπὶ
1227 2570 1286 2625 τὸ
1315 2572 1482 2642 μέλαν
1503 2589 1517 2604 ·
1552 2573 1712 2629 πάλιν

136 2652 190 2705 ﬁt
223 2654 340 2707 ἀπὸ
391 2656 489 2709 τοῦ
536 2657 727 2713 λευκοῦ
759 2661 793 2731 ἡ
822 2660 964 2732 ἀρχὴ
996 2661 1095 2731 τῆς
1134 2659 1545 2732 ἀλλοιώσεως,ἠ
1577 2660 1711 2733 αὑτὴ

136 2743 322 2812 εφοδοςῖ
358 2747 487 2819 ἤδη.

137 2841 282 2898 hum.
318 2841 571 2900 Rursum
622 2862 654 2902 e
707 2851 1003 2917 contrario,
1037 2848 1104 2903 ab
1138 2849 1261 2904 albo
1293 2849 1360 2904 ad
1390 2849 1620 2920 pullum,
1652 2863 1719 2903 ac
1752 2851 2006 2908 similiter
2048 2853 2116 2907 ad
2146 2857 2362 2926 nigrum
2414 2876 2428 2912 :

133 2938 217 2995 nis
242 2941 566 3008 exordium,
592 2942 840 3015 idemque
859 2946 972 3015 jam
1007 2953 1408 3016 argumentum.

1828 1748 1898 1803 do
1928 1751 2088 1805 etiam
2132 1752 2248 1808 haec
2288 1756 2600 1827 loquantur.
2650 1760 2771 1832 Ipsa
2814 1780 3049 1837 namque
3088 1771 3403 1841 alteraudo,

1826 1854 2044 1912 semper
2069 1859 2100 1897 a
2131 1848 2403 1918 principio
2435 1851 2596 1907 ducet
2624 1856 2947 1925 exordium;
2981 1861 3401 1936 procedensque

1822 1931 2057 1985 taedium
2079 1934 2325 2006 attinget,
2351 1937 2515 2008 inque
2543 1955 2666 1995 eum
2694 1944 2912 1999 modum
2942 1947 3103 2003 tinem
3130 1931 3400 2023 asseque-

1818 2027 1927 2074 tur.
1970 2021 2265 2081 Enimvero.
2291 2045 2413 2082 cum
2444 2029 2508 2083 ad
2542 2030 2702 2087 ﬁnem
2738 2038 3065 2105 pervenerit,
3116 2057 3226 2097 non
3267 2021 3387 2115 qui-

1824 2115 1994 2175 escet,
2048 2112 2317 2183 siquidem
2370 2118 2621 2173 alteratio
2663 2121 2783 2191 ejus
2823 2129 3060 2182 essentia
3102 2140 3186 2185 est
3221 2149 3235 2198 ;
3283 2112 3387 2189 sed

1822 2215 2014 2256 rursus
2044 2219 2141 2273 per
2184 2205 2368 2261 eadem
2403 2207 2628 2266 ﬂectens
2649 2254 2665 2278 ,
2695 2213 2761 2269 ad
2792 2216 3115 2287 principium
3149 2233 3389 2280 reverte-

1822 2301 1933 2361 tur,
1980 2295 2106 2352 inde
2150 2299 2400 2355 similiter
2424 2302 2491 2356 ad
2531 2303 2732 2361 ﬁnem:
2768 2323 2868 2363 nec
2917 2310 3019 2366 hoc
3070 2311 3251 2370 facere
3283 2332 3389 2371 un-

1822 2403 1984 2457 quam
2021 2391 2280 2445 cessabit.
2336 2391 2493 2448 Velut
2522 2396 2568 2451 si
2598 2398 2897 2455 alterentur
2917 2419 2948 2455 a
2979 2413 3032 2458 et
3064 2420 3110 2467 c,
3146 2406 3384 2462 medium

1819 2484 2007 2535 autem
2051 2481 2121 2537 sit
2147 2483 2216 2548 b;
2251 2490 2479 2541 mutatio
2513 2506 2545 2542 a
2579 2497 2632 2545 et
2660 2493 2688 2544 Ι)
2713 2495 3006 2563 perveniet,
3042 2506 3207 2568 atque
3255 2499 3388 2557 hinc

1818 2571 1885 2624 ad
1904 2589 1951 2628 c.
1977 2571 2188 2630 Rursus
2214 2576 2375 2645 igitur
2392 2578 2459 2632 ab
2483 2586 2729 2636 extremo
2757 2600 2784 2636 ε
2813 2583 2880 2636 ad
2906 2584 2934 2636 b
2952 2584 3196 2654 ﬂectens,
3214 2604 3387 2659 quan-

1817 2662 1995 2734 doque
2024 2682 2055 2719 a
2085 2676 2406 2735 assequetur
2439 2688 2452 2724 :
2483 2672 2695 2741 eritque
2732 2673 2833 2727 hoc
2859 2676 3135 2733 continue.
3164 2677 3323 2735 Velut
3347 2696 3381 2735 θ

1816 2756 1975 2825 nigro
2015 2759 2243 2812 mutatio
2276 2778 2289 2827 ;
2347 2761 2605 2827 medium,
2647 2763 2890 2834 pullum;
2938 2778 3263 2838 extremum,
3303 2773 3385 2826 at-

2488 2873 2790 2930 rursusque
2830 2862 2898 2916 ab
2950 2864 3075 2919 albo
3106 2866 3398 2935 alteratioa

985 3060 1115 3116 Car.
1146 3060 1282 3118 Vill.
1308 3063 1390 3117 An
1412 3064 1634 3117 materia
1661 3060 1943 3130 maleﬁca?
1979 3059 2052 3114 De
2074 3059 2183 3115 Deo
2212 3070 2261 3115 et
2289 3063 2534 3117 materia.

192 3174 344 3231 Κατ’
380 3173 669 3230 ἀλλοίωσιν
730 3175 1021 3244 κακοποιὸς
1066 3181 1214 3235 αίτία
1271 3182 1419 3235 ἐστὶν
1482 3185 1515 3255 ἡ
1572 3182 1711 3254 ὕλης

1886 3178 2111 3233 Materia
2142 3180 2479 3235 alterationis
2525 3178 2738 3237 ratione
2768 3196 2935 3241 causa
2967 3194 3050 3242 est
3078 3190 3324 3249 maleﬁca
3358 3192 3388 3250 ἵ

135 3267 199 3320 οε
228 3267 447 3339 μᾶλλόν
478 3286 530 3321 τι
560 3270 851 3334 κακοποιὸς
897 3272 929 3344 ἢ
964 3273 1309 3341 ἀγαθοποιὺς,
1340 3274 1481 3329 οὔτω
1516 3292 1579 3345 γε
1601 3273 1707 3330 δεί-

135 3376 342 3413 κνυται..
380 3361 563 3415 Ἔστω
595 3361 704 3433 γὰρ
734 3365 766 3435 ἡ
805 3364 945 3436 ἀρχὴ
976 3365 1075 3435 τῆς
1108 3364 1443 3431 ἀλλοιώσεως
1475 3368 1582 3421 ἀπὸ
1613 3364 1705 3421 τοῦ

134 3451 297 3504 ιιικοῦ
314 3491 328 3503 .
352 3451 564 3506 Οὐκοῦν
593 3450 763 3518 οὕτως
795 3455 901 3508 ἀπὸ
928 3454 1115 3510 τούτου
1144 3457 1232 3511 διὰ
1266 3458 1372 3513 τῶν
1399 3456 1706 3532 ἀδιαφόρων

132 3541 212 3593 ἰπὶ
251 3542 321 3596 τὸ
360 3542 572 3612 ἀγαθὸν
605 3545 637 3617 ή
684 3544 984 3610 ἀλλοίωσις.
1032 3548 1168 3602 Ἀλλ’
1209 3549 1315 3603 ἀπὸ
1343 3550 1435 3603 τοῦ
1477 3551 1701 3620 ἀγαθοῦ.

131 3631 291 3686 Πάλιν
339 3634 530 3689 τοίνυν
561 3635 648 3689 διὰ
689 3637 797 3691 τῶν
845 3638 1151 3711 ἀδιαφόρων
1193 3643 1225 3713 ἡ
1259 3642 1422 3714 ἀρχή.
1470 3643 1583 3696 Εἶτ’
1613 3645 1705 3698 ἐπὶ

125 3721 230 3776 τόδε
256 3724 323 3777 τὸ
351 3726 530 3797 ἄκρον
558 3727 655 3780 εἴτ’
693 3729 783 3781 ἐπὶ
806 3729 868 3783 τδ
909 3729 1092 3802 ἕτερον
1133 3733 1166 3803 ἡ
1198 3733 1431 3805 κίνησις,
1468 3737 1497 3787 ὁ
1542 3732 1701 3800 αὐτὸς

125 3811 302 3883 λόγος’
343 3814 528 3871 ταῦτα
564 3818 627 3872 ἐκ
658 3820 971 3891 πριουσίας
1007 3821 1245 3890 λέγεται.

183 3999 348 4053 Πᾶσα
387 3999 486 4068 μὲν
517 3999 626 4071 γὰρ
658 4001 869 4073 κίνησις
900 4004 1028 4075 περὶ
1069 4004 1130 4057 τὸ
1164 4004 1361 4060 ποσόνο
1411 4005 1607 4073 κακίας
1642 4006 1698 4063 δὲ

58 4133 76 4159 ,
123 4087 205 4139 καὶ
230 4087 447 4160 ἀρετῆς
460 4083 683 4159 ἡγεμών
711 4093 858 4145 ἐστιν
875 4090 908 4164 ἠ
928 4092 1164 4165 ποιότης.
1198 4096 1383 4151 Ταῦτα
1409 4098 1464 4151 δὲ
1491 4100 1575 4153 ὅτι
1603 4100 1695 4153 καὶ

121 4178 190 4248 τῷ
211 4178 371 4248 γένει
402 4178 706 4253 διώρισται,
744 4181 920 4254 ἴσμεν.
957 4184 1192 4259 Πότερον
1220 4188 1276 4241 δὲ
1320 4190 1477 4260 μόνον
1505 4191 1533 4243 ό
1564 4191 1697 4256 Θεὸς

121 4269 203 4324 καὶ
224 4274 258 4339 ἡ
294 4268 409 4341 ὕλη
434 4272 585 4326 ἐστὶν
616 4270 799 4346 ἀρχαὶ,
824 4273 857 4348 ἦ
886 4293 936 4329 τι
966 4276 1149 4347 ἕτερον
1181 4279 1483 4345 ἀπολείπει,
1512 4280 1541 4336 ὅ
1568 4281 1693 4336 τού-

119 4374 213 4411 των
236 4361 399 4414 ἐστὶν
428 4361 489 4415 ὲν
519 4361 704 4432 μέσῳ;
734 4362 795 4415 Ei
834 4364 929 4434 μὲν
960 4365 1065 4435 γὰρ
1106 4366 1269 4436 μηδέν
1293 4369 1459 4430 ἐστιν,
1487 4369 1693 4438 ἄμικτα

119 4450 277 4506 ταῦτα
305 4451 675 4507 ὑπολείπεται
715 4454 849 4527 πρὸς
882 4455 1022 4509 αὑτά
1042 4472 1055 4486 ·
1087 4457 1267 4522 καλῶς
1305 4459 1413 4531 γὰρ
1454 4458 1690 4529 λέγεται.

1808 3270 1930 3326 Non
1970 3271 2143 3341 magis
2173 3271 2472 3327 maleficam
2502 3288 2643 3336 esse,
2675 3290 2838 3343 quam
2895 3277 3189 3336 beneﬁcam
3252 3285 3381 3342 inde

1808 3362 2090 3432 probatur.
2119 3361 2199 3415 Sit
2233 3362 2378 3417 enim
2406 3363 2749 3420 alterationis
2783 3369 3111 3439 principium
3145 3388 3176 3426 a
3206 3377 3374 3431 malo.

1809 3453 1898 3508 Sic
1933 3455 2098 3525 igitur
2131 3454 2198 3509 ab
2228 3455 2351 3517 hoc,
2381 3469 2477 3523 per
2500 3468 2562 3507 ea
2590 3471 2710 3525 quae
2756 3459 2920 3513 medii
2953 3464 3168 3531 generis
3223 3476 3376 3535 sunt,

1806 3548 2054 3602 alteratio
2086 3556 2169 3603 est
2206 3546 2273 3600 ad
2326 3547 2552 3602 bonum.
2594 3546 2790 3603 Verum
2822 3560 2941 3607 esto
2970 3569 2999 3606 a
3034 3554 3197 3610 bono.
3230 3557 3380 3614 Rur-

1804 3654 1899 3694 sus
1935 3639 2096 3710 igitur
2125 3655 2218 3709 per
2237 3654 2300 3694 ea
2340 3655 2460 3709 quae
2491 3640 2653 3695 medii
2690 3644 2903 3711 generis
2928 3653 3075 3709 sunt,
3109 3656 3191 3702 est
3221 3650 3375 3717 priu-

1803 3731 2025 3799 cipinm.
2057 3727 2181 3785 Sive
2211 3730 2277 3784 ad
2310 3747 2477 3785 unum
2512 3740 2839 3798 extremum,
2882 3736 2999 3791 sive.
3034 3737 3100 3791 ad
3134 3740 3372 3797 alterum

1802 3821 1873 3874 sit
1908 3832 2104 3885 motus,
2156 3822 2346 3876 eadem
2376 3832 2460 3877 ρει
2491 3824 2628 3877 ratio
2664 3836 2680 3891 ;
2730 3833 2894 3895 atque
2942 3826 3058 3881 hinc
3090 3844 3153 3883 ex
3196 3830 3374 3887 abun-

1800 3911 1951 3965 danti
1978 3912 2256 3967 dicuntur.

1869 4000 2060 4057 Omnis
2092 4008 2269 4056 motus
2291 4001 2438 4055 circa
2473 4002 2831 4072 quantitatem
2862 4014 3151 4065 versatur:
3201 4026 3370 4081 ρον-το

1797 4090 2031 4160 qualitas
2057 4091 2170 4144 vitii
2205 4091 2315 4145 dux
2361 4106 2425 4146 ac
2460 4094 2678 4149 virtutis
2725 4097 2961 4151 exsistit.
2996 4098 3215 4154 Scimus
3270 4116 3368 4154 au.

1796 4188 1904 4234 tem
1948 4181 2062 4235 haec
2103 4182 2264 4235 etiam
2298 4197 2495 4252 genere
2546 4182 2828 4254 distingui.
2867 4185 3007 4241 Num
3046 4204 3176 4244 vero
3222 4190 3366 4249 Dens

1795 4271 2057 4325 duntaxat
2089 4273 2424 4343 materiaque
2471 4274 2788 4345 principia;
2852 4293 2920 4332 an
2968 4279 3171 4349 aliquid
3213 4282 3362 4339 aliud

1795 4371 2064 4434 superest,
2096 4364 2240 4435 quod
2268 4364 2459 4419 horum
2496 4367 2732 4421 medium
2760 4364 2990 4425 exsistat
3018 4371 3042 4425 7
3079 4373 3362 4444 Siquidem

1795 4464 1975 4512 autem
2009 4457 2142 4511 nihil
2172 4466 2273 4524 est,
2307 4465 2527 4512 manent
2577 4459 2691 4514 haec
2726 4461 2869 4517 inter
2896 4479 2955 4519 se
2983 4465 3357 4529 incommista.

119 4541 210 4604 ὅτι,
254 4544 358 4597 ἵνα.
399 4543 471 4596 τὰ
507 4544 651 4616 ἄκρα
694 4546 879 4617 μιχθῇ,
904 4546 983 4601 δεῖ
1008 4548 1062 4601 τὶ
1085 4544 1222 4601 εἶναι
1249 4552 1305 4603 ὲν
1336 4551 1506 4622 μέσῳ,
1540 4553 1689 4617 ὅπως
1719 4543 1727 4597 ]

1815 4549 1957 4605 terte
1976 4550 2117 4605 enim
2137 4549 2337 4604 dicitur
2366 4567 2380 4605 :
2412 4550 2457 4605 si
2483 4552 2699 4620 quidem
2729 4563 2972 4610 extrema
3002 4559 3360 4632 misceantur,

117 4631 278 4688 ταῦτα
310 4635 515 4707 σννδέῃ
538 4652 552 4665 ·
587 4637 637 4689 εί
663 4636 717 4690 δέ
751 4656 802 4692 τι
839 4638 1023 4708 ἕτερον
1055 4641 1307 4713 ὑπάρχει,
1343 4644 1554 4716 ἀνάγκη
1589 4646 1692 4697 πά-

119 4722 192 4779 λιν
227 4724 373 4781 εἶναι
414 4728 454 4798 ἢ
497 4727 784 4801 ἀσώματον
827 4730 860 4802 ἢ
903 4730 1061 4803 σῶμα
1080 4748 1094 4763 ο
1126 4732 1265 4787 ὥστε
1308 4736 1498 4808 τριττὴ
1549 4737 1687 4810 ἀρχὴ

119 4816 418 4882 ἐπεισόδιός
452 4820 691 4889 γέγονεν.

180 5000 459 5075 Πρότερον
494 5001 551 5056 δὲ
591 5004 641 5057 sl
684 5004 823 5070 ὅλως
851 5007 881 5059 ό
909 5005 1040 5071 Θεὸς
1079 5009 1173 5062 καὶ
1214 5012 1247 5081 ὴ
1290 5009 1387 5083 ὕλη
1416 5010 1680 5082 ἀσώματα

118 5090 370 5167 ἑκάτερα,
422 5094 702 5167 οὐδέτερον
750 5098 808 5151 ὲν
852 5096 1135 5171 οὐδετέρῳ,
1190 5100 1328 5172 πλὴν
1381 5104 1429 5155 εί
1484 5105 1557 5175 μὴ
1605 5101 1682 5168 ὡς

119 5184 473 5258 γραμματικὴ
504 5189 563 5240 ἓν
587 5187 729 5260 ψυχῇ
752 5205 763 5218 ’
794 5189 951 5244 τοῦτο
985 5189 1041 5243 δὲ
1069 5192 1268 5246 ἄτοπον
1304 5194 1396 5247 ἐπὶ
1420 5194 1553 5247 Θεοῦ
1585 5194 1679 5250 καὶ

124 5270 285 5347 Ὕλης
307 5278 564 5331 ἐπινοεῖν.
594 5278 658 5331 Εἰ
688 5277 745 5332 δὲ
770 5278 846 5343 ὡς
876 5281 934 5332 ὲν
965 5280 1126 5351 κενῷ,
1170 5280 1244 5346 ὣς
1268 5299 1411 5347 τινες
1438 5284 1675 5354 λέγουσι,

129 5363 171 5415 ’.ὸ
212 5369 376 5421 κενὸν
400 5368 479 5439 τῷ
514 5370 676 5421 παντὶ
716 5371 1149 5441 περικεχῶσθαι·
1184 5374 1246 5427 τὸ
1287 5375 1472 5446 ἕτερον
1516 5376 1677 5429 πάλιν

135 5454 502 5511 hands-ratam
536 5457 707 5511 Οὐσία
734 5458 843 5531 γὰρ
886 5460 979 5514 τοῦ
1025 5463 1181 5518 κενοῦ
1213 5466 1274 5519 τὸ
1306 5467 1488 5538 μηδέν.
1525 5469 1588 5521 Ei
1618 5468 1675 5521 δὲ

136 5540 187 5604 ιῖπις
220 5546 630 5619 συμϐεϐηκότα,
664 5549 878 5622 πρῶτον
930 5552 1029 5622 μὲν
1067 5554 1326 5610 ἀδύνατον
1363 5557 1549 5612 τοῦτο·
1586 5560 1677 5613 οὐ·

141 5634 231 5701 ιὶις
292 5637 407 5706 γὰρ
467 5640 665 5710 ἄμοιρα
726 5640 874 5709 ὄντα,
937 5644 1172 5714 οὐδαμοῦ
1237 5642 1373 5707 εἶναι
1431 5650 1671 5707 δύναται.

1787 4656 2013 4695 necesse
2043 4649 2126 4696 est
2159 4656 2280 4697 esse
2309 4641 2515 4712 aliquid
2549 4643 2604 4696 in
2632 4645 2831 4713 medio,
2855 4649 3000 4718 quod
3032 4650 3123 4704 illa
3156 4666 3361 4707 conne-

1785 4742 1914 4788 ctat.
1940 4730 2050 4786 Sin
2107 4739 2285 4787 autem
2316 4733 2462 4789 aliud
2495 4734 2626 4804 quid
2681 4738 2916 4805 exsistit,
2961 4756 3185 4798 necesse
3238 4759 3358 4798 rur-

1784 4837 1879 4880 sus
1911 4832 1997 4878 aut
2036 4825 2417 4894 incorporeum
2452 4835 2546 4880 aut
2575 4840 2775 4896 corpus
2802 4843 2965 4897 esse;
3020 4840 3185 4903 atque
3213 4833 3355 4890 adeo

1780 4918 2003 4971 tertium
2025 4917 2377 4973 adventitium
2403 4917 2728 4988 principium
2754 4922 2993 4976 emersit.

1859 5009 2099 5065 Primum
2143 5012 2326 5081 itaque
2358 5010 2403 5065 si
2457 5009 2597 5066 Deus
2625 5019 2679 5065 et
2703 5013 2928 5067 materia
2949 5015 3107 5070 ambo
3122 5031 3350 5087 prorsus

1788 5102 2105 5173 incorporea
2134 5119 2148 5170 ;
2197 5110 2455 5157 neutrum
2484 5101 2540 5156 in
2579 5102 2772 5165 altero.
2822 5117 3179 5176 praeterquam
3203 5109 3348 5179 quod

1785 5194 1928 5248 sicut
1960 5194 2311 5264 grammatica
2337 5198 2422 5247 est
2454 5191 2509 5246 in
2539 5193 2742 5247 anima.
2768 5192 2881 5249 Hoc
2912 5204 3091 5251 autem
3138 5199 3192 5252 in
3236 5199 3347 5254 Deo

1785 5292 1840 5339 et
1866 5284 2093 5337 materia
2126 5283 2449 5352 intelligere,
2508 5283 2805 5339 absurdum
2838 5295 2941 5341 est.
2991 5286 3049 5341 Si
3078 5299 3255 5343 autem
3285 5298 3349 5344 ut

1786 5377 1842 5431 in
1861 5390 2054 5439 vacuo,
2086 5382 2146 5429 ut
2192 5375 2413 5445 quidam
2459 5375 2780 5445 loquuntur,
2825 5392 3055 5433 vacuum
3088 5380 3346 5437 universo

1781 5466 1910 5521 huic
1941 5464 2332 5521 circumfusum
2365 5480 2516 5533 esse;
2550 5467 2779 5521 alterum
2813 5483 3008 5525 rursus
3036 5471 3344 5528 Substantia

1782 5566 1954 5613 caret.
1991 5556 2158 5611 Vacui
2190 5562 2332 5631 enim
2368 5558 2678 5613 substantia
2724 5558 2862 5613 nihil
2896 5568 2999 5617 est.
3030 5559 3126 5617 Sin
3161 5570 3347 5618 autem

1785 5657 1843 5704 ut
1874 5649 2202 5719 accidentia,
2246 5649 2482 5721 primum
2526 5649 2745 5726 quidem
2780 5666 2845 5709 ea
2871 5667 2961 5712 res
2988 5653 3345 5727 impossibilia
