  <div class='ocr_page' id='page_1' title='image "/cluster/home/n/w/nwhite01/storage/ocr_20150623/18/hvd.32044073501207/217.png"; bbox 0 0 3906 6194; ppageno 0'>
   <div class='ocr_carea' id='block_1_1' title="bbox 595 189 3717 274">
    <p class='ocr_par' dir='ltr' id='par_1_1' title="bbox 595 189 3717 274">
     <span class='ocr_line' id='line_1_1' title="bbox 595 189 3717 274; baseline 0.003 -20"><span class='ocrx_word' id='word_1_1' title='bbox 595 204 703 263; x_wconf 66' lang='lat' dir='ltr'><strong>us</strong></span> <span class='ocrx_word' id='word_1_2' title='bbox 1573 199 1969 258; x_wconf 66' lang='lat' dir='ltr'><strong>ALEXAND!“</strong></span> <span class='ocrx_word' id='word_1_3' title='bbox 2008 201 2317 260; x_wconf 83' lang='lat' dir='ltr'><strong>EPlSCOPl</strong></span> <span class='ocrx_word' id='word_1_4' title='bbox 2353 189 2858 260; x_wconf 77' lang='lat' dir='ltr'><strong>LYCOPOLITANI</strong></span> <span class='ocrx_word' id='word_1_5' title='bbox 3640 216 3717 274; x_wconf 58' lang='grc' dir='ltr'><strong>ιε,</strong></span> 
     </span>
    </p>
   </div>
   <div class='ocr_carea' id='block_1_2' title="bbox 598 317 2140 398">
    <p class='ocr_par' dir='ltr' id='par_1_2' title="bbox 598 317 2140 390">
     <span class='ocr_line' id='line_1_2' title="bbox 598 317 2140 390; baseline -0.005 -11"><span class='ocrx_word' id='word_1_6' title='bbox 598 330 705 379; x_wconf 90' lang='lat' dir='ltr'><strong>est.</strong></span> <span class='ocrx_word' id='word_1_7' title='bbox 737 320 869 390; x_wconf 66' lang='lat' dir='ltr'><strong>Qum</strong></span> <span class='ocrx_word' id='word_1_8' title='bbox 895 321 1037 376; x_wconf 90' lang='lat' dir='ltr'><strong>enim</strong></span> <span class='ocrx_word' id='word_1_9' title='bbox 1060 317 1366 376; x_wconf 88' lang='lat' dir='ltr'><strong>substantia</strong></span> <span class='ocrx_word' id='word_1_10' title='bbox 1378 325 1588 381; x_wconf 89' lang='lat' dir='ltr'><strong>carent,</strong></span> <span class='ocrx_word' id='word_1_11' title='bbox 1622 318 1770 372; x_wconf 92' lang='lat' dir='ltr'><strong>nullo</strong></span> <span class='ocrx_word' id='word_1_12' title='bbox 1792 331 2023 388; x_wconf 81' lang='lat' dir='ltr'><strong>usquam</strong></span> <span class='ocrx_word' id='word_1_13' title='bbox 2041 319 2140 372; x_wconf 73' lang='lat' dir='ltr'><strong>IOCt</strong></span> 
     </span>
    </p>
   </div>
   <div class='ocr_carea' id='block_1_3' title="bbox 2176 317 3718 398">
    <p class='ocr_par' dir='ltr' id='par_1_3' title="bbox 2190 318 3718 398">
     <span class='ocr_line' id='line_1_3' title="bbox 2190 318 3718 398; baseline -0.002 -25"><span class='ocrx_word' id='word_1_14' title='bbox 2190 324 2237 380; x_wconf 79' lang='grc' dir='ltr'><strong>Α</strong></span> <span class='ocrx_word' id='word_1_15' title='bbox 2268 320 2487 390; x_wconf 84' lang='grc' dir='ltr'><strong>Ὅχημα</strong></span> <span class='ocrx_word' id='word_1_16' title='bbox 2514 319 2623 391; x_wconf 76' lang='grc' dir='ltr'><strong>γὰρ</strong></span> <span class='ocrx_word' id='word_1_17' title='bbox 2643 318 2830 392; x_wconf 83' lang='grc' dir='ltr'>ὥσπερ</span> <span class='ocrx_word' id='word_1_18' title='bbox 2855 319 3002 375; x_wconf 76' lang='grc' dir='ltr'><strong>ἐστὶν</strong></span> <span class='ocrx_word' id='word_1_19' title='bbox 3027 318 3436 392; x_wconf 75' lang='grc' dir='ltr'>ὑποϐεϐλημένον</span> <span class='ocrx_word' id='word_1_20' title='bbox 3457 324 3550 388; x_wconf 81' lang='grc' dir='ltr'><strong>τοῖς</strong></span> <span class='ocrx_word' id='word_1_21' title='bbox 3568 330 3718 398; x_wconf 55' lang='lat' dir='ltr'><strong>mea.</strong></span> 
     </span>
    </p>
   </div>
   <div class='ocr_carea' id='block_1_4' title="bbox 593 408 2135 493">
    <p class='ocr_par' dir='ltr' id='par_1_4' title="bbox 593 408 2135 486">
     <span class='ocr_line' id='line_1_4' title="bbox 593 408 2135 486; baseline -0.006 -14"><span class='ocrx_word' id='word_1_22' title='bbox 593 424 824 486; x_wconf 84' lang='lat' dir='ltr'><strong>possunt</strong></span> <span class='ocrx_word' id='word_1_23' title='bbox 846 422 986 469; x_wconf 79' lang='lat' dir='ltr'><strong>esse.</strong></span> <span class='ocrx_word' id='word_1_24' title='bbox 1020 411 1117 466; x_wconf 86' lang='lat' dir='ltr'><strong>Est</strong></span> <span class='ocrx_word' id='word_1_25' title='bbox 1145 410 1290 466; x_wconf 90' lang='lat' dir='ltr'><strong>enim</strong></span> <span class='ocrx_word' id='word_1_26' title='bbox 1320 410 1623 467; x_wconf 89' lang='lat' dir='ltr'><strong>substantia</strong></span> <span class='ocrx_word' id='word_1_27' title='bbox 1656 410 1813 480; x_wconf 81' lang='lat' dir='ltr'><strong>quasi</strong></span> <span class='ocrx_word' id='word_1_28' title='bbox 1842 408 2135 463; x_wconf 82' lang='lat' dir='ltr'><strong>vehiculun</strong></span> 
     </span>
    </p>
   </div>
   <div class='ocr_carea' id='block_1_5' title="bbox 2173 408 3715 493">
    <p class='ocr_par' dir='ltr' id='par_1_5' title="bbox 2264 410 3715 493">
     <span class='ocr_line' id='line_1_5' title="bbox 2264 410 3715 493; baseline 0.006 -31"><span class='ocrx_word' id='word_1_29' title='bbox 2264 410 2487 482; x_wconf 84' lang='grc' dir='ltr'><strong>6ηκόσιν</strong></span> <span class='ocrx_word' id='word_1_30' title='bbox 2517 412 2550 482; x_wconf 81' lang='grc' dir='ltr'><strong>ἡ</strong></span> <span class='ocrx_word' id='word_1_31' title='bbox 2582 411 2757 464; x_wconf 82' lang='grc' dir='ltr'>οὐσία.</span> <span class='ocrx_word' id='word_1_32' title='bbox 2796 411 2944 464; x_wconf 78' lang='grc' dir='ltr'><strong>Εἴτε</strong></span> <span class='ocrx_word' id='word_1_33' title='bbox 2988 411 3214 482; x_wconf 78' lang='grc' dir='ltr'><strong>σώματα</strong></span> <span class='ocrx_word' id='word_1_34' title='bbox 3255 414 3479 485; x_wconf 79' lang='grc' dir='ltr'>ἑκάτερα,</span> <span class='ocrx_word' id='word_1_35' title='bbox 3508 417 3715 493; x_wconf 60' lang='lat' dir='ltr'><strong>tum</strong></span> 
     </span>
    </p>
   </div>
   <div class='ocr_carea' id='block_1_6' title="bbox 591 494 2133 578">
    <p class='ocr_par' dir='ltr' id='par_1_6' title="bbox 591 501 2133 572">
     <span class='ocr_line' id='line_1_6' title="bbox 591 501 2133 572; baseline -0.004 -11"><span class='ocrx_word' id='word_1_36' title='bbox 591 504 968 561; x_wconf 85' lang='lat' dir='ltr'><strong>accidentibus</strong></span> <span class='ocrx_word' id='word_1_37' title='bbox 994 502 1260 572; x_wconf 88' lang='lat' dir='ltr'><strong>subjecta.</strong></span> <span class='ocrx_word' id='word_1_38' title='bbox 1292 501 1447 568; x_wconf 86' lang='lat' dir='ltr'><strong>Quod</strong></span> <span class='ocrx_word' id='word_1_39' title='bbox 1491 502 1537 556; x_wconf 89' lang='lat' dir='ltr'><strong>si</strong></span> <span class='ocrx_word' id='word_1_40' title='bbox 1575 503 1734 555; x_wconf 83' lang='lat' dir='ltr'><strong>ambo</strong></span> <span class='ocrx_word' id='word_1_41' title='bbox 1778 506 2029 570; x_wconf 85' lang='lat' dir='ltr'><strong>corpora,</strong></span> <span class='ocrx_word' id='word_1_42' title='bbox 2062 516 2133 555; x_wconf 81' lang='lat' dir='ltr'><strong>ne</strong></span> 
     </span>
    </p>
   </div>
   <div class='ocr_carea' id='block_1_7' title="bbox 2178 494 3720 578">
    <p class='ocr_par' dir='ltr' id='par_1_7' title="bbox 2262 494 3720 578">
     <span class='ocr_line' id='line_1_7' title="bbox 2262 494 3720 578; baseline 0.005 -26"><span class='ocrx_word' id='word_1_43' title='bbox 2262 500 2427 568; x_wconf 79' lang='grc' dir='ltr'><strong>ἄμφω</strong></span> <span class='ocrx_word' id='word_1_44' title='bbox 2461 498 2630 571; x_wconf 85' lang='grc' dir='ltr'>βαρέα</span> <span class='ocrx_word' id='word_1_45' title='bbox 2660 494 2816 564; x_wconf 77' lang='grc' dir='ltr'>εἶναι,</span> <span class='ocrx_word' id='word_1_46' title='bbox 2845 500 2878 570; x_wconf 82' lang='grc' dir='ltr'>ἦ</span> <span class='ocrx_word' id='word_1_47' title='bbox 2910 500 3075 571; x_wconf 72' lang='grc' dir='ltr'><strong>ἄμφω</strong></span> <span class='ocrx_word' id='word_1_48' title='bbox 3103 500 3289 569; x_wconf 79' lang='grc' dir='ltr'>κοῦφα,</span> <span class='ocrx_word' id='word_1_49' title='bbox 3319 502 3349 572; x_wconf 70' lang='grc' dir='ltr'>ἢ</span> <span class='ocrx_word' id='word_1_50' title='bbox 3378 503 3514 574; x_wconf 80' lang='grc' dir='ltr'><strong>μέσα·</strong></span> <span class='ocrx_word' id='word_1_51' title='bbox 3537 506 3565 573; x_wconf 80' lang='grc' dir='ltr'>ἢ</span> <span class='ocrx_word' id='word_1_52' title='bbox 3587 507 3636 559; x_wconf 79' lang='grc' dir='ltr'><strong>τὸ</strong></span> <span class='ocrx_word' id='word_1_53' title='bbox 3654 510 3720 578; x_wconf 77' lang='grc' dir='ltr'><strong>μὲν</strong></span> 
     </span>
    </p>
   </div>
   <div class='ocr_carea' id='block_1_8' title="bbox 592 591 2134 667">
    <p class='ocr_par' dir='ltr' id='par_1_8' title="bbox 592 594 2131 667">
     <span class='ocr_line' id='line_1_8' title="bbox 592 594 2131 667; baseline -0.005 -13"><span class='ocrx_word' id='word_1_54' title='bbox 592 613 750 654; x_wconf 85' lang='lat' dir='ltr'><strong>cesse</strong></span> <span class='ocrx_word' id='word_1_55' title='bbox 773 604 858 651; x_wconf 90' lang='lat' dir='ltr'><strong>est</strong></span> <span class='ocrx_word' id='word_1_56' title='bbox 879 603 1113 665; x_wconf 86' lang='lat' dir='ltr'><strong>utraque</strong></span> <span class='ocrx_word' id='word_1_57' title='bbox 1143 603 1239 649; x_wconf 89' lang='lat' dir='ltr'><strong>aut</strong></span> <span class='ocrx_word' id='word_1_58' title='bbox 1261 597 1443 667; x_wconf 87' lang='lat' dir='ltr'><strong>gravia</strong></span> <span class='ocrx_word' id='word_1_59' title='bbox 1463 611 1604 658; x_wconf 83' lang='lat' dir='ltr'><strong>esse,</strong></span> <span class='ocrx_word' id='word_1_60' title='bbox 1628 603 1724 649; x_wconf 88' lang='lat' dir='ltr'><strong>aut</strong></span> <span class='ocrx_word' id='word_1_61' title='bbox 1745 604 1976 664; x_wconf 88' lang='lat' dir='ltr'><strong>utraque</strong></span> <span class='ocrx_word' id='word_1_62' title='bbox 1995 594 2131 648; x_wconf 81' lang='lat' dir='ltr'><strong>levia</strong></span> 
     </span>
    </p>
   </div>
   <div class='ocr_carea' id='block_1_9' title="bbox 2181 591 3723 667">
    <p class='ocr_par' dir='ltr' id='par_1_9' title="bbox 2263 591 3723 664">
     <span class='ocr_line' id='line_1_9' title="bbox 2263 591 3723 664; baseline 0.006 -21"><span class='ocrx_word' id='word_1_63' title='bbox 2263 591 2422 663; x_wconf 73' lang='grc' dir='ltr'>βαρὺ,</span> <span class='ocrx_word' id='word_1_64' title='bbox 2453 592 2486 663; x_wconf 79' lang='grc' dir='ltr'><strong>ἢ</strong></span> <span class='ocrx_word' id='word_1_65' title='bbox 2520 593 2581 646; x_wconf 83' lang='grc' dir='ltr'><strong>τὸ</strong></span> <span class='ocrx_word' id='word_1_66' title='bbox 2607 592 2664 645; x_wconf 84' lang='grc' dir='ltr'><strong>δέ</strong></span> <span class='ocrx_word' id='word_1_67' title='bbox 2711 591 2931 661; x_wconf 74' lang='grc' dir='ltr'>κοῦφον,</span> <span class='ocrx_word' id='word_1_68' title='bbox 2966 591 2998 664; x_wconf 77' lang='grc' dir='ltr'><strong>ἢ</strong></span> <span class='ocrx_word' id='word_1_69' title='bbox 3031 593 3093 645; x_wconf 82' lang='grc' dir='ltr'><strong>τὸ</strong></span> <span class='ocrx_word' id='word_1_70' title='bbox 3118 593 3175 645; x_wconf 83' lang='grc' dir='ltr'><strong>δέ</strong></span> <span class='ocrx_word' id='word_1_71' title='bbox 3211 591 3376 663; x_wconf 81' lang='grc' dir='ltr'><strong>μέσον.</strong></span> <span class='ocrx_word' id='word_1_72' title='bbox 3406 593 3512 647; x_wconf 82' lang='grc' dir='ltr'><strong>Εἴτε</strong></span> <span class='ocrx_word' id='word_1_73' title='bbox 3538 593 3613 650; x_wconf 79' lang='grc' dir='ltr'>οὖν</span> <span class='ocrx_word' id='word_1_74' title='bbox 3632 599 3723 652; x_wconf 79' lang='grc' dir='ltr'><strong>ἑκά-</strong></span> 
     </span>
    </p>
   </div>
   <div class='ocr_carea' id='block_1_10' title="bbox 590 684 2132 759">
    <p class='ocr_par' dir='ltr' id='par_1_10' title="bbox 590 686 2132 759">
     <span class='ocr_line' id='line_1_10' title="bbox 590 686 2132 759; baseline -0.002 -15"><span class='ocrx_word' id='word_1_75' title='bbox 590 699 683 744; x_wconf 88' lang='lat' dir='ltr'><strong>aut</strong></span> <span class='ocrx_word' id='word_1_76' title='bbox 707 689 882 743; x_wconf 87' lang='lat' dir='ltr'><strong>media</strong></span> <span class='ocrx_word' id='word_1_77' title='bbox 906 705 923 756; x_wconf 87' lang='lat'><strong>;</strong></span> <span class='ocrx_word' id='word_1_78' title='bbox 956 697 1051 742; x_wconf 89' lang='lat' dir='ltr'><strong>aut</strong></span> <span class='ocrx_word' id='word_1_79' title='bbox 1076 688 1305 743; x_wconf 89' lang='lat' dir='ltr'><strong>alterum</strong></span> <span class='ocrx_word' id='word_1_80' title='bbox 1319 686 1536 758; x_wconf 91' lang='lat' dir='ltr'><strong>quidem</strong></span> <span class='ocrx_word' id='word_1_81' title='bbox 1550 703 1736 759; x_wconf 86' lang='lat' dir='ltr'><strong>grave,</strong></span> <span class='ocrx_word' id='word_1_82' title='bbox 1759 687 1988 742; x_wconf 88' lang='lat' dir='ltr'><strong>alterum</strong></span> <span class='ocrx_word' id='word_1_83' title='bbox 2021 687 2132 741; x_wconf 86' lang='lat' dir='ltr'><strong>leve</strong></span> 
     </span>
    </p>
   </div>
   <div class='ocr_carea' id='block_1_11' title="bbox 2185 684 3727 759">
    <p class='ocr_par' dir='ltr' id='par_1_11' title="bbox 2259 684 3727 757">
     <span class='ocr_line' id='line_1_11' title="bbox 2259 684 3727 757; baseline 0.005 -20"><span class='ocrx_word' id='word_1_84' title='bbox 2259 702 2391 757; x_wconf 85' lang='grc' dir='ltr'>τερα</span> <span class='ocrx_word' id='word_1_85' title='bbox 2424 684 2610 755; x_wconf 83' lang='grc' dir='ltr'>βαρέα,</span> <span class='ocrx_word' id='word_1_86' title='bbox 2642 686 2902 757; x_wconf 85' lang='grc' dir='ltr'>σύμπασα</span> <span class='ocrx_word' id='word_1_87' title='bbox 2929 684 3099 748; x_wconf 78' lang='grc' dir='ltr'><strong>οὕτως</strong></span> <span class='ocrx_word' id='word_1_88' title='bbox 3126 685 3328 755; x_wconf 79' lang='grc' dir='ltr'><strong>ἀνάγκη</strong></span> <span class='ocrx_word' id='word_1_89' title='bbox 3353 684 3474 739; x_wconf 78' lang='grc' dir='ltr'>εἶναι</span> <span class='ocrx_word' id='word_1_90' title='bbox 3501 688 3604 741; x_wconf 79' lang='grc' dir='ltr'><strong>τάδε</strong></span> <span class='ocrx_word' id='word_1_91' title='bbox 3625 692 3727 745; x_wconf 72' lang='grc' dir='ltr'><strong>αὐτὰ</strong></span> 
     </span>
    </p>
   </div>
   <div class='ocr_carea' id='block_1_12' title="bbox 588 776 2130 853">
    <p class='ocr_par' dir='ltr' id='par_1_12' title="bbox 588 779 2130 852">
     <span class='ocr_line' id='line_1_12' title="bbox 588 779 2130 852; baseline 0.001 -18"><span class='ocrx_word' id='word_1_92' title='bbox 588 780 733 835; x_wconf 84' lang='lat' dir='ltr'><strong>aliud</strong></span> <span class='ocrx_word' id='word_1_93' title='bbox 760 780 1018 835; x_wconf 90' lang='lat' dir='ltr'><strong>medium.</strong></span> <span class='ocrx_word' id='word_1_94' title='bbox 1058 779 1183 834; x_wconf 84' lang='lat' dir='ltr'><strong>Sive</strong></span> <span class='ocrx_word' id='word_1_95' title='bbox 1210 780 1378 850; x_wconf 85' lang='lat' dir='ltr'><strong>igitur</strong></span> <span class='ocrx_word' id='word_1_96' title='bbox 1401 787 1632 849; x_wconf 84' lang='lat' dir='ltr'><strong>utraque</strong></span> <span class='ocrx_word' id='word_1_97' title='bbox 1654 781 1861 851; x_wconf 78' lang='lat' dir='ltr'><strong>gravia,</strong></span> <span class='ocrx_word' id='word_1_98' title='bbox 1888 782 1969 837; x_wconf 85' lang='lat' dir='ltr'><strong>sic</strong></span> <span class='ocrx_word' id='word_1_99' title='bbox 2000 781 2130 852; x_wconf 30' lang='lat' dir='ltr'><strong>plant</strong></span> 
     </span>
    </p>
   </div>
   <div class='ocr_carea' id='block_1_13' title="bbox 2180 776 3722 853">
    <p class='ocr_par' dir='ltr' id='par_1_13' title="bbox 2259 776 3722 853">
     <span class='ocr_line' id='line_1_13' title="bbox 2259 776 3722 853; baseline 0.003 -23"><span class='ocrx_word' id='word_1_100' title='bbox 2259 778 2354 830; x_wconf 76' lang='grc' dir='ltr'><strong>καὶ</strong></span> <span class='ocrx_word' id='word_1_101' title='bbox 2381 778 2473 830; x_wconf 73' lang='grc' dir='ltr'><strong>ἐπὶ</strong></span> <span class='ocrx_word' id='word_1_102' title='bbox 2496 777 2602 829; x_wconf 79' lang='grc' dir='ltr'><strong>τῶν</strong></span> <span class='ocrx_word' id='word_1_103' title='bbox 2627 777 2841 847; x_wconf 78' lang='grc' dir='ltr'>κούφων</span> <span class='ocrx_word' id='word_1_104' title='bbox 2869 777 2961 830; x_wconf 82' lang='grc' dir='ltr'>καὶ</span> <span class='ocrx_word' id='word_1_105' title='bbox 2987 778 3078 829; x_wconf 82' lang='grc' dir='ltr'><strong>ἐπί</strong></span> <span class='ocrx_word' id='word_1_106' title='bbox 3100 776 3208 829; x_wconf 86' lang='grc' dir='ltr'><strong>τῶν</strong></span> <span class='ocrx_word' id='word_1_107' title='bbox 3237 777 3417 847; x_wconf 74' lang='grc' dir='ltr'><strong>μέσων·</strong></span> <span class='ocrx_word' id='word_1_108' title='bbox 3444 780 3537 832; x_wconf 82' lang='grc' dir='ltr'>εῐτε</span> <span class='ocrx_word' id='word_1_109' title='bbox 3566 783 3722 853; x_wconf 82' lang='grc' dir='ltr'>παραλ-</span> 
     </span>
    </p>
   </div>
   <div class='ocr_carea' id='block_1_14' title="bbox 588 867 2130 944">
    <p class='ocr_par' dir='ltr' id='par_1_14' title="bbox 588 872 2125 939">
     <span class='ocr_line' id='line_1_14' title="bbox 588 872 2125 939; baseline 0.001 -12"><span class='ocrx_word' id='word_1_110' title='bbox 588 888 811 928; x_wconf 88' lang='lat' dir='ltr'><strong>necesse</strong></span> <span class='ocrx_word' id='word_1_111' title='bbox 841 879 926 927; x_wconf 89' lang='lat' dir='ltr'><strong>est</strong></span> <span class='ocrx_word' id='word_1_112' title='bbox 960 873 1075 926; x_wconf 67' lang='lat' dir='ltr'><strong>haec</strong></span> <span class='ocrx_word' id='word_1_113' title='bbox 1097 873 1285 928; x_wconf 88' lang='lat' dir='ltr'><strong>eadem</strong></span> <span class='ocrx_word' id='word_1_114' title='bbox 1319 879 1373 929; x_wconf 90' lang='lat' dir='ltr'><strong>et</strong></span> <span class='ocrx_word' id='word_1_115' title='bbox 1397 872 1453 926; x_wconf 94' lang='lat' dir='ltr'><strong>in</strong></span> <span class='ocrx_word' id='word_1_116' title='bbox 1476 872 1690 927; x_wconf 88' lang='lat' dir='ltr'><strong>levibus</strong></span> <span class='ocrx_word' id='word_1_117' title='bbox 1715 888 1857 939; x_wconf 89' lang='lat' dir='ltr'><strong>esse,</strong></span> <span class='ocrx_word' id='word_1_118' title='bbox 1888 881 1942 928; x_wconf 91' lang='lat' dir='ltr'><strong>et</strong></span> <span class='ocrx_word' id='word_1_119' title='bbox 1991 874 2050 929; x_wconf 93' lang='lat' dir='ltr'><strong>in</strong></span> <span class='ocrx_word' id='word_1_120' title='bbox 2089 876 2125 929; x_wconf 93' lang='lat' dir='ltr'><strong>ii</strong></span> 
     </span>
    </p>
   </div>
   <div class='ocr_carea' id='block_1_15' title="bbox 2186 867 3728 944">
    <p class='ocr_par' dir='ltr' id='par_1_15' title="bbox 2258 867 3728 944">
     <span class='ocr_line' id='line_1_15' title="bbox 2258 867 3728 944; baseline 0.003 -21"><span class='ocrx_word' id='word_1_121' title='bbox 2258 869 2521 933; x_wconf 85' lang='grc' dir='ltr'><strong>λάττοιτο,</strong></span> <span class='ocrx_word' id='word_1_122' title='bbox 2556 870 2618 922; x_wconf 83' lang='grc' dir='ltr'><strong>τὸ</strong></span> <span class='ocrx_word' id='word_1_123' title='bbox 2653 869 2839 942; x_wconf 76' lang='grc' dir='ltr'>ἕτερον</span> <span class='ocrx_word' id='word_1_124' title='bbox 2869 869 3084 933; x_wconf 83' lang='grc' dir='ltr'><strong>πάντως</strong></span> <span class='ocrx_word' id='word_1_125' title='bbox 3122 867 3215 921; x_wconf 83' lang='grc' dir='ltr'><strong>τοῦ</strong></span> <span class='ocrx_word' id='word_1_126' title='bbox 3245 869 3415 940; x_wconf 81' lang='grc' dir='ltr'><strong>ἑτέρου</strong></span> <span class='ocrx_word' id='word_1_127' title='bbox 3448 869 3575 923; x_wconf 82' lang='grc' dir='ltr'>ἐσται</span> <span class='ocrx_word' id='word_1_128' title='bbox 3600 889 3728 944; x_wconf 80' lang='grc' dir='ltr'>κεχω-</span> 
     </span>
    </p>
   </div>
   <div class='ocr_carea' id='block_1_16' title="bbox 585 958 2127 1039">
    <p class='ocr_par' dir='ltr' id='par_1_16' title="bbox 585 964 2126 1039">
     <span class='ocr_line' id='line_1_16' title="bbox 585 964 2126 1039; baseline 0.002 -22"><span class='ocrx_word' id='word_1_129' title='bbox 585 980 706 1032; x_wconf 77' lang='lat' dir='ltr'><strong>qua-</strong></span> <span class='ocrx_word' id='word_1_130' title='bbox 740 971 870 1039; x_wconf 83' lang='lat' dir='ltr'><strong>sunt</strong></span> <span class='ocrx_word' id='word_1_131' title='bbox 901 964 1079 1019; x_wconf 86' lang='lat' dir='ltr'><strong>media</strong></span> <span class='ocrx_word' id='word_1_132' title='bbox 1116 984 1129 1019; x_wconf 91' lang='lat'>:</span> <span class='ocrx_word' id='word_1_133' title='bbox 1172 964 1286 1019; x_wconf 83' lang='lat' dir='ltr'><strong>sive</strong></span> <span class='ocrx_word' id='word_1_134' title='bbox 1316 964 1669 1019; x_wconf 83' lang='lat' dir='ltr'><strong>dissentanea</strong></span> <span class='ocrx_word' id='word_1_135' title='bbox 1703 966 1834 1029; x_wconf 90' lang='lat' dir='ltr'><strong>sint,</strong></span> <span class='ocrx_word' id='word_1_136' title='bbox 1861 966 2006 1020; x_wconf 88' lang='lat' dir='ltr'><strong>aliud</strong></span> <span class='ocrx_word' id='word_1_137' title='bbox 2038 982 2126 1021; x_wconf 93' lang='lat' dir='ltr'><strong>om</strong></span> 
     </span>
    </p>
   </div>
   <div class='ocr_carea' id='block_1_17' title="bbox 2188 958 3730 1039">
    <p class='ocr_par' dir='ltr' id='par_1_17' title="bbox 2260 958 3730 1034">
     <span class='ocr_line' id='line_1_17' title="bbox 2260 958 3730 1034; baseline 0.003 -21"><span class='ocrx_word' id='word_1_138' title='bbox 2260 961 2534 1033; x_wconf 80' lang='grc' dir='ltr'>ρισμὲνον.</span> <span class='ocrx_word' id='word_1_139' title='bbox 2568 959 2759 1021; x_wconf 72' lang='grc' dir='ltr'>Ἄλλος</span> <span class='ocrx_word' id='word_1_140' title='bbox 2787 960 2895 1031; x_wconf 74' lang='grc' dir='ltr'><strong>γὰρ</strong></span> <span class='ocrx_word' id='word_1_141' title='bbox 2923 958 3000 1030; x_wconf 86' lang='grc' dir='ltr'><strong>τῷ</strong></span> <span class='ocrx_word' id='word_1_142' title='bbox 3041 959 3217 1031; x_wconf 84' lang='grc' dir='ltr'>βάρει,</span> <span class='ocrx_word' id='word_1_143' title='bbox 3246 960 3335 1013; x_wconf 68' lang='grc' dir='ltr'><strong>καὶ</strong></span> <span class='ocrx_word' id='word_1_144' title='bbox 3363 960 3501 1027; x_wconf 82' lang='grc' dir='ltr'>ἄλλος</span> <span class='ocrx_word' id='word_1_145' title='bbox 3531 963 3597 1033; x_wconf 83' lang='grc' dir='ltr'><strong>τῷ</strong></span> <span class='ocrx_word' id='word_1_146' title='bbox 3620 964 3730 1034; x_wconf 76' lang='grc' dir='ltr'><strong>μέσῳ</strong></span> 
     </span>
    </p>
   </div>
   <div class='ocr_carea' id='block_1_18' title="bbox 586 1051 2128 1130">
    <p class='ocr_par' dir='ltr' id='par_1_18' title="bbox 586 1056 2128 1130">
     <span class='ocr_line' id='line_1_18' title="bbox 586 1056 2128 1130; baseline 0.001 -20"><span class='ocrx_word' id='word_1_147' title='bbox 586 1058 716 1117; x_wconf 90' lang='lat' dir='ltr'><strong>nino</strong></span> <span class='ocrx_word' id='word_1_148' title='bbox 767 1064 1041 1111; x_wconf 90' lang='lat' dir='ltr'><strong>secretum</strong></span> <span class='ocrx_word' id='word_1_149' title='bbox 1071 1056 1176 1111; x_wconf 84' lang='lat' dir='ltr'><strong>erit</strong></span> <span class='ocrx_word' id='word_1_150' title='bbox 1204 1056 1274 1111; x_wconf 88' lang='lat' dir='ltr'><strong>ab</strong></span> <span class='ocrx_word' id='word_1_151' title='bbox 1296 1057 1424 1111; x_wconf 88' lang='lat' dir='ltr'><strong>alio.</strong></span> <span class='ocrx_word' id='word_1_152' title='bbox 1466 1056 1645 1111; x_wconf 85' lang='lat' dir='ltr'><strong>Alium</strong></span> <span class='ocrx_word' id='word_1_153' title='bbox 1686 1057 1829 1112; x_wconf 87' lang='lat' dir='ltr'><strong>enim</strong></span> <span class='ocrx_word' id='word_1_154' title='bbox 1861 1058 1963 1113; x_wconf 85' lang='lat' dir='ltr'><strong>sibi</strong></span> <span class='ocrx_word' id='word_1_155' title='bbox 1993 1074 2128 1130; x_wconf 33' lang='lat' dir='ltr'><strong>gravi</strong></span> 
     </span>
    </p>
   </div>
   <div class='ocr_carea' id='block_1_19' title="bbox 2189 1051 3731 1130">
    <p class='ocr_par' dir='ltr' id='par_1_19' title="bbox 2257 1051 3731 1124">
     <span class='ocr_line' id='line_1_19' title="bbox 2257 1051 3731 1124; baseline 0.002 -19"><span class='ocrx_word' id='word_1_156' title='bbox 2257 1053 2350 1105; x_wconf 72' lang='grc' dir='ltr'>καὶ</span> <span class='ocrx_word' id='word_1_157' title='bbox 2377 1051 2453 1122; x_wconf 82' lang='grc' dir='ltr'><strong>τῷ</strong></span> <span class='ocrx_word' id='word_1_158' title='bbox 2477 1051 2662 1121; x_wconf 78' lang='grc' dir='ltr'>κούφῳ</span> <span class='ocrx_word' id='word_1_159' title='bbox 2690 1052 2850 1116; x_wconf 82' lang='grc' dir='ltr'><strong>τόπος</strong></span> <span class='ocrx_word' id='word_1_160' title='bbox 2874 1068 2887 1080; x_wconf 80' lang='grc'><em>’</em></span> <span class='ocrx_word' id='word_1_161' title='bbox 2918 1051 2995 1121; x_wconf 83' lang='grc' dir='ltr'><strong>τῷ</strong></span> <span class='ocrx_word' id='word_1_162' title='bbox 3030 1051 3129 1122; x_wconf 86' lang='grc' dir='ltr'><strong>μὲν</strong></span> <span class='ocrx_word' id='word_1_163' title='bbox 3160 1051 3265 1123; x_wconf 82' lang='grc' dir='ltr'><strong>γὰρ</strong></span> <span class='ocrx_word' id='word_1_164' title='bbox 3299 1052 3354 1104; x_wconf 79' lang='grc' dir='ltr'><strong>τὸ</strong></span> <span class='ocrx_word' id='word_1_165' title='bbox 3382 1052 3499 1115; x_wconf 78' lang='grc' dir='ltr'><strong>ἄνω,</strong></span> <span class='ocrx_word' id='word_1_166' title='bbox 3532 1053 3598 1124; x_wconf 79' lang='grc' dir='ltr'><strong>τῷ</strong></span> <span class='ocrx_word' id='word_1_167' title='bbox 3624 1054 3668 1107; x_wconf 80' lang='grc' dir='ltr'><strong>δέ</strong></span> <span class='ocrx_word' id='word_1_168' title='bbox 3688 1056 3731 1108; x_wconf 59' lang='grc' dir='ltr'><strong>τὶ</strong></span> 
     </span>
    </p>
   </div>
   <div class='ocr_carea' id='block_1_20' title="bbox 586 1143 2128 1218">
    <p class='ocr_par' dir='ltr' id='par_1_20' title="bbox 586 1147 2128 1218">
     <span class='ocr_line' id='line_1_20' title="bbox 586 1147 2128 1218; baseline 0.001 -17"><span class='ocrx_word' id='word_1_169' title='bbox 586 1148 763 1203; x_wconf 91' lang='lat' dir='ltr'><strong>locum</strong></span> <span class='ocrx_word' id='word_1_170' title='bbox 791 1148 1054 1214; x_wconf 87' lang='lat' dir='ltr'><strong>vindicat,</strong></span> <span class='ocrx_word' id='word_1_171' title='bbox 1094 1156 1257 1218; x_wconf 88' lang='lat' dir='ltr'><strong>atque</strong></span> <span class='ocrx_word' id='word_1_172' title='bbox 1286 1147 1433 1203; x_wconf 87' lang='lat' dir='ltr'><strong>aliud</strong></span> <span class='ocrx_word' id='word_1_173' title='bbox 1462 1147 1606 1218; x_wconf 86' lang='lat' dir='ltr'><strong>quod</strong></span> <span class='ocrx_word' id='word_1_174' title='bbox 1630 1148 1866 1204; x_wconf 90' lang='lat' dir='ltr'><strong>medium</strong></span> <span class='ocrx_word' id='word_1_175' title='bbox 1890 1152 2128 1213; x_wconf 82' lang='lat' dir='ltr'><strong>est,alim</strong></span> 
     </span>
    </p>
   </div>
   <div class='ocr_carea' id='block_1_21' title="bbox 2190 1143 3732 1218">
    <p class='ocr_par' dir='ltr' id='par_1_21' title="bbox 2257 1143 3732 1215">
     <span class='ocr_line' id='line_1_21' title="bbox 2257 1143 3732 1215; baseline 0.002 -17"><span class='ocrx_word' id='word_1_176' title='bbox 2257 1146 2425 1210; x_wconf 81' lang='grc' dir='ltr'><strong>κάτω,</strong></span> <span class='ocrx_word' id='word_1_177' title='bbox 2448 1144 2523 1215; x_wconf 83' lang='grc' dir='ltr'><strong>τῷ</strong></span> <span class='ocrx_word' id='word_1_178' title='bbox 2545 1144 2681 1198; x_wconf 81' lang='grc' dir='ltr'><strong>δὲτὸ</strong></span> <span class='ocrx_word' id='word_1_179' title='bbox 2706 1145 2884 1215; x_wconf 85' lang='grc' dir='ltr'><strong>μέσον.</strong></span> <span class='ocrx_word' id='word_1_180' title='bbox 2906 1143 3111 1207; x_wconf 79' lang='grc' dir='ltr'>Παντὸς</span> <span class='ocrx_word' id='word_1_181' title='bbox 3128 1144 3184 1197; x_wconf 84' lang='grc' dir='ltr'><strong>δὲ</strong></span> <span class='ocrx_word' id='word_1_182' title='bbox 3203 1145 3537 1214; x_wconf 72' lang='grc' dir='ltr'><strong>σφαιροειδοῦς</strong></span> <span class='ocrx_word' id='word_1_183' title='bbox 3559 1147 3609 1199; x_wconf 82' lang='grc' dir='ltr'><strong>τὸ</strong></span> <span class='ocrx_word' id='word_1_184' title='bbox 3623 1148 3732 1201; x_wconf 79' lang='grc' dir='ltr'><strong>κάτω</strong></span> 
     </span>
    </p>
   </div>
   <div class='ocr_carea' id='block_1_22' title="bbox 584 1236 2126 1310">
    <p class='ocr_par' dir='ltr' id='par_1_22' title="bbox 584 1239 2126 1309">
     <span class='ocr_line' id='line_1_22' title="bbox 584 1239 2126 1309; baseline 0.002 -16"><span class='ocrx_word' id='word_1_185' title='bbox 584 1241 717 1296; x_wconf 89' lang='lat' dir='ltr'><strong>leve.</strong></span> <span class='ocrx_word' id='word_1_186' title='bbox 764 1239 871 1294; x_wconf 86' lang='lat' dir='ltr'><strong>Alii</strong></span> <span class='ocrx_word' id='word_1_187' title='bbox 913 1241 1174 1294; x_wconf 87' lang='lat' dir='ltr'><strong>nimirum</strong></span> <span class='ocrx_word' id='word_1_188' title='bbox 1219 1240 1377 1295; x_wconf 88' lang='lat' dir='ltr'><strong>locus</strong></span> <span class='ocrx_word' id='word_1_189' title='bbox 1436 1256 1655 1294; x_wconf 85' lang='lat' dir='ltr'><strong>sursum</strong></span> <span class='ocrx_word' id='word_1_190' title='bbox 1706 1242 2001 1309; x_wconf 87' lang='lat' dir='ltr'><strong>competit;</strong></span> <span class='ocrx_word' id='word_1_191' title='bbox 2037 1242 2126 1296; x_wconf 87' lang='lat' dir='ltr'><strong>alii</strong></span> 
     </span>
    </p>
   </div>
   <div class='ocr_carea' id='block_1_23' title="bbox 2188 1236 3730 1310">
    <p class='ocr_par' dir='ltr' id='par_1_23' title="bbox 2258 1236 3730 1310">
     <span class='ocr_line' id='line_1_23' title="bbox 2258 1236 3730 1310; baseline -0.001 -18"><span class='ocrx_word' id='word_1_192' title='bbox 2258 1239 2419 1309; x_wconf 87' lang='grc' dir='ltr'><strong>μέσον</strong></span> <span class='ocrx_word' id='word_1_193' title='bbox 2455 1239 2628 1292; x_wconf 86' lang='grc' dir='ltr'>ἐστίν·</span> <span class='ocrx_word' id='word_1_194' title='bbox 2663 1239 2770 1293; x_wconf 87' lang='grc' dir='ltr'>ἀπὸ</span> <span class='ocrx_word' id='word_1_195' title='bbox 2806 1238 2913 1310; x_wconf 81' lang='grc' dir='ltr'><strong>γὰρ</strong></span> <span class='ocrx_word' id='word_1_196' title='bbox 2939 1236 3104 1290; x_wconf 80' lang='grc' dir='ltr'>αὐτοῦ</span> <span class='ocrx_word' id='word_1_197' title='bbox 3132 1238 3268 1309; x_wconf 85' lang='grc' dir='ltr'>πρὸς</span> <span class='ocrx_word' id='word_1_198' title='bbox 3306 1240 3406 1292; x_wconf 78' lang='grc' dir='ltr'><strong>πᾶν</strong></span> <span class='ocrx_word' id='word_1_199' title='bbox 3431 1239 3483 1291; x_wconf 80' lang='grc' dir='ltr'><strong>τὸ</strong></span> <span class='ocrx_word' id='word_1_200' title='bbox 3522 1239 3730 1310; x_wconf 80' lang='grc' dir='ltr'><strong>μετέωρον</strong></span> 
     </span>
    </p>
   </div>
   <div class='ocr_carea' id='block_1_24' title="bbox 581 1331 2123 1411">
    <p class='ocr_par' dir='ltr' id='par_1_24' title="bbox 581 1331 2123 1403">
     <span class='ocr_line' id='line_1_24' title="bbox 581 1331 2123 1403; baseline 0.002 -19"><span class='ocrx_word' id='word_1_201' title='bbox 581 1331 873 1398; x_wconf 90' lang='lat' dir='ltr'><strong>deorsum;</strong></span> <span class='ocrx_word' id='word_1_202' title='bbox 910 1332 1025 1396; x_wconf 88' lang='lat' dir='ltr'><strong>alii,</strong></span> <span class='ocrx_word' id='word_1_203' title='bbox 1081 1332 1225 1403; x_wconf 92' lang='lat' dir='ltr'><strong>quod</strong></span> <span class='ocrx_word' id='word_1_204' title='bbox 1254 1332 1366 1387; x_wconf 90' lang='lat' dir='ltr'><strong>situ</strong></span> <span class='ocrx_word' id='word_1_205' title='bbox 1412 1332 1651 1387; x_wconf 88' lang='lat' dir='ltr'><strong>medium</strong></span> <span class='ocrx_word' id='word_1_206' title='bbox 1695 1341 1799 1387; x_wconf 91' lang='lat' dir='ltr'><strong>est.</strong></span> <span class='ocrx_word' id='word_1_207' title='bbox 1846 1332 1978 1403; x_wconf 91' lang='lat' dir='ltr'><strong>Ejus</strong></span> <span class='ocrx_word' id='word_1_208' title='bbox 2026 1350 2123 1389; x_wconf 15' lang='lat' dir='ltr'><strong>vero</strong></span> 
     </span>
    </p>
   </div>
   <div class='ocr_carea' id='block_1_25' title="bbox 2190 1331 3732 1411">
    <p class='ocr_par' dir='ltr' id='par_1_25' title="bbox 2255 1336 3732 1411">
     <span class='ocr_line' id='line_1_25' title="bbox 2255 1336 3732 1411; baseline -0.002 -19"><span class='ocrx_word' id='word_1_209' title='bbox 2255 1338 2381 1411; x_wconf 79' lang='grc' dir='ltr'>ἄχρι</span> <span class='ocrx_word' id='word_1_210' title='bbox 2413 1338 2513 1408; x_wconf 81' lang='grc' dir='ltr'><strong>τῆς</strong></span> <span class='ocrx_word' id='word_1_211' title='bbox 2550 1338 2661 1392; x_wconf 79' lang='grc' dir='ltr'><strong>ἄνω</strong></span> <span class='ocrx_word' id='word_1_212' title='bbox 2694 1338 3010 1408; x_wconf 78' lang='grc' dir='ltr'>ἐπιφανείας</span> <span class='ocrx_word' id='word_1_213' title='bbox 3047 1336 3307 1391; x_wconf 84' lang='grc' dir='ltr'>πάντοθέν</span> <span class='ocrx_word' id='word_1_214' title='bbox 3340 1340 3524 1408; x_wconf 81' lang='grc' dir='ltr'>ἐστινὴ</span> <span class='ocrx_word' id='word_1_215' title='bbox 3553 1338 3732 1390; x_wconf 74' lang='grc' dir='ltr'><strong>ἀπόστα-</strong></span> 
     </span>
    </p>
   </div>
   <div class='ocr_carea' id='block_1_26' title="bbox 584 1424 2126 1501">
    <p class='ocr_par' dir='ltr' id='par_1_26' title="bbox 584 1425 2126 1497">
     <span class='ocr_line' id='line_1_26' title="bbox 584 1425 2126 1497; baseline 0.001 -18"><span class='ocrx_word' id='word_1_216' title='bbox 584 1426 728 1495; x_wconf 89' lang='lat' dir='ltr'><strong>quod</strong></span> <span class='ocrx_word' id='word_1_217' title='bbox 759 1426 1036 1496; x_wconf 69' lang='lat' dir='ltr'><strong>sphaerica:</strong></span> <span class='ocrx_word' id='word_1_218' title='bbox 1079 1425 1264 1497; x_wconf 75' lang='lat' dir='ltr'><strong>ﬁgura:</strong></span> <span class='ocrx_word' id='word_1_219' title='bbox 1291 1437 1393 1490; x_wconf 85' lang='lat' dir='ltr'><strong>est,</strong></span> <span class='ocrx_word' id='word_1_220' title='bbox 1430 1427 1584 1481; x_wconf 88' lang='lat' dir='ltr'><strong>locus</strong></span> <span class='ocrx_word' id='word_1_221' title='bbox 1635 1426 1877 1490; x_wconf 73' lang='lat' dir='ltr'><strong>intimus,</strong></span> <span class='ocrx_word' id='word_1_222' title='bbox 1913 1427 2126 1482; x_wconf 87' lang='lat' dir='ltr'><strong>mediuu</strong></span> 
     </span>
    </p>
   </div>
   <div class='ocr_carea' id='block_1_27' title="bbox 2190 1424 3732 1501">
    <p class='ocr_par' dir='ltr' id='par_1_27' title="bbox 2257 1424 3732 1501">
     <span class='ocr_line' id='line_1_27' title="bbox 2257 1424 3732 1501; baseline -0.001 -20"><span class='ocrx_word' id='word_1_223' title='bbox 2257 1446 2359 1493; x_wconf 90' lang='grc' dir='ltr'>σις.</span> <span class='ocrx_word' id='word_1_224' title='bbox 2393 1430 2502 1482; x_wconf 81' lang='lat' dir='ltr'><strong>Kal.</strong></span> <span class='ocrx_word' id='word_1_225' title='bbox 2534 1431 2709 1485; x_wconf 79' lang='grc' dir='ltr'>πάντα</span> <span class='ocrx_word' id='word_1_226' title='bbox 2739 1430 2898 1483; x_wconf 81' lang='grc' dir='ltr'>πάλιν</span> <span class='ocrx_word' id='word_1_227' title='bbox 2932 1428 3001 1482; x_wconf 83' lang='grc' dir='ltr'><strong>τὰ</strong></span> <span class='ocrx_word' id='word_1_228' title='bbox 3035 1424 3203 1501; x_wconf 80' lang='grc' dir='ltr'>βαρέα</span> <span class='ocrx_word' id='word_1_229' title='bbox 3234 1429 3538 1499; x_wconf 84' lang='grc' dir='ltr'><strong>πανταχόθεν</strong></span> <span class='ocrx_word' id='word_1_230' title='bbox 3562 1427 3732 1498; x_wconf 80' lang='grc' dir='ltr'>φέρεται</span> 
     </span>
    </p>
   </div>
   <div class='ocr_carea' id='block_1_28' title="bbox 582 1518 2124 1592">
    <p class='ocr_par' dir='ltr' id='par_1_28' title="bbox 582 1519 2124 1590">
     <span class='ocr_line' id='line_1_28' title="bbox 582 1519 2124 1590; baseline -0.001 -16"><span class='ocrx_word' id='word_1_231' title='bbox 582 1524 685 1576; x_wconf 87' lang='lat' dir='ltr'><strong>est.</strong></span> <span class='ocrx_word' id='word_1_232' title='bbox 715 1519 797 1573; x_wconf 81' lang='lat' dir='ltr'><strong>Ab</strong></span> <span class='ocrx_word' id='word_1_233' title='bbox 824 1520 919 1574; x_wconf 92' lang='lat' dir='ltr'><strong>illo</strong></span> <span class='ocrx_word' id='word_1_234' title='bbox 947 1520 1091 1575; x_wconf 92' lang='lat' dir='ltr'><strong>enim</strong></span> <span class='ocrx_word' id='word_1_235' title='bbox 1115 1520 1181 1574; x_wconf 90' lang='lat' dir='ltr'><strong>ad</strong></span> <span class='ocrx_word' id='word_1_236' title='bbox 1210 1519 1391 1574; x_wconf 88' lang='lat' dir='ltr'><strong>omnia</strong></span> <span class='ocrx_word' id='word_1_237' title='bbox 1421 1520 1721 1575; x_wconf 80' lang='lat' dir='ltr'><strong>excelsiora</strong></span> <span class='ocrx_word' id='word_1_238' title='bbox 1750 1519 1817 1573; x_wconf 90' lang='lat' dir='ltr'><strong>ad</strong></span> <span class='ocrx_word' id='word_1_239' title='bbox 1836 1534 2124 1590; x_wconf 88' lang='lat' dir='ltr'><strong>supreman</strong></span> 
     </span>
    </p>
   </div>
   <div class='ocr_carea' id='block_1_29' title="bbox 2189 1518 3731 1592">
    <p class='ocr_par' dir='ltr' id='par_1_29' title="bbox 2254 1518 3731 1592">
     <span class='ocr_line' id='line_1_29' title="bbox 2254 1518 3731 1592; baseline -0.001 -20"><span class='ocrx_word' id='word_1_240' title='bbox 2254 1519 2340 1572; x_wconf 80' lang='grc' dir='ltr'>ἐπ’</span> <span class='ocrx_word' id='word_1_241' title='bbox 2379 1520 2543 1574; x_wconf 68' lang='grc' dir='ltr'><strong>αὐτό.Δ</strong></span> <span class='ocrx_word' id='word_1_242' title='bbox 2574 1521 2663 1574; x_wconf 75' lang='grc' dir='ltr'>Διὸ</span> <span class='ocrx_word' id='word_1_243' title='bbox 2703 1521 2795 1575; x_wconf 72' lang='grc' dir='ltr'>καὶ</span> <span class='ocrx_word' id='word_1_244' title='bbox 2826 1520 3059 1590; x_wconf 82' lang='grc' dir='ltr'><strong>γέλωτός</strong></span> <span class='ocrx_word' id='word_1_245' title='bbox 3098 1537 3187 1591; x_wconf 86' lang='grc' dir='ltr'><strong>μοι</strong></span> <span class='ocrx_word' id='word_1_246' title='bbox 3235 1520 3451 1592; x_wconf 79' lang='grc' dir='ltr'>ἐπῆλθεν</span> <span class='ocrx_word' id='word_1_247' title='bbox 3489 1518 3731 1579; x_wconf 69' lang='grc' dir='ltr'>ἀκούσαντι,</span> 
     </span>
    </p>
   </div>
   <div class='ocr_carea' id='block_1_30' title="bbox 583 1607 2125 1684">
    <p class='ocr_par' dir='ltr' id='par_1_30' title="bbox 583 1607 2118 1680">
     <span class='ocr_line' id='line_1_30' title="bbox 583 1607 2118 1680; baseline 0.001 -17"><span class='ocrx_word' id='word_1_248' title='bbox 583 1614 756 1678; x_wconf 85' lang='lat' dir='ltr'><strong>usque</strong></span> <span class='ocrx_word' id='word_1_249' title='bbox 786 1607 1130 1679; x_wconf 80' lang='lat' dir='ltr'><strong>superﬁciem</strong></span> <span class='ocrx_word' id='word_1_250' title='bbox 1164 1609 1527 1680; x_wconf 84' lang='lat' dir='ltr'><strong>undequaque</strong></span> <span class='ocrx_word' id='word_1_251' title='bbox 1556 1616 1642 1664; x_wconf 87' lang='lat' dir='ltr'><strong>est</strong></span> <span class='ocrx_word' id='word_1_252' title='bbox 1673 1608 1957 1664; x_wconf 85' lang='lat' dir='ltr'><strong>distantia.</strong></span> <span class='ocrx_word' id='word_1_253' title='bbox 1996 1608 2118 1665; x_wconf 85' lang='lat' dir='ltr'><strong>Cun</strong></span> 
     </span>
    </p>
   </div>
   <div class='ocr_carea' id='block_1_31' title="bbox 2191 1607 3733 1684">
    <p class='ocr_par' dir='ltr' id='par_1_31' title="bbox 2191 1610 3733 1684">
     <span class='ocr_line' id='line_1_31' title="bbox 2191 1610 3733 1684; baseline -0.001 -19"><span class='ocrx_word' id='word_1_254' title='bbox 2191 1674 2224 1684; x_wconf 83' lang='lat'>_</span> <span class='ocrx_word' id='word_1_255' title='bbox 2256 1612 2336 1666; x_wconf 81' lang='grc' dir='ltr'><strong>ὅτι</strong></span> <span class='ocrx_word' id='word_1_256' title='bbox 2364 1613 2685 1683; x_wconf 80' lang='grc' dir='ltr'><strong>κινουμένη</strong></span> <span class='ocrx_word' id='word_1_257' title='bbox 2728 1615 2767 1683; x_wconf 81' lang='grc' dir='ltr'>ἡ</span> <span class='ocrx_word' id='word_1_258' title='bbox 2816 1615 2933 1683; x_wconf 80' lang='grc' dir='ltr'><strong>ὕλη</strong></span> <span class='ocrx_word' id='word_1_259' title='bbox 2980 1613 3259 1680; x_wconf 82' lang='grc' dir='ltr'><em>ἀτάκτως</em></span> <span class='ocrx_word' id='word_1_260' title='bbox 3311 1612 3485 1684; x_wconf 80' lang='grc' dir='ltr'><strong>(τοῦτο</strong></span> <span class='ocrx_word' id='word_1_261' title='bbox 3524 1610 3613 1683; x_wconf 84' lang='grc' dir='ltr'><strong>γὰρ</strong></span> <span class='ocrx_word' id='word_1_262' title='bbox 3633 1612 3733 1679; x_wconf 75' lang='grc' dir='ltr'><strong>αὐτῇ</strong></span> 
     </span>
    </p>
   </div>
   <div class='ocr_carea' id='block_1_32' title="bbox 582 1674 2124 1775">
    <p class='ocr_par' dir='ltr' id='par_1_32' title="bbox 582 1700 2124 1773">
     <span class='ocr_line' id='line_1_32' title="bbox 582 1700 2124 1773; baseline -0.001 -17"><span class='ocrx_word' id='word_1_263' title='bbox 582 1709 779 1773; x_wconf 88' lang='lat' dir='ltr'><strong>ctaque</strong></span> <span class='ocrx_word' id='word_1_264' title='bbox 805 1716 997 1756; x_wconf 89' lang='lat' dir='ltr'><strong>rursus</strong></span> <span class='ocrx_word' id='word_1_265' title='bbox 1035 1702 1240 1773; x_wconf 80' lang='lat' dir='ltr'><strong>gravia,</strong></span> <span class='ocrx_word' id='word_1_266' title='bbox 1279 1701 1639 1771; x_wconf 89' lang='lat' dir='ltr'><strong>undequaque</strong></span> <span class='ocrx_word' id='word_1_267' title='bbox 1675 1701 1729 1754; x_wconf 91' lang='lat' dir='ltr'><strong>in</strong></span> <span class='ocrx_word' id='word_1_268' title='bbox 1762 1700 1938 1771; x_wconf 90' lang='lat' dir='ltr'><strong>ipsum</strong></span> <span class='ocrx_word' id='word_1_269' title='bbox 1977 1700 2124 1756; x_wconf 74' lang='lat' dir='ltr'><strong>l‘erun</strong></span> 
     </span>
    </p>
   </div>
   <div class='ocr_carea' id='block_1_33' title="bbox 2192 1674 3734 1775">
    <p class='ocr_par' dir='ltr' id='par_1_33' title="bbox 2192 1674 3734 1775">
     <span class='ocr_line' id='line_1_33' title="bbox 2192 1674 3734 1775; baseline 0.003 -19"><span class='ocrx_word' id='word_1_270' title='bbox 2192 1674 2227 1727; x_wconf 79' lang='grc' dir='ltr'><strong>Β</strong></span> <span class='ocrx_word' id='word_1_271' title='bbox 2256 1704 2397 1758; x_wconf 73' lang='grc' dir='ltr'>κατὰ</span> <span class='ocrx_word' id='word_1_272' title='bbox 2428 1674 2611 1775; x_wconf 58' lang='grc' dir='ltr'>φύσιν)</span> <span class='ocrx_word' id='word_1_273' title='bbox 2666 1674 2765 1772; x_wconf 48' lang='lat' dir='ltr'><strong>ea?</strong></span> <span class='ocrx_word' id='word_1_274' title='bbox 2786 1706 2901 1774; x_wconf 78' lang='grc' dir='ltr'><strong>τὴν</strong></span> <span class='ocrx_word' id='word_1_275' title='bbox 2919 1674 3030 1761; x_wconf 36' lang='grc' dir='ltr'><strong>’τοῦ</strong></span> <span class='ocrx_word' id='word_1_276' title='bbox 3062 1706 3211 1759; x_wconf 84' lang='grc' dir='ltr'><strong>Θεοῦ</strong></span> <span class='ocrx_word' id='word_1_277' title='bbox 3237 1674 3477 1775; x_wconf 43' lang='grc' dir='ltr'><strong>’ἁθοίκετο</strong></span> 
     </span>
    </p>
   </div>
   <div class='ocr_carea' id='block_1_34' title="bbox 582 1791 2124 1864">
    <p class='ocr_par' dir='ltr' id='par_1_34' title="bbox 582 1791 2123 1860">
     <span class='ocr_line' id='line_1_34' title="bbox 582 1791 2123 1860; baseline 0 -13"><span class='ocrx_word' id='word_1_278' title='bbox 582 1801 693 1849; x_wconf 91' lang='lat' dir='ltr'><strong>tur.</strong></span> <span class='ocrx_word' id='word_1_279' title='bbox 727 1793 999 1860; x_wconf 87' lang='lat' dir='ltr'><strong>Quocirca</strong></span> <span class='ocrx_word' id='word_1_280' title='bbox 1031 1795 1196 1848; x_wconf 89' lang='lat' dir='ltr'><strong>etiam</strong></span> <span class='ocrx_word' id='word_1_281' title='bbox 1224 1793 1403 1848; x_wconf 89' lang='lat' dir='ltr'><strong>ridere</strong></span> <span class='ocrx_word' id='word_1_282' title='bbox 1433 1794 1629 1857; x_wconf 89' lang='lat' dir='ltr'><strong>subiit,</strong></span> <span class='ocrx_word' id='word_1_283' title='bbox 1665 1793 1904 1847; x_wconf 87' lang='lat' dir='ltr'><strong>audienti</strong></span> <span class='ocrx_word' id='word_1_284' title='bbox 1933 1813 1945 1847; x_wconf 92' lang='lat'>:</span> <span class='ocrx_word' id='word_1_285' title='bbox 1979 1791 2123 1847; x_wconf 77' lang='lat' dir='ltr'><strong>Male</strong></span> 
     </span>
    </p>
   </div>
   <div class='ocr_carea' id='block_1_35' title="bbox 2070 1791 3612 1864">
    <p class='ocr_par' dir='ltr' id='par_1_35' title="bbox 2078 1793 3612 1864">
     <span class='ocr_line' id='line_1_35' title="bbox 2078 1793 3612 1864; baseline -0.001 -18"><span class='ocrx_word' id='word_1_286' title='bbox 2078 1802 2151 1847; x_wconf 84' lang='lat' dir='ltr'><strong>te-</strong></span> <span class='ocrx_word' id='word_1_287' title='bbox 2256 1796 2320 1862; x_wconf 82' lang='grc' dir='ltr'><strong>ἐς</strong></span> <span class='ocrx_word' id='word_1_288' title='bbox 2342 1794 2466 1864; x_wconf 63' lang='grc' dir='ltr'><strong>φῶς</strong></span> <span class='ocrx_word' id='word_1_289' title='bbox 2498 1794 2597 1849; x_wconf 76' lang='grc' dir='ltr'><strong>καί</strong></span> <span class='ocrx_word' id='word_1_290' title='bbox 2627 1796 2928 1864; x_wconf 71' lang='grc' dir='ltr'><strong>λαμπρὸν,</strong></span> <span class='ocrx_word' id='word_1_291' title='bbox 2969 1797 3063 1850; x_wconf 72' lang='grc' dir='ltr'>καὶ</span> <span class='ocrx_word' id='word_1_292' title='bbox 3098 1797 3276 1850; x_wconf 85' lang='grc' dir='ltr'><strong>πάντα</strong></span> <span class='ocrx_word' id='word_1_293' title='bbox 3301 1795 3365 1848; x_wconf 73' lang='grc' dir='ltr'><strong>τὰ</strong></span> <span class='ocrx_word' id='word_1_294' title='bbox 3402 1793 3612 1848; x_wconf 81' lang='grc' dir='ltr'>τοιαῦτα.</span> 
     </span>
    </p>
   </div>
   <div class='ocr_carea' id='block_1_36' title="bbox 582 1884 3737 1964">
    <p class='ocr_par' dir='ltr' id='par_1_36' title="bbox 582 1884 3737 1964">
     <span class='ocr_line' id='line_1_36' title="bbox 582 1884 3737 1964; baseline 0 -23"><span class='ocrx_word' id='word_1_295' title='bbox 582 1889 883 1955; x_wconf 81' lang='lat' dir='ltr'><strong>riam,dum</strong></span> <span class='ocrx_word' id='word_1_296' title='bbox 907 1891 1244 1960; x_wconf 72' lang='lat' dir='ltr'><strong>incomposite</strong></span> <span class='ocrx_word' id='word_1_297' title='bbox 1261 1899 1492 1944; x_wconf 84' lang='lat' dir='ltr'><strong>movetur</strong></span> <span class='ocrx_word' id='word_1_298' title='bbox 1510 1906 1572 1943; x_wconf 89' lang='lat' dir='ltr'><strong>ac</strong></span> <span class='ocrx_word' id='word_1_299' title='bbox 1588 1884 1885 1945; x_wconf 79' lang='lat' dir='ltr'><strong>inordinate</strong></span> <span class='ocrx_word' id='word_1_300' title='bbox 1902 1890 1980 1957; x_wconf 81' lang='lat' dir='ltr'><strong>(id</strong></span> <span class='ocrx_word' id='word_1_301' title='bbox 1998 1891 2142 1946; x_wconf 88' lang='lat' dir='ltr'><strong>enim</strong></span> <span class='ocrx_word' id='word_1_302' title='bbox 2188 1892 2268 1947; x_wconf 92' lang='lat' dir='ltr'><strong>illi</strong></span> <span class='ocrx_word' id='word_1_303' title='bbox 2298 1908 2364 1947; x_wconf 80' lang='lat' dir='ltr'><strong>ex</strong></span> <span class='ocrx_word' id='word_1_304' title='bbox 2390 1902 2584 1947; x_wconf 83' lang='lat' dir='ltr'><strong>natura</strong></span> <span class='ocrx_word' id='word_1_305' title='bbox 2618 1893 2722 1964; x_wconf 87' lang='lat' dir='ltr'><strong>est)</strong></span> <span class='ocrx_word' id='word_1_306' title='bbox 2764 1894 2833 1947; x_wconf 87' lang='lat' dir='ltr'><strong>ad</strong></span> <span class='ocrx_word' id='word_1_307' title='bbox 2857 1892 2957 1948; x_wconf 82' lang='lat' dir='ltr'><strong>Dei</strong></span> <span class='ocrx_word' id='word_1_308' title='bbox 2997 1894 3228 1949; x_wconf 77' lang='lat' dir='ltr'><strong>evasisse</strong></span> <span class='ocrx_word' id='word_1_309' title='bbox 3267 1894 3525 1963; x_wconf 83' lang='lat' dir='ltr'><strong>regionem,</strong></span> <span class='ocrx_word' id='word_1_310' title='bbox 3573 1890 3657 1943; x_wconf 77' lang='lat' dir='ltr'><strong>sive</strong></span> <span class='ocrx_word' id='word_1_311' title='bbox 3690 1887 3737 1939; x_wconf 83' lang='lat' dir='ltr'><strong>ad</strong></span> 
     </span>
    </p>
   </div>
   <div class='ocr_carea' id='block_1_37' title="bbox 581 1987 2333 2059">
    <p class='ocr_par' dir='ltr' id='par_1_37' title="bbox 581 1987 2333 2059">
     <span class='ocr_line' id='line_1_37' title="bbox 581 1987 2333 2059; baseline -0.001 -20"><span class='ocrx_word' id='word_1_312' title='bbox 581 1987 746 2040; x_wconf 82' lang='lat' dir='ltr'><strong>lucem</strong></span> <span class='ocrx_word' id='word_1_313' title='bbox 771 1995 819 2040; x_wconf 86' lang='lat' dir='ltr'><strong>et</strong></span> <span class='ocrx_word' id='word_1_314' title='bbox 841 1988 1159 2051; x_wconf 84' lang='lat' dir='ltr'><strong>claritatem,</strong></span> <span class='ocrx_word' id='word_1_315' title='bbox 1187 1988 1417 2058; x_wconf 88' lang='lat' dir='ltr'><strong>ejusque</strong></span> <span class='ocrx_word' id='word_1_316' title='bbox 1450 1988 1667 2059; x_wconf 89' lang='lat' dir='ltr'><strong>generis</strong></span> <span class='ocrx_word' id='word_1_317' title='bbox 1694 1989 1901 2045; x_wconf 89' lang='lat' dir='ltr'><strong>omnia.</strong></span> <span class='ocrx_word' id='word_1_318' title='bbox 2320 2025 2333 2038; x_wconf 94' lang='lat'><strong>.</strong></span> 
     </span>
    </p>
   </div>
   <div class='ocr_carea' id='block_1_38' title="bbox 652 2077 2194 2152">
    <p class='ocr_par' dir='ltr' id='par_1_38' title="bbox 652 2077 2145 2151">
     <span class='ocr_line' id='line_1_38' title="bbox 652 2077 2145 2151; baseline 0.002 -18"><span class='ocrx_word' id='word_1_319' title='bbox 652 2077 711 2133; x_wconf 90' lang='lat' dir='ltr'><strong>Si</strong></span> <span class='ocrx_word' id='word_1_320' title='bbox 759 2086 941 2135; x_wconf 89' lang='lat' dir='ltr'><strong>autem</strong></span> <span class='ocrx_word' id='word_1_321' title='bbox 984 2079 1130 2135; x_wconf 88' lang='lat' dir='ltr'><strong>aliud</strong></span> <span class='ocrx_word' id='word_1_322' title='bbox 1179 2096 1400 2151; x_wconf 89' lang='lat' dir='ltr'><strong>corpus,</strong></span> <span class='ocrx_word' id='word_1_323' title='bbox 1438 2079 1585 2145; x_wconf 83' lang='lat' dir='ltr'><strong>aliud</strong></span> <span class='ocrx_word' id='word_1_324' title='bbox 1606 2081 1985 2151; x_wconf 88' lang='lat' dir='ltr'><strong>incorporeum</strong></span> <span class='ocrx_word' id='word_1_325' title='bbox 2013 2090 2100 2137; x_wconf 90' lang='lat' dir='ltr'><strong>est</strong></span> <span class='ocrx_word' id='word_1_326' title='bbox 2132 2100 2145 2136; x_wconf 89' lang='lat'><strong>:</strong></span> 
     </span>
    </p>
   </div>
   <div class='ocr_carea' id='block_1_39' title="bbox 2195 2077 3737 2152">
    <p class='ocr_par' dir='ltr' id='par_1_39' title="bbox 2326 2079 3737 2152">
     <span class='ocr_line' id='line_1_39' title="bbox 2326 2079 3737 2152; baseline -0.004 -18"><span class='ocrx_word' id='word_1_327' title='bbox 2326 2081 2390 2134; x_wconf 85' lang='lat' dir='ltr'><strong>El</strong></span> <span class='ocrx_word' id='word_1_328' title='bbox 2419 2081 2474 2135; x_wconf 84' lang='grc' dir='ltr'><strong>δὲ</strong></span> <span class='ocrx_word' id='word_1_329' title='bbox 2507 2081 2565 2135; x_wconf 85' lang='grc' dir='ltr'><strong>τδ</strong></span> <span class='ocrx_word' id='word_1_330' title='bbox 2597 2081 2695 2151; x_wconf 82' lang='grc' dir='ltr'><strong>μὲν</strong></span> <span class='ocrx_word' id='word_1_331' title='bbox 2736 2081 2915 2152; x_wconf 85' lang='grc' dir='ltr'>σῶμα,</span> <span class='ocrx_word' id='word_1_332' title='bbox 2947 2080 3008 2133; x_wconf 85' lang='grc' dir='ltr'><strong>τὸ</strong></span> <span class='ocrx_word' id='word_1_333' title='bbox 3041 2080 3097 2134; x_wconf 84' lang='grc' dir='ltr'><strong>δὲ</strong></span> <span class='ocrx_word' id='word_1_334' title='bbox 3129 2080 3431 2152; x_wconf 80' lang='grc' dir='ltr'><strong>ἀσώματον,</strong></span> <span class='ocrx_word' id='word_1_335' title='bbox 3467 2079 3645 2151; x_wconf 85' lang='grc' dir='ltr'>πρῶτον</span> <span class='ocrx_word' id='word_1_336' title='bbox 3672 2080 3737 2148; x_wconf 78' lang='grc' dir='ltr'><strong>μὲν</strong></span> 
     </span>
    </p>
   </div>
   <div class='ocr_carea' id='block_1_40' title="bbox 580 2169 2122 2245">
    <p class='ocr_par' dir='ltr' id='par_1_40' title="bbox 580 2171 2122 2244">
     <span class='ocr_line' id='line_1_40' title="bbox 580 2171 2122 2244; baseline 0.003 -20"><span class='ocrx_word' id='word_1_337' title='bbox 580 2171 812 2240; x_wconf 87' lang='lat' dir='ltr'><strong>primum</strong></span> <span class='ocrx_word' id='word_1_338' title='bbox 844 2172 1060 2243; x_wconf 87' lang='lat' dir='ltr'><strong>quidem</strong></span> <span class='ocrx_word' id='word_1_339' title='bbox 1089 2174 1233 2244; x_wconf 89' lang='lat' dir='ltr'><strong>quod</strong></span> <span class='ocrx_word' id='word_1_340' title='bbox 1265 2188 1467 2243; x_wconf 86' lang='lat' dir='ltr'><strong>corpus</strong></span> <span class='ocrx_word' id='word_1_341' title='bbox 1496 2181 1600 2236; x_wconf 87' lang='lat' dir='ltr'><strong>est,</strong></span> <span class='ocrx_word' id='word_1_342' title='bbox 1639 2174 1695 2227; x_wconf 93' lang='lat' dir='ltr'><strong>in</strong></span> <span class='ocrx_word' id='word_1_343' title='bbox 1718 2174 1895 2229; x_wconf 90' lang='lat' dir='ltr'><strong>solum</strong></span> <span class='ocrx_word' id='word_1_344' title='bbox 1947 2176 2122 2230; x_wconf 40' lang='lat' dir='ltr'><strong>mobili</strong></span> 
     </span>
    </p>
   </div>
   <div class='ocr_carea' id='block_1_41' title="bbox 2195 2169 3737 2245">
    <p class='ocr_par' dir='ltr' id='par_1_41' title="bbox 2254 2169 3737 2245">
     <span class='ocr_line' id='line_1_41' title="bbox 2254 2169 3737 2245; baseline -0.006 -17"><span class='ocrx_word' id='word_1_345' title='bbox 2254 2175 2282 2228; x_wconf 89' lang='grc' dir='ltr'><strong>ὅ</strong></span> <span class='ocrx_word' id='word_1_346' title='bbox 2316 2176 2428 2227; x_wconf 90' lang='grc' dir='ltr'>ἐστι</span> <span class='ocrx_word' id='word_1_347' title='bbox 2466 2173 2644 2245; x_wconf 86' lang='grc' dir='ltr'>σῶμα,</span> <span class='ocrx_word' id='word_1_348' title='bbox 2704 2174 2861 2243; x_wconf 88' lang='grc' dir='ltr'><strong>μόνον</strong></span> <span class='ocrx_word' id='word_1_349' title='bbox 2888 2175 3103 2244; x_wconf 80' lang='grc' dir='ltr'><strong>κινητόν</strong></span> <span class='ocrx_word' id='word_1_350' title='bbox 3132 2176 3302 2227; x_wconf 88' lang='grc' dir='ltr'>ἐστιν·</span> <span class='ocrx_word' id='word_1_351' title='bbox 3329 2172 3501 2226; x_wconf 85' lang='grc' dir='ltr'>ἔπειτα</span> <span class='ocrx_word' id='word_1_352' title='bbox 3525 2171 3590 2233; x_wconf 80' lang='grc' dir='ltr'><strong>δὲ,</strong></span> <span class='ocrx_word' id='word_1_353' title='bbox 3609 2172 3646 2222; x_wconf 81' lang='grc' dir='ltr'><strong>εί</strong></span> <span class='ocrx_word' id='word_1_354' title='bbox 3671 2169 3737 2240; x_wconf 77' lang='grc' dir='ltr'><strong>μὲν</strong></span> 
     </span>
    </p>
   </div>
   <div class='ocr_carea' id='block_1_42' title="bbox 577 2262 2119 2339">
    <p class='ocr_par' dir='ltr' id='par_1_42' title="bbox 577 2262 2119 2336">
     <span class='ocr_line' id='line_1_42' title="bbox 577 2262 2119 2336; baseline 0.001 -17"><span class='ocrx_word' id='word_1_355' title='bbox 577 2270 681 2319; x_wconf 88' lang='lat' dir='ltr'><strong>est.</strong></span> <span class='ocrx_word' id='word_1_356' title='bbox 700 2262 988 2328; x_wconf 70' lang='lat' dir='ltr'><strong>Praeterea,</strong></span> <span class='ocrx_word' id='word_1_357' title='bbox 1006 2265 1273 2336; x_wconf 87' lang='lat' dir='ltr'><strong>siquidem</strong></span> <span class='ocrx_word' id='word_1_358' title='bbox 1292 2265 1633 2320; x_wconf 88' lang='lat' dir='ltr'><strong>incommista</strong></span> <span class='ocrx_word' id='word_1_359' title='bbox 1652 2273 1780 2321; x_wconf 87' lang='lat' dir='ltr'><strong>sunt</strong></span> <span class='ocrx_word' id='word_1_360' title='bbox 1801 2266 2119 2336; x_wconf 90' lang='lat' dir='ltr'><strong>unumquod</strong></span> 
     </span>
    </p>
   </div>
   <div class='ocr_carea' id='block_1_43' title="bbox 2197 2262 3739 2339">
    <p class='ocr_par' dir='ltr' id='par_1_43' title="bbox 2253 2262 3739 2339">
     <span class='ocr_line' id='line_1_43' title="bbox 2253 2262 3739 2339; baseline -0.007 -16"><span class='ocrx_word' id='word_1_361' title='bbox 2253 2269 2487 2339; x_wconf 79' lang='grc' dir='ltr'><strong>ἄμικτα,</strong></span> <span class='ocrx_word' id='word_1_362' title='bbox 2536 2267 2683 2320; x_wconf 73' lang='grc' dir='ltr'><strong>ἐστὶν</strong></span> <span class='ocrx_word' id='word_1_363' title='bbox 2724 2267 2981 2338; x_wconf 83' lang='grc' dir='ltr'>ἐκάτερον</span> <span class='ocrx_word' id='word_1_364' title='bbox 3026 2269 3198 2339; x_wconf 75' lang='grc' dir='ltr'><strong>χωρὶς</strong></span> <span class='ocrx_word' id='word_1_365' title='bbox 3238 2267 3482 2338; x_wconf 82' lang='grc' dir='ltr'><strong>ἐκατέρου</strong></span> <span class='ocrx_word' id='word_1_366' title='bbox 3522 2264 3637 2318; x_wconf 74' lang='grc' dir='ltr'>κατὰ</span> <span class='ocrx_word' id='word_1_367' title='bbox 3672 2262 3739 2332; x_wconf 74' lang='grc' dir='ltr'><strong>τὴν</strong></span> 
     </span>
    </p>
   </div>
   <div class='ocr_carea' id='block_1_44' title="bbox 576 2355 2118 2431">
    <p class='ocr_par' dir='ltr' id='par_1_44' title="bbox 576 2356 2118 2427">
     <span class='ocr_line' id='line_1_44' title="bbox 576 2356 2118 2427; baseline 0.001 -18"><span class='ocrx_word' id='word_1_368' title='bbox 576 2371 683 2425; x_wconf 91' lang='lat' dir='ltr'><strong>que</strong></span> <span class='ocrx_word' id='word_1_369' title='bbox 710 2371 958 2412; x_wconf 85' lang='lat' dir='ltr'><strong>seorsum</strong></span> <span class='ocrx_word' id='word_1_370' title='bbox 982 2356 1047 2410; x_wconf 88' lang='lat' dir='ltr'><strong>ab</strong></span> <span class='ocrx_word' id='word_1_371' title='bbox 1071 2358 1241 2412; x_wconf 88' lang='lat' dir='ltr'><strong>altero</strong></span> <span class='ocrx_word' id='word_1_372' title='bbox 1274 2356 1575 2412; x_wconf 87' lang='lat' dir='ltr'><strong>secundum</strong></span> <span class='ocrx_word' id='word_1_373' title='bbox 1594 2356 1867 2427; x_wconf 87' lang='lat' dir='ltr'><strong>propriam</strong></span> <span class='ocrx_word' id='word_1_374' title='bbox 1891 2366 2118 2411; x_wconf 71' lang='lat' dir='ltr'><strong>naturam</strong></span> 
     </span>
    </p>
   </div>
   <div class='ocr_carea' id='block_1_45' title="bbox 2193 2355 3735 2431">
    <p class='ocr_par' dir='ltr' id='par_1_45' title="bbox 2253 2355 3735 2431">
     <span class='ocr_line' id='line_1_45' title="bbox 2253 2355 3735 2431; baseline 0 -18"><span class='ocrx_word' id='word_1_375' title='bbox 2253 2360 2456 2413; x_wconf 81' lang='grc' dir='ltr'>οἰκείαν</span> <span class='ocrx_word' id='word_1_376' title='bbox 2488 2359 2647 2429; x_wconf 79' lang='grc' dir='ltr'>φύσιν</span> <span class='ocrx_word' id='word_1_377' title='bbox 2667 2377 2679 2389; x_wconf 74' lang='grc' dir='ltr'><strong><em>ο</em></strong></span> <span class='ocrx_word' id='word_1_378' title='bbox 2729 2361 2775 2412; x_wconf 82' lang='grc' dir='ltr'><strong>εί</strong></span> <span class='ocrx_word' id='word_1_379' title='bbox 2806 2359 2862 2412; x_wconf 83' lang='grc' dir='ltr'><strong>δέ</strong></span> <span class='ocrx_word' id='word_1_380' title='bbox 2900 2360 3161 2431; x_wconf 84' lang='grc' dir='ltr'>μέμικται</span> <span class='ocrx_word' id='word_1_381' title='bbox 3197 2360 3257 2413; x_wconf 76' lang='grc' dir='ltr'><strong>τὸ</strong></span> <span class='ocrx_word' id='word_1_382' title='bbox 3288 2360 3461 2431; x_wconf 77' lang='grc' dir='ltr'><strong>ἕτερον</strong></span> <span class='ocrx_word' id='word_1_383' title='bbox 3495 2356 3564 2428; x_wconf 84' lang='grc' dir='ltr'><strong>τῷ</strong></span> <span class='ocrx_word' id='word_1_384' title='bbox 3596 2355 3735 2425; x_wconf 77' lang='grc' dir='ltr'><strong>ἑτέρῳ.</strong></span> 
     </span>
    </p>
   </div>
   <div class='ocr_carea' id='block_1_46' title="bbox 576 2447 2118 2525">
    <p class='ocr_par' dir='ltr' id='par_1_46' title="bbox 576 2448 2118 2516">
     <span class='ocr_line' id='line_1_46' title="bbox 576 2448 2118 2516; baseline -0.001 -13"><span class='ocrx_word' id='word_1_385' title='bbox 576 2459 683 2505; x_wconf 83' lang='lat' dir='ltr'><strong>est.</strong></span> <span class='ocrx_word' id='word_1_386' title='bbox 717 2448 815 2504; x_wconf 90' lang='lat' dir='ltr'><strong>Sin</strong></span> <span class='ocrx_word' id='word_1_387' title='bbox 858 2465 986 2504; x_wconf 86' lang='lat' dir='ltr'><strong>vero</strong></span> <span class='ocrx_word' id='word_1_388' title='bbox 1037 2449 1269 2504; x_wconf 84' lang='lat' dir='ltr'><strong>alterum</strong></span> <span class='ocrx_word' id='word_1_389' title='bbox 1310 2449 1465 2504; x_wconf 86' lang='lat' dir='ltr'><strong>alteri</strong></span> <span class='ocrx_word' id='word_1_390' title='bbox 1524 2449 1872 2503; x_wconf 91' lang='lat' dir='ltr'><strong>commistum</strong></span> <span class='ocrx_word' id='word_1_391' title='bbox 1904 2458 2007 2514; x_wconf 87' lang='lat' dir='ltr'><strong>est,</strong></span> <span class='ocrx_word' id='word_1_392' title='bbox 2034 2465 2118 2516; x_wconf 56' lang='lat' dir='ltr'><strong>,an</strong></span> 
     </span>
    </p>
   </div>
   <div class='ocr_carea' id='block_1_47' title="bbox 2197 2447 3739 2525">
    <p class='ocr_par' dir='ltr' id='par_1_47' title="bbox 2254 2447 3739 2525">
     <span class='ocr_line' id='line_1_47' title="bbox 2254 2447 3739 2525; baseline -0.017 -1"><span class='ocrx_word' id='word_1_393' title='bbox 2254 2451 2285 2522; x_wconf 78' lang='grc' dir='ltr'><strong>ἢ</strong></span> <span class='ocrx_word' id='word_1_394' title='bbox 2312 2451 2457 2524; x_wconf 68' lang='grc' dir='ltr'><strong>ψυχὴ</strong></span> <span class='ocrx_word' id='word_1_395' title='bbox 2480 2452 2512 2522; x_wconf 80' lang='grc' dir='ltr'><strong>ἢ</strong></span> <span class='ocrx_word' id='word_1_396' title='bbox 2536 2452 2661 2517; x_wconf 76' lang='grc' dir='ltr'>νοῦς</span> <span class='ocrx_word' id='word_1_397' title='bbox 2687 2453 2720 2524; x_wconf 79' lang='grc' dir='ltr'>ἢ</span> <span class='ocrx_word' id='word_1_398' title='bbox 2745 2452 3086 2525; x_wconf 72' lang='grc' dir='ltr'>συμϐεϐηκὸς</span> <span class='ocrx_word' id='word_1_399' title='bbox 3117 2453 3190 2507; x_wconf 78' lang='grc' dir='ltr'><strong>ἂν</strong></span> <span class='ocrx_word' id='word_1_400' title='bbox 3215 2452 3318 2524; x_wconf 75' lang='grc' dir='ltr'>ειη.</span> <span class='ocrx_word' id='word_1_401' title='bbox 3345 2452 3491 2507; x_wconf 78' lang='grc' dir='ltr'><strong>Οὕτω</strong></span> <span class='ocrx_word' id='word_1_402' title='bbox 3512 2450 3604 2522; x_wconf 77' lang='grc' dir='ltr'><strong>γὰρ</strong></span> <span class='ocrx_word' id='word_1_403' title='bbox 3627 2447 3739 2520; x_wconf 71' lang='grc' dir='ltr'><strong>μόνον</strong></span> 
     </span>
    </p>
   </div>
   <div class='ocr_carea' id='block_1_48' title="bbox 577 2539 2119 2616">
    <p class='ocr_par' dir='ltr' id='par_1_48' title="bbox 577 2539 2119 2606">
     <span class='ocr_line' id='line_1_48' title="bbox 577 2539 2119 2606; baseline 0 -13"><span class='ocrx_word' id='word_1_404' title='bbox 577 2541 777 2605; x_wconf 87' lang='lat' dir='ltr'><strong>anima,</strong></span> <span class='ocrx_word' id='word_1_405' title='bbox 837 2549 931 2594; x_wconf 90' lang='lat' dir='ltr'><strong>aut</strong></span> <span class='ocrx_word' id='word_1_406' title='bbox 980 2556 1133 2596; x_wconf 79' lang='lat' dir='ltr'><strong>mens</strong></span> <span class='ocrx_word' id='word_1_407' title='bbox 1170 2540 1395 2606; x_wconf 82' lang='lat' dir='ltr'><strong>fuerint,</strong></span> <span class='ocrx_word' id='word_1_408' title='bbox 1431 2548 1525 2593; x_wconf 86' lang='lat' dir='ltr'><strong>aut</strong></span> <span class='ocrx_word' id='word_1_409' title='bbox 1558 2540 1836 2595; x_wconf 88' lang='lat' dir='ltr'><strong>accidens.</strong></span> <span class='ocrx_word' id='word_1_410' title='bbox 1871 2539 1963 2595; x_wconf 90' lang='lat' dir='ltr'><strong>Sic</strong></span> <span class='ocrx_word' id='word_1_411' title='bbox 1997 2542 2119 2596; x_wconf 89' lang='lat' dir='ltr'><strong>enin</strong></span> 
     </span>
    </p>
   </div>
   <div class='ocr_carea' id='block_1_49' title="bbox 2041 2539 3583 2616">
    <p class='ocr_par' dir='ltr' id='par_1_49' title="bbox 2041 2541 3583 2616">
     <span class='ocr_line' id='line_1_49' title="bbox 2041 2541 3583 2616; baseline 0.001 -23"><span class='ocrx_word' id='word_1_412' title='bbox 2041 2542 2145 2594; x_wconf 85' lang='lat' dir='ltr'><strong>nim</strong></span> <span class='ocrx_word' id='word_1_413' title='bbox 2252 2541 2320 2594; x_wconf 82' lang='grc' dir='ltr'><strong>τὰ</strong></span> <span class='ocrx_word' id='word_1_414' title='bbox 2354 2541 2620 2614; x_wconf 74' lang='grc' dir='ltr'>ἀσώματα</span> <span class='ocrx_word' id='word_1_415' title='bbox 2645 2547 2757 2607; x_wconf 79' lang='grc' dir='ltr'><strong>τοῖς</strong></span> <span class='ocrx_word' id='word_1_416' title='bbox 2790 2543 3001 2616; x_wconf 82' lang='grc' dir='ltr'>σώμασι</span> <span class='ocrx_word' id='word_1_417' title='bbox 3035 2544 3270 2616; x_wconf 82' lang='grc' dir='ltr'>πάρεστι</span> <span class='ocrx_word' id='word_1_418' title='bbox 3303 2542 3583 2615; x_wconf 80' lang='grc' dir='ltr'>μίγνυσθαι.</span> 
     </span>
    </p>
   </div>
   <div class='ocr_carea' id='block_1_50' title="bbox 577 2632 2147 2702">
    <p class='ocr_par' dir='ltr' id='par_1_50' title="bbox 577 2632 2147 2702">
     <span class='ocr_line' id='line_1_50' title="bbox 577 2632 2147 2702; baseline -0.001 -15"><span class='ocrx_word' id='word_1_419' title='bbox 577 2632 921 2687; x_wconf 88' lang='lat' dir='ltr'><strong>solummodo</strong></span> <span class='ocrx_word' id='word_1_420' title='bbox 938 2632 1259 2702; x_wconf 89' lang='lat' dir='ltr'><strong>incorporea</strong></span> <span class='ocrx_word' id='word_1_421' title='bbox 1288 2632 1613 2702; x_wconf 85' lang='lat' dir='ltr'><strong>corporibus</strong></span> <span class='ocrx_word' id='word_1_422' title='bbox 1642 2632 1991 2688; x_wconf 88' lang='lat' dir='ltr'><strong>commisceri</strong></span> <span class='ocrx_word' id='word_1_423' title='bbox 2015 2646 2147 2686; x_wconf 86' lang='lat' dir='ltr'><strong>con-</strong></span> 
     </span>
    </p>
   </div>
   <div class='ocr_carea' id='block_1_51' title="bbox 578 2723 757 2795">
    <p class='ocr_par' dir='ltr' id='par_1_51' title="bbox 578 2723 757 2795">
     <span class='ocr_line' id='line_1_51' title="bbox 578 2723 757 2795; baseline 0.022 -19"><span class='ocrx_word' id='word_1_424' title='bbox 578 2723 757 2795; x_wconf 87' lang='lat' dir='ltr'><strong>tingit.</strong></span> 
     </span>
    </p>
   </div>
   <div class='ocr_carea' id='block_1_52' title="bbox 576 2856 3742 2923">
    <p class='ocr_par' dir='ltr' id='par_1_52' title="bbox 576 2856 3742 2923">
     <span class='ocr_line' id='line_1_52' title="bbox 576 2856 3742 2923; baseline -0.001 -7"><span class='ocrx_word' id='word_1_425' title='bbox 576 2858 707 2916; x_wconf 71' lang='lat' dir='ltr'><strong>Cn.</strong></span> <span class='ocrx_word' id='word_1_426' title='bbox 733 2857 825 2914; x_wconf 76' lang='lat' dir='ltr'><strong>IX.</strong></span> <span class='ocrx_word' id='word_1_427' title='bbox 866 2857 1107 2912; x_wconf 80' lang='lat' dir='ltr'><strong>Ridicula</strong></span> <span class='ocrx_word' id='word_1_428' title='bbox 1136 2856 1554 2911; x_wconf 62' lang='lat' dir='ltr'><strong>Manichaeorum</strong></span> <span class='ocrx_word' id='word_1_429' title='bbox 1583 2858 1823 2911; x_wconf 76' lang='lat' dir='ltr'><strong>materia:</strong></span> <span class='ocrx_word' id='word_1_430' title='bbox 1847 2858 1905 2910; x_wconf 85' lang='lat' dir='ltr'><strong>in</strong></span> <span class='ocrx_word' id='word_1_431' title='bbox 1934 2856 2100 2910; x_wconf 88' lang='lat' dir='ltr'><strong>Deum</strong></span> <span class='ocrx_word' id='word_1_432' title='bbox 2135 2868 2306 2913; x_wconf 74' lang='lat' dir='ltr'><strong>motus</strong></span> <span class='ocrx_word' id='word_1_433' title='bbox 2346 2860 2560 2914; x_wconf 80' lang='lat' dir='ltr'><strong>deliria.</strong></span> <span class='ocrx_word' id='word_1_434' title='bbox 2605 2860 2769 2919; x_wconf 81' lang='lat' dir='ltr'><strong>Deus.</strong></span> <span class='ocrx_word' id='word_1_435' title='bbox 2797 2863 3035 2916; x_wconf 78' lang='lat' dir='ltr'><strong>materia:</strong></span> <span class='ocrx_word' id='word_1_436' title='bbox 3079 2874 3274 2917; x_wconf 85' lang='lat' dir='ltr'><strong>auctor</strong></span> <span class='ocrx_word' id='word_1_437' title='bbox 3315 2861 3606 2923; x_wconf 82' lang='lat' dir='ltr'><strong>rebellionis,</strong></span> <span class='ocrx_word' id='word_1_438' title='bbox 3629 2877 3742 2916; x_wconf 66' lang='lat' dir='ltr'><strong>senta</strong></span> 
     </span>
    </p>
   </div>
   <div class='ocr_carea' id='block_1_53' title="bbox 753 2928 3614 2998">
    <p class='ocr_par' dir='ltr' id='par_1_53' title="bbox 753 2928 3614 2998">
     <span class='ocr_line' id='line_1_53' title="bbox 753 2928 3614 2998; baseline 0.001 -15"><span class='ocrx_word' id='word_1_439' title='bbox 753 2928 1107 2983; x_wconf 74' lang='lat' dir='ltr'><strong>Manichaico.</strong></span> <span class='ocrx_word' id='word_1_440' title='bbox 1139 2928 1383 2982; x_wconf 66' lang='lat' dir='ltr'><strong>Materiae</strong></span> <span class='ocrx_word' id='word_1_441' title='bbox 1411 2929 1661 2998; x_wconf 83' lang='lat' dir='ltr'><strong>appetitio</strong></span> <span class='ocrx_word' id='word_1_442' title='bbox 1691 2928 1823 2982; x_wconf 83' lang='lat' dir='ltr'><strong>lucis</strong></span> <span class='ocrx_word' id='word_1_443' title='bbox 1845 2938 1893 2982; x_wconf 86' lang='lat' dir='ltr'><strong>et</strong></span> <span class='ocrx_word' id='word_1_444' title='bbox 1909 2928 2223 2997; x_wconf 83' lang='lat' dir='ltr'><strong>splendoris,</strong></span> <span class='ocrx_word' id='word_1_445' title='bbox 2243 2929 2397 2984; x_wconf 83' lang='lat' dir='ltr'><strong>bona.</strong></span> <span class='ocrx_word' id='word_1_446' title='bbox 2424 2930 2576 2984; x_wconf 84' lang='lat' dir='ltr'><strong>Bona</strong></span> <span class='ocrx_word' id='word_1_447' title='bbox 2608 2932 2786 2986; x_wconf 83' lang='lat' dir='ltr'><strong>divina</strong></span> <span class='ocrx_word' id='word_1_448' title='bbox 2814 2933 2946 2986; x_wconf 67' lang='lat' dir='ltr'><strong>niiu&#39;l</strong></span> <span class='ocrx_word' id='word_1_449' title='bbox 2971 2949 3036 2986; x_wconf 76' lang='lat' dir='ltr'><strong>ex</strong></span> <span class='ocrx_word' id='word_1_450' title='bbox 3066 2936 3383 2989; x_wconf 78' lang='lat' dir='ltr'><strong>commercio</strong></span> <span class='ocrx_word' id='word_1_451' title='bbox 3414 2934 3614 2986; x_wconf 82' lang='lat' dir='ltr'><strong>minora.</strong></span> 
     </span>
    </p>
   </div>
   <div class='ocr_carea' id='block_1_54' title="bbox 645 3063 2187 3143">
    <p class='ocr_par' dir='ltr' id='par_1_54' title="bbox 645 3063 2187 3137">
     <span class='ocr_line' id='line_1_54' title="bbox 645 3063 2187 3137; baseline -0.003 -15"><span class='ocrx_word' id='word_1_452' title='bbox 645 3064 754 3122; x_wconf 87' lang='lat' dir='ltr'><strong>Sed</strong></span> <span class='ocrx_word' id='word_1_453' title='bbox 795 3080 1030 3137; x_wconf 87' lang='lat' dir='ltr'><strong>quonam</strong></span> <span class='ocrx_word' id='word_1_454' title='bbox 1063 3064 1226 3119; x_wconf 89' lang='lat' dir='ltr'><strong>modo</strong></span> <span class='ocrx_word' id='word_1_455' title='bbox 1256 3064 1311 3118; x_wconf 90' lang='lat' dir='ltr'><strong>in</strong></span> <span class='ocrx_word' id='word_1_456' title='bbox 1342 3063 1439 3118; x_wconf 87' lang='lat' dir='ltr'><strong>Dei</strong></span> <span class='ocrx_word' id='word_1_457' title='bbox 1488 3063 1764 3134; x_wconf 85' lang='lat' dir='ltr'><strong>regionem</strong></span> <span class='ocrx_word' id='word_1_458' title='bbox 1812 3079 1876 3119; x_wconf 90' lang='lat' dir='ltr'><strong>ac</strong></span> <span class='ocrx_word' id='word_1_459' title='bbox 1934 3063 2141 3127; x_wconf 89' lang='lat' dir='ltr'><strong>sedem,</strong></span> <span class='ocrx_word' id='word_1_460' title='bbox 2171 3074 2187 3129; x_wconf 68' lang='grc' dir='ltr'><strong>ε</strong></span> 
     </span>
    </p>
   </div>
   <div class='ocr_carea' id='block_1_55' title="bbox 2198 3063 3740 3143">
    <p class='ocr_par' dir='ltr' id='par_1_55' title="bbox 2198 3066 3740 3143">
     <span class='ocr_line' id='line_1_55' title="bbox 2198 3066 3740 3143; baseline -0.004 -22"><span class='ocrx_word' id='word_1_461' title='bbox 2198 3073 2214 3129; x_wconf 72' lang='grc' dir='ltr'><strong>ι</strong></span> <span class='ocrx_word' id='word_1_462' title='bbox 2330 3068 2467 3120; x_wconf 81' lang='grc' dir='ltr'>Ἀλλ’</span> <span class='ocrx_word' id='word_1_463' title='bbox 2505 3069 2653 3132; x_wconf 83' lang='grc' dir='ltr'>ὅπως</span> <span class='ocrx_word' id='word_1_464' title='bbox 2682 3069 2884 3141; x_wconf 75' lang='grc' dir='ltr'><strong>ἠνέχθη</strong></span> <span class='ocrx_word' id='word_1_465' title='bbox 2910 3072 2990 3133; x_wconf 77' lang='grc' dir='ltr'><strong>εἰς</strong></span> <span class='ocrx_word' id='word_1_466' title='bbox 3028 3070 3125 3143; x_wconf 81' lang='grc' dir='ltr'><strong>τὴν</strong></span> <span class='ocrx_word' id='word_1_467' title='bbox 3169 3071 3265 3125; x_wconf 83' lang='grc' dir='ltr'><strong>τοῦ</strong></span> <span class='ocrx_word' id='word_1_468' title='bbox 3288 3071 3417 3125; x_wconf 84' lang='grc' dir='ltr'><strong>Θεοῦ</strong></span> <span class='ocrx_word' id='word_1_469' title='bbox 3444 3070 3617 3142; x_wconf 76' lang='grc' dir='ltr'>χώραν,</span> <span class='ocrx_word' id='word_1_470' title='bbox 3648 3068 3672 3137; x_wconf 78' lang='grc' dir='ltr'>ἦ</span> <span class='ocrx_word' id='word_1_471' title='bbox 3700 3066 3740 3115; x_wconf 78' lang='grc' dir='ltr'>ἐκ</span> 
     </span>
    </p>
   </div>
   <div class='ocr_carea' id='block_1_56' title="bbox 544 3154 2086 3235">
    <p class='ocr_par' dir='ltr' id='par_1_56' title="bbox 544 3154 2085 3229">
     <span class='ocr_line' id='line_1_56' title="bbox 544 3154 2085 3229; baseline -0.001 -20"><span class='ocrx_word' id='word_1_472' title='bbox 544 3208 547 3209; x_wconf 30' lang='grc' dir='ltr'><strong>ν</strong></span> <span class='ocrx_word' id='word_1_473' title='bbox 575 3173 753 3229; x_wconf 85' lang='lat' dir='ltr'><strong>quave</strong></span> <span class='ocrx_word' id='word_1_474' title='bbox 790 3173 858 3212; x_wconf 76' lang='lat' dir='ltr'><strong>ex</strong></span> <span class='ocrx_word' id='word_1_475' title='bbox 914 3171 1082 3211; x_wconf 85' lang='lat' dir='ltr'><strong>causa</strong></span> <span class='ocrx_word' id='word_1_476' title='bbox 1116 3157 1330 3211; x_wconf 85' lang='lat' dir='ltr'><strong>invecta</strong></span> <span class='ocrx_word' id='word_1_477' title='bbox 1356 3156 1483 3210; x_wconf 87' lang='lat' dir='ltr'><strong>est?</strong></span> <span class='ocrx_word' id='word_1_478' title='bbox 1512 3155 1588 3209; x_wconf 90' lang='lat' dir='ltr'><strong>illi</strong></span> <span class='ocrx_word' id='word_1_479' title='bbox 1625 3154 1845 3225; x_wconf 89' lang='lat' dir='ltr'><strong>quidem</strong></span> <span class='ocrx_word' id='word_1_480' title='bbox 1867 3170 1933 3210; x_wconf 79' lang='lat' dir='ltr'><strong>ex</strong></span> <span class='ocrx_word' id='word_1_481' title='bbox 1954 3162 2085 3208; x_wconf 90' lang='lat' dir='ltr'><strong>natu</strong></span> 
     </span>
    </p>
   </div>
   <div class='ocr_carea' id='block_1_57' title="bbox 2199 3154 3741 3235">
    <p class='ocr_par' dir='ltr' id='par_1_57' title="bbox 2252 3158 3741 3235">
     <span class='ocr_line' id='line_1_57' title="bbox 2252 3158 3741 3235; baseline -0.003 -23"><span class='ocrx_word' id='word_1_482' title='bbox 2252 3159 2409 3223; x_wconf 81' lang='grc' dir='ltr'>ποίας</span> <span class='ocrx_word' id='word_1_483' title='bbox 2457 3161 2667 3226; x_wconf 85' lang='grc' dir='ltr'>αίτίας;</span> <span class='ocrx_word' id='word_1_484' title='bbox 2710 3161 2849 3215; x_wconf 74' lang='grc' dir='ltr'>κατὰ</span> <span class='ocrx_word' id='word_1_485' title='bbox 2897 3162 3057 3231; x_wconf 76' lang='grc' dir='ltr'>φύσιν</span> <span class='ocrx_word' id='word_1_486' title='bbox 3097 3163 3204 3233; x_wconf 81' lang='grc' dir='ltr'><strong>μὲν</strong></span> <span class='ocrx_word' id='word_1_487' title='bbox 3244 3163 3350 3235; x_wconf 82' lang='grc' dir='ltr'><strong>γὰρ</strong></span> <span class='ocrx_word' id='word_1_488' title='bbox 3386 3164 3513 3234; x_wconf 73' lang='grc' dir='ltr'>αὐτῇ</span> <span class='ocrx_word' id='word_1_489' title='bbox 3552 3161 3601 3214; x_wconf 81' lang='grc' dir='ltr'><strong>τὸ</strong></span> <span class='ocrx_word' id='word_1_490' title='bbox 3635 3158 3741 3211; x_wconf 74' lang='grc' dir='ltr'><strong>κάτω</strong></span> 
     </span>
    </p>
   </div>
   <div class='ocr_carea' id='block_1_58' title="bbox 572 3248 2114 3327">
    <p class='ocr_par' dir='ltr' id='par_1_58' title="bbox 572 3248 2114 3318">
     <span class='ocr_line' id='line_1_58' title="bbox 572 3248 2114 3318; baseline -0.003 -11"><span class='ocrx_word' id='word_1_491' title='bbox 572 3261 658 3307; x_wconf 82' lang='lat' dir='ltr'><strong>est</strong></span> <span class='ocrx_word' id='word_1_492' title='bbox 679 3251 832 3306; x_wconf 87' lang='lat' dir='ltr'><strong>locus</strong></span> <span class='ocrx_word' id='word_1_493' title='bbox 860 3248 1116 3304; x_wconf 86' lang='lat' dir='ltr'><strong>deorsum</strong></span> <span class='ocrx_word' id='word_1_494' title='bbox 1142 3260 1196 3303; x_wconf 91' lang='lat' dir='ltr'><strong>et</strong></span> <span class='ocrx_word' id='word_1_495' title='bbox 1218 3248 1472 3313; x_wconf 64' lang='lat' dir='ltr'><strong>tenebrae,</strong></span> <span class='ocrx_word' id='word_1_496' title='bbox 1500 3256 1559 3302; x_wconf 90' lang='lat' dir='ltr'><strong>ut</strong></span> <span class='ocrx_word' id='word_1_497' title='bbox 1588 3248 1918 3318; x_wconf 88' lang='lat' dir='ltr'><strong>loquuntur;</strong></span> <span class='ocrx_word' id='word_1_498' title='bbox 1953 3256 2114 3318; x_wconf 72' lang='lat' dir='ltr'><strong>praete</strong></span> 
     </span>
    </p>
   </div>
   <div class='ocr_carea' id='block_1_59' title="bbox 2199 3248 3741 3327">
    <p class='ocr_par' dir='ltr' id='par_1_59' title="bbox 2250 3248 3741 3327">
     <span class='ocr_line' id='line_1_59' title="bbox 2250 3248 3741 3327; baseline 0 -22"><span class='ocrx_word' id='word_1_499' title='bbox 2250 3251 2343 3305; x_wconf 75' lang='grc' dir='ltr'><strong>καὶ</strong></span> <span class='ocrx_word' id='word_1_500' title='bbox 2366 3252 2425 3306; x_wconf 72' lang='grc' dir='ltr'><strong>τὸ</strong></span> <span class='ocrx_word' id='word_1_501' title='bbox 2454 3253 2660 3318; x_wconf 83' lang='grc' dir='ltr'><strong>σκότος,</strong></span> <span class='ocrx_word' id='word_1_502' title='bbox 2690 3254 2767 3317; x_wconf 77' lang='grc' dir='ltr'><strong>ὣς</strong></span> <span class='ocrx_word' id='word_1_503' title='bbox 2793 3270 2944 3322; x_wconf 71' lang='grc' dir='ltr'>φασι,</span> <span class='ocrx_word' id='word_1_504' title='bbox 2978 3254 3130 3327; x_wconf 81' lang='grc' dir='ltr'>παρὰ</span> <span class='ocrx_word' id='word_1_505' title='bbox 3156 3256 3322 3326; x_wconf 75' lang='grc' dir='ltr'>φύσιν</span> <span class='ocrx_word' id='word_1_506' title='bbox 3342 3256 3394 3309; x_wconf 83' lang='grc' dir='ltr'><strong>δὲ</strong></span> <span class='ocrx_word' id='word_1_507' title='bbox 3415 3255 3473 3308; x_wconf 78' lang='grc' dir='ltr'><strong>τὺ</strong></span> <span class='ocrx_word' id='word_1_508' title='bbox 3499 3253 3594 3307; x_wconf 83' lang='grc' dir='ltr'><strong>ἄνω</strong></span> <span class='ocrx_word' id='word_1_509' title='bbox 3618 3248 3741 3305; x_wconf 77' lang='grc' dir='ltr'><strong>καὶτὸ</strong></span> 
     </span>
    </p>
   </div>
   <div class='ocr_carea' id='block_1_60' title="bbox 581 3339 2123 3417">
    <p class='ocr_par' dir='ltr' id='par_1_60' title="bbox 581 3339 2119 3407">
     <span class='ocr_line' id='line_1_60' title="bbox 581 3339 2119 3407; baseline -0.003 -10"><span class='ocrx_word' id='word_1_510' title='bbox 581 3352 833 3398; x_wconf 85' lang='lat' dir='ltr'><strong>naturam</strong></span> <span class='ocrx_word' id='word_1_511' title='bbox 865 3356 993 3397; x_wconf 90' lang='lat' dir='ltr'><strong>vero</strong></span> <span class='ocrx_word' id='word_1_512' title='bbox 1041 3342 1194 3396; x_wconf 90' lang='lat' dir='ltr'><strong>locus</strong></span> <span class='ocrx_word' id='word_1_513' title='bbox 1227 3356 1447 3396; x_wconf 88' lang='lat' dir='ltr'><strong>sursum</strong></span> <span class='ocrx_word' id='word_1_514' title='bbox 1489 3351 1542 3395; x_wconf 91' lang='lat' dir='ltr'><strong>et</strong></span> <span class='ocrx_word' id='word_1_515' title='bbox 1591 3341 1706 3395; x_wconf 78' lang='lat' dir='ltr'><strong>lux.</strong></span> <span class='ocrx_word' id='word_1_516' title='bbox 1755 3339 2119 3407; x_wconf 86' lang='lat' dir='ltr'><strong>Quamobrem</strong></span> 
     </span>
    </p>
   </div>
   <div class='ocr_carea' id='block_1_61' title="bbox 2199 3339 3741 3417">
    <p class='ocr_par' dir='ltr' id='par_1_61' title="bbox 2249 3341 3741 3417">
     <span class='ocr_line' id='line_1_61' title="bbox 2249 3341 3741 3417; baseline -0.011 -8"><span class='ocrx_word' id='word_1_517' title='bbox 2249 3345 2365 3415; x_wconf 75' lang='grc' dir='ltr'><strong>φῶς</strong></span> <span class='ocrx_word' id='word_1_518' title='bbox 2383 3362 2398 3377; x_wconf 81' lang='grc'><strong><em>⁸</em></strong></span> <span class='ocrx_word' id='word_1_519' title='bbox 2438 3344 2513 3409; x_wconf 82' lang='grc' dir='ltr'><strong>ὣς</strong></span> <span class='ocrx_word' id='word_1_520' title='bbox 2538 3362 2600 3413; x_wconf 82' lang='grc' dir='ltr'>γε</span> <span class='ocrx_word' id='word_1_521' title='bbox 2646 3346 2796 3416; x_wconf 81' lang='grc' dir='ltr'>παρὰ</span> <span class='ocrx_word' id='word_1_522' title='bbox 2837 3346 2999 3415; x_wconf 72' lang='grc' dir='ltr'>φύσιν</span> <span class='ocrx_word' id='word_1_523' title='bbox 3031 3346 3152 3399; x_wconf 83' lang='grc' dir='ltr'><strong>τότε</strong></span> <span class='ocrx_word' id='word_1_524' title='bbox 3189 3348 3406 3417; x_wconf 77' lang='grc' dir='ltr'><strong>γέγονεν</strong></span> <span class='ocrx_word' id='word_1_525' title='bbox 3439 3346 3562 3417; x_wconf 74' lang='grc' dir='ltr'>αὐτῇ</span> <span class='ocrx_word' id='word_1_526' title='bbox 3583 3345 3610 3415; x_wconf 80' lang='grc' dir='ltr'>ἡ</span> <span class='ocrx_word' id='word_1_527' title='bbox 3631 3341 3741 3409; x_wconf 69' lang='grc' dir='ltr'>κίνη-</span> 
     </span>
    </p>
   </div>
   <div class='ocr_carea' id='block_1_62' title="bbox 576 3430 2118 3505">
    <p class='ocr_par' dir='ltr' id='par_1_62' title="bbox 576 3433 2118 3505">
     <span class='ocr_line' id='line_1_62' title="bbox 576 3433 2118 3505; baseline -0.003 -14"><span class='ocrx_word' id='word_1_528' title='bbox 576 3446 758 3491; x_wconf 89' lang='lat' dir='ltr'><strong>motus</strong></span> <span class='ocrx_word' id='word_1_529' title='bbox 790 3436 839 3490; x_wconf 91' lang='lat' dir='ltr'><strong>ei</strong></span> <span class='ocrx_word' id='word_1_530' title='bbox 870 3443 1002 3489; x_wconf 92' lang='lat' dir='ltr'><strong>tunc</strong></span> <span class='ocrx_word' id='word_1_531' title='bbox 1038 3435 1501 3505; x_wconf 76' lang='lat' dir='ltr'><strong>prteternaturalis</strong></span> <span class='ocrx_word' id='word_1_532' title='bbox 1526 3433 1646 3488; x_wconf 80' lang='lat' dir='ltr'><strong>fuit.</strong></span> <span class='ocrx_word' id='word_1_533' title='bbox 1678 3433 1848 3505; x_wconf 84' lang='lat' dir='ltr'><strong>Eique</strong></span> <span class='ocrx_word' id='word_1_534' title='bbox 1877 3433 2118 3504; x_wconf 88' lang='lat' dir='ltr'><strong>ejusmod</strong></span> 
     </span>
    </p>
   </div>
   <div class='ocr_carea' id='block_1_63' title="bbox 2196 3430 3738 3505">
    <p class='ocr_par' dir='ltr' id='par_1_63' title="bbox 2250 3430 3738 3503">
     <span class='ocr_line' id='line_1_63' title="bbox 2250 3430 3738 3503; baseline -0.004 -12"><span class='ocrx_word' id='word_1_535' title='bbox 2250 3456 2353 3503; x_wconf 89' lang='grc' dir='ltr'>σις.</span> <span class='ocrx_word' id='word_1_536' title='bbox 2400 3438 2508 3491; x_wconf 70' lang='grc' dir='ltr'>Καὶ</span> <span class='ocrx_word' id='word_1_537' title='bbox 2534 3438 2772 3491; x_wconf 81' lang='grc' dir='ltr'><strong>τοιοῦτόν</strong></span> <span class='ocrx_word' id='word_1_538' title='bbox 2810 3457 2861 3492; x_wconf 87' lang='grc' dir='ltr'><strong>τι</strong></span> <span class='ocrx_word' id='word_1_539' title='bbox 2904 3438 3198 3503; x_wconf 81' lang='grc' dir='ltr'>πέπονθεν,</span> <span class='ocrx_word' id='word_1_540' title='bbox 3236 3435 3345 3494; x_wconf 77' lang='grc' dir='ltr'>οἷον</span> <span class='ocrx_word' id='word_1_541' title='bbox 3386 3442 3430 3493; x_wconf 85' lang='grc' dir='ltr'>εἰ</span> <span class='ocrx_word' id='word_1_542' title='bbox 3471 3438 3595 3491; x_wconf 87' lang='grc' dir='ltr'>λίθον</span> <span class='ocrx_word' id='word_1_543' title='bbox 3622 3451 3684 3496; x_wconf 84' lang='grc' dir='ltr'>τις</span> <span class='ocrx_word' id='word_1_544' title='bbox 3717 3430 3738 3498; x_wconf 70' lang='grc' dir='ltr'>ἢ</span> 
     </span>
    </p>
   </div>
   <div class='ocr_carea' id='block_1_64' title="bbox 573 3520 2115 3602">
    <p class='ocr_par' dir='ltr' id='par_1_64' title="bbox 573 3522 2115 3596">
     <span class='ocr_line' id='line_1_64' title="bbox 573 3522 2115 3596; baseline -0.002 -16"><span class='ocrx_word' id='word_1_545' title='bbox 573 3524 778 3596; x_wconf 87' lang='lat' dir='ltr'><strong>aliquid</strong></span> <span class='ocrx_word' id='word_1_546' title='bbox 805 3523 1022 3589; x_wconf 89' lang='lat' dir='ltr'><strong>accidit,</strong></span> <span class='ocrx_word' id='word_1_547' title='bbox 1059 3538 1123 3578; x_wconf 90' lang='lat' dir='ltr'><strong>ac</strong></span> <span class='ocrx_word' id='word_1_548' title='bbox 1156 3524 1202 3579; x_wconf 91' lang='lat' dir='ltr'><strong>si</strong></span> <span class='ocrx_word' id='word_1_549' title='bbox 1237 3527 1360 3593; x_wconf 92' lang='lat' dir='ltr'><strong>quis</strong></span> <span class='ocrx_word' id='word_1_550' title='bbox 1389 3522 1619 3593; x_wconf 88' lang='lat' dir='ltr'><strong>lapidem</strong></span> <span class='ocrx_word' id='word_1_551' title='bbox 1646 3531 1740 3577; x_wconf 85' lang='lat' dir='ltr'><strong>aut</strong></span> <span class='ocrx_word' id='word_1_552' title='bbox 1764 3523 1974 3594; x_wconf 89' lang='lat' dir='ltr'><strong>glebam</strong></span> <span class='ocrx_word' id='word_1_553' title='bbox 1990 3533 2115 3578; x_wconf 76' lang='lat' dir='ltr'><strong>terr:</strong></span> 
     </span>
    </p>
   </div>
   <div class='ocr_carea' id='block_1_65' title="bbox 2198 3520 3740 3602">
    <p class='ocr_par' dir='ltr' id='par_1_65' title="bbox 2249 3520 3740 3602">
     <span class='ocr_line' id='line_1_65' title="bbox 2249 3520 3740 3602; baseline -0.001 -23"><span class='ocrx_word' id='word_1_554' title='bbox 2249 3528 2415 3598; x_wconf 81' lang='grc' dir='ltr'><strong>βῶλον</strong></span> <span class='ocrx_word' id='word_1_555' title='bbox 2457 3527 2559 3597; x_wconf 79' lang='grc' dir='ltr'><strong>γῆς</strong></span> <span class='ocrx_word' id='word_1_556' title='bbox 2599 3530 2678 3590; x_wconf 82' lang='grc' dir='ltr'>εἰς</span> <span class='ocrx_word' id='word_1_557' title='bbox 2711 3529 2771 3580; x_wconf 83' lang='grc' dir='ltr'><strong>τὸ</strong></span> <span class='ocrx_word' id='word_1_558' title='bbox 2812 3527 2924 3582; x_wconf 81' lang='grc' dir='ltr'><strong>ἄνω</strong></span> <span class='ocrx_word' id='word_1_559' title='bbox 2964 3530 3211 3601; x_wconf 71' lang='grc' dir='ltr'>ῥίψειενο</span> <span class='ocrx_word' id='word_1_560' title='bbox 3254 3531 3319 3584; x_wconf 83' lang='grc' dir='ltr'><strong>δι’</strong></span> <span class='ocrx_word' id='word_1_561' title='bbox 3345 3530 3372 3584; x_wconf 86' lang='grc' dir='ltr'><strong>ὂ</strong></span> <span class='ocrx_word' id='word_1_562' title='bbox 3412 3530 3491 3602; x_wconf 78' lang='grc' dir='ltr'><strong>δὴ,</strong></span> <span class='ocrx_word' id='word_1_563' title='bbox 3520 3527 3663 3595; x_wconf 77' lang='grc' dir='ltr'>ὀλίγον</span> <span class='ocrx_word' id='word_1_564' title='bbox 3693 3520 3740 3574; x_wconf 70' lang='lat' dir='ltr'><strong>ti</strong></span> 
     </span>
    </p>
   </div>
   <div class='ocr_carea' id='block_1_66' title="bbox 574 3614 2116 3694">
    <p class='ocr_par' dir='ltr' id='par_1_66' title="bbox 574 3614 2111 3694">
     <span class='ocr_line' id='line_1_66' title="bbox 574 3614 2111 3694; baseline -0.003 -22"><span class='ocrx_word' id='word_1_565' title='bbox 574 3633 791 3674; x_wconf 89' lang='lat' dir='ltr'><strong>sursum</strong></span> <span class='ocrx_word' id='word_1_566' title='bbox 827 3615 1120 3687; x_wconf 87' lang='lat' dir='ltr'><strong>projecerit</strong></span> <span class='ocrx_word' id='word_1_567' title='bbox 1146 3633 1161 3682; x_wconf 92' lang='lat'><strong>;</strong></span> <span class='ocrx_word' id='word_1_568' title='bbox 1200 3630 1308 3685; x_wconf 87' lang='lat' dir='ltr'><strong>qua</strong></span> <span class='ocrx_word' id='word_1_569' title='bbox 1339 3615 1527 3694; x_wconf 78' lang='lat' dir='ltr'><strong>utique</strong></span> <span class='ocrx_word' id='word_1_570' title='bbox 1557 3614 1768 3668; x_wconf 84' lang='lat' dir='ltr'><strong>ratione</strong></span> <span class='ocrx_word' id='word_1_571' title='bbox 1790 3630 1851 3669; x_wconf 83' lang='lat' dir='ltr'><strong>ea</strong></span> <span class='ocrx_word' id='word_1_572' title='bbox 1878 3629 1967 3669; x_wconf 88' lang='lat' dir='ltr'><strong>res</strong></span> <span class='ocrx_word' id='word_1_573' title='bbox 2014 3630 2111 3684; x_wconf 91' lang='lat' dir='ltr'><strong>pro</strong></span> 
     </span>
    </p>
   </div>
   <div class='ocr_carea' id='block_1_67' title="bbox 2198 3614 3740 3694">
    <p class='ocr_par' dir='ltr' id='par_1_67' title="bbox 2243 3615 3740 3693">
     <span class='ocr_line' id='line_1_67' title="bbox 2243 3615 3740 3693; baseline 0.007 -24"><span class='ocrx_word' id='word_1_574' title='bbox 2243 3615 2466 3670; x_wconf 74' lang='grc' dir='ltr'>τοιαῦτα</span> <span class='ocrx_word' id='word_1_575' title='bbox 2488 3616 2845 3685; x_wconf 79' lang='grc' dir='ltr'>κουφισθέντα</span> <span class='ocrx_word' id='word_1_576' title='bbox 2872 3619 2976 3671; x_wconf 82' lang='grc' dir='ltr'>ὑπὸ</span> <span class='ocrx_word' id='word_1_577' title='bbox 2996 3620 3095 3690; x_wconf 78' lang='grc' dir='ltr'><strong>τῆς</strong></span> <span class='ocrx_word' id='word_1_578' title='bbox 3116 3620 3218 3673; x_wconf 79' lang='grc' dir='ltr'><strong>τοῦ</strong></span> <span class='ocrx_word' id='word_1_579' title='bbox 3246 3621 3489 3693; x_wconf 72' lang='grc' dir='ltr'>ῥίψαντος</span> <span class='ocrx_word' id='word_1_580' title='bbox 3510 3617 3627 3687; x_wconf 68' lang='grc' dir='ltr'>βίας,</span> <span class='ocrx_word' id='word_1_581' title='bbox 3650 3627 3740 3683; x_wconf 78' lang='grc' dir='ltr'><strong>μετ·</strong></span> 
     </span>
    </p>
   </div>
   <div class='ocr_carea' id='block_1_68' title="bbox 571 3704 2113 3783">
    <p class='ocr_par' dir='ltr' id='par_1_68' title="bbox 571 3707 2113 3780">
     <span class='ocr_line' id='line_1_68' title="bbox 571 3707 2113 3780; baseline -0.002 -17"><span class='ocrx_word' id='word_1_582' title='bbox 571 3709 811 3780; x_wconf 89' lang='lat' dir='ltr'><strong>jicientis</strong></span> <span class='ocrx_word' id='word_1_583' title='bbox 834 3710 1035 3778; x_wconf 87' lang='lat' dir='ltr'><strong>impetu</strong></span> <span class='ocrx_word' id='word_1_584' title='bbox 1066 3707 1347 3777; x_wconf 90' lang='lat' dir='ltr'><strong>paululum</strong></span> <span class='ocrx_word' id='word_1_585' title='bbox 1384 3707 1579 3770; x_wconf 89' lang='lat' dir='ltr'><strong>levata,</strong></span> <span class='ocrx_word' id='word_1_586' title='bbox 1604 3722 1728 3761; x_wconf 92' lang='lat' dir='ltr'><strong>cum</strong></span> <span class='ocrx_word' id='word_1_587' title='bbox 1762 3722 1984 3762; x_wconf 89' lang='lat' dir='ltr'><strong>sursum</strong></span> <span class='ocrx_word' id='word_1_588' title='bbox 2016 3723 2113 3762; x_wconf 86' lang='lat' dir='ltr'><strong>eva</strong></span> 
     </span>
    </p>
   </div>
   <div class='ocr_carea' id='block_1_69' title="bbox 2197 3704 3739 3783">
    <p class='ocr_par' dir='ltr' id='par_1_69' title="bbox 2242 3704 3739 3783">
     <span class='ocr_line' id='line_1_69' title="bbox 2242 3704 3739 3783; baseline -0.011 -15"><span class='ocrx_word' id='word_1_589' title='bbox 2242 3710 2387 3781; x_wconf 84' lang='grc' dir='ltr'>έωρα</span> <span class='ocrx_word' id='word_1_590' title='bbox 2427 3710 2715 3778; x_wconf 74' lang='grc' dir='ltr'><strong>γεγονότα,</strong></span> <span class='ocrx_word' id='word_1_591' title='bbox 2762 3710 2842 3772; x_wconf 82' lang='grc' dir='ltr'><strong>είς</strong></span> <span class='ocrx_word' id='word_1_592' title='bbox 2883 3711 2973 3763; x_wconf 60' lang='grc' dir='ltr'><strong>τὶν</strong></span> <span class='ocrx_word' id='word_1_593' title='bbox 3030 3711 3196 3764; x_wconf 77' lang='grc' dir='ltr'>αὐτὸν</span> <span class='ocrx_word' id='word_1_594' title='bbox 3231 3711 3574 3783; x_wconf 77' lang='grc' dir='ltr'>καταφέρεται</span> <span class='ocrx_word' id='word_1_595' title='bbox 3600 3704 3739 3758; x_wconf 83' lang='grc' dir='ltr'><strong>τόπον.</strong></span> 
     </span>
    </p>
   </div>
   <div class='ocr_carea' id='block_1_70' title="bbox 574 3792 2116 3873">
    <p class='ocr_par' dir='ltr' id='par_1_70' title="bbox 574 3797 2116 3867">
     <span class='ocr_line' id='line_1_70' title="bbox 574 3797 2116 3867; baseline -0.004 -9"><span class='ocrx_word' id='word_1_596' title='bbox 574 3804 725 3867; x_wconf 86' lang='lat' dir='ltr'><strong>serit,</strong></span> <span class='ocrx_word' id='word_1_597' title='bbox 762 3802 820 3856; x_wconf 89' lang='lat' dir='ltr'><strong>in</strong></span> <span class='ocrx_word' id='word_1_598' title='bbox 861 3799 1109 3856; x_wconf 88' lang='lat' dir='ltr'><strong>eumdem</strong></span> <span class='ocrx_word' id='word_1_599' title='bbox 1162 3800 1343 3854; x_wconf 90' lang='lat' dir='ltr'><strong>locum</strong></span> <span class='ocrx_word' id='word_1_600' title='bbox 1389 3799 1591 3854; x_wconf 86' lang='lat' dir='ltr'><strong>decidit</strong></span> <span class='ocrx_word' id='word_1_601' title='bbox 1616 3815 1680 3854; x_wconf 87' lang='lat' dir='ltr'><strong>ac</strong></span> <span class='ocrx_word' id='word_1_602' title='bbox 1708 3799 1837 3852; x_wconf 91' lang='lat' dir='ltr'><strong>ruit.</strong></span> <span class='ocrx_word' id='word_1_603' title='bbox 1876 3797 2116 3865; x_wconf 87' lang='lat' dir='ltr'><strong>Quisnan</strong></span> 
     </span>
    </p>
   </div>
   <div class='ocr_carea' id='block_1_71' title="bbox 2198 3792 3740 3873">
    <p class='ocr_par' dir='ltr' id='par_1_71' title="bbox 2240 3792 3740 3873">
     <span class='ocr_line' id='line_1_71' title="bbox 2240 3792 3740 3873; baseline 0.003 -21"><span class='ocrx_word' id='word_1_604' title='bbox 2240 3801 2349 3871; x_wconf 82' lang='grc' dir='ltr'><strong>Τὴν</strong></span> <span class='ocrx_word' id='word_1_605' title='bbox 2390 3798 2483 3855; x_wconf 78' lang='grc' dir='ltr'><strong>οὖν</strong></span> <span class='ocrx_word' id='word_1_606' title='bbox 2527 3801 2656 3873; x_wconf 77' lang='grc' dir='ltr'>ὓλην</span> <span class='ocrx_word' id='word_1_607' title='bbox 2688 3800 2771 3865; x_wconf 87' lang='grc' dir='ltr'>τίς</span> <span class='ocrx_word' id='word_1_608' title='bbox 2810 3802 3096 3871; x_wconf 77' lang='grc' dir='ltr'><strong>ἐκούφισεν</strong></span> <span class='ocrx_word' id='word_1_609' title='bbox 3124 3806 3211 3867; x_wconf 84' lang='grc' dir='ltr'>εἰς</span> <span class='ocrx_word' id='word_1_610' title='bbox 3238 3804 3328 3857; x_wconf 83' lang='grc' dir='ltr'><strong>τὸν</strong></span> <span class='ocrx_word' id='word_1_611' title='bbox 3374 3804 3477 3857; x_wconf 83' lang='grc' dir='ltr'><strong>ἄνω</strong></span> <span class='ocrx_word' id='word_1_612' title='bbox 3503 3800 3663 3857; x_wconf 74' lang='grc' dir='ltr'><strong>τόπονς</strong></span> <span class='ocrx_word' id='word_1_613' title='bbox 3684 3792 3740 3845; x_wconf 61' lang='grc' dir='ltr'>Δί</span> 
     </span>
    </p>
   </div>
   <div class='ocr_carea' id='block_1_72' title="bbox 575 3885 2117 3969">
    <p class='ocr_par' dir='ltr' id='par_1_72' title="bbox 575 3892 2117 3969">
     <span class='ocr_line' id='line_1_72' title="bbox 575 3892 2117 3969; baseline -0.003 -18"><span class='ocrx_word' id='word_1_614' title='bbox 575 3897 741 3969; x_wconf 87' lang='lat' dir='ltr'><strong>igitur</strong></span> <span class='ocrx_word' id='word_1_615' title='bbox 773 3896 1051 3952; x_wconf 87' lang='lat' dir='ltr'><strong>materiam</strong></span> <span class='ocrx_word' id='word_1_616' title='bbox 1074 3895 1139 3949; x_wconf 90' lang='lat' dir='ltr'><strong>ad</strong></span> <span class='ocrx_word' id='word_1_617' title='bbox 1172 3910 1466 3964; x_wconf 86' lang='lat' dir='ltr'><strong>supernum</strong></span> <span class='ocrx_word' id='word_1_618' title='bbox 1500 3895 1679 3948; x_wconf 91' lang='lat' dir='ltr'><strong>locum</strong></span> <span class='ocrx_word' id='word_1_619' title='bbox 1712 3894 1905 3950; x_wconf 89' lang='lat' dir='ltr'><strong>levavit</strong></span> <span class='ocrx_word' id='word_1_620' title='bbox 1936 3894 1959 3947; x_wconf 71' lang='grc' dir='ltr'><strong>’ἰ</strong></span> <span class='ocrx_word' id='word_1_621' title='bbox 1998 3892 2117 3947; x_wconf 64' lang='lat' dir='ltr'><strong>Sane</strong></span> 
     </span>
    </p>
   </div>
   <div class='ocr_carea' id='block_1_73' title="bbox 2197 3885 3739 3969">
    <p class='ocr_par' dir='ltr' id='par_1_73' title="bbox 2238 3885 3739 3964">
     <span class='ocr_line' id='line_1_73' title="bbox 2238 3885 3739 3964; baseline -0.021 3"><span class='ocrx_word' id='word_1_622' title='bbox 2238 3893 2408 3964; x_wconf 65' lang='grc' dir='ltr'><strong>αὐτὴν</strong></span> <span class='ocrx_word' id='word_1_623' title='bbox 2443 3894 2538 3963; x_wconf 66' lang='grc' dir='ltr'><strong>μὲν</strong></span> <span class='ocrx_word' id='word_1_624' title='bbox 2570 3892 2677 3963; x_wconf 80' lang='grc' dir='ltr'><strong>γὰρ</strong></span> <span class='ocrx_word' id='word_1_625' title='bbox 2712 3892 2805 3945; x_wconf 67' lang='grc' dir='ltr'>καὶ</span> <span class='ocrx_word' id='word_1_626' title='bbox 2833 3892 2890 3959; x_wconf 75' lang='grc' dir='ltr'>ἐξ</span> <span class='ocrx_word' id='word_1_627' title='bbox 2925 3893 3095 3963; x_wconf 79' lang='grc' dir='ltr'>αὐτῆς</span> <span class='ocrx_word' id='word_1_628' title='bbox 3124 3896 3233 3947; x_wconf 77' lang='grc' dir='ltr'>οὐκ</span> <span class='ocrx_word' id='word_1_629' title='bbox 3274 3893 3339 3947; x_wconf 83' lang='grc' dir='ltr'>ἂν</span> <span class='ocrx_word' id='word_1_630' title='bbox 3382 3893 3562 3946; x_wconf 82' lang='grc' dir='ltr'>κινοῖτο</span> <span class='ocrx_word' id='word_1_631' title='bbox 3584 3885 3739 3951; x_wconf 75' lang='grc' dir='ltr'><strong>ταύτην</strong></span> 
     </span>
    </p>
   </div>
   <div class='ocr_carea' id='block_1_74' title="bbox 571 3976 2113 4061">
    <p class='ocr_par' dir='ltr' id='par_1_74' title="bbox 571 3987 2113 4061">
     <span class='ocr_line' id='line_1_74' title="bbox 571 3987 2113 4061; baseline -0.004 -16"><span class='ocrx_word' id='word_1_632' title='bbox 571 3989 792 4061; x_wconf 90' lang='lat' dir='ltr'><strong>quidem</strong></span> <span class='ocrx_word' id='word_1_633' title='bbox 843 3990 958 4045; x_wconf 91' lang='lat' dir='ltr'><strong>suis</strong></span> <span class='ocrx_word' id='word_1_634' title='bbox 992 3988 1224 4047; x_wconf 82' lang='lat' dir='ltr'><strong>meritis,</strong></span> <span class='ocrx_word' id='word_1_635' title='bbox 1261 4003 1325 4042; x_wconf 89' lang='lat' dir='ltr'><strong>ac</strong></span> <span class='ocrx_word' id='word_1_636' title='bbox 1352 4003 1417 4042; x_wconf 84' lang='lat' dir='ltr'><strong>ex</strong></span> <span class='ocrx_word' id='word_1_637' title='bbox 1447 4003 1505 4042; x_wconf 90' lang='lat' dir='ltr'><strong>se</strong></span> <span class='ocrx_word' id='word_1_638' title='bbox 1542 3988 1681 4058; x_wconf 89' lang='lat' dir='ltr'><strong>ipsa,</strong></span> <span class='ocrx_word' id='word_1_639' title='bbox 1715 4002 1780 4042; x_wconf 92' lang='lat' dir='ltr'><strong>eo</strong></span> <span class='ocrx_word' id='word_1_640' title='bbox 1809 3998 1957 4041; x_wconf 90' lang='lat' dir='ltr'><strong>motu</strong></span> <span class='ocrx_word' id='word_1_641' title='bbox 1993 3987 2113 4040; x_wconf 74' lang='lat' dir='ltr'><strong>baut</strong></span> 
     </span>
    </p>
   </div>
   <div class='ocr_carea' id='block_1_75' title="bbox 2198 3976 3740 4061">
    <p class='ocr_par' dir='ltr' id='par_1_75' title="bbox 2234 3976 3740 4053">
     <span class='ocr_line' id='line_1_75' title="bbox 2234 3976 3740 4053; baseline -0.003 -20"><span class='ocrx_word' id='word_1_642' title='bbox 2234 3982 2331 4053; x_wconf 78' lang='grc' dir='ltr'><strong>τὴν</strong></span> <span class='ocrx_word' id='word_1_643' title='bbox 2357 3981 2588 4050; x_wconf 79' lang='grc' dir='ltr'>κίνησιν,</span> <span class='ocrx_word' id='word_1_644' title='bbox 2619 3982 2784 4051; x_wconf 73' lang='grc' dir='ltr'>αὐτῆς</span> <span class='ocrx_word' id='word_1_645' title='bbox 2816 3982 3192 4053; x_wconf 78' lang='grc' dir='ltr'>ὑπάρχουσαν.</span> <span class='ocrx_word' id='word_1_646' title='bbox 3234 3986 3327 4036; x_wconf 87' lang='grc' dir='ltr'><strong>Δεῖ</strong></span> <span class='ocrx_word' id='word_1_647' title='bbox 3357 3983 3410 4035; x_wconf 79' lang='grc' dir='ltr'><strong>δέ</strong></span> <span class='ocrx_word' id='word_1_648' title='bbox 3450 3978 3596 4048; x_wconf 77' lang='grc' dir='ltr'>αὐτὴν</span> <span class='ocrx_word' id='word_1_649' title='bbox 3639 3976 3740 4027; x_wconf 78' lang='grc' dir='ltr'>ὐπο-</span> 
     </span>
    </p>
   </div>
   <div class='ocr_carea' id='block_1_76' title="bbox 571 4063 2113 4151">
    <p class='ocr_par' dir='ltr' id='par_1_76' title="bbox 571 4080 2110 4151">
     <span class='ocr_line' id='line_1_76' title="bbox 571 4080 2110 4151; baseline -0.001 -16"><span class='ocrx_word' id='word_1_650' title='bbox 571 4090 853 4137; x_wconf 87' lang='lat' dir='ltr'><strong>moveatur</strong></span> <span class='ocrx_word' id='word_1_651' title='bbox 885 4080 978 4151; x_wconf 90' lang='lat' dir='ltr'><strong>qui</strong></span> <span class='ocrx_word' id='word_1_652' title='bbox 1010 4081 1131 4150; x_wconf 82' lang='lat' dir='ltr'><strong>ejus</strong></span> <span class='ocrx_word' id='word_1_653' title='bbox 1170 4080 1299 4149; x_wconf 64' lang='lat' dir='ltr'><strong>ipse</strong></span> <span class='ocrx_word' id='word_1_654' title='bbox 1324 4081 1574 4135; x_wconf 78' lang='lat' dir='ltr'><strong>exsistat.</strong></span> <span class='ocrx_word' id='word_1_655' title='bbox 1615 4080 1848 4135; x_wconf 82' lang='lat' dir='ltr'><strong>Necesse</strong></span> <span class='ocrx_word' id='word_1_656' title='bbox 1880 4096 2009 4135; x_wconf 90' lang='lat' dir='ltr'><strong>vero</strong></span> <span class='ocrx_word' id='word_1_657' title='bbox 2052 4096 2110 4134; x_wconf 89' lang='lat' dir='ltr'><strong>es</strong></span> 
     </span>
    </p>
   </div>
   <div class='ocr_carea' id='block_1_77' title="bbox 2199 4063 3741 4151">
    <p class='ocr_par' dir='ltr' id='par_1_77' title="bbox 2237 4063 3741 4145">
     <span class='ocr_line' id='line_1_77' title="bbox 2237 4063 3741 4145; baseline -0.005 -21"><span class='ocrx_word' id='word_1_658' title='bbox 2237 4075 2414 4143; x_wconf 86' lang='grc' dir='ltr'>μεῖναι</span> <span class='ocrx_word' id='word_1_659' title='bbox 2435 4072 2572 4143; x_wconf 79' lang='grc' dir='ltr'>βίαν,</span> <span class='ocrx_word' id='word_1_660' title='bbox 2603 4073 2690 4126; x_wconf 83' lang='grc' dir='ltr'>ἴνα</span> <span class='ocrx_word' id='word_1_661' title='bbox 2717 4075 2795 4135; x_wconf 80' lang='grc' dir='ltr'>εἰς</span> <span class='ocrx_word' id='word_1_662' title='bbox 2817 4074 2905 4125; x_wconf 77' lang='grc' dir='ltr'><strong>τὸν</strong></span> <span class='ocrx_word' id='word_1_663' title='bbox 2932 4074 3043 4127; x_wconf 76' lang='grc' dir='ltr'><strong>ἄνω</strong></span> <span class='ocrx_word' id='word_1_664' title='bbox 3068 4074 3236 4127; x_wconf 85' lang='grc' dir='ltr'><strong>τόπον</strong></span> <span class='ocrx_word' id='word_1_665' title='bbox 3258 4070 3586 4145; x_wconf 80' lang='grc' dir='ltr'>μετεωρισθῇ,</span> <span class='ocrx_word' id='word_1_666' title='bbox 3606 4063 3741 4119; x_wconf 75' lang='grc' dir='ltr'>καθά-</span> 
     </span>
    </p>
   </div>
   <div class='ocr_carea' id='block_1_78' title="bbox 568 4156 2110 4239">
    <p class='ocr_par' dir='ltr' id='par_1_78' title="bbox 568 4172 2110 4236">
     <span class='ocr_line' id='line_1_78' title="bbox 568 4172 2110 4236; baseline -0.001 -10"><span class='ocrx_word' id='word_1_667' title='bbox 568 4176 679 4230; x_wconf 81' lang='lat' dir='ltr'><strong>vim</strong></span> <span class='ocrx_word' id='word_1_668' title='bbox 708 4177 758 4230; x_wconf 87' lang='lat' dir='ltr'><strong>ei</strong></span> <span class='ocrx_word' id='word_1_669' title='bbox 798 4174 1001 4228; x_wconf 88' lang='lat' dir='ltr'><strong>illatam</strong></span> <span class='ocrx_word' id='word_1_670' title='bbox 1042 4189 1165 4228; x_wconf 87' lang='lat' dir='ltr'><strong>esse</strong></span> <span class='ocrx_word' id='word_1_671' title='bbox 1191 4181 1249 4227; x_wconf 91' lang='lat' dir='ltr'><strong>ut</strong></span> <span class='ocrx_word' id='word_1_672' title='bbox 1275 4188 1491 4227; x_wconf 88' lang='lat' dir='ltr'><strong>sursum</strong></span> <span class='ocrx_word' id='word_1_673' title='bbox 1526 4174 1782 4236; x_wconf 78' lang='lat' dir='ltr'><strong>ferretur,</strong></span> <span class='ocrx_word' id='word_1_674' title='bbox 1813 4172 1954 4227; x_wconf 88' lang='lat' dir='ltr'><strong>haud</strong></span> <span class='ocrx_word' id='word_1_675' title='bbox 1974 4189 2110 4228; x_wconf 82' lang='lat' dir='ltr'><strong>secu:</strong></span> 
     </span>
    </p>
   </div>
   <div class='ocr_carea' id='block_1_79' title="bbox 2200 4156 3742 4239">
    <p class='ocr_par' dir='ltr' id='par_1_79' title="bbox 2234 4156 3742 4239">
     <span class='ocr_line' id='line_1_79' title="bbox 2234 4156 3742 4239; baseline -0.007 -22"><span class='ocrx_word' id='word_1_676' title='bbox 2234 4182 2338 4236; x_wconf 81' lang='grc' dir='ltr'>περ</span> <span class='ocrx_word' id='word_1_677' title='bbox 2364 4166 2391 4216; x_wconf 83' lang='grc' dir='ltr'>ὁ</span> <span class='ocrx_word' id='word_1_678' title='bbox 2419 4164 2562 4227; x_wconf 84' lang='grc' dir='ltr'>λίθος</span> <span class='ocrx_word' id='word_1_679' title='bbox 2590 4165 2683 4218; x_wconf 61' lang='grc' dir='ltr'><strong>καλ⁸</strong></span> <span class='ocrx_word' id='word_1_680' title='bbox 2711 4166 2742 4236; x_wconf 81' lang='grc' dir='ltr'><strong>ἡ</strong></span> <span class='ocrx_word' id='word_1_681' title='bbox 2773 4165 2957 4235; x_wconf 81' lang='grc' dir='ltr'>βῶλος.</span> <span class='ocrx_word' id='word_1_682' title='bbox 3009 4165 3148 4218; x_wconf 74' lang='grc' dir='ltr'>Ἀλλ’</span> <span class='ocrx_word' id='word_1_683' title='bbox 3176 4166 3267 4220; x_wconf 84' lang='grc' dir='ltr'>’ἐτε</span> <span class='ocrx_word' id='word_1_684' title='bbox 3278 4185 3365 4239; x_wconf 87' lang='grc' dir='ltr'>ρον</span> <span class='ocrx_word' id='word_1_685' title='bbox 3402 4166 3487 4237; x_wconf 80' lang='grc' dir='ltr'><strong>μὲν</strong></span> <span class='ocrx_word' id='word_1_686' title='bbox 3509 4160 3636 4215; x_wconf 70' lang='grc' dir='ltr'>οὖδέν</span> <span class='ocrx_word' id='word_1_687' title='bbox 3664 4156 3742 4207; x_wconf 70' lang='grc' dir='ltr'><strong>σὺν</strong></span> 
     </span>
    </p>
   </div>
   <div class='ocr_carea' id='block_1_80' title="bbox 569 4247 2111 4337">
    <p class='ocr_par' dir='ltr' id='par_1_80' title="bbox 569 4263 2111 4337">
     <span class='ocr_line' id='line_1_80' title="bbox 569 4263 2111 4337; baseline -0.002 -16"><span class='ocrx_word' id='word_1_688' title='bbox 569 4282 634 4323; x_wconf 90' lang='lat' dir='ltr'><strong>ac</strong></span> <span class='ocrx_word' id='word_1_689' title='bbox 674 4265 837 4337; x_wconf 89' lang='lat' dir='ltr'><strong>lapidi</strong></span> <span class='ocrx_word' id='word_1_690' title='bbox 865 4273 919 4320; x_wconf 89' lang='lat' dir='ltr'><strong>et</strong></span> <span class='ocrx_word' id='word_1_691' title='bbox 946 4265 1137 4335; x_wconf 54' lang='lat' dir='ltr'><strong>glebae.</strong></span> <span class='ocrx_word' id='word_1_692' title='bbox 1173 4263 1372 4318; x_wconf 82' lang='lat' dir='ltr'><strong>Verum</strong></span> <span class='ocrx_word' id='word_1_693' title='bbox 1426 4265 1562 4318; x_wconf 88' lang='lat' dir='ltr'><strong>nihil</strong></span> <span class='ocrx_word' id='word_1_694' title='bbox 1593 4265 1667 4317; x_wconf 88' lang='lat' dir='ltr'><strong>illi</strong></span> <span class='ocrx_word' id='word_1_695' title='bbox 1712 4279 1834 4318; x_wconf 91' lang='lat' dir='ltr'><strong>cum</strong></span> <span class='ocrx_word' id='word_1_696' title='bbox 1877 4280 1939 4319; x_wconf 88' lang='lat' dir='ltr'><strong>ea</strong></span> <span class='ocrx_word' id='word_1_697' title='bbox 1969 4265 2111 4319; x_wconf 40' lang='lat' dir='ltr'><strong>relin&#39;</strong></span> 
     </span>
    </p>
   </div>
   <div class='ocr_carea' id='block_1_81' title="bbox 2200 4247 3742 4337">
    <p class='ocr_par' dir='ltr' id='par_1_81' title="bbox 2232 4247 3742 4330">
     <span class='ocr_line' id='line_1_81' title="bbox 2232 4247 3742 4330; baseline -0.008 -21"><span class='ocrx_word' id='word_1_698' title='bbox 2232 4257 2368 4327; x_wconf 76' lang='grc' dir='ltr'>αὐτῇ</span> <span class='ocrx_word' id='word_1_699' title='bbox 2400 4256 2770 4325; x_wconf 74' lang='grc' dir='ltr'>ἀπολείπουσι,</span> <span class='ocrx_word' id='word_1_700' title='bbox 2806 4259 2895 4311; x_wconf 78' lang='grc' dir='ltr'><strong>τὸν</strong></span> <span class='ocrx_word' id='word_1_701' title='bbox 2936 4255 3068 4311; x_wconf 85' lang='grc' dir='ltr'>Θεὸν</span> <span class='ocrx_word' id='word_1_702' title='bbox 3109 4256 3190 4311; x_wconf 79' lang='grc' dir='ltr'><strong>δέ.</strong></span> <span class='ocrx_word' id='word_1_703' title='bbox 3241 4260 3464 4330; x_wconf 80' lang='grc' dir='ltr'>Φανερὸν</span> <span class='ocrx_word' id='word_1_704' title='bbox 3496 4249 3575 4306; x_wconf 76' lang='grc' dir='ltr'><strong>οὖν</strong></span> <span class='ocrx_word' id='word_1_705' title='bbox 3600 4247 3654 4301; x_wconf 85' lang='grc' dir='ltr'><strong>τὸ</strong></span> <span class='ocrx_word' id='word_1_706' title='bbox 3690 4248 3742 4297; x_wconf 80' lang='grc' dir='ltr'><strong>ἐκ</strong></span> 
     </span>
    </p>
   </div>
   <div class='ocr_carea' id='block_1_82' title="bbox 566 4337 2108 4430">
    <p class='ocr_par' dir='ltr' id='par_1_82' title="bbox 566 4355 2108 4430">
     <span class='ocr_line' id='line_1_82' title="bbox 566 4355 2108 4430; baseline -0.002 -17"><span class='ocrx_word' id='word_1_707' title='bbox 566 4365 763 4430; x_wconf 89' lang='lat' dir='ltr'><strong>quunt,</strong></span> <span class='ocrx_word' id='word_1_708' title='bbox 797 4364 988 4426; x_wconf 59' lang='lat' dir='ltr'><strong>praeter</strong></span> <span class='ocrx_word' id='word_1_709' title='bbox 1017 4356 1207 4411; x_wconf 90' lang='lat' dir='ltr'><strong>Deum.</strong></span> <span class='ocrx_word' id='word_1_710' title='bbox 1247 4355 1591 4410; x_wconf 80' lang='lat' dir='ltr'><strong>Manifestum</strong></span> <span class='ocrx_word' id='word_1_711' title='bbox 1626 4355 1789 4425; x_wconf 79' lang='lat' dir='ltr'><strong>igitur</strong></span> <span class='ocrx_word' id='word_1_712' title='bbox 1841 4356 1973 4424; x_wconf 82' lang='lat' dir='ltr'><strong>quid</strong></span> <span class='ocrx_word' id='word_1_713' title='bbox 2004 4355 2108 4410; x_wconf 63' lang='lat' dir='ltr'><strong>ind:</strong></span> 
     </span>
    </p>
   </div>
   <div class='ocr_carea' id='block_1_83' title="bbox 2200 4337 3742 4430">
    <p class='ocr_par' dir='ltr' id='par_1_83' title="bbox 2231 4337 3742 4419">
     <span class='ocr_line' id='line_1_83' title="bbox 2231 4337 3742 4419; baseline 0.004 -18"><span class='ocrx_word' id='word_1_714' title='bbox 2231 4349 2325 4402; x_wconf 76' lang='grc' dir='ltr'><strong>τοῦ</strong></span> <span class='ocrx_word' id='word_1_715' title='bbox 2366 4350 2522 4418; x_wconf 71' lang='grc' dir='ltr'><strong>λόγου</strong></span> <span class='ocrx_word' id='word_1_716' title='bbox 2565 4351 2858 4419; x_wconf 76' lang='grc' dir='ltr'><strong>συμϐαῖνον</strong></span> <span class='ocrx_word' id='word_1_717' title='bbox 2878 4368 2890 4381; x_wconf 88' lang='grc'><strong>·</strong></span> <span class='ocrx_word' id='word_1_718' title='bbox 2933 4351 3036 4413; x_wconf 84' lang='grc' dir='ltr'>ὅτι,</span> <span class='ocrx_word' id='word_1_719' title='bbox 3068 4354 3196 4403; x_wconf 78' lang='grc' dir='ltr'><strong>κατ’</strong></span> <span class='ocrx_word' id='word_1_720' title='bbox 3239 4354 3445 4414; x_wconf 77' lang='grc' dir='ltr'>αὐτοὺς,</span> <span class='ocrx_word' id='word_1_721' title='bbox 3474 4350 3499 4399; x_wconf 82' lang='grc' dir='ltr'><strong>ὁ</strong></span> <span class='ocrx_word' id='word_1_722' title='bbox 3525 4343 3639 4405; x_wconf 80' lang='grc' dir='ltr'><strong>Θεὸς</strong></span> 
     </span>
    </p>
   </div>
   <div class='ocr_carea' id='block_1_84' title="bbox 566 4436 2108 4517">
    <p class='ocr_par' dir='ltr' id='par_1_84' title="bbox 566 4447 2108 4516">
     <span class='ocr_line' id='line_1_84' title="bbox 566 4447 2108 4516; baseline -0.004 -9"><span class='ocrx_word' id='word_1_723' title='bbox 566 4449 933 4507; x_wconf 81' lang='lat' dir='ltr'><strong>conﬁciatur:</strong></span> <span class='ocrx_word' id='word_1_724' title='bbox 989 4448 1157 4503; x_wconf 88' lang='lat' dir='ltr'><strong>Deum</strong></span> <span class='ocrx_word' id='word_1_725' title='bbox 1205 4448 1434 4509; x_wconf 90' lang='lat' dir='ltr'><strong>scilicet,</strong></span> <span class='ocrx_word' id='word_1_726' title='bbox 1471 4455 1532 4500; x_wconf 89' lang='lat' dir='ltr'><strong>ut</strong></span> <span class='ocrx_word' id='word_1_727' title='bbox 1561 4447 1662 4516; x_wconf 85' lang='lat' dir='ltr'><strong>ipsi</strong></span> <span class='ocrx_word' id='word_1_728' title='bbox 1713 4447 2045 4510; x_wconf 77' lang='lat' dir='ltr'><strong>existimant,</strong></span> <span class='ocrx_word' id='word_1_729' title='bbox 2078 4464 2108 4501; x_wconf 78' lang='grc' dir='ltr'><strong>ν</strong></span> 
     </span>
    </p>
   </div>
   <div class='ocr_carea' id='block_1_85' title="bbox 2113 4436 3655 4517">
    <p class='ocr_par' dir='ltr' id='par_1_85' title="bbox 2113 4436 3655 4517">
     <span class='ocr_line' id='line_1_85' title="bbox 2113 4436 3655 4517; baseline -0.007 -16"><span class='ocrx_word' id='word_1_730' title='bbox 2113 4448 2129 4501; x_wconf 89' lang='lat' dir='ltr'><strong>i</strong></span> <span class='ocrx_word' id='word_1_731' title='bbox 2161 4449 2207 4507; x_wconf 89' lang='lat' dir='ltr'><strong>D</strong></span> <span class='ocrx_word' id='word_1_732' title='bbox 2233 4446 2325 4497; x_wconf 80' lang='grc' dir='ltr'><strong>καὶ</strong></span> <span class='ocrx_word' id='word_1_733' title='bbox 2357 4445 2568 4517; x_wconf 71' lang='grc' dir='ltr'><strong>ἀνάγκη</strong></span> <span class='ocrx_word' id='word_1_734' title='bbox 2594 4444 2794 4516; x_wconf 81' lang='grc' dir='ltr'>ταύτην</span> <span class='ocrx_word' id='word_1_735' title='bbox 2826 4443 3095 4515; x_wconf 77' lang='grc' dir='ltr'><strong>μετέωρον</strong></span> <span class='ocrx_word' id='word_1_736' title='bbox 3127 4446 3385 4516; x_wconf 79' lang='grc' dir='ltr'>ἐποίησεν</span> <span class='ocrx_word' id='word_1_737' title='bbox 3412 4444 3478 4506; x_wconf 86' lang='grc' dir='ltr'>ὠς</span> <span class='ocrx_word' id='word_1_738' title='bbox 3502 4436 3655 4491; x_wconf 77' lang='grc' dir='ltr'><strong>αὐτόν.</strong></span> 
     </span>
    </p>
   </div>
   <div class='ocr_carea' id='block_1_86' title="bbox 566 4540 2128 4611">
    <p class='ocr_par' dir='ltr' id='par_1_86' title="bbox 566 4540 2128 4611">
     <span class='ocr_line' id='line_1_86' title="bbox 566 4540 2128 4611; baseline -0.003 -13"><span class='ocrx_word' id='word_1_739' title='bbox 566 4558 630 4598; x_wconf 91' lang='lat' dir='ltr'><strong>ac</strong></span> <span class='ocrx_word' id='word_1_740' title='bbox 660 4542 1006 4606; x_wconf 88' lang='lat' dir='ltr'><strong>necessitate,</strong></span> <span class='ocrx_word' id='word_1_741' title='bbox 1036 4541 1217 4611; x_wconf 90' lang='lat' dir='ltr'><strong>ipsum</strong></span> <span class='ocrx_word' id='word_1_742' title='bbox 1232 4540 1299 4594; x_wconf 87' lang='lat' dir='ltr'><strong>ad</strong></span> <span class='ocrx_word' id='word_1_743' title='bbox 1325 4554 1385 4596; x_wconf 91' lang='lat' dir='ltr'><strong>se</strong></span> <span class='ocrx_word' id='word_1_744' title='bbox 1417 4540 1697 4595; x_wconf 88' lang='lat' dir='ltr'><strong>materiam</strong></span> <span class='ocrx_word' id='word_1_745' title='bbox 1728 4540 2014 4595; x_wconf 86' lang='lat' dir='ltr'><strong>sublimem</strong></span> <span class='ocrx_word' id='word_1_746' title='bbox 2048 4541 2128 4594; x_wconf 87' lang='lat' dir='ltr'><strong>le-</strong></span> 
     </span>
    </p>
   </div>
   <div class='ocr_carea' id='block_1_87' title="bbox 563 4652 743 4694">
    <p class='ocr_par' dir='ltr' id='par_1_87' title="bbox 563 4652 743 4694">
     <span class='ocr_line' id='line_1_87' title="bbox 563 4652 743 4694; baseline -0.011 -1"><span class='ocrx_word' id='word_1_747' title='bbox 563 4652 743 4694; x_wconf 72' lang='lat' dir='ltr'><strong>V8558.</strong></span> 
     </span>
    </p>
   </div>
   <div class='ocr_carea' id='block_1_88' title="bbox 632 4701 2174 4798">
    <p class='ocr_par' dir='ltr' id='par_1_88' title="bbox 632 4724 2127 4798">
     <span class='ocr_line' id='line_1_88' title="bbox 632 4724 2127 4798; baseline -0.005 -15"><span class='ocrx_word' id='word_1_748' title='bbox 632 4729 818 4798; x_wconf 78' lang='lat' dir='ltr'><strong>Atqui,</strong></span> <span class='ocrx_word' id='word_1_749' title='bbox 850 4728 895 4783; x_wconf 92' lang='lat' dir='ltr'><strong>si</strong></span> <span class='ocrx_word' id='word_1_750' title='bbox 925 4728 1125 4781; x_wconf 90' lang='lat' dir='ltr'><strong>malum</strong></span> <span class='ocrx_word' id='word_1_751' title='bbox 1161 4724 1384 4779; x_wconf 90' lang='lat' dir='ltr'><strong>materia</strong></span> <span class='ocrx_word' id='word_1_752' title='bbox 1407 4731 1511 4787; x_wconf 88' lang='lat' dir='ltr'><strong>est,</strong></span> <span class='ocrx_word' id='word_1_753' title='bbox 1566 4724 1787 4778; x_wconf 91' lang='lat' dir='ltr'><strong>omnino</strong></span> <span class='ocrx_word' id='word_1_754' title='bbox 1816 4725 1979 4778; x_wconf 86' lang='lat' dir='ltr'><strong>etiam</strong></span> <span class='ocrx_word' id='word_1_755' title='bbox 2011 4739 2127 4776; x_wconf 87' lang='lat' dir='ltr'><strong>ma-</strong></span> 
     </span>
    </p>
   </div>
   <div class='ocr_carea' id='block_1_89' title="bbox 2195 4701 3737 4798">
    <p class='ocr_par' dir='ltr' id='par_1_89' title="bbox 2303 4701 3737 4798">
     <span class='ocr_line' id='line_1_89' title="bbox 2303 4701 3737 4798; baseline -0.009 -24"><span class='ocrx_word' id='word_1_756' title='bbox 2303 4723 2411 4774; x_wconf 67' lang='grc' dir='ltr'>Καὶ</span> <span class='ocrx_word' id='word_1_757' title='bbox 2444 4738 2568 4792; x_wconf 81' lang='grc' dir='ltr'><strong>μην,</strong></span> <span class='ocrx_word' id='word_1_758' title='bbox 2600 4723 2647 4773; x_wconf 89' lang='grc' dir='ltr'>εἰ</span> <span class='ocrx_word' id='word_1_759' title='bbox 2671 4723 2837 4773; x_wconf 73' lang='grc' dir='ltr'>κακὸν</span> <span class='ocrx_word' id='word_1_760' title='bbox 2866 4735 2898 4790; x_wconf 87' lang='grc' dir='ltr'><strong>η</strong></span> <span class='ocrx_word' id='word_1_761' title='bbox 2931 4720 3051 4789; x_wconf 73' lang='grc' dir='ltr'>ὕλη,</span> <span class='ocrx_word' id='word_1_762' title='bbox 3082 4720 3305 4784; x_wconf 77' lang='grc' dir='ltr'><strong>πάντως</strong></span> <span class='ocrx_word' id='word_1_763' title='bbox 3336 4734 3434 4771; x_wconf 83' lang='grc' dir='ltr'>που</span> <span class='ocrx_word' id='word_1_764' title='bbox 3464 4705 3588 4767; x_wconf 77' lang='grc' dir='ltr'>εἰσὶν</span> <span class='ocrx_word' id='word_1_765' title='bbox 3609 4701 3737 4798; x_wconf 58' lang='grc' dir='ltr'>αύτῆς</span> 
     </span>
    </p>
   </div>
   <div class='ocr_carea' id='block_1_90' title="bbox 563 4793 2105 4889">
    <p class='ocr_par' dir='ltr' id='par_1_90' title="bbox 563 4793 2105 4889">
     <span class='ocr_line' id='line_1_90' title="bbox 563 4793 2105 4889; baseline -0.006 -12"><span class='ocrx_word' id='word_1_766' title='bbox 563 4823 631 4877; x_wconf 67' lang='grc' dir='ltr'>ιω</span> <span class='ocrx_word' id='word_1_767' title='bbox 656 4793 786 4877; x_wconf 77' lang='lat' dir='ltr'><strong>sunt</strong></span> <span class='ocrx_word' id='word_1_768' title='bbox 815 4821 936 4889; x_wconf 83' lang='lat' dir='ltr'><strong>ejus</strong></span> <span class='ocrx_word' id='word_1_769' title='bbox 987 4817 1363 4889; x_wconf 88' lang='lat' dir='ltr'><strong>appetitiones.</strong></span> <span class='ocrx_word' id='word_1_770' title='bbox 1405 4816 1500 4869; x_wconf 87' lang='lat' dir='ltr'><strong>Est</strong></span> <span class='ocrx_word' id='word_1_771' title='bbox 1527 4830 1657 4869; x_wconf 82' lang='lat' dir='ltr'><strong>vero</strong></span> <span class='ocrx_word' id='word_1_772' title='bbox 1706 4815 1834 4869; x_wconf 87' lang='lat' dir='ltr'><strong>mali</strong></span> <span class='ocrx_word' id='word_1_773' title='bbox 1868 4815 2105 4884; x_wconf 74' lang='lat' dir='ltr'><strong>appetitu</strong></span> 
     </span>
    </p>
   </div>
   <div class='ocr_carea' id='block_1_91' title="bbox 2194 4793 3736 4889">
    <p class='ocr_par' dir='ltr' id='par_1_91' title="bbox 2234 4793 3736 4886">
     <span class='ocr_line' id='line_1_91' title="bbox 2234 4793 3736 4886; baseline -0.013 -21"><span class='ocrx_word' id='word_1_774' title='bbox 2234 4814 2326 4865; x_wconf 75' lang='grc' dir='ltr'><strong>καὶ</strong></span> <span class='ocrx_word' id='word_1_775' title='bbox 2350 4812 2553 4882; x_wconf 75' lang='grc' dir='ltr'><strong>ὀρέξεις</strong></span> <span class='ocrx_word' id='word_1_776' title='bbox 2585 4812 2848 4865; x_wconf 78' lang='grc' dir='ltr'>τοιαῦται.</span> <span class='ocrx_word' id='word_1_777' title='bbox 2884 4813 3039 4864; x_wconf 85' lang='grc' dir='ltr'>Ἔστι</span> <span class='ocrx_word' id='word_1_778' title='bbox 3075 4812 3133 4865; x_wconf 81' lang='grc' dir='ltr'><strong>δὲ</strong></span> <span class='ocrx_word' id='word_1_779' title='bbox 3164 4813 3198 4882; x_wconf 83' lang='grc' dir='ltr'><strong>ή</strong></span> <span class='ocrx_word' id='word_1_780' title='bbox 3232 4813 3331 4881; x_wconf 84' lang='grc' dir='ltr'><strong>μὲν</strong></span> <span class='ocrx_word' id='word_1_781' title='bbox 3357 4805 3446 4861; x_wconf 73' lang='grc' dir='ltr'><strong>τοῦ</strong></span> <span class='ocrx_word' id='word_1_782' title='bbox 3475 4796 3622 4858; x_wconf 74' lang='grc' dir='ltr'>κακοῦ</span> <span class='ocrx_word' id='word_1_783' title='bbox 3644 4793 3736 4886; x_wconf 50' lang='grc' dir='ltr'><strong>όρεῖ</strong></span> 
     </span>
    </p>
   </div>
   <div class='ocr_carea' id='block_1_92' title="bbox 562 4886 2104 4984">
    <p class='ocr_par' dir='ltr' id='par_1_92' title="bbox 562 4886 2100 4979">
     <span class='ocr_line' id='line_1_92' title="bbox 562 4886 2100 4979; baseline -0.006 -11"><span class='ocrx_word' id='word_1_784' title='bbox 562 4914 706 4968; x_wconf 85' lang='lat' dir='ltr'><strong>mala</strong></span> <span class='ocrx_word' id='word_1_785' title='bbox 738 4930 752 4979; x_wconf 92' lang='lat'>;</span> <span class='ocrx_word' id='word_1_786' title='bbox 790 4886 917 4967; x_wconf 84' lang='lat' dir='ltr'><strong>boni</strong></span> <span class='ocrx_word' id='word_1_787' title='bbox 946 4886 1073 4967; x_wconf 77' lang='lat' dir='ltr'><strong>vero</strong></span> <span class='ocrx_word' id='word_1_788' title='bbox 1101 4918 1264 4978; x_wconf 86' lang='lat' dir='ltr'><strong>atque</strong></span> <span class='ocrx_word' id='word_1_789' title='bbox 1286 4908 1519 4975; x_wconf 88' lang='lat' dir='ltr'><strong>honesti,</strong></span> <span class='ocrx_word' id='word_1_790' title='bbox 1546 4908 1664 4977; x_wconf 80' lang='lat' dir='ltr'><strong>ipsa</strong></span> <span class='ocrx_word' id='word_1_791' title='bbox 1699 4906 1849 4961; x_wconf 86' lang='lat' dir='ltr'><strong>valde</strong></span> <span class='ocrx_word' id='word_1_792' title='bbox 1871 4906 2100 4960; x_wconf 85' lang='lat' dir='ltr'><strong>honesta</strong></span> 
     </span>
    </p>
   </div>
   <div class='ocr_carea' id='block_1_93' title="bbox 2192 4886 3734 4984">
    <p class='ocr_par' dir='ltr' id='par_1_93' title="bbox 2235 4886 3734 4984">
     <span class='ocr_line' id='line_1_93' title="bbox 2235 4886 3734 4984; baseline -0.017 -13"><span class='ocrx_word' id='word_1_793' title='bbox 2235 4904 2314 4971; x_wconf 71' lang='grc' dir='ltr'><strong>ξες</strong></span> <span class='ocrx_word' id='word_1_794' title='bbox 2337 4904 2510 4975; x_wconf 80' lang='grc' dir='ltr'>φαύλη</span> <span class='ocrx_word' id='word_1_795' title='bbox 2532 4921 2545 4933; x_wconf 87' lang='grc'>⁶</span> <span class='ocrx_word' id='word_1_796' title='bbox 2579 4906 2611 4975; x_wconf 82' lang='grc' dir='ltr'><strong>ἡ</strong></span> <span class='ocrx_word' id='word_1_797' title='bbox 2642 4904 2697 4957; x_wconf 84' lang='grc' dir='ltr'>δὲ</span> <span class='ocrx_word' id='word_1_798' title='bbox 2724 4903 2817 4955; x_wconf 77' lang='grc' dir='ltr'><strong>τοῦ</strong></span> <span class='ocrx_word' id='word_1_799' title='bbox 2855 4902 3020 4956; x_wconf 83' lang='grc' dir='ltr'>καλοῦ</span> <span class='ocrx_word' id='word_1_800' title='bbox 3052 4903 3196 4955; x_wconf 83' lang='grc' dir='ltr'>πάνυ</span> <span class='ocrx_word' id='word_1_801' title='bbox 3233 4892 3583 4984; x_wconf 49' lang='grc' dir='ltr'>σπουδαίαλεξ</span> 
     </span>
    </p>
   </div>
   <div class='ocr_carea' id='block_1_94' title="bbox 565 4982 2107 5074">
    <p class='ocr_par' dir='ltr' id='par_1_94' title="bbox 565 4997 2107 5074">
     <span class='ocr_line' id='line_1_94' title="bbox 565 4997 2107 5074; baseline -0.005 -15"><span class='ocrx_word' id='word_1_802' title='bbox 565 5003 844 5074; x_wconf 86' lang='lat' dir='ltr'><strong>Siquidem</strong></span> <span class='ocrx_word' id='word_1_803' title='bbox 878 5003 1044 5074; x_wconf 84' lang='lat' dir='ltr'><strong>igitur</strong></span> <span class='ocrx_word' id='word_1_804' title='bbox 1088 5002 1317 5057; x_wconf 86' lang='lat' dir='ltr'><strong>materia</strong></span> <span class='ocrx_word' id='word_1_805' title='bbox 1348 5000 1489 5072; x_wconf 91' lang='lat' dir='ltr'><strong>quod</strong></span> <span class='ocrx_word' id='word_1_806' title='bbox 1546 4997 1889 5068; x_wconf 87' lang='lat' dir='ltr'><strong>splendidum</strong></span> <span class='ocrx_word' id='word_1_807' title='bbox 1918 5004 2004 5052; x_wconf 89' lang='lat' dir='ltr'><strong>est</strong></span> <span class='ocrx_word' id='word_1_808' title='bbox 2038 4998 2107 5051; x_wconf 91' lang='lat' dir='ltr'><strong>lu-</strong></span> 
     </span>
    </p>
   </div>
   <div class='ocr_carea' id='block_1_95' title="bbox 2189 4982 3731 5074">
    <p class='ocr_par' dir='ltr' id='par_1_95' title="bbox 2232 4982 3731 5074">
     <span class='ocr_line' id='line_1_95' title="bbox 2232 4982 3731 5074; baseline -0.003 -27"><span class='ocrx_word' id='word_1_809' title='bbox 2232 4994 2483 5067; x_wconf 86' lang='grc' dir='ltr'>λαμπροῦ</span> <span class='ocrx_word' id='word_1_810' title='bbox 2542 4998 2634 5049; x_wconf 76' lang='grc' dir='ltr'><strong>καὶ</strong></span> <span class='ocrx_word' id='word_1_811' title='bbox 2688 4995 2782 5048; x_wconf 81' lang='grc' dir='ltr'><strong>τοῦ</strong></span> <span class='ocrx_word' id='word_1_812' title='bbox 2828 4995 3005 5064; x_wconf 83' lang='grc' dir='ltr'><strong>φωτὸς</strong></span> <span class='ocrx_word' id='word_1_813' title='bbox 3052 4993 3405 5064; x_wconf 82' lang='grc' dir='ltr'>ἐπεθύμησεν</span> <span class='ocrx_word' id='word_1_814' title='bbox 3468 4990 3499 5058; x_wconf 84' lang='grc' dir='ltr'>ἡ</span> <span class='ocrx_word' id='word_1_815' title='bbox 3542 4982 3652 5074; x_wconf 69' lang='grc' dir='ltr'><strong>ὕλη,</strong></span> <span class='ocrx_word' id='word_1_816' title='bbox 3689 4982 3731 5022; x_wconf 60' lang='grc' dir='ltr'>ου</span> 
     </span>
    </p>
   </div>
   <div class='ocr_carea' id='block_1_96' title="bbox 560 5073 2102 5163">
    <p class='ocr_par' dir='ltr' id='par_1_96' title="bbox 560 5073 2090 5163">
     <span class='ocr_line' id='line_1_96' title="bbox 560 5073 2090 5163; baseline -0.003 -16"><span class='ocrx_word' id='word_1_817' title='bbox 560 5073 787 5163; x_wconf 87' lang='lat' dir='ltr'><strong>cemque</strong></span> <span class='ocrx_word' id='word_1_818' title='bbox 825 5073 1157 5162; x_wconf 89' lang='lat' dir='ltr'><strong>concupivit,</strong></span> <span class='ocrx_word' id='word_1_819' title='bbox 1192 5090 1337 5145; x_wconf 83' lang='lat' dir='ltr'><strong>haud</strong></span> <span class='ocrx_word' id='word_1_820' title='bbox 1367 5092 1505 5144; x_wconf 90' lang='lat' dir='ltr'><strong>mala</strong></span> <span class='ocrx_word' id='word_1_821' title='bbox 1534 5090 1653 5159; x_wconf 90' lang='lat' dir='ltr'><strong>ejus</strong></span> <span class='ocrx_word' id='word_1_822' title='bbox 1692 5088 1965 5159; x_wconf 87' lang='lat' dir='ltr'><strong>cupiditas</strong></span> <span class='ocrx_word' id='word_1_823' title='bbox 2008 5096 2090 5143; x_wconf 89' lang='lat' dir='ltr'><strong>est</strong></span> 
     </span>
    </p>
   </div>
   <div class='ocr_carea' id='block_1_97' title="bbox 2191 5073 3733 5163">
    <p class='ocr_par' dir='ltr' id='par_1_97' title="bbox 2231 5073 3733 5157">
     <span class='ocr_line' id='line_1_97' title="bbox 2231 5073 3733 5157; baseline -0.019 -3"><span class='ocrx_word' id='word_1_824' title='bbox 2231 5085 2406 5156; x_wconf 74' lang='grc' dir='ltr'>φαύλη</span> <span class='ocrx_word' id='word_1_825' title='bbox 2452 5089 2484 5157; x_wconf 80' lang='grc' dir='ltr'><strong>ἡ</strong></span> <span class='ocrx_word' id='word_1_826' title='bbox 2529 5086 2826 5157; x_wconf 80' lang='grc' dir='ltr'>ἐπιθυμία·</span> <span class='ocrx_word' id='word_1_827' title='bbox 2881 5085 3129 5156; x_wconf 86' lang='grc' dir='ltr'>καθάπερ</span> <span class='ocrx_word' id='word_1_828' title='bbox 3169 5085 3293 5138; x_wconf 84' lang='grc' dir='ltr'><strong>ούδέ</strong></span> <span class='ocrx_word' id='word_1_829' title='bbox 3326 5085 3373 5137; x_wconf 82' lang='grc' dir='ltr'>εξ</span> <span class='ocrx_word' id='word_1_830' title='bbox 3413 5084 3467 5134; x_wconf 87' lang='grc' dir='ltr'>ἐν</span> <span class='ocrx_word' id='word_1_831' title='bbox 3501 5073 3643 5141; x_wconf 65' lang='grc' dir='ltr'>κακίᾳ</span> <span class='ocrx_word' id='word_1_832' title='bbox 3673 5076 3733 5122; x_wconf 72' lang='grc' dir='ltr'><strong>τις</strong></span> 
     </span>
    </p>
   </div>
   <div class='ocr_carea' id='block_1_98' title="bbox 562 5163 2104 5263">
    <p class='ocr_par' dir='ltr' id='par_1_98' title="bbox 562 5183 2104 5254">
     <span class='ocr_line' id='line_1_98' title="bbox 562 5183 2104 5254; baseline -0.003 -16"><span class='ocrx_word' id='word_1_833' title='bbox 562 5193 622 5238; x_wconf 91' lang='lat' dir='ltr'><strong>ut</strong></span> <span class='ocrx_word' id='word_1_834' title='bbox 645 5199 823 5254; x_wconf 89' lang='lat' dir='ltr'><strong>neque</strong></span> <span class='ocrx_word' id='word_1_835' title='bbox 853 5184 900 5238; x_wconf 89' lang='lat' dir='ltr'><strong>si</strong></span> <span class='ocrx_word' id='word_1_836' title='bbox 927 5184 1050 5253; x_wconf 89' lang='lat' dir='ltr'><strong>quis</strong></span> <span class='ocrx_word' id='word_1_837' title='bbox 1084 5184 1273 5238; x_wconf 81' lang='lat' dir='ltr'><strong>vitiose</strong></span> <span class='ocrx_word' id='word_1_838' title='bbox 1317 5184 1483 5237; x_wconf 89' lang='lat' dir='ltr'><strong>vitam</strong></span> <span class='ocrx_word' id='word_1_839' title='bbox 1541 5183 1831 5236; x_wconf 84' lang='lat' dir='ltr'><strong>traducens</strong></span> <span class='ocrx_word' id='word_1_840' title='bbox 1863 5220 1878 5245; x_wconf 94' lang='lat'><strong>,</strong></span> <span class='ocrx_word' id='word_1_841' title='bbox 1932 5189 2104 5251; x_wconf 82' lang='lat' dir='ltr'><strong>poste:</strong></span> 
     </span>
    </p>
   </div>
   <div class='ocr_carea' id='block_1_99' title="bbox 2191 5163 3733 5263">
    <p class='ocr_par' dir='ltr' id='par_1_99' title="bbox 2227 5163 3733 5259">
     <span class='ocr_line' id='line_1_99' title="bbox 2227 5163 3733 5259; baseline -0.021 -18"><span class='ocrx_word' id='word_1_842' title='bbox 2227 5177 2358 5241; x_wconf 71' lang='grc' dir='ltr'><strong>ζῶν,</strong></span> <span class='ocrx_word' id='word_1_843' title='bbox 2393 5178 2527 5248; x_wconf 78' lang='grc' dir='ltr'>μετὰ</span> <span class='ocrx_word' id='word_1_844' title='bbox 2546 5178 2717 5232; x_wconf 75' lang='grc' dir='ltr'><strong>ταῦτα</strong></span> <span class='ocrx_word' id='word_1_845' title='bbox 2741 5196 2868 5231; x_wconf 87' lang='grc' dir='ltr'>ποτε</span> <span class='ocrx_word' id='word_1_846' title='bbox 2897 5178 3292 5248; x_wconf 77' lang='grc' dir='ltr'>ἐπιθυμήσειεν</span> <span class='ocrx_word' id='word_1_847' title='bbox 3321 5172 3528 5247; x_wconf 82' lang='grc' dir='ltr'>ἀρετῆς.</span> <span class='ocrx_word' id='word_1_848' title='bbox 3553 5163 3733 5259; x_wconf 46' lang='grc' dir='ltr'>Τούναιῗ-</span> 
     </span>
    </p>
   </div>
   <div class='ocr_carea' id='block_1_100' title="bbox 562 5263 2104 5340">
    <p class='ocr_par' dir='ltr' id='par_1_100' title="bbox 562 5271 2097 5331">
     <span class='ocr_line' id='line_1_100' title="bbox 562 5271 2097 5331; baseline -0.001 -3"><span class='ocrx_word' id='word_1_849' title='bbox 562 5274 777 5330; x_wconf 89' lang='lat' dir='ltr'><strong>tandem</strong></span> <span class='ocrx_word' id='word_1_850' title='bbox 810 5276 1027 5331; x_wconf 88' lang='lat' dir='ltr'><strong>virtutis</strong></span> <span class='ocrx_word' id='word_1_851' title='bbox 1081 5275 1352 5330; x_wconf 88' lang='lat' dir='ltr'><strong>desiderio</strong></span> <span class='ocrx_word' id='word_1_852' title='bbox 1403 5275 1686 5329; x_wconf 78' lang='lat' dir='ltr'><strong>exarserit.</strong></span> <span class='ocrx_word' id='word_1_853' title='bbox 1747 5271 1918 5329; x_wconf 85' lang='lat' dir='ltr'><strong>Secus</strong></span> <span class='ocrx_word' id='word_1_854' title='bbox 1969 5289 2097 5328; x_wconf 86' lang='lat' dir='ltr'><strong>vero</strong></span> 
     </span>
    </p>
   </div>
   <div class='ocr_carea' id='block_1_101' title="bbox 2190 5263 3732 5340">
    <p class='ocr_par' dir='ltr' id='par_1_101' title="bbox 2225 5263 3732 5340">
     <span class='ocr_line' id='line_1_101' title="bbox 2225 5263 3732 5340; baseline -0.001 -19"><span class='ocrx_word' id='word_1_855' title='bbox 2225 5269 2339 5321; x_wconf 77' lang='grc' dir='ltr'><strong>τίον</strong></span> <span class='ocrx_word' id='word_1_856' title='bbox 2370 5269 2497 5339; x_wconf 78' lang='grc' dir='ltr'>γὰρ,</span> <span class='ocrx_word' id='word_1_857' title='bbox 2530 5269 2586 5321; x_wconf 82' lang='grc' dir='ltr'><strong>ἐν</strong></span> <span class='ocrx_word' id='word_1_858' title='bbox 2628 5268 2928 5340; x_wconf 77' lang='grc' dir='ltr'>ἐγκλήματι</span> <span class='ocrx_word' id='word_1_859' title='bbox 2960 5269 3023 5321; x_wconf 87' lang='grc' dir='ltr'><strong>τὸ</strong></span> <span class='ocrx_word' id='word_1_860' title='bbox 3057 5265 3349 5320; x_wconf 80' lang='grc' dir='ltr'>σπουδαῖόν</span> <span class='ocrx_word' id='word_1_861' title='bbox 3386 5279 3499 5318; x_wconf 81' lang='grc' dir='ltr'>τινα</span> <span class='ocrx_word' id='word_1_862' title='bbox 3535 5273 3613 5310; x_wconf 74' lang='grc' dir='ltr'><strong>του</strong></span> <span class='ocrx_word' id='word_1_863' title='bbox 3635 5263 3732 5340; x_wconf 54' lang='grc' dir='ltr'><strong>φαῖν’</strong></span> 
     </span>
    </p>
   </div>
   <div class='ocr_carea' id='block_1_102' title="bbox 560 5336 2102 5441">
    <p class='ocr_par' dir='ltr' id='par_1_102' title="bbox 560 5365 2093 5437">
     <span class='ocr_line' id='line_1_102' title="bbox 560 5365 2093 5437; baseline -0.001 -17"><span class='ocrx_word' id='word_1_864' title='bbox 560 5366 704 5421; x_wconf 87' lang='lat' dir='ltr'><strong>haud</strong></span> <span class='ocrx_word' id='word_1_865' title='bbox 726 5376 881 5422; x_wconf 89' lang='lat' dir='ltr'><strong>vacat</strong></span> <span class='ocrx_word' id='word_1_866' title='bbox 908 5368 1158 5431; x_wconf 88' lang='lat' dir='ltr'><strong>crimine,</strong></span> <span class='ocrx_word' id='word_1_867' title='bbox 1191 5367 1237 5422; x_wconf 91' lang='lat' dir='ltr'><strong>si</strong></span> <span class='ocrx_word' id='word_1_868' title='bbox 1267 5367 1391 5437; x_wconf 89' lang='lat' dir='ltr'><strong>quis</strong></span> <span class='ocrx_word' id='word_1_869' title='bbox 1423 5368 1704 5422; x_wconf 88' lang='lat' dir='ltr'><strong>studiosus</strong></span> <span class='ocrx_word' id='word_1_870' title='bbox 1734 5365 1788 5419; x_wconf 90' lang='lat' dir='ltr'><strong>in</strong></span> <span class='ocrx_word' id='word_1_871' title='bbox 1819 5366 1944 5419; x_wconf 87' lang='lat' dir='ltr'><strong>mali</strong></span> <span class='ocrx_word' id='word_1_872' title='bbox 1975 5365 2093 5422; x_wconf 87' lang='lat' dir='ltr'><strong>desi</strong></span> 
     </span>
    </p>
   </div>
   <div class='ocr_carea' id='block_1_103' title="bbox 2190 5336 3732 5441">
    <p class='ocr_par' dir='ltr' id='par_1_103' title="bbox 2226 5336 3732 5441">
     <span class='ocr_line' id='line_1_103' title="bbox 2226 5336 3732 5441; baseline -0.011 -27"><span class='ocrx_word' id='word_1_873' title='bbox 2226 5363 2317 5415; x_wconf 74' lang='grc' dir='ltr'>λου</span> <span class='ocrx_word' id='word_1_874' title='bbox 2360 5336 2459 5426; x_wconf 65' lang='grc' dir='ltr'><strong>εἰς</strong></span> <span class='ocrx_word' id='word_1_875' title='bbox 2482 5336 3017 5433; x_wconf 65' lang='grc' dir='ltr'><strong>ἐπιθυμίανἐλθεῖν⁸</strong></span> <span class='ocrx_word' id='word_1_876' title='bbox 3050 5360 3304 5429; x_wconf 79' lang='grc' dir='ltr'>καθάπερ</span> <span class='ocrx_word' id='word_1_877' title='bbox 3350 5356 3414 5409; x_wconf 85' lang='grc' dir='ltr'><strong>ἂν</strong></span> <span class='ocrx_word' id='word_1_878' title='bbox 3456 5354 3498 5407; x_wconf 77' lang='grc' dir='ltr'>εἰ</span> <span class='ocrx_word' id='word_1_879' title='bbox 3534 5349 3610 5441; x_wconf 81' lang='grc' dir='ltr'><strong>τὸν</strong></span> 
     </span>
    </p>
   </div>
   <div class='ocr_carea' id='block_1_104' title="bbox 558 5431 2100 5533">
    <p class='ocr_par' dir='ltr' id='par_1_104' title="bbox 558 5431 2100 5530">
     <span class='ocr_line' id='line_1_104' title="bbox 558 5431 2100 5530; baseline -0.001 -18"><span class='ocrx_word' id='word_1_880' title='bbox 558 5458 768 5513; x_wconf 58' lang='lat' dir='ltr'><strong>devium</strong></span> <span class='ocrx_word' id='word_1_881' title='bbox 791 5460 1013 5515; x_wconf 88' lang='lat' dir='ltr'><strong>venerit.</strong></span> <span class='ocrx_word' id='word_1_882' title='bbox 1051 5456 1208 5515; x_wconf 84' lang='lat' dir='ltr'><strong>Velut</strong></span> <span class='ocrx_word' id='word_1_883' title='bbox 1236 5431 1435 5530; x_wconf 49' lang='lat' dir='ltr'><strong>si-quis</strong></span> <span class='ocrx_word' id='word_1_884' title='bbox 1461 5461 1626 5523; x_wconf 86' lang='lat' dir='ltr'><strong>dicat,</strong></span> <span class='ocrx_word' id='word_1_885' title='bbox 1665 5460 1828 5515; x_wconf 91' lang='lat' dir='ltr'><strong>Deum</strong></span> <span class='ocrx_word' id='word_1_886' title='bbox 1859 5474 1979 5529; x_wconf 74' lang='lat' dir='ltr'><strong>qum</strong></span> <span class='ocrx_word' id='word_1_887' title='bbox 2010 5473 2100 5511; x_wconf 78' lang='lat' dir='ltr'><strong>ma</strong></span> 
     </span>
    </p>
   </div>
   <div class='ocr_carea' id='block_1_105' title="bbox 2186 5431 3728 5533">
    <p class='ocr_par' dir='ltr' id='par_1_105' title="bbox 2230 5431 3728 5533">
     <span class='ocr_line' id='line_1_105' title="bbox 2230 5431 3728 5533; baseline -0.007 -23"><span class='ocrx_word' id='word_1_888' title='bbox 2230 5460 2384 5526; x_wconf 79' lang='grc' dir='ltr'>φαῖεν</span> <span class='ocrx_word' id='word_1_889' title='bbox 2413 5456 2694 5526; x_wconf 78' lang='grc' dir='ltr'>ὀρέγεσθαι</span> <span class='ocrx_word' id='word_1_890' title='bbox 2734 5456 2840 5511; x_wconf 82' lang='grc' dir='ltr'><strong>τῶν</strong></span> <span class='ocrx_word' id='word_1_891' title='bbox 2883 5458 2949 5526; x_wconf 79' lang='grc' dir='ltr'><strong>τῇ</strong></span> <span class='ocrx_word' id='word_1_892' title='bbox 2981 5454 3081 5527; x_wconf 77' lang='grc' dir='ltr'><strong>ὕλῃ</strong></span> <span class='ocrx_word' id='word_1_893' title='bbox 3110 5452 3426 5524; x_wconf 86' lang='grc' dir='ltr'><strong>προσόντων</strong></span> <span class='ocrx_word' id='word_1_894' title='bbox 3469 5439 3639 5499; x_wconf 80' lang='grc' dir='ltr'>κακῶν·</span> <span class='ocrx_word' id='word_1_895' title='bbox 3667 5431 3728 5533; x_wconf 53' lang='lat'><strong>9’</strong></span> 
     </span>
    </p>
   </div>
   <div class='ocr_carea' id='block_1_106' title="bbox 560 5516 2102 5622">
    <p class='ocr_par' dir='ltr' id='par_1_106' title="bbox 560 5516 2102 5622">
     <span class='ocr_line' id='line_1_106' title="bbox 560 5516 2102 5622; baseline -0.001 -17"><span class='ocrx_word' id='word_1_896' title='bbox 560 5548 709 5605; x_wconf 66' lang='lat' dir='ltr'><strong>terim</strong></span> <span class='ocrx_word' id='word_1_897' title='bbox 729 5560 1060 5620; x_wconf 88' lang='lat' dir='ltr'><strong>competunt,</strong></span> <span class='ocrx_word' id='word_1_898' title='bbox 1086 5553 1227 5607; x_wconf 85' lang='lat' dir='ltr'><strong>mala</strong></span> <span class='ocrx_word' id='word_1_899' title='bbox 1241 5516 1515 5622; x_wconf 75' lang='lat' dir='ltr'><strong>appetere.</strong></span> <span class='ocrx_word' id='word_1_900' title='bbox 1548 5552 1659 5608; x_wconf 74' lang='lat' dir='ltr'><strong>Nec</strong></span> <span class='ocrx_word' id='word_1_901' title='bbox 1700 5555 1843 5608; x_wconf 92' lang='lat' dir='ltr'><strong>enim</strong></span> <span class='ocrx_word' id='word_1_902' title='bbox 1864 5553 1955 5607; x_wconf 85' lang='lat' dir='ltr'><strong>Dei</strong></span> <span class='ocrx_word' id='word_1_903' title='bbox 1978 5553 2102 5606; x_wconf 81' lang='lat' dir='ltr'><strong>bon:</strong></span> 
     </span>
    </p>
   </div>
   <div class='ocr_carea' id='block_1_107' title="bbox 2188 5516 3730 5622">
    <p class='ocr_par' dir='ltr' id='par_1_107' title="bbox 2227 5516 3730 5622">
     <span class='ocr_line' id='line_1_107' title="bbox 2227 5516 3730 5622; baseline -0.027 -5"><span class='ocrx_word' id='word_1_904' title='bbox 2227 5548 2335 5618; x_wconf 66' lang='grc' dir='ltr'>γάρ</span> <span class='ocrx_word' id='word_1_905' title='bbox 2357 5547 2419 5618; x_wconf 83' lang='grc' dir='ltr'><strong>δὴ</strong></span> <span class='ocrx_word' id='word_1_906' title='bbox 2452 5546 2520 5599; x_wconf 72' lang='grc' dir='ltr'><strong>τὰ</strong></span> <span class='ocrx_word' id='word_1_907' title='bbox 2540 5547 2631 5599; x_wconf 74' lang='grc' dir='ltr'><strong>τοῦ</strong></span> <span class='ocrx_word' id='word_1_908' title='bbox 2659 5547 2794 5599; x_wconf 75' lang='grc' dir='ltr'><strong>Θεοῦ</strong></span> <span class='ocrx_word' id='word_1_909' title='bbox 2834 5545 3010 5615; x_wconf 75' lang='grc' dir='ltr'>ἀγαθὰ</span> <span class='ocrx_word' id='word_1_910' title='bbox 3037 5543 3263 5596; x_wconf 73' lang='grc' dir='ltr'>τοιαῦτα</span> <span class='ocrx_word' id='word_1_911' title='bbox 3293 5537 3622 5607; x_wconf 79' lang='grc' dir='ltr'>ὑποληπτέον,</span> <span class='ocrx_word' id='word_1_912' title='bbox 3644 5516 3730 5622; x_wconf 44' lang='grc' dir='ltr'>οἷον</span> 
     </span>
    </p>
   </div>
   <div class='ocr_carea' id='block_1_108' title="bbox 561 5615 2103 5714">
    <p class='ocr_par' dir='ltr' id='par_1_108' title="bbox 561 5615 2103 5714">
     <span class='ocr_line' id='line_1_108' title="bbox 561 5615 2103 5714; baseline 0.001 -20"><span class='ocrx_word' id='word_1_913' title='bbox 561 5640 691 5694; x_wconf 84' lang='lat' dir='ltr'><strong>talia</strong></span> <span class='ocrx_word' id='word_1_914' title='bbox 715 5615 1029 5696; x_wconf 72' lang='lat' dir='ltr'><strong>azstimanda</strong></span> <span class='ocrx_word' id='word_1_915' title='bbox 1048 5615 1205 5709; x_wconf 83' lang='lat' dir='ltr'><strong>sunt,</strong></span> <span class='ocrx_word' id='word_1_916' title='bbox 1231 5615 1412 5712; x_wconf 77' lang='lat' dir='ltr'><strong>qualia</strong></span> <span class='ocrx_word' id='word_1_917' title='bbox 1443 5652 1571 5700; x_wconf 86' lang='lat' dir='ltr'><strong>sunt</strong></span> <span class='ocrx_word' id='word_1_918' title='bbox 1591 5645 1773 5699; x_wconf 60' lang='lat' dir='ltr'><strong>multa;</strong></span> <span class='ocrx_word' id='word_1_919' title='bbox 1803 5659 1934 5714; x_wconf 85' lang='lat' dir='ltr'><strong>opes</strong></span> <span class='ocrx_word' id='word_1_920' title='bbox 1958 5649 2012 5697; x_wconf 89' lang='lat' dir='ltr'><strong>et</strong></span> <span class='ocrx_word' id='word_1_921' title='bbox 2036 5643 2103 5695; x_wconf 84' lang='lat' dir='ltr'><strong>la-</strong></span> 
     </span>
    </p>
   </div>
   <div class='ocr_carea' id='block_1_109' title="bbox 2188 5615 3730 5714">
    <p class='ocr_par' dir='ltr' id='par_1_109' title="bbox 2226 5615 3730 5711">
     <span class='ocr_line' id='line_1_109' title="bbox 2226 5615 3730 5711; baseline 0.001 -20"><span class='ocrx_word' id='word_1_922' title='bbox 2226 5615 2371 5694; x_wconf 76' lang='grc' dir='ltr'>ἐστιν</span> <span class='ocrx_word' id='word_1_923' title='bbox 2452 5638 2674 5703; x_wconf 80' lang='grc' dir='ltr'>πλοῦτος</span> <span class='ocrx_word' id='word_1_924' title='bbox 2705 5640 2847 5711; x_wconf 77' lang='grc' dir='ltr'>καὶὴ</span> <span class='ocrx_word' id='word_1_925' title='bbox 2886 5638 3048 5709; x_wconf 80' lang='grc' dir='ltr'>πολλὴ</span> <span class='ocrx_word' id='word_1_926' title='bbox 3078 5635 3169 5707; x_wconf 80' lang='grc' dir='ltr'><strong>γῆ,</strong></span> <span class='ocrx_word' id='word_1_927' title='bbox 3201 5635 3297 5689; x_wconf 72' lang='grc' dir='ltr'>καὶ</span> <span class='ocrx_word' id='word_1_928' title='bbox 3324 5636 3351 5688; x_wconf 87' lang='grc' dir='ltr'><strong>ό</strong></span> <span class='ocrx_word' id='word_1_929' title='bbox 3382 5632 3537 5692; x_wconf 79' lang='grc' dir='ltr'>πολὺς</span> <span class='ocrx_word' id='word_1_930' title='bbox 3559 5615 3730 5697; x_wconf 58' lang='grc' dir='ltr'><strong>Χρηδῦ</strong></span> 
     </span>
    </p>
   </div>
  </div>
