3956 6198
239 169 343 230 ιειι
1111 178 1527 240 TRACTATUS
1565 181 1654 236 DE
1692 183 2004 244 PLACITIS
2044 185 2598 246 HANICHEORUM.
3344 202 3448 261 426

236 288 583 349 ὥνέλάττων
630 297 837 366 γίνεται
885 299 962 371 τῷ
991 301 1308 374 κεκτημένῳ
1353 304 1385 374 ἡ
1425 304 1532 358 ἀπὸ
1558 303 1668 356 τῶν
1701 305 1762 358 ἀν

1864 303 2122 366 _tifundia
2155 306 2452 379 ingensque
2493 308 2612 362 auri
2643 309 2747 375 vis,
2782 325 3014 382 quorum
3061 318 3301 377 minores
3343 325 3446 385 do-

1893 393 2042 453 mino
2068 399 2266 454 cedunt
2297 410 2498 469 partes,
2527 400 2574 456 si
2603 402 2725 472 quis
2751 404 2806 459 in
2827 405 3058 462 alterum
3087 409 3156 465 ab
3174 426 3240 467 eo
3257 419 3443 471 trans-

234 384 468 476 θρώπων
505 387 580 450 είς
622 387 808 460 ἓτερον
859 390 1207 460 μετάστασις.
1263 392 1400 445 Ἀλλ’
1446 392 1501 446 εἴ
1522 410 1644 447 τινα
1674 395 1796 449 τού-

234 494 344 530 των
366 479 498 543 ὅλως
533 479 714 534 εἰκόνα
739 483 1016 554 ἐπινοῆσαι
1045 484 1140 548 δεῖ,
1173 485 1270 556 τὴν
1313 484 1524 553 σοφίαν,
1553 481 1704 556 οἶμαι
1737 488 1793 541 δὲ

236 570 328 622 καὶ
362 571 436 634 ὠς
463 572 523 625 ἄν
546 589 630 638 τις
660 573 960 646 παραϐάλοι
986 575 1197 640 καὶτὰς
1225 578 1552 648 ἐπιστήμας.
1584 579 1791 650 ’Ὠσπερ

232 655 323 714 οὖν
346 660 466 714 οὕτε
505 663 539 733 ἡ
571 663 731 733 σοφία
768 664 1078 720 ἐλαττοῦται
1105 666 1225 720 οὕτε
1252 667 1285 738 ή
1329 668 1624 738 ἐπιστήμη,
1667 667 1789 721 οὕτε

226 751 271 804 oi
308 752 480 816 αὑτὰς
513 754 742 825 ἔχοντες,
795 755 860 810 ἂν
903 757 1088 830 ἕτερος
1125 759 1233 813 τῶν
1262 758 1439 814 αὐτῶν
1474 759 1784 832 μεταλάϐῃο

221 842 399 908 οὕτως
430 843 553 898 οὕτε
585 847 674 901 τὸν
713 848 845 903 Θεὸν
876 849 1093 918 εὔλογον
1123 851 1386 922 φθονῆσαι
1444 855 1510 922 τῇ
1547 850 1646 923 ὕλῃ
1689 852 1791 922 τῆς

221 936 312 990 τοῦ
334 938 506 992 καλοῦ
532 939 780 1011 ὀρέξεως·
804 944 852 996 εί
872 943 936 1016 δὴ
957 943 1097 998 κατὰ
1123 945 1318 1008 αὐτοὺς
1337 944 1551 1016 ὠρέχθη
1574 945 1784 999 τούτου.

1891 488 2096 544 tulerit.
2129 489 2235 545 Sed
2257 489 2460 560 siquod
2485 491 2707 547 omnino
2735 493 2928 560 horum
2958 499 3304 556 simulacrum
3319 504 3443 558 ani-

1893 595 1983 635 mo
2009 580 2415 637 informandum
2431 583 2872 654 sit.sapientiam,
2897 598 3028 660 puto
3040 607 3168 647 vero
3192 595 3436 650 etscien-

1887 673 2014 738 tias,
2046 674 2099 728 in
2132 675 2436 745 exemplum
2458 676 2762 732 adduxerit.
2789 670 3250 746 Quemadmodum
3278 685 3440 757 igitur

1888 777 2062 830 neque
2087 763 2353 834 sapientia
2384 765 2648 822 minuitur
2702 784 2879 841 neque
2932 773 3182 840 scientia,
3215 791 3318 831 nec
3345 778 3438 849 qui

1895 851 2003 906 illis
2031 851 2289 921 primitus
2316 862 2402 910 est
2429 856 2612 912 damni
2641 859 2842 930 aliquid
2879 862 3038 928 facit,
3065 867 3209 938 quod
3241 868 3439 940 aliquis

1890 943 2087 999 horum
2137 946 2405 1017 particeps
2453 947 2676 1006 effectus
2723 952 2922 1011 fuerit:
2955 957 3035 1013 sic
3086 975 3260 1031 neque
3301 963 3439 1019 ratio

221 1029 356 1084 satis
407 1029 573 1095 favet,
620 1041 679 1086 ut
720 1034 1091 1092 existimemus
1134 1035 1305 1092 Deum
1355 1036 1596 1092 materiae
1632 1035 1893 1092 invidisse
1923 1035 2306 1107 appetitionem
2364 1038 2492 1093 boui
2529 1039 2884 1115 honestique;
2921 1047 3048 1103 dum
3088 1029 3244 1122 juxta
3293 1052 3436 1123 illos,

215 1126 514 1197 appetiisse
542 1130 718 1200 ipsum
755 1131 1084 1191 dederimus.

213 1265 340 1322 Cu.
367 1266 436 1322 Χ.
467 1266 696 1344 Deorum
727 1270 1076 1344 mythologica
1097 1288 1116 1326 :
1140 1273 1303 1344 iisque
1333 1273 1532 1328 similia
1560 1262 1842 1344 Maniqltpzi
1868 1270 2086 1344 placita.
2121 1269 2420 1344 Homerica:
2453 1273 2811 1330 Theomachia:
2832 1275 3105 1344 allegoria.
3137 1278 3432 1342 Emulatia

181 1443 191 1467 ⁸
280 1455 425 1510 Πολῦ
449 1455 507 1508 δὲ
528 1458 654 1522 τοὺς
678 1457 1000 1528 μυθοποιοὕς
1026 1460 1483 1533 ὑπερϐεϐλήκασι,
1511 1459 1689 1532 τοὺςῆ
1713 1459 1782 1514 τὰ

207 1547 300 1600 τοῦ
331 1547 578 1619 Οὐρανοῦ
602 1551 772 1604 αἰδοῖα
797 1551 1107 1622 τέμνοντας,
1143 1555 1176 1625 ἢ
1205 1553 1302 1618 τὰς
1329 1553 1617 1617 ἐπιϐουλὰς
1642 1551 1784 1606 κατὰ

207 1639 302 1693 τοῦ
338 1643 547 1713 Κρόνου
577 1643 678 1697 ὕπὸ
710 1645 804 1698 τοῦ
829 1645 944 1699 υίοῦ
982 1646 1339 1711 συντιθέντας,
1375 1649 1461 1700 ἵνα
1484 1645 1646 1710 αὐτὸς
1679 1663 1782 1700 κα-

423 1345 476 1391 et
511 1339 708 1392 invidia
737 1339 790 1394 in
815 1341 942 1408 Deo,
962 1339 1380 1398 Manichaeorum
1406 1344 1683 1399 sententia.
1720 1339 2002 1397 Vitia'hwc
2025 1343 2079 1395 in
2098 1341 2242 1396 nullo
2269 1343 2527 1410 studioso,
2549 1345 2838 1416 probraque
2875 1339 3218 1408 admittenda.

1945 1457 2128 1528 Longe
2160 1473 2323 1527 porro
2359 1458 2694 1531 mythologos
2720 1459 2917 1518 fabulis
2937 1478 3262 1535 superarunt
3291 1508 3304 1532 ,
3339 1485 3432 1528 eos

1877 1550 2136 1604 nimirum
2171 1551 2263 1620 qui
2309 1558 2404 1605 aut
2429 1550 2565 1607 Caeli
2593 1552 2770 1607 virilia
2800 1563 3008 1624 putent,
3053 1565 3147 1612 aut
3169 1559 3430 1620 adversus

1877 1641 2170 1696 Saturnum
2198 1658 2230 1696 a
2257 1642 2365 1697 ﬁlio
2397 1651 2636 1700 structas
2687 1643 2934 1710 insidias,
2968 1655 3028 1701 ut
3059 1649 3162 1705 sibi
3185 1650 3302 1721 ipse
3325 1652 3430 1706 im-

206 1734 385 1806 τάςχῃ
430 1736 529 1806 τὴν
575 1737 775 1809 ἀρχήν
828 1739 862 1811 ἢ
911 1739 1194 1805 ποιοῦντας
1239 1740 1395 1794 πάλιν
1439 1741 1528 1794 τὸν
1571 1739 1762 1812 Κρόνοι

1878 1733 2086 1802 perium
2133 1734 2415 1804 arriperet,
2459 1737 2746 1791 commenti
2783 1737 2894 1792 sint
2925 1756 2940 1806 ;
2967 1748 3061 1794 aut
3092 1741 3184 1812 qui
3231 1758 3427 1801 rursus

205 1828 330 1889 τοὺς
368 1829 517 1892 υἱοὺς
559 1831 903 1885 καταπίνειν
937 1827 1055 1886 εἶτα
1096 1832 1524 1903 διαμαρτάνοντα
1557 1833 1644 1886 διὰ
1675 1830 1774 1902 τῆς

204 1916 300 1969 τοῦ
332 1917 482 1972 λίθου
514 1919 736 1983 εἰκόνος.
781 1920 905 1985 Πῶς
933 1920 1040 1996 γὰρ
1083 1921 1150 1975 τά
1191 1922 1449 1993 λεγόμενα
1482 1922 1571 1975 ὑπ’
1596 1921 1773 1975 αὐτῶν

204 2011 265 2064 οὕ
341 2011 597 2080 τοιαῦτα;
656 2013 734 2066 ὅτ’
771 2013 836 2067 ἂν
899 2015 1130 2086 πόλεμον
1187 2017 1442 2087 ἄντικρυς
1491 2015 1592 2086 τῆς
1643 2012 1773 2085 ὕλης

205 2102 345 2175 πρὸς
367 2102 460 2157 τὸν
482 2103 612 2158 Θεὸν
641 2105 1024 2178 ὑφηγήσωνται
1043 2123 1056 2136 ⁸
1100 2106 1192 2161 καὶ
1223 2105 1355 2178 μηδὲ
1386 2105 1558 2160 ταῦτα
1592 2105 1770 2175 μέντοι

203 2194 270 2248 δι’
310 2197 563 2260 ὑπονοίας
603 2196 822 2266 λέγωσι,
855 2197 1100 2270 καθάπερ
1134 2199 1377 2268 ’Όμηρος
1397 2237 1410 2260 ,
1441 2197 1648 2268 χαίρειν
1679 2195 1771 2248 τὸν

201 2289 303 2342 Δία
345 2289 443 2341 ἐπὶ
488 2287 566 2359 τῷ
609 2289 716 2342 τῶν
758 2288 893 2343 θεῶν
948 2289 1166 2361 πολέμῳ
1222 2289 1356 2359 πρὸς
1401 2287 1661 2360 ἀλλήλους
1712 2287 1771 2340 ἐν

215 2377 444 2448 Ἰλιάδι,
494 2383 858 2454 αίνιττόμενος
899 2383 958 2436 τὸ
1006 2383 1065 2448 ἐξ
1117 2382 1384 2454 ἀνομοίων
1426 2383 1516 2436 τὸν
1567 2382 1770 2452 κόσμον

206 2472 542 2541 συγκεῖσθαι,
573 2475 930 2545 ἡρμοσμένων
963 2473 1096 2544 πρὸς
1121 2472 1342 2545 ἄλληλα,
1374 2473 1466 2526 καὶ
1498 2471 1770 2526 νικώντων

203 2577 259 2615 τε
299 2563 394 2616 καὶ
438 2563 770 2634 νικωμένων.
809 2562 918 2616 Καὶ
958 2561 1131 2615 ταῦτά
1173 2578 1262 2632 μοι
1309 2561 1542 2630 εἴρηται,
1583 2555 1767 2628 ἐπειδὴ

202 2655 490 2723 γιγνώσκω
526 2655 650 2718 τοὺς
689 2653 982 2723 τοιούτους,
1020 2652 1236 2705 ἐπειδὰν
1277 2649 1602 2714 ἀποδείξεων
1641 2648 1769 2702 ἀποο

200 2720 388 2816 ριῦσιν,
432 2746 550 2799 ἔνια
584 2720 918 2816 πανταχόθεν
945 2745 1054 2798 ἀπὸ
1091 2744 1198 2798 τῶν
1239 2745 1509 2816 ποιήσεων
1556 2741 1764 2814 συμφέ-

196 2857 411 2911 ροντας,
445 2840 541 2893 καὶ
571 2839 865 2907 ἀπολογίαν
897 2838 1073 2894 ταῦτα
1111 2839 1248 2909 ὑπὲρ
1283 2837 1391 2892 τῶν
1424 2837 1567 2892 ἰδίων
1599 2836 1766 2901 δοξῶν

191 2931 567 3000 ποιουμένους.
603 2929 713 2984 Ούκ
741 2929 806 2984 ἂν
838 2928 894 2983 δὲ
917 2930 1089 2984 ταῦτα
1113 2929 1528 2994 ἐπεπόνθεισαν,
1555 2930 1604 2982 εί
1628 2929 1766 3000 μετά

189 3038 336 3087 τινος
369 3021 652 3094 φροντίδος
691 3016 843 3079 ὧτινι
872 3023 1069 3093 δήποτε
1109 3021 1484 3094 ἐνετύγχανον.

255 3303 368 3355 Καὶ
407 3299 517 3372 μὴν
545 3301 719 3354 πάντα
754 3299 850 3372 μέν
877 3301 946 3354 τὰ
981 3299 1128 3354 κακὰ
1157 3299 1264 3353 ἀπὸ
1290 3299 1384 3353 τοῦ
1422 3297 1566 3352 θείου
1597 3297 1760 3370 χοροῦ

185 3392 548 3464 ἀπελήλαται,
579 3394 606 3445 ό
632 3390 789 3461 ζῆλος
813 3391 870 3444 δὲ
900 3391 1130 3462 μάλιστα
1159 3391 1253 3442 καὶ
1287 3391 1315 3443 ὁ
1349 3389 1557 3460 φθόνος.
1585 3391 1762 3443 Κατα-

184 3482 437 3536 λείπουσι
462 3481 518 3536 δέ
548 3475 691 3536 οὗτοι
729 3483 868 3536 αὐτὰ
911 3481 1060 3554 παρὰ
1086 3481 1163 3552 τῷ
1203 3480 1342 3552 Θεῷ,
1388 3482 1462 3534 ὅτ’
1492 3481 1557 3534 ἂν
1587 3479 1759 3550 φῶσιν

182 3577 350 3630 αὐτὸν
376 3575 480 3646 τὴν
511 3574 799 3646 ἐπιϐουλήν
849 3573 989 3628 κατὰ
1016 3573 1116 3644 τῆς
1161 3573 1291 3645 ὕλης
1325 3573 1598 3637 συντάξαι,
1624 3573 1759 3626 διότι

183 3668 246 3740 δὴ
279 3667 376 3721 τοῦ
412 3666 581 3721 καλοῦ
619 3666 952 3738 ἐπεθύμησε.
983 3665 1099 3719 Τίνι
1127 3665 1183 3718 δέ
1226 3665 1320 3719 καὶ
1343 3665 1372 3718 ὁ
1399 3665 1530 3728 Θεὸς
1564 3658 1640 3718 ὧν
1684 3660 1760 3718 εἷ·-

185 3776 278 3830 χεν
319 3755 585 3830 ἐϐουλήθη
629 3757 723 3830 τὴν
779 3755 910 3829 ὕλην
940 3757 1379 3830 τιμωρήσασθαι;
1417 3757 1478 3810 τὸ
1520 3754 1617 3828 μὲν
1649 3757 1756 3831 γάρ

185 3852 392 3906 ἁπλοῦν
434 3850 597 3921 φάναι
633 3851 724 3904 τὸν
765 3849 898 3904 Θεὸν
927 3850 1311 3924 ἀκριϐέστερον
1353 3844 1506 3921 οἶμαι
1551 3850 1584 3922 ἢ
1616 3849 1757 3904 κατὰ

187 3944 432 4008 τούτους.
468 3944 625 3998 Ἔστι
666 3943 762 3998 καὶ
803 3945 837 4016 ή
867 3943 964 4015 τῆς
996 3943 1202 4007 ἐννοίας
1231 3940 1421 3996 τούτου
1460 3935 1752 4013 ἀφήγησις,

189 4037 283 4107 οὐχ
323 4037 402 4100 ὡς
432 4036 561 4107 περὶ
603 4035 710 4089 τῶν
751 4034 944 4097 ἄλλων,
985 4033 1222 4098 εὔκολος.
1259 4031 1392 4086 Οὐδὲ
1428 4031 1534 4104 γὰρ
1570 4031 1754 4096 ἁπλῶς

189 4128 521 4192 ἐνδείξασθαι
545 4128 715 4200 αὐτὴν
742 4123 983 4190 δυνατὸν,
1007 4124 1094 4179 διὰ
1119 4125 1174 4179 δὲ
1199 4121 1398 4194 πολλῆς
1424 4123 1754 4188 παιδεύσεως

189 4221 279 4274 καὶ
308 4221 495 4275 πόνου.
545 4219 706 4273 Ἀλλὰ
741 4218 901 4272 τοῦτό
924 4235 987 4288 γε
1014 4218 1214 4281 πάντες
1245 4216 1422 4288 ἴσμεν,
1450 4217 1530 4270 ὅτι
1557 4217 1590 4288 ή
1615 4214 1751 4288 ὀργή

185 4314 277 4366 καὶ
321 4315 357 4386 ή
414 4313 516 4384 τῆς
555 4312 822 4384 τιμωρίας
867 4311 1007 4366 κατὰ
1056 4310 1154 4382 τῆς
1201 4307 1332 4380 ὕλης
1387 4307 1565 4380 ϐρεξις
1605 4307 1747 4381 πάθη

183 4404 317 4466 ἐστὶ,
349 4404 482 4475 περὶ
510 4403 600 4456 τὸν
629 4401 770 4456 οὕτω
798 4402 1119 4473 διωκόμενον
1149 4399 1534 4469 συνιστάμεναο
1576 4398 1746 4452 ταῦτα

183 4495 236 4550 δέ
259 4497 384 4551 οὐδὲ
404 4497 531 4568 περί
552 4513 674 4550 τινα
698 4495 979 4549 σπουδαῖον
1013 4493 1221 4563 γένοιτο
1243 4491 1310 4547 ἂν
1329 4493 1398 4546 τὰ
1425 4491 1739 4564 παθήματα·

185 4589 313 4658 μήτι
353 4604 418 4656 γε
452 4586 580 4659 περὶ
613 4585 674 4640 τὸ
707 4583 908 4655 ἀγαθὸν
948 4583 1097 4640 αὐτό.

1851 1824 2166 1896 Δδιιιυι-ηιιιη
2193 1827 2330 1883 ﬁlios
2345 1843 2538 1884 vorare
2580 1828 2802 1895 faciant,
2845 1839 3068 1904 tumque
3107 1834 3426 1894 frustratum

1873 1919 2106 1974 consilio
2149 1935 2216 1975 ex
2264 1920 2460 1991 lapidis
2506 1921 2718 1991 objecto
2771 1921 3086 1981 simulacro.
3144 1925 3428 1993 Quomodo

1872 2011 2038 2076 enim,
2069 2026 2188 2082 qua:
2211 2012 2278 2067 ab
2311 2012 2390 2068 eis
2418 2011 2694 2078 dicuntur,
2734 2030 2842 2069 non
2891 2015 2977 2072 his
3020 2017 3266 2074 similia?
3299 2036 3427 2078 cum

1870 2101 2049 2170 palam
2077 2102 2316 2158 materia:
2331 2117 2456 2157 cum
2491 2103 2605 2158 Deo
2629 2105 2825 2159 bellum
2854 2105 3094 2164 referant
3119 2128 3134 2177 ;
3164 2126 3229 2166 ac
3253 2127 3428 2184 neque

1871 2193 1986 2248 haec
2037 2195 2267 2264 spiritali
2298 2211 2463 2251 sensu
2514 2211 2579 2250 ac
2624 2197 2986 2270 mythologico
3036 2201 3238 2268 dicant,
3283 2204 3429 2261 velut

1870 2283 2140 2342 Homerus
2167 2287 2220 2341 in
2245 2284 2428 2350 Iliade,
2451 2288 2689 2359 gaudere
2711 2287 2896 2346 Jovem
2932 2291 3158 2347 deorum
3200 2293 3429 2354 interse

1868 2394 2047 2450 pugna
2077 2394 2140 2432 ac
2173 2379 2333 2441 bello,
2389 2379 2620 2436 obscure
2676 2381 3009 2452 signiﬁcans,
3063 2384 3428 2445 mundum-ex

1869 2469 2225 2540 inaequalibus
2263 2471 2554 2527 conﬂatum
2583 2487 2724 2539 esse,
2750 2489 2870 2544 quae
2896 2475 2999 2530 alia
3022 2476 3143 2532 aliis
3171 2486 3426 2534 conserta

1867 2568 1980 2615 tum
2015 2562 2257 2626 vincant,
2291 2571 2406 2617 tum
2433 2566 2659 2620 victoria
2694 2566 2911 2623 cadant.
2969 2568 3145 2639 Atque
3181 2569 3295 2626 baic
3321 2572 3425 2639 ,id-

1866 2653 2014 2708 circo
2043 2671 2075 2708 a
2105 2669 2190 2712 me
2219 2655 2363 2712 dicta
2385 2667 2532 2721 sunt,
2556 2657 2697 2730 quod
2721 2658 2892 2716 sciam
2923 2659 3230 2717 istiusmodi
3249 2677 3422 2735 genus

1866 2745 2168 2813 hominum,
2193 2750 2283 2805 ubi
2312 2766 2406 2806 eos
2426 2751 2775 2823 probationes
2797 2769 2862 2808 ac
2885 2753 3153 2809 rationum
3180 2770 3424 2812 momen-

1864 2844 1919 2891 ta
1951 2837 2272 2904 defecerint,
2303 2843 2552 2912 quaedam
2599 2842 2840 2914 undique
2862 2860 2926 2898 ex
2961 2853 3241 2914 poetarum
3272 2861 3424 2906 com-

1865 2933 2063 2990 mentis
2085 2948 2398 3003 congerere,
2436 2942 2597 3006 atque
2620 2935 2746 2992 hinc
2767 2937 2885 2992 suis
2906 2938 3253 3008 opinionibus
3282 2955 3423 3011 pra:-

1865 3022 2086 3089 sidium,
2129 3040 2193 3080 ac
2245 3041 2355 3097 quo
2384 3043 2442 3082 se
2477 3027 2583 3084 illis
2611 3035 2868 3084 tueantur
2896 3069 2911 3094 ,
2951 3044 3209 3101 quaerere.
3264 3030 3420 3098 Quod

1787 3103 1828 3160 C
1861 3115 1993 3185 ipsis
2022 3117 2437 3190 haudquaquam
2467 3121 2757 3186 evenisset,
2781 3121 2827 3178 si
2858 3121 3051 3193 majori
3080 3121 3421 3194 quadamcu-

1859 3221 1920 3259 ra
1940 3220 2005 3260 ac
2035 3206 2311 3280 diligentia
2341 3225 2454 3264 rem
2484 3209 2760 3280 quidpiam
2796 3210 3072 3281 legissent.

1928 3295 2112 3368 Atqui,
2143 3313 2268 3353 cum
2299 3299 2440 3354 mala
2473 3299 2692 3373 quidem
2745 3301 2926 3355 omnia
2963 3315 2993 3354 a
3025 3301 3209 3356 divino
3247 3302 3420 3360 choro

1859 3391 2144 3454 exsulent,
2197 3397 2312 3444 tum
2370 3391 2453 3446 vel
2504 3391 2739 3446 maxime
2775 3391 3048 3446 aemulatio
3093 3397 3146 3446 et
3190 3391 3415 3448 invidia.

1860 3479 2057 3537 Sinunt
2085 3490 2266 3539 tamen
2288 3484 2342 3538 hi
2371 3483 2513 3555 apud
2537 3485 2700 3539 Deum
2731 3484 2854 3546 ista,
2881 3484 3008 3538 dum
3039 3483 3226 3539 dicunt
3245 3483 3415 3542 Deum

1857 3574 2086 3631 insidias
2131 3571 2399 3633 struxisse
2453 3576 2714 3632 adversus
2773 3576 3078 3641 materiam,
3105 3592 3171 3632 ea
3203 3579 3414 3633 ratione

1857 3654 2230 3739 quod'bouum
2263 3669 2576 3740 cupivisset.
2612 3667 2856 3735 Quonam
2889 3683 3015 3723 vero
3055 3668 3218 3723 etiam
3270 3667 3413 3725 Deus

1855 3776 2042 3816 eorum
2065 3776 2186 3833 quae
2203 3761 2453 3820 habebat.
2479 3759 2674 3832 punire
2702 3759 2983 3814 materiam
3013 3761 3214 3815 voluit?
3245 3760 3414 3832 Equi-

1860 3853 1980 3910 dem
2011 3853 2364 3908 accuratioris
2383 3853 2640 3908 doctrinae
2662 3851 2914 3908 existimo
2941 3858 2999 3905 ut
3017 3850 3157 3907 Deus
3183 3853 3412 3923 simplex

1854 3944 2096 4009 dicatur,
2131 3958 2295 4013 quam
2325 3958 2424 4013 pro
2447 3943 2663 3997 illorum
2693 3940 2922 3995 ratione.
2953 3938 3063 3995 Nec
3096 3955 3246 4005 vero,
3273 3942 3410 3998 utin

1855 4035 2000 4103 aliis,
2035 4034 2199 4104 hujus
2234 4034 2398 4090 etiam
2425 4033 2624 4090 mentis
2652 4031 2839 4104 facilis
2861 4029 3134 4086 enarratio
3169 4031 3406 4088 exsistit.

1852 4101 2008 4182 Haud
2044 4101 2241 4197 quippe
2271 4124 2588 4196 simpliciter
2614 4101 2870 4195 nudoque
2888 4135 3138 4180 sermone
3163 4136 3281 4177 eam
3311 4121 3408 4176 de-

1852 4225 2157 4275 monstrare
2186 4217 2330 4279 licet,
2364 4215 2459 4273 sed
2491 4217 2661 4270 multa
2699 4213 2984 4284 disciplina
3030 4221 3192 4282 atque
3219 4227 3402 4283 opera.

1851 4307 2116 4363 Caterum
2150 4322 2340 4362 omnes
2360 4307 2412 4362 id
2447 4307 2670 4374 scimus,
2722 4307 2858 4361 iram
2904 4321 2968 4362 ac
2999 4305 3256 4370 furorem,
3303 4306 3404 4362 ad-

1850 4411 2148 4468 versusque
2179 4398 2458 4450 materiam
2511 4394 2766 4450 vindictae
2807 4395 3146 4470 appetitum,
3179 4393 3406 4453 affectus

1850 4506 1972 4546 esse
1995 4498 2050 4545 et
2082 4489 2514 4560 perturbationes
2537 4486 2734 4559 (πάθη)
2770 4486 2916 4542 circa
2947 4501 3070 4542 eum
3116 4502 3277 4557 quem
3323 4487 3406 4544 sic

1849 4582 1938 4637 illa
1974 4589 2350 4653 persequatur,
2399 4585 2679 4635 versantes
2720 4595 2734 4632 :
2774 4575 3040 4647 ejusmodi
3066 4591 3196 4632 sane
3220 4585 3404 4632 utnec

181 4682 324 4736 circa
359 4681 532 4735 ullum
555 4679 646 4751 qui
678 4677 875 4733 virtute
905 4678 1074 4733 fultus
1100 4676 1207 4743 sit,
1239 4689 1446 4732 versari
1479 4689 1720 4746 unquam
1759 4676 2038 4746 contingat
2065 4689 2081 4742 ς
2127 4681 2338 4730 tantum
2371 4671 2526 4728 abest
2567 4678 2628 4726 ut
2657 4669 2766 4727 illis
2794 4669 2972 4742 ipsum
3018 4670 3221 4725 bonum
3271 4669 3402 4726 sub-

181 4775 380 4844 iaceat.

637 4892 766 4948 CAP.
795 4889 888 4948 XI.
917 4888 1085 4946 Missa
1107 4893 1269 4946 virtus
1296 4889 1650 4946 Hanicltaica.
1674 4888 1918 4946 Hatenw
1937 4898 2170 4955 virtutes,
2195 4891 2314 4960 pari
2341 4889 2590 4943 minorive
2621 4888 2849 4944 malitia.

257 5016 375 5084 Ἐφ’
400 5014 566 5085 ἕτερα
595 5011 771 5065 τοίνυν
802 5012 924 5082 ήκει
952 5011 1112 5064 πάλιν
1138 5013 1166 5064 ὀ
1197 5011 1350 5080 λόγος
1378 5012 1740 5084 περιφερόμε-

174 5124 281 5170 νος.
323 5105 540 5176 Ἐπειδὴ
565 5103 674 5175 γὰρ
700 5102 924 5174 δύναμιν
949 5101 1039 5156 τὸν
1066 5100 1194 5158 Θεὸν
1222 5106 1300 5167 είς
1347 5103 1445 5175 τήν
1489 5103 1618 5177 ὕλην
1640 5122 1738 5160 κα-

172 5198 462 5269 ταπέμψαι
509 5197 660 5266 φασὶ,
712 5198 927 5249 σκοπεῖν
961 5193 1128 5262 ἄξιον,
1164 5195 1456 5268 πότερονή
1509 5197 1735 5271 δύναμις

133 5285 138 5288 ’
169 5289 313 5362 αὕτη
347 5288 491 5344 κατὰ
539 5288 600 5342 τὸ
639 5286 838 5358 ἀγαθὸν
868 5287 1170 5357 ἠλάττωται
1202 5287 1354 5360 παρὰ
1393 5288 1486 5342 τὸν
1516 5289 1668 5353 Θεὸν,
1697 5289 1731 5362 ἢ

167 5382 372 5453 ὁμοίως
405 5378 564 5452 εἶχεν.
607 5381 670 5434 El
705 5381 801 5452 μὲν
840 5379 948 5451 γὰρ
991 5379 1322 5449 ἠλάττωται,
1353 5381 1405 5436 τί
1437 5379 1498 5434 τὸ
1529 5380 1731 5446 αἴτιον;

171 5474 304 5546 ὕλης
341 5474 445 5544 μὲν
502 5471 611 5542 γὰρ
636 5470 787 5524 οὐδὲν
827 5469 1039 5540 μετεῖχε
1080 5469 1187 5523 τῶν
1219 5469 1367 5542 παρὰ
1405 5469 1554 5540 Θεῷ·
1590 5469 1646 5521 ἓν
1675 5467 1732 5522 δέ

179 5573 330 5636 μόνον
359 5565 566 5636 ἀγαθὸν
609 5565 814 5634 εἰσάγει
849 5564 940 5618 τὸν
987 5563 1138 5628 Θεὸν,
1188 5563 1282 5616 καὶ
1323 5563 1380 5616 ἓν
1419 5563 1588 5616 κακὸν
1631 5565 1731 5636 τὴν

181 5659 327 5732 ὕλην·
369 5662 420 5712 εί
453 5659 511 5711 δὲ
541 5656 739 5726 ὁμοίως
800 5651 932 5724 εἶχε,
964 5654 1108 5717 τίνος
1146 5654 1306 5710 ἕνεκα
1347 5655 1376 5708 ὁ
1422 5656 1518 5725 μὲν
1545 5653 1730 5724 ὥσπερ

446 5757 721 5818 Ριτιιοι.
752 5752 868 5816 Gn.
896 5751 1115 5814 XVIII.

1915 5009 1996 5064 Ad
2031 5010 2133 5064 alia
2175 5009 2338 5081 igitur
2363 5024 2555 5064 rursus
2590 5007 2759 5063 tendit
2787 5004 3230 5063 circumvolitans
3270 5018 3396 5060 ora-

1841 5101 1938 5156 tio.
1971 5100 2108 5168 Quia
2134 5103 2275 5157 enim
2314 5102 2530 5157 misisse
2551 5099 2716 5154 Deum
2745 5097 3000 5155 virtutem
3029 5098 3085 5153 in
3114 5097 3396 5152 materiam

1841 5193 2048 5256 dicunt,
2075 5191 2484 5247 consideremus
2525 5203 2704 5260 opera:
2741 5189 3008 5259 pretium,
3044 5194 3228 5242 utrum
3279 5186 3412 5243 haec

1837 5283 2046 5346 virtus,
2076 5282 2143 5336 ad
2186 5283 2310 5338 boni
2353 5282 2619 5337 rationem
2658 5281 2804 5352 quod
2847 5281 3077 5345 attinet,
3129 5293 3240 5350 pra:
3284 5278 3395 5334 Deo

1840 5376 2018 5430 minor
2051 5383 2214 5437 esset,
2248 5382 2340 5428 aut
2375 5374 2537 5429 simili
2569 5373 2777 5427 ratione
2814 5372 3054 5428 haberet.
3114 5368 3392 5440 Siquidem

1837 5469 1981 5524 enim
2014 5468 2105 5522 illa
2137 5467 2417 5523 deﬁciebat
2447 5467 2729 5535 minorque
2755 5472 2902 5528 erat,
2938 5478 3184 5534 quamam
3215 5462 3392 5517 ratio?

1835 5555 1969 5614 Nam
1995 5575 2114 5631 quae
2146 5559 2286 5630 apud
2327 5557 2491 5614 Deum
2517 5595 2533 5620 ,
2587 5557 2794 5612 nullum
2823 5555 3062 5610 materia:
3103 5553 3394 5609 admittunt

1833 5651 2239 5710 commercium.
2289 5649 2468 5707 Unum
2503 5666 2630 5706 vero
2658 5649 2918 5707 duntaxat
2972 5647 3173 5702 bonum
3222 5644 3391 5700 Deum

3023 5741 3096 5799 13s
