  <div class='ocr_page' id='page_1' title='image "/cluster/home/n/w/nwhite01/storage/ocr_20150623/18/hvd.32044073501207/220.png"; bbox 0 0 3956 6198; ppageno 0'>
   <div class='ocr_carea' id='block_1_1' title="bbox 218 211 321 268">
    <p class='ocr_par' dir='ltr' id='par_1_1' title="bbox 218 211 321 268">
     <span class='ocr_line' id='line_1_1' title="bbox 218 211 321 268; baseline 0.01 -1"><span class='ocrx_word' id='word_1_1' title='bbox 218 211 321 268; x_wconf 66' lang='grc' dir='ltr'>ιεθ</span> 
     </span>
    </p>
   </div>
   <div class='ocr_carea' id='block_1_2' title="bbox 1089 210 2573 277">
    <p class='ocr_par' dir='ltr' id='par_1_2' title="bbox 1089 210 2573 277">
     <span class='ocr_line' id='line_1_2' title="bbox 1089 210 2573 277; baseline 0.005 -7"><span class='ocrx_word' id='word_1_2' title='bbox 1089 211 1507 274; x_wconf 81' lang='lat' dir='ltr'><strong>TRACTATUS</strong></span> <span class='ocrx_word' id='word_1_3' title='bbox 1542 213 1630 269; x_wconf 89' lang='lat' dir='ltr'><strong>DE</strong></span> <span class='ocrx_word' id='word_1_4' title='bbox 1669 210 1981 270; x_wconf 68' lang='lat' dir='ltr'><strong>PLACITIS</strong></span> <span class='ocrx_word' id='word_1_5' title='bbox 2020 213 2573 277; x_wconf 70' lang='lat' dir='ltr'><strong>MANICHAEIORUM.</strong></span> 
     </span>
    </p>
   </div>
   <div class='ocr_carea' id='block_1_3' title="bbox 3325 223 3432 288">
    <p class='ocr_par' dir='ltr' id='par_1_3' title="bbox 3325 223 3432 288">
     <span class='ocr_line' id='line_1_3' title="bbox 3325 223 3432 288; baseline -0.009 -3"><span class='ocrx_word' id='word_1_6' title='bbox 3325 223 3432 288; x_wconf 64' lang='lat'><strong>430</strong></span> 
     </span>
    </p>
   </div>
   <div class='ocr_carea' id='block_1_4' title="bbox 215 347 3432 430">
    <p class='ocr_par' dir='ltr' id='par_1_4' title="bbox 215 347 3432 430">
     <span class='ocr_line' id='line_1_4' title="bbox 215 347 3432 430; baseline 0.007 -28"><span class='ocrx_word' id='word_1_7' title='bbox 215 349 344 404; x_wconf 68' lang='lat' dir='ltr'><strong>CAP.</strong></span> <span class='ocrx_word' id='word_1_8' title='bbox 379 347 514 404; x_wconf 76' lang='grc' dir='ltr'>ιιιιι.</span> <span class='ocrx_word' id='word_1_9' title='bbox 549 348 751 404; x_wconf 69' lang='lat' dir='ltr'><strong>Malum</strong></span> <span class='ocrx_word' id='word_1_10' title='bbox 775 350 1340 430; x_wconf 55' lang='lat' dir='ltr'><strong>utinimeiusideribus</strong></span> <span class='ocrx_word' id='word_1_11' title='bbox 1368 359 1419 408; x_wconf 74' lang='grc' dir='ltr'><strong>ει</strong></span> <span class='ocrx_word' id='word_1_12' title='bbox 1451 354 1640 430; x_wconf 80' lang='lat' dir='ltr'><strong>stellis.</strong></span> <span class='ocrx_word' id='word_1_13' title='bbox 1673 353 1823 408; x_wconf 86' lang='lat' dir='ltr'><strong>Mala</strong></span> <span class='ocrx_word' id='word_1_14' title='bbox 1857 355 2183 430; x_wconf 71' lang='lat' dir='ltr'><strong>uitteomuia</strong></span> <span class='ocrx_word' id='word_1_15' title='bbox 2214 355 2536 430; x_wconf 75' lang='lat' dir='ltr'><strong>Manichuice</strong></span> <span class='ocrx_word' id='word_1_16' title='bbox 2559 374 2712 430; x_wconf 74' lang='lat' dir='ltr'><strong>caua,</strong></span> <span class='ocrx_word' id='word_1_17' title='bbox 2736 374 2852 430; x_wconf 60' lang='lat' dir='ltr'><strong>quia</strong></span> <span class='ocrx_word' id='word_1_18' title='bbox 2887 361 3004 417; x_wconf 72' lang='lat' dir='ltr'><strong>vita</strong></span> <span class='ocrx_word' id='word_1_19' title='bbox 3028 363 3277 422; x_wconf 74' lang='lat' dir='ltr'><strong>inducant</strong></span> <span class='ocrx_word' id='word_1_20' title='bbox 3296 369 3432 426; x_wconf 79' lang='lat' dir='ltr'><strong>inte-</strong></span> 
     </span>
    </p>
   </div>
   <div class='ocr_carea' id='block_1_5' title="bbox 744 421 2869 494">
    <p class='ocr_par' dir='ltr' id='par_1_5' title="bbox 744 421 2869 494">
     <span class='ocr_line' id='line_1_5' title="bbox 744 421 2869 494; baseline 0.006 -20"><span class='ocrx_word' id='word_1_21' title='bbox 744 421 902 474; x_wconf 85' lang='lat' dir='ltr'><strong>ritum</strong></span> <span class='ocrx_word' id='word_1_22' title='bbox 927 439 945 476; x_wconf 89' lang='lat'><strong><em>:</em></strong></span> <span class='ocrx_word' id='word_1_23' title='bbox 971 423 1154 478; x_wconf 77' lang='lat' dir='ltr'><strong>delirio</strong></span> <span class='ocrx_word' id='word_1_24' title='bbox 1177 441 1340 494; x_wconf 87' lang='lat' dir='ltr'><strong>supra</strong></span> <span class='ocrx_word' id='word_1_25' title='bbox 1359 428 1594 494; x_wconf 71' lang='lat' dir='ltr'><strong>exposito</strong></span> <span class='ocrx_word' id='word_1_26' title='bbox 1617 426 2014 480; x_wconf 84' lang='lat' dir='ltr'><strong>transvectiouis</strong></span> <span class='ocrx_word' id='word_1_27' title='bbox 2038 427 2332 480; x_wconf 82' lang='lat' dir='ltr'><strong>animarum</strong></span> <span class='ocrx_word' id='word_1_28' title='bbox 2349 443 2412 481; x_wconf 80' lang='lat' dir='ltr'><strong>ea:</strong></span> <span class='ocrx_word' id='word_1_29' title='bbox 2433 427 2560 480; x_wconf 77' lang='lat' dir='ltr'><strong>(una</strong></span> <span class='ocrx_word' id='word_1_30' title='bbox 2587 429 2653 482; x_wconf 86' lang='lat' dir='ltr'><strong>ad</strong></span> <span class='ocrx_word' id='word_1_31' title='bbox 2689 421 2869 486; x_wconf 69' lang='lat' dir='ltr'><strong>solem.</strong></span> 
     </span>
    </p>
   </div>
   <div class='ocr_carea' id='block_1_6' title="bbox 283 532 1784 612">
    <p class='ocr_par' dir='ltr' id='par_1_6' title="bbox 283 532 1775 612">
     <span class='ocr_line' id='line_1_6' title="bbox 283 532 1775 612; baseline 0.005 -26"><span class='ocrx_word' id='word_1_32' title='bbox 283 532 423 586; x_wconf 80' lang='grc' dir='ltr'>Τίνα</span> <span class='ocrx_word' id='word_1_33' title='bbox 452 533 507 588; x_wconf 81' lang='grc' dir='ltr'>δὲ</span> <span class='ocrx_word' id='word_1_34' title='bbox 533 534 627 588; x_wconf 81' lang='grc' dir='ltr'>καὶ</span> <span class='ocrx_word' id='word_1_35' title='bbox 647 535 715 588; x_wconf 76' lang='grc' dir='ltr'>τὰ</span> <span class='ocrx_word' id='word_1_36' title='bbox 745 536 890 589; x_wconf 72' lang='grc' dir='ltr'>κακὰ</span> <span class='ocrx_word' id='word_1_37' title='bbox 915 535 1052 590; x_wconf 73' lang='grc' dir='ltr'>εἶναι</span> <span class='ocrx_word' id='word_1_38' title='bbox 1074 537 1255 606; x_wconf 74' lang='grc' dir='ltr'>λέγεις</span> <span class='ocrx_word' id='word_1_39' title='bbox 1277 539 1410 610; x_wconf 76' lang='grc' dir='ltr'><strong>Περὶ</strong></span> <span class='ocrx_word' id='word_1_40' title='bbox 1439 540 1535 611; x_wconf 77' lang='grc' dir='ltr'>μὲν</span> <span class='ocrx_word' id='word_1_41' title='bbox 1555 539 1662 612; x_wconf 81' lang='grc' dir='ltr'>γὰρ</span> <span class='ocrx_word' id='word_1_42' title='bbox 1685 539 1775 593; x_wconf 89' lang='grc' dir='ltr'><strong>τὸν</strong></span> 
     </span>
    </p>
   </div>
   <div class='ocr_carea' id='block_1_7' title="bbox 1870 532 3430 612">
    <p class='ocr_par' dir='ltr' id='par_1_7' title="bbox 1947 538 3430 608">
     <span class='ocr_line' id='line_1_7' title="bbox 1947 538 3430 608; baseline 0.01 -15"><span class='ocrx_word' id='word_1_43' title='bbox 1947 538 2205 605; x_wconf 72' lang='lat' dir='ltr'><strong>Quaenam</strong></span> <span class='ocrx_word' id='word_1_44' title='bbox 2233 552 2361 596; x_wconf 87' lang='lat' dir='ltr'><strong>vero</strong></span> <span class='ocrx_word' id='word_1_45' title='bbox 2388 539 2553 595; x_wconf 86' lang='lat' dir='ltr'><strong>etiam</strong></span> <span class='ocrx_word' id='word_1_46' title='bbox 2585 541 2723 595; x_wconf 88' lang='lat' dir='ltr'><strong>mala</strong></span> <span class='ocrx_word' id='word_1_47' title='bbox 2753 557 2875 599; x_wconf 89' lang='lat' dir='ltr'><strong>esse</strong></span> <span class='ocrx_word' id='word_1_48' title='bbox 2917 545 3088 600; x_wconf 83' lang='lat' dir='ltr'><strong>dicit?</strong></span> <span class='ocrx_word' id='word_1_49' title='bbox 3129 549 3213 602; x_wconf 83' lang='lat' dir='ltr'><strong>Ad</strong></span> <span class='ocrx_word' id='word_1_50' title='bbox 3262 554 3430 608; x_wconf 88' lang='lat' dir='ltr'><strong>solem</strong></span> 
     </span>
    </p>
   </div>
   <div class='ocr_carea' id='block_1_8' title="bbox 217 627 1772 704">
    <p class='ocr_par' dir='ltr' id='par_1_8' title="bbox 217 627 1772 704">
     <span class='ocr_line' id='line_1_8' title="bbox 217 627 1772 704; baseline 0.005 -25"><span class='ocrx_word' id='word_1_51' title='bbox 217 627 369 697; x_wconf 70' lang='grc' dir='ltr'>ἥλιον</span> <span class='ocrx_word' id='word_1_52' title='bbox 404 628 494 680; x_wconf 81' lang='grc' dir='ltr'>καὶ</span> <span class='ocrx_word' id='word_1_53' title='bbox 518 627 615 700; x_wconf 84' lang='grc' dir='ltr'>τὴν</span> <span class='ocrx_word' id='word_1_54' title='bbox 645 629 872 702; x_wconf 82' lang='grc' dir='ltr'><strong>σελήνην</strong></span> <span class='ocrx_word' id='word_1_55' title='bbox 904 631 1056 685; x_wconf 81' lang='grc' dir='ltr'>οὐδὲν</span> <span class='ocrx_word' id='word_1_56' title='bbox 1094 632 1397 686; x_wconf 69' lang='grc' dir='ltr'>ἀπολείπει*</span> <span class='ocrx_word' id='word_1_57' title='bbox 1441 634 1570 704; x_wconf 65' lang='grc' dir='ltr'><strong>περλ⁸</strong></span> <span class='ocrx_word' id='word_1_58' title='bbox 1595 633 1651 686; x_wconf 86' lang='grc' dir='ltr'>δὲ</span> <span class='ocrx_word' id='word_1_59' title='bbox 1683 633 1772 687; x_wconf 85' lang='grc' dir='ltr'><strong>τὸν</strong></span> 
     </span>
    </p>
   </div>
   <div class='ocr_carea' id='block_1_9' title="bbox 215 721 1772 798">
    <p class='ocr_par' dir='ltr' id='par_1_9' title="bbox 215 721 1772 798">
     <span class='ocr_line' id='line_1_9' title="bbox 215 721 1772 798; baseline 0.004 -26"><span class='ocrx_word' id='word_1_60' title='bbox 215 721 437 792; x_wconf 75' lang='grc' dir='ltr'>οὐρανὸν</span> <span class='ocrx_word' id='word_1_61' title='bbox 465 723 558 774; x_wconf 79' lang='grc' dir='ltr'>καὶ</span> <span class='ocrx_word' id='word_1_62' title='bbox 586 723 712 786; x_wconf 75' lang='grc' dir='ltr'>τοὺς</span> <span class='ocrx_word' id='word_1_63' title='bbox 751 723 1002 795; x_wconf 81' lang='grc' dir='ltr'><strong>ἀστέρας,</strong></span> <span class='ocrx_word' id='word_1_64' title='bbox 1027 724 1152 778; x_wconf 80' lang='grc' dir='ltr'>εἴτι</span> <span class='ocrx_word' id='word_1_65' title='bbox 1179 726 1416 780; x_wconf 90' lang='grc' dir='ltr'>τοιοῦτον</span> <span class='ocrx_word' id='word_1_66' title='bbox 1441 721 1580 779; x_wconf 70' lang='grc' dir='ltr'>εἷναί</span> <span class='ocrx_word' id='word_1_67' title='bbox 1619 743 1772 798; x_wconf 81' lang='grc' dir='ltr'>φησι,</span> 
     </span>
    </p>
   </div>
   <div class='ocr_carea' id='block_1_10' title="bbox 211 813 1774 890">
    <p class='ocr_par' dir='ltr' id='par_1_10' title="bbox 211 813 1774 890">
     <span class='ocr_line' id='line_1_10' title="bbox 211 813 1774 890; baseline 0.006 -26"><span class='ocrx_word' id='word_1_68' title='bbox 211 813 302 865; x_wconf 80' lang='grc' dir='ltr'>καὶ</span> <span class='ocrx_word' id='word_1_69' title='bbox 324 813 377 865; x_wconf 89' lang='grc' dir='ltr'><strong>τί</strong></span> <span class='ocrx_word' id='word_1_70' title='bbox 412 813 533 866; x_wconf 78' lang='grc' dir='ltr'>ποτ’</span> <span class='ocrx_word' id='word_1_71' title='bbox 564 813 682 867; x_wconf 78' lang='grc' dir='ltr'>ἐστὶ</span> <span class='ocrx_word' id='word_1_72' title='bbox 708 815 883 880; x_wconf 90' lang='grc' dir='ltr'>τοῦτο,</span> <span class='ocrx_word' id='word_1_73' title='bbox 916 817 1132 885; x_wconf 74' lang='grc' dir='ltr'>εὔλογον</span> <span class='ocrx_word' id='word_1_74' title='bbox 1161 818 1356 889; x_wconf 80' lang='grc' dir='ltr'>ἐφεξῆς</span> <span class='ocrx_word' id='word_1_75' title='bbox 1389 819 1587 890; x_wconf 74' lang='grc' dir='ltr'>ζητεῖν.</span> <span class='ocrx_word' id='word_1_76' title='bbox 1635 819 1774 872; x_wconf 79' lang='grc' dir='ltr'>Ἀλλ’</span> 
     </span>
    </p>
   </div>
   <div class='ocr_carea' id='block_1_11' title="bbox 210 902 1774 982">
    <p class='ocr_par' dir='ltr' id='par_1_11' title="bbox 210 902 1774 982">
     <span class='ocr_line' id='line_1_11' title="bbox 210 902 1774 982; baseline 0.006 -28"><span class='ocrx_word' id='word_1_77' title='bbox 210 904 242 972; x_wconf 77' lang='grc' dir='ltr'>ἠ</span> <span class='ocrx_word' id='word_1_78' title='bbox 291 902 391 972; x_wconf 83' lang='grc' dir='ltr'>μὲν</span> <span class='ocrx_word' id='word_1_79' title='bbox 450 903 648 970; x_wconf 77' lang='grc' dir='ltr'><strong>ἀταξία</strong></span> <span class='ocrx_word' id='word_1_80' title='bbox 697 906 814 958; x_wconf 79' lang='grc' dir='ltr'>κατ’</span> <span class='ocrx_word' id='word_1_81' title='bbox 864 907 1058 971; x_wconf 71' lang='grc' dir='ltr'>αὐτούς</span> <span class='ocrx_word' id='word_1_82' title='bbox 1114 910 1227 961; x_wconf 82' lang='grc' dir='ltr'>ἐστι</span> <span class='ocrx_word' id='word_1_83' title='bbox 1271 910 1332 961; x_wconf 90' lang='grc' dir='ltr'><strong>τὸ</strong></span> <span class='ocrx_word' id='word_1_84' title='bbox 1385 908 1554 963; x_wconf 84' lang='grc' dir='ltr'>κακὸν</span> <span class='ocrx_word' id='word_1_85' title='bbox 1598 910 1691 963; x_wconf 71' lang='grc' dir='ltr'><strong>καὶ</strong></span> <span class='ocrx_word' id='word_1_86' title='bbox 1739 912 1774 982; x_wconf 76' lang='grc' dir='ltr'>ἡ</span> 
     </span>
    </p>
   </div>
   <div class='ocr_carea' id='block_1_12' title="bbox 208 995 1776 1067">
    <p class='ocr_par' dir='ltr' id='par_1_12' title="bbox 208 995 1776 1067">
     <span class='ocr_line' id='line_1_12' title="bbox 208 995 1776 1067; baseline 0.006 -20"><span class='ocrx_word' id='word_1_87' title='bbox 208 995 444 1058; x_wconf 81' lang='grc' dir='ltr'>ἄτακτος</span> <span class='ocrx_word' id='word_1_88' title='bbox 481 995 723 1067; x_wconf 72' lang='grc' dir='ltr'>κίνησιςο</span> <span class='ocrx_word' id='word_1_89' title='bbox 766 997 938 1052; x_wconf 87' lang='grc' dir='ltr'>ταῦτα</span> <span class='ocrx_word' id='word_1_90' title='bbox 978 999 1034 1052; x_wconf 83' lang='grc' dir='ltr'>δὲ</span> <span class='ocrx_word' id='word_1_91' title='bbox 1081 1000 1168 1053; x_wconf 76' lang='grc' dir='ltr'>ἀεὶ</span> <span class='ocrx_word' id='word_1_92' title='bbox 1209 1001 1349 1056; x_wconf 85' lang='grc' dir='ltr'><strong>κατά</strong></span> <span class='ocrx_word' id='word_1_93' title='bbox 1388 1003 1458 1056; x_wconf 80' lang='grc' dir='ltr'><strong>τά</strong></span> <span class='ocrx_word' id='word_1_94' title='bbox 1501 1002 1637 1055; x_wconf 83' lang='grc' dir='ltr'>αὑτά</span> <span class='ocrx_word' id='word_1_95' title='bbox 1684 1005 1776 1057; x_wconf 84' lang='grc' dir='ltr'>καί</span> 
     </span>
    </p>
   </div>
   <div class='ocr_carea' id='block_1_13' title="bbox 207 1085 1775 1167">
    <p class='ocr_par' dir='ltr' id='par_1_13' title="bbox 207 1085 1775 1167">
     <span class='ocr_line' id='line_1_13' title="bbox 207 1085 1775 1167; baseline 0.009 -31"><span class='ocrx_word' id='word_1_96' title='bbox 207 1085 470 1148; x_wconf 75' lang='grc' dir='ltr'><strong>ὡσαύτως</strong></span> <span class='ocrx_word' id='word_1_97' title='bbox 502 1085 647 1157; x_wconf 78' lang='grc' dir='ltr'>ἔχει’</span> <span class='ocrx_word' id='word_1_98' title='bbox 687 1090 782 1142; x_wconf 71' lang='grc' dir='ltr'>καὶ</span> <span class='ocrx_word' id='word_1_99' title='bbox 822 1089 944 1143; x_wconf 72' lang='grc' dir='ltr'>οὔτε</span> <span class='ocrx_word' id='word_1_100' title='bbox 983 1092 1104 1146; x_wconf 82' lang='grc' dir='ltr'>τινά</span> <span class='ocrx_word' id='word_1_101' title='bbox 1142 1110 1223 1157; x_wconf 89' lang='grc' dir='ltr'><strong>τις</strong></span> <span class='ocrx_word' id='word_1_102' title='bbox 1257 1093 1364 1148; x_wconf 85' lang='grc' dir='ltr'>τῶν</span> <span class='ocrx_word' id='word_1_103' title='bbox 1410 1093 1775 1167; x_wconf 83' lang='grc' dir='ltr'><strong>πλανωμένων</strong></span> 
     </span>
    </p>
   </div>
   <div class='ocr_carea' id='block_1_14' title="bbox 206 1178 1775 1258">
    <p class='ocr_par' dir='ltr' id='par_1_14' title="bbox 206 1178 1775 1258">
     <span class='ocr_line' id='line_1_14' title="bbox 206 1178 1775 1258; baseline 0.008 -29"><span class='ocrx_word' id='word_1_104' title='bbox 206 1178 534 1242; x_wconf 73' lang='grc' dir='ltr'>αἰτιάσεται,</span> <span class='ocrx_word' id='word_1_105' title='bbox 557 1179 633 1242; x_wconf 84' lang='grc' dir='ltr'>ὼς</span> <span class='ocrx_word' id='word_1_106' title='bbox 661 1180 808 1252; x_wconf 81' lang='grc' dir='ltr'>παρὰ</span> <span class='ocrx_word' id='word_1_107' title='bbox 828 1181 917 1235; x_wconf 83' lang='grc' dir='ltr'><strong>τὸν</strong></span> <span class='ocrx_word' id='word_1_108' title='bbox 933 1184 1260 1255; x_wconf 81' lang='grc' dir='ltr'><strong>τεταγμένον</strong></span> <span class='ocrx_word' id='word_1_109' title='bbox 1283 1186 1470 1257; x_wconf 84' lang='grc' dir='ltr'>χρόνον</span> <span class='ocrx_word' id='word_1_110' title='bbox 1498 1189 1775 1258; x_wconf 76' lang='grc' dir='ltr'>ἐπιμεῖναι</span> 
     </span>
    </p>
   </div>
   <div class='ocr_carea' id='block_1_15' title="bbox 205 1269 1775 1344">
    <p class='ocr_par' dir='ltr' id='par_1_15' title="bbox 205 1269 1775 1344">
     <span class='ocr_line' id='line_1_15' title="bbox 205 1269 1775 1344; baseline 0.007 -23"><span class='ocrx_word' id='word_1_111' title='bbox 205 1286 337 1322; x_wconf 72' lang='grc' dir='ltr'>ποτε</span> <span class='ocrx_word' id='word_1_112' title='bbox 384 1269 636 1343; x_wconf 77' lang='grc' dir='ltr'>ζωδιακῷ</span> <span class='ocrx_word' id='word_1_113' title='bbox 674 1272 997 1338; x_wconf 77' lang='grc' dir='ltr'><strong>ἀξιώσαντα,</strong></span> <span class='ocrx_word' id='word_1_114' title='bbox 1049 1274 1171 1330; x_wconf 76' lang='grc' dir='ltr'>οὕτε</span> <span class='ocrx_word' id='word_1_115' title='bbox 1222 1278 1330 1332; x_wconf 84' lang='grc' dir='ltr'>τῶν</span> <span class='ocrx_word' id='word_1_116' title='bbox 1375 1280 1646 1344; x_wconf 70' lang='grc' dir='ltr'>ἀπλανῶν,</span> <span class='ocrx_word' id='word_1_117' title='bbox 1701 1281 1775 1344; x_wconf 82' lang='grc' dir='ltr'><strong>ὡς</strong></span> 
     </span>
    </p>
   </div>
   <div class='ocr_carea' id='block_1_16' title="bbox 203 1361 1776 1442">
    <p class='ocr_par' dir='ltr' id='par_1_16' title="bbox 203 1361 1776 1442">
     <span class='ocr_line' id='line_1_16' title="bbox 203 1361 1776 1442; baseline 0.007 -28"><span class='ocrx_word' id='word_1_118' title='bbox 203 1361 387 1415; x_wconf 73' lang='grc' dir='ltr'>οὐκέτι</span> <span class='ocrx_word' id='word_1_119' title='bbox 424 1363 526 1433; x_wconf 83' lang='grc' dir='ltr'>τῆς</span> <span class='ocrx_word' id='word_1_120' title='bbox 572 1365 742 1435; x_wconf 78' lang='grc' dir='ltr'>αὐτῆς</span> <span class='ocrx_word' id='word_1_121' title='bbox 790 1365 1016 1436; x_wconf 84' lang='grc' dir='ltr'>μένοντα</span> <span class='ocrx_word' id='word_1_122' title='bbox 1051 1367 1211 1436; x_wconf 76' lang='grc' dir='ltr'>ἕδρας</span> <span class='ocrx_word' id='word_1_123' title='bbox 1253 1370 1348 1423; x_wconf 75' lang='grc' dir='ltr'>καὶ</span> <span class='ocrx_word' id='word_1_124' title='bbox 1395 1369 1468 1442; x_wconf 83' lang='grc' dir='ltr'><strong>μὴ</strong></span> <span class='ocrx_word' id='word_1_125' title='bbox 1509 1388 1776 1442; x_wconf 87' lang='grc' dir='ltr'>συμπερι-</span> 
     </span>
    </p>
   </div>
   <div class='ocr_carea' id='block_1_17' title="bbox 180 1441 1772 1530">
    <p class='ocr_par' dir='ltr' id='par_1_17' title="bbox 180 1441 1772 1530">
     <span class='ocr_line' id='line_1_17' title="bbox 180 1441 1772 1530; baseline 0.006 -26"><span class='ocrx_word' id='word_1_126' title='bbox 180 1441 472 1506; x_wconf 83' lang='grc' dir='ltr'>’πολοῦντα</span> <span class='ocrx_word' id='word_1_127' title='bbox 501 1457 567 1524; x_wconf 82' lang='grc' dir='ltr'>τῇ</span> <span class='ocrx_word' id='word_1_128' title='bbox 609 1453 702 1508; x_wconf 90' lang='grc' dir='ltr'><strong>τοῦ</strong></span> <span class='ocrx_word' id='word_1_129' title='bbox 746 1457 942 1519; x_wconf 87' lang='grc' dir='ltr'>παντὸς</span> <span class='ocrx_word' id='word_1_130' title='bbox 979 1460 1268 1530; x_wconf 79' lang='grc' dir='ltr'><strong>περιφορᾷ,</strong></span> <span class='ocrx_word' id='word_1_131' title='bbox 1303 1460 1361 1513; x_wconf 84' lang='grc' dir='ltr'>ὲν</span> <span class='ocrx_word' id='word_1_132' title='bbox 1401 1441 1594 1515; x_wconf 79' lang='grc' dir='ltr'>ἑκατὸν</span> <span class='ocrx_word' id='word_1_133' title='bbox 1629 1462 1772 1516; x_wconf 77' lang='grc' dir='ltr'>ἔτεσι</span> 
     </span>
    </p>
   </div>
   <div class='ocr_carea' id='block_1_18' title="bbox 201 1544 1774 1625">
    <p class='ocr_par' dir='ltr' id='par_1_18' title="bbox 201 1544 1774 1625">
     <span class='ocr_line' id='line_1_18' title="bbox 201 1544 1774 1625; baseline 0.006 -29"><span class='ocrx_word' id='word_1_134' title='bbox 201 1544 335 1614; x_wconf 86' lang='grc' dir='ltr'>μίαν</span> <span class='ocrx_word' id='word_1_135' title='bbox 361 1549 557 1618; x_wconf 84' lang='grc' dir='ltr'>μοῖραν</span> <span class='ocrx_word' id='word_1_136' title='bbox 589 1550 682 1602; x_wconf 73' lang='grc' dir='ltr'><strong>ἐπὶ</strong></span> <span class='ocrx_word' id='word_1_137' title='bbox 707 1551 772 1604; x_wconf 79' lang='grc' dir='ltr'><strong>τὰ</strong></span> <span class='ocrx_word' id='word_1_138' title='bbox 798 1551 1038 1620; x_wconf 78' lang='grc' dir='ltr'>ἑπόμενα</span> <span class='ocrx_word' id='word_1_139' title='bbox 1063 1554 1376 1624; x_wconf 87' lang='grc' dir='ltr'>κινούμενα.</span> <span class='ocrx_word' id='word_1_140' title='bbox 1417 1555 1503 1607; x_wconf 84' lang='grc' dir='ltr'>Ἐν</span> <span class='ocrx_word' id='word_1_141' title='bbox 1523 1557 1595 1625; x_wconf 81' lang='grc' dir='ltr'>γῇ</span> <span class='ocrx_word' id='word_1_142' title='bbox 1633 1555 1688 1607; x_wconf 84' lang='grc' dir='ltr'>δὲ</span> <span class='ocrx_word' id='word_1_143' title='bbox 1725 1556 1774 1606; x_wconf 84' lang='grc' dir='ltr'>εἱ</span> 
     </span>
    </p>
   </div>
   <div class='ocr_carea' id='block_1_19' title="bbox 195 1626 1772 1716">
    <p class='ocr_par' dir='ltr' id='par_1_19' title="bbox 195 1626 1772 1716">
     <span class='ocr_line' id='line_1_19' title="bbox 195 1626 1772 1716; baseline 0.008 -31"><span class='ocrx_word' id='word_1_144' title='bbox 195 1632 256 1686; x_wconf 84' lang='grc' dir='ltr'><strong>τὸ</strong></span> <span class='ocrx_word' id='word_1_145' title='bbox 292 1634 569 1707; x_wconf 77' lang='grc' dir='ltr'>ἀνήμερον</span> <span class='ocrx_word' id='word_1_146' title='bbox 603 1639 758 1692; x_wconf 80' lang='grc' dir='ltr'>ἐνίων</span> <span class='ocrx_word' id='word_1_147' title='bbox 795 1642 1008 1713; x_wconf 83' lang='grc' dir='ltr'>χωρίων</span> <span class='ocrx_word' id='word_1_148' title='bbox 1040 1645 1360 1714; x_wconf 72' lang='grc' dir='ltr'>αἰτιᾶται,ἢ</span> <span class='ocrx_word' id='word_1_149' title='bbox 1397 1626 1697 1716; x_wconf 75' lang='grc' dir='ltr'>μέμψονται</span> <span class='ocrx_word' id='word_1_150' title='bbox 1723 1646 1772 1698; x_wconf 78' lang='grc' dir='ltr'>οἱ</span> 
     </span>
    </p>
   </div>
   <div class='ocr_carea' id='block_1_20' title="bbox 194 1726 1772 1809">
    <p class='ocr_par' dir='ltr' id='par_1_20' title="bbox 194 1726 1772 1809">
     <span class='ocr_line' id='line_1_20' title="bbox 194 1726 1772 1809; baseline 0.009 -32"><span class='ocrx_word' id='word_1_151' title='bbox 194 1726 538 1798; x_wconf 77' lang='grc' dir='ltr'>κυϐερνῆται</span> <span class='ocrx_word' id='word_1_152' title='bbox 587 1731 646 1783; x_wconf 82' lang='grc' dir='ltr'>ἐν</span> <span class='ocrx_word' id='word_1_153' title='bbox 688 1735 753 1803; x_wconf 82' lang='grc' dir='ltr'>τῇ</span> <span class='ocrx_word' id='word_1_154' title='bbox 801 1732 1044 1807; x_wconf 80' lang='grc' dir='ltr'>θαλάσσῃ</span> <span class='ocrx_word' id='word_1_155' title='bbox 1087 1736 1385 1807; x_wconf 78' lang='grc' dir='ltr'>χειμῶναςο</span> <span class='ocrx_word' id='word_1_156' title='bbox 1415 1737 1629 1809; x_wconf 83' lang='grc' dir='ltr'>πρῶτον</span> <span class='ocrx_word' id='word_1_157' title='bbox 1676 1737 1772 1808; x_wconf 77' lang='grc' dir='ltr'>μὲν</span> 
     </span>
    </p>
   </div>
   <div class='ocr_carea' id='block_1_21' title="bbox 192 1817 1772 1897">
    <p class='ocr_par' dir='ltr' id='par_1_21' title="bbox 192 1817 1772 1897">
     <span class='ocr_line' id='line_1_21' title="bbox 192 1817 1772 1897; baseline 0.004 -27"><span class='ocrx_word' id='word_1_158' title='bbox 192 1817 318 1870; x_wconf 82' lang='grc' dir='ltr'>κατ’</span> <span class='ocrx_word' id='word_1_159' title='bbox 344 1818 544 1883; x_wconf 79' lang='grc' dir='ltr'>αὐτοὺς</span> <span class='ocrx_word' id='word_1_160' title='bbox 575 1820 674 1892; x_wconf 85' lang='grc' dir='ltr'>τῆς</span> <span class='ocrx_word' id='word_1_161' title='bbox 702 1820 796 1874; x_wconf 91' lang='grc' dir='ltr'><strong>τοῦ</strong></span> <span class='ocrx_word' id='word_1_162' title='bbox 833 1822 1038 1891; x_wconf 78' lang='grc' dir='ltr'><strong>ἀγαθοῦ</strong></span> <span class='ocrx_word' id='word_1_163' title='bbox 1082 1825 1276 1897; x_wconf 87' lang='grc' dir='ltr'>μοίρας</span> <span class='ocrx_word' id='word_1_164' title='bbox 1318 1823 1386 1879; x_wconf 84' lang='grc' dir='ltr'><strong>τὰ</strong></span> <span class='ocrx_word' id='word_1_165' title='bbox 1415 1825 1660 1879; x_wconf 85' lang='grc' dir='ltr'>τοιαῦτα.</span> <span class='ocrx_word' id='word_1_166' title='bbox 1709 1825 1772 1877; x_wconf 80' lang='grc' dir='ltr'><strong>Εἰ</strong></span> 
     </span>
    </p>
   </div>
   <div class='ocr_carea' id='block_1_22' title="bbox 1877 630 3430 712">
    <p class='ocr_par' dir='ltr' id='par_1_22' title="bbox 1877 630 3430 712">
     <span class='ocr_line' id='line_1_22' title="bbox 1877 630 3430 712; baseline 0.01 -29"><span class='ocrx_word' id='word_1_167' title='bbox 1877 630 2094 701; x_wconf 88' lang='lat' dir='ltr'><strong>quidem</strong></span> <span class='ocrx_word' id='word_1_168' title='bbox 2120 646 2184 684; x_wconf 86' lang='lat' dir='ltr'><strong>ac</strong></span> <span class='ocrx_word' id='word_1_169' title='bbox 2211 631 2391 686; x_wconf 89' lang='lat' dir='ltr'><strong>lunam</strong></span> <span class='ocrx_word' id='word_1_170' title='bbox 2435 632 2578 702; x_wconf 87' lang='lat' dir='ltr'><strong>quod</strong></span> <span class='ocrx_word' id='word_1_171' title='bbox 2612 633 2843 699; x_wconf 89' lang='lat' dir='ltr'><strong>attinet,</strong></span> <span class='ocrx_word' id='word_1_172' title='bbox 2890 637 3042 694; x_wconf 89' lang='lat' dir='ltr'><strong>deest</strong></span> <span class='ocrx_word' id='word_1_173' title='bbox 3071 641 3224 697; x_wconf 89' lang='lat' dir='ltr'><strong>nihil.</strong></span> <span class='ocrx_word' id='word_1_174' title='bbox 3277 645 3430 712; x_wconf 84' lang='lat' dir='ltr'><strong>Quod</strong></span> 
     </span>
    </p>
   </div>
   <div class='ocr_carea' id='block_1_23' title="bbox 1876 724 3429 804">
    <p class='ocr_par' dir='ltr' id='par_1_23' title="bbox 1876 724 3429 804">
     <span class='ocr_line' id='line_1_23' title="bbox 1876 724 3429 804; baseline 0.011 -28"><span class='ocrx_word' id='word_1_175' title='bbox 1876 739 2006 778; x_wconf 80' lang='lat' dir='ltr'><strong>vero</strong></span> <span class='ocrx_word' id='word_1_176' title='bbox 2034 724 2100 778; x_wconf 91' lang='lat' dir='ltr'><strong>ad</strong></span> <span class='ocrx_word' id='word_1_177' title='bbox 2130 725 2325 778; x_wconf 70' lang='lat' dir='ltr'><strong>caelum</strong></span> <span class='ocrx_word' id='word_1_178' title='bbox 2351 730 2404 779; x_wconf 92' lang='lat' dir='ltr'><strong>et</strong></span> <span class='ocrx_word' id='word_1_179' title='bbox 2435 724 2640 788; x_wconf 76' lang='lat' dir='ltr'><strong>stellas,</strong></span> <span class='ocrx_word' id='word_1_180' title='bbox 2680 727 2728 781; x_wconf 96' lang='lat' dir='ltr'><strong>si</strong></span> <span class='ocrx_word' id='word_1_181' title='bbox 2755 727 2884 796; x_wconf 92' lang='lat' dir='ltr'><strong>quid</strong></span> <span class='ocrx_word' id='word_1_182' title='bbox 2923 731 3031 786; x_wconf 86' lang='lat' dir='ltr'><strong>tale</strong></span> <span class='ocrx_word' id='word_1_183' title='bbox 3062 746 3185 788; x_wconf 89' lang='lat' dir='ltr'><strong>esse</strong></span> <span class='ocrx_word' id='word_1_184' title='bbox 3211 735 3429 804; x_wconf 92' lang='lat' dir='ltr'><strong>dixerit,</strong></span> 
     </span>
    </p>
   </div>
   <div class='ocr_carea' id='block_1_24' title="bbox 1877 815 3434 899">
    <p class='ocr_par' dir='ltr' id='par_1_24' title="bbox 1877 815 3434 899">
     <span class='ocr_line' id='line_1_24' title="bbox 1877 815 3434 899; baseline 0.011 -30"><span class='ocrx_word' id='word_1_185' title='bbox 1877 829 1941 869; x_wconf 92' lang='lat' dir='ltr'><strong>ac</strong></span> <span class='ocrx_word' id='word_1_186' title='bbox 1961 817 2214 886; x_wconf 85' lang='lat' dir='ltr'><strong>quidnam</strong></span> <span class='ocrx_word' id='word_1_187' title='bbox 2247 815 2462 872; x_wconf 86' lang='lat' dir='ltr'><strong>tandem</strong></span> <span class='ocrx_word' id='word_1_188' title='bbox 2489 818 2616 872; x_wconf 93' lang='lat' dir='ltr'><strong>illud</strong></span> <span class='ocrx_word' id='word_1_189' title='bbox 2643 819 2731 882; x_wconf 91' lang='lat' dir='ltr'><strong>sit,</strong></span> <span class='ocrx_word' id='word_1_190' title='bbox 2757 835 2969 890; x_wconf 74' lang='lat' dir='ltr'><strong>azquum</strong></span> <span class='ocrx_word' id='word_1_191' title='bbox 2999 831 3081 892; x_wconf 89' lang='lat' dir='ltr'><strong>est</strong></span> <span class='ocrx_word' id='word_1_192' title='bbox 3111 833 3171 880; x_wconf 89' lang='lat' dir='ltr'><strong>ut</strong></span> <span class='ocrx_word' id='word_1_193' title='bbox 3201 843 3434 899; x_wconf 85' lang='lat' dir='ltr'><strong>sequen-</strong></span> 
     </span>
    </p>
   </div>
   <div class='ocr_carea' id='block_1_25' title="bbox 1874 905 3430 983">
    <p class='ocr_par' dir='ltr' id='par_1_25' title="bbox 1874 905 3430 983">
     <span class='ocr_line' id='line_1_25' title="bbox 1874 905 3430 983; baseline 0.011 -25"><span class='ocrx_word' id='word_1_194' title='bbox 1874 906 2022 962; x_wconf 91' lang='lat' dir='ltr'><strong>tibus</strong></span> <span class='ocrx_word' id='word_1_195' title='bbox 2051 908 2420 979; x_wconf 83' lang='lat' dir='ltr'><strong>exquiramus.</strong></span> <span class='ocrx_word' id='word_1_196' title='bbox 2474 905 2798 975; x_wconf 84' lang='lat' dir='ltr'><strong>Enimvero,</strong></span> <span class='ocrx_word' id='word_1_197' title='bbox 2843 912 3208 983; x_wconf 84' lang='lat' dir='ltr'><strong>inordinatio,</strong></span> <span class='ocrx_word' id='word_1_198' title='bbox 3257 929 3316 973; x_wconf 90' lang='lat' dir='ltr'><strong>ut</strong></span> <span class='ocrx_word' id='word_1_199' title='bbox 3355 921 3430 976; x_wconf 93' lang='lat' dir='ltr'><strong>illi</strong></span> 
     </span>
    </p>
   </div>
   <div class='ocr_carea' id='block_1_26' title="bbox 1875 998 3430 1073">
    <p class='ocr_par' dir='ltr' id='par_1_26' title="bbox 1875 998 3430 1073">
     <span class='ocr_line' id='line_1_26' title="bbox 1875 998 3430 1073; baseline 0.01 -21"><span class='ocrx_word' id='word_1_200' title='bbox 1875 998 2208 1063; x_wconf 84' lang='lat' dir='ltr'><strong>existimant,</strong></span> <span class='ocrx_word' id='word_1_201' title='bbox 2232 999 2432 1054; x_wconf 90' lang='lat' dir='ltr'><strong>malum</strong></span> <span class='ocrx_word' id='word_1_202' title='bbox 2465 1009 2570 1064; x_wconf 85' lang='lat' dir='ltr'><strong>est,</strong></span> <span class='ocrx_word' id='word_1_203' title='bbox 2595 1009 2880 1073; x_wconf 88' lang='lat' dir='ltr'><strong>motusque</strong></span> <span class='ocrx_word' id='word_1_204' title='bbox 2911 1006 3269 1065; x_wconf 85' lang='lat' dir='ltr'><strong>inordinatus.</strong></span> <span class='ocrx_word' id='word_1_205' title='bbox 3304 1009 3430 1068; x_wconf 62' lang='lat' dir='ltr'><strong>Hinc</strong></span> 
     </span>
    </p>
   </div>
   <div class='ocr_carea' id='block_1_27' title="bbox 1876 1093 3432 1170">
    <p class='ocr_par' dir='ltr' id='par_1_27' title="bbox 1876 1093 3432 1170">
     <span class='ocr_line' id='line_1_27' title="bbox 1876 1093 3432 1170; baseline 0.01 -26"><span class='ocrx_word' id='word_1_206' title='bbox 1876 1099 2055 1146; x_wconf 90' lang='lat' dir='ltr'><strong>autem</strong></span> <span class='ocrx_word' id='word_1_207' title='bbox 2082 1093 2379 1148; x_wconf 91' lang='lat' dir='ltr'><strong>secundum</strong></span> <span class='ocrx_word' id='word_1_208' title='bbox 2405 1094 2592 1149; x_wconf 88' lang='lat' dir='ltr'><strong>eadem</strong></span> <span class='ocrx_word' id='word_1_209' title='bbox 2622 1104 2784 1166; x_wconf 86' lang='lat' dir='ltr'><strong>atque</strong></span> <span class='ocrx_word' id='word_1_210' title='bbox 2803 1096 2990 1152; x_wconf 88' lang='lat' dir='ltr'><strong>eodem</strong></span> <span class='ocrx_word' id='word_1_211' title='bbox 3022 1113 3235 1170; x_wconf 88' lang='lat' dir='ltr'><strong>semper</strong></span> <span class='ocrx_word' id='word_1_212' title='bbox 3270 1103 3432 1159; x_wconf 89' lang='lat' dir='ltr'><strong>modo</strong></span> 
     </span>
    </p>
   </div>
   <div class='ocr_carea' id='block_1_28' title="bbox 1875 1182 3433 1257">
    <p class='ocr_par' dir='ltr' id='par_1_28' title="bbox 1875 1182 3433 1257">
     <span class='ocr_line' id='line_1_28' title="bbox 1875 1182 3433 1257; baseline 0.009 -19"><span class='ocrx_word' id='word_1_213' title='bbox 1875 1182 2112 1239; x_wconf 85' lang='lat' dir='ltr'><strong>habent:</strong></span> <span class='ocrx_word' id='word_1_214' title='bbox 2146 1201 2247 1240; x_wconf 89' lang='lat' dir='ltr'><strong>nec</strong></span> <span class='ocrx_word' id='word_1_215' title='bbox 2279 1186 2443 1240; x_wconf 85' lang='lat' dir='ltr'><strong>ullam</strong></span> <span class='ocrx_word' id='word_1_216' title='bbox 2493 1186 2615 1257; x_wconf 88' lang='lat' dir='ltr'><strong>quis</strong></span> <span class='ocrx_word' id='word_1_217' title='bbox 2658 1187 3013 1243; x_wconf 85' lang='lat' dir='ltr'><strong>inerrantium</strong></span> <span class='ocrx_word' id='word_1_218' title='bbox 3043 1190 3320 1248; x_wconf 88' lang='lat' dir='ltr'><strong>stellarum</strong></span> <span class='ocrx_word' id='word_1_219' title='bbox 3351 1195 3433 1252; x_wconf 82' lang='lat' dir='ltr'><strong>vi-</strong></span> 
     </span>
    </p>
   </div>
   <div class='ocr_carea' id='block_1_29' title="bbox 1874 1275 3427 1348">
    <p class='ocr_par' dir='ltr' id='par_1_29' title="bbox 1874 1275 3427 1348">
     <span class='ocr_line' id='line_1_29' title="bbox 1874 1275 3427 1348; baseline 0.009 -22"><span class='ocrx_word' id='word_1_220' title='bbox 1874 1275 2232 1344; x_wconf 86' lang='lat' dir='ltr'><strong>tuperaverit,</strong></span> <span class='ocrx_word' id='word_1_221' title='bbox 2279 1291 2344 1332; x_wconf 93' lang='lat' dir='ltr'><strong>eo</strong></span> <span class='ocrx_word' id='word_1_222' title='bbox 2386 1277 2623 1340; x_wconf 87' lang='lat' dir='ltr'><strong>nomine,</strong></span> <span class='ocrx_word' id='word_1_223' title='bbox 2654 1277 2796 1346; x_wconf 91' lang='lat' dir='ltr'><strong>quod</strong></span> <span class='ocrx_word' id='word_1_224' title='bbox 2825 1286 3023 1348; x_wconf 79' lang='lat' dir='ltr'><strong>praeter</strong></span> <span class='ocrx_word' id='word_1_225' title='bbox 3071 1283 3427 1340; x_wconf 89' lang='lat' dir='ltr'><strong>constitutum</strong></span> 
     </span>
    </p>
   </div>
   <div class='ocr_carea' id='block_1_30' title="bbox 1875 1368 3431 1442">
    <p class='ocr_par' dir='ltr' id='par_1_30' title="bbox 1875 1368 3431 1442">
     <span class='ocr_line' id='line_1_30' title="bbox 1875 1368 3431 1442; baseline 0.005 -20"><span class='ocrx_word' id='word_1_226' title='bbox 1875 1375 2090 1438; x_wconf 84' lang='lat' dir='ltr'><strong>tempus</strong></span> <span class='ocrx_word' id='word_1_227' title='bbox 2113 1370 2167 1422; x_wconf 89' lang='lat' dir='ltr'><strong>in</strong></span> <span class='ocrx_word' id='word_1_228' title='bbox 2200 1368 2458 1440; x_wconf 81' lang='lat' dir='ltr'><strong>signifero</strong></span> <span class='ocrx_word' id='word_1_229' title='bbox 2481 1370 2686 1424; x_wconf 79' lang='lat' dir='ltr'><strong>circulo</strong></span> <span class='ocrx_word' id='word_1_230' title='bbox 2715 1371 3037 1442; x_wconf 87' lang='lat' dir='ltr'><strong>quandoque</strong></span> <span class='ocrx_word' id='word_1_231' title='bbox 3085 1375 3288 1430; x_wconf 90' lang='lat' dir='ltr'><strong>morari</strong></span> <span class='ocrx_word' id='word_1_232' title='bbox 3334 1392 3431 1430; x_wconf 94' lang='lat' dir='ltr'><strong>vo-</strong></span> 
     </span>
    </p>
   </div>
   <div class='ocr_carea' id='block_1_31' title="bbox 1875 1461 3434 1532">
    <p class='ocr_par' dir='ltr' id='par_1_31' title="bbox 1875 1461 3434 1532">
     <span class='ocr_line' id='line_1_31' title="bbox 1875 1461 3434 1532; baseline 0.006 -17"><span class='ocrx_word' id='word_1_233' title='bbox 1875 1462 2280 1532; x_wconf 83' lang='lat' dir='ltr'><strong>luerit;,neque</strong></span> <span class='ocrx_word' id='word_1_234' title='bbox 2311 1461 2560 1524; x_wconf 76' lang='lat' dir='ltr'><strong>lixarum,</strong></span> <span class='ocrx_word' id='word_1_235' title='bbox 2583 1463 2739 1532; x_wconf 89' lang='lat' dir='ltr'><strong>quasi</strong></span> <span class='ocrx_word' id='word_1_236' title='bbox 2778 1479 2886 1517; x_wconf 91' lang='lat' dir='ltr'><strong>non</strong></span> <span class='ocrx_word' id='word_1_237' title='bbox 2916 1462 3102 1520; x_wconf 89' lang='lat' dir='ltr'><strong>eadem</strong></span> <span class='ocrx_word' id='word_1_238' title='bbox 3137 1466 3264 1522; x_wconf 89' lang='lat' dir='ltr'><strong>sede</strong></span> <span class='ocrx_word' id='word_1_239' title='bbox 3293 1470 3434 1525; x_wconf 84' lang='lat' dir='ltr'><strong>situ-</strong></span> 
     </span>
    </p>
   </div>
   <div class='ocr_carea' id='block_1_32' title="bbox 1875 1553 3430 1621">
    <p class='ocr_par' dir='ltr' id='par_1_32' title="bbox 1875 1553 3430 1621">
     <span class='ocr_line' id='line_1_32' title="bbox 1875 1553 3430 1621; baseline 0.006 -16"><span class='ocrx_word' id='word_1_240' title='bbox 1875 1567 1979 1621; x_wconf 91' lang='lat' dir='ltr'><strong>que</strong></span> <span class='ocrx_word' id='word_1_241' title='bbox 2010 1553 2289 1617; x_wconf 86' lang='lat' dir='ltr'><strong>manserit,</strong></span> <span class='ocrx_word' id='word_1_242' title='bbox 2313 1568 2412 1607; x_wconf 91' lang='lat' dir='ltr'><strong>nec</strong></span> <span class='ocrx_word' id='word_1_243' title='bbox 2434 1553 2673 1608; x_wconf 83' lang='lat' dir='ltr'><strong>universi</strong></span> <span class='ocrx_word' id='word_1_244' title='bbox 2697 1553 3105 1611; x_wconf 88' lang='lat' dir='ltr'><strong>circumlatione</strong></span> <span class='ocrx_word' id='word_1_245' title='bbox 3149 1558 3202 1612; x_wconf 91' lang='lat' dir='ltr'><strong>in</strong></span> <span class='ocrx_word' id='word_1_246' title='bbox 3243 1559 3430 1615; x_wconf 91' lang='lat' dir='ltr'><strong>orbem</strong></span> 
     </span>
    </p>
   </div>
   <div class='ocr_carea' id='block_1_33' title="bbox 1872 1645 3432 1721">
    <p class='ocr_par' dir='ltr' id='par_1_33' title="bbox 1872 1645 3432 1721">
     <span class='ocr_line' id='line_1_33' title="bbox 1872 1645 3432 1721; baseline 0.005 -24"><span class='ocrx_word' id='word_1_247' title='bbox 1872 1645 2076 1715; x_wconf 88' lang='lat' dir='ltr'><strong>pariter</strong></span> <span class='ocrx_word' id='word_1_248' title='bbox 2105 1651 2333 1708; x_wconf 86' lang='lat' dir='ltr'><strong>rotetur,</strong></span> <span class='ocrx_word' id='word_1_249' title='bbox 2365 1659 2472 1700; x_wconf 93' lang='lat' dir='ltr'><strong>uno</strong></span> <span class='ocrx_word' id='word_1_250' title='bbox 2516 1645 2686 1716; x_wconf 85' lang='lat' dir='ltr'><strong>gradu</strong></span> <span class='ocrx_word' id='word_1_251' title='bbox 2711 1652 2856 1700; x_wconf 91' lang='lat' dir='ltr'><strong>retro</strong></span> <span class='ocrx_word' id='word_1_252' title='bbox 2891 1653 3012 1700; x_wconf 92' lang='lat' dir='ltr'><strong>acto</strong></span> <span class='ocrx_word' id='word_1_253' title='bbox 3037 1647 3104 1701; x_wconf 91' lang='lat' dir='ltr'><strong>ad</strong></span> <span class='ocrx_word' id='word_1_254' title='bbox 3151 1651 3432 1721; x_wconf 87' lang='lat' dir='ltr'><strong>sequentia</strong></span> 
     </span>
    </p>
   </div>
   <div class='ocr_carea' id='block_1_34' title="bbox 1874 1736 3432 1808">
    <p class='ocr_par' dir='ltr' id='par_1_34' title="bbox 1874 1736 3432 1808">
     <span class='ocr_line' id='line_1_34' title="bbox 1874 1736 3432 1808; baseline 0.004 -18"><span class='ocrx_word' id='word_1_255' title='bbox 1874 1744 2026 1791; x_wconf 89' lang='lat' dir='ltr'><strong>motu</strong></span> <span class='ocrx_word' id='word_1_256' title='bbox 2055 1778 2071 1804; x_wconf 91' lang='lat'><strong>,</strong></span> <span class='ocrx_word' id='word_1_257' title='bbox 2123 1746 2339 1791; x_wconf 88' lang='lat' dir='ltr'><strong>centum</strong></span> <span class='ocrx_word' id='word_1_258' title='bbox 2369 1751 2633 1791; x_wconf 87' lang='lat' dir='ltr'><strong>annorum</strong></span> <span class='ocrx_word' id='word_1_259' title='bbox 2671 1739 2866 1808; x_wconf 90' lang='lat' dir='ltr'><strong>spatio.</strong></span> <span class='ocrx_word' id='word_1_260' title='bbox 2896 1736 2955 1792; x_wconf 85' lang='lat' dir='ltr'><strong>lu</strong></span> <span class='ocrx_word' id='word_1_261' title='bbox 2991 1745 3136 1794; x_wconf 90' lang='lat' dir='ltr'><strong>terra</strong></span> <span class='ocrx_word' id='word_1_262' title='bbox 3163 1747 3342 1798; x_wconf 90' lang='lat' dir='ltr'><strong>autem</strong></span> <span class='ocrx_word' id='word_1_263' title='bbox 3382 1743 3432 1800; x_wconf 87' lang='lat' dir='ltr'><strong>si</strong></span> 
     </span>
    </p>
   </div>
   <div class='ocr_carea' id='block_1_35' title="bbox 1872 1827 3431 1900">
    <p class='ocr_par' dir='ltr' id='par_1_35' title="bbox 1872 1827 3431 1900">
     <span class='ocr_line' id='line_1_35' title="bbox 1872 1827 3431 1900; baseline 0.005 -18"><span class='ocrx_word' id='word_1_264' title='bbox 1872 1828 2230 1898; x_wconf 88' lang='lat' dir='ltr'><strong>quorumdam</strong></span> <span class='ocrx_word' id='word_1_265' title='bbox 2263 1827 2502 1882; x_wconf 90' lang='lat' dir='ltr'><strong>locorum</strong></span> <span class='ocrx_word' id='word_1_266' title='bbox 2540 1839 2900 1900; x_wconf 80' lang='lat' dir='ltr'><strong>agrorumque</strong></span> <span class='ocrx_word' id='word_1_267' title='bbox 2943 1829 3132 1886; x_wconf 88' lang='lat' dir='ltr'><strong>duram</strong></span> <span class='ocrx_word' id='word_1_268' title='bbox 3179 1849 3243 1889; x_wconf 91' lang='lat' dir='ltr'><strong>ac</strong></span> <span class='ocrx_word' id='word_1_269' title='bbox 3271 1834 3431 1891; x_wconf 82' lang='lat' dir='ltr'><strong>indo-</strong></span> 
     </span>
    </p>
   </div>
   <div class='ocr_carea' id='block_1_36' title="bbox 190 1905 1784 1991">
    <p class='ocr_par' dir='ltr' id='par_1_36' title="bbox 190 1905 1769 1984">
     <span class='ocr_line' id='line_1_36' title="bbox 190 1905 1769 1984; baseline 0.005 -26"><span class='ocrx_word' id='word_1_270' title='bbox 190 1905 328 1974; x_wconf 84' lang='grc' dir='ltr'>γοῦν</span> <span class='ocrx_word' id='word_1_271' title='bbox 374 1908 468 1961; x_wconf 74' lang='grc' dir='ltr'><strong>ἐπὶ</strong></span> <span class='ocrx_word' id='word_1_272' title='bbox 525 1909 615 1980; x_wconf 72' lang='grc' dir='ltr'><strong>(ἧς</strong></span> <span class='ocrx_word' id='word_1_273' title='bbox 673 1911 836 1982; x_wconf 81' lang='grc' dir='ltr'>μηδὲν</span> <span class='ocrx_word' id='word_1_274' title='bbox 877 1911 1083 1981; x_wconf 79' lang='grc' dir='ltr'>φύοιτο,</span> <span class='ocrx_word' id='word_1_275' title='bbox 1132 1915 1360 1984; x_wconf 82' lang='grc' dir='ltr'>τάχιστα</span> <span class='ocrx_word' id='word_1_276' title='bbox 1402 1913 1467 1967; x_wconf 85' lang='grc' dir='ltr'>ἂν</span> <span class='ocrx_word' id='word_1_277' title='bbox 1519 1913 1769 1967; x_wconf 83' lang='grc' dir='ltr'>ἀπόλοιτο</span> 
     </span>
    </p>
   </div>
   <div class='ocr_carea' id='block_1_37' title="bbox 1870 1905 3430 1991">
    <p class='ocr_par' dir='ltr' id='par_1_37' title="bbox 1871 1921 3430 1991">
     <span class='ocr_line' id='line_1_37' title="bbox 1871 1921 3430 1991; baseline 0.007 -17"><span class='ocrx_word' id='word_1_278' title='bbox 1871 1923 2054 1975; x_wconf 92' lang='lat' dir='ltr'><strong>mitam</strong></span> <span class='ocrx_word' id='word_1_279' title='bbox 2087 1921 2320 1977; x_wconf 89' lang='lat' dir='ltr'><strong>indolem</strong></span> <span class='ocrx_word' id='word_1_280' title='bbox 2348 1922 2713 1988; x_wconf 87' lang='lat' dir='ltr'><strong>accusaverit;</strong></span> <span class='ocrx_word' id='word_1_281' title='bbox 2738 1929 2831 1975; x_wconf 92' lang='lat' dir='ltr'><strong>aut</strong></span> <span class='ocrx_word' id='word_1_282' title='bbox 2854 1923 3242 1991; x_wconf 83' lang='lat' dir='ltr'><strong>gubernatores</strong></span> <span class='ocrx_word' id='word_1_283' title='bbox 3263 1925 3430 1986; x_wconf 79' lang='lat' dir='ltr'><strong>maris</strong></span> 
     </span>
    </p>
   </div>
   <div class='ocr_carea' id='block_1_38' title="bbox 188 2000 1771 2078">
    <p class='ocr_par' dir='ltr' id='par_1_38' title="bbox 188 2000 1771 2078">
     <span class='ocr_line' id='line_1_38' title="bbox 188 2000 1771 2078; baseline 0.004 -26"><span class='ocrx_word' id='word_1_284' title='bbox 188 2000 376 2054; x_wconf 72' lang='grc' dir='ltr'>πάντα</span> <span class='ocrx_word' id='word_1_285' title='bbox 405 2002 472 2054; x_wconf 77' lang='grc' dir='ltr'><strong>τὰ</strong></span> <span class='ocrx_word' id='word_1_286' title='bbox 511 2002 642 2066; x_wconf 81' lang='grc' dir='ltr'>ζῶα.</span> <span class='ocrx_word' id='word_1_287' title='bbox 690 2004 858 2057; x_wconf 91' lang='grc' dir='ltr'>Τοῦτο</span> <span class='ocrx_word' id='word_1_288' title='bbox 888 2005 945 2058; x_wconf 82' lang='grc' dir='ltr'>δὲ</span> <span class='ocrx_word' id='word_1_289' title='bbox 980 2006 1115 2058; x_wconf 76' lang='grc' dir='ltr'>πολὺ</span> <span class='ocrx_word' id='word_1_290' title='bbox 1156 2006 1256 2077; x_wconf 82' lang='grc' dir='ltr'>τῆς</span> <span class='ocrx_word' id='word_1_291' title='bbox 1297 2005 1771 2078; x_wconf 81' lang='grc' dir='ltr'>ὲναπειλημμένης</span> 
     </span>
    </p>
   </div>
   <div class='ocr_carea' id='block_1_39' title="bbox 185 2093 1767 2169">
    <p class='ocr_par' dir='ltr' id='par_1_39' title="bbox 185 2093 1767 2169">
     <span class='ocr_line' id='line_1_39' title="bbox 185 2093 1767 2169; baseline 0.004 -25"><span class='ocrx_word' id='word_1_292' title='bbox 185 2096 252 2163; x_wconf 76' lang='grc' dir='ltr'>τῇ</span> <span class='ocrx_word' id='word_1_293' title='bbox 308 2093 413 2166; x_wconf 75' lang='grc' dir='ltr'><strong>ὕλῃ</strong></span> <span class='ocrx_word' id='word_1_294' title='bbox 457 2094 738 2166; x_wconf 87' lang='grc' dir='ltr'>δυνάμεως</span> <span class='ocrx_word' id='word_1_295' title='bbox 775 2097 909 2168; x_wconf 87' lang='grc' dir='ltr'>πρὸς</span> <span class='ocrx_word' id='word_1_296' title='bbox 944 2097 1036 2151; x_wconf 85' lang='grc' dir='ltr'><strong>τὸν</strong></span> <span class='ocrx_word' id='word_1_297' title='bbox 1065 2097 1194 2151; x_wconf 84' lang='grc' dir='ltr'><strong>Θεὸν</strong></span> <span class='ocrx_word' id='word_1_298' title='bbox 1217 2096 1578 2169; x_wconf 74' lang='grc' dir='ltr'>παραπέμψαι</span> <span class='ocrx_word' id='word_1_299' title='bbox 1609 2095 1767 2150; x_wconf 86' lang='grc' dir='ltr'>δύνα-</span> 
     </span>
    </p>
   </div>
   <div class='ocr_carea' id='block_1_40' title="bbox 183 2179 1770 2261">
    <p class='ocr_par' dir='ltr' id='par_1_40' title="bbox 183 2179 1770 2261">
     <span class='ocr_line' id='line_1_40' title="bbox 183 2179 1770 2261; baseline 0.004 -24"><span class='ocrx_word' id='word_1_300' title='bbox 183 2201 297 2238; x_wconf 73' lang='grc' dir='ltr'>ταιο</span> <span class='ocrx_word' id='word_1_301' title='bbox 318 2185 421 2239; x_wconf 72' lang='grc' dir='ltr'>καὶ</span> <span class='ocrx_word' id='word_1_302' title='bbox 452 2185 651 2252; x_wconf 75' lang='grc' dir='ltr'>πολλὰς</span> <span class='ocrx_word' id='word_1_303' title='bbox 683 2187 912 2260; x_wconf 81' lang='grc' dir='ltr'>σελήνας</span> <span class='ocrx_word' id='word_1_304' title='bbox 930 2189 1111 2261; x_wconf 82' lang='grc' dir='ltr'><strong>δεήσει</strong></span> <span class='ocrx_word' id='word_1_305' title='bbox 1136 2190 1410 2260; x_wconf 78' lang='grc' dir='ltr'>γενέσθαι,</span> <span class='ocrx_word' id='word_1_306' title='bbox 1443 2188 1528 2244; x_wconf 79' lang='grc' dir='ltr'>ἵνα</span> <span class='ocrx_word' id='word_1_307' title='bbox 1559 2179 1770 2261; x_wconf 80' lang='grc' dir='ltr'>ἀθρόως</span> 
     </span>
    </p>
   </div>
   <div class='ocr_carea' id='block_1_41' title="bbox 185 2275 1765 2352">
    <p class='ocr_par' dir='ltr' id='par_1_41' title="bbox 185 2275 1765 2352">
     <span class='ocr_line' id='line_1_41' title="bbox 185 2275 1765 2352; baseline 0.005 -26"><span class='ocrx_word' id='word_1_308' title='bbox 185 2275 442 2346; x_wconf 82' lang='grc' dir='ltr'>χωρῆσαι</span> <span class='ocrx_word' id='word_1_309' title='bbox 467 2275 734 2348; x_wconf 73' lang='grc' dir='ltr'>δυνηθῶσι</span> <span class='ocrx_word' id='word_1_310' title='bbox 769 2277 1032 2343; x_wconf 78' lang='grc' dir='ltr'>τοσαύτας</span> <span class='ocrx_word' id='word_1_311' title='bbox 1067 2279 1544 2352; x_wconf 75' lang='grc' dir='ltr'>προσπελαζούσας</span> <span class='ocrx_word' id='word_1_312' title='bbox 1571 2277 1765 2350; x_wconf 81' lang='grc' dir='ltr'>ψυχάς.</span> 
     </span>
    </p>
   </div>
   <div class='ocr_carea' id='block_1_42' title="bbox 184 2356 1766 2444">
    <p class='ocr_par' dir='ltr' id='par_1_42' title="bbox 184 2356 1766 2444">
     <span class='ocr_line' id='line_1_42' title="bbox 184 2356 1766 2444; baseline 0.004 -26"><span class='ocrx_word' id='word_1_313' title='bbox 184 2366 267 2418; x_wconf 67' lang='grc' dir='ltr'><strong>Τὰ</strong></span> <span class='ocrx_word' id='word_1_314' title='bbox 302 2366 366 2420; x_wconf 80' lang='grc' dir='ltr'>δὲ</span> <span class='ocrx_word' id='word_1_315' title='bbox 398 2367 539 2422; x_wconf 80' lang='grc' dir='ltr'>αὐτὰ</span> <span class='ocrx_word' id='word_1_316' title='bbox 565 2368 660 2424; x_wconf 77' lang='grc' dir='ltr'>καὶ</span> <span class='ocrx_word' id='word_1_317' title='bbox 703 2371 831 2440; x_wconf 79' lang='grc' dir='ltr'>περὶ</span> <span class='ocrx_word' id='word_1_318' title='bbox 858 2371 964 2444; x_wconf 83' lang='grc' dir='ltr'>,τὴν</span> <span class='ocrx_word' id='word_1_319' title='bbox 1015 2371 1297 2427; x_wconf 82' lang='grc' dir='ltr'>θάλατταν.</span> <span class='ocrx_word' id='word_1_320' title='bbox 1348 2356 1611 2444; x_wconf 81' lang='grc' dir='ltr'>Ἕρμαιον</span> <span class='ocrx_word' id='word_1_321' title='bbox 1657 2372 1766 2444; x_wconf 85' lang='grc' dir='ltr'><strong>γὰρ</strong></span> 
     </span>
    </p>
   </div>
   <div class='ocr_carea' id='block_1_43' title="bbox 185 2457 1764 2536">
    <p class='ocr_par' dir='ltr' id='par_1_43' title="bbox 185 2457 1764 2536">
     <span class='ocr_line' id='line_1_43' title="bbox 185 2457 1764 2536; baseline 0.004 -26"><span class='ocrx_word' id='word_1_322' title='bbox 185 2457 554 2526; x_wconf 82' lang='grc' dir='ltr'>ἀπόλλυσθαι,</span> <span class='ocrx_word' id='word_1_323' title='bbox 605 2462 691 2516; x_wconf 82' lang='grc' dir='ltr'>ἵνα</span> <span class='ocrx_word' id='word_1_324' title='bbox 736 2463 966 2534; x_wconf 80' lang='grc' dir='ltr'>τάχιστα</span> <span class='ocrx_word' id='word_1_325' title='bbox 1013 2464 1113 2534; x_wconf 81' lang='grc' dir='ltr'>τῆς</span> <span class='ocrx_word' id='word_1_326' title='bbox 1153 2464 1290 2536; x_wconf 79' lang='grc' dir='ltr'>πρὸς</span> <span class='ocrx_word' id='word_1_327' title='bbox 1340 2461 1432 2518; x_wconf 89' lang='grc' dir='ltr'><strong>τὸν</strong></span> <span class='ocrx_word' id='word_1_328' title='bbox 1477 2463 1609 2518; x_wconf 81' lang='grc' dir='ltr'>Θεὸν</span> <span class='ocrx_word' id='word_1_329' title='bbox 1646 2463 1764 2518; x_wconf 85' lang='grc' dir='ltr'>ὁδοῦ</span> 
     </span>
    </p>
   </div>
   <div class='ocr_carea' id='block_1_44' title="bbox 185 2539 1765 2628">
    <p class='ocr_par' dir='ltr' id='par_1_44' title="bbox 185 2539 1765 2628">
     <span class='ocr_line' id='line_1_44' title="bbox 185 2539 1765 2628; baseline 0.005 -26"><span class='ocrx_word' id='word_1_330' title='bbox 185 2539 425 2621; x_wconf 71' lang='grc' dir='ltr'>ἒχωνται</span> <span class='ocrx_word' id='word_1_331' title='bbox 465 2554 830 2626; x_wconf 87' lang='grc' dir='ltr'>ἀπολλύμενα.</span> <span class='ocrx_word' id='word_1_332' title='bbox 865 2558 926 2611; x_wconf 79' lang='grc' dir='ltr'><strong>Οἱ</strong></span> <span class='ocrx_word' id='word_1_333' title='bbox 963 2557 1017 2610; x_wconf 84' lang='grc' dir='ltr'>δὲ</span> <span class='ocrx_word' id='word_1_334' title='bbox 1051 2557 1275 2628; x_wconf 87' lang='grc' dir='ltr'>πόλεμοι</span> <span class='ocrx_word' id='word_1_335' title='bbox 1306 2556 1355 2609; x_wconf 86' lang='grc' dir='ltr'>οἱ</span> <span class='ocrx_word' id='word_1_336' title='bbox 1387 2557 1480 2610; x_wconf 74' lang='grc' dir='ltr'><strong>ἐπὶ</strong></span> <span class='ocrx_word' id='word_1_337' title='bbox 1515 2555 1640 2626; x_wconf 82' lang='grc' dir='ltr'>γῆς,</span> <span class='ocrx_word' id='word_1_338' title='bbox 1671 2557 1765 2610; x_wconf 81' lang='grc' dir='ltr'>καὶ</span> 
     </span>
    </p>
   </div>
   <div class='ocr_carea' id='block_1_45' title="bbox 186 2647 1760 2723">
    <p class='ocr_par' dir='ltr' id='par_1_45' title="bbox 186 2647 1760 2723">
     <span class='ocr_line' id='line_1_45' title="bbox 186 2647 1760 2723; baseline 0.003 -26"><span class='ocrx_word' id='word_1_339' title='bbox 186 2647 340 2716; x_wconf 69' lang='grc' dir='ltr'>λιμοὶ</span> <span class='ocrx_word' id='word_1_340' title='bbox 366 2647 463 2700; x_wconf 54' lang='grc' dir='ltr'><strong>καὶ⁵</strong></span> <span class='ocrx_word' id='word_1_341' title='bbox 489 2649 598 2701; x_wconf 77' lang='grc' dir='ltr'><strong>πᾶν</strong></span> <span class='ocrx_word' id='word_1_342' title='bbox 622 2651 650 2703; x_wconf 81' lang='grc' dir='ltr'><strong>ὅ</strong></span> <span class='ocrx_word' id='word_1_343' title='bbox 677 2667 730 2703; x_wconf 90' lang='grc' dir='ltr'><strong>τι</strong></span> <span class='ocrx_word' id='word_1_344' title='bbox 761 2650 1100 2723; x_wconf 82' lang='grc' dir='ltr'>φθοροποιὸν,</span> <span class='ocrx_word' id='word_1_345' title='bbox 1142 2651 1201 2704; x_wconf 82' lang='grc' dir='ltr'>ὲν</span> <span class='ocrx_word' id='word_1_346' title='bbox 1229 2649 1453 2721; x_wconf 79' lang='grc' dir='ltr'>πλείστῃ</span> <span class='ocrx_word' id='word_1_347' title='bbox 1483 2652 1613 2721; x_wconf 79' lang='grc' dir='ltr'>τιμῇ</span> <span class='ocrx_word' id='word_1_348' title='bbox 1644 2651 1760 2702; x_wconf 82' lang='grc' dir='ltr'>κατ’</span> 
     </span>
    </p>
   </div>
   <div class='ocr_carea' id='block_1_46' title="bbox 187 2737 1762 2814">
    <p class='ocr_par' dir='ltr' id='par_1_46' title="bbox 187 2737 1762 2814">
     <span class='ocr_line' id='line_1_46' title="bbox 187 2737 1762 2814; baseline 0.004 -25"><span class='ocrx_word' id='word_1_349' title='bbox 187 2737 411 2802; x_wconf 73' lang='grc' dir='ltr'>αὐτούς.</span> <span class='ocrx_word' id='word_1_350' title='bbox 444 2740 561 2794; x_wconf 76' lang='grc' dir='ltr'>Πᾶν</span> <span class='ocrx_word' id='word_1_351' title='bbox 586 2741 694 2812; x_wconf 77' lang='grc' dir='ltr'><strong>γὰρ</strong></span> <span class='ocrx_word' id='word_1_352' title='bbox 735 2741 796 2794; x_wconf 86' lang='grc' dir='ltr'><strong>τὸ</strong></span> <span class='ocrx_word' id='word_1_353' title='bbox 832 2742 1050 2812; x_wconf 84' lang='grc' dir='ltr'>ἀγαθῶν</span> <span class='ocrx_word' id='word_1_354' title='bbox 1081 2741 1252 2796; x_wconf 76' lang='grc' dir='ltr'>αἴτιον</span> <span class='ocrx_word' id='word_1_355' title='bbox 1279 2741 1554 2814; x_wconf 81' lang='grc' dir='ltr'>τιμητέον.</span> <span class='ocrx_word' id='word_1_356' title='bbox 1604 2742 1762 2811; x_wconf 84' lang='grc' dir='ltr'>Ἀγα-</span> 
     </span>
    </p>
   </div>
   <div class='ocr_carea' id='block_1_47' title="bbox 188 2827 1764 2905">
    <p class='ocr_par' dir='ltr' id='par_1_47' title="bbox 188 2827 1764 2905">
     <span class='ocr_line' id='line_1_47' title="bbox 188 2827 1764 2905; baseline 0.003 -23"><span class='ocrx_word' id='word_1_357' title='bbox 188 2827 278 2882; x_wconf 84' lang='grc' dir='ltr'><strong>θοῦ</strong></span> <span class='ocrx_word' id='word_1_358' title='bbox 306 2829 369 2883; x_wconf 79' lang='grc' dir='ltr'>δὲ</span> <span class='ocrx_word' id='word_1_359' title='bbox 409 2833 562 2885; x_wconf 82' lang='grc' dir='ltr'>αττια</span> <span class='ocrx_word' id='word_1_360' title='bbox 590 2833 760 2887; x_wconf 87' lang='grc' dir='ltr'>ταῦτα</span> <span class='ocrx_word' id='word_1_361' title='bbox 793 2833 857 2888; x_wconf 85' lang='grc' dir='ltr'>ὲκ</span> <span class='ocrx_word' id='word_1_362' title='bbox 885 2834 985 2905; x_wconf 79' lang='grc' dir='ltr'>τῆς</span> <span class='ocrx_word' id='word_1_363' title='bbox 1013 2833 1412 2904; x_wconf 76' lang='grc' dir='ltr'>συμϐαινούσης</span> <span class='ocrx_word' id='word_1_364' title='bbox 1438 2831 1657 2905; x_wconf 80' lang='grc' dir='ltr'>φθορᾶς.</span> <span class='ocrx_word' id='word_1_365' title='bbox 1697 2832 1764 2886; x_wconf 82' lang='grc' dir='ltr'>ἂν</span> 
     </span>
    </p>
   </div>
   <div class='ocr_carea' id='block_1_48' title="bbox 185 2920 1765 2998">
    <p class='ocr_par' dir='ltr' id='par_1_48' title="bbox 185 2920 1765 2998">
     <span class='ocr_line' id='line_1_48' title="bbox 185 2920 1765 2998; baseline -0.005 -13"><span class='ocrx_word' id='word_1_366' title='bbox 185 2920 331 2992; x_wconf 80' lang='grc' dir='ltr'>πρὸς</span> <span class='ocrx_word' id='word_1_367' title='bbox 370 2921 464 2975; x_wconf 78' lang='grc' dir='ltr'><strong>τὸν</strong></span> <span class='ocrx_word' id='word_1_368' title='bbox 506 2923 638 2977; x_wconf 88' lang='grc' dir='ltr'>Θεὸν</span> <span class='ocrx_word' id='word_1_369' title='bbox 680 2925 1038 2998; x_wconf 78' lang='grc' dir='ltr'>παραπέμπει</span> <span class='ocrx_word' id='word_1_370' title='bbox 1070 2926 1169 2997; x_wconf 81' lang='grc' dir='ltr'><strong>τὴν</strong></span> <span class='ocrx_word' id='word_1_371' title='bbox 1207 2925 1618 2998; x_wconf 85' lang='grc' dir='ltr'>διακρινομένην</span> <span class='ocrx_word' id='word_1_372' title='bbox 1658 2923 1765 2978; x_wconf 86' lang='grc' dir='ltr'><strong>ἀπὸ</strong></span> 
     </span>
    </p>
   </div>
   <div class='ocr_carea' id='block_1_49' title="bbox 183 3011 981 3090">
    <p class='ocr_par' dir='ltr' id='par_1_49' title="bbox 183 3011 981 3090">
     <span class='ocr_line' id='line_1_49' title="bbox 183 3011 981 3090; baseline 0.01 -26"><span class='ocrx_word' id='word_1_373' title='bbox 183 3011 304 3065; x_wconf 82' lang='grc' dir='ltr'><strong>τῶν</strong></span> <span class='ocrx_word' id='word_1_374' title='bbox 335 3013 718 3086; x_wconf 78' lang='grc' dir='ltr'>ἀπολλυμένων</span> <span class='ocrx_word' id='word_1_375' title='bbox 740 3017 981 3090; x_wconf 87' lang='grc' dir='ltr'>δύναμιν.</span> 
     </span>
    </p>
   </div>
   <div class='ocr_carea' id='block_1_50' title="bbox 1871 2010 3431 2084">
    <p class='ocr_par' dir='ltr' id='par_1_50' title="bbox 1871 2010 3431 2084">
     <span class='ocr_line' id='line_1_50' title="bbox 1871 2010 3431 2084; baseline 0.004 -18"><span class='ocrx_word' id='word_1_376' title='bbox 1871 2013 2281 2083; x_wconf 86' lang='lat' dir='ltr'><strong>tempestatibus</strong></span> <span class='ocrx_word' id='word_1_377' title='bbox 2314 2027 2377 2068; x_wconf 90' lang='lat' dir='ltr'><strong>ac</strong></span> <span class='ocrx_word' id='word_1_378' title='bbox 2404 2013 2656 2084; x_wconf 90' lang='lat' dir='ltr'><strong>procellis</strong></span> <span class='ocrx_word' id='word_1_379' title='bbox 2687 2012 2878 2068; x_wconf 78' lang='lat' dir='ltr'><strong>oﬂ‘ensi</strong></span> <span class='ocrx_word' id='word_1_380' title='bbox 2919 2013 3141 2080; x_wconf 74' lang='lat' dir='ltr'><strong>fuerint.</strong></span> <span class='ocrx_word' id='word_1_381' title='bbox 3187 2010 3431 2074; x_wconf 82' lang='lat' dir='ltr'><strong>Primum</strong></span> 
     </span>
    </p>
   </div>
   <div class='ocr_carea' id='block_1_51' title="bbox 1871 2102 3428 2178">
    <p class='ocr_par' dir='ltr' id='par_1_51' title="bbox 1871 2102 3428 2178">
     <span class='ocr_line' id='line_1_51' title="bbox 1871 2102 3428 2178; baseline 0.006 -22"><span class='ocrx_word' id='word_1_382' title='bbox 1871 2102 2091 2173; x_wconf 88' lang='lat' dir='ltr'><strong>quidem</strong></span> <span class='ocrx_word' id='word_1_383' title='bbox 2121 2110 2179 2157; x_wconf 88' lang='lat' dir='ltr'><strong>ut</strong></span> <span class='ocrx_word' id='word_1_384' title='bbox 2206 2103 2280 2158; x_wconf 89' lang='lat' dir='ltr'><strong>illi</strong></span> <span class='ocrx_word' id='word_1_385' title='bbox 2317 2104 2576 2167; x_wconf 90' lang='lat' dir='ltr'><strong>sentiunt,</strong></span> <span class='ocrx_word' id='word_1_386' title='bbox 2606 2105 2751 2170; x_wconf 84' lang='lat' dir='ltr'><strong>talia,</strong></span> <span class='ocrx_word' id='word_1_387' title='bbox 2785 2106 2910 2160; x_wconf 89' lang='lat' dir='ltr'><strong>boni</strong></span> <span class='ocrx_word' id='word_1_388' title='bbox 2964 2105 3228 2178; x_wconf 80' lang='lat' dir='ltr'><strong>portionis</strong></span> <span class='ocrx_word' id='word_1_389' title='bbox 3278 2114 3428 2166; x_wconf 80' lang='lat' dir='ltr'><strong>sunt.</strong></span> 
     </span>
    </p>
   </div>
   <div class='ocr_carea' id='block_1_52' title="bbox 1870 2192 3430 2266">
    <p class='ocr_par' dir='ltr' id='par_1_52' title="bbox 1870 2192 3430 2266">
     <span class='ocr_line' id='line_1_52' title="bbox 1870 2192 3430 2266; baseline 0.008 -20"><span class='ocrx_word' id='word_1_390' title='bbox 1870 2192 2084 2249; x_wconf 90' lang='lat' dir='ltr'><strong>Etenim</strong></span> <span class='ocrx_word' id='word_1_391' title='bbox 2123 2195 2274 2251; x_wconf 91' lang='lat' dir='ltr'><strong>nullo</strong></span> <span class='ocrx_word' id='word_1_392' title='bbox 2316 2203 2472 2251; x_wconf 67' lang='lat' dir='ltr'><strong>terra:</strong></span> <span class='ocrx_word' id='word_1_393' title='bbox 2515 2196 2755 2266; x_wconf 88' lang='lat' dir='ltr'><strong>germine</strong></span> <span class='ocrx_word' id='word_1_394' title='bbox 2811 2198 3126 2265; x_wconf 75' lang='lat' dir='ltr'><strong>exsistente,</strong></span> <span class='ocrx_word' id='word_1_395' title='bbox 3185 2199 3430 2258; x_wconf 79' lang='lat' dir='ltr'><strong>futurum</strong></span> 
     </span>
    </p>
   </div>
   <div class='ocr_carea' id='block_1_53' title="bbox 1869 2286 3432 2352">
    <p class='ocr_par' dir='ltr' id='par_1_53' title="bbox 1869 2286 3432 2352">
     <span class='ocr_line' id='line_1_53' title="bbox 1869 2286 3432 2352; baseline 0.008 -13"><span class='ocrx_word' id='word_1_396' title='bbox 1869 2286 1962 2352; x_wconf 87' lang='lat' dir='ltr'><strong>sit,</strong></span> <span class='ocrx_word' id='word_1_397' title='bbox 1989 2295 2048 2341; x_wconf 92' lang='lat' dir='ltr'><strong>ut</strong></span> <span class='ocrx_word' id='word_1_398' title='bbox 2080 2287 2331 2342; x_wconf 88' lang='lat' dir='ltr'><strong>animalia</strong></span> <span class='ocrx_word' id='word_1_399' title='bbox 2355 2288 2544 2342; x_wconf 85' lang='lat' dir='ltr'><strong>omnia</strong></span> <span class='ocrx_word' id='word_1_400' title='bbox 2572 2287 2852 2345; x_wconf 88' lang='lat' dir='ltr'><strong>celerrime</strong></span> <span class='ocrx_word' id='word_1_401' title='bbox 2889 2290 3178 2348; x_wconf 83' lang='lat' dir='ltr'><strong>intereant.</strong></span> <span class='ocrx_word' id='word_1_402' title='bbox 3213 2291 3269 2348; x_wconf 88' lang='lat' dir='ltr'><strong>ld</strong></span> <span class='ocrx_word' id='word_1_403' title='bbox 3302 2309 3432 2351; x_wconf 85' lang='lat' dir='ltr'><strong>vero</strong></span> 
     </span>
    </p>
   </div>
   <div class='ocr_carea' id='block_1_54' title="bbox 1868 2371 3435 2452">
    <p class='ocr_par' dir='ltr' id='par_1_54' title="bbox 1868 2371 3435 2452">
     <span class='ocr_line' id='line_1_54' title="bbox 1868 2371 3435 2452; baseline 0.008 -22"><span class='ocrx_word' id='word_1_404' title='bbox 1868 2377 1998 2431; x_wconf 90' lang='lat' dir='ltr'><strong>dum</strong></span> <span class='ocrx_word' id='word_1_405' title='bbox 2035 2371 2106 2431; x_wconf 89' lang='lat' dir='ltr'><strong>ita</strong></span> <span class='ocrx_word' id='word_1_406' title='bbox 2136 2379 2446 2450; x_wconf 82' lang='lat' dir='ltr'><strong>contigerit,</strong></span> <span class='ocrx_word' id='word_1_407' title='bbox 2471 2378 2590 2448; x_wconf 88' lang='lat' dir='ltr'><strong>ejus</strong></span> <span class='ocrx_word' id='word_1_408' title='bbox 2632 2374 2849 2436; x_wconf 89' lang='lat' dir='ltr'><strong>virtutis</strong></span> <span class='ocrx_word' id='word_1_409' title='bbox 2890 2398 3010 2452; x_wconf 72' lang='lat' dir='ltr'><strong>qua:</strong></span> <span class='ocrx_word' id='word_1_410' title='bbox 3044 2387 3281 2441; x_wconf 65' lang='lat' dir='ltr'><strong>materiae</strong></span> <span class='ocrx_word' id='word_1_411' title='bbox 3331 2385 3435 2442; x_wconf 87' lang='lat' dir='ltr'><strong>im-</strong></span> 
     </span>
    </p>
   </div>
   <div class='ocr_carea' id='block_1_55' title="bbox 1873 2469 3432 2542">
    <p class='ocr_par' dir='ltr' id='par_1_55' title="bbox 1873 2469 3432 2542">
     <span class='ocr_line' id='line_1_55' title="bbox 1873 2469 3432 2542; baseline 0.008 -21"><span class='ocrx_word' id='word_1_412' title='bbox 1873 2469 2029 2538; x_wconf 89' lang='lat' dir='ltr'><strong>plexa</strong></span> <span class='ocrx_word' id='word_1_413' title='bbox 2061 2478 2164 2534; x_wconf 88' lang='lat' dir='ltr'><strong>est,</strong></span> <span class='ocrx_word' id='word_1_414' title='bbox 2197 2479 2404 2541; x_wconf 88' lang='lat' dir='ltr'><strong>partem</strong></span> <span class='ocrx_word' id='word_1_415' title='bbox 2431 2471 2716 2542; x_wconf 89' lang='lat' dir='ltr'><strong>plurimam</strong></span> <span class='ocrx_word' id='word_1_416' title='bbox 2758 2474 2824 2529; x_wconf 92' lang='lat' dir='ltr'><strong>ad</strong></span> <span class='ocrx_word' id='word_1_417' title='bbox 2862 2470 3030 2532; x_wconf 89' lang='lat' dir='ltr'><strong>Deum</strong></span> <span class='ocrx_word' id='word_1_418' title='bbox 3065 2478 3432 2534; x_wconf 79' lang='lat' dir='ltr'><strong>transmittere</strong></span> 
     </span>
    </p>
   </div>
   <div class='ocr_carea' id='block_1_56' title="bbox 1869 2541 3432 2638">
    <p class='ocr_par' dir='ltr' id='par_1_56' title="bbox 1869 2541 3432 2638">
     <span class='ocr_line' id='line_1_56' title="bbox 1869 2541 3432 2638; baseline 0.007 -22"><span class='ocrx_word' id='word_1_419' title='bbox 1869 2563 2045 2632; x_wconf 90' lang='lat' dir='ltr'><strong>possit</strong></span> <span class='ocrx_word' id='word_1_420' title='bbox 2079 2582 2093 2618; x_wconf 92' lang='lat'><strong>:</strong></span> <span class='ocrx_word' id='word_1_421' title='bbox 2129 2578 2193 2618; x_wconf 88' lang='lat' dir='ltr'><strong>ac</strong></span> <span class='ocrx_word' id='word_1_422' title='bbox 2240 2578 2462 2621; x_wconf 91' lang='lat' dir='ltr'><strong>necesse</strong></span> <span class='ocrx_word' id='word_1_423' title='bbox 2492 2565 2594 2620; x_wconf 91' lang='lat' dir='ltr'><strong>erit</strong></span> <span class='ocrx_word' id='word_1_424' title='bbox 2637 2541 3020 2635; x_wconf 46' lang='lat' dir='ltr'><strong>plures‘lunas</strong></span> <span class='ocrx_word' id='word_1_425' title='bbox 3051 2571 3330 2638; x_wconf 83' lang='lat' dir='ltr'><strong>exsistere,</strong></span> <span class='ocrx_word' id='word_1_426' title='bbox 3369 2581 3432 2628; x_wconf 91' lang='lat' dir='ltr'><strong>ut</strong></span> 
     </span>
    </p>
   </div>
   <div class='ocr_carea' id='block_1_57' title="bbox 1869 2657 3432 2728">
    <p class='ocr_par' dir='ltr' id='par_1_57' title="bbox 1869 2657 3432 2728">
     <span class='ocr_line' id='line_1_57' title="bbox 1869 2657 3432 2728; baseline 0.006 -19"><span class='ocrx_word' id='word_1_427' title='bbox 1869 2663 2076 2710; x_wconf 82' lang='lat' dir='ltr'><strong>tantam</strong></span> <span class='ocrx_word' id='word_1_428' title='bbox 2109 2666 2329 2726; x_wconf 91' lang='lat' dir='ltr'><strong>repente</strong></span> <span class='ocrx_word' id='word_1_429' title='bbox 2374 2657 2848 2728; x_wconf 82' lang='lat' dir='ltr'><strong>propinquantium</strong></span> <span class='ocrx_word' id='word_1_430' title='bbox 2898 2661 3202 2718; x_wconf 89' lang='lat' dir='ltr'><strong>animarum</strong></span> <span class='ocrx_word' id='word_1_431' title='bbox 3246 2663 3432 2719; x_wconf 85' lang='lat' dir='ltr'><strong>multi-</strong></span> 
     </span>
    </p>
   </div>
   <div class='ocr_carea' id='block_1_58' title="bbox 1871 2743 3432 2822">
    <p class='ocr_par' dir='ltr' id='par_1_58' title="bbox 1871 2743 3432 2822">
     <span class='ocr_line' id='line_1_58' title="bbox 1871 2743 3432 2822; baseline 0.005 -24"><span class='ocrx_word' id='word_1_432' title='bbox 1871 2743 2112 2799; x_wconf 87' lang='lat' dir='ltr'><strong>tudinem</strong></span> <span class='ocrx_word' id='word_1_433' title='bbox 2141 2759 2332 2815; x_wconf 91' lang='lat' dir='ltr'><strong>capere</strong></span> <span class='ocrx_word' id='word_1_434' title='bbox 2352 2746 2581 2816; x_wconf 91' lang='lat' dir='ltr'><strong>possint.</strong></span> <span class='ocrx_word' id='word_1_435' title='bbox 2617 2749 2726 2802; x_wconf 80' lang='lat' dir='ltr'><strong>Nec</strong></span> <span class='ocrx_word' id='word_1_436' title='bbox 2755 2749 2912 2805; x_wconf 90' lang='lat' dir='ltr'><strong>aliter</strong></span> <span class='ocrx_word' id='word_1_437' title='bbox 2941 2750 3008 2807; x_wconf 91' lang='lat' dir='ltr'><strong>de</strong></span> <span class='ocrx_word' id='word_1_438' title='bbox 3030 2751 3166 2806; x_wconf 87' lang='lat' dir='ltr'><strong>mari</strong></span> <span class='ocrx_word' id='word_1_439' title='bbox 3207 2752 3432 2822; x_wconf 86' lang='lat' dir='ltr'><strong>loquen-</strong></span> 
     </span>
    </p>
   </div>
   <div class='ocr_carea' id='block_1_59' title="bbox 1870 2835 3431 2914">
    <p class='ocr_par' dir='ltr' id='par_1_59' title="bbox 1870 2835 3431 2914">
     <span class='ocr_line' id='line_1_59' title="bbox 1870 2835 3431 2914; baseline 0.005 -23"><span class='ocrx_word' id='word_1_440' title='bbox 1870 2836 2001 2891; x_wconf 91' lang='lat' dir='ltr'><strong>dum</strong></span> <span class='ocrx_word' id='word_1_441' title='bbox 2027 2836 2118 2891; x_wconf 89' lang='lat' dir='ltr'><strong>sit.</strong></span> <span class='ocrx_word' id='word_1_442' title='bbox 2154 2835 2390 2892; x_wconf 86' lang='lat' dir='ltr'><strong>Lucrum</strong></span> <span class='ocrx_word' id='word_1_443' title='bbox 2428 2839 2570 2894; x_wconf 92' lang='lat' dir='ltr'><strong>enim</strong></span> <span class='ocrx_word' id='word_1_444' title='bbox 2624 2840 2956 2912; x_wconf 84' lang='lat' dir='ltr'><strong>insperatum</strong></span> <span class='ocrx_word' id='word_1_445' title='bbox 3001 2843 3210 2914; x_wconf 89' lang='lat' dir='ltr'><strong>perire,</strong></span> <span class='ocrx_word' id='word_1_446' title='bbox 3268 2851 3326 2901; x_wconf 83' lang='lat' dir='ltr'><strong>ut</strong></span> <span class='ocrx_word' id='word_1_447' title='bbox 3364 2857 3431 2899; x_wconf 82' lang='lat' dir='ltr'><strong>ea</strong></span> 
     </span>
    </p>
   </div>
   <div class='ocr_carea' id='block_1_60' title="bbox 1870 2928 3427 3004">
    <p class='ocr_par' dir='ltr' id='par_1_60' title="bbox 1870 2928 3427 3004">
     <span class='ocr_line' id='line_1_60' title="bbox 1870 2928 3427 3004; baseline 0.006 -22"><span class='ocrx_word' id='word_1_448' title='bbox 1870 2942 1991 2998; x_wconf 81' lang='lat' dir='ltr'><strong>quae</strong></span> <span class='ocrx_word' id='word_1_449' title='bbox 2019 2928 2308 2994; x_wconf 89' lang='lat' dir='ltr'><strong>intereunt,</strong></span> <span class='ocrx_word' id='word_1_450' title='bbox 2341 2944 2503 3001; x_wconf 88' lang='lat' dir='ltr'><strong>quam</strong></span> <span class='ocrx_word' id='word_1_451' title='bbox 2529 2930 2792 2988; x_wconf 88' lang='lat' dir='ltr'><strong>citissime</strong></span> <span class='ocrx_word' id='word_1_452' title='bbox 2817 2949 2935 3004; x_wconf 62' lang='lat' dir='ltr'><strong>quae</strong></span> <span class='ocrx_word' id='word_1_453' title='bbox 2975 2934 3042 2988; x_wconf 83' lang='lat' dir='ltr'><strong>ad</strong></span> <span class='ocrx_word' id='word_1_454' title='bbox 3067 2930 3233 2991; x_wconf 86' lang='lat' dir='ltr'><strong>Deum</strong></span> <span class='ocrx_word' id='word_1_455' title='bbox 3257 2936 3427 2999; x_wconf 85' lang='lat' dir='ltr'><strong>ducit.</strong></span> 
     </span>
    </p>
   </div>
   <div class='ocr_carea' id='block_1_61' title="bbox 1870 3017 3424 3096">
    <p class='ocr_par' dir='ltr' id='par_1_61' title="bbox 1870 3017 3424 3096">
     <span class='ocr_line' id='line_1_61' title="bbox 1870 3017 3424 3096; baseline 0.006 -24"><span class='ocrx_word' id='word_1_456' title='bbox 1870 3018 2013 3073; x_wconf 88' lang='lat' dir='ltr'><strong>viam</strong></span> <span class='ocrx_word' id='word_1_457' title='bbox 2035 3027 2271 3075; x_wconf 91' lang='lat' dir='ltr'><strong>teneant.</strong></span> <span class='ocrx_word' id='word_1_458' title='bbox 2302 3017 2432 3086; x_wconf 66' lang='lat' dir='ltr'><strong>Quae</strong></span> <span class='ocrx_word' id='word_1_459' title='bbox 2463 3029 2642 3077; x_wconf 90' lang='lat' dir='ltr'><strong>autem</strong></span> <span class='ocrx_word' id='word_1_460' title='bbox 2690 3023 2746 3078; x_wconf 93' lang='lat' dir='ltr'><strong>in</strong></span> <span class='ocrx_word' id='word_1_461' title='bbox 2779 3031 2921 3079; x_wconf 90' lang='lat' dir='ltr'><strong>terra</strong></span> <span class='ocrx_word' id='word_1_462' title='bbox 2962 3032 3224 3096; x_wconf 78' lang='lat' dir='ltr'><strong>geruntur</strong></span> <span class='ocrx_word' id='word_1_463' title='bbox 3252 3027 3424 3092; x_wconf 90' lang='lat' dir='ltr'><strong>bella,</strong></span> 
     </span>
    </p>
   </div>
   <div class='ocr_carea' id='block_1_62' title="bbox 183 3102 3423 3184">
    <p class='ocr_par' dir='ltr' id='par_1_62' title="bbox 183 3102 3423 3184">
     <span class='ocr_line' id='line_1_62' title="bbox 183 3102 3423 3184; baseline 0.006 -27"><span class='ocrx_word' id='word_1_464' title='bbox 183 3102 498 3176; x_wconf 78' lang='lat' dir='ltr'><strong>famesque,</strong></span> <span class='ocrx_word' id='word_1_465' title='bbox 532 3125 596 3164; x_wconf 91' lang='lat' dir='ltr'><strong>ac</strong></span> <span class='ocrx_word' id='word_1_466' title='bbox 640 3109 686 3164; x_wconf 90' lang='lat' dir='ltr'><strong>si</strong></span> <span class='ocrx_word' id='word_1_467' title='bbox 730 3112 857 3181; x_wconf 86' lang='lat' dir='ltr'><strong>quid</strong></span> <span class='ocrx_word' id='word_1_468' title='bbox 896 3120 980 3167; x_wconf 91' lang='lat' dir='ltr'><strong>est</strong></span> <span class='ocrx_word' id='word_1_469' title='bbox 1035 3111 1178 3183; x_wconf 91' lang='lat' dir='ltr'><strong>quod</strong></span> <span class='ocrx_word' id='word_1_470' title='bbox 1217 3110 1436 3166; x_wconf 89' lang='lat' dir='ltr'><strong>interitu</strong></span> <span class='ocrx_word' id='word_1_471' title='bbox 1490 3121 1716 3184; x_wconf 81' lang='lat' dir='ltr'><strong>mergat,</strong></span> <span class='ocrx_word' id='word_1_472' title='bbox 1775 3111 1991 3167; x_wconf 90' lang='lat' dir='ltr'><strong>illorum</strong></span> <span class='ocrx_word' id='word_1_473' title='bbox 2048 3111 2352 3177; x_wconf 89' lang='lat' dir='ltr'><strong>sententia,</strong></span> <span class='ocrx_word' id='word_1_474' title='bbox 2394 3113 2630 3168; x_wconf 80' lang='lat' dir='ltr'><strong>maximo</strong></span> <span class='ocrx_word' id='word_1_475' title='bbox 2681 3114 2988 3171; x_wconf 82' lang='lat' dir='ltr'><strong>habendum</strong></span> <span class='ocrx_word' id='word_1_476' title='bbox 3051 3117 3256 3175; x_wconf 87' lang='lat' dir='ltr'><strong>honore</strong></span> <span class='ocrx_word' id='word_1_477' title='bbox 3316 3124 3423 3177; x_wconf 83' lang='lat' dir='ltr'><strong>est.</strong></span> 
     </span>
    </p>
   </div>
   <div class='ocr_carea' id='block_1_63' title="bbox 184 3197 3418 3281">
    <p class='ocr_par' dir='ltr' id='par_1_63' title="bbox 184 3197 3418 3281">
     <span class='ocr_line' id='line_1_63' title="bbox 184 3197 3418 3281; baseline 0.006 -30"><span class='ocrx_word' id='word_1_478' title='bbox 184 3197 473 3270; x_wconf 83' lang='lat' dir='ltr'><strong>Quidquid</strong></span> <span class='ocrx_word' id='word_1_479' title='bbox 505 3204 650 3258; x_wconf 89' lang='lat' dir='ltr'><strong>enim</strong></span> <span class='ocrx_word' id='word_1_480' title='bbox 687 3219 855 3260; x_wconf 89' lang='lat' dir='ltr'><strong>causa</strong></span> <span class='ocrx_word' id='word_1_481' title='bbox 901 3206 1162 3262; x_wconf 93' lang='lat' dir='ltr'><strong>bonorum</strong></span> <span class='ocrx_word' id='word_1_482' title='bbox 1202 3216 1314 3274; x_wconf 91' lang='lat' dir='ltr'><strong>est,</strong></span> <span class='ocrx_word' id='word_1_483' title='bbox 1363 3207 1507 3278; x_wconf 86' lang='lat' dir='ltr'><strong>quod</strong></span> <span class='ocrx_word' id='word_1_484' title='bbox 1554 3207 1761 3263; x_wconf 89' lang='lat' dir='ltr'><strong>honore</strong></span> <span class='ocrx_word' id='word_1_485' title='bbox 1825 3207 2091 3262; x_wconf 87' lang='lat' dir='ltr'><strong>habeatur</strong></span> <span class='ocrx_word' id='word_1_486' title='bbox 2152 3205 2375 3277; x_wconf 82' lang='lat' dir='ltr'><strong>dignum</strong></span> <span class='ocrx_word' id='word_1_487' title='bbox 2419 3217 2521 3262; x_wconf 89' lang='lat' dir='ltr'><strong>est.</strong></span> <span class='ocrx_word' id='word_1_488' title='bbox 2574 3209 2713 3264; x_wconf 82' lang='lat' dir='ltr'><strong>Sunt</strong></span> <span class='ocrx_word' id='word_1_489' title='bbox 2754 3225 2885 3265; x_wconf 88' lang='lat' dir='ltr'><strong>vero</strong></span> <span class='ocrx_word' id='word_1_490' title='bbox 2916 3211 3030 3267; x_wconf 69' lang='lat' dir='ltr'><strong>haec</strong></span> <span class='ocrx_word' id='word_1_491' title='bbox 3064 3213 3189 3268; x_wconf 92' lang='lat' dir='ltr'><strong>boni</strong></span> <span class='ocrx_word' id='word_1_492' title='bbox 3215 3228 3418 3281; x_wconf 86' lang='lat' dir='ltr'><strong>causa,</strong></span> 
     </span>
    </p>
   </div>
   <div class='ocr_carea' id='block_1_64' title="bbox 185 3295 3180 3370">
    <p class='ocr_par' dir='ltr' id='par_1_64' title="bbox 185 3295 3180 3370">
     <span class='ocr_line' id='line_1_64' title="bbox 185 3295 3180 3370; baseline 0.006 -23"><span class='ocrx_word' id='word_1_493' title='bbox 185 3308 247 3348; x_wconf 85' lang='lat' dir='ltr'><strong>ex</strong></span> <span class='ocrx_word' id='word_1_494' title='bbox 276 3295 513 3352; x_wconf 88' lang='lat' dir='ltr'><strong>interitu</strong></span> <span class='ocrx_word' id='word_1_495' title='bbox 550 3299 643 3370; x_wconf 90' lang='lat' dir='ltr'><strong>qui</strong></span> <span class='ocrx_word' id='word_1_496' title='bbox 681 3308 764 3355; x_wconf 89' lang='lat' dir='ltr'><strong>est</strong></span> <span class='ocrx_word' id='word_1_497' title='bbox 815 3301 922 3357; x_wconf 87' lang='lat' dir='ltr'><strong>illis</strong></span> <span class='ocrx_word' id='word_1_498' title='bbox 971 3317 1177 3369; x_wconf 90' lang='lat' dir='ltr'><strong>comes,</strong></span> <span class='ocrx_word' id='word_1_499' title='bbox 1207 3302 1335 3358; x_wconf 91' lang='lat' dir='ltr'><strong>dum</strong></span> <span class='ocrx_word' id='word_1_500' title='bbox 1368 3302 1658 3358; x_wconf 89' lang='lat' dir='ltr'><strong>discretam</strong></span> <span class='ocrx_word' id='word_1_501' title='bbox 1694 3302 1764 3357; x_wconf 89' lang='lat' dir='ltr'><strong>ab</strong></span> <span class='ocrx_word' id='word_1_502' title='bbox 1799 3301 1888 3358; x_wconf 88' lang='lat' dir='ltr'><strong>his</strong></span> <span class='ocrx_word' id='word_1_503' title='bbox 1911 3302 2004 3370; x_wconf 93' lang='lat' dir='ltr'><strong>qui</strong></span> <span class='ocrx_word' id='word_1_504' title='bbox 2044 3301 2338 3365; x_wconf 87' lang='lat' dir='ltr'><strong>intereunt,</strong></span> <span class='ocrx_word' id='word_1_505' title='bbox 2363 3301 2614 3358; x_wconf 82' lang='lat' dir='ltr'><strong>virtutem</strong></span> <span class='ocrx_word' id='word_1_506' title='bbox 2647 3303 2713 3360; x_wconf 90' lang='lat' dir='ltr'><strong>ad</strong></span> <span class='ocrx_word' id='word_1_507' title='bbox 2740 3303 2907 3360; x_wconf 85' lang='lat' dir='ltr'><strong>Deum</strong></span> <span class='ocrx_word' id='word_1_508' title='bbox 2927 3307 3180 3365; x_wconf 85' lang='lat' dir='ltr'><strong>traducit.</strong></span> 
     </span>
    </p>
   </div>
   <div class='ocr_carea' id='block_1_65' title="bbox 184 3433 3425 3521">
    <p class='ocr_par' dir='ltr' id='par_1_65' title="bbox 184 3433 3425 3521">
     <span class='ocr_line' id='line_1_65' title="bbox 184 3433 3425 3521; baseline 0.005 -32"><span class='ocrx_word' id='word_1_509' title='bbox 184 3434 311 3491; x_wconf 64' lang='lat' dir='ltr'><strong>Car.</strong></span> <span class='ocrx_word' id='word_1_510' title='bbox 335 3433 491 3492; x_wconf 76' lang='lat' dir='ltr'><strong>XIV.</strong></span> <span class='ocrx_word' id='word_1_511' title='bbox 515 3433 782 3508; x_wconf 55' lang='lat' dir='ltr'><strong>[Egyptiis</strong></span> <span class='ocrx_word' id='word_1_512' title='bbox 803 3440 945 3494; x_wconf 82' lang='lat' dir='ltr'><strong>culta</strong></span> <span class='ocrx_word' id='word_1_513' title='bbox 977 3441 1231 3521; x_wconf 67' lang='lat' dir='ltr'><strong>auimoliq</strong></span> <span class='ocrx_word' id='word_1_514' title='bbox 1262 3440 1441 3521; x_wconf 50' lang='lat' dir='ltr'><strong>noxia.</strong></span> <span class='ocrx_word' id='word_1_515' title='bbox 1473 3438 1884 3521; x_wconf 62' lang='lat' dir='ltr'><strong>ﬂamourtibus</strong></span> <span class='ocrx_word' id='word_1_516' title='bbox 1919 3436 2210 3521; x_wconf 61' lang='lat' dir='ltr'><strong>maleﬁcus.</strong></span> <span class='ocrx_word' id='word_1_517' title='bbox 2236 3436 2572 3521; x_wconf 41' lang='lat' dir='ltr'><strong>diuidiues‘elt</strong></span> <span class='ocrx_word' id='word_1_518' title='bbox 2596 3439 2899 3521; x_wconf 69' lang='lat' dir='ltr'><strong>injustitiw,</strong></span> <span class='ocrx_word' id='word_1_519' title='bbox 2925 3443 3123 3511; x_wconf 77' lang='lat' dir='ltr'><strong>legibus</strong></span> <span class='ocrx_word' id='word_1_520' title='bbox 3153 3447 3425 3521; x_wconf 71' lang='lat' dir='ltr'><strong>castigata:</strong></span> 
     </span>
    </p>
   </div>
   <div class='ocr_carea' id='block_1_66' title="bbox 933 3507 2689 3582">
    <p class='ocr_par' dir='ltr' id='par_1_66' title="bbox 933 3507 2689 3582">
     <span class='ocr_line' id='line_1_66' title="bbox 933 3507 2689 3582; baseline 0.001 -16"><span class='ocrx_word' id='word_1_521' title='bbox 933 3521 982 3566; x_wconf 81' lang='lat' dir='ltr'><strong>et</strong></span> <span class='ocrx_word' id='word_1_522' title='bbox 1011 3510 1312 3580; x_wconf 82' lang='lat' dir='ltr'><strong>disciplina.</strong></span> <span class='ocrx_word' id='word_1_523' title='bbox 1346 3509 1716 3582; x_wconf 79' lang='lat' dir='ltr'><strong>Contingentia</strong></span> <span class='ocrx_word' id='word_1_524' title='bbox 1747 3519 1797 3564; x_wconf 85' lang='lat' dir='ltr'><strong>et</strong></span> <span class='ocrx_word' id='word_1_525' title='bbox 1828 3510 2146 3575; x_wconf 84' lang='lat' dir='ltr'><strong>necessaria,</strong></span> <span class='ocrx_word' id='word_1_526' title='bbox 2175 3507 2361 3579; x_wconf 82' lang='lat' dir='ltr'><strong>quibus</strong></span> <span class='ocrx_word' id='word_1_527' title='bbox 2381 3509 2511 3564; x_wconf 75' lang='lat' dir='ltr'><strong>nihil</strong></span> <span class='ocrx_word' id='word_1_528' title='bbox 2535 3507 2689 3567; x_wconf 78' lang='lat' dir='ltr'><strong>labis.</strong></span> 
     </span>
    </p>
   </div>
   <div class='ocr_carea' id='block_1_67' title="bbox 263 3645 1784 3722">
    <p class='ocr_par' dir='ltr' id='par_1_67' title="bbox 263 3649 1761 3722">
     <span class='ocr_line' id='line_1_67' title="bbox 263 3649 1761 3722; baseline -0.001 -18"><span class='ocrx_word' id='word_1_529' title='bbox 263 3649 655 3722; x_wconf 73' lang='grc' dir='ltr'>Ἦγνοήκαμέν</span> <span class='ocrx_word' id='word_1_530' title='bbox 677 3668 758 3716; x_wconf 90' lang='grc' dir='ltr'><strong>τε,</strong></span> <span class='ocrx_word' id='word_1_531' title='bbox 796 3651 872 3715; x_wconf 83' lang='grc' dir='ltr'>ὡς</span> <span class='ocrx_word' id='word_1_532' title='bbox 895 3650 1090 3714; x_wconf 80' lang='grc' dir='ltr'>ἔοικεν,</span> <span class='ocrx_word' id='word_1_533' title='bbox 1112 3651 1192 3704; x_wconf 83' lang='grc' dir='ltr'>ὅτι</span> <span class='ocrx_word' id='word_1_534' title='bbox 1219 3651 1274 3704; x_wconf 80' lang='grc' dir='ltr'>ὲν</span> <span class='ocrx_word' id='word_1_535' title='bbox 1301 3650 1424 3722; x_wconf 84' lang='grc' dir='ltr'>δίκῃ</span> <span class='ocrx_word' id='word_1_536' title='bbox 1446 3651 1535 3703; x_wconf 90' lang='grc' dir='ltr'><strong>τὸν</strong></span> <span class='ocrx_word' id='word_1_537' title='bbox 1565 3650 1761 3722; x_wconf 62' lang='grc' dir='ltr'>κροκὸά</span> 
     </span>
    </p>
   </div>
   <div class='ocr_carea' id='block_1_68' title="bbox 1870 3645 3425 3722">
    <p class='ocr_par' dir='ltr' id='par_1_68' title="bbox 1931 3645 3425 3720">
     <span class='ocr_line' id='line_1_68' title="bbox 1931 3645 3425 3720; baseline 0.004 -19"><span class='ocrx_word' id='word_1_538' title='bbox 1931 3648 2128 3719; x_wconf 85' lang='lat' dir='ltr'><strong>Atque,</strong></span> <span class='ocrx_word' id='word_1_539' title='bbox 2159 3655 2220 3702; x_wconf 92' lang='lat' dir='ltr'><strong>ut</strong></span> <span class='ocrx_word' id='word_1_540' title='bbox 2263 3647 2496 3715; x_wconf 89' lang='lat' dir='ltr'><strong>videtur,</strong></span> <span class='ocrx_word' id='word_1_541' title='bbox 2541 3645 2870 3704; x_wconf 88' lang='lat' dir='ltr'><strong>nescivimus</strong></span> <span class='ocrx_word' id='word_1_542' title='bbox 2911 3647 3193 3720; x_wconf 64' lang='lat' dir='ltr'><strong>IEgyptios</strong></span> <span class='ocrx_word' id='word_1_543' title='bbox 3231 3655 3425 3708; x_wconf 86' lang='lat' dir='ltr'><strong>merito</strong></span> 
     </span>
    </p>
   </div>
   <div class='ocr_carea' id='block_1_69' title="bbox 181 3740 1760 3813">
    <p class='ocr_par' dir='ltr' id='par_1_69' title="bbox 181 3740 1760 3813">
     <span class='ocr_line' id='line_1_69' title="bbox 181 3740 1760 3813; baseline -0.001 -16"><span class='ocrx_word' id='word_1_544' title='bbox 181 3743 357 3797; x_wconf 75' lang='grc' dir='ltr'>δτι).ον</span> <span class='ocrx_word' id='word_1_545' title='bbox 385 3743 484 3795; x_wconf 68' lang='grc' dir='ltr'>καὶ</span> <span class='ocrx_word' id='word_1_546' title='bbox 500 3741 591 3795; x_wconf 86' lang='grc' dir='ltr'><strong>τὸν</strong></span> <span class='ocrx_word' id='word_1_547' title='bbox 601 3740 789 3796; x_wconf 86' lang='grc' dir='ltr'>λέοντα</span> <span class='ocrx_word' id='word_1_548' title='bbox 812 3743 902 3797; x_wconf 74' lang='grc' dir='ltr'>καὶ</span> <span class='ocrx_word' id='word_1_549' title='bbox 917 3743 1007 3796; x_wconf 93' lang='grc' dir='ltr'><strong>τὸν</strong></span> <span class='ocrx_word' id='word_1_550' title='bbox 1025 3741 1186 3796; x_wconf 87' lang='grc' dir='ltr'>λύκον</span> <span class='ocrx_word' id='word_1_551' title='bbox 1211 3741 1438 3813; x_wconf 85' lang='grc' dir='ltr'>τιμῶσιν</span> <span class='ocrx_word' id='word_1_552' title='bbox 1458 3740 1760 3812; x_wconf 68' lang='grc' dir='ltr'>Αίγύπτιον</span> 
     </span>
    </p>
   </div>
   <div class='ocr_carea' id='block_1_70' title="bbox 183 3833 1766 3909">
    <p class='ocr_par' dir='ltr' id='par_1_70' title="bbox 183 3833 1766 3909">
     <span class='ocr_line' id='line_1_70' title="bbox 183 3833 1766 3909; baseline -0.001 -21"><span class='ocrx_word' id='word_1_553' title='bbox 183 3835 382 3906; x_wconf 65' lang='grc' dir='ltr'>ἐπειδὴ</span> <span class='ocrx_word' id='word_1_554' title='bbox 414 3833 587 3887; x_wconf 79' lang='grc' dir='ltr'>ταῦτα</span> <span class='ocrx_word' id='word_1_555' title='bbox 613 3833 843 3904; x_wconf 80' lang='grc' dir='ltr'>μάλιστα</span> <span class='ocrx_word' id='word_1_556' title='bbox 871 3835 1018 3908; x_wconf 89' lang='grc' dir='ltr'><strong>παρά</strong></span> <span class='ocrx_word' id='word_1_557' title='bbox 1041 3836 1110 3890; x_wconf 76' lang='grc' dir='ltr'><strong>τὰ</strong></span> <span class='ocrx_word' id='word_1_558' title='bbox 1135 3835 1269 3891; x_wconf 69' lang='grc' dir='ltr'>ἄλλα</span> <span class='ocrx_word' id='word_1_559' title='bbox 1294 3835 1407 3902; x_wconf 79' lang='grc' dir='ltr'><strong>ζῶα</strong></span> <span class='ocrx_word' id='word_1_560' title='bbox 1428 3833 1766 3909; x_wconf 84' lang='grc' dir='ltr'>καρτερικώ-</span> 
     </span>
    </p>
   </div>
   <div class='ocr_carea' id='block_1_71' title="bbox 180 3927 1766 4000">
    <p class='ocr_par' dir='ltr' id='par_1_71' title="bbox 180 3927 1766 4000">
     <span class='ocr_line' id='line_1_71' title="bbox 180 3927 1766 4000; baseline -0.001 -19"><span class='ocrx_word' id='word_1_561' title='bbox 180 3941 321 3982; x_wconf 83' lang='grc' dir='ltr'>τατα</span> <span class='ocrx_word' id='word_1_562' title='bbox 343 3927 506 3989; x_wconf 72' lang='grc' dir='ltr'>ὄντα,</span> <span class='ocrx_word' id='word_1_563' title='bbox 531 3927 910 3981; x_wconf 82' lang='grc' dir='ltr'>καταναλίσκει</span> <span class='ocrx_word' id='word_1_564' title='bbox 935 3928 1223 4000; x_wconf 79' lang='grc' dir='ltr'>σιτούμενά</span> <span class='ocrx_word' id='word_1_565' title='bbox 1243 3946 1301 3982; x_wconf 83' lang='grc' dir='ltr'><strong>τε</strong></span> <span class='ocrx_word' id='word_1_566' title='bbox 1313 3929 1452 3982; x_wconf 87' lang='grc' dir='ltr'>αὐτά</span> <span class='ocrx_word' id='word_1_567' title='bbox 1475 3929 1568 3982; x_wconf 73' lang='grc' dir='ltr'>καὶ</span> <span class='ocrx_word' id='word_1_568' title='bbox 1589 3927 1766 3981; x_wconf 85' lang='grc' dir='ltr'>πάντα</span> 
     </span>
    </p>
   </div>
   <div class='ocr_carea' id='block_1_72' title="bbox 179 4018 1765 4094">
    <p class='ocr_par' dir='ltr' id='par_1_72' title="bbox 179 4018 1765 4094">
     <span class='ocr_line' id='line_1_72' title="bbox 179 4018 1765 4094; baseline -0.001 -19"><span class='ocrx_word' id='word_1_569' title='bbox 179 4022 394 4093; x_wconf 75' lang='grc' dir='ltr'>τρόπον</span> <span class='ocrx_word' id='word_1_570' title='bbox 420 4018 831 4092; x_wconf 77' lang='grc' dir='ltr'>διαφθείροντα·</span> <span class='ocrx_word' id='word_1_571' title='bbox 866 4021 956 4073; x_wconf 71' lang='grc' dir='ltr'>καὶ</span> <span class='ocrx_word' id='word_1_572' title='bbox 997 4021 1087 4074; x_wconf 88' lang='grc' dir='ltr'><strong>τὸν</strong></span> <span class='ocrx_word' id='word_1_573' title='bbox 1128 4021 1283 4075; x_wconf 88' lang='grc' dir='ltr'>ἀετὸν</span> <span class='ocrx_word' id='word_1_574' title='bbox 1316 4021 1410 4074; x_wconf 71' lang='grc' dir='ltr'><strong>καὶ</strong></span> <span class='ocrx_word' id='word_1_575' title='bbox 1445 4021 1535 4074; x_wconf 86' lang='grc' dir='ltr'><strong>τὸν</strong></span> <span class='ocrx_word' id='word_1_576' title='bbox 1574 4019 1765 4094; x_wconf 81' lang='grc' dir='ltr'>ἱέρακα</span> 
     </span>
    </p>
   </div>
   <div class='ocr_carea' id='block_1_73' title="bbox 181 4113 1765 4187">
    <p class='ocr_par' dir='ltr' id='par_1_73' title="bbox 181 4113 1765 4187">
     <span class='ocr_line' id='line_1_73' title="bbox 181 4113 1765 4187; baseline -0.001 -20"><span class='ocrx_word' id='word_1_577' title='bbox 181 4115 262 4167; x_wconf 82' lang='grc' dir='ltr'>ὅτι</span> <span class='ocrx_word' id='word_1_578' title='bbox 288 4115 400 4168; x_wconf 69' lang='grc' dir='ltr'>καὶ</span> <span class='ocrx_word' id='word_1_579' title='bbox 424 4113 598 4166; x_wconf 85' lang='grc' dir='ltr'>ταῦτα</span> <span class='ocrx_word' id='word_1_580' title='bbox 631 4113 738 4166; x_wconf 86' lang='grc' dir='ltr'>τῶν</span> <span class='ocrx_word' id='word_1_581' title='bbox 760 4113 816 4164; x_wconf 81' lang='grc' dir='ltr'>ὲν</span> <span class='ocrx_word' id='word_1_582' title='bbox 846 4113 966 4185; x_wconf 87' lang='grc' dir='ltr'>ἀέρι</span> <span class='ocrx_word' id='word_1_583' title='bbox 1000 4115 1092 4166; x_wconf 76' lang='grc' dir='ltr'>καὶ</span> <span class='ocrx_word' id='word_1_584' title='bbox 1126 4113 1216 4167; x_wconf 72' lang='grc' dir='ltr'><strong>ἐπὶ</strong></span> <span class='ocrx_word' id='word_1_585' title='bbox 1240 4114 1342 4187; x_wconf 84' lang='grc' dir='ltr'>γῆς</span> <span class='ocrx_word' id='word_1_586' title='bbox 1366 4113 1765 4184; x_wconf 86' lang='grc' dir='ltr'>ἀσθενεστέρων</span> 
     </span>
    </p>
   </div>
   <div class='ocr_carea' id='block_1_74' title="bbox 184 4201 1764 4276">
    <p class='ocr_par' dir='ltr' id='par_1_74' title="bbox 184 4201 1764 4276">
     <span class='ocr_line' id='line_1_74' title="bbox 184 4201 1764 4276; baseline -0.003 -15"><span class='ocrx_word' id='word_1_587' title='bbox 184 4201 344 4270; x_wconf 79' lang='grc' dir='ltr'>ζώων</span> <span class='ocrx_word' id='word_1_588' title='bbox 380 4205 719 4276; x_wconf 85' lang='grc' dir='ltr'>ἀναιρετικά.</span> <span class='ocrx_word' id='word_1_589' title='bbox 760 4203 911 4276; x_wconf 79' lang='grc' dir='ltr'><strong>Τάχα</strong></span> <span class='ocrx_word' id='word_1_590' title='bbox 940 4205 995 4258; x_wconf 84' lang='grc' dir='ltr'>δὲ</span> <span class='ocrx_word' id='word_1_591' title='bbox 1033 4207 1152 4258; x_wconf 83' lang='grc' dir='ltr'>κατ’</span> <span class='ocrx_word' id='word_1_592' title='bbox 1183 4206 1378 4268; x_wconf 67' lang='grc' dir='ltr'>αὐτοὺς</span> <span class='ocrx_word' id='word_1_593' title='bbox 1417 4205 1444 4257; x_wconf 83' lang='grc' dir='ltr'>ὁ</span> <span class='ocrx_word' id='word_1_594' title='bbox 1483 4204 1764 4275; x_wconf 83' lang='grc' dir='ltr'>ἄνθρωπος</span> 
     </span>
    </p>
   </div>
   <div class='ocr_carea' id='block_1_75' title="bbox 180 4295 1764 4368">
    <p class='ocr_par' dir='ltr' id='par_1_75' title="bbox 180 4295 1764 4368">
     <span class='ocr_line' id='line_1_75' title="bbox 180 4295 1764 4368; baseline -0.003 -19"><span class='ocrx_word' id='word_1_595' title='bbox 180 4298 266 4350; x_wconf 76' lang='grc' dir='ltr'><strong>διὰ</strong></span> <span class='ocrx_word' id='word_1_596' title='bbox 289 4295 464 4351; x_wconf 84' lang='grc' dir='ltr'>τοῦτο</span> <span class='ocrx_word' id='word_1_597' title='bbox 493 4297 548 4348; x_wconf 82' lang='grc' dir='ltr'>ὲν</span> <span class='ocrx_word' id='word_1_598' title='bbox 576 4295 800 4368; x_wconf 79' lang='grc' dir='ltr'>πλείστῃ</span> <span class='ocrx_word' id='word_1_599' title='bbox 844 4299 996 4368; x_wconf 81' lang='grc' dir='ltr'>τιμῇ,</span> <span class='ocrx_word' id='word_1_600' title='bbox 1021 4297 1102 4349; x_wconf 84' lang='grc' dir='ltr'>ὅτι</span> <span class='ocrx_word' id='word_1_601' title='bbox 1139 4296 1369 4366; x_wconf 79' lang='grc' dir='ltr'>μάλιστα</span> <span class='ocrx_word' id='word_1_602' title='bbox 1410 4295 1624 4348; x_wconf 85' lang='grc' dir='ltr'>πάντων</span> <span class='ocrx_word' id='word_1_603' title='bbox 1645 4295 1764 4356; x_wconf 76' lang='grc' dir='ltr'>ταῖς</span> 
     </span>
    </p>
   </div>
   <div class='ocr_carea' id='block_1_76' title="bbox 184 4384 1764 4458">
    <p class='ocr_par' dir='ltr' id='par_1_76' title="bbox 184 4384 1764 4458">
     <span class='ocr_line' id='line_1_76' title="bbox 184 4384 1764 4458; baseline -0.001 -18"><span class='ocrx_word' id='word_1_604' title='bbox 184 4387 467 4451; x_wconf 73' lang='grc' dir='ltr'>ἐπινοίαις</span> <span class='ocrx_word' id='word_1_605' title='bbox 501 4388 594 4441; x_wconf 68' lang='grc' dir='ltr'>καὶ</span> <span class='ocrx_word' id='word_1_606' title='bbox 620 4391 741 4452; x_wconf 80' lang='grc' dir='ltr'>ταῖς</span> <span class='ocrx_word' id='word_1_607' title='bbox 773 4388 990 4458; x_wconf 80' lang='grc' dir='ltr'>τέχναις</span> <span class='ocrx_word' id='word_1_608' title='bbox 1023 4388 1248 4442; x_wconf 82' lang='grc' dir='ltr'>πλεῖστα</span> <span class='ocrx_word' id='word_1_609' title='bbox 1279 4387 1388 4440; x_wconf 82' lang='grc' dir='ltr'>τῶν</span> <span class='ocrx_word' id='word_1_610' title='bbox 1413 4386 1564 4451; x_wconf 79' lang='grc' dir='ltr'>ζώων</span> <span class='ocrx_word' id='word_1_611' title='bbox 1591 4384 1764 4456; x_wconf 88' lang='grc' dir='ltr'>δαμά-</span> 
     </span>
    </p>
   </div>
   <div class='ocr_carea' id='block_1_77' title="bbox 183 4474 1762 4550">
    <p class='ocr_par' dir='ltr' id='par_1_77' title="bbox 183 4474 1762 4550">
     <span class='ocr_line' id='line_1_77' title="bbox 183 4474 1762 4550; baseline -0.004 -17"><span class='ocrx_word' id='word_1_612' title='bbox 183 4478 296 4544; x_wconf 64' lang='lat' dir='ltr'><strong>{etv</strong></span> <span class='ocrx_word' id='word_1_613' title='bbox 352 4479 579 4533; x_wconf 70' lang='grc' dir='ltr'>εἴωθενθ</span> <span class='ocrx_word' id='word_1_614' title='bbox 618 4481 704 4532; x_wconf 85' lang='grc' dir='ltr'>ἵνα</span> <span class='ocrx_word' id='word_1_615' title='bbox 737 4481 830 4533; x_wconf 74' lang='grc' dir='ltr'>καὶ</span> <span class='ocrx_word' id='word_1_616' title='bbox 881 4479 1043 4543; x_wconf 78' lang='grc' dir='ltr'>αὐτὸς</span> <span class='ocrx_word' id='word_1_617' title='bbox 1090 4479 1162 4550; x_wconf 78' lang='grc' dir='ltr'>μὴ</span> <span class='ocrx_word' id='word_1_618' title='bbox 1204 4479 1405 4549; x_wconf 81' lang='grc' dir='ltr'>ἁμοιρῇ</span> <span class='ocrx_word' id='word_1_619' title='bbox 1449 4477 1635 4532; x_wconf 86' lang='grc' dir='ltr'>τούτου</span> <span class='ocrx_word' id='word_1_620' title='bbox 1667 4474 1762 4528; x_wconf 91' lang='grc' dir='ltr'><strong>τοῦ</strong></span> 
     </span>
    </p>
   </div>
   <div class='ocr_carea' id='block_1_78' title="bbox 181 4568 1764 4645">
    <p class='ocr_par' dir='ltr' id='par_1_78' title="bbox 181 4568 1764 4645">
     <span class='ocr_line' id='line_1_78' title="bbox 181 4568 1764 4645; baseline -0.003 -20"><span class='ocrx_word' id='word_1_621' title='bbox 181 4572 427 4641; x_wconf 84' lang='grc' dir='ltr'>ἀγαθοῦ,</span> <span class='ocrx_word' id='word_1_622' title='bbox 461 4572 594 4645; x_wconf 81' lang='grc' dir='ltr'>βορά</span> <span class='ocrx_word' id='word_1_623' title='bbox 626 4572 826 4644; x_wconf 80' lang='grc' dir='ltr'>ἐτέρων</span> <span class='ocrx_word' id='word_1_624' title='bbox 857 4574 1082 4643; x_wconf 81' lang='grc' dir='ltr'>γίνεται.</span> <span class='ocrx_word' id='word_1_625' title='bbox 1113 4571 1280 4626; x_wconf 86' lang='grc' dir='ltr'>Πάλιν</span> <span class='ocrx_word' id='word_1_626' title='bbox 1311 4568 1404 4625; x_wconf 84' lang='grc' dir='ltr'><strong>οῦν</strong></span> <span class='ocrx_word' id='word_1_627' title='bbox 1442 4573 1496 4624; x_wconf 91' lang='grc' dir='ltr'>αἱ</span> <span class='ocrx_word' id='word_1_628' title='bbox 1525 4570 1764 4640; x_wconf 88' lang='grc' dir='ltr'>γενέσεις</span> 
     </span>
    </p>
   </div>
   <div class='ocr_carea' id='block_1_79' title="bbox 184 4661 1764 4735">
    <p class='ocr_par' dir='ltr' id='par_1_79' title="bbox 184 4661 1764 4735">
     <span class='ocr_line' id='line_1_79' title="bbox 184 4661 1764 4735; baseline -0.002 -20"><span class='ocrx_word' id='word_1_629' title='bbox 184 4663 412 4726; x_wconf 72' lang='grc' dir='ltr'>ἄτοποι,</span> <span class='ocrx_word' id='word_1_630' title='bbox 466 4665 584 4716; x_wconf 84' lang='grc' dir='ltr'>κατ’</span> <span class='ocrx_word' id='word_1_631' title='bbox 634 4662 848 4728; x_wconf 80' lang='grc' dir='ltr'>αὐτοὺς,</span> <span class='ocrx_word' id='word_1_632' title='bbox 889 4665 952 4717; x_wconf 82' lang='grc' dir='ltr'>ὲκ</span> <span class='ocrx_word' id='word_1_633' title='bbox 1002 4661 1197 4735; x_wconf 79' lang='grc' dir='ltr'>μικροῦ</span> <span class='ocrx_word' id='word_1_634' title='bbox 1249 4662 1342 4715; x_wconf 59' lang='grc' dir='ltr'><strong>καὶ⁷</strong></span> <span class='ocrx_word' id='word_1_635' title='bbox 1376 4661 1468 4714; x_wconf 86' lang='grc' dir='ltr'><strong>τοῦ</strong></span> <span class='ocrx_word' id='word_1_636' title='bbox 1513 4661 1764 4731; x_wconf 87' lang='grc' dir='ltr'>τυχόντος</span> 
     </span>
    </p>
   </div>
   <div class='ocr_carea' id='block_1_80' title="bbox 187 4749 1766 4826">
    <p class='ocr_par' dir='ltr' id='par_1_80' title="bbox 187 4749 1766 4826">
     <span class='ocr_line' id='line_1_80' title="bbox 187 4749 1766 4826; baseline -0.002 -21"><span class='ocrx_word' id='word_1_637' title='bbox 187 4754 514 4826; x_wconf 76' lang='grc' dir='ltr'>σπέρματος</span> <span class='ocrx_word' id='word_1_638' title='bbox 547 4755 654 4806; x_wconf 78' lang='grc' dir='ltr'><strong>πᾶν</strong></span> <span class='ocrx_word' id='word_1_639' title='bbox 681 4753 821 4824; x_wconf 87' lang='grc' dir='ltr'>μέγα</span> <span class='ocrx_word' id='word_1_640' title='bbox 858 4772 910 4807; x_wconf 89' lang='grc' dir='ltr'><strong>τι</strong></span> <span class='ocrx_word' id='word_1_641' title='bbox 936 4753 1319 4808; x_wconf 65' lang='grc' dir='ltr'>ἀποτελοῦσαν</span> <span class='ocrx_word' id='word_1_642' title='bbox 1354 4752 1444 4804; x_wconf 71' lang='grc' dir='ltr'>καὶ</span> <span class='ocrx_word' id='word_1_643' title='bbox 1468 4751 1600 4804; x_wconf 77' lang='grc' dir='ltr'>πολὺ</span> <span class='ocrx_word' id='word_1_644' title='bbox 1637 4749 1766 4804; x_wconf 85' lang='grc' dir='ltr'>κάλ-</span> 
     </span>
    </p>
   </div>
   <div class='ocr_carea' id='block_1_81' title="bbox 187 4841 1761 4919">
    <p class='ocr_par' dir='ltr' id='par_1_81' title="bbox 187 4841 1761 4919">
     <span class='ocr_line' id='line_1_81' title="bbox 187 4841 1761 4919; baseline -0.002 -22"><span class='ocrx_word' id='word_1_645' title='bbox 187 4845 298 4898; x_wconf 76' lang='grc' dir='ltr'>λιον</span> <span class='ocrx_word' id='word_1_646' title='bbox 341 4845 472 4898; x_wconf 81' lang='grc' dir='ltr'>κατ’</span> <span class='ocrx_word' id='word_1_647' title='bbox 519 4845 714 4910; x_wconf 72' lang='grc' dir='ltr'>αὐτοὺς</span> <span class='ocrx_word' id='word_1_648' title='bbox 761 4845 1065 4919; x_wconf 80' lang='grc' dir='ltr'>ἀνῃρῆσθαι</span> <span class='ocrx_word' id='word_1_649' title='bbox 1117 4845 1317 4907; x_wconf 86' lang='grc' dir='ltr'>ταύτας</span> <span class='ocrx_word' id='word_1_650' title='bbox 1350 4843 1452 4896; x_wconf 87' lang='grc' dir='ltr'>ὑπὸ</span> <span class='ocrx_word' id='word_1_651' title='bbox 1481 4841 1573 4896; x_wconf 90' lang='grc' dir='ltr'><strong>τοῦ</strong></span> <span class='ocrx_word' id='word_1_652' title='bbox 1605 4841 1761 4906; x_wconf 84' lang='grc' dir='ltr'>Θεοῦ,</span> 
     </span>
    </p>
   </div>
   <div class='ocr_carea' id='block_1_82' title="bbox 188 4935 1763 5010">
    <p class='ocr_par' dir='ltr' id='par_1_82' title="bbox 188 4935 1763 5010">
     <span class='ocr_line' id='line_1_82' title="bbox 188 4935 1763 5010; baseline 0 -22"><span class='ocrx_word' id='word_1_653' title='bbox 188 4938 276 4990; x_wconf 78' lang='grc' dir='ltr'>ἵνα</span> <span class='ocrx_word' id='word_1_654' title='bbox 306 4937 373 4991; x_wconf 70' lang='grc' dir='ltr'>ἂν</span> <span class='ocrx_word' id='word_1_655' title='bbox 407 4939 671 5008; x_wconf 85' lang='grc' dir='ltr'>σύντομος</span> <span class='ocrx_word' id='word_1_656' title='bbox 703 4939 916 5007; x_wconf 74' lang='grc' dir='ltr'>ἐγένετο</span> <span class='ocrx_word' id='word_1_657' title='bbox 949 4938 1234 5010; x_wconf 78' lang='grc' dir='ltr'>ἀπαλλαγὴ</span> <span class='ocrx_word' id='word_1_658' title='bbox 1266 4938 1365 5008; x_wconf 79' lang='grc' dir='ltr'>τῆς</span> <span class='ocrx_word' id='word_1_659' title='bbox 1392 4935 1624 4990; x_wconf 67' lang='grc' dir='ltr'>ἐνταῦθα</span> <span class='ocrx_word' id='word_1_660' title='bbox 1645 4935 1763 4988; x_wconf 90' lang='grc' dir='ltr'>δια-</span> 
     </span>
    </p>
   </div>
   <div class='ocr_carea' id='block_1_83' title="bbox 187 5029 1134 5102">
    <p class='ocr_par' dir='ltr' id='par_1_83' title="bbox 187 5029 1134 5102">
     <span class='ocr_line' id='line_1_83' title="bbox 187 5029 1134 5102; baseline 0.006 -22"><span class='ocrx_word' id='word_1_661' title='bbox 187 5030 389 5098; x_wconf 67' lang='grc' dir='ltr'>τριϐῆς</span> <span class='ocrx_word' id='word_1_662' title='bbox 414 5030 514 5100; x_wconf 80' lang='grc' dir='ltr'><strong>τῆς</strong></span> <span class='ocrx_word' id='word_1_663' title='bbox 539 5030 814 5101; x_wconf 78' lang='grc' dir='ltr'>δυνάμεως</span> <span class='ocrx_word' id='word_1_664' title='bbox 837 5031 936 5102; x_wconf 81' lang='grc' dir='ltr'>τῆς</span> <span class='ocrx_word' id='word_1_665' title='bbox 965 5029 1134 5095; x_wconf 88' lang='grc' dir='ltr'>θείας.</span> 
     </span>
    </p>
   </div>
   <div class='ocr_carea' id='block_1_84' title="bbox 273 5122 1761 5193">
    <p class='ocr_par' dir='ltr' id='par_1_84' title="bbox 273 5122 1761 5193">
     <span class='ocr_line' id='line_1_84' title="bbox 273 5122 1761 5193; baseline 0.003 -19"><span class='ocrx_word' id='word_1_666' title='bbox 273 5123 444 5174; x_wconf 79' lang='grc' dir='ltr'>Ἀλλά</span> <span class='ocrx_word' id='word_1_667' title='bbox 474 5122 527 5175; x_wconf 81' lang='grc' dir='ltr'><strong>τί</strong></span> <span class='ocrx_word' id='word_1_668' title='bbox 555 5123 648 5176; x_wconf 75' lang='grc' dir='ltr'>καὶ</span> <span class='ocrx_word' id='word_1_669' title='bbox 674 5124 808 5193; x_wconf 86' lang='grc' dir='ltr'>πρὸς</span> <span class='ocrx_word' id='word_1_670' title='bbox 837 5124 1128 5188; x_wconf 84' lang='grc' dir='ltr'>ἀκολασίας</span> <span class='ocrx_word' id='word_1_671' title='bbox 1153 5124 1245 5178; x_wconf 69' lang='grc' dir='ltr'>καὶ</span> <span class='ocrx_word' id='word_1_672' title='bbox 1269 5122 1499 5188; x_wconf 85' lang='grc' dir='ltr'>ἀδικίας,</span> <span class='ocrx_word' id='word_1_673' title='bbox 1526 5123 1620 5178; x_wconf 59' lang='grc' dir='ltr'><strong>καὶ⁵</strong></span> <span class='ocrx_word' id='word_1_674' title='bbox 1652 5123 1761 5178; x_wconf 83' lang='grc' dir='ltr'>πᾶν</span> 
     </span>
    </p>
   </div>
   <div class='ocr_carea' id='block_1_85' title="bbox 187 5211 1758 5288">
    <p class='ocr_par' dir='ltr' id='par_1_85' title="bbox 187 5211 1758 5288">
     <span class='ocr_line' id='line_1_85' title="bbox 187 5211 1758 5288; baseline 0.002 -22"><span class='ocrx_word' id='word_1_675' title='bbox 187 5213 376 5266; x_wconf 74' lang='grc' dir='ltr'>ὁτιοῦν</span> <span class='ocrx_word' id='word_1_676' title='bbox 418 5213 692 5278; x_wconf 86' lang='grc' dir='ltr'>τοιοῦτον,</span> <span class='ocrx_word' id='word_1_677' title='bbox 729 5211 921 5286; x_wconf 80' lang='grc' dir='ltr'>φήσειέ</span> <span class='ocrx_word' id='word_1_678' title='bbox 954 5229 1038 5279; x_wconf 87' lang='grc' dir='ltr'><strong>τις</strong></span> <span class='ocrx_word' id='word_1_679' title='bbox 1074 5215 1160 5279; x_wconf 73' lang='grc' dir='ltr'>ἂν,</span> <span class='ocrx_word' id='word_1_680' title='bbox 1206 5218 1234 5269; x_wconf 83' lang='grc' dir='ltr'>ὁ</span> <span class='ocrx_word' id='word_1_681' title='bbox 1278 5214 1576 5287; x_wconf 81' lang='grc' dir='ltr'>Μανιχαῐος</span> <span class='ocrx_word' id='word_1_682' title='bbox 1607 5217 1758 5288; x_wconf 73' lang='grc' dir='ltr'>ἐρεῖς</span> 
     </span>
    </p>
   </div>
   <div class='ocr_carea' id='block_1_86' title="bbox 190 5303 1760 5379">
    <p class='ocr_par' dir='ltr' id='par_1_86' title="bbox 190 5303 1760 5379">
     <span class='ocr_line' id='line_1_86' title="bbox 190 5303 1760 5379; baseline 0.004 -23"><span class='ocrx_word' id='word_1_683' title='bbox 190 5304 409 5358; x_wconf 75' lang='grc' dir='ltr'>οὐκοῦν</span> <span class='ocrx_word' id='word_1_684' title='bbox 441 5304 576 5375; x_wconf 82' lang='grc' dir='ltr'>πρὸς</span> <span class='ocrx_word' id='word_1_685' title='bbox 599 5303 767 5359; x_wconf 87' lang='grc' dir='ltr'>ταῦτα</span> <span class='ocrx_word' id='word_1_686' title='bbox 795 5305 984 5378; x_wconf 81' lang='grc' dir='ltr'>βοηθὸς</span> <span class='ocrx_word' id='word_1_687' title='bbox 1010 5306 1212 5360; x_wconf 85' lang='grc' dir='ltr'>δέδοται</span> <span class='ocrx_word' id='word_1_688' title='bbox 1242 5309 1275 5379; x_wconf 83' lang='grc' dir='ltr'>ὴ</span> <span class='ocrx_word' id='word_1_689' title='bbox 1306 5308 1582 5372; x_wconf 87' lang='grc' dir='ltr'>παίδευσις</span> <span class='ocrx_word' id='word_1_690' title='bbox 1611 5308 1705 5361; x_wconf 76' lang='grc' dir='ltr'>καὶ</span> <span class='ocrx_word' id='word_1_691' title='bbox 1731 5308 1760 5362; x_wconf 83' lang='grc' dir='ltr'><strong><em>ὁ</em></strong></span> 
     </span>
    </p>
   </div>
   <div class='ocr_carea' id='block_1_87' title="bbox 188 5397 1762 5472">
    <p class='ocr_par' dir='ltr' id='par_1_87' title="bbox 188 5397 1762 5472">
     <span class='ocr_line' id='line_1_87' title="bbox 188 5397 1762 5472; baseline 0.002 -24"><span class='ocrx_word' id='word_1_692' title='bbox 188 5397 388 5466; x_wconf 81' lang='grc' dir='ltr'>νόμος·</span> <span class='ocrx_word' id='word_1_693' title='bbox 453 5399 486 5466; x_wconf 84' lang='grc' dir='ltr'>ἡ</span> <span class='ocrx_word' id='word_1_694' title='bbox 545 5399 642 5467; x_wconf 77' lang='grc' dir='ltr'>μὲν</span> <span class='ocrx_word' id='word_1_695' title='bbox 693 5397 970 5461; x_wconf 83' lang='grc' dir='ltr'>παίδευσις</span> <span class='ocrx_word' id='word_1_696' title='bbox 1015 5399 1434 5472; x_wconf 76' lang='grc' dir='ltr'>ἐκφροντίζουσα</span> <span class='ocrx_word' id='word_1_697' title='bbox 1480 5399 1573 5452; x_wconf 89' lang='grc' dir='ltr'><strong>τοῦ</strong></span> <span class='ocrx_word' id='word_1_698' title='bbox 1629 5398 1762 5471; x_wconf 79' lang='grc' dir='ltr'>μηδὲ</span> 
     </span>
    </p>
   </div>
   <div class='ocr_carea' id='block_1_88' title="bbox 191 5488 1762 5562">
    <p class='ocr_par' dir='ltr' id='par_1_88' title="bbox 191 5488 1762 5562">
     <span class='ocr_line' id='line_1_88' title="bbox 191 5488 1762 5562; baseline 0.003 -23"><span class='ocrx_word' id='word_1_699' title='bbox 191 5488 437 5541; x_wconf 73' lang='grc' dir='ltr'>τοιοῦτόν</span> <span class='ocrx_word' id='word_1_700' title='bbox 458 5506 512 5542; x_wconf 89' lang='grc' dir='ltr'><strong>τι</strong></span> <span class='ocrx_word' id='word_1_701' title='bbox 541 5489 669 5559; x_wconf 69' lang='grc' dir='ltr'>περὶ</span> <span class='ocrx_word' id='word_1_702' title='bbox 695 5489 818 5552; x_wconf 73' lang='grc' dir='ltr'>τοὺς</span> <span class='ocrx_word' id='word_1_703' title='bbox 847 5489 1163 5562; x_wconf 85' lang='grc' dir='ltr'>ἀνθρώπους</span> <span class='ocrx_word' id='word_1_704' title='bbox 1185 5489 1499 5562; x_wconf 75' lang='grc' dir='ltr'>συμϐαίνειν</span> <span class='ocrx_word' id='word_1_705' title='bbox 1515 5509 1527 5521; x_wconf 87' lang='grc'><strong>·</strong></span> <span class='ocrx_word' id='word_1_706' title='bbox 1553 5494 1581 5544; x_wconf 88' lang='grc' dir='ltr'>ὁ</span> <span class='ocrx_word' id='word_1_707' title='bbox 1601 5492 1762 5562; x_wconf 80' lang='grc' dir='ltr'>νόμος</span> 
     </span>
    </p>
   </div>
   <div class='ocr_carea' id='block_1_89' title="bbox 198 5579 1760 5652">
    <p class='ocr_par' dir='ltr' id='par_1_89' title="bbox 198 5579 1760 5652">
     <span class='ocr_line' id='line_1_89' title="bbox 198 5579 1760 5652; baseline 0.003 -22"><span class='ocrx_word' id='word_1_708' title='bbox 198 5579 246 5630; x_wconf 68' lang='grc' dir='ltr'>δὲ</span> <span class='ocrx_word' id='word_1_709' title='bbox 277 5580 691 5652; x_wconf 82' lang='grc' dir='ltr'>τιμωρούμενος</span> <span class='ocrx_word' id='word_1_710' title='bbox 713 5581 804 5635; x_wconf 87' lang='grc' dir='ltr'><strong>τὸν</strong></span> <span class='ocrx_word' id='word_1_711' title='bbox 835 5582 1027 5637; x_wconf 77' lang='grc' dir='ltr'>ἁλόντα</span> <span class='ocrx_word' id='word_1_712' title='bbox 1059 5582 1114 5637; x_wconf 72' lang='grc' dir='ltr'>ἓν</span> <span class='ocrx_word' id='word_1_713' title='bbox 1143 5600 1247 5636; x_wconf 89' lang='grc' dir='ltr'>τινι</span> <span class='ocrx_word' id='word_1_714' title='bbox 1276 5582 1381 5636; x_wconf 85' lang='grc' dir='ltr'><strong>τῶν</strong></span> <span class='ocrx_word' id='word_1_715' title='bbox 1413 5583 1760 5652; x_wconf 72' lang='grc' dir='ltr'>ἀδικημάτων</span> 
     </span>
    </p>
   </div>
   <div class='ocr_carea' id='block_1_90' title="bbox 205 5667 346 5724">
    <p class='ocr_par' dir='ltr' id='par_1_90' title="bbox 205 5667 346 5724">
     <span class='ocr_line' id='line_1_90' title="bbox 205 5667 346 5724; baseline 0.028 -4"><span class='ocrx_word' id='word_1_716' title='bbox 205 5667 346 5724; x_wconf 49' lang='lat' dir='ltr'><strong>sna.</strong></span> 
     </span>
    </p>
   </div>
   <div class='ocr_carea' id='block_1_91' title="bbox 1867 3741 3425 3814">
    <p class='ocr_par' dir='ltr' id='par_1_91' title="bbox 1867 3741 3425 3814">
     <span class='ocr_line' id='line_1_91' title="bbox 1867 3741 3425 3814; baseline 0.003 -17"><span class='ocrx_word' id='word_1_717' title='bbox 1867 3743 2196 3798; x_wconf 87' lang='lat' dir='ltr'><strong>crocodilum</strong></span> <span class='ocrx_word' id='word_1_718' title='bbox 2233 3741 2410 3798; x_wconf 88' lang='lat' dir='ltr'><strong>colere</strong></span> <span class='ocrx_word' id='word_1_719' title='bbox 2441 3749 2494 3796; x_wconf 90' lang='lat' dir='ltr'><strong>et</strong></span> <span class='ocrx_word' id='word_1_720' title='bbox 2537 3741 2742 3796; x_wconf 89' lang='lat' dir='ltr'><strong>leonem</strong></span> <span class='ocrx_word' id='word_1_721' title='bbox 2775 3747 2829 3796; x_wconf 86' lang='lat' dir='ltr'><strong>et</strong></span> <span class='ocrx_word' id='word_1_722' title='bbox 2875 3741 3091 3811; x_wconf 89' lang='lat' dir='ltr'><strong>lupum,</strong></span> <span class='ocrx_word' id='word_1_723' title='bbox 3141 3745 3281 3814; x_wconf 90' lang='lat' dir='ltr'><strong>quod</strong></span> <span class='ocrx_word' id='word_1_724' title='bbox 3312 3746 3425 3802; x_wconf 61' lang='lat' dir='ltr'><strong>hac</strong></span> 
     </span>
    </p>
   </div>
   <div class='ocr_carea' id='block_1_92' title="bbox 1866 3833 3424 3907">
    <p class='ocr_par' dir='ltr' id='par_1_92' title="bbox 1866 3833 3424 3907">
     <span class='ocr_line' id='line_1_92' title="bbox 1866 3833 3424 3907; baseline 0.003 -19"><span class='ocrx_word' id='word_1_725' title='bbox 1866 3833 2100 3889; x_wconf 82' lang='lat' dir='ltr'><strong>maxime</strong></span> <span class='ocrx_word' id='word_1_726' title='bbox 2143 3833 2399 3889; x_wconf 86' lang='lat' dir='ltr'><strong>animalia</strong></span> <span class='ocrx_word' id='word_1_727' title='bbox 2448 3847 2559 3902; x_wconf 49' lang='lat' dir='ltr'><strong>pra!</strong></span> <span class='ocrx_word' id='word_1_728' title='bbox 2617 3833 2842 3902; x_wconf 92' lang='lat' dir='ltr'><strong>reliquis</strong></span> <span class='ocrx_word' id='word_1_729' title='bbox 2875 3833 3203 3902; x_wconf 88' lang='lat' dir='ltr'><strong>robustiora,</strong></span> <span class='ocrx_word' id='word_1_730' title='bbox 3249 3835 3424 3907; x_wconf 84' lang='lat' dir='ltr'><strong>ipsam</strong></span> 
     </span>
    </p>
   </div>
   <div class='ocr_carea' id='block_1_93' title="bbox 1865 3923 3424 3999">
    <p class='ocr_par' dir='ltr' id='par_1_93' title="bbox 1865 3923 3424 3999">
     <span class='ocr_line' id='line_1_93' title="bbox 1865 3923 3424 3999; baseline 0.005 -22"><span class='ocrx_word' id='word_1_731' title='bbox 1865 3925 2101 3995; x_wconf 70' lang='lat' dir='ltr'><strong>praedam</strong></span> <span class='ocrx_word' id='word_1_732' title='bbox 2132 3935 2346 3989; x_wconf 89' lang='lat' dir='ltr'><strong>vorant,</strong></span> <span class='ocrx_word' id='word_1_733' title='bbox 2377 3925 2632 3994; x_wconf 89' lang='lat' dir='ltr'><strong>omnique</strong></span> <span class='ocrx_word' id='word_1_734' title='bbox 2656 3923 3424 3999; x_wconf 65' lang='lat' dir='ltr'><strong>modoinlerimuntzaquilam</strong></span> 
     </span>
    </p>
   </div>
   <div class='ocr_carea' id='block_1_94' title="bbox 1862 4015 3427 4089">
    <p class='ocr_par' dir='ltr' id='par_1_94' title="bbox 1862 4015 3427 4089">
     <span class='ocr_line' id='line_1_94' title="bbox 1862 4015 3427 4089; baseline 0.003 -18"><span class='ocrx_word' id='word_1_735' title='bbox 1862 4030 2080 4089; x_wconf 87' lang='lat' dir='ltr'><strong>quoque</strong></span> <span class='ocrx_word' id='word_1_736' title='bbox 2113 4026 2166 4072; x_wconf 92' lang='lat' dir='ltr'><strong>et</strong></span> <span class='ocrx_word' id='word_1_737' title='bbox 2186 4017 2516 4087; x_wconf 90' lang='lat' dir='ltr'><strong>accipitrem,</strong></span> <span class='ocrx_word' id='word_1_738' title='bbox 2546 4017 2688 4087; x_wconf 89' lang='lat' dir='ltr'><strong>quod</strong></span> <span class='ocrx_word' id='word_1_739' title='bbox 2715 4025 2768 4071; x_wconf 90' lang='lat' dir='ltr'><strong>et</strong></span> <span class='ocrx_word' id='word_1_740' title='bbox 2798 4015 2990 4070; x_wconf 88' lang='lat' dir='ltr'><strong>horum</strong></span> <span class='ocrx_word' id='word_1_741' title='bbox 3015 4017 3223 4075; x_wconf 86' lang='lat' dir='ltr'><strong>indoles</strong></span> <span class='ocrx_word' id='word_1_742' title='bbox 3249 4020 3342 4084; x_wconf 88' lang='lat' dir='ltr'><strong>sit,</strong></span> <span class='ocrx_word' id='word_1_743' title='bbox 3366 4031 3427 4076; x_wconf 87' lang='lat' dir='ltr'><strong>ut</strong></span> 
     </span>
    </p>
   </div>
   <div class='ocr_carea' id='block_1_95' title="bbox 1865 4110 3423 4180">
    <p class='ocr_par' dir='ltr' id='par_1_95' title="bbox 1865 4110 3423 4180">
     <span class='ocr_line' id='line_1_95' title="bbox 1865 4110 3423 4180; baseline 0.001 -14"><span class='ocrx_word' id='word_1_744' title='bbox 1865 4111 2223 4167; x_wconf 91' lang='lat' dir='ltr'><strong>imbecilliora</strong></span> <span class='ocrx_word' id='word_1_745' title='bbox 2250 4111 2503 4164; x_wconf 88' lang='lat' dir='ltr'><strong>animalia</strong></span> <span class='ocrx_word' id='word_1_746' title='bbox 2549 4110 2602 4164; x_wconf 92' lang='lat' dir='ltr'><strong>in</strong></span> <span class='ocrx_word' id='word_1_747' title='bbox 2635 4124 2758 4164; x_wconf 92' lang='lat' dir='ltr'><strong>aere</strong></span> <span class='ocrx_word' id='word_1_748' title='bbox 2790 4115 2844 4166; x_wconf 90' lang='lat' dir='ltr'><strong>et</strong></span> <span class='ocrx_word' id='word_1_749' title='bbox 2879 4125 3043 4180; x_wconf 90' lang='lat' dir='ltr'><strong>super</strong></span> <span class='ocrx_word' id='word_1_750' title='bbox 3069 4118 3266 4166; x_wconf 89' lang='lat' dir='ltr'><strong>terram</strong></span> <span class='ocrx_word' id='word_1_751' title='bbox 3293 4127 3423 4169; x_wconf 87' lang='lat' dir='ltr'><strong>ene-</strong></span> 
     </span>
    </p>
   </div>
   <div class='ocr_carea' id='block_1_96' title="bbox 1865 4199 3424 4270">
    <p class='ocr_par' dir='ltr' id='par_1_96' title="bbox 1865 4199 3424 4270">
     <span class='ocr_line' id='line_1_96' title="bbox 1865 4199 3424 4270; baseline 0 -12"><span class='ocrx_word' id='word_1_752' title='bbox 1865 4209 2010 4258; x_wconf 90' lang='lat' dir='ltr'><strong>cent.</strong></span> <span class='ocrx_word' id='word_1_753' title='bbox 2061 4200 2223 4256; x_wconf 88' lang='lat' dir='ltr'><strong>Forte</strong></span> <span class='ocrx_word' id='word_1_754' title='bbox 2265 4215 2392 4256; x_wconf 89' lang='lat' dir='ltr'><strong>vero</strong></span> <span class='ocrx_word' id='word_1_755' title='bbox 2433 4199 2594 4255; x_wconf 91' lang='lat' dir='ltr'><strong>etiam</strong></span> <span class='ocrx_word' id='word_1_756' title='bbox 2635 4200 2786 4270; x_wconf 82' lang='lat' dir='ltr'><strong>juxta</strong></span> <span class='ocrx_word' id='word_1_757' title='bbox 2830 4200 2953 4255; x_wconf 90' lang='lat' dir='ltr'><strong>illos</strong></span> <span class='ocrx_word' id='word_1_758' title='bbox 3000 4201 3160 4256; x_wconf 89' lang='lat' dir='ltr'><strong>homo</strong></span> <span class='ocrx_word' id='word_1_759' title='bbox 3201 4217 3318 4257; x_wconf 90' lang='lat' dir='ltr'><strong>eam</strong></span> <span class='ocrx_word' id='word_1_760' title='bbox 3353 4205 3424 4258; x_wconf 87' lang='lat' dir='ltr'><strong>ob</strong></span> 
     </span>
    </p>
   </div>
   <div class='ocr_carea' id='block_1_97' title="bbox 1864 4290 3422 4362">
    <p class='ocr_par' dir='ltr' id='par_1_97' title="bbox 1864 4290 3422 4362">
     <span class='ocr_line' id='line_1_97' title="bbox 1864 4290 3422 4362; baseline 0 -14"><span class='ocrx_word' id='word_1_761' title='bbox 1864 4309 1977 4348; x_wconf 92' lang='lat' dir='ltr'><strong>rem</strong></span> <span class='ocrx_word' id='word_1_762' title='bbox 2009 4291 2246 4346; x_wconf 85' lang='lat' dir='ltr'><strong>maximo</strong></span> <span class='ocrx_word' id='word_1_763' title='bbox 2264 4290 2471 4346; x_wconf 90' lang='lat' dir='ltr'><strong>honore</strong></span> <span class='ocrx_word' id='word_1_764' title='bbox 2489 4292 2737 4356; x_wconf 87' lang='lat' dir='ltr'><strong>habetur,</strong></span> <span class='ocrx_word' id='word_1_765' title='bbox 2755 4292 2897 4362; x_wconf 91' lang='lat' dir='ltr'><strong>quod</strong></span> <span class='ocrx_word' id='word_1_766' title='bbox 2921 4294 3160 4347; x_wconf 89' lang='lat' dir='ltr'><strong>omnium</strong></span> <span class='ocrx_word' id='word_1_767' title='bbox 3188 4293 3422 4348; x_wconf 88' lang='lat' dir='ltr'><strong>maxime</strong></span> 
     </span>
    </p>
   </div>
   <div class='ocr_carea' id='block_1_98' title="bbox 1865 4383 3419 4454">
    <p class='ocr_par' dir='ltr' id='par_1_98' title="bbox 1865 4383 3419 4454">
     <span class='ocr_line' id='line_1_98' title="bbox 1865 4383 3419 4454; baseline -0.001 -14"><span class='ocrx_word' id='word_1_768' title='bbox 1865 4385 2157 4440; x_wconf 89' lang='lat' dir='ltr'><strong>subtilibus</strong></span> <span class='ocrx_word' id='word_1_769' title='bbox 2194 4383 2430 4438; x_wconf 84' lang='lat' dir='ltr'><strong>inventis</strong></span> <span class='ocrx_word' id='word_1_770' title='bbox 2463 4391 2624 4453; x_wconf 90' lang='lat' dir='ltr'><strong>atque</strong></span> <span class='ocrx_word' id='word_1_771' title='bbox 2668 4383 2895 4447; x_wconf 88' lang='lat' dir='ltr'><strong>artibus,</strong></span> <span class='ocrx_word' id='word_1_772' title='bbox 2921 4384 3177 4454; x_wconf 91' lang='lat' dir='ltr'><strong>pleraque</strong></span> <span class='ocrx_word' id='word_1_773' title='bbox 3213 4385 3419 4440; x_wconf 85' lang='lat' dir='ltr'><strong>anima-</strong></span> 
     </span>
    </p>
   </div>
   <div class='ocr_carea' id='block_1_99' title="bbox 1865 4471 3424 4546">
    <p class='ocr_par' dir='ltr' id='par_1_99' title="bbox 1865 4471 3424 4546">
     <span class='ocr_line' id='line_1_99' title="bbox 1865 4471 3424 4546; baseline 0.003 -21"><span class='ocrx_word' id='word_1_774' title='bbox 1865 4472 1996 4526; x_wconf 91' lang='lat' dir='ltr'><strong>lium</strong></span> <span class='ocrx_word' id='word_1_775' title='bbox 2037 4472 2259 4528; x_wconf 91' lang='lat' dir='ltr'><strong>domare</strong></span> <span class='ocrx_word' id='word_1_776' title='bbox 2308 4473 2466 4528; x_wconf 88' lang='lat' dir='ltr'><strong>solet.</strong></span> <span class='ocrx_word' id='word_1_777' title='bbox 2506 4471 2583 4527; x_wconf 88' lang='lat' dir='ltr'><strong>Ne</strong></span> <span class='ocrx_word' id='word_1_778' title='bbox 2622 4487 2750 4527; x_wconf 90' lang='lat' dir='ltr'><strong>vero</strong></span> <span class='ocrx_word' id='word_1_779' title='bbox 2777 4482 2830 4529; x_wconf 91' lang='lat' dir='ltr'><strong>et</strong></span> <span class='ocrx_word' id='word_1_780' title='bbox 2872 4474 2986 4544; x_wconf 88' lang='lat' dir='ltr'><strong>ipse</strong></span> <span class='ocrx_word' id='word_1_781' title='bbox 3016 4474 3177 4544; x_wconf 90' lang='lat' dir='ltr'><strong>hujus</strong></span> <span class='ocrx_word' id='word_1_782' title='bbox 3228 4491 3424 4546; x_wconf 88' lang='lat' dir='ltr'><strong>expers</strong></span> 
     </span>
    </p>
   </div>
   <div class='ocr_carea' id='block_1_100' title="bbox 1865 4552 3423 4636">
    <p class='ocr_par' dir='ltr' id='par_1_100' title="bbox 1865 4552 3423 4636">
     <span class='ocr_line' id='line_1_100' title="bbox 1865 4552 3423 4636; baseline 0 -16"><span class='ocrx_word' id='word_1_783' title='bbox 1865 4565 1995 4620; x_wconf 86' lang='lat' dir='ltr'><strong>boni</strong></span> <span class='ocrx_word' id='word_1_784' title='bbox 2021 4566 2268 4630; x_wconf 85' lang='lat' dir='ltr'><strong>exsistat,</strong></span> <span class='ocrx_word' id='word_1_785' title='bbox 2307 4565 2534 4618; x_wconf 91' lang='lat' dir='ltr'><strong>aliorum</strong></span> <span class='ocrx_word' id='word_1_786' title='bbox 2569 4565 2684 4634; x_wconf 91' lang='lat' dir='ltr'><strong>ipse</strong></span> <span class='ocrx_word' id='word_1_787' title='bbox 2719 4579 2846 4620; x_wconf 88' lang='lat' dir='ltr'><strong>esca</strong></span> <span class='ocrx_word' id='word_1_788' title='bbox 2887 4565 3048 4620; x_wconf 88' lang='lat' dir='ltr'><strong>cedit.</strong></span> <span class='ocrx_word' id='word_1_789' title='bbox 3081 4552 3292 4621; x_wconf 80' lang='lat' dir='ltr'><strong>Rursus</strong></span> <span class='ocrx_word' id='word_1_790' title='bbox 3321 4566 3423 4636; x_wconf 84' lang='lat' dir='ltr'><strong>igi-</strong></span> 
     </span>
    </p>
   </div>
   <div class='ocr_carea' id='block_1_101' title="bbox 1866 4655 3422 4727">
    <p class='ocr_par' dir='ltr' id='par_1_101' title="bbox 1866 4655 3422 4727">
     <span class='ocr_line' id='line_1_101' title="bbox 1866 4655 3422 4727; baseline 0.002 -18"><span class='ocrx_word' id='word_1_791' title='bbox 1866 4664 1954 4710; x_wconf 93' lang='lat' dir='ltr'><strong>tur</strong></span> <span class='ocrx_word' id='word_1_792' title='bbox 1981 4657 2228 4713; x_wconf 58' lang='lat' dir='ltr'><strong>absurda’.</strong></span> <span class='ocrx_word' id='word_1_793' title='bbox 2265 4659 2671 4727; x_wconf 80' lang='lat' dir='ltr'><strong>generationes,</strong></span> <span class='ocrx_word' id='word_1_794' title='bbox 2705 4655 2917 4710; x_wconf 93' lang='lat' dir='ltr'><strong>illorum</strong></span> <span class='ocrx_word' id='word_1_795' title='bbox 2960 4656 3259 4721; x_wconf 89' lang='lat' dir='ltr'><strong>sententia,</strong></span> <span class='ocrx_word' id='word_1_796' title='bbox 3301 4672 3422 4727; x_wconf 68' lang='lat' dir='ltr'><strong>quae</strong></span> 
     </span>
    </p>
   </div>
   <div class='ocr_carea' id='block_1_102' title="bbox 1864 4747 3424 4820">
    <p class='ocr_par' dir='ltr' id='par_1_102' title="bbox 1864 4747 3424 4820">
     <span class='ocr_line' id='line_1_102' title="bbox 1864 4747 3424 4820; baseline -0.001 -16"><span class='ocrx_word' id='word_1_797' title='bbox 1864 4764 1931 4804; x_wconf 91' lang='lat' dir='ltr'><strong>ex</strong></span> <span class='ocrx_word' id='word_1_798' title='bbox 1960 4751 2154 4820; x_wconf 85' lang='lat' dir='ltr'><strong>exiguo</strong></span> <span class='ocrx_word' id='word_1_799' title='bbox 2183 4749 2386 4819; x_wconf 86' lang='lat' dir='ltr'><strong>vilique</strong></span> <span class='ocrx_word' id='word_1_800' title='bbox 2431 4755 2702 4819; x_wconf 88' lang='lat' dir='ltr'><strong>spermate</strong></span> <span class='ocrx_word' id='word_1_801' title='bbox 2730 4747 2990 4819; x_wconf 89' lang='lat' dir='ltr'><strong>quidquid</strong></span> <span class='ocrx_word' id='word_1_802' title='bbox 3040 4762 3292 4818; x_wconf 87' lang='lat' dir='ltr'><strong>magnum</strong></span> <span class='ocrx_word' id='word_1_803' title='bbox 3337 4759 3424 4803; x_wconf 91' lang='lat' dir='ltr'><strong>est</strong></span> 
     </span>
    </p>
   </div>
   <div class='ocr_carea' id='block_1_103' title="bbox 1865 4836 3423 4910">
    <p class='ocr_par' dir='ltr' id='par_1_103' title="bbox 1865 4836 3423 4910">
     <span class='ocr_line' id='line_1_103' title="bbox 1865 4836 3423 4910; baseline -0.004 -15"><span class='ocrx_word' id='word_1_804' title='bbox 1865 4840 2136 4907; x_wconf 81' lang='lat' dir='ltr'><strong>elliciant;</strong></span> <span class='ocrx_word' id='word_1_805' title='bbox 2169 4848 2515 4910; x_wconf 69' lang='lat' dir='ltr'><strong>praestatque,</strong></span> <span class='ocrx_word' id='word_1_806' title='bbox 2549 4845 2610 4893; x_wconf 90' lang='lat' dir='ltr'><strong>ut</strong></span> <span class='ocrx_word' id='word_1_807' title='bbox 2638 4838 2694 4892; x_wconf 92' lang='lat' dir='ltr'><strong>bi</strong></span> <span class='ocrx_word' id='word_1_808' title='bbox 2723 4837 3035 4908; x_wconf 86' lang='lat' dir='ltr'><strong>opinantur,</strong></span> <span class='ocrx_word' id='word_1_809' title='bbox 3064 4852 3094 4892; x_wconf 89' lang='lat' dir='ltr'><strong>a</strong></span> <span class='ocrx_word' id='word_1_810' title='bbox 3139 4836 3248 4892; x_wconf 90' lang='lat' dir='ltr'><strong>Deo</strong></span> <span class='ocrx_word' id='word_1_811' title='bbox 3283 4836 3423 4890; x_wconf 88' lang='lat' dir='ltr'><strong>inte-</strong></span> 
     </span>
    </p>
   </div>
   <div class='ocr_carea' id='block_1_104' title="bbox 1869 4929 3423 5004">
    <p class='ocr_par' dir='ltr' id='par_1_104' title="bbox 1869 4929 3423 5004">
     <span class='ocr_line' id='line_1_104' title="bbox 1869 4929 3423 5004; baseline -0.005 -15"><span class='ocrx_word' id='word_1_812' title='bbox 1869 4934 2015 4999; x_wconf 88' lang='lat' dir='ltr'><strong>rimi,</strong></span> <span class='ocrx_word' id='word_1_813' title='bbox 2045 4949 2206 5004; x_wconf 90' lang='lat' dir='ltr'><strong>quam</strong></span> <span class='ocrx_word' id='word_1_814' title='bbox 2231 4932 2415 4996; x_wconf 89' lang='lat' dir='ltr'><strong>nasci,</strong></span> <span class='ocrx_word' id='word_1_815' title='bbox 2453 4939 2510 4986; x_wconf 92' lang='lat' dir='ltr'><strong>ut</strong></span> <span class='ocrx_word' id='word_1_816' title='bbox 2548 4930 2729 4986; x_wconf 79' lang='lat' dir='ltr'><strong>divina</strong></span> <span class='ocrx_word' id='word_1_817' title='bbox 2762 4931 2935 4986; x_wconf 86' lang='lat' dir='ltr'><strong>virtus</strong></span> <span class='ocrx_word' id='word_1_818' title='bbox 2971 4931 3081 4985; x_wconf 90' lang='lat' dir='ltr'><strong>cito</strong></span> <span class='ocrx_word' id='word_1_819' title='bbox 3106 4929 3364 4985; x_wconf 87' lang='lat' dir='ltr'><strong>liberetur</strong></span> <span class='ocrx_word' id='word_1_820' title='bbox 3389 4942 3423 4983; x_wconf 77' lang='grc' dir='ltr'><strong>α</strong></span> 
     </span>
    </p>
   </div>
   <div class='ocr_carea' id='block_1_105' title="bbox 1793 5016 2866 5098">
    <p class='ocr_par' dir='ltr' id='par_1_105' title="bbox 1793 5016 2866 5098">
     <span class='ocr_line' id='line_1_105' title="bbox 1793 5016 2866 5098; baseline -0.004 -16"><span class='ocrx_word' id='word_1_821' title='bbox 1793 5016 1838 5072; x_wconf 83' lang='grc' dir='ltr'>Ῑ)</span> <span class='ocrx_word' id='word_1_822' title='bbox 1865 5028 2052 5082; x_wconf 89' lang='lat' dir='ltr'><strong>mundi</strong></span> <span class='ocrx_word' id='word_1_823' title='bbox 2086 5027 2250 5098; x_wconf 86' lang='lat' dir='ltr'><strong>hujus</strong></span> <span class='ocrx_word' id='word_1_824' title='bbox 2290 5028 2555 5082; x_wconf 91' lang='lat' dir='ltr'><strong>incolatus</strong></span> <span class='ocrx_word' id='word_1_825' title='bbox 2583 5025 2866 5081; x_wconf 89' lang='lat' dir='ltr'><strong>molestiis.</strong></span> 
     </span>
    </p>
   </div>
   <div class='ocr_carea' id='block_1_106' title="bbox 1934 5113 3421 5186">
    <p class='ocr_par' dir='ltr' id='par_1_106' title="bbox 1934 5113 3421 5186">
     <span class='ocr_line' id='line_1_106' title="bbox 1934 5113 3421 5186; baseline -0.003 -13"><span class='ocrx_word' id='word_1_826' title='bbox 1934 5114 2072 5186; x_wconf 86' lang='lat' dir='ltr'><strong>Quid</strong></span> <span class='ocrx_word' id='word_1_827' title='bbox 2107 5119 2382 5173; x_wconf 78' lang='lat' dir='ltr'><strong>enimvero</strong></span> <span class='ocrx_word' id='word_1_828' title='bbox 2417 5120 2576 5175; x_wconf 90' lang='lat' dir='ltr'><strong>etiam</strong></span> <span class='ocrx_word' id='word_1_829' title='bbox 2621 5117 2688 5172; x_wconf 87' lang='lat' dir='ltr'><strong>ad</strong></span> <span class='ocrx_word' id='word_1_830' title='bbox 2725 5116 2978 5172; x_wconf 90' lang='lat' dir='ltr'><strong>libidines</strong></span> <span class='ocrx_word' id='word_1_831' title='bbox 3027 5113 3421 5185; x_wconf 65' lang='lat' dir='ltr'><strong>impudicitias-o</strong></span> 
     </span>
    </p>
   </div>
   <div class='ocr_carea' id='block_1_107' title="bbox 1865 5205 3424 5281">
    <p class='ocr_par' dir='ltr' id='par_1_107' title="bbox 1865 5205 3424 5281">
     <span class='ocr_line' id='line_1_107' title="bbox 1865 5205 3424 5281; baseline -0.005 -16"><span class='ocrx_word' id='word_1_832' title='bbox 1865 5227 1970 5281; x_wconf 92' lang='lat' dir='ltr'><strong>que</strong></span> <span class='ocrx_word' id='word_1_833' title='bbox 1999 5225 2062 5264; x_wconf 89' lang='lat' dir='ltr'><strong>ac</strong></span> <span class='ocrx_word' id='word_1_834' title='bbox 2096 5210 2410 5278; x_wconf 88' lang='lat' dir='ltr'><strong>injustitias.</strong></span> <span class='ocrx_word' id='word_1_835' title='bbox 2441 5225 2504 5262; x_wconf 82' lang='lat' dir='ltr'><strong>ac</strong></span> <span class='ocrx_word' id='word_1_836' title='bbox 2531 5209 2792 5279; x_wconf 89' lang='lat' dir='ltr'><strong>quidquid</strong></span> <span class='ocrx_word' id='word_1_837' title='bbox 2825 5207 2946 5276; x_wconf 89' lang='lat' dir='ltr'><strong>ejus</strong></span> <span class='ocrx_word' id='word_1_838' title='bbox 2968 5205 3184 5276; x_wconf 81' lang='lat' dir='ltr'><strong>generis</strong></span> <span class='ocrx_word' id='word_1_839' title='bbox 3205 5216 3308 5265; x_wconf 87' lang='lat' dir='ltr'><strong>est,</strong></span> <span class='ocrx_word' id='word_1_840' title='bbox 3337 5205 3424 5258; x_wconf 61' lang='grc' dir='ltr'>(ιιι</span> 
     </span>
    </p>
   </div>
   <div class='ocr_carea' id='block_1_108' title="bbox 1865 5293 3422 5372">
    <p class='ocr_par' dir='ltr' id='par_1_108' title="bbox 1865 5293 3422 5372">
     <span class='ocr_line' id='line_1_108' title="bbox 1865 5293 3422 5372; baseline -0.005 -15"><span class='ocrx_word' id='word_1_841' title='bbox 1865 5309 1951 5357; x_wconf 89' lang='lat' dir='ltr'><strong>cat</strong></span> <span class='ocrx_word' id='word_1_842' title='bbox 1977 5303 2204 5372; x_wconf 83' lang='lat' dir='ltr'><strong>aliquis,</strong></span> <span class='ocrx_word' id='word_1_843' title='bbox 2246 5301 2488 5356; x_wconf 90' lang='lat' dir='ltr'><strong>dicturus</strong></span> <span class='ocrx_word' id='word_1_844' title='bbox 2522 5299 2878 5354; x_wconf 74' lang='lat' dir='ltr'><strong>Manichacus?</strong></span> <span class='ocrx_word' id='word_1_845' title='bbox 2905 5295 3072 5368; x_wconf 81' lang='lat' dir='ltr'><strong>Igitur</strong></span> <span class='ocrx_word' id='word_1_846' title='bbox 3101 5297 3166 5350; x_wconf 89' lang='lat' dir='ltr'><strong>ad</strong></span> <span class='ocrx_word' id='word_1_847' title='bbox 3197 5295 3309 5350; x_wconf 64' lang='lat' dir='ltr'><strong>haec</strong></span> <span class='ocrx_word' id='word_1_848' title='bbox 3333 5293 3422 5352; x_wconf 82' lang='lat' dir='ltr'><strong>di-</strong></span> 
     </span>
    </p>
   </div>
   <div class='ocr_carea' id='block_1_109' title="bbox 1865 5385 3420 5463">
    <p class='ocr_par' dir='ltr' id='par_1_109' title="bbox 1865 5385 3420 5463">
     <span class='ocr_line' id='line_1_109' title="bbox 1865 5385 3420 5463; baseline -0.006 -15"><span class='ocrx_word' id='word_1_849' title='bbox 1865 5393 2092 5463; x_wconf 89' lang='lat' dir='ltr'><strong>sciplina</strong></span> <span class='ocrx_word' id='word_1_850' title='bbox 2143 5393 2336 5462; x_wconf 77' lang='lat' dir='ltr'><strong>lexque</strong></span> <span class='ocrx_word' id='word_1_851' title='bbox 2382 5391 2658 5460; x_wconf 87' lang='lat' dir='ltr'><strong>suppetias</strong></span> <span class='ocrx_word' id='word_1_852' title='bbox 2699 5388 2941 5444; x_wconf 86' lang='lat' dir='ltr'><strong>veniunt.</strong></span> <span class='ocrx_word' id='word_1_853' title='bbox 2976 5385 3268 5454; x_wconf 85' lang='lat' dir='ltr'><strong>Disciplina</strong></span> <span class='ocrx_word' id='word_1_854' title='bbox 3299 5385 3420 5453; x_wconf 90' lang='lat' dir='ltr'><strong>qui-</strong></span> 
     </span>
    </p>
   </div>
   <div class='ocr_carea' id='block_1_110' title="bbox 1865 5477 3418 5553">
    <p class='ocr_par' dir='ltr' id='par_1_110' title="bbox 1865 5477 3418 5553">
     <span class='ocr_line' id='line_1_110' title="bbox 1865 5477 3418 5553; baseline -0.006 -14"><span class='ocrx_word' id='word_1_855' title='bbox 1865 5485 2008 5547; x_wconf 89' lang='lat' dir='ltr'><strong>dem,</strong></span> <span class='ocrx_word' id='word_1_856' title='bbox 2037 5484 2090 5538; x_wconf 92' lang='lat' dir='ltr'><strong>in</strong></span> <span class='ocrx_word' id='word_1_857' title='bbox 2124 5484 2224 5539; x_wconf 92' lang='lat' dir='ltr'><strong>hoc</strong></span> <span class='ocrx_word' id='word_1_858' title='bbox 2244 5483 2528 5553; x_wconf 83' lang='lat' dir='ltr'><strong>diligenter</strong></span> <span class='ocrx_word' id='word_1_859' title='bbox 2552 5481 2890 5542; x_wconf 90' lang='lat' dir='ltr'><strong>incumbens,</strong></span> <span class='ocrx_word' id='word_1_860' title='bbox 2913 5479 3126 5548; x_wconf 88' lang='lat' dir='ltr'><strong>nequid</strong></span> <span class='ocrx_word' id='word_1_861' title='bbox 3151 5477 3418 5549; x_wconf 90' lang='lat' dir='ltr'><strong>ejusmodi</strong></span> 
     </span>
    </p>
   </div>
   <div class='ocr_carea' id='block_1_111' title="bbox 1863 5569 3419 5646">
    <p class='ocr_par' dir='ltr' id='par_1_111' title="bbox 1863 5569 3419 5646">
     <span class='ocr_line' id='line_1_111' title="bbox 1863 5569 3419 5646; baseline -0.003 -16"><span class='ocrx_word' id='word_1_862' title='bbox 1863 5578 1917 5632; x_wconf 93' lang='lat' dir='ltr'><strong>in</strong></span> <span class='ocrx_word' id='word_1_863' title='bbox 1950 5577 2261 5632; x_wconf 90' lang='lat' dir='ltr'><strong>hominibus</strong></span> <span class='ocrx_word' id='word_1_864' title='bbox 2300 5577 2614 5646; x_wconf 73' lang='lat' dir='ltr'><strong>contingat:</strong></span> <span class='ocrx_word' id='word_1_865' title='bbox 2652 5573 2738 5629; x_wconf 87' lang='lat' dir='ltr'><strong>lex</strong></span> <span class='ocrx_word' id='word_1_866' title='bbox 2766 5587 2896 5627; x_wconf 88' lang='lat' dir='ltr'><strong>vero</strong></span> <span class='ocrx_word' id='word_1_867' title='bbox 2924 5571 3175 5641; x_wconf 88' lang='lat' dir='ltr'><strong>puniens,</strong></span> <span class='ocrx_word' id='word_1_868' title='bbox 3208 5570 3253 5626; x_wconf 91' lang='lat' dir='ltr'><strong>si</strong></span> <span class='ocrx_word' id='word_1_869' title='bbox 3293 5569 3419 5642; x_wconf 74' lang='lat' dir='ltr'><strong>quis</strong></span> 
     </span>
    </p>
   </div>
   <div class='ocr_carea' id='block_1_112' title="bbox 1865 5663 3292 5731">
    <p class='ocr_par' dir='ltr' id='par_1_112' title="bbox 1865 5663 3292 5731">
     <span class='ocr_line' id='line_1_112' title="bbox 1865 5663 3292 5731; baseline -0.004 -6"><span class='ocrx_word' id='word_1_870' title='bbox 1865 5670 2124 5731; x_wconf 89' lang='lat' dir='ltr'><strong>iniustum</strong></span> <span class='ocrx_word' id='word_1_871' title='bbox 2161 5667 2358 5731; x_wconf 83' lang='lat' dir='ltr'><strong>aliquid</strong></span> <span class='ocrx_word' id='word_1_872' title='bbox 2395 5666 2679 5724; x_wconf 76' lang='lat' dir='ltr'><strong>admisisse</strong></span> <span class='ocrx_word' id='word_1_873' title='bbox 2711 5664 3080 5725; x_wconf 85' lang='lat' dir='ltr'><strong>deprehensus</strong></span> <span class='ocrx_word' id='word_1_874' title='bbox 3108 5663 3292 5722; x_wconf 81' lang='lat' dir='ltr'><strong>fuerit.</strong></span> 
     </span>
    </p>
   </div>
  </div>
