3906 6194
551 253 649 307 ιδι

550 460 694 531 quod
717 473 830 513 eam
857 456 1106 525 subigere
1139 471 1200 509 ac
1229 471 1483 511 exercere
1513 457 1747 526 agricola
1772 457 2105 527 neglexerit?

548 551 692 623 quod
713 549 803 604 Dei
828 547 1162 618 principatus
1189 548 1505 603 imminutus
1531 556 1632 613 est,
1661 549 1755 618 qui
1782 549 1836 602 in
1861 549 1992 617 justi
2016 565 2105 604 ra-

550 647 695 700 tione
724 643 1002 705 consistit,
1049 655 1171 694 cum
1213 640 1414 694 fuerint
1456 640 1577 709 ejus
1605 641 1820 711 quidem
1856 643 1960 694 alia
1991 641 2103 696 fru-

547 749 728 792 ctuum
762 734 1081 805 frugumque
1117 731 1347 798 feracia;
1379 732 1592 802 aliaque
1627 732 1902 786 contraria
1925 734 2101 803 quali-

545 837 656 884 tate
701 828 955 897 prasdita;
1007 834 1099 879 aut
1150 839 1273 878 cum
1320 825 1497 880 ventis
1548 825 1864 891 ruentibus,
1909 841 2106 881 secun-

543 924 672 978 dum
722 921 881 975 aliam
912 919 1198 982 rationem,
1231 920 1366 973 alios
1413 918 1538 972 inde
1585 918 1925 973 commodum
1973 933 2102 974 sen-

543 1014 669 1077 tire,
703 1013 839 1068 alios
873 1025 1003 1066 vero
1054 1013 1216 1064 etiam
1264 1010 1461 1064 invitos
1493 1009 1632 1062 mala
1681 1009 1924 1078 quaedam
1957 1009 2098 1064 ferre

533 1105 867 1175 'contigerit?
899 1104 1100 1174 Nempe
1155 1103 1399 1158 nesciant
1449 1116 1670 1156 necesse
1715 1108 1818 1164 est,
1851 1117 2096 1172 quamam

1523 249 1916 306 ALEXAND!“
1957 251 2258 310 EPISCOPI
2298 253 2799 313 LYCOPOLITANI

620 365 822 422 Deinde
850 377 998 426 vero,
1031 362 1158 432 quid
1190 370 1273 416 est
1303 362 1447 432 quod
1476 371 1630 419 terra!
1659 364 1790 420 vitio
1817 374 2059 420 vertatur
2081 406 2096 431 ,
2130 380 2176 437 Α

3652 269 3753 323 432

2277 370 2503 422 Ἔπειτα
2544 371 2602 424 δὲ
2645 373 2698 425 τί
2743 373 2804 426 τὸ
2835 374 3082 447 ἔγκλημα
3117 377 3215 447 τῆς
3244 364 3369 448 τῆςξ
3421 379 3469 432 εἰ
3517 383 3755 454 γεωργὸς

2199 460 2486 531 ἀμελήσειε
2517 463 2609 516 τοῦ
2635 463 2833 536 ταύτην
2857 467 3126 538 ἠμεροῦνς
3158 469 3240 521 ὅτι
3261 469 3567 539 ἠλάττωται
3592 473 3628 543 ὴ
3666 472 3752 525 τοῦ

2199 550 2332 605 Θεοῦ
2366 552 2526 623 ἀρχὴ,
2558 553 2678 624 ἥτις
2706 556 2822 609 ἐστὶ
2864 557 3006 611 κατὰ
3039 559 3100 611 τὸ
3130 559 3353 624 δίκαιον,
3397 561 3473 614 ὅτ’
3515 560 3583 615 ἃν
3631 558 3754 635 ᾖτὰ

2202 643 2299 713 μὲν
2325 645 2552 716 καρπῶν
2578 645 2796 717 γόνιμα,
2825 647 2892 700 τὰ
2919 648 2978 702 δὲ
3007 649 3080 720 μὴ
3103 648 3322 704 τοιαῦτα
3343 667 3358 681 ·
3387 651 3420 722 ἢ
3446 653 3759 724 φερομένων

2198 735 2304 789 τῶν
2340 731 2661 807 πνευμάτων
2713 738 2832 794 καθ’
2859 739 3050 810 ἐτέραν
3084 741 3281 807 αίτίαν,
3315 745 3441 808 τοὺς
3476 745 3576 814 μὲν
3612 745 3758 815 ὠφε-

2198 827 2424 893 λεῖσθαι,
2451 832 2574 892 τοὺς
2606 830 2663 884 δὲ
2704 833 2797 884 καὶ
2837 832 3109 904 ἀϐούλητά
3139 852 3256 888 τινα
3288 836 3604 906 ὑπομένειν,
3629 855 3761 908 συμ-

2203 919 2396 992 6αίνῃ;
2426 921 2680 992 ἀπείρους
2709 921 2930 987 τούτους
2957 921 3095 979 εἶναι
3133 926 3231 998 τῆς
3260 927 3366 980 τῶν
3397 928 3762 1000 ἐνδεχομένων

2203 1009 2414 1078 φύσεως
2445 1013 2538 1066 καὶ
2573 1015 2669 1085 τῆς
2701 1015 2807 1068 τῶν
2839 1017 3166 1085 ἀναγκαίων.
3217 1018 3370 1074 Οὕτω
3401 1019 3509 1092 γὰρ
3548 1023 3652 1075 οὐκ
3693 1023 3762 1076 ἂν

2200 1101 2270 1154 τά
2299 1103 2520 1158 τοιαῦτα
2552 1106 2946 1176 έτερατεύοντο.

542 1214 729 1254 eorum
769 1198 997 1260 indoles,
1025 1211 1147 1267 qua:
1184 1194 1571 1264 contingentia,
1603 1200 1659 1248 et
1707 1209 1828 1262 quae
1875 1194 2182 1249 necessaria
2234 1203 2380 1252 sunt.
2436 1196 2527 1251 Sic
2555 1198 2698 1252 enim
2745 1214 2853 1253 non
2889 1200 3014 1254 talia
3061 1201 3305 1272 prodigio
3359 1211 3634 1258 verterent
3693 1220 3762 1259 ac

542 1295 1027 1350 calumniarentur.

541 1413 669 1467 Car.
695 1410 810 1467 XV.
839 1409 1024 1465 Libido
1064 1419 1114 1464 et
1141 1409 1403 1478 cupiditas
1435 1423 1606 1462 rerum
1638 1409 1991 1468 sentientium.
2034 1409 2328 1466 Daemones.
2375 1411 2635 1465 animalia
2661 1412 2958 1466 sentientia.
3011 1410 3110 1467 Sol
3131 1413 3252 1468 item
3296 1422 3346 1466 et
3367 1405 3524 1478 'luna,
3561 1419 3758 1473 stella.

1761 1479 2049 1546 Platonica,
2089 1498 2190 1536 non
2219 1482 2533 1536 Christiane.

613 1597 768 1654 Unde
825 1596 989 1666 igitur
1038 1593 1288 1662 voluptas
1323 1607 1417 1646 seu
1476 1591 1642 1646 libido
1683 1599 1736 1646 et
1787 1593 2094 1662 cupiditas?

2265 1593 2435 1648 Πόθεν
2465 1591 2556 1648 οῦν
2591 1596 2750 1666 ἡδονὴ
2797 1595 2886 1648 καὶ
2935 1595 3225 1666 ὲπιθυμία;
3273 1596 3456 1650 Ταῦτα
3493 1598 3603 1670 γὰρ
3653 1601 3762 1670 μάν·

543 1691 666 1746 Haec
706 1687 846 1743 enim
889 1684 1116 1739 maxime
1157 1682 1294 1736 mala
1324 1698 1446 1738 esse
1469 1682 1690 1746 dicunt,
1722 1683 2089 1754 Oderuntque;

2196 1687 2346 1740 λιστα
2402 1687 2546 1741 κακὰ
2595 1684 2732 1741 εἶναι
2789 1687 3000 1756 λέγουσι
3044 1689 3137 1740 καὶ
3185 1686 3760 1761 διαμεμισήκασιστὴν

541 1796 640 1837 nec
685 1777 910 1834 materia
950 1773 1096 1828 aliud
1145 1772 1436 1843 quidquam
1467 1773 1636 1842 magis
1658 1774 1924 1831 videatur.
1955 1771 2097 1830 Sane

540 1872 684 1943 quod
717 1871 828 1933 haec
876 1867 1048 1924 solum
1084 1865 1406 1919 animalibus
1454 1865 1716 1919 attineaut
1768 1881 1888 1936 quae
1929 1881 2094 1921 sensu

540 1965 764 2036 praedita
816 1967 976 2023 sunt,
1023 1958 1277 2027 nullaque
1312 1957 1416 2010 alia
1471 1972 1556 2012 res
1590 1972 1751 2026 quam
1803 1973 1922 2028 qua:
1971 1974 2096 2014 sen-

538 2059 700 2120 tiunt,
731 2053 1078 2126 cupiditatem
1112 2049 1373 2120 percipiat
1401 2062 1463 2101 ac
1488 2047 1763 2103 libidinem
1807 2065 1902 2104 seu
1941 2048 2089 2104 volu-

537 2160 758 2224 ptatem,
787 2143 1132 2202 manifestum
1168 2149 1271 2196 est.
1296 2140 1428 2207 Quis
1455 2142 1599 2197 enim
1623 2141 1776 2212 stirpi
1799 2141 2092 2211 voluptatis

535 2262 598 2299 ac
622 2242 852 2298 tristitia:
879 2237 1189 2306 dolorisque
1217 2235 1449 2288 sensus?
1475 2233 1732 2299 Quisnam
1757 2249 1884 2289 vero
1911 2244 2087 2300 terrae,

534 2346 688 2400 aqua:
715 2338 807 2383 aut
833 2329 980 2384 aeri?
1004 2329 1284 2384 Daemones
1315 2345 1463 2393 vero,
1507 2330 1553 2384 si
1583 2330 1799 2399 quidem
1824 2341 1950 2385 sunt
1977 2329 2095 2385 ani-

533 2423 694 2476 malia
739 2436 900 2475 sensu
944 2417 1198 2491 praedita,
1229 2436 1346 2474 eam
1386 2421 1522 2476 forte
1557 2422 1624 2476 ob
1651 2436 1762 2476 rem
1787 2420 2094 2477 constitutis

532 2512 816 2566 sacrificiis
861 2526 924 2565 ac
974 2512 1226 2582 legitimis
1269 2511 1620 2578 delectantur,
1649 2528 1893 2582 mgreque
1915 2513 2094 2567 ferunt

531 2617 654 2655 cum
684 2601 771 2654 illa
800 2601 1098 2656 defuerint:
1129 2616 1249 2654 cum
1281 2600 1414 2654 nihil
1439 2601 1704 2670 ejusmodi
1727 2603 1792 2656 de
1817 2600 1925 2656 Deo
1946 2601 2094 2671 cogi-

533 2690 632 2742 tari
664 2689 850 2759 possit.
877 2687 1041 2758 Igitur
1065 2691 1154 2759 qui
1177 2690 1363 2743 dicunt
1388 2706 1400 2741 :
1425 2689 1686 2754 Quidnam
1715 2708 1886 2746 causa:
1905 2701 1979 2746 est
2002 2708 2095 2744 cur

533 2787 790 2842 animalia
831 2783 1092 2851 voluptate
1137 2775 1429 2848 afﬁciantur
1474 2793 1534 2831 ac
1570 2772 1889 2844 cupiditate?
1935 2779 2089 2848 prius

529 2885 654 2940 inde
677 2880 949 2951 querelam
983 2883 1264 2937 moveant,
1296 2873 1403 2927 Cur
1433 2874 1539 2926 [nec
1565 2873 1668 2926 sint
1700 2889 1851 2926 sensu
1892 2873 2089 2941 praedi-

529 2983 606 3034 ta,
642 2987 813 3042 quwve
842 2983 1004 3021 causa
1040 2967 1107 3020 sit
1130 2977 1222 3018 cur
1239 2963 1673 3034 ciboindigeant?
1707 2961 1777 3015 Ea
1809 2978 1938 3018 sane
1972 2965 2091 3018 ani-

2192 1779 2322 1850 ὕλην
2346 1779 2420 1849 (4)
2483 1779 2581 1849 οὐχ
2610 1772 2769 1850 ἑτέρα
2805 1780 2999 1851 μᾶλλόν
3027 1781 3194 1834 ἐστιν.
3224 1783 3343 1834 Ὅτι
3375 1783 3473 1854 μὲν
3498 1781 3594 1838 οὖν
3626 1789 3757 1858 περὶ

2189 1871 2256 1924 τὰ
2288 1870 2574 1942 αίσθητικὰ
2613 1871 2720 1924 τῶν
2754 1871 2906 1935 ζώων
2953 1873 3128 1944 μόνων
3171 1874 3288 1926 ἐστὶ⁵
3316 1875 3507 1942 ταῦτα,
3543 1880 3641 1932 καὶ
3662 1881 3757 1933 οὐ-

2188 1964 2273 2018 δὲν
2313 1964 2498 2036 ἕτερον
2529 1964 2982 2036 ἀντιλαμϐάνεται
3016 1965 3310 2037 ἐπιθυμίας
3353 1971 3447 2022 καὶ
3490 1970 3686 2043 ἡδονῆς
3721 1973 3755 2044 ἢ

2187 2053 2256 2106 τὰ
2281 2055 2658 2126 αἰσθανόμενα,
2693 2058 2943 2129 φανερόν.
2980 2057 3112 2110 Ποία
3135 2058 3244 2130 γὰρ
3275 2061 3526 2132 αἴσθησις
3559 2064 3757 2136 ἡδονῆς

2190 2148 2280 2200 καὶ
2310 2145 2482 2218 λύπης
2514 2146 2664 2218 φυτῷ
2691 2163 2705 2213 ;
2739 2149 2867 2200 ποία
2896 2148 2951 2201 δὲ
2979 2152 3070 2220 γῇ,
3103 2148 3253 2203 tam
3284 2151 3315 2221 ἢ
3351 2151 3507 2223 ἀέρι;
3543 2155 3607 2207 0i
3636 2155 3755 2207 δαί-

2191 2236 2346 2307 μονές
2380 2253 2458 2297 τε,
2504 2235 2662 2310 εἴπερ
2715 2238 2850 2289 εἰσιν
2893 2236 3125 2308 αἰσθητά
3159 2238 3234 2309 (5)
3278 2237 3411 2303 ζῶα,
3453 2240 3543 2293 διὰ
3593 2242 3756 2296 τοῦτο

2191 2328 2321 2390 ἴσως
2369 2329 2481 2391 τοῖς
2527 2328 2929 2398 νενομισμένοις
2977 2330 3105 2401 περὶ
3143 2329 3242 2393 τάς
3283 2331 3470 2396 Θυσίας
3506 2334 3753 2403 ἥδονται,

2188 2418 2282 2470 καὶ
2325 2417 2764 2488 ἀπολειπομένων
2808 2418 3191 2492 δυσφοροῦσιν·
3243 2421 3455 2487 ούδενδς
3503 2425 3751 2480 τοιούτου

2187 2510 2313 2578 περὶ
2353 2508 2486 2561 Θεοῦ
2532 2508 2857 2562 ἐπινοεῖσθαι
2887 2511 3206 2582 δυναμένου.
3253 2515 3315 2566 Οί
3369 2513 3434 2584 δὴ
3474 2513 3748 2583 λέγοντες·

2187 2600 2288 2653 Διὰ
2321 2601 2377 2652 τί
2424 2599 2626 2666 ἣδεται
2658 2601 2754 2654 καὶ
2794 2602 3069 2671 ἐπιθυμεῖ
3101 2602 3170 2656 τὰ
3205 2603 3344 2665 (ita:
3378 2606 3751 2661 αἰτιάσθωσαν

2187 2695 2467 2764 πρότερον·
2502 2685 2605 2747 Διά
2631 2689 2688 2748 τί
2711 2695 2880 2749 ἐστιν
2905 2697 3218 2763 αἰσθητικά
3247 2697 3470 2760 ταῦτα;
3496 2699 3534 2766 ἣ
3566 2698 3672 2752 διὰ
3699 2700 3753 2752 τι

2187 2786 2410 2856 τροφῆς
2439 2785 2651 2851 δεῖται;
2689 2789 2785 2840 Ἂν
2819 2787 2914 2857 μὲν
2951 2787 3057 2859 γὰρ
3097 2783 3164 2858 ἦν
3211 2788 3451 2841 ἀθάνατα
3484 2788 3622 2853 ζῶα,
3653 2790 3752 2845 καὶ

2189 2875 2388 2948 φθορᾶς
2413 2879 2504 2931 καὶ
2528 2877 2696 2949 αῠξης
2729 2878 3088 2948 ἀπήλλακται,
3112 2874 3221 2932 οἷον
3250 2879 3396 2949 ἥλιος
3420 2880 3517 2933 καὶ
3550 2881 3750 2953 σελήνη

2189 2967 2280 3020 καὶ
2305 2968 2550 3040 ἀστέρες,
2578 2969 2751 3022 καίτοι
2776 2969 2904 3022 ὄντα
2935 2969 3242 3039 αἰσθητικά·
3276 2970 3431 3034 ἐκτὸς
3460 2970 3516 3024 δὲ
3541 2972 3750 3026 τούτων

528 3066 688 3120 malia
717 3075 835 3132 quae
860 3058 1182 3114 immortalia
1209 3064 1381 3119 erant,
1406 3069 1436 3109 a
1465 3055 1831 3125 corruptionis
1859 3056 2080 3111 interitu

2192 3061 2299 3112 ἐστὶ
2343 3061 2435 3113 καὶ
2481 3061 2579 3130 τῆς
2608 3059 2862 3131 τοιαύτης
2892 3062 3195 3124 αἱτιάσεως.
3247 3061 3302 3114 Ὁ
3336 3062 3391 3114 δὲ
3434 3062 3748 3142 ἄνθρωπος,

527 3164 922 3227 augmentoque
962 3150 1112 3206 fuere
1155 3151 1398 3214 liberata,
1424 3147 1726 3220 cujusniodi
1756 3155 1882 3203 sunt
1910 3148 1993 3204 sol
2025 3156 2079 3203 et

2192 3151 2277 3205 mi
2318 3150 2592 3206 αἰσθέσθαι
2639 3153 2733 3205 καὶ
2777 3151 2981 3221 κρίνειν
3009 3153 3322 3224 δυνάμενος,
3371 3156 3468 3209 καὶ
3516 3155 3747 3223 δυνάμει

525 3251 648 3305 lima
677 3261 729 3303 et
763 3247 969 3308 stellas,
1026 3258 1331 3314 quanquam
1371 3253 1497 3298 sunt
1540 3243 1654 3296 haec
1699 3242 1860 3296 etiam
1914 3257 2078 3297 sensu

2192 3245 2342 3313 σοφὸς
2393 3243 2533 3313 (ἔχει
2569 3243 2676 3315 γὰρ
2707 3243 2930 3314 δύναμιν
2961 3244 3196 3309 τοιοῦτος
3227 3245 3746 3320 γενέσθαι),ἀπο).αο

523 3341 743 3412 praedita
771 3359 783 3393 :
817 3347 966 3394 extra
999 3345 1177 3391 tamen
1206 3335 1318 3390 ham
1349 3342 1495 3400 sunt,
1530 3334 1770 3405 nihilque
1800 3334 1927 3388 huic
1969 3334 2077 3388 cri-

2192 3334 2290 3388 Βὼν
2317 3334 2377 3387 τὸ
2405 3334 2533 3388 ἴδιον
2564 3335 2648 3407 δὴ,
2679 3339 2998 3391 καταπατεί.

522 3438 805 3494 minationi
829 3435 1084 3492 obnoxia.
1116 3431 1287 3488 Homo
1325 3440 1523 3496 autem,
1556 3446 1678 3486 cum
1701 3438 1754 3486 et
1793 3446 1956 3487 sensu
1990 3431 2069 3486 uti
2123 3431 2298 3485 valeat
2323 3439 2377 3486 et
2433 3431 2700 3500 judicare,
2733 3432 2910 3502 sitque
2940 3434 3178 3503 potentia
3209 3434 3426 3504 sapiens
3487 3433 3747 3506 (potesta-

522 3543 627 3588 tem
659 3532 798 3587 enim
821 3529 979 3584 habet
1004 3536 1063 3581 ut
1085 3528 1208 3582 talis
1235 3527 1596 3598 iiat),accepto
1623 3526 1765 3596 quod
1788 3527 2065 3596 proprium
2091 3535 2195 3591 est,
2221 3525 2352 3580 illud
2385 3526 2638 3580 nimirum
2666 3529 2968 3583 concaleat.

518 3652 648 3705 CAP.
683 3645 994 3719 XV|.AQuod
1026 3644 1488 3719 sapientesaliqui,
1523 3642 1812 3719 nihiloetat
1836 3643 2044 3719 ethalios
2073 3641 2601 3719 esseaDiligentiaet
2624 3644 2799 3719 studio
2827 3645 3069 3719 paranda
3095 3648 3275 3719 virtus.
3316 3647 3541 3704 Saniore
3568 3649 3745 3719 philo-

725 3709 907 3787 sophia
936 3709 1163 3770 homines
1188 3717 1255 3768 ad
1284 3709 1472 3767 bonum
1505 3715 1833 3780 provehendi.
1872 3709 2154 3768 Commune
2182 3709 2387 3768 virtutis
2416 3715 2647 3768 stadium
2674 3733 2705 3768 a
2736 3709 2945 3770 Christo
2968 3717 3202 3770 omnibus
3228 3729 3488 3786 apertum.

586 3839 817 3894 Prorsus
845 3838 987 3893 enim
1016 3850 1191 3907 Operae
1228 3834 1460 3905 pretium
1486 3850 1552 3888 ex
1584 3835 1669 3889 his
1701 3834 1834 3889 viris
1866 3849 2075 3904 quaera-

2254 3835 2423 3899 Ὅλως
2460 3835 2568 3906 γὰρ
2611 3835 2758 3902 ἄξιον
2808 3835 3067 3890 πυθέσθαι
3106 3836 3305 3890 τούτων
3353 3838 3463 3891 τῶν
3505 3839 3746 3909 ἀνδρῶν,

515 3947 638 3986 mus
666 3930 962 3985 :Nullusne
995 3928 1272 3982 hominum
1305 3927 1582 3982 studiosus
1605 3928 1776 3997 possit
1807 3928 2034 3982 evadere
2055 3967 2071 3991 ,

2192 3922 2402 3998 πότερον
2439 3927 2628 3981 οὐδένα
2675 3927 2954 3999 ἄνθρωπον
2994 3928 3214 3982 δυνατὸν
3255 3929 3534 3984 σπουδαῖον
3583 3934 3745 3999 γενέ-

516 4039 584 4077 an
617 4024 851 4095 aliquem
909 4021 1185 4093 contingat
1234 4022 1490 4074 virtutem
1543 4019 1860 4088 capessere?
1905 4019 1983 4073 Ac
2026 4018 2074 4074 si

2192 4019 2318 4083 ιθαι,
2351 4019 2382 4090 ἢ
2411 4021 2531 4074 τινά
2560 4036 2621 4088 γε
2651 4019 2944 4089 ὲνδέχεται;
2977 4020 3037 4073 Εί
3074 4020 3171 4090 μὲν
3194 4019 3301 4092 γὰρ
3324 4021 3500 4084 οὐδεὶς
3547 4023 3743 4090 σοφὸς,

516 4116 730 4186 quidem
755 4129 912 4169 nemo
940 4099 1176 4184 sapiens.
1195 4111 1325 4182 quid
1354 4112 1469 4182 ipse
1488 4111 1702 4167 tandem
1722 4111 2074 4166 Manichacus?

2192 4110 2225 4162 τί
2267 4110 2464 4180 δήποτε
2507 4103 2666 4173 αὐτὸς
2701 4111 2730 4163 ὁ
2779 4111 3100 4180 Μανιχαίος;
3159 4109 3263 4163 Ἐὦ
3301 4110 3429 4182 γὰρ,
3474 4111 3556 4163 ὅτι
3602 4115 3745 4176 τοὺς

513 4209 666 4262 Mitto
694 4209 836 4263 enim
872 4222 978 4261 non
995 4207 1170 4260 solum
1193 4207 1329 4260 alios
1361 4204 1635 4260 studiosos
1659 4204 1868 4270 dicere;
1897 4203 1990 4258 sed
2016 4209 2072 4258 et

2192 4197 2363 4261 ἱλλους
2407 4201 2467 4252 ού
2513 4199 2670 4270 μόνον
2717 4199 3030 4262 σπουδαίους
3075 4194 3210 4252 εἶναι
3253 4199 3425 4269 λέγει’
3460 4199 3595 4252 ἀλλά
3630 4203 3747 4256 καὶ

514 4301 649 4354 alios
685 4300 929 4364 idoneos,
960 4298 1051 4368 qui
1084 4296 1216 4351 tales
1264 4295 1486 4360 faciant,
1522 4311 1630 4350 non
1661 4300 1871 4352 adesse.
1915 4294 2070 4360 Quod

2192 4289 2364 4352 ίλλους
2404 4290 2566 4360 φησιν
2614 4292 2828 4353 ἱκανοὺς
2871 4286 3004 4344 εἶναι
3047 4291 3315 4354 τοιούτους
3362 4290 3604 4361 ποιῆσαι.
3667 4293 3745 4346 Εί

512 4391 558 4446 si
583 4390 806 4446 omnino
842 4389 1036 4460 aliquis
1061 4395 1164 4451 est,
1193 4387 1325 4458 quid
1348 4396 1494 4443 vetat
1517 4403 1704 4444 omnes
1725 4389 1925 4457 pariter
1947 4395 2064 4442 stu-

2192 4380 2211 4430 ;’
2258 4383 2392 4446 ὅλως
2437 4383 2553 4436 ὲστί
2599 4399 2700 4446 τις,
2749 4383 2802 4435 τί
2854 4380 3047 4435 κωλύει
3086 4383 3180 4437 καὶ
3217 4383 3420 4446 πάντας
3466 4383 3744 4450 γενέσθαι

510 4481 696 4537 diosos
728 4481 992 4537 evadere?
1017 4480 1172 4547 Quod
1206 4483 1348 4538 enim
1396 4481 1464 4536 de
1511 4495 1621 4534 uno
1646 4521 1661 4544 ,
1716 4481 1782 4535 de
1818 4480 2068 4536 omnibus

2192 4472 2520 4537 ιπουδαίους;
2562 4474 2624 4526 '0
2665 4471 2772 4546 γὰρ
2796 4475 2923 4546 περὶ
2952 4474 3069 4537 ἕνα,
3111 4476 3206 4528 καὶ
3240 4474 3367 4545 περὶ
3400 4475 3607 4539 πάντας
3639 4478 3739 4528 ἐνσ-

507 4587 726 4644 quoque
748 4573 1069 4644 contingens
1117 4582 1229 4639 est;
1265 4580 1319 4628 et
1344 4587 1575 4642 quorum
1619 4586 1782 4640 opera
1805 4572 2069 4641 quibusve

2192 4562 2406 4637 ῖέχεται·
2443 4567 2536 4621 καὶ
2568 4568 2632 4620 δι’
2667 4561 2741 4620 ὧν
2779 4569 2874 4620 καὶ
2902 4562 3000 4632 εἷς,
3034 4569 3121 4624 διὰ
3153 4571 3355 4623 τούτων
3398 4570 3492 4624 καὶ
3526 4572 3740 4635 πάντες

507 4664 702 4720 mediis
735 4680 877 4719 unus
898 4705 912 4728 ,
956 4665 1144 4720 iisdem
1174 4674 1227 4720 et
1255 4680 1443 4720 omnes
1475 4665 1691 4718 virtutis
1729 4678 1906 4718 arcem
1937 4679 2065 4734 pos-

2192 4658 2408 4729 ,νάρετοι
2445 4658 2511 4714 ἂν
2547 4659 2814 4727 γένοιντο·
2845 4662 2892 4714 εί
2925 4660 2998 4730 μὴ
3032 4660 3085 4712 τί
3115 4677 3274 4731 φασιν
3305 4661 3406 4730 τῆς
3445 4661 3737 4732 δυνάμεως

508 4755 620 4811 sint
645 4758 884 4828 arripere
911 4775 925 4810 :
954 4756 1059 4812 nisi
1079 4757 1207 4826 quid
1232 4757 1523 4827 plurimum
1549 4756 1763 4811 virtutis
1785 4771 1847 4810 ac
1878 4764 2065 4826 poten-

505 4845 595 4898 tia:
622 4844 809 4899 dicunt
836 4846 1035 4901 talibus
1063 4845 1372 4900 intercludi.

576 4933 791 4991 Rursus
823 4936 986 5005 igitur
1008 4936 1241 5006 primum
1279 4954 1291 4989 :
1341 4935 1471 5000 Quae
1517 4941 1814 4989 necessrtas
1862 4934 2066 4991 laboris

507 5025 575 5082 ad
591 5026 948 5097 capessendas
974 5027 1289 5098 disciplinas
1313 5027 1494 5099 (liceat
1514 5025 1657 5082 enim
1674 5035 1727 5082 et
1749 5025 2065 5080 dormiendo

503 5118 758 5175 virtutem
786 5118 1095 5190 nancisci)?
1132 5128 1226 5175 aut
1267 5135 1390 5191 quae
1411 5135 1576 5176 causa
1605 5127 1690 5176 est
1712 5135 1811 5174 cur
1843 5117 1941 5172 viri
1973 5116 2063 5172 isti

505 5211 778 5266 auditores
800 5227 929 5269 suos
955 5211 1294 5282 potissimum
1320 5212 1376 5267 in
1405 5228 1552 5284 spem
1574 5212 1783 5281 erigant
1811 5209 2062 5280 paranda!

504 5300 805 5359 honestatis
830 5312 990 5375 atque
1017 5304 1269 5360 virtutis?
1294 5303 1428 5358 Nam
1470 5304 1572 5360 etsi
1605 5304 1908 5359 volutantes
1931 5315 2055 5356 cum

502 5395 913 5460 meretricibus,
956 5397 1234 5467 proprium
1283 5397 1485 5451 bonum
1529 5394 1772 5450 nancisci
1819 5393 2052 5464 possint.

503 5480 653 5546 Quod
682 5487 726 5539 si
753 5485 1036 5558 disciplina
1068 5489 1369 5557 meliorque
1402 5487 1668 5544 institutio
1691 5500 1753 5540 ac
1781 5484 2050 5550 educatio,

567 5655 644 5722 (4)
689 5659 804 5717 Τὴν·
829 5661 999 5720 ὕλην.
1027 5664 1097 5716 Ἢ
1121 5681 1178 5716 τε
1210 5663 1329 5723 ὕλη.

2168 4745 2412 4801 πλεῖστον
2436 4751 2544 4812 τοῖς
2574 4749 2830 4812 τοιούτοις
2855 4748 3414 4820 ὲναπολαμϐάνεσθαι.

2233 4929 2398 4982 Πάλιν
2423 4930 2599 4983 τοίνυν
2632 4931 2846 5000 πρῶτον
2880 4932 2995 5003 μέν·
3031 4933 3126 4995 Τίς
3157 4933 3311 5004 χρεία
3339 4933 3433 4987 τοῦ
3468 4934 3599 5006 περὶ
3623 4933 3728 5005 τὴν

2161 5021 2437 5076 παίδευσιν
2484 5021 2647 5074 πόνου
2733 5023 3053 5094 (γενοίμεθα
3104 5024 3210 5095 γὰρ
3256 5024 3322 5078 ἂν
3369 5025 3724 5088 καθεύδοντες

2160 5114 2588 5189 σπουδαῖοι);ἦ
2647 5115 2734 5170 διὰ
2774 5113 2828 5169 τί
2881 5117 3111 5188 μάλιστα
3167 5117 3290 5180 τοὺς
3337 5117 3722 5189 ἀκροωμένους

2158 5205 2334 5260 αὐτῶν
2359 5208 2407 5260 οἱ
2432 5206 2658 5260 τοιοῦτοι
2691 5205 2880 5279 ἀνδρες
2910 5210 2988 5271 είς
3022 5207 3244 5272 ἐλπίδας
3284 5207 3475 5276 ἄγουσι
3504 5208 3594 5263 τοῦ
3620 5225 3719 5260 κα-

2157 5299 2282 5364 λοῦ;
2316 5302 2426 5354 Καὶ
2457 5299 2562 5372 γὰρ
2596 5299 2999 5370 καλινδούμενοι
3045 5301 3142 5354 σὺν
3185 5303 3301 5362 ταῖς
3349 5300 3602 5371 ἑταίραις,
3652 5299 3717 5352 τὺ

2156 5393 2350 5445 οἰκεῖον
2385 5391 2554 5462 ἓχειεν
2597 5392 2662 5446 ἂν
2707 5393 2930 5460 ἀγαθόν.
2964 5393 3024 5446 Ei
3057 5393 3113 5445 δὲ
3152 5393 3184 5464 ὴ
3230 5392 3508 5456 παίδευσις
3538 5391 3625 5444 καὶ
3674 5393 3716 5462 ἡ

2159 5483 2472 5552 περιαγωγὴ
2507 5485 2540 5552 ἠ
2569 5482 2789 5553 βελτίων
2821 5485 2914 5538 καὶ
2946 5484 3006 5539 τὸ
3030 5485 3311 5539 σπουδαῖον
3340 5487 3472 5558 περὶ
3492 5484 3580 5556 τὴν
3601 5483 3719 5554 τῆς

2224 5660 2298 5724 (5)
2338 5661 2618 5726 Αισθητὰ.
2642 5661 2956 5727 Αίσθητικά.
