3956 6198
213 342 317 398 653

1087 338 1505 397 TRACTATUS
1543 337 1630 394 DE
1667 336 1979 393 PLACITIS
2013 335 2565 394 MANICIMDRUM.

3320 337 3422 396 636

217 459 417 531 ἀρετῆς
440 457 700 527 ἀνάληψιν
730 456 963 512 τοιοῦτον
993 457 1152 511 αὐτὸν
1185 460 1592 529 ἐπειργάσαντο,
1628 456 1764 510 πάν-

1889 456 2252 530 liligentiaque
2276 471 2342 513 ac
2371 457 2633 514 sedulitas
2663 457 3004 530 percipienda
3035 459 3232 514 virtute
3261 459 3423 514 talem

219 568 314 615 τες
356 550 680 618 γινέσθωσαν
721 550 967 614 τοιοῦτοι,
1012 551 1106 602 καὶ
1138 551 1402 621 ἀνῄρηται
1439 545 1472 614 ἡ
1513 547 1765 620 θρυλλου-

224 643 356 714 μένη
387 641 476 697 ὑπ’
500 641 680 696 αὐτῶν
710 643 810 712 τῆς
843 642 973 712 ὕλης
1000 643 1229 706 ἄτακτος
1251 643 1479 713 κίνησις.

283 822 429 876 Πολῦ
459 821 518 874 δὲ
561 820 774 874 κάλλιον
812 817 879 893 ἦν
912 823 1011 893 τὴν
1047 822 1235 891 σοφίαν
1271 822 1433 876 ὅπλον
1466 825 1626 892 φάναι
1657 829 1770 888 τοῖς

216 914 523 987 ἀνθρώποις
549 915 650 968 ὑπὸ
676 914 768 968 τοῦ
799 914 930 968 Θεοῦ
957 914 1219 978 δεδόσθαι,
1255 916 1322 968 ἵν’
1359 916 1387 969 ὃ
1415 918 1560 969 ἐστιν
1591 917 1770 979 αὐτοῖς

213 1009 301 1061 διὰ
341 1009 402 1060 τὸ
445 1007 774 1077 αἰσθητικῶς
813 1003 949 1060 εἶναι
989 1006 1047 1073 ἐξ
1085 1007 1378 1078 ἐπιθυμίας
1423 1009 1516 1062 καὶ
1559 1009 1769 1079 ἡδονῆς,

215 1101 371 1154 τοῦτο
420 1100 560 1153 κατὰ
613 1099 806 1171 μικρὸν
843 1101 922 1162 είς
969 1098 1030 1152 τὸ
1069 1099 1266 1168 ἀγαθὸν
1311 1101 1662 1171 περιάγουσα.
1714 1101 1773 1153 τὸ

215 1193 483 1264 ἑπόμενον
511 1192 707 1246 ἄτοπον
739 1192 797 1258 ἐξ
828 1191 1004 1246 αὐτῶν
1049 1191 1246 1265 ἀνέλῃρ
1281 1192 1452 1255 οὕτως
1482 1191 1590 1264 γὰρ
1631 1187 1772 1246 οὗτοι

214 1301 293 1350 τε,
345 1284 549 1354 ἀρετὴν
591 1283 1041 1355 ἐπαγγελλόμενοι
1099 1285 1384 1348 διδάσκειν,
1433 1283 1660 1356 ζηλωτοὶ
1708 1286 1774 1339 ἂν

213 1371 355 1445 ἦσαν
383 1377 487 1445 τῆς
516 1375 822 1447 προθέσεως
862 1377 954 1430 καὶ
992 1375 1084 1429 τοῦ
1119 1376 1266 1446 βίου’
1302 1375 1468 1450 πολλή
1505 1393 1565 1429 τε
1612 1375 1678 1430 ἂν
1706 1372 1774 1447 ἦν

213 1466 371 1530 ἐλπὶς
401 1466 518 1530 τοῦ,
562 1468 642 1520 ὅτι
677 1466 805 1520 ποτὲ
837 1466 1098 1520 παύσεται
1130 1467 1198 1521 τὰ
1231 1467 1396 1531 κακὰ,
1433 1468 1647 1522 πάντων
1683 1485 1775 1537 γε·

211 1560 456 1630 νομένων
501 1559 698 1628 σοφῶν.
741 1562 803 1612 Ὃ
836 1559 982 1612 δοκεί
1012 1577 1100 1629 μοι
1133 1563 1580 1630 κατανενοηκέναι
1607 1564 1635 1614 6
1672 1562 1774 1632 ’1η-

213 1650 341 1714 σοῦς
364 1667 382 1690 '-
425 1652 519 1704 καὶ
565 1653 652 1705 ἵνα
704 1651 776 1723 μὴ
817 1652 1212 1723 ἁπεληλαμένοι
1262 1647 1360 1705 ὦσι
1427 1653 1518 1706 τοῦ
1569 1653 1772 1723 ἀγαθοῦ

211 1741 450 1812 γεωργοί
493 1759 549 1795 τε
581 1742 676 1794 καὶ
706 1743 949 1805 τέκτονες
982 1743 1074 1796 καὶ
1116 1742 1382 1813 οἰκοδόμοι
1419 1746 1512 1797 καὶ
1549 1745 1598 1796 οἱ
1627 1745 1774 1798 ἄλλοι

1871 563 1993 604 eum
2026 549 2307 604 reddidere
2327 587 2342 613 ,
2385 563 2576 607 omnes
2607 551 2741 605 tales
2771 550 2899 612 ﬂant
2921 591 2936 615 ,
2967 551 3320 620 sublatusque
3342 558 3427 610 est

1872 640 1942 694 ab
1997 641 2080 694 eis
2114 641 2418 696 celebratus
2461 642 3041 712 decantatissimusque
3088 643 3427 701 inordinatus

1873 731 2110 784 materia:
2136 738 2331 786 motus.

1945 821 2128 893 Longe
2165 839 2294 878 vero
2334 831 2633 894 przeslaret,
2669 831 2730 877 ut
2773 823 3057 890 dicerent,
3108 824 3427 895 sapientiam

1875 931 2136 987 organum
2166 932 2196 970 a
2225 915 2333 971 Deo
2359 916 2668 971 hominibus
2689 931 3024 979 concessam,
3058 925 3118 971 ut
3155 917 3298 986 quod
3322 917 3445 973 illis.

1875 1023 1942 1064 ex
1971 1007 2266 1078 cupiditate
2294 1016 2347 1062 et
2377 1009 2650 1077 voluptate
2674 1023 2769 1067 seu
2806 1008 3026 1064 libidine
3055 1009 3299 1062 molitum
3322 1017 3426 1073 est,

1877 1113 1940 1153 ea
1971 1098 2180 1153 ratione
2208 1113 2314 1168 qua
2343 1109 2469 1154 sunt
2492 1115 2657 1155 sensu
2688 1099 2916 1168 praediti,
2956 1099 3055 1153 hoc
3085 1100 3340 1169 paulatim
3375 1101 3442 1159 in.

1879 1191 2081 1246 bonum
2110 1190 2400 1246 traducens
2421 1234 2435 1258 ,
2466 1195 2609 1261 quod
2655 1193 2900 1262 sequitur
2927 1194 3220 1248 absurdum
3255 1195 3322 1248 ab
3351 1195 3438 1248 eis.

1879 1281 2136 1337 auferret.
2169 1280 2257 1338 Sic
2285 1285 2426 1338 enim
2453 1285 2573 1354 ipsi,
2591 1285 2683 1355 qui
2710 1299 2768 1339 se
2792 1285 3006 1339 virtutis
3037 1285 3286 1340 doctores
3313 1301 3432 1355 pru-

1880 1371 2154 1432 Iiteantur.
2204 1388 2270 1427 ex
2315 1375 2592 1444 pr0posito
2625 1375 2840 1444 vitaque
2885 1375 3169 1428 tumulandi
3219 1384 3428 1438 essent;

1878 1481 2180 1538 magnaque
2206 1481 2330 1536 spes
2359 1467 2636 1536 aﬂ'ulgeret
2656 1510 2670 1532 ,
2709 1468 2822 1522 l'ore
2853 1477 2911 1520 ut
2943 1467 3267 1537 quandoque
3294 1467 3433 1520 mala

1879 1567 2176 1621 cessarent,
2201 1573 2325 1613 cum
2375 1573 2563 1612 omnes
2617 1558 2886 1627 sapientes
2913 1556 3234 1612 evasissent.
3272 1557 3436 1626 quue

1881 1649 2236 1717 adeoJesus
2301 1649 2435 1704 mihi
2493 1649 2869 1705 considerasse
2929 1650 3176 1715 videtur;
3235 1665 3298 1704 ac
3365 1665 3432 1704 ne

1878 1744 2030 1815 plebs
2071 1744 2370 1807 rusticana,
2401 1744 2682 1814 agricolae,
2728 1742 2889 1806 fabri,
2916 1743 3266 1807 caementarii,
3301 1744 3430 1798 reli-
3459 1804 3473 1818 __

210 1835 324 1886 ἀπὸ
369 1833 478 1885 τῶν
532 1833 747 1904 τεχνῶν,
791 1834 962 1888 κοινὸν
1002 1834 1269 1906 συνέδριον
1301 1835 1516 1890 καθίσαι
1559 1836 1774 1890 πάντων

1889 1837 2077 1908 quique
2097 1836 2334 1892 artiﬁces
2350 1847 2402 1892 et
2418 1837 2713 1892 mechanici
2737 1851 2766 1890 a
2792 1837 2934 1890 bono
2957 1844 3207 1892 extorres
3233 1845 3434 1903 essent,
3459 1828 3476 1839 ”

208 1927 385 1996 ὀμοῦο
439 1929 534 1981 καὶ
572 1928 658 1981 διὰ
701 1928 885 1981 ἁπλῶν
932 1930 1026 1982 καὶ
1071 1929 1306 1984 εὐκόλων
1343 1929 1646 1996 διαλέξεων,
1681 1930 1775 1983 καὶ

207 2020 296 2080 εἰς
335 2016 472 2070 Θεοῦ
515 2017 717 2071 ἔννοιαν
758 2020 952 2081 αὐτοὺς
982 2020 1389 2091 ἁπενηνοχέναι,
1435 2020 1648 2074 καὶτοῦ
1676 2039 1773 2073 κα-

206 2109 308 2164 λοῦ
335 2111 417 2172 είς
451 2109 742 2180 ἐπιθυμίαν
772 2109 945 2164 ἐλθεῖν
977 2111 1216 2166 ποιῆσαι.

1879 1946 2167 1986 commune
2197 1931 2438 1985 omnium
2491 1930 2653 1986 simul
2695 1928 2960 1984 conﬂassc
2989 1929 3310 1994 concilium;
3373 1943 3436 1983 ac

1880 2024 2142 2096 simplicis
2199 2024 2482 2094 facilisque
2521 2023 2739 2094 alloquii
2786 2023 3288 2084 dissertationibus,
3319 2029 3434 2076 tum

1880 2115 1934 2169 in
1958 2114 2049 2171 Dei
2076 2130 2171 2170 eos
2197 2131 2416 2171 sensum
2437 2117 2717 2179 extulisse,
2747 2124 2858 2171 tum
2884 2115 2936 2169 in
2961 2113 3088 2169 boni
3115 2114 3436 2184 honestique

1877 2206 2202 2262 desiderium
2228 2207 2536 2263 adduxisse.

208 2315 344 2370 Cap.
382 2312 545 2369 XVII.
580 2314 864 2387 Exagitala
889 2314 1222 2374 Manichaica
1257 2318 1419 2375 virtus
1444 2317 1496 2371 in
1529 2315 1774 2400 Materia.
1797 2318 1856 2374 Si
1881 2337 1988 2444 ara
2008 2321 2173 2375 virtus
2195 2331 2371 2376 creata
2398 2321 2509 2378 sine
2540 2320 2791 2386 Materia,
2818 2331 2866 2376 et
2897 2322 3128 2392 reliqum.
3173 2321 3352 2377 Virtus
3383 2321 3437 2376 in

1577 2399 1797 2443 materia
1817 2407 1915 2444 exn
1939 2408 2053 2444 osa.

1577 2399 1797 2443 materia
1817 2399 2053 2461 explosa.

293 2502 460 2556 Ἀλλὰ
485 2503 592 2573 γὰρ
617 2501 834 2554 πώποτε
866 2501 1080 2571 λέγεται
1099 2502 1159 2556 τὸ
1186 2501 1537 2572 καταπέμψαι
1565 2501 1662 2572 τὴν
1690 2501 1780 2555 δύ-

210 2613 381 2666 ναμιν
416 2594 520 2665 τὴν
555 2593 704 2647 θείαν
735 2595 764 2647 6
812 2593 944 2656 Θεὸς
984 2595 1074 2647 ἐπὶ
1100 2593 1194 2664 τὴν
1238 2593 1400 2664 ὕλην;
1445 2594 1506 2646 Εἰ
1542 2593 1637 2663 μὲν
1671 2592 1779 2665 γὰρ

211 2684 278 2758 ἦν
312 2687 426 2749 ἀεὶ,
473 2685 568 2738 καὶ
603 2684 724 2738 οὕτε
754 2686 782 2737 6
808 2684 938 2750 Θεὸς
979 2686 1239 2757 πρότερος
1271 2685 1436 2755 αὐτῆς
1466 2687 1778 2750 ἐπινοεῖται,

210 2780 337 2834 οὔτε
363 2780 398 2850 ἡ
441 2779 566 2849 ὕλη,
602 2780 752 2849 τρεῖς
789 2778 948 2832 πάλιν
976 2779 1143 2841 οὕτως
1168 2779 1302 2831 εἰσὶν
1335 2779 1498 2849 ἀρχαὶ
1526 2777 1664 2830 κατὰ
1689 2777 1778 2830 τὸν

212 2874 538 2942 Μανιχαίονο
566 2871 702 2940 τάχα
735 2870 789 2923 δὲ
817 2871 910 2923 καὶ
934 2870 1238 2940 πάμπολλαι
1270 2871 1590 2942 φανήσονται
1614 2869 1778 2936 ὀλίγω

212 2965 466 3036 ὕστερον.
500 2965 561 3016 Et
583 2962 625 3014 δ’
644 2965 935 3034 ἐπιγενητή
970 2980 1084 3026 πως
1110 2964 1244 3027 ἐστὶ,
1268 2962 1382 3026 πῶς
1405 2961 1534 3036 ὕλης
1555 2963 1776 3034 ἄμοιρος

211 3035 392 3126 αὐτῆς
419 3057 480 3109 Εἰ
521 3055 580 3109 δέ
613 3055 775 3126 μέρος
810 3056 924 3108 ἐστὶ
959 3054 1050 3108 τοῦ
1082 3053 1235 3121 Θεοῦ,
1268 3055 1480 3126 πρῶτον
1515 3035 1613 3124 μὲν
1655 3052 1778 3107 σύν-

213 3148 373 3202 θετον
404 3149 500 3200 καὶ
535 3148 841 3218 σωματικὸν
879 3148 1262 3218 ἀποφαίνουσιν
1291 3147 1462 3212 οὕτως
1489 3148 1579 3202 τὸν
1609 3147 1740 3200 Θεὸν
1764 3163 1778 3177 ο
1807 3121 1851 3180 C

212 3240 373 3294 τοῦτο
405 3239 465 3293 δὲ
496 3241 696 3295 ἄτοπον
719 3241 814 3295 καὶ
834 3240 1108 3296 ἀδύνατον.
1139 3241 1202 3294 Εἰ
1226 3241 1282 3302 δὲ
1311 3241 1561 3310 ἐποίησεν
1589 3237 1778 3310 αὐτὴν,

217 3336 308 3388 καὶ
348 3333 490 3404 ὕλης
527 3333 752 3405 ἄμοιρός
781 3334 916 3398 ἐστι,
944 3331 1207 3404 θαυμάζω
1275 3333 1384 3396 πῶς
1414 3333 1512 3386 οὐκ
1549 3331 1785 3401 ἐσκόπη-

217 3441 336 3490 σαν,
369 3423 503 3478 οὕτε
533 3417 707 3492 οὕτος,
732 3424 854 3478 οὕτε
885 3426 933 3479 oi
957 3425 1052 3478 ἀπ’
1075 3424 1302 3490 ἐκείνου,
1331 3427 1435 3489 ὅτι,
1458 3427 1506 3480 ei
1537 3425 1602 3494 (ὃ
1632 3424 1782 3494 λέγε-

215 3538 301 3575 ται
333 3520 486 3576 κατὰ
530 3519 628 3591 τὴν
666 3519 837 3592 ἀληθῆ
868 3519 1044 3586 δόξαν,
1069 3520 1150 3574 ὅτι
1181 3519 1249 3574 τὰ
1279 3518 1494 3590 ἐφεξῆς,
1530 3519 1782 3590 μένοντος

215 3612 309 3666 τοῦ
357 3611 526 3676 Θεοῦ,
576 3611 924 3674 ὑποστάσεως
962 3610 1124 3681 eiei")
1175 3612 1274 3683 τὴν
1313 3611 1537 3682 δυνάμιν
1581 3611 1783 3680 ταύτην

216 3705 449 3777 ἐποίησε
485 3703 764 3775 βουληθεὶς
783 3704 811 3757 6
845 3702 996 3768 Θεὸς,
1030 3701 1146 3767 πῶς
1183 3704 1302 3775 οὐχ).
1341 3705 1434 3757 καὶ
1473 3702 1579 3755 τῶν
1606 3700 1780 3755 ἄλλων

215 3797 483 3850 ἁπάντων
510 3794 619 3847 τῶν
657 3795 956 3865 γενομένων
999 3793 1168 3858 αἴτιος
1203 3795 1436 3863 ἐγένετο,
1464 3793 1616 3847 οὐδὲν
1655 3791 1786 3862 ὕλης

215 3886 688 3959 προϋπαρχούσης
728 3884 1110 3957 προσδεηθείς;
1149 3887 1230 3942 Τὰ
1269 3889 1367 3959 μὲν
1398 3887 1461 3959 δὴ
1490 3886 1786 3957 φαινόμενα

216 3982 404 4036 ἄτοπα
433 3983 500 4034 ἐκ
526 3981 714 4034 τούτου
741 3980 983 4044 τοιαῦτα,
1014 3981 1252 4052 ἑπόμενα
1283 3980 1340 4033 δέ
1370 3980 1438 4034 τὰ
1468 3980 1610 4052 ἐξῆς.

1951 2505 2254 2572 Enimvero,
2275 2507 2617 2577 quandonam
2669 2506 2820 2560 aiunt
2854 2505 3021 2560 Deum
3059 2505 3297 2560 divinam
3321 2505 3435 2559 vir—

1879 2606 2048 2654 tutem
2082 2600 2294 2655 misisse
2326 2601 2380 2654 in
2409 2595 2879 2655 materiam?Nam
2907 2597 2953 2654 si
2975 2612 3187 2668 semper
3217 2603 3353 2658 erat.
3372 2612 3436 2650 ac

1878 2706 2054 2762 neque
2084 2691 2225 2747 Deus
2253 2693 2401 2762 prior
2432 2691 2524 2745 illa
2567 2691 2882 2761 intelligitur
2905 2733 2920 2756 ,
2955 2705 3132 2761 neque
3168 2689 3394 2745 materia
3419 2707 3444 2755 ί

1881 2785 1960 2840 sic
1989 2801 2180 2840 rursus
2219 2801 2283 2840 ex
2315 2785 2590 2840 Manichaai
2625 2784 2871 2840 doctrina
2914 2785 3015 2837 tria
3045 2791 3206 2838 erunt
3235 2782 3441 2853 princi-

1884 2877 1992 2946 pia.
2031 2874 2194 2932 Forte
2219 2890 2344 2931 vero
2365 2877 2526 2932 etiam
2559 2877 2714 2947 longe
2763 2873 2991 2944 plurima
3019 2875 3181 2944 paqu
3207 2880 3328 2943 post
3356 2872 3438 2926 vi-

1883 2968 2172 3023 debuntur.
2219 2968 2312 3023 Sin
2344 2979 2522 3024 autem
2570 2970 2860 3024 adventitia
2899 2976 2982 3022 est
3013 2974 3067 3021 et
3107 2980 3226 3036 quae
3254 2975 3438 3036 postea

1881 3063 2167 3126 exstiterit,
2195 3078 2427 3131 quonam
2463 3061 2622 3116 modo
2663 3062 2900 3118 materiae
2955 3075 3146 3130 expers
3191 3057 3460 3114 exsistit?

1885 3151 2040 3222 Quod
2078 3153 2125 3208 si
2184 3152 2276 3208 Dei
2335 3164 2542 3224 partem
2598 3159 2880 3217 statuunt,
2934 3151 3168 3222 primum
3221 3148 3440 3221 quidem

1888 3247 1968 3302 sic
1996 3245 2278 3300 sentiendo
2307 3242 2476 3299 Deum
2502 3245 2859 3314 compositum
2881 3256 3307 3314 corporeumque
3326 3248 3439 3294 tra-

1887 3337 2041 3392 dunt.
2071 3335 2233 3405 Atqui
2284 3335 2385 3389 hoc
2429 3334 2722 3389 absurdum
2776 3343 2858 3389 est
2903 3349 3004 3390 nec
3037 3349 3266 3406 usquam
3319 3348 3460 3389 esse-

1887 3428 2080 3500 possit.
2113 3425 2210 3482 Sin
2263 3435 2441 3482 autem
2477 3442 2597 3483 eam
2631 3426 2906 3489 condidit,
2959 3441 3024 3481 ac
3079 3426 3315 3482 materia
3347 3440 3443 3480 ex-

1887 3538 2014 3594 pers
2047 3519 2279 3584 exsistit,
2310 3517 2478 3574 miror
2509 3519 2780 3590 quomodo
2822 3535 2930 3572 non
2961 3519 3307 3579 attenderint.
3340 3534 3442 3574 nec

1887 3613 2005 3684 ipse
2028 3628 2130 3668 nec
2168 3612 2289 3684 ejus
2314 3610 2589 3680 discipuli,
2619 3611 2761 3682 quod
2793 3611 2839 3665 si
2876 3609 2955 3682 (ut
2987 3611 3042 3664 in
3070 3624 3197 3664 vera
3224 3616 3442 3666 senten-

1888 3705 1962 3759 tia
1991 3703 2212 3766 dicitur,
2243 3717 2363 3772 quae
2395 3701 2647 3771 deinceps
2676 3707 3089 3763 sunt,manente
3111 3696 3240 3764 Deo,
3274 3697 3442 3766 hypo-

1889 3803 2063 3852 stases
2088 3794 2236 3866 sunt)
2264 3795 2404 3849 hanc
2431 3793 2574 3848 Deus
2599 3793 2847 3847 virtutem
2880 3791 3154 3847 voluntate
3181 3790 3441 3853 condidit,

1890 3885 2162 3958 quomodo
2187 3900 2295 3940 non
2319 3885 2481 3940 etiam
2516 3883 2844 3954 reliquorum
2879 3880 3119 3935 omnium
3147 3895 3267 3950 qua:
3300 3879 3442 3933 facta

1893 3983 2040 4042 sunt,
2064 3982 2254 4031 auctor
2282 3975 2401 4041 iuit,
2428 3975 2577 4030 nulla
2606 3975 2656 4030 ei
2679 3972 2984 4028 necessaria
3023 3973 3248 4028 materia
3273 4012 3288 4038 ,
3325 3987 3444 4041 quae

219 4083 346 4130 ante
378 4073 686 4128 exstiterit?
719 4071 844 4130 Haec
875 4074 1150 4128 enimvero
1190 4089 1309 4144 quae
1340 4089 1406 4129 ex
1453 4089 1516 4128 ea
1555 4070 1829 4143 opinione,
1877 4076 2136 4144 apparent
2171 4068 2446 4135 absurda;
2493 4083 2612 4140 qua:
2640 4083 2766 4123 vero
2798 4074 3118 4138 sequuntur,
3148 4065 3237 4121 hic
3291 4064 3456 4120 dein-.

219 4151 350 4240 cep.s
381 4167 582 4239 posita.

282 4259 446 4333 τΛρά
469 4279 534 4331 γε
569 4261 677 4334 γὰρ
720 4262 879 4332 φύσιν
919 4259 1062 4334 εἶχεν
1098 4263 1132 4335 ἡ
1162 4263 1387 4334 δύναμις
1427 4266 1536 4335 ῥεῖν
1568 4264 1658 4317 ἐπὶ
1691 4264 1790 4335 τὴν

225 4354 359 4427 ὕλην
379 4371 394 4419 ;
414 4356 480 4407 Ei
508 4355 659 4425 παρὰ
681 4355 838 4423 φύσιν
859 4351 926 4426 ἦν
949 4357 1083 4426 αὐτῇ
1105 4355 1282 4422 τοῦτο,
1303 4357 1419 4420 πῶς
1439 4351 1531 4408 οὖν
1555 4355 1750 4426 ἐμίχθη
1772 4371 1786 4418 ;

1964 4259 2106 4330 Ergo
2137 4259 2247 4313 haec
2273 4258 2486 4314 virtutis
2506 4264 2701 4312 natura
2727 4255 2826 4310 fuit
2846 4263 3008 4325 atque
3028 4253 3236 4310 indoles
3265 4259 3325 4308 ut
3343 4251 3447 4306 dii-

1896 4352 2084 4407 ﬁueret
2113 4351 2168 4404 in
2196 4348 2519 4404 materiam?
2551 4347 2606 4402 Si
2639 4355 2832 4418 praeter
2871 4355 3118 4400 naturam
3150 4351 3286 4410 erat,
3309 4357 3447 4412 quo-

223 4447 282 4499 ει
307 4425 396 4499 ἠδὲ
430 4448 571 4500 κατὰ
609 4447 769 4517 φύσιν
803 4425 1040 4520 ἦναύτῇ
1075 4425 1255 4509 τοῦτο,
1299 4449 1512 4511 πάντως
1559 4425 1781 4500 πουνκαῒ

1893 4459 2018 4497 nam
2051 4442 2216 4512 igitur
2243 4439 2402 4494 modo
2425 4439 2502 4494 illi
2530 4439 2816 4494 commista
2864 4437 2990 4492 est?
3023 4433 3120 4488 Sin
3168 4440 3349 4487 autem
3380 4447 3455 4487 οι

223 4539 306 4592 ἀεὶ
337 4539 443 4592 σὺν
469 4541 534 4609 τῇ
564 4538 665 4611 ὕλῃ
693 4535 779 4610 ἧν.
815 4540 877 4595 EI
906 4539 961 4592 δὲ
987 4539 1162 4605 τοῦτο,
1195 4538 1312 4603 πῶς
1338 4542 1502 4592 κακὸν
1537 4539 1634 4610 τὴν
1661 4539 1781 4608 ὕλην

1889 4543 2104 4597 natura,
2135 4533 2356 4587 omnino
2383 4532 2542 4602 plane
2565 4538 2618 4585 et
2648 4544 2862 4599 semper
2900 4543 2987 4582 res
3019 4525 3094 4580 illi
3129 4539 3251 4580 cum
3279 4529 3450 4576 mate-

227 4631 751 4701 προσαγορεύουσιν,
799 4631 974 4702 μίγμα
1020 4627 1182 4684 οὖσαν
1218 4628 1277 4694 ἐξ
1311 4631 1482 4703 ἀρχῆς
1515 4629 1651 4700 πρὸς
1693 4628 1781 4699 τὴν

1889 4627 1971 4680 ria
2003 4633 2139 4688 erat,
2167 4639 2230 4679 ac
2276 4623 2378 4693 ipsi
2413 4637 2595 4678 comes
2625 4629 2763 4676 erat.
2811 4618 2867 4674 Id
2916 4627 3094 4671 autem
3134 4615 3182 4670 si
3216 4615 3289 4667 ita
3323 4620 3406 4666 est
3428 4649 3444 4674 ,

226 4721 376 4775 θείαν
397 4722 630 4793 δύναμιν
650 4739 664 4786 ;
684 4721 808 4786 Πῶς
827 4723 1179 4796 φθαρήσεται,
1207 4721 1490 4794 μιχθείσης
1510 4721 1611 4790 τῆς
1645 4719 1781 4784 θείας

1893 4716 2023 4787 quid
2060 4731 2238 4770 causas
2258 4721 2341 4768 est
2369 4728 2468 4767 cur
2505 4712 2782 4766 materiam
2809 4709 3008 4764 malum
3041 4704 3297 4769 vocitent,
3326 4716 3446 4771 quae

228 4811 534 4885 δυνάμεως,
569 4815 704 4886 πρὸς
744 4816 912 4886 αὐτὴν
943 4795 1386 4886 γὰποχωρησὰσης
1421 4815 1581 4879 ποτέ;
1621 4815 1781 4867 Ἐσω-

1894 4825 1924 4863 a
1960 4806 2222 4878 principio
2241 4821 2364 4860 cum
2390 4804 2570 4859 divina
2598 4804 2794 4856 virtute
2813 4799 3118 4860 commista,
3141 4795 3260 4865 ejus
3290 4800 3447 4848 nacta

230 4903 287 4967 ζε
317 4907 382 4978 δὴ
424 4907 536 4978 γὰρ
578 4885 648 4959 τά
686 4906 846 4968 καλὰ,
870 4885 972 4961 καὶ
1001 4885 1362 4978 ἐτέρουτινὸς
1405 4905 1609 4975 ἀγαθοῦ
1643 4906 1781 4959 αἰτία

1889 4901 2273 4956 commercium
2323 4899 2448 4952 est?
2499 4898 2744 4962 Quonam
2789 4908 2918 4948 vero
2949 4890 3108 4948 modo
3135 4889 3295 4944 etiam
3325 4899 3450 4939 cor--

230 4975 517 5066 γίγνεσθαι
542 4991 622 5061 οἷς
655 4996 720 5051 ἂν
745 5001 912 5069 παρῇ,
942 4975 1178 5066 εὔλογον,
1213 4996 1247 5067 ἢ
1288 4995 1634 5068 διαφθορὰνῆ
1667 4995 1781 5050 ἄλλε

1891 4999 2194 5062 rumpetur,
2220 4989 2402 5043 divina
2432 4987 2648 5049 virtute,
2682 4999 2802 5055 qua:
2830 4983 3060 5037 admista
3089 4987 3206 5035 erat
3228 5017 3243 5041 ,
3289 4975 3355 5029 ad
3389 4990 3448 5029 se

229 5106 279 5141 τι
309 5089 478 5145 κακὸν
507 5091 692 5162 ἕτερον
724 5091 947 5158 ἐπάγειν
971 5091 1169 5152 αὐτοῖς.

1892 5085 2066 5154 ipsam
2118 5081 2440 5152 quandoque
2491 5077 2807 5133 secedente?
2854 5075 2982 5142 Quae
3019 5073 3162 5129 enim
3194 5071 3334 5124 bona
3362 5082 3450 5121 es-

235 5197 354 5243 sent
400 5169 694 5242 incolumia
743 5186 1014 5248 servabat,
1066 5185 1393 5240 conveniens
1425 5191 1485 5238 ut
1516 5191 1570 5240 et
1623 5182 1846 5239 alterius
1895 5181 2176 5249 cujusdam
2233 5179 2358 5232 boui
2387 5217 2400 5241 ,
2453 5175 2651 5246 quibus
2703 5173 2892 5235 adest,
2957 5177 3146 5225 auctor
3194 5165 3445 5228 etsistat,

236 5297 394 5350 quam
433 5295 492 5337 ut
522 5282 923 5351 corruptionem
958 5281 1041 5335 vel
1082 5281 1223 5334 aliud
1254 5281 1539 5351 quodpiam
1590 5280 1788 5334 malum
1829 5281 1935 5332 illis
1959 5277 2197 5329 inducat.

372 5397 505 5452 CAP.
535 5393 722 5449 XVIII.
759 5393 1170 5449 Hanichwarum
1197 5395 1390 5450 solutio
1421 5403 1469 5448 et
1501 5394 1777 5450 instantia.
1806 5390 1951 5446 Scite
1983 5387 2052 5440 ad
2077 5388 2335 5440 hominem
2371 5384 2433 5438 de
2466 5384 2696 5448 Manete,
2723 5382 2812 5452 qui
2843 5381 2950 5450 ipse
2978 5381 3031 5432 in
3067 5380 3308 5432 materia.

1967 5503 2169 5558 Eorum
2201 5502 2289 5558 hic
2330 5508 2579 5572 argutum
2612 5511 2934 5569 responsum
2965 5509 3028 5549 ac
3056 5492 3271 5558 evasio;
3305 5505 3454 5544 nem-

1900 5613 1986 5668 pe,
2011 5595 2152 5652 sicut
2182 5593 2426 5650 videmus
2459 5591 2641 5646 anima
2677 5591 2919 5660 sejuncta
2946 5605 2976 5642 a
3003 5600 3229 5656 corpore
3254 5598 3460 5652 corpus

1903 5689 2078 5758 ipsum
2111 5684 2316 5757 perire;
2351 5684 2430 5740 sic
2456 5685 2617 5740 etiam
2651 5683 2738 5738 ubi
2770 5683 2941 5736 virtus
2975 5680 3276 5741 materiam,
3311 5673 3456 5745 quod

1903 5781 2169 5850 reliquum
2199 5780 2319 5841 erit.
2350 5779 2518 5848 ipsam
2543 5775 2791 5845 videlicet
2821 5775 3097 5831 materiam
3131 5771 3466 5830 dissolutum

301 5514 377 5566 Τὸ
419 5514 520 5584 μὲν
562 5514 671 5584 γὰρ
703 5512 765 5583 δὴ
822 5490 1003 5582 σοφὸν.
1026 5512 1088 5564 τὸ
1134 5510 1420 5581 λεγόμενον
1471 5511 1562 5563 ὑπ’
1611 5508 1790 5564 αὐτῶν

244 5605 405 5656 ὶκεῖνό
452 5605 620 5655 ἐστιν·
669 5603 812 5664 ὐτι,
849 5602 1035 5672 ὥσπερ
1078 5601 1310 5672 ὁρῶμεν,
1352 5601 1448 5671 τῆς
1485 5600 1664 5670 ψυχῆς
1699 5600 1792 5652 τοῦ

253 5693 487 5764 θώματος
515 5692 958 5767 ἁποζευχθείσης,
984 5695 1042 5746 τὸ
1072 5693 1228 5763 σῶμα
1249 5692 1376 5745 αὐτὸ
1407 5691 1792 5762 ἀπολλύμενον,

263 5786 384 5840 οὕτω
422 5787 514 5840 καὶ
558 5786 657 5855 τῆς
701 5785 974 5856 δυνάμεως
1007 5785 1232 5855 ἀφείσης
1267 5785 1375 5855 τὴν
1409 5783 1559 5852 ὕλην,
1599 5783 1658 5837 τὸ
1689 5784 1797 5839 λει-
