3956 6198
270 399 377 458 εστ

1130 391 1536 448 'I'RACTATUS
1572 391 1657 446 DE
1694 391 2002 447 PLACITIS
2031 389 2574 446 MANICHIEORUM.

3307 388 3410 445 L38

269 515 407 587 μέσα
434 513 498 564 τὰ
526 511 653 566 ἄλλα
691 511 782 564 καὶ
816 509 1010 580 μεταξὺ
1040 509 1245 580 ἀνάγκη
1283 479 1463 577 φάναι.
1519 508 1654 560 Ἀλλ’
1705 509 1790 560 εύο

1910 509 2192 578 nalumque
2238 506 2572 560 solummodo
2623 506 2842 559 materia
2884 505 3145 566 exsistat,
3194 518 3414 560 necesse

271 606 502 679 ρίσκετοιί
543 621 623 666 τις
660 603 882 673 ποιητὴς
913 602 1157 672 διάφορος
1183 602 1306 671 περὶ
1333 601 1398 653 τὰ
1432 600 1588 670 μέσα,
1620 602 1696 652 ὅτ’
1722 601 1789 653 ἂν

267 696 400 765 φῶσι
419 696 515 765 τὴν
539 695 635 764 μὲν
656 691 1043 762 δημιουργικὴν
1062 691 1255 753 αἰτίαν,
1277 691 1372 760 τὴν
1383 691 1436 742 δὲ
1455 690 1644 760 μικτὴν
1662 691 1796 760 πρὸς

259 786 356 858 τὴν
388 785 538 854 ὓλην.
581 783 731 852 Τάχα
755 777 845 834 οὖν
875 782 988 834 ἐστι
1017 781 1076 833 τὸ
1113 781 1512 850 προηγούμενον
1545 781 1638 832 καὶ
1663 781 1795 831 ἀπο-

258 872 705 943 προηγησάμενον
733 868 903 933 τοῦτο,
926 868 955 920 ὃ
988 869 1077 920 καὶ
1114 869 1163 919 οῖ
1200 867 1446 937 νεώτεροι
1471 868 1712 935 λέγουσιν
1740 869 1796 921 ὲν

259 965 338 1034 τῷ
363 964 502 1030 Περὶ
529 961 642 1014 τῶν
671 958 962 1028 διαφορῶν
989 959 1149 1028 λόγῳ.
1172 959 1280 1028 Τῆς
1306 958 1364 1011 δὲ
1387 957 1790 1029 δημιουργικῆς,

260 1055 413 1123 φασὶ,
472 1052 745 1120 δυνάμεως
815 1048 1230 1119 έπιχειρησάσης
1277 1048 1372 1117 τῆς
1424 1048 1790 1117 κοσμοποιίας,

258 1140 650 1210 ἀποκεκρίσθαι
686 1139 779 1209 τῆς
806 1137 936 1208 ὕλης
961 1137 1022 1189 τὸ
1059 1139 1238 1206 μεῖναν
1266 1137 1356 1188 ἐπὶ
1383 1137 1478 1207 τῆς
1513 1136 1644 1200 ίδίας
1669 1138 1796 1209 ἀρε-

259 1233 358 1301 τῆς
392 1232 495 1284 κᾶν
531 1234 594 1301 τῇ
636 1228 904 1299 συμμίξει,
944 1228 1034 1280 καὶ
1062 1227 1332 1294 γεγονέναι
1364 1227 1621 1297 ἥλιονλκαὶ
1646 1227 1797 1298 σελή-

262 1338 358 1387 νην
379 1337 393 1349 ·
433 1320 492 1371 τὸ
523 1319 577 1374 δὲ
619 1317 841 1388 μετρίας
872 1315 1186 1387 μετειληφὸς
1223 1316 1434 1379 κακίας,
1464 1316 1686 1385 οὐρανὸν
1708 1317 1801 1368 καὶ

263 1408 515 1478 ἀστέρας.
539 1407 732 1472 Λοιπὸν
756 1407 811 1458 δὲ
844 1407 911 1459 τα
947 1405 1076 1458 ἄλλα
1109 1405 1256 1468 ἐντὸς
1297 1406 1497 1469 τούτων
1533 1407 1802 1478 περιειλῆ-

263 1499 395 1568 egeat.
431 1499 504 1560 ὠς
541 1498 740 1568 ἔτυχεν,
795 1499 1035 1576 μίγματα
1072 1496 1197 1561 ὄντα
1230 1498 1326 1566 τῆς
1368 1515 1424 1551 τε
1472 1497 1618 1560 Θείας
1655 1498 1803 1551 δυνά-

265 1608 414 1659 μεως
451 1591 541 1642 καὶ
576 1589 672 1657 τῆς
706 1589 851 1659 ὕλης.

1894 608 1976 654 est
2007 607 2066 653 ut
2103 600 2308 667 reliqua
2338 596 2510 653 media
2548 594 2790 648 dicamus
2827 602 2879 648 et
2918 596 2980 648 in.
3016 592 3416 649 medioconsti-

1895 696 2028 742 tuta.
2060 687 2221 756 Atqui
2263 686 2532 739 invenitur
2579 683 2824 737 diversus
2847 685 3014 738 factor
3062 696 3123 735 ac
3172 681 3415 736 conditor

1893 777 2038 831 circa
2068 791 2131 830 ea
2166 790 2285 844 quae
2332 774 2504 827 media
2535 782 2678 836 sunt,
2721 787 2842 826 cum
2875 771 3056 824 dicant
3101 770 3259 823 aliam
3293 783 3419 824 cau-

1894 880 2010 920 sam
2043 866 2309 934 opiﬁcem,
2342 864 2500 918 aliam
2523 863 2758 917 materia:
2791 862 3094 917 admistam.
3123 858 3281 914 Forte
3321 860 3426 929 ἱεὶς.

1896 964 1986 1011 tur.
2024 966 2107 1012 est
2138 957 2454 1025 primarium
2494 955 2638 1010 istud
2682 962 2737 1010 et
2777 954 2919 1023 quod
2946 967 2976 1005 a
3020 951 3271 1020 primario
3316 963 3418 1017 est,

1898 1047 2040 1116 quod
2065 1049 2222 1100 etiam
2256 1046 2440 1101 dicunt
2470 1043 2795 1099 recentiores
2825 1044 2877 1095 in
2907 1042 3044 1094 libro
3079 1041 3150 1094 De
3178 1040 3422 1109 iii/fcren-

1900 1139 2004 1191 tiis.
2037 1135 2277 1204 Cumque
2311 1136 2443 1189 adeo
2471 1133 2645 1204 opifex
2681 1133 2848 1185 virtus
2882 1147 2945 1186 ac
2973 1131 3127 1198 cujus
3158 1128 3425 1185 condendi

1899 1230 1980 1283 vis
2006 1228 2194 1284 mundi
2227 1226 2482 1289 fabricam
2513 1236 2762 1294 aggressa
2793 1229 2956 1286 esset,
2991 1231 3251 1277 secretum
3275 1221 3428 1276 aiunt

1900 1319 1966 1374 de
2011 1317 2234 1372 materia
2272 1316 2414 1387 quod
2461 1317 2515 1376 in
2554 1315 2671 1384 ipsa
2699 1328 2914 1382 quoque
2951 1313 3199 1367 mistione
3228 1315 3281 1378 in
3329 1327 3428 1368 sua

1901 1410 2116 1479 propria
2149 1415 2417 1469 manserat
2443 1405 2660 1468 virtute,
2695 1411 2854 1472 atque
2886 1403 3012 1457 hinc
3045 1403 3209 1458 solem
3246 1413 3298 1457 et
3340 1403 3426 1462 lu-

1904 1514 2026 1553 nam
2070 1497 2362 1560 exstitisse.
2405 1493 2463 1547 Id
2502 1508 2628 1547 vero
2673 1491 2816 1560 quod
2858 1492 3067 1546 modice
3109 1490 3430 1560 parciusque

1903 1597 2087 1650 vitium
2118 1598 2458 1656 contraxerat
2499 1603 2560 1642 ac
2589 1587 2869 1650 malitiam,
2907 1584 3104 1639 caelum
3139 1591 3191 1636 et
3220 1583 3425 1646 stellas.

1899 1697 2171 1752 Postremo
2198 1701 2375 1747 autem
2407 1689 2613 1757 reliqua
2645 1687 2788 1740 intra
2833 1685 2943 1738 haec
2975 1691 3175 1737 temere
3209 1681 3430 1735 interceo

1825 1779 1868 1834 B
1896 1795 2004 1858 pta,
2038 1798 2155 1854 qua:
2182 1782 2339 1835 mista
2381 1786 2506 1834 sunt
2537 1792 2599 1830 ex
2630 1774 2810 1828 divina
2846 1773 3042 1825 virtute
3079 1777 3132 1824 et
3182 1770 3425 1823 materia.

263 1907 398 1958 Cn.
422 1903 537 1957 XX.
575 1902 762 1957 Divina
792 1906 954 1959 virtus
977 1904 1140 1959 eidem
1179 1903 1468 1959 Manicth
1500 1922 1744 1987 corporea
1777 1915 1825 1958 et
1849 1901 2141 1984 divisibifis.
2168 1898 2356 1952 Divina
2377 1897 2536 1950 virtus
2564 1895 2676 1960 ipsa
2706 1890 2943 1954 materia,
2967 1904 3080 1959 qua:
3102 1888 3194 1955 ﬁat
3212 1888 3384 1940 omnia
3408 1903 3447 1944 ε-

1606 1991 1977 2035 inconveniens.

344 2090 486 2157 Ἐγὼ
516 2091 569 2143 δὲ
619 2091 767 2162 παρὰ
802 2092 974 2147 πάντα
1019 2094 1184 2146 ταῦτα
1219 2093 1494 2164 θαυμάζω,
1542 2089 1656 2152 πῶς
1703 2089 1800 2149 ούκ

255 2181 604 2234 αἰσθάνονται
624 2183 930 2253 σωματικὴν
961 2184 1232 2247 ποιοῦντες
1257 2184 1352 2253 τὴν
1385 2183 1530 2234 Θείαν
1555 2180 1798 2248 δύναμιν,

254 2273 358 2324 καὶ
392 2271 670 2340 τέμνοντες
697 2271 942 2344 καθάπερ
978 2274 1044 2326 τὰ
1076 2275 1232 2345 μέρη.
1263 2273 1360 2326 Διὰ
1388 2271 1439 2324 τί
1471 2271 1575 2341 γὰρ
1606 2270 1698 2338 οὐχ
1729 2269 1804 2331 ὡς

254 2361 387 2431 ὕλη,
423 2364 520 2414 καὶ
547 2363 580 2433 ή
613 2361 729 2416 Θεία
753 2362 972 2433 δύναμις
1003 2365 1101 2437 ἥδη
1136 2366 1279 2417 ἐστὶν
1316 2361 1529 2432 παθητὴ
1555 2362 1643 2414 καὶ
1674 2361 1806 2412 διαι-

258 2456 394 2524 ρετὴ
427 2454 518 2507 διὰ
545 2456 722 2526 πάσης
749 2457 942 2526 αὐτῆς·
980 2459 1072 2510 καὶ
1101 2457 1161 2510 τὸ
1193 2457 1288 2528 μέν
1315 2474 1366 2509 τι
1395 2457 1560 2525 αὐτῆς
1605 2455 1805 2522 γίνεται

257 2545 430 2614 ἣλιος,
466 2546 528 2598 τὸ
557 2546 611 2598 δὲ
640 2547 830 2618 σελήνη
852 2565 867 2612 ;
893 2546 1157 2618 Καθαρῶς
1181 2547 1287 2618 γὰρ
1317 2546 1483 2599 ταῦτα
1511 2541 1647 2598 εἶναι
1675 2544 1804 2612 φασὶ

257 2635 363 2703 τῆς
405 2636 556 2700 Θείας
590 2638 884 2708 δυνάμεωςο
930 2637 1084 2691 τοῦτο
1113 2638 1167 2690 δὲ
1205 2634 1271 2708 ἦν
1313 2638 1340 2690 ὃ
1381 2637 1634 2706 ἐλέγομεν
1679 2636 1804 2688 ῖδιον

254 2726 359 2794 τῆς
415 2725 551 2798 ὕλης
592 2724 835 2791 εἷναι,.τὸ
885 2729 1047 2799 μηδὲν
1077 2725 1236 2782 οὖσαν
1265 2727 1384 2782 καθ’
1409 2727 1624 2796 ἑαυτὴν,
1657 2727 1805 2795 δεχο-

261 2816 436 2887 μένην
465 2817 522 2870 δὲ
558 2817 622 2871 τὰ
652 2820 899 2890 σχήματα
927 2822 1019 2873 καὶ
1053 2821 1150 2884 τὰς
1182 2822 1483 2891 ποιότητας,
1515 2820 1692 2872 πάντα
1722 2819 1807 2886 γί-

257 2906 490 2972 γνεσθαι
517 2906 584 2959 τὰ
614 2909 955 2980 διωρισμένα.
1000 2911 1062 2963 Ei
1093 2907 1182 2964 οὖν
1210 2912 1283 2974 ὡς
1318 2911 1407 2979 ἀφ’
1440 2911 1556 2973 ἐνὸς
1589 2910 1808 2962 ὑποκει-

265 2997 433 3065 μένου
469 2997 570 3068 τῆς
609 2997 754 3061 Θείας
795 3000 1070 3071 δύναμεως
1110 3001 1264 3071 μόνον
1297 3001 1512 3069 γέγονεν
1543 3000 1689 3069 ἥλιος
1719 3000 1810 3053 καὶ

263 3086 486 3157 σελήνη,
519 3088 687 3142 ταῦτα
723 3091 777 3142 δὲ
817 3092 995 3162 ἕτερα,
1034 3091 1121 3144 διὰ
1160 3093 1212 3145 τί
1244 3094 1316 3163 μὴ
1355 3092 1445 3145 καὶ
1475 3091 1600 3144 ἄλλο
1629 3109 1679 3144 τι
1719 3091 1810 3158 γέ-

261 3194 458 3246 νηται;
490 3179 554 3231 Εἰ
581 3179 636 3232 δὲ
655 3181 828 3236 πάντα
844 3186 1144 3255 γενήσεται,
1162 3185 1222 3236 τὸ
1245 3183 1533 3253 συμϐαῖνον
1559 3181 1806 3254 φανερὸν,

255 3267 340 3318 ὅτι
369 3271 406 3337 ὴ
454 3268 574 3321 Θεία
599 3270 818 3341 δύναμις
849 3272 968 3345 ὕλη,
1012 3276 1104 3328 καὶ
1135 3274 1268 3344 αὑτὴ
1302 3275 1435 3344 πρὸς
1465 3273 1533 3327 τὰ
1565 3275 1812 3345 σχήματα

259 3359 584 3427 ποιουμένη.
623 3361 681 3413 El
711 3362 766 3414 δὲ
795 3363 940 3415 οὐδὲν
962 3365 1194 3436 ἕτερονῆ
1224 3364 1369 3434 ἥλιος
1394 3365 1485 3416 καὶ
1532 3365 1722 3436 σελήνη
1746 3364 1815 3416 τὰ

256 3451 320 3500 ὲκ
349 3450 455 3518 τῆς
482 3449 630 3513 Θείας
656 3452 927 3522 δυνάμεώς
957 3458 1068 3513 ἐστι
1095 3456 1372 3525 γενόμενα,
1399 3453 1465 3508 τὰ
1494 3455 1815 3524 ὲναπειλημ-

262 3539 413 3606 μένα
437 3539 547 3608 ἄρα
565 3541 695 3593 πᾶσι
725 3545 832 3604 τοῖς
859 3539 1008 3596 οὖσιν
1033 3544 1182 3613 ἥλιός
1207 3547 1319 3597 ὲστι
1352 3544 1443 3597 καὶ
1475 3543 1663 3615 σελήνη
1684 3560 1696 3572 ·
1723 3545 1820 3596 καὶ

259 3628 504 3691 ἕκαστος
536 3629 641 3682 τῶν
673 3632 910 3702 ἀστέρων
940 3634 1086 3703 ἥλιός
1113 3636 1225 3687 ἐστι
1255 3635 1347 3688 καὶ
1380 3634 1570 3704 σελήνη
1590 3651 1603 3663 ·
1639 3634 1731 3686 καὶ
1757 3634 1815 3686 τὸ

259 3721 458 3790 ἕτερον
511 3721 601 3774 καὶ
637 3723 743 3774 τῶν
793 3726 1057 3795 χερσαίων
1096 3724 1246 3789 ζώων
1291 3725 1411 3778 καθ’
1459 3725 1682 3778 ἕκαστον
1723 3725 1816 3777 καὶ

258 3812 377 3865 τῶν
412 3813 628 3882 πτηνῶν
660 3815 752 3866 καὶ
781 3815 885 3867 τῶν
914 3817 1207 3886 ἁμφιϐίων.
1251 3817 1429 3871 Ταῦτα
1460 3817 1534 3881 δὲ,
1577 3817 1656 3868 ὅτι
1697 3816 1816 3868 osa:

258 3903 308 3955 οἱ
328 3902 411 3953 τὰ
432 3903 681 3974 θαύματα
700 3906 998 3970 δεικνύντες
1018 3908 1359 3972 ἀποδέξαιντο
1380 3908 1464 3973 ἂν,
1485 3902 1634 3978 οἶμαι
1657 3906 1815 3960 παντί

262 4011 354 4046 πω
389 3993 546 4064 δῆλον
571 3992 727 4050 εἶναι.

1972 2085 2082 2156 Ego
2123 2100 2270 2150 sane,
2321 2092 2513 2154 praeter
2555 2084 2667 2138 haec
2713 2079 2913 2146 omnia,
2954 2078 3119 2130 miror
3163 2071 3434 2145 quomodo

1903 2192 2010 2231 non
2037 2176 2359 2246 intelligunt,
2384 2189 2692 2244 corpoream
2723 2188 2781 2227 se
2807 2171 2980 2225 facere
3005 2167 3239 2222 divinam
3270 2166 3436 2220 virtu—
3463 2191 3467 2195 -

1907 2274 2033 2329 ιειη,
2070 2268 2230 2335 inque
2280 2267 2508 2335 part-ium
2562 2278 2762 2319 morem
2802 2275 3000 2317 secare.
3048 2257 3243 2324 Quidni
3289 2256 3448 2311 enim~

1907 2354 2351 2424 quemadmodum
2393 2353 2633 2416 materia,
2681 2351 2841 2407 etiam
2892 2349 3072 2402 divina
3110 2349 3281 2400 virtus
3323 2344 3446 2414 jam,

1909 2445 2146 2516 patibilis
2177 2452 2278 2508 est,
2310 2459 2474 2514 seque
2502 2452 2608 2498 tota
2634 2440 2953 2505 divisibilis;
2982 2446 3143 2508 atque
3169 2437 3286 2506 ejus
3309 2451 3438 2506 pars

1910 2536 2012 2589 alia
2041 2535 2119 2589 sol
2139 2534 2385 2597 ellicitur,
2411 2534 2513 2587 alia
2539 2533 2703 2586 luna?
2725 2530 2882 2584 Clare
2907 2529 3050 2584 enim
3069 2527 3169 2580 hoc
3196 2533 3276 2580 est
3295 2523 3437 2594 quod

1909 2626 2218 2681 dicebamus
2247 2642 2366 2681 esse
2415 2624 2687 2695 propriqu
2730 2621 2984 2685 materia,
3021 2634 3143 2672 cum
3181 2619 3297 2685 ipsa
3343 2628 3461 2683 per

1912 2733 1968 2772 se
1995 2717 2122 2770 nihil
2154 2717 2244 2776 sit,
2272 2731 2392 2770 cum
2431 2716 2626 2785 ﬁguras
2651 2722 2704 2769 et
2731 2714 3021 2784 qualitates
3045 2708 3290 2778 recipiat,
3319 2721 3439 2760 om-

1915 2809 2002 2861 nia
2045 2808 2180 2866 tieri.
2223 2824 2340 2877 quae
2371 2808 2538 2862 divisa
2575 2821 2638 2861 ac
2682 2805 2935 2860 distincta
2980 2809 3124 2857 sunt.
3180 2797 3236 2853 Si
3278 2796 3444 2868 igitur

1913 2899 2058 2953 velut
2109 2914 2175 2951 ex
2203 2914 2310 2952 uno
2353 2897 2595 2966 subjecto
2629 2895 2809 2950 divina
2850 2895 3066 2953 virtute,
3105 2885 3440 2944 solummodo

1913 2989 1994 3044 sol
2023 2989 2254 3058 lunaque
2292 2988 2650 3053 exstiterunt;
2684 2986 2900 3051 haecque
2931 2983 3066 3037 adeo
3097 2981 3198 3034 alia
3238 2994 3300 3033 ac
3337 2977 3441 3030 alia

1912 3087 2060 3143 sunt,
2113 3080 2300 3148 quidni
2344 3081 2504 3134 etiam
2555 3077 2703 3132 aliud
2757 3076 3029 3145 quidpiam
3074 3071 3270 3125 factum
3321 3069 3458 3123 est?»

1914 3173 2065 3240 Quod
2107 3173 2152 3226 si
2208 3171 2335 3225 ﬁent
2376 3171 2574 3233 omnia,
2624 3169 2750 3238 quid
2801 3173 3058 3236 sequatur
3097 3162 3444 3222 manifestum

1914 3274 2023 3329 est;
2070 3264 2303 3319 divinam
2351 3262 2601 3331 virtutem
2650 3258 2927 3312 materiam
2979 3269 3120 3318 esse,
3167 3255 3446 3322 ipsamque

1916 3368 2037 3407 esse
2068 3365 2186 3420 quae
2223 3350 2278 3402 in
2319 3349 2514 3417 ﬁguras
2543 3345 2821 3400 formetur.
2865 3343 3018 3409 Quod
3060 3343 3106 3396 si
3137 3341 3270 3394 nihil
3301 3336 3445 3392 aliud

1921 3453 2046 3499 sunt
2078 3443 2158 3499 sol
2181 3451 2232 3496 et
2255 3440 2403 3505 luna,
2435 3453 2594 3508 quam
2617 3451 2735 3507 quae
2758 3451 2825 3491 ex
2843 3434 3024 3490 divina
3052 3432 3248 3484 virtute
3268 3435 3447 3484 creata

1921 3544 2081 3602 sunt;
2113 3549 2242 3604 ergo
2262 3547 2378 3603 quae
2407 3530 2568 3584 rebus
2601 3527 2852 3584 omnibus
2873 3526 3162 3592 intercepta
3195 3529 3340 3583 sunt,
3365 3519 3448 3574 sol

1919 3636 1973 3684 et
2017 3628 2144 3681 luna
2172 3631 2299 3681 sunt
2329 3641 2343 3676 :
2375 3636 2439 3676 ac
2470 3619 2692 3690 singulae
2723 3632 2946 3688 quaeque
2977 3615 3164 3678 stellae,
3215 3613 3295 3666 sol
3324 3618 3450 3665 sunt.

1920 3727 1972 3774 et
2000 3719 2155 3782 luna;
2196 3713 2510 3784 singulaque
2549 3710 2654 3763 alia
2692 3722 2916 3778 quaeque
2959 3703 3208 3758 animalia
3237 3699 3449 3771 generis

1920 3808 2259 3864 terrestrium.
2293 3811 2346 3858 et
2386 3802 2685 3856 volucrium
2727 3808 2780 3854 et
2809 3812 2994 3852 eorum
3024 3809 3142 3865 quae
3181 3791 3451 3862 amphibia

1921 3899 2189 3953 dicuntur.
2222 3896 2344 3950 Haac
2374 3909 2502 3949 vero
2531 3908 2598 3948 ne
2630 3894 2775 3961 ipsos
2796 3890 3010 3960 quidem
3033 3886 3473 3957 praestigiatores-

1924 3991 2274 4050 admissuros,
2300 3983 2566 4039 universis
2590 3980 2928 4035 manifestum
2958 3992 3077 4032 esse
3107 3976 3375 4030 existimo.

259 4108 405 4176 Cur.
434 4104 575 4163 XXI.
617 4110 792 4167 Virtus
821 4113 1013 4181 partim
1061 4114 1214 4181 bona,
1244 4117 1434 4185 partim
1469 4116 1668 4170 melior.
1711 4110 1772 4164 In
1818 4105 1924 4187 safe
1959 4111 2007 4156 et
2049 4101 2172 4153 luna
2218 4098 2444 4163 illibata,
2485 4097 2538 4149 in
2572 4096 2690 4149 aliis
2733 4092 3012 4161 depravata
3037 4105 3055 4141 :
3097 4085 3468 4155 improbabitir

1756 4191 1948 4245 optma.

332 4295 418 4347 Τὸ
451 4295 510 4347 δὲ
537 4295 673 4364 μετὰ
699 4297 864 4351 ταῦτα
889 4301 1270 4353 ἐπισκοποῦσιν
1291 4300 1388 4353 ούκ
1410 4299 1587 4352 εύΘεῖα
1615 4301 1646 4369 ὴ
1677 4297 1812 4358 ὁδὸς,

263 4381 410 4438 ἀλλὰ
456 4382 814 4456 δυσαντοτέρα
850 4388 947 4458 τῆς
994 4389 1382 4461 παρελθούσης.
1430 4389 1658 4456 Λέγουσι
1708 4387 1815 4458 γὰρ

267 4472 444 4541 μηδὲν
491 4471 686 4524 ἄτοπον
728 4475 1043 4529 πεπονθέναι
1077 4477 1216 4530 κατὰ
1260 4479 1357 4548 τὴν
1397 4477 1652 4547 σύμμιξιν
1683 4478 1818 4546 πρὸς

267 4564 368 4633 τὴν
394 4561 532 4631 ὓλην
564 4563 712 4631 ἥλιον
733 4565 824 4617 καὶ
852 4567 1095 4637 σελήνην.
1123 4566 1250 4621 Εἶτα
1276 4568 1390 4631 πῶς
1414 4568 1479 4621 τὰ
1510 4568 1639 4622 ἄλλα
1659 4568 1820 4636 ﬁlat-

267 4652 423 4720 τὼθη
478 4653 626 4722 παρὰ
670 4653 768 4725 τὴν
807 4656 938 4710 ἰδίαν
979 4658 1136 4727 φύσιν
1165 4660 1263 4712 οὐκ
1308 4659 1486 4728 έχουσι
1532 4659 1727 4725 λέγειν.
1760 4659 1819 4710 Εἰ

273 4742 378 4809 μὲν
413 4741 526 4814 γὰρ
554 4745 647 4796 καὶ
678 4747 763 4798 ὅτε
797 4747 916 4806 καθ’
948 4749 1140 4820 ἑαυτὴν
1166 4745 1232 4819 ἦν
1265 4751 1296 4820 ὴ
1327 4749 1442 4801 Θεία
1477 4750 1698 4820 δύναμις
1729 4749 1820 4801 ού-

269 4847 383 4892 τως
418 4828 580 4901 εἶχεν,
614 4834 750 4886 ὥστε
783 4837 842 4888 τὸ
873 4838 966 4907 μέν
995 4857 1047 4891 τι
1091 4840 1259 4910 αὐτῆς
1287 4835 1423 4892 εἶναι
1465 4840 1647 4901 καλὸν,
1675 4839 1737 4892 τὸ
1765 4840 1820 4892 δὲ

275 4924 517 4987 κάλλιον,
568 4926 707 4978 κατὰ
758 4927 847 4979 τὸν
883 4929 988 4981 τῶν
1044 4930 1478 5001 ίπποκενταύρων
1539 4929 1723 5000 μῦθον,
1773 4930 1820 4982 οἳ

274 5013 337 5063 τδ
387 5015 488 5082 μὲν
532 5016 657 5085 ἄχρι
698 5017 909 5086 στηθῶν
949 5019 1215 5089 ἄνθρωποι
1262 5015 1416 5089 ἦσαν,
1460 5021 1520 5072 τὸ
1564 5020 1742 5073 λοιπὸν
1767 5021 1823 5073 δὲ

277 5105 473 5155 ἵπποιο
504 5105 644 5158 καλὰ
680 5107 776 5176 μὲν
805 5107 1035 5178 ἑκάτερα
1069 5109 1137 5162 τὰ
1175 5109 1305 5175 ζῶα,
1340 5110 1552 5164 κάλλιον
1589 5111 1645 5164 δὲ
1675 5112 1703 5162 ὁ
1729 5111 1826 5165 ἄν·

277 5195 528 5264 Θρωπος’
576 5195 716 5248 οὕτω
757 5199 849 5250 καὶ
889 5197 980 5250 ἐπὶ
1027 5200 1126 5270 τῆς
1172 5200 1318 5262 Θείας
1356 5200 1631 5270 δυνάμεώς
1681 5203 1824 5254 ἐστιν

279 5285 586 5353 ἐπινοῆσαι,
615 5286 674 5339 τὺ
707 5288 803 5355 μέν
839 5306 888 5343 τι
917 5290 1082 5358 αὐτῆς
1119 5291 1178 5342 τὸ
1223 5291 1436 5343 κάλλιον
1468 5292 1649 5361 φέρον,
1677 5292 1736 5344 τὸ
1768 5293 1824 5345 δὲ

278 5373 668 5445 ἐλαττούμενον
705 5378 842 5430 κατὰ
874 5379 1045 5431 τοῦτο.
1086 5381 1193 5433 Καὶ
1234 5381 1324 5431 ἐπὶ
1363 5381 1458 5450 τῆς
1502 5379 1630 5449 ὕλης
1658 5380 1726 5450 δὲ
1765 5380 1824 5432 τὸ

282 5466 389 5535 μὲν
410 5466 636 5537 ὑπάρχει
656 5469 952 5540 ὑπερϐολήν
966 5486 1082 5522 τινα
1101 5470 1220 5539 ἔχον
1245 5448 1457 5533 κακίας.
1485 5510 1500 5524 .
1529 5510 1542 5524 .
1572 5448 1641 5523 τὰ
1657 5448 1825 5542 ἕτερα

283 5555 391 5619 μὲν
420 5556 596 5626 ἕτερα,
628 5559 720 5612 καὶ
747 5560 931 5629 ἐτέρας
953 5558 1104 5622 ἄλλος
1132 5559 1196 5612 ἂν
1219 5555 1282 5630 ἦν
1314 5561 1484 5627 λόγος.
1530 5561 1824 5631 Ἑνεδέχετο

279 5644 401 5716 γὰρ
430 5646 729 5713 ὑπολαϐεῖν,
753 5650 832 5702 ὅτι
860 5650 1278 5721 ὲμφρονέστερον
1306 5650 1371 5702 τὰ
1401 5650 1459 5714 ἐξ
1480 5651 1649 5720 ἀρχῆς
1678 5650 1824 5720 ἥλιος

281 5736 382 5798 καὶ
418 5737 606 5809 σελήνη
640 5740 706 5792 τὰ
731 5737 888 5811 ἦττον
927 5741 1128 5812 πονηρὰ
1158 5743 1252 5812 τῆς
1281 5740 1408 5810 ὕλης
1442 5744 1518 5804 εἰς
1544 5741 1641 5810 τὴν
1685 5741 1820 5812 σύμ-

1992 4286 2048 4342 Si
2069 4301 2189 4356 quis
2206 4297 2330 4337 vero
2357 4281 2483 4334 huic
2505 4275 2646 4348 quod
2681 4282 2922 4345 sequitur
2944 4273 3191 4326 animum
3211 4269 3454 4324 attende-

1919 4380 2009 4442 rit,
2036 4377 2176 4432 haud
2201 4384 2346 4429 recta
2374 4371 2620 4425 videatur
2641 4368 2748 4430 via,
2786 4366 2880 4421 sed
2908 4380 3028 4434 quae
3059 4365 3334 4433 superiore
3363 4377 3452 4414 ar-

1921 4466 2025 4519 dua
2066 4463 2233 4532 magis
2277 4477 2339 4515 ac
2385 4459 2727 4512 anfractuosa
2758 4456 2846 4510 sit.
2895 4455 3056 4507 Aiunt
3089 4455 3230 4507 enim
3266 4471 3279 4505 :
3320 4451 3482 4504 nihil-

1923 4555 2059 4609 labis
2095 4553 2350 4608 ascivisse
2378 4551 2542 4605 solem
2571 4555 2624 4601 et
2667 4546 2846 4606 lunam
2875 4560 2938 4598 ex
2970 4544 3290 4598 commercio
3328 4558 3449 4597 cum

1918 4646 2161 4701 materia.
2194 4642 2310 4696 Jam
2336 4642 2479 4696 enim
2507 4644 2782 4707 nequeunt
2805 4636 2985 4690 dicere
3025 4635 3293 4703 quomodo
3322 4635 3481 4688 reli-.

1919 4754 2022 4809 qua
2075 4739 2128 4790 in
2160 4736 2398 4791 deterius
2443 4733 2656 4793 iverint,
2706 4743 2865 4800 quam
2898 4727 3058 4782 ferret
3104 4741 3290 4780 eorum
3327 4741 3469 4796 pro-.

1919 4833 2035 4903 pria
2065 4839 2278 4884 natura.
2313 4827 2370 4880 Si
2399 4826 2542 4881 enim
2573 4833 2699 4878 tunc
2728 4822 2912 4884 etiam,
2942 4835 3063 4873 cum
3091 4833 3253 4887 penes
3285 4834 3342 4874 se
3374 4834 3448 4874 es-

1921 4932 2021 4989 set,
2049 4925 2100 4977 in
2117 4938 2236 4978 eum
2261 4921 2475 4976 modum
2499 4932 2556 4973 se
2576 4915 2753 4970 divina
2779 4913 2950 4968 virtus
2974 4911 3221 4967 habebat.
3246 4917 3303 4962 ut
3325 4925 3454 4976 para

1919 5018 2014 5070 tim
2060 5016 2219 5077 bona,
2279 5011 2473 5082 partim
2518 5007 2706 5061 melior
2753 5011 2920 5068 esset,
2967 5017 3074 5072 quo
3121 5016 3254 5070 pene
3295 4999 3474 5052 modo.

1921 5108 2370 5176 hippocentauros
2406 5102 2714 5157 fabulantur
2741 5095 2900 5152 otiosi
2941 5095 3203 5153 homines,
3239 5092 3330 5160 qui
3367 5091 3462 5143 vi~.

1921 5199 2113 5250 delicet
2159 5197 2224 5250 ad
2268 5209 2437 5265 usque
2479 5199 2668 5261 pectus
2707 5191 2973 5253 homines,
3022 5188 3226 5254 reliquo
3275 5195 3449 5236 autem

1921 5301 2146 5354 θοι-ροσε
2182 5285 2302 5354 equi
2351 5294 2710 5351 essent;quaa
2739 5289 2963 5348 utraque
2999 5277 3138 5330 bona
3164 5267 3449 5334 animalia;

1923 5377 2017 5432 sed
2057 5377 2111 5429 in
2139 5377 2218 5431 eis
2260 5377 2419 5430 homo
2448 5375 2673 5429 melior:
2701 5373 2778 5428 sic
2811 5385 3024 5441 quoque
3054 5369 3110 5422 in
3141 5368 3318 5423 divina
3344 5368 3462 5421 vir-.

1924 5478 2035 5522 tute
2057 5468 2180 5522 licet
2204 5463 2519 5535 intelligere,
2545 5465 2663 5533 ejus
2687 5463 2832 5517 aliud
2862 5461 3054 5514 melius
3078 5474 3199 5514 esse
3228 5474 3288 5512 ac
3305 5472 3460 5528 pran

1924 5557 2176 5618 stantius,
2208 5554 2350 5616 aliud
2383 5552 2633 5610 secundis
2664 5552 2906 5621 partibus
2951 5549 3065 5604 fore
3097 5563 3160 5603 ac
3192 5544 3450 5607 deterius.
3505 5591 3511 5597 .

1922 5648 2213 5717 Itidemque
2247 5646 2492 5708 materia,
2524 5644 2668 5699 aliud
2698 5657 2972 5698 enormem
2996 5639 3454 5711 quamdammalio

1923 5739 2051 5797 tiam
2075 5737 2236 5794 habet
2270 5748 2427 5807 atque
2455 5753 2805 5800 excessum...
2841 5735 2956 5790 Alia
2979 5733 3192 5801 quidem
3217 5732 3342 5793 alia,
3372 5735 3456 5780 at-
