3906 6194
544 371 646 428 ιὸθ
1509 369 1911 429 ALEXANDRI
1943 371 2248 438 EPISCOPI
2285 371 2784 439 LYCOPOLITANI
3583 382 3662 438 tuo

541 504 647 560 que
691 488 831 546 alius
867 487 972 544 alia
1011 489 1174 547 fuerit
1223 490 1385 548 ratio.
1425 487 1753 548 Existimare
1778 491 1922 554 enim
1959 491 2037 548 lio

2139 493 2338 565 ιμιξιν
2395 493 2693 560 ἐξελέξατο,
2740 497 2827 550 ἵνα
2880 496 3014 567 μένῃ
3059 495 3146 550 ἐπὶ
3187 496 3282 566 τῆς
3326 496 3446 561 ιδίας
3484 497 3664 573 ἀρετῆς·

540 581 652 647 bat,
695 595 730 636 υ
758 581 1026 654 principio
1051 583 1222 639 solem
1253 590 1309 641 et
1353 583 1558 648 lunam,
1595 581 2037 670 solertiorijudic;

2186 583 2653 658 ἐξασθενησάντων
2711 586 2942 659 τηλίκων
2989 587 3046 641 δὲ
3099 591 3509 661 πονηρευμάτων,
3548 595 3667 650 ὲκδι..

537 685 602 727 ac
639 673 946 743 prudentia,
981 684 1162 747 partes
1192 677 1430 734 materiae
1456 679 1638 734 minus
1679 679 1851 744 malas
1891 677 2037 748 quibi

2188 674 2458 730 δάσασθαι
2504 677 2769 751 τοσαύτην
2811 681 3081 753 ὑπεροχὴν
3125 682 3182 734 ὲν
3209 683 3284 758 τῷ
3318 686 3504 757 ἀγαθῷ,
3539 689 3596 743 τὰ
3625 690 3670 744 δὲ

535 765 842 823 commistio
864 768 1036 833 ﬁeret,
1065 771 1168 827 sibi
1191 771 1441 844 elegisse,
1463 781 1524 829 ut
1550 774 1604 828 in
1629 789 1728 830 sua
1756 772 2037 845 perfectior

2185 768 2318 832 ἄλλα
2348 770 2485 843 μέρη
2515 773 2684 844 αὐτῆς
2717 768 2786 844 ἦν
2825 773 3075 839 πεσόντα,
3105 774 3201 828 οὐκ
3231 776 3546 850 ἀπρονοήτως
3575 782 3668 850 μὲν,

532 867 596 909 ac
640 857 841 915 virtute
889 860 1292 930 consisterent;
1347 864 1640 926 debilitatis
1698 875 1876 920 autem
1921 872 2036 918 tant

2184 861 2246 914 οὐ
2292 861 2398 932 μὴν
2438 864 2576 934 μετὰ
2607 865 2706 936 τῆς
2749 865 2874 938 ἴσης
2913 865 3162 940 προνοίας
3201 867 3480 924 ἀπολαῦσαι
3512 872 3673 942 μᾶλλον

529 947 707 1003 aetatis
739 951 1046 1019 maleﬁciis,
1077 962 1282 1010 tantam
1312 956 1367 1010 in
1407 956 1553 1011 bono
1584 956 1960 1012 excellentiam
1998 971 2037 1010 τε

2186 952 2381 1015 κακίας
2406 953 2505 1024 τῆς
2533 956 2590 1007 ὲν
2617 955 2754 1028 αὐτῇ
2785 957 2924 1017 κατὰ
2952 959 3013 1012 τδ
3043 959 3203 1012 ποσὸν
3227 959 3458 1016 ἕκαστον.
3497 961 3672 1042 Ἐπειδὴ

529 1047 811 1110 portasse;
843 1046 1080 1117 reliquas
1109 1065 1237 1106 vero
1280 1050 1400 1120 ejus
1435 1058 1617 1122 partes
1644 1049 1913 1120 collapsas
1941 1063 2037 1105 ess:

2187 1041 2242 1094 δὲ
2281 1043 2432 1097 οὐδὲν
2463 1043 2715 1118 διάφορον
2750 1049 2878 1120 περὶ
2919 1049 3020 1120 τῆς
3055 1049 3326 1121 δυνάμεως
3364 1050 3544 1123 ταύτης
3569 1041 3672 1124 παρ⁴

527 1128 672 1193 haud
726 1136 946 1205 quidem
993 1139 1112 1196 sine
1160 1141 1532 1212 providentia;
1585 1156 1708 1195 cum
1743 1140 1860 1210 pari
1903 1149 2037 1202 tame

2185 1133 2363 1196 αὐτῶν
2394 1133 2630 1203 λέγεται,
2658 1136 2770 1191 ἀλλ’
2803 1139 2962 1210 ὃμοια
2993 1141 3082 1194 διὰ
3112 1141 3288 1212 πάσης
3312 1142 3468 1213 αὐτῆς
3495 1142 3673 1214 Θεωρεῖ-

527 1223 889 1294 providentia,
920 1245 984 1284 ea
1018 1245 1138 1301 quae
1161 1232 1215 1286 in
1243 1232 1361 1303 ipsa
1393 1239 1498 1298 est,
1535 1231 1760 1294 malitia,
1793 1246 1892 1302 pro
1913 1237 2037 1300 quot

2183 1241 2291 1287 ται,
2313 1225 2572 1292 ἀπίθανος
2608 1230 2637 1282 ὁ
2663 1230 2849 1300 λόγοςε
2891 1233 3012 1286 Ὀτι
3045 1235 3103 1288 ὲν
3134 1234 3231 1305 μὲν
3261 1237 3324 1307 τῇ
3364 1234 3606 1306 συμμίξει,
3627 1237 3675 1290 τὸ

525 1314 789 1384 cujusque
820 1318 1236 1392 rationemagis
1276 1320 1511 1376 imbutas
1543 1336 1681 1376 esse.
1717 1319 1874 1386 Quod
1901 1319 2037 1373 enim

2184 1317 2282 1388 μὲν
2307 1317 2517 1389 ἔμεινεν
2540 1321 2809 1394 ἀκέραιον,
2837 1325 2896 1379 τδ
2920 1325 2975 1379 δὲ
3000 1326 3256 1398 μετέσχεν
3280 1326 3463 1390 κακίας
3485 1327 3617 1390 τινός-

523 1419 651 1461 vero
676 1409 742 1463 de
777 1412 874 1465 hac
905 1412 1103 1470 virtute
1146 1414 1282 1470 nihil
1325 1413 1396 1469 ab
1419 1414 1501 1469 eis
1530 1413 1804 1468 diversum
1849 1412 2071 1475 dicitur,
2099 1411 2196 1468 sed
2222 1427 2281 1468 se
2307 1421 2422 1470 tota
2475 1418 2671 1474 similis
2721 1419 3074 1490 ejusdemque
3114 1419 3338 1484 rationis
3387 1419 3672 1490 intelligitur,

522 1499 901 1572 improbabilis
921 1505 1167 1561 doctrina
1195 1523 1258 1563 ac
1283 1508 1551 1564 sententia
1577 1515 1692 1562 est:
1724 1504 1871 1576 quod
1931 1519 2122 1576 nempe
2165 1504 2224 1559 in
2269 1508 2646 1592 commistione
2690 1512 2836 1573 aliud
2870 1515 3144 1570 sincerum
3181 1529 3469 1584 purumque
3509 1530 3679 1580 remain

519 1592 674 1658 sarit,
710 1593 859 1651 aliud
893 1597 1102 1652 malitia
1134 1599 1368 1670 quadam
1399 1598 1736 1670 impartitum
1769 1597 1858 1653 sit.

660 1726 790 1786 CAP.
824 1729 992 1788 XXII.
1023 1732 1188 1790 Luna:
1220 1737 1393 1796 lumen
1421 1755 1455 1794 a
1483 1738 1610 1794 sole.
1641 1704 1984 1805 Receptaruin
2014 1735 2066 1789 in
2111 1751 2176 1789 ea
2201 1734 2498 1789 animarum
2525 1739 2960 1795 inconvenientia.
2989 1740 3193 1796 Gracia
3223 1741 3326 1797 duo
3364 1740 3563 1808 diluvia.

589 1860 758 1928 Aiunt
785 1879 935 1932 vero,
969 1867 1139 1924 solem
1170 1879 1225 1926 et
1252 1873 1457 1939 lunam,
1483 1889 1606 1928 cum
1631 1873 1867 1929 divinam
1897 1871 2037 1926 virtu

2139 1885 2149 1934 ἱ
2239 1873 2468 1942 Λέγουσι
2500 1875 2577 1942 δὲ,
2599 1877 2681 1930 δτι
2710 1878 2804 1931 καὶ
2835 1877 2986 1949 ἥλιος
3011 1879 3109 1931 καὶ
3141 1877 3331 1949 σελήνη
3351 1878 3441 1950 τὴν
3466 1877 3590 1931 θείαν
3606 1877 3673 1930 δύ.

517 1958 626 2006 tem
671 1967 704 2006 a
756 1955 986 2010 materia
1040 1958 1298 2028 paulatim
1353 1962 1735 2025 secrevissent,
1781 1959 1850 2014 ad
1905 1958 2037 2014 Deut

2175 1975 2352 2030 ναμιν,
2382 1963 2520 2016 κατὰ
2548 1965 2739 2037 μικρὸν
2761 1967 3139 2038 διακρίναντες
3163 1969 3265 2021 ἀπὺ
3292 1968 3387 2039 τῆς
3414 1967 3544 2040 ὕλης,
3568 1970 3672 2040 πρὸς

517 2042 910 2103 transmisisse.
955 2047 1124 2103 Porro
1171 2050 1218 2105 si
1263 2051 1348 2105 vel
1396 2067 1588 2123 parum
1632 2059 2037 2108 astronomorut

2169 2053 2258 2107 τὸν
2278 2055 2407 2108 Θεὸν
2435 2057 2819 2129 παρέπεμψαν.
2840 2055 2906 2112 Ei
2922 2059 2964 2111 δ’
2986 2055 3128 2131 ἦσαν
3158 2060 3251 2114 καὶ
3269 2060 3406 2114 κατὰ
3432 2061 3597 2132 μικρὸν
3614 2062 3673 2122 είς

517 2132 663 2190 fores
696 2135 995 2206 trivissent,
1021 2138 1078 2193 in
1107 2139 1432 2196 haecdeliria
1472 2142 1617 2197 haud
1664 2143 1984 2198 incidissent
2011 2157 2037 2195 υ

2169 2146 2516 2218 ἀστρονόμων
2549 2148 2718 2222 Θύρας
2766 2151 3124 2222 φοιτήσαντες
3153 2195 3168 2219 ,
3204 2153 3301 2206 οὐκ
3334 2152 3396 2218 ἂν
3431 2152 3579 2205 ταῦτα
3605 2169 3678 2204 πε-

513 2226 593 2281 sic
637 2227 931 2298 sentirent;
980 2246 1082 2295 nec
1124 2234 1502 2296 nescivissent,
1549 2235 1732 2290 lunam
1782 2249 1902 2306 quae
1933 2250 2037 2306 quo

2169 2238 2433 2298 πόνθεσαν
2458 2257 2472 2271 ο
2519 2240 2640 2295 οὔτε
2691 2243 2961 2314 ἠγνόησαν
3009 2244 3095 2309 ἂν,
3150 2245 3230 2299 ὃτι
3276 2247 3308 2317 ἡ
3354 2246 3530 2317 σελήνη
3569 2245 3677 2298 κατά

511 2319 759 2376 rumdam
787 2325 1076 2389 sententia,
1123 2331 1242 2382 suo’
1258 2328 1375 2398 ipsa
1407 2329 1610 2385 lumine
1639 2337 1844 2396 careat,
1875 2345 1906 2384 a
1953 2330 2034 2386 sol

2164 2347 2314 2395 τινας
2337 2331 2564 2405 ἄμοιρος
2603 2329 2736 2388 οὖσα
2771 2336 2898 2390 ίδίου
2933 2337 3143 2407 φωτὸς,
3182 2339 3284 2392 ὑπὸ
3317 2338 3406 2392 τοῦ
3443 2339 3572 2408 ἡλίου
3604 2356 3676 2390 κα-

508 2408 841 2483 illuminari;
889 2415 1117 2488 ejusque
1168 2419 1293 2476 inde
1340 2436 1461 2476 esse
1508 2420 1879 2491 ﬁgurationes,
1920 2438 2037 2493 quo:

2163 2423 2520 2496 ταλάμπεται’
2549 2427 2640 2480 καί
2661 2429 2742 2481 ὅτι
2769 2431 2818 2481 oi
2847 2447 3120 2501 σχηματισ
3141 2433 3230 2503 μοὶ
3257 2432 3419 2502 αὐτῆς
3442 2435 3534 2486 εἰσι
3560 2430 3675 2500 παρὰ

509 2502 588 2558 sic
615 2504 697 2560 vel
747 2504 829 2562 sic
867 2507 1031 2564 distet
1078 2525 1108 2564 a
1149 2511 1285 2568 sole.
1322 2511 1584 2583 Tuncque
1618 2515 1777 2585 plena
1811 2515 2060 2581 eilicitur,

505 2609 632 2650 cum
657 2612 688 2651 a
713 2598 830 2657 sole
852 2598 1018 2656 distat
1044 2610 1263 2658 centum
1293 2606 1569 2674 octoginta
1602 2605 1879 2677 gradibus.
1908 2605 2062 2662 Tunc

504 2703 633 2744 vero
677 2690 736 2746 in
767 2691 914 2748 coitu
954 2701 1058 2759 est,
1096 2710 1221 2750 cum
1268 2696 1323 2751 in
1357 2697 1549 2755 eodem
1578 2715 1702 2755 cum
1729 2700 1843 2756 sole
1889 2699 2061 2770 gradu

506 2779 698 2836 fertur.
735 2781 959 2851 Deinde,
999 2787 1272 2856 quomodo
1305 2805 1412 2844 non
1455 2791 1675 2857 mirum,
1705 2808 1814 2863 qua
1842 2791 2059 2848 tandem

501 2873 596 2929 ﬁat
620 2875 851 2942 ratione,
883 2886 999 2932 tum
1045 2879 1228 2942 multa:
1266 2881 1376 2937 sint
1408 2883 1602 2942 animm
1634 2892 1689 2939 et
1722 2900 1752 2939 a
1793 2883 2060 2940 diversis?

2162 2514 2261 2580 τὰς
2295 2517 2389 2571 τοῦ
2418 2517 2567 2589 ήλίου
2602 2520 2911 2586 διαστάσεις
2931 2539 2944 2552 ·
2990 2523 3334 2596 πανσέληνός
3369 2542 3424 2578 τε
3460 2523 3670 2593 γίγνεται,

2160 2607 2238 2660 ὅτ’
2264 2607 2331 2661 ἂν
2363 2609 2540 2686 ἀπέχῃ
2575 2611 2670 2666 τοῦ
2712 2611 2858 2684 ἡλίου
2898 2613 2998 2679 τὰς
3032 2616 3242 2671 ἑκατὸν
3279 2616 3371 2670 καὶ
3408 2616 3672 2687 ὀγδοήκοντα

2165 2699 2382 2771 μοίρας·
2428 2703 2644 2768 σύνοδος
2683 2705 2761 2769 δὲ,
2803 2706 2880 2760 ὅτ’
2905 2707 2972 2760 ἂν
3009 2707 3102 2761 ἐπὶ
3157 2708 3255 2781 τῆς
3295 2708 3453 2779 αὐτῆς
3485 2707 3550 2778 τῷ
3569 2704 3671 2776 ἡλίῳ

2161 2789 2392 2864 φέρηται
2417 2795 2628 2867 μοίρας.
2658 2797 2886 2852 Ἔπειτα
2912 2798 2969 2852 δὲ
2993 2798 3107 2863 πῶς
3147 2801 3207 2854 ού
3239 2801 3541 2872 θαυμαστὸν,
3562 2800 3673 2866 ὅπως

2160 2883 2290 2936 ποτὲ
2323 2885 2512 2940 πολλαὶ
2543 2883 2697 2944 οὖσαι
2735 2891 2789 2942 αί
2819 2889 2990 2961 ψυχαὶ
3009 2891 3103 2945 καὶ
3157 2891 3266 2947 ἀπὸ
3292 2891 3670 2964 διαφόμυηὶίαὶ

498 2963 715 3030 Etenim
759 2974 888 3024 sunt
918 2969 1105 3030 mundi
1155 2969 1329 3041 ipsius
1373 2979 1426 3027 et
1460 2972 1795 3038 animalium,
1829 2983 1884 3028 et
1929 2973 2037 3028 stir-

2158 2973 2266 3054 γὰρ
2297 2976 2390 3030 τοῦ
2422 2979 2624 3050 κόσμου
2654 2980 2818 3035 αὑτοῦ
2845 2984 2938 3037 καὶ
2962 2983 3113 3047 ζώων
3148 2986 3242 3044 καὶ
3264 2963 3546 3056 φυτῶνῗκαὶ
3569 3002 3670 3054 νυμ-

499 3056 646 3126 pium
677 3065 731 3112 et
759 3057 1119 3128 nympharum
1161 3067 1214 3115 et
1252 3059 1556 3116 daemonum
1585 3080 1600 3116 :
1637 3075 1700 3116 ac
1724 3061 1777 3114 in
1808 3060 1893 3116 his
1920 3060 2037 3116 facit

2157 3071 2272 3141 φῶν
2296 3073 2390 3125 καὶ
2413 3073 2678 3146 δαιμόνων
2717 3075 2872 3129 είσίν·
2904 3077 2995 3130 καὶ
3017 3079 3074 3130 ὲν
3102 3077 3321 3142 τούτοις
3348 3077 3557 3149 πτηνῶν.
3573 3092 3669 3147 χερ-

497 3144 928 3216 distinguuntur,
963 3148 1289 3218 volucrium,
1339 3150 1681 3211 terrestrium
1714 3150 2037 3206 animalium

2159 3163 2345 3229 σαίων,
2389 3144 2662 3236 ἀμφιϐίων
2694 3166 3054 3238 διακρίνοντας.
3092 3171 3173 3242 τῇ
3219 3169 3364 3240 ὄψει·
3395 3144 3516 3224 ἀλλὰ
3550 3144 3599 3222 ἓν
3628 3144 3670 3220 τι

496 3244 549 3289 et
572 3250 764 3292 eorum
786 3251 909 3307 quat
940 3238 1213 3319 amphibia
1235 3249 1363 3296 sunt
1391 3259 1404 3296 :
1439 3241 1494 3295 in
1528 3241 1654 3297 luna
1676 3249 1856 3297 autem
1886 3257 2037 3298 unun

2161 3257 2320 3329 σῶμα
2345 3258 2527 3329 ὅμοιον
2559 3259 2644 3312 ἀεὶ
2669 3259 2755 3313 διὰ
2783 3261 2982 3326 παντὸς
3006 3238 3272 3331 φαίνεται
3298 3265 3423 3335 ἡμῖν
3450 3263 3501 3316 ὲν
3525 3264 3579 3332 τῇ
3604 3277 3669 3312 σε·

495 3325 770 3395 (ιιιοᾱοῖιιιι
812 3327 990 3383 simile
1019 3345 1218 3400 corpus
1258 3347 1474 3406 semper
1505 3333 1665 3388 nobis
1697 3332 2034 3405 conspicitur

2156 3325 2310 3425 λήνῃ.
2343 3325 2408 3402 Τί
2438 3349 2494 3403 δὲ
2524 3352 2617 3404 καὶ
2642 3351 2704 3404 τὸ
2739 3325 3072 3423 συνεχὲςτοῦ
3110 3325 3370 3427 σώματος
3399 3354 3538 3410 τοῦτο
3553 3325 3670 3420 {Kal

493 3415 639 3483 Quid
668 3431 798 3473 vero
822 3424 876 3474 et
912 3418 1026 3475 haec
1053 3423 1300 3501 corporis
1328 3424 1702 3488 continuitas?
1731 3425 1808 3482 Ac
1835 3426 2037 3496 quidem

2153 3415 2240 3494 δτέ
2261 3415 2376 3511 ’μὲν
2409 3439 2693 3514 διχότομός
2724 3415 2943 3515 ἐστιν’-ἠ
2979 3415 3220 3518 σεληναίη,-
3245 3415 3540 3518 φαινόμενον
3554 3415 3667 3514 ’ἡμι-

493 3521 618 3567 cum
677 3507 804 3566 luna
860 3511 1158 3582 semiplena
1201 3522 1306 3581 est,
1364 3525 1586 3590 apparet
1637 3517 2037 3584 semicirculus;

2153 3507 2398 3584 κύκλιον·
2444 3507 2534 3586 δτε
2571 3507 2629 3586 δὲ
2673 3507 3039 3609 ἀμφίκυρτος,
3076 3507 3328 3593 τοιοῦτον
3365 3507 3529 3594 πόλιν.

491 3612 729 3676 cumque
767 3601 1056 3688 plusquam
1102 3606 1300 3672 media,
1347 3608 1490 3664 idem
1538 3624 1752 3670 rursus.
1801 3609 2037 3676 Quonam

2148 3622 2615 3694 ἀντιλαμϐάνονται
2661 3601 3156 3702 ἐπὶ-τὴνΙσεληνην
3195 3631 3228 3706 ἢ
3271 3630 3402 3706 ποίῳ
3439 3628 3668 3707 χρώμεναι

489 3688 658 3762 igitur
685 3693 847 3756 modo
880 3683 937 3752 in
967 3695 1152 3754 lnnam
1179 3708 1557 3766 assumuntur,
1592 3715 1656 3756 ac
1681 3717 1788 3773 quo
1811 3707 1922 3764 usae
1952 3718 2037 3756 ve-

2151 3683 2417 3788 σχήματι;
2441 3719 2502 3772 Εἰ
2525 3720 2621 3790 μὲν
2641 3720 2748 3794 γὰρ
2777 3683 2975 3793 κοδφόν
3185 3683 3667 3799 δίον-Ερ,ἰδύκΓᾶχρι

490 3782 708 3853 Μουιοῖ
740 3785 798 3842 Si
843 3789 989 3844 enim
1039 3791 1156 3855 leve
1196 3801 1282 3849 est
1323 3793 1468 3848 velut
1499 3793 1663 3865 ignis,
1714 3810 1824 3849 non
1869 3795 2037 3850 solum

2289 3782 2536 3882 “Mlius.
2563 3782 2730 3882 μόνον.
2757 3782 2903 3879 είκδς
2942 3817 3203 3886 γενέσθαι
3246 3819 3331 3884 ἂν,
3362 3782 3469 3874 ἀλλ’
3495 3782 3664 3873 min

487 3890 585 3950 par
608 3878 676 3942 ad
711 3878 894 3947 lunam
934 3883 1184 3948 evadere,
1215 3885 1312 3941 sed
1359 3888 1610 3962 superius
1649 3888 1913 3958 quidquid
1961 3895 2037 3944 est

2144 3878 2448 3964 διαπαντόςε
2469 3878 2525 3954 ἐί
2554 3878 2610 3957 δὲ
2639 3902 2798 3976 βαρὺ,
2826 3878 2934 3960 οὐδ’
2954 3878 3144 3982 ’ἀρχὴν
3175 3878 3538 3983 πρὸςότελήνην
3563 3908 3663 3976 ἀφι-

488 3971 874 4030 transcendere
905 3993 918 4041 ;
951 3975 1035 4030 sin
1065 3985 1246 4040 autem
1274 3993 1457 4052 grave,
1489 3994 1589 4047 nec
1618 3995 1648 4036 a
1673 3982 1939 4056 principio
1977 3983 2037 4038 ad

2144 3989 2334 4054 διέσθαι
2355 3988 2466 4049 οἷόν
2490 4011 2569 4050 τε.

484 4059 668 4118 lunam
704 4064 831 4129 licet
867 4067 1151 4139 attingere.

553 4152 812 4222 Quaenam
843 4174 971 4214 vero
995 4162 1134 4222 ratio
1175 4171 1280 4228 est,
1317 4171 1378 4224 ut
1415 4165 1562 4237 quod
1588 4167 1822 4240 primum
1867 4167 1935 4224 ad
1963 4169 2037 4224 lu-

2210 4177 2343 4244 Τίνα
2383 4177 2440 4233 δὲ
2467 4179 2634 4259 ,λόγον
2679 4180 2812 4253 ἔχει,
2847 4183 2909 4236 τὸ
2949 4185 3166 4256 πρῶτον
3202 4188 3504 4259 ἀφικόμενον
3540 4182 3656 4253 πρὸς

480 4259 608 4303 nam
650 4249 888 4317 advenit,
916 4267 1027 4309 non
1071 4256 1258 4310 statim
1303 4257 1371 4312 ad
1412 4259 1581 4314 solem
1611 4261 2035 4327 transmittatur,

2142 4268 2389 4341 σελήνην,
2425 4251 2498 4344 μὴ
2543 4249 2877 4347 εὐθὺς-*πρὸς
2917 4249 3068 4348 ἥλιον
3109 4249 3522 4352 ἀναπέμπεσθαι,
3557 4249 3653 4329 ἀλλ’

480 4337 578 4393 sed
605 4350 882 4422 exspectet
925 4357 1048 4399 cum
1081 4347 1239 4422 plena
1287 4355 1390 4416 est,
1423 4349 1551 4405 dum
1581 4353 1803 4422 reliquae
1844 4354 2037 4409 anima:

2139 4337 2450 4434 ἐκδέχεσθαι
2487 4337 2592 4436 ’τὴν
2643 4337 2971 4440 πανσέληνον
3018 4369 3115 4435 τὰς
3157 4372 3269 4426 τῶν
3297 4337 3466 4428 ’ἄλλων
3497 4337 3660 4437 ψυχῶν

481 4429 810 4497 adveniant!
837 4432 970 4497 Cum
1013 4437 1180 4507 igitur
1210 4439 1338 4494 luna
1370 4456 1490 4514 quae
1522 4442 1682 4511 plena
1726 4451 1892 4511 esset,
1941 4446 2037 4501 de-

2139 4429 2457 4536 ὲπιδημίᾳςς
2507 4429 2635 4518 Ὅτε
2680 4429 2996 4515 τοίνυν-ἀπὸ
3022 4429 3126 4532 τῆς
3174 4429 3661 4536 πανσελήνου

481 4523 698 4589 crescit,
744 4525 916 4590 virtus
949 4542 1014 4584 eo
1042 4537 1286 4604 tempore
1319 4532 1409 4597 ubi
1440 4541 1656 4602 manet;
1706 4536 1881 4594 donec
1913 4555 2033 4609 qua:

2139 4523 2557 4621 lﬂvqﬂjistoﬁrat
2605 4523 3093 4626 ἀποχωριξομένηί
3109 4523 3349 4630 δύναμις
3377 4523 3461 4610 τὸν
3501 4523 3662 4626 χρόνον

477 4624 703 4670 vacuata
737 4617 914 4673 fuerat
951 4621 1224 4690 prioribus
1262 4623 1570 4688 animabus,
1602 4625 1746 4682 haud
1777 4644 1938 4686 secus
1969 4646 2033 4686 ac

2139 4617 2325 4695 τοῦτον
2360 4642 2463 4696 ποῦ
2505 4643 2678 4713 μένει,
2856 4617 2931 4701 διν.
2958 4617 3270 4706 κενιιυθεῖσα.
3367 4617 3546 4721 σελήνη
3571 4645 3661 4703 τῶν

476 4707 609 4764 urbs
653 4709 916 4778 desolata,
959 4713 1121 4768 aliam
1165 4729 1384 4770 rursum
1425 4717 1694 4776 coloniam
1729 4721 1857 4776 luna
1894 4722 2033 4778 reci-

2139 4733 2415 4806 προτέρων
2455 4707 2661 4807 ψυχῶν,
2695 4707 2946 4811 καθάπερ
2984 4741 3139 4806 πόλις
3183 4707 3404 4817 ἔρημά,
3438 4707 3660 4810 δευτέραν

474 4799 630 4870 piat?
671 4801 801 4857 Erat
833 4804 977 4868 enim
1008 4806 1172 4861 etiam
1220 4806 1511 4870 thesaurus
1557 4811 1778 4882 quidam
1811 4814 1868 4869 in
1897 4831 2033 4886 qua-

2139 4799 2292 4880 πόιλιν
2305 4799 2821 4899 ,δέξηταινάποικίαν
2839 4847 2855 4898 ;
2913 4799 3250 4908 Ἐχρῆν-γὰρ
3271 4799 3564 4907 aeruginem
3577 4799 3659 4886 ,καὶ

472 4891 598 4947 dam
625 4899 785 4952 terrae
815 4905 966 4966 parte
999 4899 1390 4970 segregandus,
1435 4904 1520 4959 vel
1561 4905 1811 4972 nubium,
1840 4909 1925 4963 vel
1957 4910 2031 4964 al-

2139 4891 2408 4991 θησαυρόν⁷
2429 4891 2548 4974 τινα
2581 4921 2638 4974 ἐν
2658 4939 2763 4976 τινι
2787 4891 2942 4996 μέρει
2969 4891 3227 4997 ἓῆξγῖίς,⁸
3248 4928 3281 4999 ἢ
3435 4922 3657 4994 νεφελῶν.

471 4986 641 5055 terius
669 4987 953 5058 cujusdam
979 4990 1116 5062 loci;
1142 4993 1234 5048 ubi
1264 4996 1458 5050 animae
1487 5010 1844 5078 congregatae,
1872 5015 2031 5073 para-

2139 5009 2160 5081 ἣ
2185 4986 2375 5080 ἐτέρου
2405 5008 2570 5063 τόπου
2597 5009 2759 5076 τινὸς,
2787 4986 2924 5066 ἐνδα
2945 5015 2998 5068 at
3021 4986 3658 5086 ύυάαίνσύναγειρόμεναιι

469 5081 541 5138 ιω
569 5088 755 5147 essent
777 5091 838 5146 ut
864 5081 933 5137 ad
963 5083 1149 5142 lunam
1176 5093 1620 5165 commigrarent.

542 5261 737 5321 Verum
773 5268 879 5324 alia
919 5286 1113 5334 rursus
1141 5277 1373 5347 emergit
1395 5281 1642 5350 quaestio.
1677 5278 1818 5348 Quid
1859 5279 2025 5350 igitur

467 5372 648 5416 causa
675 5369 760 5420 est
783 5378 882 5419 cur
910 5381 1018 5421 non
1050 5369 1234 5424 statim
1261 5371 1572 5442 repleatur?
1591 5385 1685 5430 aut
1709 5391 1807 5431 cur
1830 5391 2023 5435 rursus

466 5448 586 5506 dies
611 5452 921 5521 quindecim
950 5463 1267 5531 exspectat?
1292 5462 1402 5520 Nec
1434 5466 1582 5522 istud
1617 5468 1884 5525 minorem
1920 5470 2022 5525 ha-

465 5541 556 5597 bet
589 5545 1018 5618 admirationem,
1060 5569 1222 5623 quam
1253 5571 1316 5610 ea
1347 5573 1467 5627 quae
1507 5558 1652 5614 dicta
1684 5571 1844 5629 sunt;
1875 5563 2021 5632 quod

464 5647 742 5705 nunquam
775 5638 844 5692 ab
882 5643 1029 5696 omni
1060 5653 1206 5700 retro
1245 5645 1524 5704 hominum
1573 5653 1833 5706 memoria
1865 5664 2020 5708 extra

461 5726 984 5804 quintumdecimum
1015 5732 1158 5788 diem
1209 5737 1336 5803 luna
1385 5739 1542 5810 plena
1599 5741 1720 5798 fuit.
1764 5743 1908 5811 Quin
1950 5761 2019 5800 ne

462 5817 654 5879 diluvii
695 5817 914 5898 quidem
941 5829 1180 5894 tempore
1211 5826 1314 5883 sub
1356 5827 1701 5905 Deucalione,
1736 5834 2016 5904 magisque

2126 5101 2340 5172 ἕτοιμαι
2367 5101 2644 5172 γίγνονται
2679 5103 2814 5174 πρὸς
2840 5104 2939 5176 τὴν
2977 5105 3272 5177 ἐπιδημίαν
3297 5107 3396 5178 τὴν
3431 5105 3554 5177 πρὸς
3588 5115 3656 5152 σε·

2125 5191 2310 5264 λήνην.

2226 5212 2310 5248 τν.

2158 5194 2366 5339 mm
2395 5288 2554 5342 πάλιν
2582 5289 2784 5362 ἀπορία
2821 5289 2999 5361 ἑτέρα.
3044 5288 3141 5343 Διὰ
3171 5290 3229 5343 τί
3257 5290 3435 5344 τοίνυν
3463 5287 3553 5341 οὐκ
3578 5281 3652 5335 εὖ·

2123 5377 2220 5441 θὺς
2264 5377 2596 5449 πληροῦται;
2638 5381 2671 5452 ἢ
2715 5380 2802 5436 διὰ
2839 5382 2893 5435 τί
2941 5383 3098 5436 πάλιν
3142 5381 3246 5445 τὰς
3299 5377 3648 5435 πεντεκαίδεκα

2120 5472 2336 5543 ἡμέρας
2378 5473 2685 5542 περιμένει;
2728 5475 2842 5530 Οὐκ
2875 5475 3088 5529 ἔλαττον
3132 5474 3190 5528 δὲ
3223 5474 3334 5527 τῶν
3381 5467 3648 5544 εἰρημένων

2123 5563 2428 5634 θαυμαστὸν
2447 5566 2541 5617 καὶ
2568 5564 2744 5630 τοῦτο,
2772 5566 2834 5619 τὸ
2861 5567 3143 5639 μηδέποτε,
3173 5568 3268 5636 ἀφ’
3297 5562 3355 5620 οὗ
3379 5564 3648 5635 μέμνηνται

2119 5657 2169 5709 οἱ
2201 5655 2492 5727 ἄνθρωποι,
2521 5656 2620 5729 τὴν
2649 5659 2876 5730 σελήνην
2907 5661 3062 5724 ἐκτὸς
3105 5657 3492 5712 πεντεκαίδεκα
3532 5654 3648 5722 ὴμεο

2120 5746 2230 5818 ρῶν
2259 5747 2665 5820 πεπληρῶσθαι.
2710 5749 2868 5804 Ἀλλὰ
2891 5752 2964 5823 μὴ
2988 5752 3032 5806 δ’
3056 5751 3145 5804 ἐπὶ
3171 5749 3265 5804 τοῦ
3295 5736 3649 5812 κατακλυσμοῦ

2118 5837 2211 5894 τοῦ
2245 5839 2338 5894 ἐπὶ
2369 5838 2732 5906 Δευκαλίωνος
2751 5859 2764 5874 ·
2797 5843 2890 5898 καὶ
2915 5843 2994 5898 ἔτι
3029 5840 3221 5898 μᾶλλον
3253 5841 3343 5894 ἐπὶ
3365 5833 3646 5893 Φοοωνέως’
