3956 6198
210 431 312 483 ιιι

1085 419 1502 478 TRACTATUS
1538 419 1627 474 DE
1662 417 1974 474 PLACITIS
2011 415 2576 475 MAN!CH:EORUM.'

3306 405 3416 459 442

213 547 303 602 ὕτε
333 546 522 610 πάντα,
551 545 628 608 ὡς
656 546 845 608 εἰπεῖν,
873 545 942 598 τὰ
962 544 1052 598 ἐπὶ
1071 545 1175 615 γῆς
1206 543 1490 616 διεφθάρη.
1521 545 1613 598 καὶ
1635 544 1766 597 πολ-

1869 541 2050 596 adhuc
2095 541 2200 596 sub
2239 539 2543 602 Phoroneo,
2590 531 2806 606 quando
2833 546 2897 588 ea
2929 545 3048 602 quae
3072 532 3226 583 erant
3255 541 3419 596 super

221 639 313 712 λὴν
341 638 436 709 τὴν
457 636 679 709 δύναμιν
708 635 902 707 συνέᾶη
933 635 1302 707 διακεκρίσθαι
1330 636 1428 706 τῆς
1459 635 1607 708 ὕλης.
1641 637 1763 689 Χω-

219 730 300 802 pl;
339 727 395 780 δὲ
433 726 636 780 τούτων
677 727 771 779 καὶ
811 725 980 798 φοράς
1020 725 1218 796 γενεῶν
1259 725 1352 779 καὶ
1396 725 1624 795 ἀφορίας
1669 725 1762 778 καὶ

214 819 419 891 φθορὰν
456 820 657 891 ὁμοίως
692 821 910 872 σκοπεῖν
949 818 1254 888 προσῆκεν·
1288 809 1362 870 ὧν
1392 815 1649 878 ὡσαύτως
1691 814 1765 886 μὴ

1867 641 2089 698 terram,
2119 640 2181 687 ut
2223 632 2304 688 sic
2345 631 2548 690 dicam,
2590 626 2775 682 omnia
2819 624 3162 684 interierunt,
3200 619 3419 688 vimque

1868 739 2115 795 magnam
2153 723 2374 778 virtutis
2420 719 2647 790 contigit
2675 731 2706 770 a
2751 713 2976 772 materia
3013 709 3305 781 segregari.
3335 707 3418 762 Ad

1862 815 1977 869 haec
2018 828 2148 870 vero
2172 813 2334 868 etiam
2363 812 2772 884 generationum
2798 811 3092 876 proventus
3123 813 3418 870 earumque

208 913 507 986 γινομένων
531 911 671 966 κατά
696 911 868 979 τάξιν,
901 912 1005 984 χρὴ
1037 913 1167 984 μηδὲ
1193 910 1289 984 τὴν
1319 910 1470 976 τάξιν
1498 911 1606 966 τῶν
1636 929 1766 970 παν-

1862 903 2107 960 delectus
2153 918 2216 958 ac
2252 901 2556 964 frustratio,
2606 897 2963 966 similiterque
3007 891 3416 961 corruptionum

210 1005 462 1075 σελήνιον,
495 1003 627 1076 μηδὲ
654 1002 762 1066 τῶν
791 1002 1063 1074 μειώσεων
1088 1002 1229 1057 οὕτω
1255 1000 1556 1073 τηρεῖσθαι.

1863 994 2186 1054 attendenda
2214 1003 2400 1060 erant;
2432 1007 2552 1063 qua:
2577 1005 2701 1045 cum
2727 987 2918 1044 eodem
2956 983 3116 1042 modo
3144 990 3200 1039 et
3227 980 3418 1036 ordine

1861 1101 1972 1147 non
2003 1086 2274 1148 eveniant,
2313 1100 2412 1140 nec
2447 1081 2871 1155 pleniluniorum
2913 1076 3070 1140 ordo,
3106 1088 3208 1129 nec
3229 1072 3417 1128 decre-

1861 1178 2068 1238 scentis
2091 1178 2232 1232 lunae
2255 1184 2498 1247 tempora
2528 1174 2608 1230 sic
2639 1169 2980 1228 observanda
3004 1173 3181 1223 erant.

203 1307 335 1364 CAP.
374 1305 566 1369 XXIII.
601 1307 784 1382 Imago
815 1308 1058 1388 Materia:
1082 1312 1137 1365 in
1172 1311 1302 1388 so_l_e,
1331 1311 1400 1365 ad
1419 1329 1576 1388 quam
1594 1313 1746 1369 homo
1770 1332 1790 1370 :-
1815 1332 1963 1388 nuga:
1997 1335 2057 1372 ac
2085 1317 2362 1388 delirium.
2383 1316 2642 1370 Delirium
2672 1315 2816 1388 item,
2844 1310 3104 1366 hominem
3127 1324 3160 1361 a
3193 1306 3416 1360 materia

761 1397 872 1435 esse
891 1381 1177 1438 conditum.
1212 1381 1407 1448 Homo,
1431 1381 1519 1438 ﬁve!
1548 1381 1915 1455 compositum,
1947 1390 2025 1443 vel
2051 1390 2250 1452 anima,
2287 1387 2364 1442 vel
2390 1404 2532 1441 mens
2560 1397 2606 1439 et
2632 1386 2860 1438 animus.

270 1499 349 1553 Οὐ
386 1499 677 1572 παρέργως
701 1499 758 1553 δὲ
799 1499 919 1554 οὐδὲ
959 1501 1132 1574 τούτῳ
1175 1505 1524 1573 προσεκτέον.
1570 1506 1690 1558 Ὀτι
1716 1507 1764 1558 ει

204 1592 304 1663 μὲν
336 1593 562 1664 ἄπειρός
605 1595 749 1647 ἐστιν
783 1595 816 1665 ἡ
859 1594 1253 1666 ὲναποκειμένη
1293 1599 1357 1668 τῇ
1401 1595 1502 1669 ὕλῃ
1538 1596 1763 1667 δύναμις

201 1683 340 1747 θεία,
376 1684 514 1755 πρὸς
537 1685 598 1738 τὸ
625 1683 904 1756 μειοῦσθαι
945 1687 1114 1757 αὐτὴν
1132 1687 1283 1741 οὐδὲν
1310 1686 1550 1751 δύναται,
1585 1687 1622 1741 ὃ.
1645 1687 1760 1742 δια-

199 1776 676 1846 πραγματεύονται
693 1777 843 1846 ἥλιος
865 1777 958 1834 καὶ
979 1779 1194 1849 σελήνη.
1216 1778 1288 1830 Τὸ
1314 1779 1422 1851 γὰρ
1445 1779 1760 1850 λειπόμενον

197 1864 362 1918 πάλιν
405 1866 629 1937 ἄπειρον
673 1867 779 1920 ἀπὸ
825 1869 1237 1939 πεπερασμένου
1297 1869 1391 1922 τοῦ
1441 1869 1754 1941 ληφθέντος.

1935 1505 2013 1560 Ac
2039 1520 2140 1560 nec
2169 1503 2316 1560 istud
2346 1501 2686 1559 defunctorie
2712 1499 2924 1569 levique
2952 1508 3116 1566 opera
3141 1491 3417 1546 attenden-

1866 1595 2015 1650 dum.
2044 1593 2246 1665 Nempe
2284 1594 2330 1651 si
2363 1592 2571 1648 inﬁnita
2608 1600 2692 1646 est
2726 1589 2908 1644 divina
2942 1586 3118 1641 virtus
3148 1598 3270 1654 quae
3305 1596 3417 1635 ma-

1863 1686 2014 1742 teriae
2055 1685 2225 1741 indita
2269 1693 2374 1750 est,
2406 1684 2473 1739 ad
2503 1698 2622 1739 eam
2667 1678 3015 1742 minuendam
3053 1676 3189 1730 nihil
3219 1674 3416 1738 valent,

1861 1785 2280 1848 quantacunque
2321 1777 2403 1832 sol
2450 1785 2504 1832 et
2546 1777 2672 1829 luna
2718 1773 3033 1831 moliantur.
3067 1767 3235 1839 Quod
3273 1768 3419 1822 enim

1861 1870 2126 1940 reliquum
2156 1876 2259 1933 est,
2301 1870 2368 1922 ab
2399 1867 2491 1922 illo
2519 1867 2671 1921 ﬁnito
2703 1864 2848 1935 quod
2887 1869 3162 1931 sumptum
3195 1865 3300 1923 est,
3336 1858 3420 1912 in-

197 1956 257 2008 Εί
288 1956 348 2010 δέ
385 1936 979 2030 ὲστιννπεπερασμένη,
1019 1936 1183 2032 ἐχρῆν
1228 1960 1477 2032 αἴσθησιν
1495 1936 1756 2030 ’γενέσθαι

1862 1936 2071 2016 [initum
2099 1972 2199 2017 est.
2226 1961 2380 2027 Quod
2413 1961 2459 2016 si
2485 1969 2568 2015 est
2600 1959 2772 2022 (inita,
2809 1971 2974 2011 sensu
3007 1951 3417 2024 percipiendum

194 2049 248 2101 ὲν
276 2047 520 2119 τοσούτῳ
549 2049 723 2120 χρόνῳ
762 2050 925 2103 πόσον
955 2052 1084 2105 ποτὲ
1113 2052 1210 2122 τῆς
1242 2051 1522 2123 δυνάμεως
1555 2051 1756 2122 ταύτης

193 2139 253 2194 ὲκ
282 2139 385 2193 τοῦ
414 2140 618 2212 κόσμου
649 2141 906 2214 ὲμειώθη.
949 2142 1108 2196 Ἀλλά
1137 2143 1312 2197 πάντα
1339 2144 1542 2214 ὁμοίως
1583 2143 1752 2215 μένει.

193 2233 361 2296 Τίνας
398 2233 455 2294 δὲ
506 2233 708 2304 θυμοὺς
755 2236 850 2305 οὐχ
900 2234 1240 2306 ὑπερϐέϐηκε
1282 2234 1360 2305 τῷ
1393 2235 1637 2306 ἀπιθάνῳ
1664 2236 1755 2290 καὶ

192 2324 387 2386 ταῦτα,
417 2324 509 2376 ὅτε
553 2323 693 2377 κατὰ
731 2324 824 2395 τὴν
865 2325 1120 2395 ὀφθεῖσαν
1151 2327 1208 2377 ὲν
1250 2326 1382 2397 ἡλίῳ
1429 2325 1610 2380 εἰκόνα
1658 2325 1756 2396 τῆς

191 2416 322 2488 ὕλης
356 2418 448 2470 τὸν
477 2417 754 2488 ἄνθρωπον
792 2418 1175 2490 δημιούργημα
1213 2414 1351 2480 εἶναι
1380 2418 1616 2486 λέγωσι;
1646 2419 1756 2478 Καὶ

190 2509 297 2578 γὰρ
329 2507 540 2570 είκόνες
569 2507 759 2561 εἴδωλα
798 2509 902 2561 εἰσὶ
929 2507 1037 2564 τῶν
1079 2508 1416 2580 ἀρχετύπων.
1454 2510 1516 2562 El
1543 2509 1587 2562 δ’
1619 2509 1755 2581 ήλίῳ

190 2601 282 2671 τὴν
318 2600 506 2654 εἰκόνα
527 2599 925 2666 καταλείπουσι,
988 2601 1089 2655 ποῦ
1119 2603 1179 2654 τὸ
1222 2603 1584 2674 παράδειγμα,
1619 2602 1756 2672 πρὸς

192 2692 329 2764 ὅπερ
365 2693 399 2762 ή
434 2690 595 2745 εἰκὼν
627 2693 808 2754 αὐτοῖς
839 2692 1281 2759 ἀναπέπλασται;
1318 2693 1390 2748 Οὐ
1421 2693 1530 2765 γὰρ
1563 2692 1626 2764 δὴ
1657 2693 1753 2747 αύ-

193 2783 276 2836 τόν
310 2800 378 2852 γε
425 2784 518 2837 τὸν
549 2782 829 2854 ἄνθρωπον
861 2786 1090 2855 φήσουσι
1133 2784 1221 2838 τὸν
1259 2784 1426 2848 ὅντως
1471 2783 1755 2855 ἄνθρωπον

191 2869 358 2929 εἶναι’
394 2875 518 2928 οὐδὲ
555 2875 651 2946 τὴν
684 2875 907 2948 δύναμιν
934 2876 1031 2947 τὴν
1061 2875 1228 2930 θείαν.
1265 2876 1478 2949 Ταύτην
1515 2878 1611 2949 μὲν
1644 2877 1753 2948 γὰρ

189 2966 330 3037 πρὸς
376 2965 479 3038 τήν
525 2965 656 3038 ὕλην
706 2966 1050 3038 μιγνύουσιν·
1099 2971 1157 3022 ὲν
1184 2968 1318 3040 ήλίῳ
1349 2969 1406 3022 δὲ
1443 2969 1540 3041 τὴν
1570 2969 1752 3024 εἰκόνα

188 3058 467 3130 ἑωρᾶσθαι
499 3057 766 3127 λέγουσιν,
791 3059 849 3122 ὃς
875 3059 1087 3128 ἐγένετο
1127 3059 1248 3113 κατ’
1279 3060 1473 3124 αὐτοὺς
1510 3059 1617 3114 ἀπὸ
1653 3059 1752 3132 τῆς

189 3149 328 3220 πρὸς
366 3149 470 3221 τὴν
510 3147 642 3221 ὕλην
691 3144 914 3222 ὕστερον
953 3148 1292 3221 διακρίσεως.
1344 3149 1478 3203 Ἀλλ’
1508 3150 1627 3222 οὐδὲ
1654 3149 1751 3222 τὴν

1861 2061 2027 2116 esset,
2055 2069 2148 2122 per
2186 2060 2337 2106 tanta
2387 2051 2689 2115 intervalla,
2739 2054 2999 2118 quantum
3033 2043 3249 2098 tandem
3300 2041 3419 2110 ejus

1860 2145 2096 2210 virtutis,
2125 2162 2156 2200 e
2179 2144 2379 2199 mundo
2406 2144 2673 2198 minutqu
2706 2146 2872 2196 esset.
2904 2139 2970 2191 At
3003 2137 3185 2191 omnia
3221 2135 3416 2190 simili—

1859 2245 1943 2292 ter
1968 2244 2336 2307 perseverant.
2381 2234 2528 2303 Quos
2559 2249 2688 2288 vero
2718 2233 2930 2286 animos
2964 2242 3266 2298 sensusque
3302 2226 3418 2280 haec

1859 2344 2080 2400 quoque
2109 2344 2218 2385 non
2249 2342 2532 2383 excessere
2583 2334 2643 2381 ut
2691 2325 2848 2379 fidem
2899 2323 3134 2392 aliquam
3172 2332 3417 2374 merean-

1860 2430 1967 2486 tur,
2005 2435 2127 2477 cum
2172 2427 2415 2474 creatum
2462 2418 2647 2472 dicant
2694 2416 2970 2470 hominem
3017 2422 3178 2482 atque
3217 2409 3416 2462 formao

1858 2526 1971 2569 tum
2002 2515 2070 2570 ad
2109 2515 2346 2569 materia:
2387 2511 2676 2584 imaginem
2707 2511 2763 2564 in
2815 2510 2928 2564 sole
2957 2507 3165 2562 visam?
3203 2502 3416 2573 Quippe

1859 2607 2118 2678 imagines
2164 2605 2456 2661 simulacra
2500 2610 2629 2658 sunt
2665 2601 2932 2670 nudaeque
2979 2595 3416 2668 repraisentatioa

1859 2713 1957 2754 nes
2002 2697 2306 2768 principum
2353 2695 2674 2756 formarum.
2725 2693 2882 2760 Quod
2930 2691 2974 2746 si
3028 2689 3318 2760 imaginem
3359 2688 3414 2740 in

1857 2790 1972 2845 sole
1996 2789 2300 2853 includunt,
2336 2788 2558 2845 ubinam
2605 2785 2881 2854 exemplar
2910 2783 2977 2837 ad
3005 2781 3150 2852 quod
3181 2779 3261 2835 eis
3305 2778 3414 2834 elli-

1857 2889 1945 2937 cta
1983 2889 2066 2937 est
2090 2881 2298 2952 imago?
2327 2879 2481 2935 Haud
2512 2894 2642 2935 sane
2694 2878 2840 2932 enim
2883 2875 3166 2930 hominem
3213 2872 3414 2943 ipsum,

1857 2987 1980 3028 vere
2006 2971 2301 3036 hominem,
2333 2971 2531 3026 dicturi
2563 2978 2721 3036 sunt;
2761 2982 2939 3037 neque
2967 2966 3208 3020 divinam
3243 2965 3408 3020 virtu-

1855 3073 2162 3120 temznam
2219 3062 2360 3116 hanc
2412 3059 2628 3131 quidem
2683 3073 2807 3113 cum
2865 3055 3095 3111 materia
3149 3053 3416 3120 miscent;

1852 3134 2144 3223 imaginem
2174 3165 2306 3205 vero
2351 3149 2406 3204 in
2442 3149 2556 3206 sole
2602 3147 2774 3204 visam
2820 3146 3050 3211 docent;
3088 3144 3203 3216 qui,
3236 3153 3298 3198 ut
3340 3142 3416 3196 illi

185 3239 589 3314 δημιουργικὴν
632 3240 836 3295 αἰτίαν·
872 3240 1072 3311 ταύτην
1103 3240 1209 3313 γὰρ
1241 3241 1332 3294 ἐπὶ
1368 3241 1610 3313 σωτηρίᾳ
1654 3241 1752 3312 τῆς

1855 3241 2167 3311 opinantur,
2205 3248 2394 3309 postea
2433 3236 2684 3292 conditus
2707 3243 2790 3291 est
2809 3251 2874 3292 ex
2912 3235 3216 3294 secretione
3250 3243 3417 3290 mate-

1773 3289 1820 3350 (Ξ

188 3332 328 3396 θείας
356 3331 644 3402 δυνάμεως
669 3331 1124 3402 καταπεπέμφθαι
1149 3333 1296 3402 φασί·
1323 3332 1416 3385 καὶ
1444 3331 1579 3403 πρὸς
1599 3330 1749 3401 ἡλίου

1855 3334 1964 3387 riae.
1993 3329 2100 3386 Sed
2128 3345 2306 3400 neque
2331 3343 2553 3384 causam
2584 3342 2767 3382 rerum
2788 3327 3036 3398 epilicem
3063 3327 3238 3381 :hanc
3272 3327 3416 3381 enim

191 3425 300 3476 κατ’
336 3423 548 3485 αὐτοὺς
576 3420 793 3486 πάντως
825 3439 888 3492 γε
915 3421 1120 3493 ταύτην
1148 3421 1391 3476 τακτέον·
1437 3420 1748 3492 ἐπειδήπερ,

190 3514 501 3586 ἀφιγμένης
521 3512 706 3584 αὐτῆς,
723 3514 815 3567 τὸν
836 3513 983 3585 ἦλιον
1005 3514 1100 3567 καὶ
1120 3512 1218 3588 τὴν
1243 3513 1470 3584 σελήνην
1498 3511 1596 3593 τῆς
1621 3511 1752 3582 ὕλης

188 3602 589 3676 ἀποκεκρίσθαι
624 3620 686 3657 συ
694 3603 983 3675 μδέϐηκεν.

256 3873 351 3926 Ἐν
379 3871 523 3943 ήλίῳ
553 3871 610 3925 δὲ
636 3871 733 3943 τήν
755 3872 933 3926 είκόνα
968 3871 1240 3946 ἑωρᾶσθαι
1278 3872 1510 3941 λέγουσι⁹
1527 3873 1754 3945 πεποίη-

177 3983 266 4019 κεν
326 3965 397 4019 δὲ
419 3967 454 4036 ἡ
494 3963 615 4036 ὕλη,
645 3965 798 4034 φασὶ,
817 3964 908 4019 τὸν
932 3964 1231 4036 ἄνθρωπον.
1263 3964 1379 4027 Τίνι
1417 3965 1545 4018 ποτὲ
1569 3965 1752 4036 τρόπῳ

177 4055 208 4126 ἢ
239 4057 366 4121 πῶς
395 4073 411 4121 ;
440 4056 576 4109 Οὐδὲ
606 4055 714 4128 γὰρ
745 4055 1048 4110 ⁴ιτλάσασθαί
1070 4073 1133 4126 γε
1163 4055 1318 4110 τοῦτο
1347 4055 1587 4112 δυνατόν.
1609 4057 1753 4129 Πρὸς

175 4145 280 4217 γὰρ
313 4144 408 4215 τῷ
440 4144 656 4198 είδωλον
681 4144 898 4208 εἰδώλου
930 4145 1022 4198 τὸν
1063 4143 1347 4212 ἄνθρωπον
1377 4143 1645 4215 ὑπάρχειν
1671 4142 1754 4196 οὕ-

175 4253 277 4301 τως
311 4254 393 4307 γε
421 4236 543 4290 κατ’
569 4236 784 4301 αὐτοὺς,
814 4236 908 4290 καὶ
941 4235 1208 4307 μηδεμίαν
1261 4234 1402 4306 ἔχειν
1432 4235 1748 4299 ὑπόστασιν,

176 4328 252 4382 ἔτι
281 4328 419 4384 οὐδὲ
450 4329 532 4392 εἰς
556 4327 760 4381 ἔννοιάν
792 4330 935 4381 ἐστιν
977 4327 1130 4396 ἦκειν
1157 4326 1449 4397 δυνάμενα,
1491 4327 1607 4390 πῶς
1655 4328 1754 4397 τῆς

180 4417 307 4490 ὕλης
372 4421 539 4490 ἔργον
591 4418 738 4470 ἐστὶν
768 4420 796 4472 ὁ
839 4417 1137 4488 ἄνθρωπος.
1189 4418 1263 4479 Τὸ
1313 4418 1419 4488 γὰρ
1449 4416 1754 4485 λογίζεσθαι

177 4513 266 4566 καὶ
294 4509 594 4566 αἰσθέσθαι
622 4509 740 4562 οὐδὲ
765 4510 860 4581 τῆς
915 4510 1034 4563 κατ’
1063 4509 1258 4573 αὐτοὺς
1286 4509 1417 4580 ὕλης
1464 4511 1628 4564 ἐστίν.
1659 4509 1754 4574 Τίς

1849 3424 2076 3478 missam
2105 3421 2275 3488 fuisse
2300 3421 2453 3476 aiunt
2482 3419 2550 3475 ad
2577 3421 2806 3476 salutem
2833 3421 3030 3474 divina:
3057 3419 3244 3473 virtuti
3275 3434 3416 3488 prae-

1851 3513 2103 3571 standam
2137 3533 2150 3569 :
2183 3513 2405 3569 omnino
2449 3528 2557 3582 quo
2593 3513 2808 3566 illorum
2853 3511 3120 3567 sententia
3163 3511 3278 3566 huic
3313 3510 3415 3564 soli

1853 3592 2176 3661 ascribenda
2229 3605 2333 3672 sit;
2381 3586 2586 3660 idcirco
2628 3603 2909 3669 nimirum,
2957 3601 3100 3671 quod
3145 3601 3264 3671 ejus
3313 3601 3414 3656 ad-

1850 3704 2011 3753 ventu
2060 3712 2124 3752 ac.
2170 3698 2456 3766 praesentia
2499 3695 2746 3766 contigit,
2791 3694 3066 3766 segregari
3116 3707 3148 3746 a
3186 3693 3414 3746 materia

1810 3850 1815 3855 ,
1851 3788 2020 3843 solem
2056 3795 2109 3848 et
2140 3787 2342 3841 lunam.

1919 3875 2090 3931 Porro
2123 3877 2176 3930 in
2205 3877 2318 3932 sole
2342 3876 2528 3930 dicunt
2560 3876 2732 3931 visam
2765 3891 2888 3932 esse
2931 3876 3258 3946 imaginem;
3294 3890 3415 3930 ma-

1851 3965 2045 4021 teriam
2089 3981 2216 4022 vero
2253 3965 2443 4022 dicunt
2475 3965 2785 4022 condidisse
2830 3965 3124 4022 hominem.
3165 3965 3412 4032 Quonam

1852 4057 2073 4113 tandem
2104 4059 2286 4124 modo,
2314 4073 2488 4131 quave
2515 4059 2762 4113 ratione?
2781 4057 2966 4129 Neque
2991 4059 3135 4114 enim
3155 4059 3259 4114 hoc
3291 4058 3413 4115 sani

1851 4150 2045 4222 capitis
2087 4165 2210 4208 esse
2237 4151 2411 4221 possit
2459 4158 2845 4206 commentum.
2875 4150 3242 4221 Praeterquam
3268 4151 3414 4221 quod

1851 4243 2016 4307 enim,
2055 4241 2200 4312 quod
2244 4243 2318 4298 ita
2349 4243 2607 4307 sentiant,
2637 4242 2798 4297 homo
2844 4243 3006 4298 inane
3056 4242 3413 4298 simulacrum

1852 4333 2029 4397 inanis
2059 4333 2337 4388 simulacri
2385 4332 2601 4388 futurus
2636 4333 2728 4399 sit,
2772 4347 2836 4386 ac
2864 4333 2958 4403 qui
3002 4333 3206 4387 nullam
3229 4347 3410 4388 veram

1853 4424 2047 4481 habeat
2088 4424 2485 4489 exsistentiam,
2512 4424 2690 4480 adhuc
2718 4439 2818 4480 nec
2854 4425 2907 4478 in
2949 4433 3185 4479 mentem
3224 4423 3412 4479 venire

1856 4523 2051 4586 potest,
2082 4533 2316 4588 quonam
2352 4516 2512 4572 modo
2543 4517 2705 4571 homo
2726 4517 2964 4572 materia:
2994 4530 3132 4586 opus
3161 4514 3408 4571 exsistat.

175 4601 229 4654 δὲ
259 4605 386 4657 κατ’
414 4601 618 4664 αὐτοὺς
649 4603 678 4654 ὁ
704 4601 984 4673 ἄνθρωπος
1007 4617 1021 4667 ;
1043 4598 1187 4672 'Apc'z
1215 4619 1279 4670 γε
1325 4603 1386 4654 τὸ
1430 4603 1493 4654 ὲκ
1527 4603 1623 4674 τῆς
1646 4601 1748 4672 ψυ-

1855 4607 2062 4663 Etenim
2094 4610 2303 4664 ratione
2335 4624 2606 4679 sensuque
2637 4609 2737 4674 uti,
2764 4623 2874 4663 non
2903 4608 3022 4677 ejus
3053 4607 3288 4662 materiae
3306 4611 3410 4671 est,

175 4692 274 4764 κῆς
299 4695 403 4747 καὶ
437 4692 688 4764 σώματος
720 4693 930 4764 μίγμα;
959 4693 992 4765 ἢ
1018 4693 1080 4747 τὸ
1101 4693 1308 4765 ἕτερον,
1344 4693 1378 4763 ἢ
1419 4694 1481 4746 τὸ
1508 4694 1634 4765 ὅλης
1657 4694 1750 4764 ψυ-

172 4781 274 4854 χῆς
293 4784 587 4855 ἀνωτέρω,
617 4784 772 4850 νοῦς;
815 4784 950 4838 Ἀλλ’
967 4784 1076 4838 εἴτε
1099 4784 1219 4848 νοῦς
1243 4786 1379 4848 ἐστι,
1407 4785 1521 4850 πῶς
1547 4787 1607 4839 τὸ
1627 4786 1749 4846 κάλ-

173 4871 282 4928 hev
311 4875 522 4943 γένοιτ’
557 4873 620 4927 ἂν
650 4872 741 4928 τοῦ
774 4874 1012 4946 χείρονος
1042 4873 1198 4946 ἔργον
1218 4890 1233 4940 ;
1257 4873 1367 4928 εἴτε
1393 4874 1557 4947 ψυχή’
1595 4874 1747 4949 (ταύ-

169 4981 271 5034 την
298 4965 361 5017 δὲ
392 4963 495 5035 τὴν
528 4963 676 5018 θείαν
694 4964 918 5037 δύναμιν
948 4961 1086 5018 εἶναι
1129 4965 1344 5035 λέγουσι
1371 4966 1390 5035 )
1423 4967 1560 5029 πῶς,
1595 4951 1748 5036 ἀφαιξ

172 5053 442 5125 ρούμενοι
496 5053 588 5108 τὸν
619 5053 752 5108 Θεὸν
791 5055 888 5127 τὴν
921 5054 1068 5109 θείαν
1100 5055 1351 5127 δύναμιν,
1396 5056 1600 5129 ταύτην
1643 5057 1748 5111 ὑπὸ

169 5144 268 5215 τὴν
317 5145 432 5214 τῆς
478 5145 610 5217 ὕλης
665 5146 1022 5217 δημιουργίαν
1066 5147 1525 5213 κατατάττουσινς
1573 5150 1634 5201 El
1689 5148 1746 5200 δὲ

169 5235 231 5290 τδ
276 5237 446 5310 σῶμα
503 5239 661 5309 μόνον
711 5239 1146 5304 καταλείπουσιν,
1187 5241 1748 5312 ἀναμιμνησκέτωσαν

169 5329 362 5394 πάλιν,
394 5331 475 5383 ὅτι
499 5328 655 5385 τοῦτο
682 5329 803 5385 καθ’
831 5331 989 5385 ἑαυτὸ
1019 5331 1079 5385 ὃν
1108 5333 1381 5401 ἀκίνητον,
1415 5333 1513 5403 τῆς
1535 5332 1592 5386 δὲ
1618 5332 1748 5404 ὕλης

171 5422 265 5495 τὴν
308 5422 508 5477 οὐσίαν
555 5423 766 5490 κίνησιν
802 5419 938 5477 εἶναι
972 5424 1154 5492 φασίν.
1192 5423 1352 5478 Ἀλλά
1408 5425 1512 5498 μὴν
1538 5424 1659 5480 οὕτε
1684 5444 1748 5495 γε

175 5515 321 5568 τῦδὲν
351 5514 484 5568 καθ’
510 5515 667 5568 ἑαυτὸ
700 5515 794 5569 ἐπὶ
841 5517 936 5586 τὴν
966 5515 1096 5588 ὕλην
1118 5515 1341 5585 ἄγεσθαι
1371 5516 1586 5571 οἴονται.
1616 5519 1748 5571 Οὐδὲ

179 5604 224 5653 τε)
245 5607 312 5658 ὲκ
335 5605 547 5661 τούτων
596 5607 860 5672 συνεστὼς
901 5607 1118 5677 εὕλογον
1165 5608 1366 5679 ταύτης
1407 5608 1564 5680 ἔργον
1609 5605 1748 5662 εἶναι

186 5692 604 5767 ὑπολαμϐάνειν.
660 5699 772 5752 Καὶ
800 5699 904 5770 μὴν
945 5701 1006 5752 τὸ
1056 5701 1342 5771 γενόμενον
1393 5703 1499 5755 ὑπό
1527 5720 1640 5765 του,
1665 5705 1747 5756 ὅτι

189 5787 399 5852 πάντως
436 5793 610 5862 χεῖρον
631 5791 838 5844 ἐκείνου
863 5833 876 5852 ,
913 5793 1386 5865 ἀναμφισϐήτητον
1414 5791 1552 5849 εῖναι
1580 5795 1744 5850 δοκεῖ.

185 5877 326 5943 03'.»
362 5879 477 5952 γάρ
507 5884 536 5936 ό
563 5883 764 5952 κόσμος
789 5883 881 5940 τοῦ
905 5885 1246 5955 Δημιουργοῦ
1271 5889 1468 5954 χεῖροψ
1500 5889 1593 5942 καὶ
1642 5889 1747 5943 τῶν

1848 4715 2010 4772 quam
2051 4701 2154 4772 ipsi
2194 4707 2456 4758 statuunt.
2486 4699 2656 4766 Quem
2692 4715 2821 4754 vero
2845 4699 3116 4753 hominem
3145 4697 3409 4760 sentiunt,

1847 4792 2100 4864 quisnam
2129 4793 2245 4848 est?
2274 4791 2414 4846 Num
2443 4791 2589 4863 quod
2615 4807 2678 4847 ex
2716 4791 2897 4845 anima
2926 4805 2990 4844 ac
3031 4803 3258 4857 corpore
3301 4786 3406 4842 mi-

1849 4893 1990 4939 stum
2021 4883 2230 4940 est?an
2259 4884 2508 4946 alterum,
2541 4881 2625 4936 vel
2647 4880 2792 4951 quod
2815 4888 2925 4936 tota
2955 4879 3131 4932 anima
3149 4877 3400 4948 superius

1849 4982 1954 5036 est,
1995 4989 2150 5029 mens
2189 4974 2398 5037 scilicet
2437 4979 2600 5041 atque
2643 4970 2895 5024 animus?
2939 4967 3066 5033 Sed,
3097 4966 3209 5022 sive
3254 4981 3408 5021 mens

1847 5073 1949 5130 est,
1975 5079 2208 5135 quonam
2251 5063 2409 5118 modo
2441 5061 2588 5132 quod
2639 5060 2933 5132 perfectius
2979 5067 3062 5115 est
3094 5067 3257 5129 atque
3297 5073 3406 5112 me-

1848 5154 1975 5220 lius,
2014 5154 2301 5217 deterioris
2349 5169 2487 5223 opus
2521 5153 2826 5208 exstiterit?
2863 5153 2978 5208 sive
3020 5151 3201 5205 anima
3245 5149 3406 5219 (hanc

1847 5263 1978 5304 vero
2005 5248 2245 5313 divinam
2289 5248 2542 5301 virtutem
2587 5243 2794 5312 dicunt)
2849 5243 3120 5313 quomodo
3172 5241 3404 5295 ablatam

1848 5338 1960 5395 Deo
2009 5338 2246 5392 divinam
2290 5337 2434 5392 hanc
2473 5335 2749 5401 virtutem,
2797 5334 3034 5389 materiae
3072 5331 3289 5402 opificio
3341 5345 3404 5386 ac

1848 5427 2110 5486 creationi
2158 5442 2277 5483 eam
2323 5425 2657 5495 subjiciunt?
2701 5423 2940 5498 Quodsi
2983 5423 3157 5478 solum
3204 5435 3402 5492 corpus

1846 5523 2178 5591 relinquunt,
2219 5517 2559 5575 meminerint
2584 5531 2775 5573 rursus
2803 5515 2979 5587 ipsum
3009 5529 3104 5585 per
3136 5529 3193 5568 se
3224 5513 3400 5583 ipsum

1847 5614 2118 5672 immobile
2160 5627 2302 5680 esse,
2347 5609 2692 5680 materiaeque
2738 5608 3030 5664 essentiam
3077 5614 3279 5660 motum
3317 5605 3403 5660 di-

1848 5721 1992 5761 cere.
2023 5705 2089 5758 At
2117 5718 2292 5772 neque
2321 5717 2436 5756 rem
2465 5700 2630 5754 ullam
2651 5701 2822 5770 ipsam
2851 5713 2948 5768 per
2968 5713 3026 5752 se
3045 5711 3218 5767 exque
3244 5695 3400 5767 genio

1848 5798 1914 5851 ad
1939 5796 2216 5851 materiam
2241 5795 2383 5850 trahi
2415 5794 2744 5849 existimant.
2773 5790 2882 5845 Nec
2908 5789 3050 5860 quod
3071 5806 3136 5844 ex
3167 5789 3252 5844 his
3277 5803 3400 5841 con-

1847 5889 2030 5948 ﬂatum
2085 5895 2186 5949 est.
2234 5895 2293 5942 ut
2348 5889 2464 5960 ejus
2513 5902 2647 5948 onus
2703 5884 3038 5942 existimetur
3075 5880 3400 5937 conveniens
