3906 6194
497 417 602 471 ιιι

1476 406 1867 463 ALEXAND!“
1906 404 2211 462 EPISCOPI
2247 397 2746 458 LYCOPOLITANI

3588 388 3685 444 ιιι

497 535 602 583 est.
630 526 772 581 Sane
803 523 947 594 quod
975 524 1046 579 ab
1088 523 1274 593 aliquo
1304 520 1581 583 conditum
1603 527 1708 587 est,
1748 519 1802 574 id
1829 519 1922 576 illo
1955 517 2051 574 de—

2187 516 2439 589 εχνητῶν,
2462 515 2562 568 ὅσα
2581 512 2783 571 τούτων
2813 509 2968 581 ἔργα.
3008 509 3069 562 Ei
3088 504 3187 561 οῦν
3208 507 3305 576 τῆς
3331 504 3461 576 ὕλης
3487 501 3639 574 ἔργον
3662 505 3692 557 6

498 618 669 674 terius
710 630 834 671 esse
884 623 942 669 ut
995 592 1366 678 existimetur,
1418 621 1572 674 extra
1624 611 2047 669 controversiam

2187 608 2450 677 νθρωπος,
2475 604 2690 665 πάντως
2722 617 2823 653 που
2860 598 3060 669 ταύτης
3093 598 3289 668 χεῖρον.
3324 594 3492 665 ’Υλης
3519 592 3575 645 δὲ
3607 593 3695 645 κά-

498 714 601 764 est.
643 704 734 760 Sic
760 704 904 760 enim
945 704 1181 762 mundus
1213 705 1473 763 Creatore
1513 705 1773 766 deterius,
1804 718 1896 758 seu
1925 700 2050 770 Opi-

498 796 626 863 ﬁce;
659 802 715 853 et
751 795 1073 861 artiﬁcibus,
1117 812 1453 868 quaecunque
1501 798 1633 852 artis
1663 810 1827 865 opera
1876 800 2044 849 sunt:

2153 708 2268 747 κιον
2289 694 2336 744 οί
2361 691 2546 761 ἄνδρες
2565 688 2711 742 οὐδὲν
2734 685 3126 740 καταλείπουσι·
3148 684 3241 736 καὶ
3266 684 3366 735 οὐκ
3382 680 3493 737 ἴσον
3517 684 3582 751 τῇ
3603 680 3696 753 ῦλῃ

2158 782 2445 857 μίγνυσθαι
2482 782 2580 851 τὴν
2608 778 2755 833 θείαν
2781 777 3004 848 δύναμιν
3028 776 3120 829 καὶ
3144 775 3223 845 τῷ
3256 773 3454 844 ταύτης
3480 772 3679 843 χείρονι

499 887 642 959 quod
680 895 857 942 autem
898 865 1398 945 materiaideterius
1432 888 1537 952 sit,
1572 886 1705 943 nihil
1744 885 1818 939 iiii
1861 884 2049 944 volunt
2075 877 2342 948 reliquum
2386 888 2529 937 esse.
2558 869 2666 926 Nec
2719 885 2817 940 par
2858 876 2944 930 est
3003 866 3217 933 misceri
3253 865 3511 933 materiae,
3563 870 3620 917 et
3655 865 3706 919 ei

498 981 639 1051 quod
667 980 894 1035 materia
920 980 1159 1037 deterius
1187 985 1278 1037 sit.

570 1074 703 1142 Qua:
724 1090 854 1132 vero
893 1076 1049 1147 quasi
1087 1076 1424 1148 indulgentia
1470 1091 1536 1132 ac
1564 1073 1934 1148 dispensando
1971 1072 2058 1127 di-

499 1175 650 1234 cunt,
674 1167 791 1222 haec
818 1182 919 1223 nec
935 1168 1231 1239 intelligere
1256 1169 1523 1225 videntur.
1542 1168 1682 1235 Quid
1715 1167 1857 1223 enim
1881 1179 2059 1220 causa:

501 1267 604 1324 cst,
634 1276 736 1315 cur
772 1259 873 1332 Dei
899 1260 1188 1333 imaginem
1217 1263 1271 1322 in
1296 1263 1654 1327 substantiam
1686 1259 1925 1315 hominis
1946 1272 2061 1311 ma-

502 1350 695 1404 teriam
719 1352 972 1422 alligasse
999 1354 1355 1421 existiment?
1380 1354 1486 1409 Aut
1525 1369 1624 1409 cur
1650 1367 1758 1415 non
1800 1353 1916 1421 ipsa
1946 1347 2060 1405 sul-

505 1441 693 1498 liciens
728 1443 937 1522 imago,
963 1445 1108 1500 velut
1146 1446 1204 1500 in
1253 1447 1509 1516 speculis,
1541 1454 1602 1499 ut
1635 1444 1795 1499 homo
1835 1455 2059 1512 appare-

504 1531 625 1586 ret?
653 1530 759 1587 Aut
786 1534 930 1589 sicut
968 1534 1085 1605 ipse
1116 1538 1219 1601 soi,
1252 1537 1320 1591 ad
1355 1536 1597 1591 omnium
1619 1549 1739 1606 qua:
1764 1547 2058 1604 procrean-

2240 1063 2309 1113 ’Δ
2338 1058 2395 1112 δὲ
2424 1052 2857 1125 οἰκονομούμενοι
2891 1050 3125 1117 λέγουσι,
3160 1046 3330 1101 ταῦτα
3359 1046 3465 1099 οὐδ’
3494 1048 3712 1117 ἐπινοῆ-

2165 1170 2254 1207 σαι
2283 1150 2507 1204 οἴονται.
2533 1146 2631 1199 Διά
2676 1145 2729 1197 τί
2775 1141 2882 1213 γὰρ
2914 1142 3013 1210 τῆς
3047 1140 3349 1210 κρείττονος
3399 1139 3605 1202 εἰκόνος
3635 1142 3713 1203 εἰς

2162 1244 2261 1317 τὴν
2291 1240 2384 1295 τοῦ
2404 1235 2685 1313 ἀνθρώπου
2710 1234 3002 1295 ὑπόστασιν
3029 1230 3126 1299 τὴν
3148 1227 3276 1298 ῦλην
3299 1227 3541 1296 δεδέσθαι
3568 1231 3718 1299 νομέ-

2166 1316 2345 1400 ζουσιν
2368 1348 2382 1396 ;
2408 1330 2481 1382 Ἥ
2497 1327 2585 1381 διὰ
2604 1327 2655 1379 τί
2686 1325 2784 1377 οὐκ
2812 1321 3087 1392 αὐτάρκης
3115 1321 3148 1390 ἡ
3180 1316 3362 1381 εἰκὼν,
3385 1317 3460 1382 ὡς
3485 1318 3582 1371 ἐπὶ
3610 1317 3718 1371 τῶν

2162 1424 2500 1495 κατόπτρων,
2541 1419 2675 1491 πρὸς
2729 1415 2790 1468 τὸ
2837 1412 3130 1483 πεφηνέναι
3175 1411 3264 1463 τὸν
3301 1408 3623 1480 ἄνθρωπον;
3650 1410 3719 1462 Ἦ

2159 1516 2408 1585 καθάπερ
2440 1512 2599 1574 αὐτὸς
2630 1512 2658 1563 6
2682 1507 2830 1579 ἥλιος
2868 1504 3003 1574 πρὸς
3039 1502 3251 1570 γένεσιν
3296 1499 3549 1554 ἁπάντων
3613 1499 3722 1551 τῶν

505 1631 615 1689 tur,
644 1635 823 1681 ortum
846 1640 909 1682 ac
927 1627 1204 1683 interitum
1235 1628 1507 1687 suﬂiciens
1526 1635 1631 1693 est,
1654 1641 1872 1696 suazque
1891 1623 2060 1694 ipsius

2187 1604 2454 1675 ἰνομένων
2490 1600 2584 1654 καὶ
2625 1595 2838 1667 -φθοράν
2872 1592 3163 1661 αὐτάρκης·
3191 1589 3491 1696 ἐμιμήσατο
3514 1587 3577 1639 δὲ
3627 1587 3722 1658 τὴν

506 1716 805 1784 creationis
844 1719 1155 1795 imaginem,
1206 1737 1304 1792 pro
1349 1720 1572 1785 creandi
1607 1733 1831 1774 munere
1876 1731 1939 1771 ac
1977 1716 2059 1770 fa-

2160 1696 2342 1749 είκόνα
2398 1690 2538 1746 κατὰ
2585 1689 2684 1760 τὴν
2730 1684 2942 1755 ποίησιν
2968 1682 3069 1751 τῆς
3125 1678 3386 1749 σφετέρας
3430 1677 3607 1747 αὐτῆς
3630 1677 3724 1749 δη-

844 1767 1155 1795 --του--ν---ν
1209 1767 1302 1792 ,ιη
1352 1767 1572 1785 mw..-
1608 1767 1828 1774 ---------

506 1804 688 1860 ciendi
716 1809 1000 1866 aemulatus
1034 1818 1139 1867 est.
1167 1809 1414 1883 Quonam
1452 1810 1665 1867 tandem
1690 1810 1905 1864 illorum
1941 1822 2060 1878 qua:

2187 1782 2467 1854 ιιουργίας.
2493 1780 2611 1833 Τίνι
2639 1776 2767 1830 ποτὲ
2798 1767 2871 1830 ὧν
2898 1769 3075 1843 εἷχεν;
3106 1767 3252 1842 Ἇρά
3273 1786 3335 1838 γε
3363 1772 3429 1840 τῇ
3468 1767 3725 1840 μιχθείσῃ

506 1893 713 1967 habet!
746 1896 887 1980 Ergo
920 1899 1105 1955 divina
1136 1902 1314 1967 virtus
1345 1903 1426 1958 sic
1457 1912 1718 1973 spectata,
1754 1897 1942 1969 organi
1980 1913 2071 1951 ra-

508 1985 715 2041 tionem
762 1997 1013 2071 respectu
1076 1993 1317 2048 materiae
1358 1980 1559 2047 habet?
1607 1989 1713 2045 Sed
1762 1988 2070 2044 itzordinato

510 2075 683 2155 motu,
713 2093 823 2148 quo
862 2079 940 2135 sic
984 2077 1159 2147 forma
1193 2082 1475 2136 materiam
1509 2078 1747 2135 imbuat?
1777 2078 1973 2133 Verum
1996 2077 2073 2133 si-

510 2167 663 2222 milia
691 2169 1219 2243 om‘nia,.exquisito
1261 2171 1450 2227 ordine
1496 2171 1849 2243 diligentique
1882 2184 2068 2240 opera,

510 2254 774 2315 imitando
802 2259 965 2316 linem
1010 2252 1400 2333 assequuntur.
1436 2260 1621 2332 Neque
1658 2265 1801 2317 enim
1848 2260 2068 2316 domum

514 2355 606 2402 aut
638 2353 842 2417 navim,
874 2353 957 2409 vel
979 2353 1110 2423 quid
1144 2354 1293 2408 aliud
1322 2354 1643 2409 artel'actum
1667 2352 2069 2408 inordinatione

515 2456 755 2510 unquam
815 2444 1063 2513 praestari
1112 2445 1531 2517 arbitrabimur;
1580 2460 1759 2515 neque
1806 2453 2065 2510 statuam,

516 2532 671 2600 cujus
708 2548 798 2588 ars
840 2532 1103 2589 fabricam
1151 2536 1219 2590 ad
1251 2536 1490 2593 hominis
1544 2528 1899 2592 imitationem
1946 2548 2066 2588 mo-

515 2622 609 2676 lita
633 2631 735 2680 est.

515 2713 649 2770 Car.
678 2714 867 2787 XXIV.
893 2718 1138 2777 Christus
1163 2738 1327 2782 mens.
1362 2722 1707 2778 Manichaice.

2166 1875 2300 1948 πρὸς
2331 1871 2499 1942 αὐτὴν
2530 1868 2648 1940 θείᾳ
2679 1866 2925 1936 δυνάμει,
2960 1861 3151 1917 οὐκοῦν
3196 1862 3250 1913 ὲν
3292 1860 3521 1932 ὀργάνου
3583 1858 3728 1931 λόγῳ

2167 1964 2287 2020 θεία
2310 1962 2556 2033 δύναμις,
2588 1954 2729 2012 οῦτω
2767 1973 2832 2025 γε
2874 1954 3007 2026 πρὸς
3054 1954 3151 2024 τὴν
3206 1952 3375 2022 ῦλην;
3438 1949 3609 2003 ’ἡλλὰ
3654 1953 3716 2022 τῇ

2168 2055 2386 2125 ἀτάκτῳ
2412 2053 2643 2123 κινήσει,
2669 2049 2840 2111 οὕτως
2871 2045 3206 2115 είδοποιούση
3230 2044 3329 2113 τὴν
3352 2042 3517 2114 ῦλην;
3570 2039 3733 2094 Ἀλλά

2171 2155 2349 2210 πάντα
2370 2169 2434 2222 γε
2461 2150 2531 2203 τὰ
2554 2150 2713 2219 ὅμοια
2745 2149 2802 2199 ὲν
2826 2143 3010 2210 τάξεσι
3065 2144 3161 2195 καὶ
3190 2140 3494 2210 ἀκριϐείαις
3523 2138 3625 2193 διὰ
3659 2157 3734 2210 μι-

2177 2248 2388 2319 μήσεων
2437 2243 2740 2313 ἀφικνεῖται
2791 2239 2870 2302 είς
2917 2237 3087 2300 τέλος.
3136 2235 3268 2290 Οὐδὲ
3323 2234 3430 2305 γὰρ
3472 2234 3667 2319 οἰκίαν
3702 2233 3732 2303 ῆ

2173 2308 2371 2401 πλοῖον,
2399 2337 2435 2408 ἡ
2455 2308 2506 2388 τὶ
2536 2334 2717 2402 ἕτερον
2777 2329 2884 2384 τῶν
2915 2328 3169 2399 τεχνιτῶν
3203 2326 3267 2379 δι’
3286 2326 3511 2390 ἀταξίας
3536 2308 3736 2378 ἀποτε-

2171 2427 2376 2481 λεῖσθαι
2399 2424 2615 2478 οἴονταιθ
2651 2421 2769 2474 οὐδὲ
2811 2418 3118 2490 ἀνδριάντα,
3155 2418 3290 2488 ὅπερ
3339 2417 3373 2486 ἠ
3399 2415 3570 2485 τέχνη
3596 2414 3731 2487 πρὸς

2173 2515 2454 2588 ἀνθρώπου
2492 2514 2716 2585 μίμησιν
2747 2513 3140 2582 ἐμηχανήσατο.
3481 2491 3487 2499 ’

1744 2721 1883 2789 Quid
1910 2718 2290 2789 ecclesiastiqe?
2321 2714 2753 2789 ιηεοηυεζιὶεῃιὶα,
2775 2712 2837 2767 de
2876 2711 3105 2767 Christo.
3141 2708 3369 2771 Passum
3411 2709 3735 2777 umbratica,

1281 2792 1695 2847 Manichmorum
1726 2785 1994 2847 delirium.
2025 2788 2175 2842 Nihil
2215 2786 2377 2841 Verbo
2415 2801 2515 2854 per.
2525 2785 2786 2855 ﬁctionem
2810 2795 3008 2853 aptum.

584 2899 864 2957 Christum
908 2919 1038 2967 vero
1074 2920 1200 2961 cum
1245 2924 1348 2964 nec
1392 2916 1746 2980 cognoscant,
1793 2906 2071 2979 Christum

520 2998 701 3056 tamen
733 2995 910 3065 ipsum
934 2998 1289 3068 appellantes,
1320 3016 1444 3055 cum
1471 3002 1642 3056 altero
1670 2999 1933 3055 sumendo
1964 2999 2073 3053 ele-

2244 2901 2347 2954 Τὸν
2377 2900 2432 2953 δὲ
2486 2899 2718 2971 Χριστὸν
2770 2897 2888 2951 οὐδὲ
2916 2895 3288 2972 γινώσκοντες,
3334 2894 3472 2949 ἀλλὰ
3497 2895 3741 2966 Χριστὸν

2179 2992 2341 3049 αὐτὸν
2370 2988 2858 3071 προσαγορεύοντες
2880 2989 2945 3058 τῇ
2981 2985 3117 3057 πρὸς
3144 2985 3205 3039 τὸ
3248 2986 3309 3050 ,θ’
3340 2986 3612 3055 στοιχεῖον
3650 2999 3741 3054 με·

519 3096 723 3154 πιεηιο,
760 3074 1019 3160 aliudque
1061 3090 1447 3162 signiﬁcatum,
1487 3109 1650 3164 quam
1683 3107 1790 3166 quo
1828 3092 1919 3147 ille
1952 3104 2079 3169 pro-

2187 3083 2424 3157 ταληψει,
2454 3069 2639 3153 ἕτερον
2668 3077 3059 3151 σημαινόμενον
3090 3076 3208 3129 ἀντὶ
3243 3074 3336 3128 τοῦ
3374 3073 3587 3145 κυρίως
3618 3074 3740 3155 περὶ

523 3179 642 3250 prie
669 3180 955 3250 accipitur,
984 3181 1316 3250 inducendo,
1347 3184 1524 3258 ipsum
1565 3193 1799 3251 mentem
1828 3199 1950 3253 esse
1972 3193 2083 3237 tra-

498 3269 677 3335 dunt.
711 3268 770 3326 Si
795 3272 1015 3343 quidem
1053 3283 1234 3331 autem
1273 3274 1329 3330 id
1363 3276 1509 3347 quod
1547 3276 1794 3331 noscitur
1839 3289 1903 3328 ac
1935 3272 2082 3344 quod

524 3363 828 3433 cognoscit,
856 3365 1289 3447 sapientiamque
1317 3368 1496 3443 ipsum
1526 3383 1633 3423 una
1665 3382 1796 3423 voce
1814 3367 2081 3431 dicentes,

526 3449 596 3507 iis
632 3467 754 3522 qua:
798 3454 903 3509 viri
944 3456 1300 3513 ecclesiastici
1355 3458 1423 3514 de
1472 3458 1565 3513 illo
1615 3458 1932 3529 loquuntur,
1988 3471 2085 3539 per

526 3543 676 3599 hunc
722 3545 945 3602 modum
999 3551 1309 3613 consentire
1377 3549 1897 3621 deprehenduntur;
1952 3551 2083 3622 quid

526 3646 712 3689 causa:
738 3643 845 3702 est,
879 3652 980 3693 cur
1005 3656 1242 3706 omnem,
1288 3656 1450 3712 quam
1482 3650 1703 3707 vocant,
1734 3650 1971 3705 veterem
1997 3642 2085 3697 hi-

528 3727 756 3781 storiam
782 3732 1081 3800 respuant?
1113 3732 1171 3786 Si
1215 3749 1367 3797 vero,
1411 3739 1472 3788 ut
1499 3733 1862 3804 quorumdam
1900 3733 2085 3807 opinio

528 3822 637 3881 est,
683 3818 1043 3876 adventitium
1085 3822 1263 3893 ipsum
1305 3839 1635 3894 novumque,
1674 3830 1727 3879 et
1760 3824 1852 3895 qui
1882 3823 2087 3879 extrin-

527 3921 691 3964 secus
716 3924 955 3982 casuque
987 3913 1289 3978 intraverit,
1321 3922 1587 3980 statuunt,
1629 3914 1930 3971 videamus.
1970 3913 2087 3968 iiu-

527 3995 620 4068 jus
651 3999 796 4054 enim
825 4002 1100 4072 opinionis
1132 4004 1424 4071 antistites,
1459 4008 1604 4079 quod
1632 4006 1866 4062 maxime
1907 4007 2086 4061 suasi-

532 4087 642 4145 bile
676 4090 947 4159 videatur,
996 4095 1143 4149 circa
1192 4111 1393 4150 annum
1438 4098 1730 4168 septimum
1771 4096 1981 4162 dicunt,
2025 4110 2088 4151 ea

533 4196 657 4251 quae
699 4196 865 4238 sensu
913 4186 1139 4254 praedita
1188 4195 1300 4253 est,
1344 4190 1545 4255 virtute
1603 4188 1821 4258 organis
1858 4186 2088 4241 formata

534 4279 699 4344 atque
736 4273 1024 4342 distincta,
1060 4278 1237 4348 ipsum
1293 4279 1594 4350 ingressum
1645 4295 1787 4337 esse.
1834 4278 1987 4347 Quod
2042 4278 2089 4333 si

535 4362 788 4420 Christus
811 4381 965 4422 mens
992 4375 1093 4435 est,
1124 4378 1183 4423 ut
1212 4370 1285 4425 illi
1313 4353 1626 4443 opinantur,
1685 4371 1765 4426 sic
1795 4350 1955 4423 simul
1985 4370 2090 4425 erit

535 4451 788 4509 Christus
814 4462 868 4510 et
897 4470 1005 4510 non
1036 4458 1161 4513 crit.
1194 4458 1496 4530 Antequam
1526 4460 1669 4515 enim
1699 4475 1850 4514 mens
1871 4475 2091 4516 sensus-

536 4558 643 4616 que
662 4545 1016 4619 ingrediatur,
1052 4564 1121 4604 ne
1158 4549 1372 4619 quidem
1410 4556 1513 4606 est.
1545 4549 1701 4616 Quod
1747 4550 1793 4605 si
1819 4550 2090 4617 Christus,

534 4640 600 4721 ut
620 4633 725 4705 ipsi
748 4637 956 4703 volunt,
985 4653 1137 4701 mens
1169 4646 1270 4702 est.
1296 4639 1352 4693 in
1383 4641 1557 4710 ipsum
1591 4654 1720 4694 vero
1743 4640 2094 4694 exsistentem

534 4741 694 4783 mens
716 4726 1039 4799 ingreditur,
1068 4732 1149 4785 sic
1188 4746 1380 4785 rursus
1402 4732 1615 4785 illorum
1644 4731 1912 4786 sententia
1942 4746 2096 4788 mens

537 4817 661 4873 erit.
690 4816 788 4874 Est
821 4819 989 4890 igitur
1025 4828 1079 4875 et
1103 4835 1212 4876 non
1235 4829 1319 4878 est
1342 4822 1531 4877 eodem
1561 4829 1804 4892 tempore
1822 4820 2094 4877 Christus.

539 4905 599 4964 Si
619 4920 817 4975 autem,
842 4927 962 4981 quae
988 4912 1201 4967 illorum
1223 4923 1368 4970 secta
1391 4914 1770 4985 probatissima
1789 4922 1892 4977 est‘,
1917 4929 2095 4980 mens,

539 5010 599 5059 ut
630 5010 685 5058 et
712 5004 816 5075 ipsi
843 5006 1177 5069 existimant,
1220 5007 1401 5060 omnia
1434 5013 1519 5061 est
1553 5021 1673 5076 qua:
1722 5006 1886 5070 sunt;
1917 5018 2091 5074 quan-

538 5093 827 5164 doquidem
851 5096 1130 5150 materiam
1157 5095 1450 5166 ingenitam
1477 5094 1816 5174 proﬁtentur,
1841 5100 1895 5146 et
1915 5105 2098 5162 aequa-

540 5185 630 5251 lis,
655 5195 715 5242 ut
739 5186 819 5242 sic
849 5187 1061 5258 loquar,
1094 5204 1218 5254 cum
1257 5186 1367 5243 Deo
1399 5187 1662 5273 temporis
1703 5187 1915 5267 ipsique
1951 5198 2095 5238 coae-

2183 3151 2345 3230 αύτοῦ
2380 3151 2779 3243 ὑπειλημμένον
2827 3169 3149 3238 εἰσάγοντες,
3198 3166 3340 3220 Νοῦν
3372 3160 3514 3227 εἶναι
3551 3151 3736 3235 φασιν,

2183 3269 2245 3321 Et
2272 3266 2388 3338 μὲν,
2423 3264 2482 3318 τὸ
2514 3262 2748 3333 γνωστὸν
2774 3261 2866 3315 καί
2884 3260 2944 3313 τὸ
2964 3259 3262 3338 γιγνῶσκον
3300 3256 3394 3310 καὶ
3415 3256 3516 3327 τὴν
3548 3255 3740 3327 σοφίαν

2184 3336 2346 3418 αὐτοῦ
2378 3357 2622 3425 λέγοντες
2655 3354 2929 3425 ὁμόφωνα,
2970 3336 3143 3429 οὕτως
3175 3353 3288 3416 τοῖς
3339 3349 3450 3402 ἀπὸ
3497 3349 3615 3403 τῶν
3658 3351 3745 3403 ὲκ-

2185 3450 2418 3521 κλησιῶν
2440 3448 2567 3520 περὶ
2594 3444 2757 3501 αὑτοῦ
2812 3445 3027 3515 λέγουσι
3055 3442 3475 3513 διαταττόμενοι,
3514 3441 3667 3502 οὕτω
3684 3456 3747 3509 γε
3774 3452 3779 3455 ’

2186 3541 2496 3598 ἁλώσονται’
2533 3539 2648 3602 πῶς
2666 3533 2758 3592 οῦν
2780 3537 2879 3610 τὴν
2910 3524 3215 3607 λεγομένην
3263 3532 3499 3587 παλαιὰν
3523 3532 3749 3588 ἅπασαν

2187 3632 2423 3703 ἱστορίαν
2452 3628 2835 3693 ὲκόάλλουσιν;
2889 3628 2952 3680 Et
2994 3627 3050 3681 δὲ
3081 3624 3396 3696 ὲπιγενητὺν
3428 3624 3575 3679 κατά
3598 3640 3750 3687 τινας

2185 3725 2398 3792 λέγουσι
2422 3723 2516 3775 καὶ
2561 3718 2667 3774 τῶν
2694 3717 2890 3784 ἔξωθεν
2923 3718 3269 3772 ἐπεισιόντων
3301 3716 3396 3769 καὶ
3422 3714 3753 3785 συμϐαινόν-

2184 3830 2313 3877 των,
2343 3809 2726 3879 σκοπήσωμεν.
2777 3808 2837 3860 Οἱ
2887 3806 2994 3878 γὰρ
3033 3806 3096 3875 δὴ
3124 3804 3323 3876 ταύτης
3359 3804 3754 3874 προϊστάμενοι

2187 3905 2284 3975 τῆς
2316 3900 2471 3972 δόξης
2498 3898 2718 3952 πιθανὸν
2760 3896 2990 3969 μάλιστα
3040 3895 3256 3964 λέγουσι
3315 3895 3444 3971 περὶ
3490 3893 3564 3946 τὰ
3616 3894 3755 3947 ἑπτὰ

2188 3968 2283 4064 ιετῇ
2308 3993 2406 4064 τῆς
2427 3968 3063 4059 αἰσθητικῆςδυνάμεως
3112 3982 3534 4064 διαρθρωθείσης
3593 3982 3757 4045 αὑτὸν

2189 4062 2619 4155 ὲπέιεέρχεσθαι.
2660 4080 2723 4133 Εί
2747 4077 2811 4150 δὴ
2837 4076 2959 4140 νοῦς
3006 4078 3151 4135 ἐστιν
3180 4062 3460 4145 όΧριστὸς
3507 4076 3638 4134 κατ’
3666 4074 3757 4127 αύ-

2190 4178 2334 4240 τοὺς,
2368 4174 2507 4228 οὕτω
2534 4190 2596 4242 γε
2630 4170 2778 4224 ἔσται
2803 4185 2862 4221 τε
2887 4168 3002 4239 ἃμα
3029 4167 3124 4229 καὶ
3163 4168 3262 4220 οὐκ
3288 4164 3454 4218 ἔσται·
3484 4164 3619 4234 πρὶν
3649 4166 3761 4235 μὲν

2190 4268 2294 4341 γὰρ
2327 4263 2654 4318 ἐπεισελθεῖν
2680 4261 2769 4314 τὸν
2791 4259 2935 4318 νοῦν.
2967 4258 3176 4312 οὐδέπω
3219 4256 3384 4311 ἐστίν.
3416 4254 3481 4308 Εἴ
3519 4246 3589 4323 γε
3623 4244 3760 4321 νοῦς

2192 4360 2305 4412 ἐστι
2327 4357 2445 4412 κατ’
2478 4356 2672 4419 αὐτοὺς
2697 4355 2725 4406 ό
2750 4352 2999 4425 Χριστὸς,
3034 4349 3168 4411 ἀλλὰ
3217 4349 3321 4427 μὴν
3358 4348 3468 4403 ὄντι
3505 4362 3574 4424 γε
3603 4348 3761 4419 αὐτῷ

2195 4450 2569 4520 ἐπεισέρχεται
2612 4448 2640 4498 ό
2682 4444 2825 4510 νοῦς,
2854 4443 3023 4505 οὓτως
3073 4436 3163 4501 οῦν
3204 4441 3365 4505 πάλιν
3408 4440 3525 4493 κατ’
3558 4440 3760 4503 αὐτοὺς

2196 4542 2347 4595 ἔσται
2376 4542 2404 4593 ὁ
2439 4539 2583 4603 νοῦς.
2638 4538 2794 4591 Ἔστι
2839 4552 2903 4604 γε
2935 4535 3028 4596 καὶ
3061 4534 3161 4586 οὐκ
3214 4532 3358 4585 ἐστιν
3386 4533 3444 4584 ὲν
3495 4530 3577 4602 τῷ
3610 4530 3758 4601 αὐτῷ

2197 4636 2371 4708 χρόνῳ
2404 4635 2432 4687 6
2469 4631 2718 4705 Χριστός.
2768 4628 2833 4681 El
2874 4626 2929 4680 δὲ
2955 4627 3074 4679 κατ’
3104 4623 3282 4687 αὐτῶν
3324 4621 3423 4694 τὴν
3466 4623 3758 4692 καλλίστην

2199 4726 2404 4798 αἵρεσιν
2431 4725 2458 4777 6
2491 4722 2613 4785 νοῦς
2644 4721 2765 4774 κατ’
2794 4717 2989 4780 αύτούς
3024 4719 3138 4779 ἐστι
3162 4714 3231 4768 τὰ
3256 4715 3385 4768 ὅντα
3411 4716 3611 4769 πάντω
3639 4715 3763 4767 ἐπεὶ

2198 4818 2296 4888 τὴν
2320 4815 2448 4887 ῦλην
2482 4812 2738 4881 ἀγένητον
2779 4808 3121 4862 ὑποτίθενται
3164 4804 3255 4860 καὶ
3280 4805 3549 4877 ἰσόχρονον
3577 4804 3654 4866 ὡς
3686 4803 3767 4856 elo.

2202 4911 2324 4961 πεῖν
2350 4906 2427 4979 τῷ
2454 4903 2591 4975 Θεῷ,
2627 4902 2720 4957 καὶ
2751 4899 2874 4965 νοῦν
2913 4900 3003 4952 καὶ
3044 4898 3172 4969 ῦλην
3202 4896 3387 4960 τοῦτον
3419 4896 3513 4949 τὸν
3545 4894 3756 4967 πρῶτον

2202 5000 2291 5059 τὸν
2326 4997 2553 5070 Χριστὸν
2579 4992 2917 5047 ὑποτίθενται
2962 4985 3119 5057 εἶναι,
3141 4986 3194 5040 εῐ
3227 5003 3292 5055 γε
3342 4987 3412 5040 τὰ
3438 4987 3618 5041 πάντα
3641 4987 3754 5039 κατ’

2203 5090 2396 5159 αὐτούς
2419 5091 2565 5141 ἐστιν
2587 5088 2615 5140 6
2649 5082 2883 5156 Χριστὸς
2907 5080 3027 5144 νοῦς
3065 5078 3160 5144 ὢν,
3193 5079 3254 5143 ὃς
3286 5079 3432 5131 ἐστιν
3461 5076 3532 5131 τά
3561 5076 3753 5131 πάντ-α’

2201 5183 2345 5252 καὶὴ
2371 5180 2469 5251 ὕλη
2492 5179 2548 5232 ἓν
2572 5176 2679 5230 τῶν
2705 5175 2892 5231 ὄντων,
2922 5172 3013 5225 καὶ
3034 5169 3168 5241 αύτὴ
3193 5169 3454 5241 ἀγένητος
3485 5165 3637 5224 οὖσα.

541 5292 688 5342 vam,
745 5279 987 5350 primum:
1039 5278 1184 5334 hunc
1232 5261 1611 5337 Christum‘et
1654 5261 1884 5333 mentem
1922 5284 1978 5331 et
2025 5273 2306 5329 materiam
2362 5279 2630 5332 statuunt,
2660 5268 2707 5322 si
2744 5264 2961 5336 quidem
2991 5261 3246 5327 Christus
3283 5276 3438 5318 mens
3488 5270 3594 5329 est,
3639 5274 3752 5331 qua:

544 5371 723 5427 omnia
750 5378 866 5441 est;
901 5386 1178 5441 unumque
1203 5386 1389 5437 eorum
1420 5386 1541 5440 qua:
1565 5378 1713 5435 sunt,
1739 5369 1962 5432 materia
1986 5374 2090 5432 est,
2120 5380 2239 5435 quae
2267 5365 2387 5433 ipsa
2428 5360 2801 5432 ingenitaest.

612 5467 694 5522 Ad
738 5469 1011 5538 specimen
1058 5483 1186 5522 vero
1231 5481 1296 5520 ac
1342 5466 1782 5526 ostentationem,
1823 5478 1918 5533 per
1972 5475 2093 5514 eum

545 5556 765 5610 modum
797 5557 1035 5613 divinam
1062 5573 1277 5626 quoque
1310 5558 1563 5612 virtutem
1593 5557 1649 5610 in
1691 5555 1913 5610 materia
1947 5548 2097 5605 cruci

547 5644 756 5697 aiiixam
787 5660 929 5709 csse,
966 5647 1251 5716 ipsumque
1298 5645 1622 5716 supplicium
1655 5644 1757 5699 hoc
1809 5643 1961 5695 aiunt
1992 5651 2100 5692 non

555 5730 863 5820 pertulisse,
894 5733 1050 5802 quasi
1081 5735 1288 5789 scilicet
1317 5719 1652 5805 impossibile
1678 5734 1748 5789 sit
1776 5733 1951 5804 ipsum
1998 5729 2100 5795 hoc

628 5843 705 5919 (7)
732 5843 941 5903 Ποίεῖν.
971 5844 1052 5899 An
1079 5845 1284 5912 παθεῖν,
1321 5849 1467 5918 pati.’

2269 5459 2361 5520 Είς
2387 5456 2678 5525 ἐπίδειγμα
2702 5452 2779 5509 δὲ.
2817 5449 3007 5503 τοῦτον
3027 5448 3117 5510 τὸν
3143 5447 3342 5521 τρόπον
3370 5450 3465 5501 καὶ
3492 5447 3586 5518 τὴν
3608 5444 3763 5503 θείαν

2202 5549 2428 5618 δύναμιν
2454 5524 2884 5619 ἐνεσταυρῶσθαι
2929 5549 2992 5617 τῇ
3024 5545 3145 5618 ῦλῃ,
3176 5524 3270 5597 καὶ
3295 5541 3457 5598 αὐτὸν
3482 5540 3770 5609 ὑπομεμε-

2207 5638 2427 5707 νηκέναι
2460 5636 2519 5688 τὸ
2543 5636 2771 5707 πάθημα
2798 5635 2955 5689 τοῦτο
2992 5635 3259 5704 λέγουσιν,
3290 5630 3478 5701 ὥσπερ
3507 5627 3772 5683 ἀδυνάτου

2209 5728 2356 5794 ὄντος
2385 5728 2589 5782 ἐκείνου
2622 5725 2779 5781 τοῦτο
2810 5728 2980 5779 ποιεῖν
3014 5726 3111 5797 (7)·
3147 5726 3282 5795 ὅπερ
3321 5721 3485 5786 αὐτὸς
3509 5722 3537 5776 ὁ
3589 5719 3774 5780 Μανι-
