3956 6198
217 382 327 440 με

1093 389 1507 451 TRACTATUS
1540 396 1628 452 DE
1664 397 1976 456 PLACITIS
2007 396 2558 458 MANICHIEORUM.

3304 398 3412 457 M8

220 499 372 567 χαῖος
391 497 770 570 διαπράττεται
793 500 936 574 λόγῳ
965 503 1091 577 περὶ
1128 505 1316 560 τούτου
1335 507 1614 564 διδάσκων·
1647 514 1753 566 ’Ότι

1871 516 2081 571 facere:
2113 514 2259 585 quod
2288 513 2404 584 ipse
2425 512 2752 571 Manichacus
2772 513 2911 569 libro
2933 512 3000 569 de
3025 527 3089 568 ea
3115 527 3176 568 re
3206 513 3414 582 scripto

221 590 256 659 ὴ
289 589 403 643 θεία
421 587 641 660 δύναμις
685 593 763 660 εἰς
803 593 934 664 ὓλην
979 597 1401 670 κατακέκληται,
1460 602 1553 656 καὶ
1601 602 1761 658 πάλιν

223 683 507 771 ἀποχωρεῖ.
543 682 750 753 Τρόπον
783 685 936 740 αὐτοὶ
955 688 1372 745 ἀναπλάττουσι.
1410 692 1482 746 Τὸ
1517 694 1614 765 μὲν
1653 695 1760 771 γὰρ

218 770 350 822 κατά
369 771 457 823 τὸν
477 772 921 850 ἐκκλησιαστικὸν
948 777 1102 848 λόγον
1127 782 1296 835 εἰπεῖν
1319 783 1397 852 εἰς
1424 782 1573 837 λύσιν
1593 770 1762 857 ἀμαρ-

213 862 336 915 τιῶν
362 864 552 917 ἑαυτὸν
583 866 982 935 ἐπιδεδωκέναι,
1010 870 1121 941 ἔχει
1145 873 1322 931 πίστιν
1337 873 1458 946 τινὰ
1477 875 1606 946 πρὸς
1628 861 1758 930 πολ-

212 956 334 1017 ιοὺς
361 955 470 1028 κάκ
501 955 608 1008 τῶν
643 958 887 1030 ἱστοριῶν
938 961 1044 1014 τῶν
1097 963 1213 1034 καθ’
1254 964 1533 1034 Ἕλληνας,
1585 968 1661 1037 ὅτ’
1691 968 1759 1022 ἄν

211 1065 361 1123 ερασι,
392 1050 562 1116 Τινὰς
590 1050 735 1120 ὑπὲρ
765 1056 1056 1122 σωτηρίας
1085 1057 1314 1109 πόλεων
1351 1045 1599 1123 ἑαυτοὺς
1632 1057 1762 1111 ἐπι-

209 1139 549 1196 δεδωκέναι.
585 1143 694 1196 Καὶ
720 1145 1068 1216 παράδειγμα
1115 1145 1210 1199 τοῦ
1259 1147 1418 1216 λόγου
1465 1148 1578 1218 ἔχει
1607 1149 1758 1222 καὶὴ

218 1231 485 1305 Ἰουδαίων
510 1235 733 1305 ἱστορία,
753 1237 844 1291 τὸν
880 1238 974 1292 τοῦ
1012 1239 1258 1310 Ἀϐραὰμ
1284 1242 1446 1295 παῖδα
1470 1243 1548 1305 είς
1574 1241 1762 1294 θυσίαν

205 1321 281 1392 τῷ
304 1322 424 1396 Θεῷ
457 1326 963 1403 παρασκευάζουσα.
998 1329 1070 1382 Τὸ
1100 1330 1157 1383 δὲ
1189 1333 1266 1395 είς
1296 1331 1612 1403 πράγματος
1640 1331 1762 1386 ἐπί-ι

191 1414 368 1481 ’δειξιν
411 1416 490 1488 τῷ
546 1419 822 1498 παθήματι
874 1422 1101 1491 ὑπάγειν
1147 1424 1236 1477 τὸν
1286 1424 1516 1496 Χριστὸν
1565 1423 1764 1496 πολλῆς

202 1507 352 1560 ἐστιν
385 1508 642 1579 ἀμαθίας,
687 1513 766 1576 είς
795 1512 1136 1570 διδασκαλίαν
1180 1517 1273 1570 καὶ
1315 1516 1514 1585 γνῶσιν
1542 1515 1650 1570 τῶν
1672 1515 1760 1580 δν,-

201 1612 309 1660 των
337 1597 432 1650 τοῦ
460 1600 631 1677 Λόγου
663 1601 812 1672 ὄντος
849 1602 1112 1676 ὑπάρχου.

1868 603 2105 666 instituit
2146 602 2382 668 docere;
2429 601 2576 672 quod
2616 599 2872 656 nimirum
2918 602 3101 670 divina
3139 601 3311 658 virtus
3355 601 3412 656 in

1866 697 2146 760 materiam
2186 696 2407 765 delapsa
2445 695 2536 760 sit,
2578 709 2642 749 ac
2676 709 2867 750 rursus
2913 693 3148 749 recedat.
3196 691 3410 747 Modum

1866 787 1944 841 illi
1976 787 2480 842 comminiscuntur.
2505 783 2648 842 Sane
2674 785 2888 856 quidem
2929 793 2988 838 ut
3020 784 3232 849 dicatur
3255 783 3411 852 juxta

1867 876 2123 934 Ecclesiae
2165 876 2466 932 doctrinam
2503 885 2671 932 semet
2709 877 2885 947 ipsum
2925 875 3211 949 tradidisse
3233 873 3296 928 ad
3329 874 3413 928 di-

1866 965 2062 1020 luenda
2109 973 2350 1035 peccata,
2384 965 2541 1037 iidem
2571 965 2857 1036 quamdam
2893 965 3052 1035 vulgo
3089 964 3314 1026 obtinet,
3344 979 3410 1018 ex

1865 1054 2000 1124 ipsis
2030 1070 2242 1126 quoque
2263 1053 2568 1109 Grtecorum
2600 1053 2861 1116 historiis,
2889 1069 3012 1109 cum
3043 1054 3213 1117 aiunt.
3255 1052 3413 1107 Non-

1864 1146 2035 1200 nullos
2067 1163 2119 1201 se
2148 1147 2285 1216 ipsos
2327 1144 2585 1217 dedidisse
2617 1154 2676 1198 ut
2705 1145 2936 1208 civitates
2967 1144 3248 1199 incolumes
3275 1160 3412 1213 pra:-

1863 1249 2080 1294 starent.
2120 1222 2360 1310 Eiusque
2403 1237 2663 1310 doctrina:
2700 1237 3003 1306 exemplum
3040 1236 3200 1292 habet
3238 1244 3290 1290 et
3316 1235 3412 1290 Ju-

1862 1325 2098 1396 dazorum
2123 1327 2402 1393 historia‘,
2426 1342 2546 1397 quae
2569 1326 2797 1381 Abrahae
2819 1317 2984 1380 lilium
3005 1326 3059 1382 in
3085 1326 3410 1380 sacriﬁcium

1863 1416 1973 1474 Deo
1987 1426 2250 1492 praeparet
2274 1424 2543 1490 aptetque.
2561 1415 2658 1472 Rei
2686 1425 2864 1472 autem
2885 1415 3218 1472 ostentandae
3239 1416 3410 1486 gratia

1859 1516 1914 1564 et
1938 1495 2004 1563 ad
2035 1509 2306 1581 specimen
2337 1507 2610 1564 Christum
2634 1507 2872 1578 passioni
2895 1506 3182 1577 subjicere,
3205 1521 3411 1578 magna:

1864 1597 2094 1666 inscitiae
2123 1606 2226 1666 est,
2254 1613 2375 1653 cum
2413 1598 2649 1654 Verbum
2689 1597 2754 1652 ad
2788 1613 2966 1653 rerum
3003 1598 3304 1653 doctrinam
3327 1584 3410 1668 “ac

1862 1691 2145 1760 scientiam
2177 1705 2377 1760 praases
2406 1703 2469 1745 ac
2497 1691 2702 1762 legatus
2731 1690 2820 1745 sit.

197 1795 334 1853 Cu.
368 1795 536 1853 XXV.
576 1797 991 1869 Haniclueorum
1022 1801 1337 1858 abstinentia
1364 1822 1396 1858 a
1423 1801 1729 1872 viventibus,
1761 1797 2006 1872 ridicula.
2026 1799 2190 1872 Quod
2217 1799 2494 1872 abhorrent
2524 1815 2557 1853 a
2583 1799 2799 1869 nuptiis,
2822 1799 3103 1869 dementia.
3127 1799 3410 1872 Gigantum

1244 1875 1580 1945 mythologia.
1609 1861 1786 1926 Nimis
1819 1861 2100 1939 allegorica
2129 1871 2405 1940 expositio.

281 1979 604 2054 ’Δπέχονται
623 1984 680 2050 δὲ
705 1983 980 2056 ἐμψύχων.
1025 1986 1088 2041 Ei
1122 1987 1218 2058 μὲν
1247 1985 1354 2059 γὰρ
1401 1988 1588 2059 ἐτέρου
1617 1987 1753 2050 τινὸς

1929 1982 2218 2050 Abstinent
2265 1991 2444 2035 autem
2496 1981 2565 2036 ab
2619 1981 2890 2050 animatis.
2933 1978 2989 2034 Si
3031 1982 3245 2052 quidem
3289 1981 3410 2052 eius

194 2075 383 2147 χάριν,
418 2077 482 2132 οὐ
527 2077 965 2148 περιεργαστέον·
1016 2078 1066 2130 εί
1114 2077 1172 2132 δὲ
1216 2078 1347 2132 διότι
1393 2080 1428 2150 ή
1473 2077 1756 2150 δύναμιςὴ

194 2164 316 2224 θεία
343 2164 552 2220 τούτων
596 2167 803 2238 ἀπέστη
835 2167 1032 2238 μᾶλλον
1059 2167 1092 2237 ἢ
1120 2168 1410 2240 ένυπάρχει
1438 2168 1636 2234 πλεῖον,
1669 2185 1759 2236 γε-

192 2254 339 2322 λοῖον
361 2257 502 2329 αὐτὴ
527 2257 703 2312 αὐτῶν
729 2261 763 2330 ἠ
809 2258 1124 2334 προαίρεσις
1161 2257 1324 2334 αὕτη.
1381 2261 1505 2314 Εῐτε
1559 2261 1667 2334 γὰρ
1689 2259 1756 2314 τά

191 2349 339 2416 φυτὰ
367 2348 530 2402 ένυλα
563 2349 778 2423 μᾶλλον,
810 2353 889 2414 είς
911 2352 1114 2424 τροφὴν
1157 2355 1250 2407 καὶ
1296 2353 1500 2427 δίαιταν
1523 2354 1756 2425 χρῆσθαι

188 2440 268 2512 τῷ
298 2441 506 2511 χείρονι
530 2442 647 2506 πῶς
669 2441 885 2518 εὔλογον
907 2460 922 2518 ξ
947 2444 1054 2498 εἴτε
1081 2445 1240 2499 πλέον
1285 2449 1342 2518 έν
1365 2446 1570 2521 τούτοις
1593 2449 1625 2519 ἡ
1669 2446 1758 2500 δύ-

189 2548 356 2602 ναμις
379 2535 414 2604 ή
453 2532 592 2600 θεία,
615 2535 732 2604 έστὶ
763 2537 898 2608 πρὸς
922 2537 1021 2609 τὴν
1039 2538 1243 2610 τροφὴν
1277 2539 1344 2592 τά
1378 2539 1599 2607 rotata.“
1623 2541 1756 2612 Χρή-

193 2640 354 2693 σιμα,
385 2623 486 2676 τοῦ
512 2623 804 2696 θρεπτικοῦ
847 2628 940 2682 καὶ
964 2629 1253 2703 αὐξητικοῦ
1295 2632 1490 2706 μέρους
1526 2631 1626 2706 τῆς
1651 2631 1754 2702 ψυ-

191 2714 293 2786 χῆς
322 2714 479 2782 δντος
504 2717 976 2791 σωματικωτέρου.

256 2985 336 3040 Τὸ
358 2986 422 3039 δὲ
447 2984 745 3056 ἀπέχεσθαι
777 2985 952 3056 γάμου
991 2987 1084 3042 καὶ
1129 2987 1472 3059 ἀφροδισίων,
1490 2986 1755 3062 δεδειότας

191 3075 290 3148 μὴ,
318 3077 460 3130 κατά
486 3078 584 3148 τὴν
612 3075 706 3130 τοῦ
729 3078 914 3146 γένους
933 3077 1198 3149 διαδοχὴν,
1217 3080 1308 3144 ἐπὶ
1327 3079 1485 3134 πλέον
1504 3080 1752 3151 ὲνοικήσῃ

185 3172 249 3238 τῇ
273 3168 683 3240 ὕλῃήδύναμις
741 3171 776 3241 ὴ
823 3169 961 3235 θεία,
993 3170 1254 3241 θαυμάζω
1311 3171 1426 3234 πῶς
1465 3174 1561 3233 καὶ
1601 3172 1754 3226 αὐτοὶ

186 3260 421 3323 ἑαυτοὺς
453 3260 830 3330 ἀποδέχονται,
854 3262 916 3315 Ei
950 3261 1058 3335 γὰρ
1087 3262 1163 3332 μὴ
1187 3261 1406 3332 ἐξαρκεῖ
1429 3264 1460 3332 ἡ
1489 3262 1582 3315 τοῦ
1617 3261 1750 3316 Θεοῦ

1860 2074 2203 2145 abstinentia:
2247 2074 2351 2128 alia
2390 2073 2531 2128 ratio
2569 2074 2662 2138 sit,
2694 2073 2838 2128 haud
2879 2073 3148 2128 curiosius
3187 2074 3411 2145 investi-

1859 2165 2120 2238 gandum...
2146 2163 2243 2233 Sin
2267 2171 2448 2232 autem
2479 2178 2542 2234 ea
2575 2165 2808 2231 ratione,
2841 2164 2985 2235 quod
3021 2163 3204 2218 divina
3235 2165 3410 2226 virtus

1856 2258 1967 2312 illis
1993 2257 2165 2329 magis
2203 2256 2376 2320 abest,
2418 2265 2512 2310 aut
2545 2255 2778 2331 amplius
2807 2255 2979 2325 inest;
3011 2253 3277 2310 ridiculus
3320 2254 3411 2309 hic

1858 2348 2075 2404 illorum
2104 2348 2321 2418 animus
2344 2363 2408 2402 ac
2434 2363 2629 2414 sensus
2657 2355 2758 2401 est.
2795 2345 2922 2401 Sive
2958 2346 3101 2410 enim
3134 2345 3330 2416 stirpes
3357 2355 3414 2401 et

1857 2439 2056 2508 planta:
2079 2439 2258 2509 magis
2275 2438 2584 2506 materiales
2613 2443 2759 2500 sunt,
2787 2437 3056 2513 quomodo
3081 2437 3411 2492 conveniens

1857 2544 2030 2600 exque
2053 2530 2286 2594 ratione,
2333 2535 2394 2584 ut
2429 2543 2496 2584 eo
2534 2527 2678 2600 quod
2712 2527 2951 2584 deterius
2985 2537 3086 2593 est,
3128 2528 3184 2582 in
3227 2528 3410 2582 cibum

1855 2620 2166 2692 victumque
2196 2621 2447 2690 utamur?
2467 2621 2582 2676 sive
2606 2620 2780 2690 major
2803 2619 2856 2674 in
2878 2621 2959 2676 eis
2980 2619 3276 2678 estdivina
3301 2619 3412 2674 vir-

1856 2717 1966 2773 tus,
2006 2719 2136 2766 sunt
2173 2711 2480 2779 istiusmodi
2526 2712 2582 2782 in
2619 2713 2801 2782 cibum
2846 2711 3017 2776 utilia,
3057 2726 3178 2767 cum
3220 2710 3412 2782 animai

1854 2799 2088 2859 facultas
2115 2803 2387 2859 nutriendi
2417 2813 2577 2874 atque
2602 2809 2948 2876 augmentum
2980 2799 3211 2874 faciendi
3238 2800 3410 2871 magis

1854 2909 2114 2965 corporea
2145 2909 2210 2950 ac
2253 2895 2490 2950 crassior
2521 2894 2611 2950 sit.

1925 2983 2081 3050 Quod
2121 2992 2300 3040 autem
2340 3000 2372 3038 a
2417 2984 2625 3056 nuptiis
2670 2997 2837 3065 reque
2869 2997 3097 3045 venerea
3144 2997 3203 3040 se
3242 2981 3411 3038 absti-

1854 3084 2038 3152 neant,
2068 3085 2375 3133 metuentes
2415 3093 2482 3132 ne
2520 3093 2618 3148 per
2645 3077 2867 3148 generis,
2891 3077 3290 3136 successionem
3321 3076 3407 3130 di-

1853 3167 1981 3222 vina
2012 3168 2186 3223 virtus
2215 3168 2269 3222 in
2299 3169 2526 3224 materia
2555 3168 2727 3238 magis
2753 3167 3038 3232 inhabitet,
3083 3168 3254 3222 miror
3275 3182 3410 3237 quo-

1855 3259 2017 3329 modo
2053 3258 2138 3314 vel
2174 3259 2278 3330 ipsi
2310 3274 2369 3314 se
2410 3259 2582 3330 ipsos,
2628 3257 2774 3330 quod
2809 3259 2882 3312 ita
2919 3259 3182 3324 sentiunt,
3214 3259 3411 3313 admit.

186 3351 441 3422 πρόνοια,
471 3349 613 3403 ῶστε
633 3352 726 3405 καὶ
748 3350 835 3406 διὰ
859 3333 1145 3420 γενέσεων,
1175 3353 1267 3406 καὶ
1307 3351 1394 3406 διὰ
1420 3352 1525 3420 τῶν
1552 3353 1635 3407 ἀεὶ
1660 3355 1752 3407 καὶ

1854 3358 1990 3422 tant.
2023 3349 2082 3417 Si
2119 3351 2262 3406 enim
2307 3365 2408 3406 nec
2455 3350 2550 3406 Dei
2581 3349 2920 3422 providentia
2962 3349 3176 3418 suilicit,
3205 3359 3265 3404 ut
3294 3362 3409 3420 tum

185 3437 450 3502 ὡσαύτως
497 3438 726 3508 ἑχόντων
780 3439 1312 3511 ἀποικονομήσασθαι
1366 3441 1462 3512 τῆς
1493 3439 1623 3518 ὕλης
1657 3441 1754 3511 τὴν

187 3531 334 3586 θείαν
365 3530 619 3600 δύναμιν,
660 3531 742 3595 τίς
797 3532 831 3604 ἡ
877 3531 967 3586 τοῦ
1007 3531 1304 3602 Μανιχαίου
1360 3531 1568 3585 ὲπίνοια
1615 3531 1754 3603 ὑπὲρ

185 3622 384 3676 τούτου
409 3623 917 3696 διαμηχανήσασθαι
941 3623 1158 3679 δύναται
1181 3639 1195 3690 ;
1222 3623 1296 3677 Ού
1339 3623 1446 3694 γὰρ
1478 3623 1648 3696 δήπου
1672 3642 1755 3693 γι-

183 3715 431 3784 γανταίῳ
482 3714 723 3786 λήμματι
776 3715 852 3779 ὼς
899 3715 1111 3787 ἀληθῶς
1134 3733 1265 3788 φησι
1311 3715 1388 3786 τῷ
1414 3715 1533 3787 Θεῷ
1563 3716 1752 3788 βοηθὸς

181 3805 317 3876 πρὸς
358 3805 525 3858 τοῦτο
577 3805 873 3875 γεγονέναι,
913 3807 1020 3870 ἵνα,
1075 3806 1174 3870 τὰς
1227 3801 1466 3876 γενέσεις
1495 3808 1748 3881 ἀναιρῶν,

182 3901 458 3970 σύντομον
491 3899 688 3971 ποιήσῃ
746 3898 844 3970 τὴν
891 3900 990 3971 τῆς
1021 3899 1167 3970 θείας
1195 3899 1474 3970 δυνάμεως
1524 3900 1631 3975 ἀπὸ
1652 3901 1751 3972 τῆς

180 3988 308 4060 ὕλης
333 3987 720 4060 ἀναχώρησιν;

247 4083 318 4136 ’Δ
355 4080 417 4134 δὲ
447 4079 660 4149 λέγεται
691 4081 792 4150 ὑπὸ
819 4079 928 4136 τῶν
979 4083 1244 4152 ποιήσεων
1282 4082 1409 4152 περὶ
1433 4081 1542 4135 τῶν
1565 4083 1752 4152 γιγάν-

179 4189 299 4236 των,
326 4173 599 4242 ἄντικρυς
627 4171 792 4242 μῦθός
817 4174 983 4226 ἐστιν.
1029 4175 1094 4245 0i
1141 4173 1239 4246 μὲν
1266 4173 1374 4244 γὰρ
1399 4175 1526 4245 περὶ
1551 4174 1750 4231 τούτων

178 4263 561 4327 διατά-ποντες
589 4265 644 4315 ὲν
675 4263 1015 4336 ἀλληγορίαις
1032 4264 1101 4318 τὰ
1122 4265 1342 4318 τοιαῦτα
1367 4268 1746 4338 προφέρονται,

178 4354 235 4406 τὸ
259 4349 471 4427 σεμνὸν
520 4353 616 4408 τοῦ
648 4354 802 4422 λόγου
844 4355 1282 4426 ἀποκρύπτοντες
1312 4360 1376 4428 τῇ
1423 4357 1517 4410 τοῦ
1578 4359 1746 4430 μύθου

183 4446 310 4518 ἰδέᾳ·
343 4441 469 4500 οἷον
497 4445 627 4498 ὅταν
673 4444 843 4516 ἡτῶν
887 4445 1151 4499 Ἰουδαίων
1202 4447 1407 4520 ἱστορία
1451 4450 1546 4519 φῇ,
1586 4439 1747 4516 ’Τοὺς

179 4538 487 4607 ἀγγέλους
546 4535 675 4603 ταῖς
724 4536 1047 4606 θυγατράσι
1104 4536 1222 4589 τῶν
1290 4538 1613 4607 ἀνθρώπων
1660 4543 1748 4608 είς

179 4626 555 4696 ἀφροδισίων
605 4628 1078 4694 συνεληλυθέναι
1127 4627 1312 4697 μίξινσ
1348 4632 1447 4695 τὰς
1491 4632 1598 4704 γὰρ
1623 4632 1746 4704 θρε-

179 4721 383 4784 πτικάς
407 4719 664 4790 δυνάμεις
685 4719 784 4789 τῆς
812 4719 984 4790 ψυχῆς
1006 4719 1114 4773 ἀπὸ
1138 4721 1244 4774 τῶν
1277 4722 1386 4776 ἄνω
1416 4724 1507 4776 ἐπὶ
1526 4717 1599 4778 ’τά
1616 4723 1741 4794 τῇδε

180 4812 214 4882 ὴ
238 4811 474 4880 τοιαύτη
507 4810 750 4882 προφορά
799 4810 893 4864 τοῦ
925 4811 1083 4879 λόγου
1127 4813 1397 4883 σημαίνει.
1429 4815 1489 4867 Οἱ
1521 4801 1742 4886 ποιητιύ⁵

171 4903 225 4976 δὲ
243 4944 258 4964 ,
289 4905 364 4957 ἐκ
414 4901 527 4971 γῆς
555 4902 854 4968 ἐνόπλους
884 4900 1174 4972 ἀνασχεῖν
1200 4899 1444 4969 λέγοντες
1478 4897 1743 4964 τούτους,

173 4989 273 5045 εἶτ’
306 4992 498 5057 εὐθὺς
529 4991 677 5058 πρὸς
704 4990 877 5056 θεοὺς
903 4990 1238 5060 ἑπάραντας
1263 4986 1654 5056 ἀπολωλέναι,
1687 4989 1750 5043 τὸ

176 5085 306 5153 ταχὺ
340 5082 441 5136 καὶ
472 5081 737 5152 ἐπίκηρον
755 5080 864 5134 τῶν
893 5081 1156 5151 σωμάτων
1185 5080 1585 5152 ὑποδηλοῦντες,
1607 5079 1749 5135 οὕτω

174 5176 273 5246 τὴν
317 5174 543 5245 ποίησιν
591 5175 672 5236 είς
723 5172 1079 5241 ψυχαγωγίαν
1127 5171 1206 5242 τῷ
1250 5171 1486 5244 θαύματι
1517 5188 1748 5226 κατακο-

176 5265 433 5336 apo-33w.
454 5265 518 5318 Oi
546 5263 624 5329 δὲ,
650 5263 802 5318 οὐδὲν
830 5263 1029 5327 εἰδότες
1059 5263 1280 5329 τούτων,
1315 5263 1439 5318 ἔνθα
1465 5265 1511 5318 δ’
1539 5264 1605 5318 ἂν
1638 5281 1746 5317 πα-

183 5355 518 5428 ραλογισμοῦ
546 5373 689 5418 τινος
718 5354 1017 5426 εὐπορῆσαι
1044 5353 1322 5420 δύνωνται,
1343 5353 1749 5423 ὁπόθενδήποτε

181 5452 360 5505 έκεῖνο
401 5451 627 5521 ἒρμαῖον
677 5446 882 5500 έαυτῶν
921 5446 1215 5510 ποιοῦνται,
1244 5447 1379 5518 ὅπερ
1407 5445 1749 5517 διαπραγμα-

185 5542 464 5614 τιυόμενοι
489 5540 548 5594 τὺ
578 5538 778 5610 ἀληθὲς
805 5538 955 5613 πάσῃ
983 5537 1143 5610 τέχνῃ
1168 5537 1642 5608 καταγωνίζονται.

298 5776 312 5803 ¹
353 5772 486 5826 Cen.
529 5785 667 5835 xxn,
702 5769 753 5844 i.
862 5773 884 5805 ³
913 5771 1040 5826 Gen.
1071 5788 1142 5835 vt,
1171 5772 1228 5830 2.

1853 3455 1949 3514 per
1979 3441 2376 3515 generationes,
2421 3449 2536 3496 tum
2568 3457 2664 3512 per
2694 3456 2757 3496 ea
2795 3456 2914 3512 quae
2953 3456 3161 3512 semper
3187 3441 3408 3496 eodem-

1853 3550 1959 3604 que
1986 3517 2148 3604 modo
2191 3547 2251 3590 se
2281 3531 2503 3600 habent,
2550 3533 2789 3588 divinam
2830 3533 3083 3588 virtutem
3114 3547 3145 3586 a
3183 3533 3408 3587 materia

1850 3627 2088 3703 eximat;
2114 3624 2244 3695 quid
2280 3623 2558 3696 Manichazi
2590 3625 2809 3679 solertia
2833 3632 2887 3679 et
2915 3622 3186 3679 subtilitas
3213 3638 3333 3677 eam
3352 3624 3406 3677 in

1849 3735 1966 3776 rem
2011 3718 2312 3774 machinari
2364 3717 2576 3808 potest?
2615 3715 2753 3771 Num
2806 3716 3082 3772 enimvero
3163 3713 3407 3783 giganteo

1848 3828 2074 3871 munere
2104 3828 2232 3869 vere
2269 3809 2380 3868 Deo
2418 3811 2473 3880 in
2503 3809 2608 3865 hoc
2636 3809 2768 3866 dicit
2797 3808 3012 3880 adjutor
3040 3808 3319 3875 exsistere,
3345 3815 3406 3862 ut

1848 3904 2082 3960 sublatis
2107 3901 2549 3976 generationibus
2575 3901 2814 3956 divinam
2839 3902 3097 3956 virtutem
3127 3915 3158 3953 a
3178 3899 3402 3954 materia

1846 3993 1995 4055 brevi
2021 4003 2237 4066 praestet
2269 3995 2554 4067 recedere?

1924 4085 2056 4152 Quae
2096 4100 2225 4141 vero
2268 4093 2443 4156 poeta:
2482 4085 2549 4141 de
2591 4081 2898 4158 gigantibus
2937 4081 3180 4143 tradunt,
3223 4077 3400 4149 palam

1847 4176 2033 4249 fabula
2073 4171 2177 4231 εει.
2221 4174 2324 4240 Qui
2363 4175 2507 4229 enim
2549 4175 2616 4230 de
2659 4175 2740 4230 his
2780 4179 3049 4233 statuunt,
3082 4169 3188 4222 alio
3239 4181 3400 4237 quam

1846 4268 2012 4323 verba
2041 4274 2256 4328 sonent,
2290 4281 2484 4330 sensu,
2516 4267 2645 4320 talia
2666 4265 2968 4337 proferunt,
3002 4259 3195 4319 fabula:
3224 4256 3404 4326 specie

1847 4359 2116 4436 sermonis
2165 4359 2394 4429 gratiam
2434 4344 2802 4428 contegentcs,
2846 4365 2907 4412 ut
2944 4371 3066 4410 cum
3106 4355 3271 4410 refert
3303 4347 3403 4406 Ju~

1847 4451 2086 4506 daeorum
2115 4451 2382 4508 historia'
2409 4470 2422 4505 :
2461 4450 2670 4505 Venisse
2702 4449 2910 4522 angelos
2942 4457 2999 4502 ut
3033 4464 3148 4502 cum
3188 4445 3400 4516 ﬁliabus

1846 4542 2111 4610 hominum
2138 4542 2626 4606 commiscerentur;
2661 4557 2852 4612 nempe
2879 4538 3025 4610 quod
3045 4541 3117 4593 ita
3153 4539 3400 4610 loquitur

1849 4633 1954 4689 hoc
1992 4634 2328 4704 signiﬁcans,
2364 4633 2510 4690 vires
2557 4635 2751 4688 anima:
2793 4647 2914 4703 qute
2958 4631 3258 4687 inserviunt
3297 4645 3400 4684 nu-

1845 4726 2075 4797 tritioni,
2117 4741 2148 4797 a
2192 4725 2445 4797 supernis
2485 4724 2552 4779 ad
2603 4733 2816 4780 terrena
2865 4722 3182 4779 descivisse.
3222 4719 3400 4775 Poeta:

1847 4822 2025 4871 autem
2059 4815 2153 4887 qui
2196 4816 2402 4879 dicant,
2449 4814 2577 4879 Eos,
2613 4830 2728 4868 cum
2763 4812 2957 4881 armati
2983 4829 3011 4866 e
3045 4819 3184 4865 terra
3229 4823 3394 4863 emer-

1845 4908 2060 4974 sissent,
2110 4915 2253 4971 mota
2309 4908 2490 4975 statim
2543 4909 2597 4960 in
2644 4907 2766 4959 deos
2821 4904 3093 4959 rebellione
3141 4901 3396 4970 periisse;

1845 5005 1904 5052 ut
1926 4998 2188 5058 caducam
2219 4999 2519 5069 celerisque
2547 4998 2804 5054 interitus
2837 5010 3126 5067 corporum
3160 4992 3394 5048 indolem

1839 5087 2201 5154 insinuarent,
2233 5090 2288 5143 in
2327 5089 2471 5143 hunc
2501 5089 2718 5144 modum
2749 5087 3166 5144 recreandorum
3206 5100 3273 5140 ex
3313 5083 3392 5138 rei

1839 5179 2104 5233 miraculo
2151 5180 2453 5234 animorum
2499 5196 2666 5236 causa
2731 5181 2924 5250 poesin
2988 5183 3276 5234 exornant.
3325 5172 3391 5227 lii

1839 5283 1987 5332 vero,
2013 5284 2135 5323 cum
2164 5269 2300 5323 nihil
2329 5270 2520 5325 horum
2551 5270 2874 5341 intelligant,
2911 5269 3005 5324 ubi
3035 5267 3200 5322 ullius
3229 5279 3389 5338 para-

1836 5357 2053 5428 logismi
2105 5374 2294 5414 ansam
2337 5361 2581 5420 nancisci
2610 5361 2843 5423 licuerit,
2879 5359 3236 5425 undecunque
3268 5363 3389 5410 tan-

1839 5448 1962 5504 dem
2013 5449 2118 5506 sibi
2164 5451 2438 5508 inventum
2488 5451 2642 5508 avide
2683 5450 2971 5521 arripiunt,
3013 5457 3068 5505 et
3119 5447 3186 5502 ad
3236 5462 3388 5503 ever-

1838 5540 2057 5595 tendam
2088 5556 2306 5613 quoquo
2339 5549 2497 5613 pacto
2523 5540 2803 5598 veritatem
2830 5539 2978 5595 omni
3022 5545 3136 5594 arte
3161 5550 3386 5592 consur-

1840 5639 1990 5702 gunL
