3906 6194
594 338 697 397 M7

1397 338 1792 398 ALEXANDRI
1829 339 2325 402 LYCOPOLITANJ
2352 340 2439 395 DE
2478 339 2741 396 PLACIT.
2764 340 3042 400 HANICH.
3075 385 3083 392 .
3619 355 3696 412 με

1227 471 1356 533 CAP.
1384 473 1572 531 XXVI.
1608 474 1752 548 Ignis
1781 475 2142 532 Manichaicus
2176 485 2411 533 uexatus.
2444 474 2594 547 Ignis
2625 476 2737 542 ille,
2763 478 2879 546 ipsa
2912 479 3146 533 materia.

657 593 803 668 Ignis
847 605 1026 652 autem
1077 595 1199 662 ille,
1259 596 1451 652 urendi
1499 597 1718 667 quidem
1766 596 1820 651 vi
1863 598 2133 668 praeditus,

2315 597 2388 650 Τὸ
2420 596 2477 650 δὲ
2516 595 2626 668 πῦρ
2653 595 2833 658 αὐτοῖς
2860 595 2919 648 τὸ
2962 594 3237 649 καυστικὺν
3283 597 3388 666 μὲν,
3431 597 3623 668 ἀφεγγὲς
3640 603 3694 666 δὲ,

590 688 725 744 nihil
765 692 948 742 tamen
979 688 1117 744 lucis
1159 688 1388 752 habens,
1433 690 1522 759 qui
1563 690 1634 745 sit
1669 697 1822 744 extra
1859 690 2143 757 mundum,

587 793 824 851 quonam
845 779 924 836 eis
947 780 1065 833 loco
1087 780 1371 835 consistit?
1395 778 1528 834 Nam
1556 781 1602 836 si
1622 781 1838 850 quidem
1861 781 1915 837 in
1946 786 2147 841 mundo

587 878 692 936 est,
737 886 836 927 cur
882 872 1118 928 mundus
1160 871 1424 929 hactenus
1475 873 1763 929 incolumis
1802 875 2148 944 perseverat?

587 961 721 1016 Nam
765 962 810 1018 si
855 963 1147 1034 aliquando
1199 964 1398 1035 ipsum,
1449 963 1499 1020 ei
1541 965 1974 1036 propinquando,
2026 982 2149 1022 cor-

587 1064 820 1125 rumpet,
852 1071 997 1112 nunc
1023 1071 1238 1128 quoque
1288 1055 1392 1127 ipsi
1444 1056 1775 1126 conjunctus
1806 1066 1910 1113 est.
1955 1057 2012 1112 Si
2049 1074 2146 1113 au-

586 1154 694 1201 tem
720 1161 965 1203 seorsum
991 1155 1098 1213 est,
1130 1149 1276 1204 velut
1310 1149 1366 1202 in
1394 1149 1618 1221 propria
1651 1150 1780 1205 sede
1808 1165 1873 1205 ac
1902 1150 2022 1206 loco
2057 1168 2148 1206 su-

586 1235 790 1299 blimis,
819 1235 950 1306 quid
977 1249 1166 1307 postea
1195 1247 1255 1298 ut
1283 1237 1337 1291 in
1369 1239 1631 1292 mundum
1662 1236 1944 1293 delabatur
1975 1239 2025 1294 ei
2053 1254 2146 1300 ac-

586 1323 769 1381 cidet?
823 1327 932 1382 Aut
987 1343 1096 1398 quo
1142 1329 1304 1384 modo
1347 1345 1378 1385 e
1421 1330 1542 1384 loco
1590 1344 1690 1385 suo
1733 1329 1986 1394 excedet,
2037 1347 2146 1400 qua

585 1419 932 1487 necessitate,
979 1421 1206 1492 cujusve
1249 1438 1516 1480 excussus
1563 1423 1852 1480 violentia?
1886 1423 2140 1490 Quanam

585 1526 718 1568 vero
747 1513 909 1566 etiam
937 1512 1079 1584 ignis
1111 1514 1412 1572 substantia
1447 1517 1620 1587 possit
1649 1516 1872 1586 intelligi
1900 1517 2017 1573 sine
2041 1533 2141 1590 pa-

585 1601 749 1659 bulo?
799 1603 907 1658 Aut
942 1607 1214 1675 quomodo
1260 1607 1543 1663 humidum
1591 1609 1667 1663 illi
1716 1610 1972 1680 pabulum
2019 1613 2145 1666 est?

585 1692 690 1748 nisi
725 1694 870 1764 quod
907 1711 1025 1766 quae
1055 1696 1122 1752 de
1150 1699 1242 1753 illo
1275 1713 1341 1754 ex
1386 1709 1591 1754 natura:
1625 1699 1798 1771 magis
1837 1701 2142 1759 rationibus

583 1781 864 1848 dicuntur,
904 1800 1011 1839 non
1041 1796 1124 1841 est
1152 1787 1316 1856 hujus
1345 1795 1609 1846 tractatus
1649 1789 1972 1861 disquirere.
2005 1793 2141 1847 lllud

582 1879 761 1928 autem
798 1889 863 1928 ex
909 1876 992 1932 his
1023 1893 1141 1948 qua:
1172 1879 1316 1934 dicta
1345 1888 1492 1945 sunt,
1529 1897 1757 1951 prorsus
1791 1883 2139 1940 manifestum

2245 686 2306 739 τὸ
2331 685 2485 748 ἐκτὸς
2503 685 2597 738 τοῦ
2638 685 2862 756 κόσμου,
2907 682 3008 737 ποῦ
3061 684 3290 754 ἴδρυται;
3320 687 3378 738 Et
3409 687 3491 756 μὲν
3520 688 3607 759 γὰρ
3633 691 3696 743 ἐπὶ

2245 778 2335 831 τὸν
2356 778 2578 849 κόσμον,
2605 779 2659 831 τί
2694 778 2755 830 τὸ
2794 777 2960 831 αἴτιον
2999 776 3090 829 τοῦ
3115 778 3287 848 ἀπαθῆ
3318 774 3438 832 εἶναι
3476 779 3605 851 μέχρι
3631 782 3696 835 τοῖς

2247 869 2507 942 παρόντος
2533 869 2624 923 τὸν
2647 869 2848 939 κόσμον
2873 886 2886 934 ;
2932 871 2993 922 Ei
3042 869 3146 940 γὰρ
3170 869 3423 939 διαφθερεῖ
3451 887 3556 922 ποτε
3586 873 3700 924 αὐτὸν

2245 961 2568 1033 πλησιάσειν,
2599 962 2692 1015 καὶ
2723 961 2815 1015 νῦν
2844 961 2980 1031 πρὸς
3009 960 3164 1014 αὑτὸν
3191 959 3454 1029 συνῆπται.
3485 961 3537 1012 El
3557 960 3602 1012 δὲ
3623 978 3701 1030 χωι

2247 1052 2332 1124 ρίς
2371 1055 2536 1118 ἐστιν,
2567 1049 2675 1105 οἷον
2693 1053 2766 1116 ὡς
2788 1054 2843 1105 ὲν
2871 1053 2986 1120 ἰδίῳ
3022 1053 3165 1122 τόπῳ
3211 1052 3474 1123 μετέωρον,
3501 1054 3542 1104 τί
3579 1052 3703 1113 παθὸν

2247 1146 2469 1218 ὕστερον
2501 1146 2820 1205 ὲπιπέσεται
2857 1145 2934 1217 τῷ
2977 1146 3194 1216 κόσμῳ;
3241 1147 3306 1198 Ἦ
3351 1145 3454 1208 πῶς
3490 1144 3566 1197 τοῦ
3610 1145 3703 1198 ἰδίου

2244 1238 2408 1291 τόπου
2442 1238 2759 1309 ὲκστήσεται
2789 1237 2890 1291 ὑπό
2911 1255 3054 1300 τινος
3077 1238 3306 1308 ἀνάγκης
3329 1237 3416 1289 καί
3444 1235 3571 1305 βίαςς
3609 1237 3706 1289 Τίνα

2243 1327 2300 1381 δὲ
2325 1329 2418 1382 καὶ
2439 1328 2569 1399 ὕλης
2599 1329 2763 1400 χωρὶς
2790 1330 2985 1381 ἐννοεῖν
3014 1326 3109 1380 τοῦ
3143 1327 3308 1398 πυρὸς
3340 1325 3616 1388 ὑπόστασινς
3654 1325 3705 1376 Ἦ

2246 1419 2362 1482 πῶς
2388 1418 2450 1471 τὸ
2487 1418 2651 1489 ὑγρὸν
2675 1418 2846 1488 τούτῳ
2871 1417 3016 1470 ἐστὶν
3045 1419 3216 1488 τροφῇ
3236 1431 3250 1480 ;
3274 1416 3308 1486 ἦ
3329 1416 3419 1467 ὅσα
3437 1413 3618 1481 λέγεται
3638 1427 3708 1479 ou-

2245 1510 2558 1582 σικὼτερον,
2591 1511 2650 1564 οὐ
2675 1509 2768 1566 τοῦ
2797 1509 3054 1581 παρόντος
3094 1508 3247 1576 λόγου
3285 1505 3438 1559 ἐστίν.
3474 1504 3637 1556 Ἐκεῖνο
3668 1500 3708 1553 δὲ

2243 1604 2459 1666 πάντως
2485 1621 2586 1656 που
2640 1603 2868 1675 φανερὸν
2925 1604 2990 1655 ὲκ
3047 1601 3159 1655 τῶν
3206 1598 3504 1673 εἰρημένων.
3545 1595 3603 1646 Th
3633 1592 3710 1664 γὰρ

2243 1695 2352 1766 πῦρ
2377 1695 2470 1749 τοῦ
2500 1697 2700 1768 κόσμου
2722 1697 2876 1760 ἐκτὸς
2903 1696 3143 1767 ἀκριϐῶς
3179 1696 3320 1748 ἐστιν
3346 1694 3375 1762 ἡ
3402 1688 3621 1759 λεγομένη
3645 1687 3710 1739 ὑπ’

2241 1789 2419 1844 αὐτῶν
2444 1790 2564 1862 ὕλη⁸
2597 1790 2892 1861 ἐπειδήπερ
2917 1792 2945 1842 ό
2969 1790 3119 1859 ἥλιος
3165 1788 3254 1841 καὶ
3283 1787 3316 1856 ἡ
3348 1783 3522 1854 σελήνη
3542 1777 3710 1848 καθαροὶ

2240 1883 2491 1956 καθαρῶν
2521 1883 2671 1947 ὄντες
2699 1883 2785 1936 διὰ
2831 1883 2930 1953 τῆς
2972 1881 3125 1945 Θείας
3172 1879 3434 1948 δυνάμεως
3451 1869 3710 1939 ἀπεζεύχθη-

581 1970 683 2018 est.
713 1962 858 2034 Ignis
895 1965 1039 2021 enim
1082 1977 1233 2022 extra
1259 1969 1521 2025 mundum
1550 1974 1881 2040 consistens,
1917 1975 2133 2031 omnino

2241 1991 2339 2029 σαν
2366 1974 2459 2029 τοῦ
2493 1975 2662 2046 πυρὸς
2693 1975 2901 2037 τούτου,
2931 1973 3082 2026 οὐδὲν
3109 1969 3307 2024 ἑαυτῶν
3332 1970 3386 2021 ἐν
3414 1964 3483 2036 τῷ
3500 1964 3606 2034 πυρὶ
3623 1959 3710 2013 τού-

579 2063 847 2126 estquam
877 2056 981 2128 ipsi
1013 2067 1206 2114 vocant
1239 2063 1516 2118 materiam
1543 2083 1554 2118 :
1588 2066 2025 2137 quandoquidem
2057 2068 2140 2124 sol

578 2157 631 2205 et
663 2149 814 2217 luna,
849 2152 971 2221 puri
1005 2167 1264 2223 purorum
1307 2155 1486 2209 divina
1523 2157 1726 2212 virtute
1763 2159 1831 2213 ah
1866 2159 1968 2215 hoc
2015 2160 2139 2231 igne

576 2243 809 2314 sejuncti
849 2253 996 2309 sunt,
1042 2247 1190 2302 nulla
1228 2261 1448 2304 suarum
1488 2250 1822 2320 partium'in
1865 2251 1968 2306 hoc
2014 2254 2138 2324 igne

576 2335 785 2392 relicta.
819 2336 949 2393 Erat
980 2337 1068 2393 hic
1090 2338 1229 2408 ignis
1265 2339 1381 2410 ipsa
1410 2355 1505 2410 per
1535 2355 1594 2395 se
1616 2341 1862 2406 materia,
1894 2342 1962 2397 ab
1987 2344 2136 2402 omni

574 2442 701 2486 cum
750 2429 935 2485 divina
978 2430 1179 2486 virtute
1224 2446 1450 2501 prorsus
1505 2440 1747 2488 semotus
1785 2435 2134 2490 commercio.

573 2519 934 2605 Quamobrem
979 2524 1072 2578 ubi
1117 2523 1351 2579 mundus
1394 2525 1543 2578 omni
1589 2525 1768 2580 divina
1815 2527 2016 2583 virtute
2056 2528 2134 2584 illi

573 2613 898 2670 adversante
934 2607 1325 2681 evacuabitur,
1353 2613 1620 2683 ejusmodi
1657 2631 1849 2671 rursus
1878 2617 2018 2688 ignis
2049 2633 2135 2674 re-

575 2702 875 2775 linquetur;
909 2719 1144 2775 quonam
1188 2705 1355 2775 igitur
1399 2704 1561 2759 modo
1611 2704 1751 2775 ignis
1786 2713 1880 2760 aut
1925 2707 2129 2778 aliquid

572 2804 902 2867 corrumpet,
953 2805 1045 2850 aut
1085 2797 1153 2852 ab
1196 2811 1262 2851 eo
1293 2797 1718 2868 corrumpetur?
1750 2797 1832 2853 Ah
1881 2813 1947 2853 eo
1982 2798 2129 2858 enim

570 2886 716 2956 quod
745 2886 921 2942 simile
958 2893 1061 2950 est,
1109 2901 1217 2940 non
1245 2885 1402 2942 video
1438 2902 1546 2958 qua
1596 2889 1805 2942 ratione
1836 2888 1908 2943 sit
1949 2888 2130 2944 futura

570 2979 870 3050 corruptio.
905 2977 1060 3045 Quod
1109 2979 1254 3034 enim
1291 2979 1381 3034 ﬁet
1432 2980 1688 3043 materia,
1740 2979 1925 3035 divina
1968 2981 2036 3036 ab
2064 2996 2128 3036 ea

571 3072 771 3126 virtute
799 3071 1068 3142 sejuncta,
1109 3070 1214 3127 hoc
1239 3079 1356 3126 erat
1397 3072 1716 3143 priusquam
1742 3073 1924 3129 divina
1954 3075 2128 3131 virtus

570 3177 692 3217 cum
723 3177 788 3216 ea
829 3161 1290 3219 commisceretur.
1329 3162 1387 3218 Si
1415 3164 1632 3234 quidem
1682 3164 1846 3234 igitur
1878 3165 2123 3230 materia,

568 3251 754 3307 divina
783 3252 1041 3309 destituta
1069 3254 1270 3310 virtute
1302 3256 1541 3326 peritura
1575 3263 1679 3322 est,
1710 3256 1900 3326 quidni
1941 3257 2121 3328 periit,
2152 3292 2194 3352 α

569 3347 861 3412 antequam
895 3343 1058 3399 etiam
1093 3344 1331 3401 divinam
1370 3346 1627 3402 virtutem
1663 3347 1901 3404 ullumve
1927 3363 2127 3405 munus

567 3435 860 3492 creationis
891 3446 1350 3509 consequeretur;
1378 3446 1438 3494 ut
1473 3441 1732 3510 deinceps
1773 3441 2003 3496 materia
2033 3457 2128 3512 pe-

565 3536 706 3594 reat,
740 3536 794 3586 et
837 3528 893 3584 in
938 3529 1208 3587 inﬁnitum
1250 3532 1303 3586 id
1347 3531 1542 3586 faciat?
1587 3531 1655 3586 Et
1696 3533 1828 3603 quid
1867 3533 2128 3604 prodest?

567 3619 724 3689 Quod
756 3620 900 3678 enim
932 3637 996 3678 ex
1034 3622 1208 3693 prima
1238 3623 1514 3678 voluntate
1553 3621 1758 3678 factum
1780 3639 1891 3678 non
1923 3631 2026 3690 est,
2059 3641 2126 3680 ex

566 3714 818 3785 sequenti
847 3715 1123 3787 quomodo
1157 3715 1285 3771 (iet?
1317 3722 1411 3770 aut
1443 3730 1689 3787 quamam
1717 3714 1827 3770 Deo
1869 3717 2029 3783 ratio,
2065 3725 2126 3772 ut

564 3812 781 3880 negotia
833 3808 1067 3874 differat,
1105 3823 1225 3879 quae
1264 3825 1333 3866 ne
1375 3809 1432 3864 in
1476 3809 1595 3864 viro
1641 3809 1858 3880 quidem
1901 3824 1961 3866 se
1991 3810 2127 3866 bene

565 3899 769 3956 habere
810 3902 980 3957 videri
1009 3908 1249 3972 queant;
1285 3901 1395 3956 illis
1427 3901 1572 3957 enim
1600 3901 1756 3972 quod
1788 3901 2125 3974 impossibile

567 3996 640 4052 sit
671 3996 975 4052 deliberare
1003 3995 1244 4067 proclive
1293 3995 1510 4050 dicatur
1537 4004 1864 4066 competere.
1899 3995 1995 4068 qui
2041 3994 2123 4051 fa-

564 4085 740 4153 ciunt,
773 4095 834 4142 ut
875 4103 975 4142 nec
1002 4094 1135 4142 tunc
1163 4086 1330 4141 velint
1372 4101 1496 4140 cum
1526 4087 1786 4157 possibile
1813 4094 1916 4144 est.
1953 4085 2125 4142 Caete-

565 4193 709 4244 rum,
738 4179 841 4234 nisi
863 4178 990 4249 quid
1009 4178 1176 4243 aliud,
1197 4177 1365 4233 Deum
1384 4191 1548 4248 supra
1570 4178 1862 4234 essentiam
1891 4185 1945 4232 et
1963 4191 2124 4248 quem

563 4269 772 4335 dicunt,
793 4271 940 4325 velut
969 4285 1164 4326 novam
1193 4271 1481 4341 quamdam
1504 4271 1784 4324 materiam
1818 4268 2082 4323 inducunt
2106 4285 2118 4319 :

563 4377 665 4418 nec
693 4376 812 4416 eam
843 4360 1082 4431 quidem,
1112 4377 1275 4432 quam
1296 4361 1398 4415 viri
1431 4361 1724 4432 prudentes
1756 4360 1979 4415 omnino
1997 4374 2125 4414 con-

561 4453 807 4524 iunctam
847 4452 1192 4519 existimant,
1243 4461 1337 4508 aut
1378 4470 1499 4525 qua:
1537 4453 1778 4509 omnium
1821 4459 2120 4508 extremum

561 4551 668 4610 est,
699 4542 896 4615 vixque
925 4543 980 4598 in
1003 4552 1236 4600 tuentem
1268 4552 1326 4600 ut
1359 4561 1477 4601 eam
1507 4546 1671 4601 homo
1708 4544 1993 4617 intelligat,
2022 4561 2118 4600 ve-

2237 2085 2314 2138 τῳ
2343 2067 2723 2136 ὑπολείψαντες
2745 2065 2926 2137 μέρος.
2959 2064 3133 2118 Τοῦτο
3153 2059 3218 2134 ἦν
3241 2065 3272 2132 ἡ
3305 2059 3397 2128 ὕλη
3425 2057 3529 2108 καθ’
3550 2052 3710 2120 ἑαυτὴν.

2237 2162 2296 2215 τὸ
2320 2157 2560 2232 ἀκριϐῶς
2588 2160 2814 2229 ἄμικτον
2844 2157 2980 2228 πρὸς
3006 2156 3107 2228 τὴν
3153 2155 3298 2209 θείαν
3321 2151 3542 2220 δύναμιν.
3578 2145 3711 2202 Ὥστε»

2235 2255 2301 2308 ἂν
2321 2251 2525 2323 κενωθῇ
2555 2251 2755 2322 κόσμος
2794 2249 2893 2318 τῆς
2949 2251 3072 2302 κατ’
3102 2246 3263 2301 αὑτοῦ
3299 2244 3549 2313 δυνάμεως
3590 2235 3711 2296 θείας.

2236 2346 2396 2399 πάλιν
2467 2344 2709 2398 τοιοῦτον
2755 2341 3212 2413 ὑπολειφθήσεταί
3269 2336 3394 2408 πῦρ,
3441 2333 3544 2395 πῶς
3581 2324 3712 2382 οὖνώ

2235 2440 2345 2507 πῦρ
2374 2435 2406 2506 ἢ
2431 2434 2706 2506 διαφθερεῖ
2733 2452 2807 2499 τι,
2853 2433 2886 2504 ἢ
2937 2433 3026 2485 ὑπ’
3063 2433 3223 2487 ἄλλου
3257 2427 3587 2499 φθαρήσεται;
3612 2415 3712 2507 Πρὸς

2233 2506 2341 2597 γὰρ
2372 2525 2463 2578 τοῦ
2490 2526 2672 2596 ὁμοίου
2706 2527 2803 2596 οὐχ
2832 2525 2942 2596 ὁρῶ
2970 2525 3090 2588 πῶς
3124 2524 3398 2593 γενήσεται
3437 2519 3464 2587 ἡ
3491 2511 3646 2584 φθορά.
3666 2506 3710 2558 Ὃ

2232 2619 2339 2689 γὰρ
2360 2619 2643 2689 γενήσεται
2675 2617 2850 2689 ἡῦλη,
2906 2620 3004 2688 τῆς
3053 2616 3208 2679 θείας
3251 2611 3511 2681 δυνάμεως
3535 2602 3710 2666 ἀτωζευ·

2231 2709 2439 2781 χθεῑσα,
2469 2709 2611 2763 τοῦτ’
2630 2705 2698 2781 ἦν
2722 2709 2850 2781 πρὶν
2881 2711 2976 2763 καὶ
3003 2709 3271 2780 μεμίχθαι
3313 2704 3440 2776 πρὸς
3467 2697 3604 2768 αὐτὴν
3641 2693 3711 2762 τὴν

2231 2801 2378 2860 θείαν
2408 2801 2654 2873 δύναμιν.
2686 2802 2750 2856 Et
2796 2803 2973 2855 τοίνυν
3002 2801 3285 2855 ἀπολεῖται
3327 2792 3627 2867 ἐρημωθεῖσα
3642 2783 3712 2850 τῆς

2229 2893 2376 2958 θείας
2401 2895 2696 2966 δυνάμεως,
2718 2893 2805 2946 διὰ
2827 2894 2879 2946 τί
2903 2893 2974 2965 μὴ
2998 2894 3097 2947 καὶ
3117 2891 3360 2946 ἀπώλετο
3383 2886 3497 2956 πρὶν
3511 2882 3585 2934 καὶ
3605 2875 3713 2930 θείαν

2227 2985 2453 3058 δύναμιν
2479 2984 2728 3056 γενέσθαι
2751 2985 2783 3056 ἢ
2808 2984 2970 3055 ἄλλην
2999 2982 3380 3055 δημιουργίαν,
3412 2979 3490 3030 ἴνα
3508 2970 3712 3058 ἀπόληται

2227 3079 2261 3150 ἠ
2293 3053 2412 3148 ὅλη,
2437 3053 2530 3131 καὶ
2562 3075 2716 3130 τοῦτο
2739 3053 2938 3147 ποιήση
2979 3053 3180 3145 μέέρις
3209 3053 3461 3140 ἀπείρου;
3487 3061 3597 3150 Καὶ,
3617 3056 3655 3110 τί
3676 3053 3718 3105 τὸ

2226 3149 2412 3237 ὅ(Ρελοδῖ
2428 3184 2441 3232 ζ
2475 3169 2538 3220 Ὃ
2565 3167 2672 3238 γὰρ
2705 3164 2780 3238 μὴ
2801 3164 3013 3234 ἐγένετο
3043 3165 3106 3217 ὲκ
3148 3163 3242 3217 τοῦ
3285 3158 3483 3232 πρώτου
3511 3149 3719 3224 βουλήμα-

2226 3277 2335 3324 τος,
2356 3260 2472 3324 πῶς
2504 3262 2568 3313 ὲκ
2599 3258 2691 3312 τοῦ
2721 3257 2971 3330 δευτέρου
3004 3259 3334 3328 γενήσεται;
3386 3252 3417 3322 ἦ
3454 3249 3526 3311 τίς
3567 3241 3720 3307 ἀλόγος

2228 3351 2368 3424 Θεῷ,
2397 3351 2668 3405 ἀναθεῖναι
2695 3350 3012 3423 πράγματα,
3047 3349 3082 3404 ἃ
3119 3350 3235 3404 οὐδ’
3269 3348 3352 3401 ἐπ’
3389 3340 3630 3414 ἀνθρώπου
3653 3351 3721 3424 καί

2227 3423 2331 3510 λῶς
2357 3445 2499 3516 ἔχειν
2529 3445 2809 3509 ὑπονοεῖν;
2839 3443 2911 3497 Τὸ
2957 3443 3065 3514 γὰρ
3125 3442 3380 3503 ἀδύνατον
3429 3433 3640 3507 πρόσεστι
3662 3423 3719 3516 τῷ

2229 3511 2572 3608 βουλεόεσθαι
2609 3536 2702 3589 ἐπὶ
2750 3533 2858 3588 τῶν
2919 3511 3225 3589 ποιούντων
3449 3525 3519 3595 τῷ

2227 3627 2526 3700 βούλεσθαι,
2559 3627 2662 3681 κᾶν
2689 3622 2996 3701 δυνατόν’ῇ,
3027 3611 3341 3699 προχείρως
3364 3621 3539 3693 χρῆναι
3567 3611 3718 3701 λέγειν.

2227 3699 2372 3791 Πλὴν
2405 3721 2452 3772 εἰ
2488 3720 2561 3790 μή
2591 3736 2642 3772 τι
2668 3718 2871 3790 ἕτερον,
2896 3699 3028 3770 Θεὸν
3062 3720 3166 3772 καὶ
3198 3717 3289 3770 τὸν
3327 3712 3557 3775 ἐπέκεινα
3579 3699 3723 3791 οὐσίας

2225 3788 2702 3882 λέγουσιν,ῶσπερ
2746 3788 2936 3880 καινήν
2977 3826 3102 3862 τινα
3149 3809 3450 3877 εἰσάγουσιν
3489 3800 3616 3867 ὕλην·
3652 3788 3724 3882 καθ

2225 3905 2344 3974 οὐχὶ
2375 3904 2472 3975 τὴν
2498 3879 2889 3975 ὑπερηνμμένην
2917 3901 3067 3973 παρὰ
3122 3906 3238 3967 ⁶τοῖς
3264 3899 3385 3955 νοῦν
3405 3897 3606 3968 ἔχουσιν·
3627 3879 3724 3957 ἦνῆ

2228 3995 2302 4067 μὴ
2329 3996 2670 4050 παντάπασιν
2693 3992 2855 4054 οὖσαν
2893 3997 2921 4048 ὁ
2949 3995 3105 4063 λόγος
3137 3995 3396 4068 εὑρίσκει,
3421 3990 3448 4059 ἢ
3472 3985 3524 4039 τὸ
3549 3981 3724 4068 πάντων

2223 4066 2443 4158 ἔσχατον
2459 4090 2549 4163 καὶ
2573 4088 2728 4160 μόγις
2747 4089 2826 4152 είς
2853 4088 3055 4141 ἔννοιαν
3076 4066 3418 4160 ἀνθρωπίνην
3440 4066 3727 4163 ἀφικνεῖσθαι

2221 4159 2532 4251 δυνάμενον.
2577 4159 2756 4234 νἈλλὰ
2785 4179 2892 4252 γὰρ
2940 4179 3001 4232 τὸ
3029 4177 3145 4252 πῦρ
3193 4159 3257 4233 τδ
3302 4159 3726 4252 ἀφεγγὲςιᾶράλγῗ

2223 4247 2382 4323 πλέον
2409 4270 2554 4331 ἐστὶν
2576 4271 2674 4342 τῆς
2710 4247 3004 4342 μελλούσης
3034 4247 3476 4343 ἐρημωθήςεσθαι
3501 4247 3728 4324 ὒληςόπὺ

2220 4361 2318 4431 τῆς
2338 4361 2485 4426 θείας
2504 4362 2802 4434 δυνάμεως,
2832 4363 2864 4434 ἦ
2888 4362 3137 4428 ἐλαττονς
3179 4361 3320 4415 Ἀλλ’
3347 4359 3390 4411 εί
3421 4354 3504 4426 μὲν
3526 4347 3728 4400 ἓλαττονι

2222 4453 2338 4518 πῶς
2360 4458 2774 4524 καταγωνιεῖται
2801 4454 2861 4508 τὸ
2887 4454 3073 4518 πλέον;
3104 4457 3154 4508 εἰ
3196 4454 3254 4508 δὲ
3280 4450 3449 4510 πλέον,
3481 4436 3726 4524 ἐπανάγειν

2224 4545 2320 4616 μὲν
2348 4545 2478 4599 αὐτὸ
2499 4520 2814 4618 δυνήσεται,
2869 4544 2968 4615 τῆς
3017 4545 3190 4617 αὐτῆς
3230 4543 3290 4598 ὃν
3335 4537 3545 4611 φύσεως·
3566 4528 3616 4581 οὐ
3646 4520 3726 4618 μὴν

563 4637 681 4693 nire
701 4612 891 4717 possit.
918 4635 1207 4693 Enimvero
1237 4635 1377 4708 ignis
1405 4636 1497 4691 ille
1540 4612 2114 4706 tenebrosusiplusne

2229 4612 2511 4713 έιαφθείρει
2533 4655 2596 4707 γε
2614 4612 2768 4692 ταύτό·
2792 4612 2980 4710 ὥσπερ
3000 4637 3120 4692 οὐδὲ
3145 4612 3183 4691 ’ὁ
3207 4633 3395 4696 Νεῖλος
3425 4628 3539 4689 τοὺς
3558 4619 3634 4675 ἀπ’
3654 4612 3726 4667 αὓ-

562 4728 701 4783 valet
735 4743 896 4798 quam
930 4727 1176 4792 materia,
1222 4741 1342 4798 quae
1367 4727 1549 4782 divina
1589 4726 1882 4782 desolanda
1910 4727 2112 4783 virtute

2229 4728 2308 4783 toﬁ
2337 4730 2802 4802 ἀποτεμνομένους
2827 4731 3077 4794 κόλπους.

561 4828 664 4887 est,
695 4835 766 4876 an
795 4821 1013 4877 minus?
1043 4821 1121 4876 Ac
1144 4821 1192 4876 si
1224 4820 1443 4892 quidem
1494 4819 1698 4888 minus,
1755 4822 2026 4890 quomodo
2068 4823 2395 4893 expugnabit
2437 4798 2582 4894 quod
2615 4798 2704 4879 est
2745 4822 2957 4892 majus?
3006 4821 3101 4877 Sin
3141 4827 3327 4876 autem
3384 4820 3528 4887 plus,
3581 4798 3726 4894 θάξθ

563 4916 776 4986 quidem
815 4917 1076 4973 reducere
1103 4914 1320 4989 poterit,
1348 4933 1473 4974 cum
1497 4917 1568 4976 sit
1598 4914 1840 4988 ejusdem
1881 4926 2088 4972 natum
2120 4933 2133 4968 :
2168 4917 2314 4974 haud
2361 4927 2541 4976 tamen
2571 4925 2902 4990 corrumpet,
2917 4925 2978 4975 ut
3015 4932 3193 4988 neque
3222 4914 3397 4978 Nilus,
3434 4903 3524 4978 qui
3555 4897 3612 4953 ab

561 5007 950 5070 abscinduntur
975 5012 1148 5074 sinus.

3653 4889 3724 4944 illo
