3906 6194
824 250 927 306 ιδι

1841 243 1896 299 S.
1940 241 2144 298 PETRI
2183 235 2644 296 ALEXANDRINI
2678 233 2982 294 EPISCOPI

821 369 997 434 tione;
1031 365 1085 424 2.
1122 364 1264 419 aliud
1290 365 1422 418 item
1449 361 1804 432 fragmentum
1830 376 1895 416 ex
1926 360 2146 416 homilia
2177 358 2253 412 De
2275 357 2368 412 ad-
2400 363 2444 420 Α
2475 372 2695 419 σκοπον,
2728 354 2909 408 multis
2958 349 3264 405 criminibus
3309 347 3597 412 convictum,

821 470 972 514 ventu
1003 455 1315 519 Saluatoris,
1359 453 1503 522 quod
1537 454 1728 507 recitat
1762 451 2018 505 Leontius
2054 450 2380 520 Byzantinus

822 547 915 603 lib.
949 561 964 600 ι
993 555 1175 600 contra
1213 542 1517 598 Nestorium
1551 552 1598 597 et
1637 541 1933 612 Eutychen;
1961 543 2037 595 "5.
2085 540 2382 608 adjecimus

820 639 1075 706 deinceps
1105 634 1348 704 ejusdem
1377 634 1676 691 beatissimi
1711 634 1971 687 antistitis
1994 633 2278 701 epistolam
2314 632 2381 686 ad

823 728 1122 783 Ecclesiam
1171 725 1612 790 Alexandrinam,
1663 740 1854 780 recens
1884 725 2209 794 evulgatam
2257 738 2382 776 cum

821 819 942 873 aliis
971 817 1198 873 vetustis
1226 817 1479 872 Ecclesia:
1502 813 1866 871 monumentis
1896 831 1924 868 a
1956 814 2018 870 V.
2039 815 2098 868 C.
2129 814 2383 884 Scipione

821 908 1031 963 Malleio
1063 908 1160 978 (i);
1191 922 1350 977 quam
1377 915 1598 961 sanctus
1623 902 1818 975 praesul
1844 907 2236 976 conscripsisse
2263 921 2383 975 per-

822 1001 1040 1056 hibetur
1069 1007 1192 1072 post
1222 1000 1505 1070 epistolam
1536 1000 1602 1053 ad
1638 998 1907 1054 Mcletium
1936 998 2248 1069 episc0pum
2283 998 2383 1070 Ly-

820 1090 1206 1160 copolitanum,
1254 1105 1284 1143 a
1328 1090 1498 1145 beatis
1527 1087 1932 1145 confessoribus
1956 1087 2245 1160 Hesycbio,
2282 1087 2384 1142 Pa-

820 1180 1058 1244 chomio,
1111 1179 1396 1236 Theodoro
1446 1189 1499 1234 et
1543 1178 1728 1234 Philea
1772 1185 2049 1234 exaratam
2083 1179 2176 1249 (j).
2216 1177 2274 1232 In
2319 1193 2384 1234 ea

822 1284 984 1340 porro
1017 1270 1244 1340 epistola
1273 1276 1497 1325 sanctus
1541 1268 1760 1336 Petrus,
1802 1268 2184 1324 Alexandrinis
2216 1269 2385 1323 inter-

821 1361 966 1416 dicta
991 1377 1116 1416 cum
1139 1361 1350 1417 Meletio
1371 1361 1771 1424 communione,
1799 1361 1989 1416 scribit
2017 1376 2076 1415 se
2103 1359 2184 1414 illi
2205 1360 2385 1415 occur-

820 1471 1006 1510 surum
1053 1471 1170 1508 cum
1213 1454 1532 1524 sapientibus
1577 1455 1723 1517 viris,
1776 1463 1824 1508 et
1860 1454 2090 1507 visurum
2121 1469 2235 1524 qua:
2263 1463 2384 1508 sunt

821 1563 937 1617 qua
964 1547 1054 1601 ille
1087 1548 1352 1618 cogitavit.
1382 1547 1616 1603 innuens
1654 1545 1904 1600 videlicet
1937 1543 2201 1615 synodum
2237 1543 2386 1599 illam

821 1636 1266 1701 Alexandrinam,
1299 1638 1351 1691 in
1386 1652 1491 1708 qua
1529 1636 1875 1708 postmodum
1905 1635 2174 1690 celebrata
2206 1649 2386 1690 sacer-

2479 441 2834 517 episcoporum
2868 445 3065 515 synodo
3098 441 3353 510 deposuit.
3399 441 3609 494 Caeterut

2480 553 2587 608 quo
2613 537 2776 607 empit
2810 536 3080 590 funestum
3125 534 3363 588 schisma
3409 531 3612 585 Meletiai

2482 630 2804 685 sententiam
2843 629 2904 699 (ι)
2952 627 3086 682 illud
3133 624 3392 696 illigantis
3431 623 3612 677 ωηιοὸ

2481 721 2742 775 adversus
2774 719 2992 790 Pagium
3017 729 3070 774 et
3098 716 3537 772 Montl‘auconium
3568 715 3611 768 la

2482 815 2567 868 ius
2590 815 2704 882 (ηε),
2737 819 2848 865 tum
2873 827 2938 866 ex
2965 811 3064 864 hac
3096 807 3239 865 Petri
3269 806 3602 863 Alexandrini

2480 920 2608 959 vero
2632 905 2684 958 in
2705 904 2894 974 primis
2921 918 2987 957 ex
3015 903 3181 956 altera
3203 906 3430 971 quatuor
3450 897 3614 968 cpiscc

2484 998 2538 1050 in
2567 1011 2666 1052 sua
2689 995 2932 1050 meminit
2958 993 3096 1048 idem
3128 999 3348 1048 sanctus
3369 989 3537 1055 Pater,
3563 1005 3614 1058 qi

2483 1089 2564 1144 lea
2601 1087 2871 1142 Thmueos
2891 1085 3145 1156 episcopo
3186 1083 3356 1138 fuisse
3395 1081 3614 1149 conseri]

2483 1180 2874 1237 cdisseruimus
2898 1178 3008 1247 (n);
3038 1178 3091 1231 4.
3124 1176 3339 1230 demum
3373 1174 3488 1228 loco
3521 1171 3616 1244 frag

2483 1276 2656 1329 rimus
2684 1288 2748 1328 ex
2775 1270 3126 1342 disputatione
3149 1267 3212 1320 de
3247 1265 3519 1325 Paschate,
3547 1280 3616 1333 qu

2485 1364 2762 1420 Paschalis
2796 1364 2978 1418 limine
3012 1369 3326 1422 occurrunt,
3362 1357 3427 1412 de
3459 1372 3616 1426 quoru

2485 1457 2612 1512 alibi
2656 1471 2756 1511 nos
2801 1445 3108 1526 diSputasse
3147 1448 3506 1508 meminimus,
3538 1447 3618 1502 ubi

2485 1551 2577 1606 dio
2598 1548 2890 1618 Apollinari
2921 1545 3082 1600 verba
3116 1543 3341 1598 iecimus
3368 1542 3464 1610 (ο).
3499 1539 3610 1594 Huc

2486 1637 2695 1693 accedit
2721 1637 2788 1690 ad
2818 1635 2975 1690 ﬁdem
3005 1632 3242 1688 auctoris
3265 1631 3513 1686 Chroniei
3541 1631 3618 1699 eju

824 1725 974 1780 datio
1019 1726 1122 1781 fuit
1169 1727 1413 1797 dejectus
1454 1727 1596 1782 idem
1637 1725 1900 1781 Meletius.
1933 1724 2008 1779 De
2036 1740 2141 1804 qua
2163 1723 2380 1795 quidem
2411 1712 2455 1772 Β
2485 1729 2550 1783 lis
2591 1726 3040 1790 conﬁrmandam,
3081 1721 3224 1794 quod
3259 1721 3609 1776 Casaubonus

825 1818 1032 1889 synodo
1059 1819 1173 1874 hrec
1211 1819 1371 1874 habet
1417 1829 1639 1876 sanctus
1687 1817 2020 1872 Athanasius
2050 1818 2122 1888 (k)
2151 1837 2164 1871 :
2197 1817 2387 1872 Petrus

827 1909 965 1978 apud
998 1927 1090 1964 nos
1123 1919 1242 1964 ante
1266 1912 1670 1979 persecutionem
1694 1911 1983 1978 episcopus,
2027 1919 2075 1963 et
2119 1913 2174 1963 in
2219 1923 2391 1979 perse-

827 2003 1030 2056 cutione
1077 2013 1302 2074 martyr,
1335 2003 1603 2058 Meletium
1644 2006 1732 2074 qui
1761 2004 1824 2058 ab
1855 2005 2086 2076 ngypto
2121 2005 2388 2074 episcopus

825 2091 1040 2159 dicitur,
1079 2094 1336 2149 Μελέτιον
1369 2094 1476 2149 ἀπὸ
1501 2095 1600 2166 τῆς
1627 2097 1899 2165 Αἰγύπτου
1940 2097 2231 2168 λεγόμενον
2271 2096 2391 2149 ὲπί-

924 2225 968 2308 ἱ)
1002 2225 1416 2308 lladeipsserv.
1442 2225 1646 2308 _letter.,
1679 2231 1816 2308 tom;
1841 2227 1934 2291 lll,
1971 2229 2100 2308 pag.
2123 2219 2206 2282 l‘i.

925 2296 1138 2369 ji__V_ide
1154 2297 1499 2369 _l‘alrologia-
1538 2310 1738 2354 nostra:
1778 2296 2191 2353 GnecoQLatina:
2233 2307 2272 2352 t.
2316 2296 2384 2362 X,

827 2367 932 2421 col.
963 2367 1118 2421 1565.
1153 2366 1310 2420 Enn.

897 2435 1202 2508 (kngtban.
1235 2438 1385 2506 Apol.
1408 2448 1574 2494 contr.
1597 2438 1809 2502 Arian.,
1848 2436 1875 2508 §
1901 2437 1992 2501 '59,
2026 2435 2161 2506 Opp.
2190 2444 2320 2491 tom.
2345 2435 2384 2501 Ι,

828 2519 861 2573 p
933 2546 947 2561 .
977 2506 1100 2560 177.

865 2518 1193 2648 1fliBaron.
1227 2577 1295 2648 ad
1325 2591 1452 2632 ann.
1484 2577 1607 2637 306,
1639 2576 1778 2648 §H.

897 2644 994 2716 (in)
1023 2645 1193 2702 Mallei
1217 2646 1255 2698 ι.
1279 2662 1350 2711 c.,
1383 2662 1504 2719 pag.
1528 2648 1617 2702 24.

831 2789 1107 2816 I—h—n

2483 1820 2602 1875 dice
2643 1835 2744 1874 ms.
2777 1819 2885 1873 duo
2927 1819 3046 1872 loca
3076 1814 3281 1886 profert
3310 1815 3384 1885 (p)
3416 1814 3480 1868 ad
3515 1828 3620 1868 ean

2484 1913 2684 1966 tionem
2718 1911 3040 1981 spectantia,
3078 1925 3198 1978 qua:
3230 1907 3370 1978 apud
3408 1907 3559 1961 illum
3596 1921 3620 1959 a

2486 2019 2703 2075 nymum
2734 2002 2926 2057 iisdem
2953 2002 3131 2055 verbis
3163 1999 3437 2071 descripta
3461 1999 3612 2055 videa

2487 2096 2747 2165 subjectis
2775 2095 3068 2149 innuimus.

2561 2230 2636 2296 (ii)
2670 2225 2801 2281 Vide
2823 2238 3025 2281 tomum
3062 2242 3225 2294 supra
3253 2226 3498 2296 citatum,
3525 2226 3621 2280 col.

2557 2289 2630 2370 (ο)
2663 2296 2798 2352 Vide
2814 2289 3269 2370 Patrologiwtotri.
3292 2289 3352 2350 ν.
3371 2327 3442 2370 -Ῐ
3462 2296 3622 2370 Aecci

2487 2365 2575 2440 mo
2594 2365 2817 2440 Syriace
2841 2376 2896 2423 et
2924 2365 3115 2423 Latine
3135 2369 3202 2422 ab
3225 2371 3362 2438 Ang.
3387 2365 3528 2420 Maio
3554 2382 3616 2422 ev

2486 2439 2892 2636 Γέῷἶίεξδυι).
2919 2507 3149 2564 Exercit.
3182 2524 3268 2562 xvr
3297 2510 3365 2561 ad
3397 2507 3594 2562 Annal.

1344 2953 1720 3069 ACTA
1795 2952 2407 3068 SINCERA
2496 2951 3010 3066 SANCTI
3101 2950 3529 3065 PETRI

1833 3193 2114 3237 EPISCOPI
2145 3189 2578 3235 ALEXANDRINK
2611 3191 2693 3233 ΕΤ
2721 3188 3038 3235 MARTYRIS

1565 3341 2018 3406 ANASTASIO
2051 3335 2738 3402 BlBLlOTHECARIO
2773 3336 3307 3399 INTERPRETE.

1771 3504 1948 3579 (Apud
1978 3503 2198 3568 Maium,
2227 3502 2494 3573 Spicilegii
2521 3509 2668 3558 tomo
2695 3500 2782 3569 lll,
2807 3515 2930 3574 pag.
2957 3501 3108 3574 671.)

1964 3804 2228 3896 MAII
2307 3803 2921 3898 MONITUM.

902 4125 1244 4181 Anastasium
1274 4119 1750 4178 Bibliotliecarium
1781 4115 2124 4179 transtulisse
2154 4139 2184 4179 e
2213 4119 2400 4181 Graeco
2427 4123 2737 4194 passionem
2772 4121 2944 4178 sancti
2974 4113 3118 4178 Petri
3152 4120 3496 4178 Alexandriae
3525 4122 3628 4194 epis

873 4199 1064 4251 rimum
1096 4197 1321 4266 ipsemet
1349 4195 1673 4266 Anastasius
1713 4195 1768 4247 in
1795 4195 2017 4266 prologo
2044 4211 2144 4250 suo
2168 4196 2234 4249 ad
2281 4195 2590 4266 passionem
2641 4202 2942 4264 martyrum
2983 4207 3293 4266 n_ccccaxxx
3319 4232 3335 4258 ,
3389 4209 3559 4265 quem
3608 4195 3628 4248 Β

873 4212 1064 4251 rimum
1096 4211 1321 4265 ipsemet
1349 4211 1673 4250 smasrasrus
1714 4211 1768 4247 in
1795 4211 2017 4266 prorogo
2044 4211 2144 4250 suo
2168 4211 2234 4249 aa
2281 4211 2590 4266 passronem
2641 4211 2942 4264 martyrum
2983 4211 3293 4247 lccccuxx
3319 4232 3335 4258 ,
3389 4211 3559 4265 quem
3608 4211 3627 4248 ι

831 4211 1011 4324 ἳΙκδεο
1041 4265 1231 4322 Italico
1253 4271 1384 4335 tom.
1407 4262 1426 4316 l
1447 4303 1462 4328 ,
1493 4271 1632 4335 part.
1662 4280 1734 4328 ιι,
1765 4279 1818 4332 p.
1847 4264 1936 4329 80,
1968 4266 2242 4335 vulgavit:
2277 4275 2391 4334 post
2418 4265 2740 4335 translatam
2776 4281 2807 4335 a
2840 4279 2920 4316 me
2953 4264 3024 4316 ad
3050 4265 3348 4335 petitionem
3379 4266 3627 4319 sanctita.

832 4347 921 4390 tur
947 4351 1068 4389 cum
1098 4333 1539 4404 Petroiepiscopo
1573 4333 1861 4389 Gavincnsi
1885 4345 1902 4404 )
1954 4333 2248 4403 passionem
2280 4333 2540 4403 praecipui
2589 4334 2819 4404 doctoris
2869 4347 2919 4388 et
2965 4335 3224 4404 martyris
3250 4333 3419 4404 Petri,
3473 4335 3628 4388 Alexi

831 4406 1078 4475 episcopi.
1113 4403 1312 4475 Deinde
1340 4419 1644 4474 anonymus
1668 4404 1995 4475 biographus
2013 4404 2240 4475 Joannis
2273 4404 2382 4475 Vlll
2412 4404 2516 4459 PP.
2553 4403 2694 4475 apud
2736 4403 3087 4475 Muratorium
3119 4404 3184 4457 ﬂ.
3209 4403 3248 4458 Ι.
3274 4403 3331 4458 S.
3355 4414 3502 4475 tom.
3542 4405 3607 4456 ΙΙΙ

833 4473 885 4528 id
911 4473 1083 4543 ipsum
1111 4473 1395 4543 confirmat
1428 4492 1441 4527 :
1476 4473 1791 4526 Anastasius
1823 4473 1973 4529 Rom.
2003 4474 2249 4528 Ecclesia:
2279 4473 2705 4530 bibliotheca'rius
2743 4474 3014 4526 transtulit
3045 4475 3206 4527 etiam
3243 4475 3305 4528 de
3336 4474 3524 4530 Greece
3553 4477 3608 4528 in

831 4542 1032 4598 sionem
1059 4545 1229 4597 sancti
1259 4542 1404 4597 Petri
1436 4543 1784 4597 Alexandrini
1807 4545 2197 4612 archiepiscopi.
2244 4543 2628 4600 Verumtamen
2659 4561 2726 4599 ex
2755 4545 2984 4598 diversis
3016 4559 3136 4614 qua:
3166 4545 3432 4600 habentur
3459 4554 3622 4600 sanet

833 4615 1032 4686 nibus,
1077 4629 1365 4686 quamnam
1412 4614 2141 4686 Anastasiustranstulerit,
2173 4616 2488 4684 conjectura
2527 4614 3098 4686 cognoscendumcst.
3155 4614 3360 4670 Etenim
3417 4615 3621 4669 Surius

831 4684 1150 4756 Novembris
1179 4684 1423 4756 quaedam
1452 4685 1701 4756 breviora
1727 4684 1860 4738 Acta
1893 4685 2088 4739 recitat
2113 4725 2128 4745 .
2161 4702 2335 4756 eaque
2367 4687 2434 4741 ab
2455 4684 2745 4740 Anastasio
2764 4699 2886 4756 esse
2912 4684 3208 4740 arbitratus
3241 4695 3356 4756 est,
3388 4693 3628 4756 propteri

831 4755 1045 4809 ilicibus
1077 4755 1276 4826 legerat
1311 4755 1589 4826 prologum
1612 4753 2018 4826 ad‘martyrum
2049 4753 2356 4810 uccccrfxxx
2385 4756 2691 4826 passionem
2719 4794 2735 4818 ,
2789 4755 2946 4824 cujus
2976 4769 3140 4826 supra
3185 4753 3574 4826 meminimus;

833 4826 1012 4897 verbis
1043 4822 1219 4897 utitur
1241 4822 1436 4897 Su’rius
1463 4822 2012 4897 quibusAnastasius
2045 4829 2100 4879 in
2125 4827 2272 4881 dicto
2303 4822 2548 4897 prologo,
2579 4839 2776 4897 n_emp_e_
2799 4822 3052 4897 praecipui
3073 4824 3302 4897 doctoris
3353 4835 3404 4878 et
3438 4834 3620 4897 marty

830 4895 1108 4950 :randrinrr
1137 4895 1279 4948 urbis
1319 4895 1545 4965 episcopi
1581 4893 1686 4962 (vel
1713 4895 2058 4963 patriarchae,
2105 4906 2164 4950 ut
2198 4893 2390 4951 Surius
2420 4893 2484 4951 ef
2521 4895 2691 4950 codex
2714 4893 2856 4965 Vat.
2887 4896 3085 4963 reginae
3117 4894 3418 4951 Succorum
3443 4893 3627 4958 542,7!

833 4975 1013 5020 tamen
1052 4964 1354 5034 sententiae.
1386 4966 1520 5018 nulli
1547 4970 1696 5018 certo
1713 4975 2034 5034 argumento
2075 4967 2272 5020 innixa:
2315 4982 2421 5021 non
2453 4967 2722 5034 acquievit
2747 4964 3013 5020 Baronius
3050 4966 3104 5019 in
3138 4966 3591 5020 adnotationibus
3624 4987 3628 5016 ;

830 5038 976 5106 gium
1009 5036 1149 5088 dicta
1184 5033 1272 5088 die
1325 5034 1415 5088 Sic
1443 5036 1583 5089 enim
1617 5035 1691 5087 ait
1719 5053 1732 5089 :
1767 5033 1794 5084 ί
1823 5034 2095 5106 Habemus
2127 5037 2231 5091 alia
2263 5036 2504 5104 ejusdem
2528 5033 2671 5092 Petri
2700 5036 2832 5090 Acta
2863 5036 3102 5106 pleniora
3126 5035 3182 5089 in
3213 5042 3317 5106 vet.
3340 5035 3464 5090 cod.
3491 5051 3626 5106 ms,

831 5104 1141 5176 accuratius
1164 5106 1473 5176 conscripta
1500 5113 1821 5170 noscuntur,
1844 5105 2156 5171 Anastasio,
2180 5121 2303 5161 mea
2346 5110 2614 5162 sententia
2641 5146 2655 5168 ,
2683 5104 2875 5176 potius
2891 5106 3173 5160 tribuenda
3203 5105 3478 5176 videntur.
3527 5104 3627 5160 Est

829 5175 980 5230 dium
1008 5192 1022 5230 :
1056 5173 1115 5230 Si
1152 5189 1325 5230 omnes
1356 5172 1456 5229 mei
1486 5191 1698 5246 sensus.
1729 5176 1800 5246 ιη(
1826 5177 2024 5246 labitur
2057 5179 2317 5232 memoria
2345 5177 2612 5231 Barunius
2640 5172 2734 5246 qui
2772 5178 3011 5231 scribere
3056 5176 3276 5246 debuit,
3323 5172 3382 5228 .Si
3411 5191 3613 5246 omnes

831 5256 980 5317 artus
1004 5285 1020 5309 ,
1057 5246 1132 5317 uti
1168 5247 1364 5315 legitur
1394 5245 1535 5317 apud
1564 5244 1710 5317 nos.)
1732 5244 1996 5317 AEamAdcm
2024 5247 2089 5302 de
2112 5248 2232 5302 istis
2256 5247 2405 5302 Actis
2426 5244 2746 5301 sententiam
2780 5262 2886 5316 prae
2914 5261 2971 5299 se
2992 5245 3192 5317 tulerat
3224 5245 3495 5317 Baronius
3545 5248 3602 5300 in

831 5315 955 5377 510.
990 5316 1082 5385 qui
1115 5323 1168 5370 et
1196 5317 1329 5386 ipsis
1355 5315 1423 5370 ad
1447 5315 1836 5371 contexendam
1867 5315 2008 5372 Petri
2045 5318 2336 5371 Historiam
2368 5317 2579 5371 naviter
2611 5331 2742 5370 usus
2774 5315 2876 5370 est.
2905 5321 3022 5386 ﬁngo
3050 5316 3214 5384 igitur
3252 5315 3585 5386 auctoritate
3616 5315 3628 5368 Ι

833 5393 1196 5508 Ermtereaque
1217 5384 1465 5441 bonitate
1489 5393 1678 5456 captus
1712 5387 1970 5440 Actorum
2005 5388 2220 5458 borum,
2250 5405 2370 5459 quae
2400 5388 2453 5440 in
2481 5394 2794 5456 pervetusto
2817 5384 3004 5440 codice
3051 5388 3227 5456 reperi
3255 5384 3524 5440 Vaticano
3549 5387 3628 5442 6οτ

872 5471 973 5508 anc
1010 5457 1343 5508 celeberrimi
1373 5455 1751 5508 Alexandrinae
1773 5453 1921 5508 urbis
1944 5459 2183 5508 enisconi
2209 5468 2263 5508 et
2293 5459 2545 5508 martvris
2567 5457 2816 5508 exhibeo.

872 5471 973 5527 anc
1010 5453 1343 5510 celeberrimi
1373 5453 1751 5527 Alexandrinae
1773 5453 1921 5510 urbis
1944 5453 2183 5527 episcopi
2209 5453 2545 5526 et'martyris
2567 5457 2816 5527 exhibeo.

904 5523 1103 5596 [’razler
1131 5527 1244 5596 haec
1275 5527 1488 5580 sincera
1522 5533 1576 5579 et
1605 5523 1992 5591 Anastasiana,
2021 5528 2088 5582 de
2121 5523 2322 5596 quibus
2352 5523 2618 5580 hactenus
2648 5526 2782 5596 dixi,
2812 5527 2945 5581 Acta
2966 5565 2982 5587 ,
3007 5523 3200 5582 Latina
3222 5527 3326 5580 alia
3357 5525 3604 5596 legebam

833 5591 1172 5667 62‘2_,_Aa2que
1221 5594 1389 5667 ferme
1437 5597 1699 5667 antiquo;
1734 5597 1847 5667 haec
1899 5606 2077 5650 tamen
2119 5591 2207 5650 illa
2238 5600 2352 5667 ipsa
2384 5606 2511 5652 sunt
2552 5612 2672 5666 qua:
2714 5591 3074 5651 Combelisius
3105 5597 3158 5651 in
3188 5598 3343 5667 lectis
3371 5591 3624 5664 Triumpl

834 5677 889 5732 p.
926 5661 1026 5716 189
1049 5677 1224 5732 scqq.,
1252 5663 1433 5718 Graece
1464 5661 1631 5721 edidit
1657 5672 1710 5719 et
1741 5663 2031 5721 Latinitate
2064 5683 2200 5722 nova
2231 5661 2480 5726 donavit.
2513 5661 2638 5738 quia
2668 5675 2903 5724 veterem
2952 5667 3159 5723 codicis
3202 5666 3450 5721 Vaticani
3499 5661 3628 5720 texti
