3906 6194
768 240 873 296 ιδε

1775 227 1830 290 S.
1864 229 2065 289 PETRI
2098 223 2561 289 ALEXANDRINI
2599 231 2903 290 EPISCOPI
3656 249 3684 301 ιε

769 364 981 406 omnem
1011 346 1298 406 sacerddtii
1328 359 1514 402 curam
1546 347 1738 404 diebus
1771 363 1835 404 ac
1885 348 2138 405 noctibus
2167 349 2308 420 vigi-
2339 361 2386 410 Α
2412 348 2607 413 illuxit,
2631 355 3015 419 cmperuntque
3044 347 3224 404 fideles
3250 347 3304 403 ad
3328 359 3534 423 martyrum
3550 361 3684 414 memori

769 442 944 496 lanter
966 439 1284 494 desudabat.

838 531 941 585 Sed
972 529 1096 598 quia
1125 544 1338 599 semper
1361 529 1477 584 zelo
1513 528 1816 600 percutitur
1843 529 2048 594 virtus,
2082 529 2311 584 feriunt-

763 636 866 691 que
893 634 1134 676 summos
1158 617 1371 688 fulgura
1397 627 1638 684 montes,
1671 619 1988 674 aemulorum
2014 618 2142 673 hinc
2186 619 2311 675 inde

761 709 1088 763 multifarios
1124 707 1430 778 patiebatur
1460 706 1764 763 conflictus.
1786 706 1926 776 Quid
1944 707 2142 778 plura?
2173 722 2310 777 pene

758 799 904 853 omni
928 809 1166 868 tempore
1191 799 1316 854 vita;
1363 813 1474 853 suae
1503 799 1557 851 in
1587 797 1964 868 persecutione
1994 799 2157 868 degit.
2206 794 2308 855 Or-

757 888 962 944 dinavit
998 889 1200 944 interea
1229 889 1618 960 quinquaginta
1655 897 1707 942 et
1735 888 1973 958 quinque
1999 889 2304 959 episcopos.

756 980 1002 1036 Meletius
1052 980 1282 1051 denique
1305 1020 1320 1045 ,
1373 981 1590 1034 nomine
1627 987 1682 1035 et
1714 988 1894 1034 mente
1933 978 2259 1050 nigerrimus
2286 1021 2302 1048 ,

755 1071 898 1142 apud
927 1071 1364 1143 Lycopolitanam
1389 1072 1575 1127 urbem
1606 1071 1988 1128 schismaticus
2019 1070 2193 1127 factus
2221 1081 2306 1128 est

753 1163 983 1233 praesul;
1011 1162 1178 1216 multa
1209 1161 1424 1230 quidem
1454 1167 1643 1216 contra
1667 1175 1934 1216 canonum
1961 1176 2123 1232 agens
2147 1177 2305 1232 regu-

752 1253 880 1321 lam,
918 1267 1293 1323 superansque
1322 1253 1484 1307 etiam
1521 1261 1870 1308 cruentorum
1901 1252 2132 1308 militum
2173 1254 2304 1310 feri-

749 1351 938 1407 tatem,
953 1344 1048 1413 qui
1071 1343 1127 1398 in
1145 1342 1352 1398 Domini
1380 1346 1632 1415 passione
1647 1346 1804 1401 veriti
1822 1354 1948 1401 sunt
1966 1345 2299 1401 Dominicam

748 1435 997 1493 scindere
1018 1435 1290 1502 tunicam;
1338 1438 1471 1492 adeo
1514 1437 1709 1494 laxatis
1741 1439 1964 1493 insania:
1986 1440 2301 1508 raptabatur

747 1525 996 1591 habenis,
1012 1533 1072 1580 ut
1089 1528 1409 1582 catholicam
1433 1529 1689 1586 scindens
1714 1529 2013 1586 Ecclesiam
2029 1570 2045 1594 ,
2076 1545 2186 1585 non
2209 1545 2301 1585 so-

747 1617 857 1672 lum
882 1633 978 1688 per
1003 1619 1248 1674 civitates
1270 1619 1509 1691 Egypti,
1540 1621 1634 1678 sed
1663 1622 1825 1677 etiam
1852 1637 1949 1692 per
1973 1622 2132 1677 villas
2153 1623 2294 1691 ejus,

2411 440 2727 496 catervatim
2781 454 3020 503 currere,
3054 449 3107 494 et
3143 438 3212 494 ad
3260 440 3411 496 Christi
3433 444 3579 500 laudern
3606 458 3684 504 cuti

2409 547 2764 604 congregare;
2789 547 2925 602 quos
2963 530 3156 586 divina:
3185 531 3302 602 legis
3330 534 3496 590 antistes
3516 537 3639 593 divino
3664 557 3684 594 ο

2407 621 2531 676 culo
2566 619 2889 685 vivificabat,
2920 620 3158 690 erigebat
3189 627 3327 690 atque
3348 622 3574 689 roborabat,
3611 643 3684 684 cres

2405 710 2604 781 batque
2649 711 2849 781 iugiter
2875 711 2932 765 in
2966 710 3204 766 Ecclesia
3256 711 3480 768 multitudo
3515 717 3684 772 credenti

2408 800 2513 857 Sed
2544 803 2656 856 hanc
2702 817 2810 856 non
2861 802 3029 872 aequis
3056 801 3226 856 oculis
3256 801 3330 857 ille
3354 804 3542 873 antiquus
3575 809 3684 876 aspici

2403 893 2652 947 humana:
2676 892 2866 947 salutis
2890 892 3063 948 hostis
3088 891 3228 946 haud
3249 892 3296 947 in
3315 894 3482 964 longum
3504 897 3684 966 quievit.l

2403 986 2584 1042 subito
2630 985 2953 1055 paganitatis
3004 985 3164 1041 turbo
3205 1000 3266 1041 ex
3301 987 3480 1044 adverso
3521 990 3683 1046 intonuit

2403 1089 2552 1130 more
2584 1073 2879 1130 hibernalis
2901 1074 3088 1130 imbris
3115 1073 3348 1131 Ecclesia:
3365 1077 3628 1134 serenitatem
3643 1097 3684 1150 pe

2402 1166 2483 1230 lit,
2511 1181 2736 1237 eamque
2764 1168 2948 1236 procul
2978 1166 3200 1238 fugavit.
3231 1166 3324 1223 Sed
3351 1169 3434 1223 hoc
3475 1178 3520 1224 ut
3539 1173 3684 1228 manife:

2401 1255 2622 1326 intelligi
2651 1257 2838 1326 possit,
2861 1259 3164 1314 necessario
3195 1259 3257 1315 ad
3280 1260 3529 1330 impiissimi
3558 1270 3598 1315 et
3628 1261 3683 1316 De

2399 1343 2554 1399 bellis
2581 1343 2901 1399 Diocletiani
2922 1347 3543 1418 atrocitatem,pariterque
3564 1346 3684 1403 Marii

2399 1433 2600 1490 Galerii
2629 1436 2954 1492 reflectimus
2982 1439 3286 1506 articulum,
3325 1439 3406 1510 qui
3429 1455 3482 1494 eo
3503 1447 3684 1510 tempore

2399 1526 2508 1584 filio
2537 1542 2637 1584 suo
2667 1528 2957 1585 Maximino
3004 1530 3286 1601 tyrannico
3307 1530 3543 1587 dominatu
3580 1531 3684 1586 Oriei

2397 1618 2623 1672 vexabat
2638 1619 2902 1688 regiones.

748 1683 1162 1781 suos—sequaces
1183 1683 1458 1769 ordinaret
1487 1683 1773 1785 episcopos
1793 1755 1808 1781 ,
1833 1683 1887 1770 et
1923 1715 2055 1769 nihil
2081 1716 2130 1772 ei
2328 1683 2370 1738 Β
2467 1706 2636 1778 Hujus
2666 1683 2899 1781 namque
2944 1713 3276 1784 temporibus
3301 1711 3352 1766 in
3370 1718 3549 1766 tantum
3574 1709 3684 1767 Chris

747 1799 814 1856 de
844 1800 1004 1856 Petro
1027 1809 1162 1866 erat,
1184 1803 1292 1858 imo
1323 1820 1420 1859 nec
1450 1805 1516 1860 de
1535 1804 1755 1862 Christo
1775 1806 1868 1877 qui
1889 1815 2007 1862 erat
2034 1807 2088 1861 in
2113 1805 2295 1862 Petro.

749 1893 884 1952 Huic
911 1897 1165 1968 praefatus
1191 1897 1353 1954 Arius
1385 1899 1562 1953 adhuc
1594 1899 1766 1954 laicus
1789 1898 2125 1963 adhaerebat,
2167 1913 2298 1953 nec-

747 1988 876 2043 dum
911 1989 1148 2044 clericali
1179 1998 1403 2046 tonsura
1432 1997 1649 2046 notatus
1669 2031 1683 2055 ,
1714 2000 1937 2060 eratque
1963 1990 2040 2044 illi
2069 1989 2297 2060 ejusque

746 2080 929 2136 domui
956 2082 1241 2136 admodum
1270 2083 1503 2150 cliarus;
1535 2099 1635 2139 nec
1665 2084 1970 2138 immerito:
1996 2099 2155 2138 omne
2178 2082 2295 2138 ani-

743 2173 875 2238 mal,
911 2180 970 2227 ut
1000 2175 1073 2227 ait
1105 2172 1407 2246 Scriptura,
1435 2175 1611 2228 simile
1641 2173 1742 2228 sibi
1767 2173 1959 2244 diligit.
1992 2173 2087 2229 His
2112 2182 2293 2230 autem

743 2265 974 2336 cognitis
999 2305 1014 2330 ,
1054 2265 1138 2320 vir
1167 2265 1377 2320 Domini
1406 2281 1636 2320 maerore
1673 2265 1956 2320 confectus
1995 2266 2136 2320 hanc
2169 2281 2292 2336 per-

743 2358 1076 2413 secutionem
1126 2357 1303 2412 aiebat
1353 2358 1591 2427 pejorem
1631 2372 1752 2412 esse
1806 2357 2004 2426 priore.
2055 2356 2122 2411 Et
2168 2357 2292 2414 licet

738 2451 1062 2522 quibusdam
1094 2450 1318 2504 latebris
1347 2452 1646 2504 absconsus
1667 2491 1680 2513 ,
1715 2456 1895 2502 tamen
1943 2463 2042 2516 pro
2083 2448 2288 2504 viribus

739 2542 1138 2596 exhortatorios
1169 2542 1366 2611 ubique
1391 2540 1628 2609 dirigens
1658 2539 1859 2608 apices,
1885 2537 2289 2608 praedicansque

739 2631 995 2688 Ecclesiae
1029 2633 1327 2694 unitatem,
1355 2630 1639 2700 vegetabat
1668 2644 1762 2683 eos
1786 2629 2044 2685 adversus
2068 2630 2288 2699 imperi-

737 2724 870 2781 tiam
904 2731 957 2779 et
980 2722 1242 2778 nefariam
1276 2721 1474 2776 Meletii
1505 2719 1883 2775 temeritatem.
1905 2719 2058 2777 Unde
2082 2720 2286 2778 factum

739 2824 820 2872 est
854 2823 911 2870 ut
934 2831 1040 2870 non
1075 2815 1234 2884 pauci
1263 2813 1381 2882 ejus
1412 2813 1744 2868 salutaribus
1773 2813 1992 2869 monitis
2028 2815 2282 2882 animati,

737 2921 771 2962 ι
805 2906 1088 2961 Meletiana
1121 2905 1461 2960 discederent
1491 2903 1783 2973 impietate.

807 2999 910 3056 Per
932 2999 1069 3055 idem
1095 2998 1208 3053 fere
1236 3005 1446 3067 tempus
1472 2996 1654 3061 Arius,
1672 2997 1884 3066 viperea
1907 3004 2145 3052 armatus
2171 3012 2285 3051 ver-
2308 3032 2349 3088 Ο

741 3094 902 3158 sutia,
952 3091 1108 3162 quasi
1153 3090 1407 3145 deserens
1453 3089 1764 3144 Meletianos
1793 3087 2037 3158 confugit
2082 3087 2148 3142 ad
2184 3087 2284 3144 Pe-

735 3197 916 3250 trum,
968 3184 1061 3254 qui
1107 3191 1326 3254 rogatus
1375 3183 1443 3236 ab
1490 3181 1759 3251 episcopis
1812 3181 2119 3236 sublimavit
2161 3198 2283 3237 eum

736 3276 966 3332 diaconii
1000 3277 1220 3341 honore,
1250 3275 1496 3329 nesciens
1523 3274 1720 3344 quippe
1748 3280 1951 3328 tantam
1973 3276 2091 3344 ejus
2114 3277 2284 3347 hypo-

733 3366 920 3420 cmsin.
955 3363 1081 3418 Erat
1103 3371 1281 3417 autem
1309 3371 1479 3418 Instar
1505 3362 1713 3417 colubri
1738 3363 1993 3433 pestifero
2026 3364 2282 3421 suffectus

732 3466 960 3506 veneno.
1011 3450 1194 3522 Neque
1249 3451 1390 3505 enim
1427 3450 1732 3520 hujusmodi
1784 3466 1976 3507 manus
2009 3453 2281 3522 impositio

733 3543 858 3597 huic
880 3551 1069 3597 sancto
1096 3543 1150 3596 in
1185 3543 1389 3597 crimen
1412 3543 1654 3611 deputari
1675 3542 1868 3612 potuit,
1902 3541 2041 3597 sicut
2067 3558 2164 3597 nec
2195 3541 2281 3597 Si-

732 3632 907 3686 monis
958 3631 1165 3702 magica
1221 3647 1311 3686 ars
1359 3632 1612 3686 simulata
1665 3631 1954 3685 ascribitur
2011 3629 2274 3704 Philippo.

732 3722 1138 3779 Heletianorum
1173 3723 1376 3777 interea
1420 3722 1731 3777 detestabile
1758 3721 1911 3777 nefas
1956 3738 2117 3792 supra
2163 3739 2279 3778 mo-

729 3817 859 3871 dum
887 3815 1187 3878 crescebat,
1239 3828 1549 3884 pavensque
1595 3812 1942 3870 beatissimus
1987 3813 2179 3868 Petrus
2211 3831 2278 3872 ne

731 3905 979 3962 haeretica
1009 3905 1178 3976 pestis
1211 3913 1381 3960 totum
1433 3904 1535 3959 sibi
1567 3904 1828 3960 creditum
1858 3905 2133 3961 invaderet
2155 3922 2276 3976 gre-

726 4013 867 4068 gem,
897 3997 1162 4066 simulque
1193 3996 1369 4051 sciens
1397 3995 1540 4066 quod
1592 3997 1738 4050 nulla
1769 3997 1998 4053 societas
2037 4007 2121 4053 est
2168 4001 2272 4053 luci

727 4103 851 4141 cum
883 4087 1138 4150 tenebris,
1169 4087 1424 4157 nullaque
1448 4087 1737 4143 concordia
1764 4087 1978 4143 Christo
2005 4097 2058 4144 et
2084 4087 2270 4155 Belial,

727 4175 1040 4230 Meletianos
1069 4175 1137 4228 ab
1163 4173 1400 4232 Ecclesia
1448 4192 1544 4247 per
1590 4178 1799 4233 litteras
1838 4180 2154 4250 segregavit.
2209 4179 2272 4234 Et

725 4265 853 4336 quia
888 4265 1023 4317 mala
1049 4264 1296 4318 voluntas
1331 4265 1422 4319 diu
1475 4267 1736 4320 occultari
1782 4282 1889 4322 non
1937 4271 2094 4333 valet,
2125 4270 2270 4325 illico

2395 1800 2784 1870 persecutionis
2807 1804 3068 1859 aestuabat
3097 1803 3413 1869 incendium,
3435 1810 3488 1856 ut
3510 1817 3602 1856 non
3621 1802 3684 1857 sui

2395 1907 2503 1947 uno
2533 1893 2716 1948 mundi
2739 1895 2971 1961 climate,
2997 1896 3091 1952 sed
3113 1897 3275 1951 etiam
3300 1909 3387 1966 per
3407 1894 3667 1948 universum

2395 1993 2539 2040 terra
2565 1987 2807 2055 marique
2836 1986 3127 2058 impietatis
3176 1987 3401 2057 procella
3445 1985 3684 2040 tonare“!

2393 2077 2632 2133 rentibus
2681 2079 2862 2149 itaque
2922 2079 3047 2134 hinc
3101 2079 3229 2136 inde
3285 2081 3615 2150 imperialibus
3667 2093 3684 2132 s

2393 2176 2552 2239 atque
2581 2170 2972 2226 crudelissimis
3021 2171 3278 2237 decretis,
3309 2171 3612 2227 Christicolae
3630 2184 3684 2223 nn

2391 2258 2498 2314 lam
2522 2275 2665 2314 nunc
2688 2260 3036 2317 clandestinis
3059 2262 3442 2334 jugulabantur
3467 2263 3681 2327 insidiis;

2389 2351 2532 2406 enim
2586 2351 2703 2408 dies
2746 2353 3004 2422 nullaque
3049 2370 3156 2409 nox
3210 2356 3283 2412 ab
3334 2355 3576 2410 effusione
3618 2355 3684 2409 Ch

2389 2443 2599 2500 cruoris
2627 2445 2890 2501 transibat
2919 2447 3192 2502 immunis.
3226 2447 3337 2505 Nec
3358 2460 3509 2520 typus
3537 2447 3684 2503 interi

2387 2531 2640 2587 horrebat
2662 2535 2922 2605 simplex;
2955 2537 3044 2591 alii
3069 2538 3291 2608 quidem
3312 2541 3533 2595 diversis
3560 2548 3608 2594 et
3637 2553 3684 2592 ac

2385 2624 2715 2680 necabantur
2746 2628 3054 2698 suppliciis;
3089 2629 3182 2683 alii
3207 2646 3360 2697 vero,
3382 2637 3441 2684 ut
3462 2633 3613 2686 etiam
3647 2647 3684 2700 p:

2384 2712 2718 2772 humanitate
2765 2719 3048 2789 patriaque
3090 2729 3352 2776 carerent
3397 2723 3679 2791 sepultura,

2384 2805 2849 2864 transferebantur
2893 2811 3028 2877 loca,
3070 2813 3226 2868 novis
3287 2814 3611 2885 quibusdam
3657 2830 3683 2868 e

2383 2895 2639 2952 inauditis
2689 2914 2970 2968 prunarum
3023 2904 3534 2962 machinationibus
3590 2905 3654 2960 ad

2382 2989 2838 3058 compellebantur
2864 3001 3079 3049 metam.
3115 2993 3272 3050 Proh
3297 2998 3487 3052 nefas!
3526 3007 3669 3053 tanta

2383 3093 2501 3131 rum
2531 3078 2808 3149 impietas,
2848 3090 2906 3136 ut
2936 3085 3098 3138 etiam
3131 3085 3315 3141 divini
3349 3090 3537 3144 cultus
3584 3103 3684 3143 san.

2380 3165 2743 3225 fundamentis
2768 3180 3090 3242 everterent,
3122 3189 3478 3250 sanctosque
3499 3181 3670 3235 libros

2378 3269 2603 3316 marent.
2674 3261 2938 3319 Defuncto
3001 3266 3182 3337 itaque
3234 3272 3621 3327 exsecrabilis

2378 3347 2726 3420 Diocletiano,
2754 3352 3141 3412 Constantinus
3177 3356 3378 3429 Major
3411 3361 3486 3415 ad
3517 3362 3675 3432 regni

2376 3441 2496 3494 cula
2525 3443 2728 3500 electus
2755 3453 2857 3508 est,
2887 3459 2940 3502 et
2984 3446 3248 3519 Occiduis
3310 3454 3584 3522 partibus
3637 3469 3684 3524 pl

2375 3530 2460 3586 sui
2491 3533 2652 3599 erepit
2671 3534 2940 3589 moderari
2979 3537 3250 3594 habenas.

2443 3621 2536 3677 His
2582 3623 2820 3693 profecto
2851 3625 3040 3682 diebus
3083 3627 3406 3688 Maximino
3441 3633 3525 3705 (α)
3570 3648 3603 3686 a
3653 3649 3684 3702 q

2373 3713 2440 3769 de
2482 3715 2703 3785 praefato
2754 3719 3162 3791 archiepiscopo
3228 3725 3505 3781 relatum
3575 3734 3684 3790 est,

2372 3809 2515 3877 quod
2555 3809 2670 3878 ipse
2699 3807 3119 3866 Christianitatis
3145 3812 3267 3869 dux
3298 3825 3492 3888 atque
3527 3819 3678 3889 signi

2373 3898 2465 3968 qui
2504 3899 2661 3954 solita
2707 3899 3070 3957 inflammatus
3120 3905 3402 3972 nequitia
3429 3949 3446 3973 ,
3478 3923 3518 3963 e
3545 3908 3684 3963 vest'

2371 3991 2751 4060 comprehendi
2780 3989 2997 4046 Petrum
3024 4001 3077 4046 et
3105 3993 3158 4046 in
3190 4010 3521 4054 carcerem
3556 4009 3682 4053 retr

2368 4081 2440 4138 ob
2468 4097 2580 4137 rem
2607 4084 2846 4154 quinque
2871 4083 3118 4140 tribunos
3139 4087 3420 4158 stipatos
3457 4091 3684 4147 milites

2368 4174 2744 4230 Alexandriam
2777 4176 3100 4243 destinavit;
3153 4183 3258 4250 qui
3298 4185 3636 4241 venientes
3676 4235 3684 4251 ,

2369 4265 2471 4322 sibi
2497 4267 2669 4324 fuerat
2695 4270 3033 4339 imperatum.
3067 4271 3254 4329 subito
3291 4274 3684 4348 rapientesk‘

724 4353 1144 4411 nefandissimus
1171 4355 1351 4421 Arius,
1382 4365 1660 4426 propterea
1687 4357 1830 4428 quod
1861 4374 1988 4415 suos
2034 4359 2269 4416 fautores
2302 4383 2345 4438 ι)
2367 4358 2565 4414 tificem
2595 4361 2829 4417 carceris
2857 4362 3114 4418 custodia:
3162 4368 3660 4438 manciparunt.

723 4445 793 4497 ab
842 4441 1092 4498 Ecclesiae
1141 4442 1398 4514 dignitate
1445 4453 1688 4500 cerneret
1740 4446 1976 4512 divisos,
2042 4449 2270 4504 tristitiae

723 4532 1060 4604 mancipatus
1120 4535 1384 4604 gemebat.
1441 4535 1596 4601 Quod
1644 4538 2048 4592 sanctissimum
2092 4540 2266 4595 virum

724 4624 943 4679 minime
979 4624 1156 4678 latuit.
1205 4624 1482 4679 Denudata
1529 4642 1758 4698 namque
1801 4629 1919 4699 ejus
1970 4631 2263 4702 hypocrisi,

722 4719 970 4786 protinus
1023 4715 1330 4787 evangelico
1373 4724 1530 4772 utens
1573 4717 1750 4784 ferro,
1803 4720 1864 4775 Si
1914 4723 2093 4777 oculus
2145 4733 2263 4779 tuus

720 4804 900 4859 dexter
949 4804 1278 4858 scandalizat
1312 4815 1378 4867 te,
1423 4820 1542 4859 erue
1578 4822 1694 4860 eum
1737 4818 1785 4863 et
1819 4811 2012 4880 projice
2058 4811 2150 4868 abs
2194 4823 2260 4881 te,

719 4897 908 4952 Arium
959 4898 1026 4952 ab
1088 4897 1340 4952 Ecclesiae
1402 4911 1687 4976 compage,
1744 4910 1928 4970 utpote
1989 4904 2262 4972 putridum

719 4990 1036 5046 membrum'
1057 4991 1414 5056 detruncans,
1457 4991 1603 5048 foras
1638 4993 1842 5064 expulit
1890 5001 1944 5050 et
1969 5010 1999 5049 a
2027 4995 2261 5052 fidelium

718 5083 1096 5135 communione
1125 5090 1391 5137 extorrem
1411 5097 1533 5137 esse
1553 5082 1843 5139 mandavit.

789 5169 884 5226 liis
911 5173 983 5225 ita
1035 5175 1220 5243 gestis,
1256 5173 1435 5230 subito
1467 5175 1752 5238 admodum
1803 5177 1976 5231 ablata
2006 5193 2260 5249 persecu-

715 5262 880 5318 tionis
905 5265 1159 5335 procella,
1190 5281 1324 5336 pax,
1381 5267 1506 5321 licet
1552 5267 1763 5338 exigua,
1816 5267 2045 5324 refulsit.
2107 5268 2258 5324 Tunc

717 5353 1147 5423 elegantissimus
1169 5355 1378 5411 Domini
1421 5355 1657 5412 pontifex
1711 5358 1907 5427 populo
1940 5358 2256 5414 manifestus

789 5505 1234 5583 (a)__Rectissime
1299 5522 1483 5567 noster
1509 5511 1690 5583 _ponit
1721 5509 1888 5583 Petri
1951 5514 2252 5583 passionem

720 5577 822 5652 sub
854 5575 1178 5652 Maximino,
1205 5596 1309 5633 non
1357 5583 1467 5652 sub
1509 5575 1840 5652 Diocletiano
1865 5625 1878 5652 ,
1931 5575 2073 5652 quod
2127 5583 2256 5637 facit

718 5642 935 5699 Graecus
985 5648 1073 5702 ille
1130 5648 1456 5712 biogranhus
1507 5666 1537 5703 a
1595 5650 1915 5708 Combeﬁsio
1950 5642 2249 5712 'vulzatus.

2368 4449 2496 4504 lium
2526 4449 2768 4506 devotio!
2805 4451 2902 4508 Ubi
2941 4462 3300 4524 compertum
3354 4467 3472 4516 est.
3527 4459 3684 4533 quod

2367 4541 2731 4597 Carceralibus
2761 4543 3102 4600 clauderetur
3128 4551 3528 4618 ergastulis,
3571 4567 3684 4608 cut

2365 4633 2584 4688 modum
2613 4635 2944 4690 incredibilis
2968 4637 3278 4694 multitudo
3299 4681 3322 4706 ,
3366 4645 3684 4717 ρης-,ψῃ

2363 4740 2483 4778 rum
2521 4740 2583 4780 ac
2613 4727 2878 4797 virginum
2906 4728 3124 4794 chorus,
3173 4739 3236 4786 et
3285 4750 3448 4791 non
3523 4748 3684 4793 matr

2363 4818 2487 4882 mis,
2520 4818 2613 4874 sed
2660 4819 3016 4891 lacrymarum
3049 4822 3255 4879 rivulis
3301 4836 3382 4882 et
3419 4830 3567 4899 piae
3602 4847 3683 4886 xu

2361 4909 2831 4966 circumdederunt
2890 4915 3124 4968 carceris
3183 4919 3564 4976 ambitum
3602 4967 3621 4989 ,

2361 4999 2490 5055 boni
2511 5000 2608 5056 filii
2633 5017 2758 5074 erga
2785 5003 2982 5058 bonum
3012 5012 3258 5074 patrem,
3305 5009 3469 5068 imo
3504 5013 3684 5070 Chri

2359 5091 2457 5146 bra
2499 5092 2961 5150 Christianissimo
3011 5097 3215 5166 capiti,
3321 5106 3518 5161 totis
3610 5124 3684 5164 cc

2357 5183 2652 5239 visceribus
2684 5184 3040 5246 adhaerebant.
3074 5194 3410 5259 erantque
3459 5196 3579 5250 illi
3622 5215 3684 5253 xu

2361 5283 2546 5330 vantes
2573 5291 2640 5330 ne
2661 5277 2783 5346 quis
2813 5291 3144 5348 paganorum
3174 5279 3268 5333 ad
3320 5298 3518 5341 eum
3583 5289 3684 5360 in;

2355 5365 2499 5435 piam
2537 5367 2776 5422 haberet.
2837 5367 2956 5426 Una
3012 5370 3309 5425 nimirum
3372 5381 3684 5436 omnium

2355 5537 2461 5592 quo
2514 5521 2634 5604 loco
2689 5523 2879 5581 doctus
2935 5525 3109 5584 editor
3167 5541 3238 5596 p.

2353 5601 2615 5665 coarguit.

3342 5531 3684 5595 2226]
