3956 6198
258 282 358 336 457

1593 280 1771 342 ACTA
1813 285 2095 344 SINCERA
2108 331 2122 345 .

3367 287 3470 348 458

258 409 398 450 sona
426 411 545 458 vox,
574 394 873 466 eademque
911 401 1238 470 compassio.
1269 401 1405 456 mori
1432 403 1613 472 potius
1656 417 1816 472 quam
1847 410 1891 465 Α
1917 421 2009 461 eos
2043 425 2056 460 :
2091 405 2264 462 Nolite
2296 422 2402 469 me,
2453 407 2668 473 fratres,
2697 412 2953 478 tanquam
3005 407 3356 465 inhumanum
3411 429 3474 465 ac

259 495 511 542 sanctum
547 487 823 558 quidpiam
860 490 984 542 mali
1037 493 1242 562 perpeti
1300 495 1543 551 viderent
1586 497 1684 564 (α).
1722 495 1817 550 Vir

262 586 443 632 autem
467 577 674 632 Domini
712 593 834 634 cum
865 595 1066 648 paucos
1097 584 1211 640 dies
1248 585 1434 641 eodem
1469 603 1632 642 nervo
1665 595 1815 643 tene-

263 678 410 726 retur
428 679 696 738 retrusus,
733 675 931 730 tribuni
989 676 1232 732 fecerunt
1278 679 1344 733 de
1395 679 1512 749 ipso
1540 679 1651 750 regi
1683 695 1814 750 sug-

253 763 582 833 gestionem;
605 765 696 820 ille
737 775 916 822 autem
943 768 1098 836 juxta
1135 785 1337 824 morem
1372 786 1483 826 suae
1515 770 1812 829 ferocitatis

250 853 544 908 destinavit
571 857 916 922 sententiam,
961 867 1018 912 ut
1052 859 1423 916 beatissimum
1450 863 1810 932 patriarcham

245 946 467 1015 capitali
522 949 778 1016 punirent
810 950 1142 1006 discrimine.
1195 951 1364 1008 Porro
1408 954 1534 1008 dum
1572 954 1674 1009 hoc
1715 971 1812 1026 per

247 1051 406 1092 aures
457 1036 897 1095 Christianorum
958 1052 1231 1112 serperet,
1291 1053 1574 1114 cmperunt
1623 1062 1810 1102 omnes

248 1128 581 1182 unanimiter
622 1131 860 1187 carceris
905 1131 1107 1187 aditum
1159 1149 1282 1188 cum
1318 1135 1460 1190 luctu
1507 1145 1560 1191 et
1608 1139 1808 1207 gemitu

245 1220 549 1285 custodire,
601 1232 652 1275 et
679 1222 1008 1278 obsistentes
1043 1227 1307 1280 neminem
1339 1229 1617 1298 gentilium
1657 1230 1808 1284 illum

243 1308 452 1378 ingredi
511 1312 916 1380 permittebant.
953 1312 1177 1368 Tribuni
1231 1332 1358 1371 vero
1410 1333 1534 1372 cum
1583 1318 1648 1373 ad
1683 1335 1806 1374 eum

237 1399 598 1471 jugulandum
651 1404 958 1460 nullatenus
1004 1407 1262 1462 haberent
1314 1409 1652 1481 ingressum,
1705 1411 1806 1464 ha-

235 1492 351 1547 bito
380 1495 612 1550 consilio
659 1504 969 1551 statuerunt
1021 1507 1078 1552 ut
1130 1502 1309 1555 cuncti
1350 1502 1545 1558 milites
1589 1501 1806 1557 nudatis

237 1586 595 1641 mucronibus
653 1588 966 1658 popularem
1025 1591 1383 1660 irrumperent
1447 1592 1698 1655 turbam,
1750 1598 1804 1646 et

242 1677 327 1728 sic
364 1692 493 1731 eum
534 1678 795 1732 duntaxat
834 1680 900 1734 ad
939 1680 1312 1736 decollandum
1359 1683 1503 1737 foras
1552 1683 1802 1738 extrahe-

232 1775 398 1833 rent;
432 1783 558 1822 mox
589 1785 717 1824 vero
743 1771 789 1825 si
821 1772 944 1840 quis
972 1773 1238 1829 obsistere
1276 1775 1466 1842 vellet,
1500 1775 1678 1846 gladio
1715 1775 1799 1830 iu-
1831 1760 1874 1815 Β

229 1860 448 1914 teriret.
1198 1894 1216 1928 ι

305 1952 472 2008 Arius
495 1954 699 2010 interea
727 1955 904 2012 adhuc
938 1955 1153 2012 levitico
1190 1964 1394 2011 tantum
1421 1957 1626 2012 honore
1651 1956 1798 2012 colo-

236 2052 398 2098 ratus
433 2045 531 2116 (ὁ),
563 2055 807 2103 metuens
837 2064 904 2103 ne
935 2058 1056 2119 post
1089 2050 1292 2105 exitum
1323 2049 1458 2104 tanti
1492 2047 1668 2103 Patris
1713 2064 1798 2104 re-

226 2136 519 2191 conciliari
564 2140 874 2195 nullatenus
901 2142 1132 2205 valeret,
1166 2141 1298 2195 adiit
1343 2157 1437 2196 eos
1483 2141 1575 2211 qui
1627 2139 1794 2194 nobi-

225 2226 401 2282 liores
447 2237 606 2282 erant
634 2230 687 2284 in
725 2231 891 2293 clero,
920 2241 974 2284 et
1004 2232 1251 2286 luctuoso
1284 2231 1530 2300 precario
1560 2230 1798 2286 blando-

221 2335 333 2390 que
379 2335 632 2374 sermone
684 2329 870 2390 utpote
929 2323 1212 2377 simulator
1255 2321 1552 2377 conabatur
1606 2329 1795 2378 sancto

220 2413 461 2468 suadere
515 2413 954 2484 archiepiscopo,
1013 2423 1072 2468 ut
1103 2415 1178 2468 illi
1216 2414 1587 2470 misericordia
1620 2414 1794 2468 indul-

217 2515 397 2573 geret,
428 2521 662 2576 eumque
708 2507 776 2560 ab
806 2507 1115 2578 hujusmodi
1164 2507 1395 2562 solveret
1446 2506 1788 2577 obligatione.

222 2591 430 2651 Verum
463 2598 594 2667 quid
628 2599 882 2655 simulato
908 2599 1072 2656 corde
1113 2599 1395 2655 fallacius?
1419 2598 1558 2666 Quid
1605 2607 1791 2654 sancta

218 2689 621 2759 compositione
688 2691 1037 2762 simplicius?
1091 2692 1244 2746 Haud
1306 2706 1504 2757 mora;
1561 2691 1791 2763 ingrcssi

221 2791 351 2835 sunt
390 2782 488 2852 qui
525 2783 697 2853 rogati
729 2782 946 2839 fuerant
985 2785 1053 2839 ad
1101 2784 1300 2840 Christi
1354 2783 1690 2856 pontificem,
1737 2791 1792 2840 et

216 2880 345 2943 post
400 2884 720 2930 consuetam
772 2876 1093 2940 orationem,
1145 2877 1476 2932 consternati
1506 2875 1626 2932 solo
1663 2889 1789 2930 cum

215 2967 424 3036 gemitu
451 2975 506 3020 et
536 2967 788 3038 lacrymis
816 2983 1002 3025 sacras
1024 2969 1140 3038 ejus
1163 2969 1538 3025 deosculautes
1571 2983 1783 3032 manus,

213 3056 540 3127 ﬂagitabant
589 3074 713 3113 eum
764 3060 1003 3116 dicentes
1035 3079 1048 3115 :
1083 3058 1158 3115 Te
1193 3060 1442 3130 quidem,
1477 3059 1784 3115 beatissime

214 3146 407 3213 Pater,
472 3149 771 3203 secundum
833 3150 956 3204 lldei
1015 3149 1329 3220 dignitatem
1393 3149 1650 3204 Dominus
1715 3149 1783 3203 ad

213 3242 467 3313 martyrii
498 3256 753 3296 coronam
778 3241 1190 3312 vocavit,quam
1212 3250 1263 3298 te
1290 3243 1520 3297 celerius
1538 3241 1783 3312 accipere

215 3347 562 3403 nequaquam
591 3333 933 3402 ambigimus.
964 3333 1171 3390 Idcirco
1198 3334 1407 3404 justum
1436 3342 1690 3404 putamus
1724 3341 1783 3388 ut

215 3424 374 3479 solita
432 3425 634 3494 pietate
666 3424 946 3496 indulgeas
981 3425 1146 3492 Ario,
1181 3426 1410 3496 ejusque
1449 3424 1662 3481 ﬂetibus
1694 3441 1784 3479 ve-

210 3516 351 3570 niam
386 3517 628 3573 tribuas.

274 3605 500 3672 Quibus
563 3607 762 3663 auditis
824 3607 906 3662 vir
954 3606 1166 3664 Domini
1231 3622 1354 3662 cum
1407 3605 1781 3678 indignatione

208 3698 491 3751 submovit
526 3713 642 3759 eos,
674 3705 728 3752 et
779 3699 1003 3754 elevatis
1046 3713 1261 3753 sursum
1309 3699 1559 3752 manibus
1585 3682 1781 3752 excla-

207 3803 394 3852 mans,
418 3790 586 3844 dixit:
611 3787 716 3844 Pro
741 3791 870 3846 Ario
901 3807 984 3847 me
1015 3791 1224 3846 audetis
1253 3789 1592 3861 supplicare?
1618 3789 1780 3843 Arius

205 3888 256 3932 et
286 3880 385 3934 hic
417 3891 470 3934 et
505 3881 559 3934 in
591 3880 774 3937 futuro
826 3883 1024 3938 saeculo
1072 3898 1101 3936 a
1151 3882 1320 3952 gloria
1354 3880 1475 3934 Filii
1523 3878 1618 3936 Dei
1647 3878 1777 3935 Jesu

207 3971 424 4026 Christi
463 3972 676 4026 Domini
711 3975 882 4029 nostri
914 3988 1128 4042 semper
1153 3975 1255 4029 erit
1290 3981 1603 4044 segregatus
1643 3988 1782 4027 sem-

207 4073 420 4132 perque
447 4061 690 4119 mauebit
732 4063 964 4118 extorris
994 4063 1086 4134 (ο).
1117 4061 1241 4117 Hinc
1286 4063 1377 4118 illo
1418 4070 1774 4132 protestante,

205 4169 408 4208 omnes
432 4153 527 4223 qui
556 4153 799 4218 aderant,
833 4155 1028 4210 timore
1057 4155 1292 4224 perculsi
1313 4194 1327 4219 ,
1354 4165 1609 4223 tanquam
1643 4155 1776 4207 muti

205 4245 536 4302 reticebant.
570 4244 740 4301 Porro
781 4248 1040 4317 suspicati
1081 4255 1207 4302 sunt
1251 4263 1371 4302 eum
1403 4263 1510 4302 non
1545 4246 1663 4300 sine
1700 4244 1780 4300 di-

204 4340 334 4394 vino
391 4351 526 4394 nutu
580 4340 742 4396 talem
791 4340 844 4394 in
899 4339 1088 4393 Arium
1138 4337 1382 4409 proferre
1431 4338 1772 4394 sententiam.

1918 496 2149 567 rigidum
2187 498 2458 568 accipere;
2503 509 2689 551 revera
2734 499 2875 553 enim
2912 506 2964 554 et
3017 516 3117 571 ego
3160 501 3320 557 homo
3350 517 3470 556 sum

1916 589 2018 643 sub
2044 589 2156 658 lege
2186 589 2388 657 peccati
2420 587 2646 658 degens;
2683 588 2776 643 sed
2811 589 3011 644 credite
3045 591 3180 645 meis
3214 592 3474 646 sermonis

1915 677 2034 734 bus.
2065 678 2260 734 Latens
2291 680 2402 733 Arii
2426 679 2581 733 dolus
2613 695 2824 734 omnem
2863 690 3078 751 superat
3107 681 3468 752 iniquitatem,

1912 781 2236 836 omnemque
2267 766 2673 838 supergreditur
2705 769 3027 837 impietatem
3062 789 3076 836 ;
3138 780 3191 826 et
3225 771 3330 827 hoc
3361 787 3466 827 non

1913 869 1942 908 a
1972 858 2290 926 memetipso
2324 873 2596 921 asserens,
2621 858 2739 927 ejus
2771 860 2975 913 sancivi
3019 861 3463 930 segregationem.

1909 947 2022 1002 Hac
2054 950 2252 1003 etenim
2289 959 2448 1005 nocte
2480 950 2608 1004 dum
2647 951 2958 1004 solemniter
2979 966 3165 1020 preces
3200 951 3265 1006 ad
3297 951 3462 1008 Deum

1911 1038 2210 1103 funderem,
2237 1041 2408 1095 astitit
2429 1040 2558 1092 milii
2593 1039 2812 1109 quidam
2837 1055 2969 1109 puer
2991 1040 3146 1108 quasi
3178 1040 3460 1096 duodecim

1909 1145 2199 1193 annorum,
2233 1131 2390 1200 cujus
2453 1130 2607 1185 faciei
2639 1130 2935 1184 claritatem
2999 1130 3142 1187 ferre
3183 1147 3290 1188 non
3320 1141 3466 1203 pote-

1908 1237 2044 1287 ram,
2079 1237 2200 1275 nam
2233 1232 2342 1276 tota
2374 1222 2487 1276 haec
2542 1221 2676 1276 cella
2711 1220 2764 1275 in
2802 1237 2907 1291 qua
2940 1230 3147 1280 stamus
3196 1224 3461 1280 immenso

1907 1313 2110 1368 lumine
2139 1314 2404 1369 radiabat.
2429 1315 2545 1384 Ipse
2581 1322 2759 1368 autem
2803 1315 3136 1369 linostimum
3166 1325 3284 1372 erat
3310 1318 3462 1372 indu-

1907 1414 1993 1460 tus
2019 1407 2311 1468 colobium,
2361 1409 2591 1462 scissum
2631 1408 2685 1461 in
2735 1416 2916 1478 partes
2953 1416 3211 1480 utrasque
3256 1425 3284 1464 a
3317 1412 3458 1467 collo

1903 1514 2076 1568 usque
2110 1500 2175 1552 ad
2218 1500 2402 1569 pedes,
2447 1510 2745 1569 tenensque
2778 1499 2990 1570 gemina
3040 1515 3202 1554 manu
3259 1503 3454 1558 colobil

1902 1588 2196 1652 scissuras,
2249 1589 2549 1659 applicabat
2608 1605 2702 1644 eas
2747 1590 2950 1659 pectori
3006 1607 3126 1652 suo,
3191 1601 3456 1662 quatenus

1903 1681 2178 1752 propriam
2212 1689 2417 1751 tegeret
2449 1682 2764 1738 nuditatem.
2798 1682 2878 1736 Ad
2914 1683 3050 1737 hanc
3073 1683 3272 1754 quippe
3294 1685 3458 1739 visio-

1901 1788 2022 1826 nem
2058 1789 2156 1843 ego
2188 1773 2415 1829 miratus
2452 1774 2728 1845 obstupui.
2761 1775 2880 1830 Mox
2908 1776 2997 1830 ubi
3032 1776 3155 1830 data
3192 1785 3274 1832 est
3322 1776 3454 1830 mihi

1900 1861 2153 1932 loquendi
2211 1863 2427 1927 ﬁducia,
2483 1866 2796 1922 exclamans
2837 1866 2946 1921 dixi
2981 1885 2993 1922 :
3033 1867 3288 1932 Domine,
3329 1868 3454 1938 quis

1899 1956 1995 2008 tibi
2045 1955 2147 2010 hoc
2203 1955 2362 2010 scidit
2421 1957 2830 2013 indumentum?
2875 1959 2938 2014 Et
2972 1959 3062 2014 ille
3099 1977 3113 2014 :
3162 1959 3326 2016 Arius
3365 1973 3453 2015 me

1896 2045 2078 2109 scidit,
2112 2045 2205 2101 sed
2239 2062 2481 2118 praecave
2525 2050 2746 2105 omnino
2770 2066 2838 2106 ne
2869 2067 2989 2106 eum
3021 2052 3076 2106 in
3104 2052 3453 2108 communio-

1901 2153 2023 2191 nem
2056 2137 2321 2208 recipias;
2353 2155 2480 2194 ecce
2507 2143 2650 2195 enim
2681 2143 2916 2198 crastina
2948 2143 3035 2198 die
3063 2144 3276 2198 venturi
3321 2153 3453 2199 sunt

1894 2230 1986 2299 qui
2021 2238 2073 2285 te
2103 2247 2201 2300 pro
2247 2247 2311 2286 eo
2356 2233 2726 2302 postulabunt.
2757 2233 2891 2290 Vide
2947 2251 3076 2307 ergo
3125 2251 3194 2290 ne
3254 2251 3450 2293 suasus

1894 2321 2213 2390 acquiescas
2258 2322 2364 2394 illis
2399 2343 2412 2377 :
2445 2325 2572 2393 quin
2603 2326 2781 2396 potius
2825 2327 3014 2396 jnbeto
3044 2327 3268 2382 Achilla:
3309 2328 3448 2398 pari-

1896 2417 2084 2478 terque
2100 2409 2406 2466 Alexandro
2429 2414 2779 2484 presbyteris,
2814 2415 2906 2485 qui
2945 2424 3065 2486 post
3095 2424 3247 2470 tuum
3267 2424 3448 2472 transi

1891 2497 2023 2552 ilum
2062 2502 2258 2556 recturi
2304 2513 2431 2558 sunt
2462 2503 2757 2560 Ecclesiam
2787 2521 2981 2572 meam,
3009 2522 3078 2563 ne
3106 2509 3446 2580 aliquatenus

1890 2591 2040 2644 illum
2093 2593 2378 2663 recipiant.
2444 2594 2524 2648 Tu
2585 2605 2762 2652 autem
2820 2597 3032 2654 futurus
3083 2614 3142 2654 es
3202 2599 3448 2670 martyrii

1888 2688 2090 2736 sortem
2152 2685 2392 2738 velocius
2449 2685 2684 2754 explere.
2749 2685 2920 2757 lluju’s
2984 2696 3161 2743 autem
3217 2689 3446 2746 visionis

1889 2786 2054 2828 causa
2106 2774 2181 2828 nil
2220 2775 2452 2844 amplius
2497 2775 2616 2831 fuit.
2666 2775 2804 2832 Ecce
2856 2777 3092 2833 satisfeci
3147 2779 3337 2846 vobis,
3387 2786 3446 2835 et

1888 2878 2006 2932 qua:
2034 2861 2188 2932 jussa
2216 2872 2342 2919 sunt
2371 2879 2596 2934 prorsus
2625 2867 2961 2921 annuntiavi.
3009 2867 3273 2923 Caeterum
3295 2861 3442 2940 'quid

1886 2972 1950 3012 ex
1990 2957 2074 3012 his
2110 2957 2347 3022 facietis,
2386 2975 2484 3015 vos
2523 2959 2785 3016 videritis.
2827 2958 2892 3014 Et
2937 2959 3003 3014 de
3053 2960 3182 3015 Ario
3223 2959 3441 3032 quidem

1887 3051 2020 3106 haec.

1954 3143 2136 3200 Nostis
2158 3153 2434 3214 praeterea,
2465 3145 2795 3208 charissiml,
2824 3153 2876 3200 et
2905 3145 3040 3201 bene
3082 3145 3276 3212 nostis,
3305 3159 3442 3217 quas

1885 3232 2010 3287 liter
2056 3233 2163 3287 huc
2193 3248 2363 3303 usque
2386 3232 2662 3287 vobiscum
2693 3238 3042 3287 conversatus
3074 3247 3214 3295 sum,
3263 3245 3439 3302 quan‘

1884 3330 2074 3392 tasque
2105 3322 2534 3378 conflictationes
2563 3322 2630 3376 ab
2661 3322 2961 3380 idololatris
2991 3323 3226 3379 sustinui
3266 3325 3440 3395 gentis

1884 3415 2046 3478 libus,
2083 3415 2174 3485 qui
2204 3414 2486 3471 Dominum
2517 3413 2850 3470 Salvatorem
2877 3417 3208 3486 ignorantes,
3255 3415 3438 3470 multi-

1883 3504 2123 3559 tudinem
2176 3503 2398 3560 deorum
2445 3504 2538 3574 qui
2587 3519 2695 3559 non
2739 3513 2886 3572 sunt,
2922 3506 3253 3562 insanientes
3285 3504 3438 3560 diffa—

1882 3610 2033 3650 mare
2061 3611 2170 3650 non
2203 3603 2440 3651 cessant.
2483 3594 2644 3650 Scitis
2691 3595 2932 3666 profecto
2962 3599 3232 3667 quomodo
3253 3613 3436 3668 perse-

1879 3698 2128 3743 cutorum
2157 3688 2482 3744 declinando
2512 3687 2738 3756 rabiem,
2764 3687 2831 3743 de
2865 3689 2984 3746 loco
3015 3689 3081 3744 ad
3110 3689 3284 3744 locum
3311 3705 3437 3761 pro‘

1879 3787 2038 3857 fugus
2087 3787 2251 3842 ibam.
2305 3784 2600 3839 Plurimum
2660 3800 2891 3855 namque
2941 3785 2994 3838 in
3055 3784 3434 3854 Mesopotamia

1878 3880 2098 3933 latitans
2150 3878 2292 3949 degi,
2351 3893 2412 3932 ac
2441 3877 2664 3949 perinde
2698 3878 2838 3948 apud
2891 3877 3100 3949 Syriam
3161 3875 3434 3932 Phoenicis

1876 3972 2085 4036 delitui,
2119 3972 2171 4025 in
2208 3979 2438 4042 utraque
2492 3971 2653 4026 etiam
2707 3968 2994 4025 Palaestina
3039 3969 3242 4025 diutius
3279 3985 3434 4040 pem

1875 4065 2231 4138 grinationem
2276 4063 2544 4130 sustinui;
2603 4071 2656 4118 et
2685 4061 2901 4126 exinde,
2937 4067 2995 4131 ut
3038 4067 3110 4116 ita
3145 4060 3344 4130 dicam,
3376 4063 3429 4117 in

1876 4159 1983 4212 alio
2003 4158 2291 4222 elemento,
2312 4156 2414 4210 hoc
2442 4163 2526 4210 est
2549 4155 2604 4210 in
2639 4155 2832 4210 insulis
2859 4168 2966 4208 non
2999 4167 3166 4224 parvo
3192 4159 3433 4223 tempore

1875 4258 2116 4305 moratus
2147 4263 2286 4303 sum.
2313 4247 2377 4300 Et
2424 4247 2478 4301 in
2515 4248 2599 4302 his
2631 4245 2888 4301 omnibus
2915 4245 3116 4315 degens
3149 4245 3428 4301 calamitao

1875 4344 2021 4398 tibus
2055 4340 2335 4396 Dominico
2359 4338 2508 4410 gregi
2539 4339 2631 4409 qui
2663 4352 2794 4392 meae
2828 4336 3077 4406 parvitati
3106 4337 3430 4393 commissus

204 4430 361 4499 Quos
389 4432 518 4487 dum
537 4433 994 4489 clementissimus
1017 4431 1178 4486 Pater
1193 4433 1375 4487 cordis
1403 4431 1775 4500 compunctio-
1804 4446 1848 4502 ι)
1876 4441 1979 4492 est.
2015 4433 2102 4488 die
2129 4439 2400 4499 noctuque
2428 4429 2666 4484 scribere
2713 4443 2819 4483 non
2849 4426 3158 4482 desinebam
3180 4464 3196 4490 ,
3230 4425 3430 4481 conflr‘

201 4539 268 4581 ne
320 4525 554 4580 silentes
595 4539 658 4579 ac
707 4534 930 4581 muastos
978 4526 1263 4592 aspiceret,
1297 4523 1469 4579 noluit
1525 4532 1774 4579 austerus

203 4631 566 4686 permanere,
618 4617 704 4671 vel
751 4633 846 4673 eos
906 4617 1062 4687 quasi
1111 4624 1469 4671 contemnens
1528 4614 1644 4669 sine
1693 4630 1777 4668 sa-

203 4709 522 4764 tisfactione
566 4709 902 4778 relinquere;
953 4707 1046 4764 sed
1087 4721 1373 4762 assumens
1407 4705 1673 4759 Achillam
1721 4713 1774 4758 et

201 4798 621 4862 Alexandrum,
687 4800 781 4869 qui
847 4799 902 4852 in
967 4797 1342 4854 sacerdotibus
1401 4797 1644 4852 seniores
1710 4812 1774 4852 ac

204 4894 518 4947 sanctiores
539 4907 660 4947 esse
685 4891 1030 4955 videbantur.
1066 4907 1228 4945 unum
1258 4906 1323 4946 ex
1353 4890 1433 4944 eis
1468 4889 1672 4944 habens
1704 4888 1770 4943 ad

202 4986 508 5051 dexteram,
534 4985 767 5041 alterum
798 4999 1014 5054 quoque
1036 4983 1104 5037 ad
1141 4982 1346 5047 laevam,
1380 4981 1653 5050 paululum
1677 4995 1772 5036 eos

201 5078 516 5150 segregavit
568 5093 599 5132 a
645 5079 875 5144 caeteris,
907 5083 959 5131 et
1016 5075 1200 5130 clauso
1235 5088 1483 5130 sermone
1531 5071 1668 5126 dixit
1702 5072 1768 5124 ad

272 5237 354 5306 (α)
417 5235 508 5291 Sic
562 5253 789 5306 prorsus
852 5238 1154 5293 excubabat
1210 5232 1637 5306 Mediolanensis‘
1684 5232 1766 5302 pia

200 5302 358 5374 plebs
383 5309 527 5361 circa
550 5302 894 5363 Ambrosium
923 5310 1237 5377 episcopum
1280 5319 1462 5377 suum,
1496 5305 1581 5355 eui
1617 5302 1768 5355 furor

198 5377 430 5431 Iustinae
456 5379 669 5432 Arianae
700 5375 1060 5446 imperatricis
1095 5375 1436 5446 imminebat,
1475 5380 1610 5426 teste
1639 5385 1768 5426 oena

199 5450 300 5502 lari
324 5450 629 5517 Augustino
668 5441 905 5517 Confess.
941 5448 1032 5501 lib.
1059 5462 1131 5509 Ix,
1155 5460 1275 5517 cap.
1315 5441 1364 5496 7.

269 5518 348 5581 (ὁ)
373 5511 540 5572 Βέριε
570 5520 672 5573 hoc
696 5511 913 5572 dicitur.
945 5533 1101 5572 secus
1135 5530 1196 5568 ac
1224 5511 1410 5568 Graeca
1452 5513 1584 5567 Acta
1609 5511 1767 5567 Com-

205 5586 377 5641 belisii
427 5597 483 5642 et
529 5587 651 5642 cod.
688 5586 964 5656 γεηζϋὶε,
1021 5588 1077 5641 in
1133 5583 1331 5656 quibus
1383 5583 1520 5640 falso
1564 5583 1766 5637 dicitur

210 5658 486 5726 presbyter
508 5657 669 5710 Arius
687 5658 790 5710 sub
815 5655 996 5726 Petro.

268 5729 343 5796 (ε)
368 5720 592 5780 Ἁάάιιιιι
649 5726 737 5781 hic
769 5729 902 5780 Acta
948 5724 1343 5781 Combelisiana
1367 5762 1386 5792 ,
1424 5720 1751 5795 quemadmo-

519 5819 789 5880 PATROL.
832 5818 948 5881 Gn.
995 5815 1223 5882 XVIII.

1876 4535 2030 4574 mans
2069 4534 2164 4574 eos
2198 4519 2253 4572 in
2299 4516 2501 4572 Christi
2549 4516 2776 4571 unitate.
2831 4513 3030 4570 Horum
3074 4515 3217 4570 enim
3269 4515 3427 4569 anxia

1875 4609 2184 4668 sollicitudo
2237 4625 2334 4666 cor
2394 4623 2572 4665 meum
2631 4607 2816 4664 sedule
2871 4605 3200 4677 instigabat,
3241 4615 3295 4663 et
3341 4623 3428 4662 me

1873 4705 2153 4775 quiescere
2174 4717 2280 4757 non
2305 4701 2547 4767 sinebat;
2583 4699 2922 4756 solummodo
2943 4699 3113 4754 levius
3130 4714 3214 4754 me
3231 4698 3429 4755 habere

1873 4798 2130 4870 putabam
2185 4794 2404 4867 quando
2434 4809 2529 4849 eos
2578 4806 2824 4862 superna:
2865 4790 3118 4861 potestati
3163 4792 3428 4846 commit-

1871 4889 2070 4945 tebam.

1939 4979 2057 5034 Jam
2098 4992 2226 5032 vero
2267 4983 2487 5045 propter
2512 4975 2816 5030 fortunatos
2849 4971 3153 5043 pontifices,
3181 4968 3422 5025 Phileum

1869 5073 2010 5136 dico,
2045 5069 2368 5140 llesychium
2397 5066 2474 5135 (Δ)
2509 5075 2668 5135 atque
2692 5063 3058 5128 Theodorum,
3083 5062 3174 5133 qui
3200 5061 3361 5132 digne
3393 5075 3421 5114 a

1866 5226 1992 5279 dum
2022 5224 2110 5276 ille
2144 5221 2240 5274 Dei
2271 5218 2466 5272 Filium
2501 5235 2533 5270 a
2560 5227 2778 5286 paterna
2830 5216 3002 5288 gloria
3047 5227 3094 5270 et
3125 5214 3425 5288 substantia

1866 5293 2226 5365 sequestrqvit.
2255 5288 2410 5354 Male,
2433 5285 2568 5365 quia
2595 5285 2846 5365 nondum
2867 5287 3029 5365 Arius
3058 5298 3210 5365 suam
3241 5285 3426 5365 ligare-

1867 5352 1967 5420 sint
1989 5362 2339 5432 patefecerat,
2357 5352 2465 5412 sed'
2481 5358 2552 5411 ob
2581 5358 2816 5432 schisma
2847 5352 3220 5432 tantummodo
3248 5352 3426 5432 hlele—

1866 5425 2108 5490 tianum.
2157 5439 2211 5484 et
2261 5435 2567 5496 suspectam
2620 5426 2810 5498 agendi
2846 5427 3112 5498 rationem
3167 5425 3424 5498 exclusus

1867 5506 2062 5560 fuerat.
2097 5501 2210 5556 Hoc
2245 5492 2679 5552 additamentum
2708 5511 2774 5550 ne
2811 5495 2946 5550 alter
2987 5493 3202 5564 quidem
3253 5492 3424 5549 codex

1865 5575 1991 5629 Vat.
2028 5573 2132 5628 62%
2170 5570 2433 5640 agnoscit.

1935 5627 2014 5716 (ά)
2040 5627 2179 5716 Acta
2204 5627 2616 5696 'Combeﬁsiana
2652 5644 2706 5693 et
2745 5633 2867 5691 cod.
2905 5631 3026 5688 V'at.
3075 5631 3180 5687 622
3222 5627 3428 5688 addunt

1866 5714 2232 5772 Pa'chomium.

3082 5795 3156 5862 15
