3906 6194
753 243 867 300 159

1779 241 1843 298 S.
1885 241 2086 297 PETRI
2125 241 2586 298 ALEXANDRINI
2626 244 2934 304 EPISCOPI

761 368 949 425 divina
975 367 1144 439 gratia
1176 371 1302 419 sunt
1347 363 1543 428 vocati,
1575 379 1736 434 quam
1789 365 1970 435 gravis
2021 382 2108 420 me
2147 365 2334 422 tribu—
2361 369 2403 426 Δ
2433 368 2758 426 bulationes.
2787 369 2972 442 Neque
2997 371 3138 426 enim
3180 373 3380 430 meliores
3405 391 3534 435 sumus
3567 397 3668 450 quam

765 463 895 520 latio
929 461 1232 532 quatiebat!
1269 457 1335 512 Hi
1371 459 1536 526 enim,
1566 467 1625 513 ut
1654 459 1754 531 ipsi
1787 458 1966 526 scitis,
2006 459 2080 514 ob
2123 460 2327 516 Christi

765 556 922 608 iidem
946 568 1066 606 cum
1103 552 1328 622 reliquis
1359 549 1765 608 confessoribus
1810 550 2042 607 diversis
2072 567 2332 607 macera—

761 645 960 700 bantur
988 644 1290 714 suppliciis.
1321 642 1387 697 Et
1429 643 1556 714 quia
1583 644 1636 697 in
1681 643 1775 697 tali
1806 659 1977 714 agone
2006 660 2116 699 non
2153 645 2330 699 solum

761 735 1106 798 clericorum,
1139 734 1234 790 sed
1267 736 1427 789 etiam
1461 734 1723 789 laicorum
1750 734 1852 803 ipsi
1893 744 2048 789 erant
2083 733 2328 805 signiferi

761 837 816 883 et
854 835 1232 898 praeceptores,
1263 836 1548 897 propterea
1586 827 1741 882 valde
1769 827 2017 892 verebar,
2055 843 2124 882 ne
2154 828 2328 899 longis

762 920 1055 976 deﬁcerent
1109 920 1478 985 cruciatibus,
1528 928 1581 974 et
1633 935 1820 975 eorum
1879 918 2133 987 defectio,
2182 921 2327 990 quod

761 1013 909 1068 dictu
947 1028 1110 1082 grave
1141 1021 1246 1077 est,
1296 1011 1546 1081 plurimis
1578 1011 1810 1083 negandi
1845 1009 1983 1067 foret
2017 1010 2329 1067 offendicu—

763 1103 872 1158 lum
895 1123 910 1172 ;
935 1112 1092 1160 erant
1111 1105 1254 1159 enim
1285 1105 1426 1158 ultra
1452 1112 1738 1160 sexcentos
1765 1103 2068 1173 sexaginta,
2092 1104 2326 1174 quicum

763 1195 844 1250 eis
872 1195 1240 1250 carceralibus
1271 1196 1622 1250 arctabantur
1657 1194 1967 1264 ergastulis.
1997 1190 2151 1247 Unde
2208 1207 2327 1245 ma-

760 1303 866 1357 gno
905 1287 1091 1342 labore
1131 1302 1435 1358 magnoque
1461 1296 1712 1356 satagens
1741 1284 1960 1348 sudore,
1993 1300 2102 1339 non
2129 1298 2327 1339 cessa-

760 1382 884 1435 bam
945 1379 1012 1434 de
1069 1378 1343 1449 praedictis
1394 1378 1529 1433 locis
1585 1377 1825 1432 scribere
1879 1376 2131 1431 omnibus
2183 1377 2322 1442 illis,

760 1471 1055 1527 exhortans
1093 1485 1186 1526 eos
1237 1471 1305 1524 ad
1338 1470 1582 1541 martyrii
1617 1469 1848 1539 palmam
1899 1468 2214 1538 magisterio
2245 1466 2326 1520 di-

761 1563 872 1616 vini
899 1561 1115 1617 affatus.
1147 1559 1372 1627 Quando
1417 1576 1544 1616 vero
1585 1560 1829 1614 omnium
1857 1574 2044 1614 eorum
2075 1557 2324 1630 magniﬁ-

759 1670 880 1709 cam
909 1655 1090 1710 audivi
1140 1654 1596 1725 perseverantiam
1631 1662 1685 1706 et
1717 1652 1990 1722 passionis
2027 1652 2320 1723 gloriosum

759 1748 942 1811 finem,
977 1747 1178 1802 cadens
1204 1746 1262 1800 in
1303 1756 1503 1801 terram
1535 1745 1753 1800 adoravi
1807 1743 2016 1800 Christi
2053 1744 2325 1812 majesta-

758 1847 890 1905 tem,
921 1839 1012 1909 qui
1053 1853 1146 1894 eos
1176 1838 1318 1894 inter
1363 1837 1607 1910 martyrii
1662 1844 1908 1893 catervas
1967 1851 2326 1893 annumerare

757 1927 1010 1997 dignatus
1033 1936 1130 1983 est.

824 2018 966 2086 Quid
1017 2020 1181 2076 etiam
1215 2021 1368 2077 vobis
1411 2018 1478 2076 de
1539 2018 1750 2076 Meletio
1805 2019 2194 2093 Lycopolitano
2246 2019 2320 2092 (a)

755 2112 1218 2167 commemorem?
1258 2111 1350 2182 qui
1403 2120 1638 2182 quantas
1673 2113 2101 2182 persecutiones,
2135 2128 2325 2183 quan-

754 2213 949 2274 tosque
969 2203 1124 2258 dolos
1141 2203 1274 2257 mihi
1304 2203 1372 2258 sit
1394 2203 1691 2271 jaculatus,
1716 2219 1815 2259 vos
1841 2203 2155 2258 omnimodo
2181 2203 2324 2260 scire

756 2295 1064 2350 nullatenus
1099 2284 1334 2365 ambigo.
1386 2293 1531 2350 Proh
1588 2291 1769 2351 nefas!
1827 2295 2077 2364 scindere
2125 2313 2324 2352 sacro-

755 2395 1002 2444 sanctam
1052 2385 1350 2442 Ecclesiam
1396 2403 1504 2442 non
1553 2388 1765 2448 metuit,
1797 2404 1960 2458 quam
2013 2389 2105 2444 Dei
2150 2387 2321 2445 Filius

755 2481 993 2550 pretioso
1034 2478 1297 2549 sanguine
1347 2478 1596 2543 redemit,
1641 2494 1870 2549 eamque
1916 2488 1973 2533 ut
2010 2479 2076 2534 de
2117 2480 2320 2536 diaboli

754 2569 1042 2643 tyrannide
1065 2569 1341 2635 liberaret,
1383 2569 1619 2624 animam
1671 2585 1872 2641 ponere
1901 2587 2008 2626 non
2048 2572 2318 2626 titubavit.

755 2663 927 2728 Hanc,
962 2671 1021 2718 ut
1049 2662 1229 2717 dicere
1256 2661 1419 2732 cmpi,
1453 2661 1824 2731 nequissimus
1857 2661 2106 2717 Meietius
2159 2664 2321 2719 scin—

753 2758 910 2820 dens,
939 2755 1104 2811 etiam
1153 2762 1376 2809 sanctos
1412 2753 1718 2823 episcopos,
1753 2754 1845 2824 qui
1880 2761 2007 2809 ante
2039 2755 2318 2824 paululum

753 2865 849 2922 per
903 2847 1220 2919 martyrium
1279 2846 1447 2901 caelos
1503 2853 1901 2915 penetrarunt,
1965 2845 2019 2898 in
2080 2846 2318 2902 carceris

753 2942 1001 2997 custodia
1032 2954 1343 3010 expugnare
1370 2946 1532 3008 atque
1561 2937 1798 3008 afﬂigere
1848 2953 1959 2993 non
2008 2939 2314 2995 desinebat.

2431 471 2543 516 tres
2576 461 2774 517 nostri.
2803 470 2885 516 An
2943 464 3201 535 ignoratis
3228 475 3382 534 quanta
3408 483 3431 520 a
3451 471 3649 538 gentilibus

2432 566 2623 621 pessus
2665 565 2748 608 est
2781 561 2932 623 pater
2963 570 3144 618 meus,
3179 555 3262 624 qui
3290 571 3352 610 me
3387 559 3557 626 nutrivit,
3579 576 3668 618 sano

2432 659 2553 699 mus
2584 643 2835 702 Tbeonas
2873 647 3184 718 episcOpus,
3209 649 3336 718 cujus
3368 650 3625 718 pontificalem
3645 671 3667 709 ε

2429 737 2581 791 dram
2632 753 2819 808 regere.
2850 741 3110 810 suscepi?
3162 740 3206 795 Ο
3245 741 3400 794 utinam
3429 749 3468 797 et
3504 749 3651 801 mores!

2428 829 2590 883 etiam
2621 829 2686 885 de
2716 846 2911 901 magno
2946 830 3200 904 Dionysio
3243 833 3427 901 ejusdem
3464 851 3668 904 praecessor

2429 918 2643 974 feram?
2674 921 2766 991 qui
2794 921 3057 993 profugus
3087 923 3154 978 de
3187 923 3292 977 loco
3329 923 3372 976 in
3409 925 3540 979 locum
3567 929 3668 980 mult:

2428 1009 2699 1068 lamitates
2752 1015 2819 1068 ab
2866 1014 3058 1069 insano
3099 1015 3333 1070 sustinuit
3373 1014 3580 1072 Sabellio‘l
3614 1019 3668 1073 Ne

2427 1110 2743 1173 praeteream
2784 1105 2880 1177 (ὁ),
2917 1106 3245 1162 sanctissimi
3269 1106 3421 1165 Patres
3447 1124 3497 1163 ac
3532 1109 3668 1165 divinae

2426 1195 2719 1259 antistites,
2777 1194 2985 1251 Heracli
3033 1205 3194 1267 atque
3229 1197 3439 1263 Demetri,
3460 1205 3609 1267 quibus
3638 1201 3668 1253 la

2424 1295 2512 1343 tor
2545 1289 2788 1360 perversi
2835 1290 3100 1361 dogmatis
3149 1291 3382 1360 Origenes
3420 1290 3668 1347 multifarias

2426 1383 2602 1437 tiones
2640 1381 2900 1447 incussit;
2933 1381 3025 1451 qui
3079 1381 3302 1450 conjecit
3331 1379 3668 1435 inEcclesiamd

2424 1469 2532 1524 bile
2557 1470 2816 1533 schisma,
2850 1469 2994 1539 quod
3027 1484 3196 1540 usque
3225 1469 3364 1524 hodie
3390 1469 3619 1524 confundit
3639 1487 3668 1525 ei

2375 1580 2379 1584 ι
2425 1563 2598 1632 gratia
2631 1561 2748 1626 Dei,
2777 1577 2896 1631 quat
2932 1561 3052 1616 illos
3105 1571 3230 1615 tunc
3257 1562 3553 1632 protegebat,
3581 1561 3668 1616 cred

2425 1653 2569 1724 quod
2593 1659 2645 1707 et
2676 1669 2773 1708 vos
2806 1659 3070 1724 proteget.
3109 1650 3212 1707 Sed
3237 1652 3353 1722 quid
3381 1670 3460 1710 vos
3492 1655 3606 1708 ultra
3640 1655 3664 1708 ι]

2424 1742 2730 1799 charissimi
2761 1743 2977 1809 fratres,
3013 1743 3206 1814 prolixi
3246 1745 3483 1801 sermonis
3521 1744 3668 1799 aifatu?

2424 1845 2506 1892 est
2531 1843 2588 1890 ut
2620 1835 2808 1888 ultima
2850 1836 3080 1906 apostoli
3134 1836 3367 1891 oratione
3412 1851 3498 1891 vos
3533 1852 3667 1905 prose

2425 1929 2743 2000 precantis:
2780 1937 2834 1984 et
2884 1943 3029 1982 nunc
3080 1928 3389 1984 commendo
3438 1929 3668 1984 vosl)eo«

2423 2021 2610 2090 gratiae
2659 2019 2798 2089 ejus,
2833 2022 2926 2090 qui
2976 2028 3168 2090 potens
3212 2029 3290 2075 est
3331 2020 3601 2091 gubernare
3638 2027 3668 2074 el

2423 2110 2564 2166 ovile
2593 2125 2773 2166 suum.
2821 2107 2947 2164 Haec
2997 2108 3090 2164 ubi
3136 2110 3276 2164 dicta
3325 2111 3480 2172 dedit,
3512 2111 3668 2180 positis

2423 2202 2600 2258 oravit
2635 2219 2758 2272 cum
2781 2204 2880 2258 eis.
2913 2201 3132 2269 Expleta
3160 2202 3341 2272 itaque
3367 2204 3618 2268 oratione,
3643 2221 3668 2258 ο

2422 2311 2616 2350 manus
2672 2295 2793 2365 ejus
2841 2310 2904 2349 ac
2960 2295 3123 2364 pedes
3166 2294 3402 2351 Achillas
3451 2304 3598 2366 atque
3650 2295 3668 2348 ἐ

2423 2385 2675 2441 conversi
2724 2385 2780 2439 in
2830 2385 3098 2455 iacrymas
3131 2385 3373 2457 singultu
3407 2387 3668 2442 amarissin

2422 2479 2642 2542 bantur,
2668 2479 2900 2534 maxime
2931 2478 3059 2548 quia
3085 2479 3369 2534 audierant
3389 2496 3506 2535 eum
3538 2480 3668 2534 dicer

2422 2579 2550 2626 tunc
2595 2573 2944 2643 temporalem
2999 2573 3120 2642 ejus
3177 2573 3350 2626 vitam
3408 2574 3668 2644 amplius‘

2420 2673 2620 2719 essent.
2654 2663 2862 2718 Dehinc
2906 2664 3099 2720 doctor
3128 2664 3486 2722 dulcissimus
3521 2667 3666 2720 venie

2420 2756 2599 2825 liquos
2645 2756 2992 2820 clericorum,
3046 2756 3160 2826 qui,
3219 2766 3276 2812 ut
3341 2760 3668 2830 pratmissuw

2417 2845 2547 2902 Ario
2578 2847 2806 2917 ingressi
2839 2845 3073 2912 fuerant,
3109 2847 3330 2904 locutus
3379 2850 3463 2904 eis
3503 2851 3661 2904 verba

2419 2948 2581 3011 atque
2603 2939 2968 2994 consolatoria
2993 2946 3045 2995 et
3065 2954 3186 3010 quae
3206 2943 3535 2996 necessaria
3561 2955 3668 2996 erat

742 3036 950 3091 Cavete
977 3035 1139 3104 igitur
1175 3033 1244 3088 ab
1271 3033 1390 3102 ejus
1423 3031 1658 3087 insidiis.
1705 3031 1818 3103 Ego
1863 3031 2008 3086 enim
2031 3073 2047 3100 ,
2099 3041 2158 3086 ut
2212 3033 2314 3102 ipsi
2342 3073 2385 3132 ο
2419 3029 2558 3086 fusis
2588 3030 2654 3084 ad
2687 3029 2854 3086 Deum
2906 3033 3160 3102 precibus
3199 3034 3328 3089 vale
3359 3034 3577 3092 faciens
3633 3037 3668 3089 il

744 3128 969 3191 videtis,
1001 3126 1254 3194 alligatus
1287 3124 1472 3179 divina
1516 3125 1782 3179 charitate
1831 3123 2167 3194 proficiscor,
2204 3139 2316 3178 vo—

753 3220 1017 3274 luntatem
1073 3216 1171 3272 Dei
1232 3217 1486 3274 omnibus
1542 3226 1897 3288 anteponens.
1948 3215 2074 3273 Scio
2123 3232 2315 3286 nempe

741 3311 879 3382 quia
907 3309 1108 3364 tribuni
1131 3309 1197 3364 de
1221 3325 1341 3365 mea
1367 3325 1501 3365 nece
1522 3309 1857 3379 trepidantes
1886 3309 2194 3375 mussitant,
2219 3308 2316 3364 sed

739 3405 957 3460 nullum
985 3419 1052 3459 ex
1091 3403 1196 3459 hoc
1236 3401 1316 3458 eis
1350 3418 1655 3458 sermonem
1689 3402 1938 3467 inferam,
1966 3418 2138 3472 neque
2167 3404 2314 3458 enim

749 3495 985 3550 animam
1016 3508 1190 3550 meam
1220 3493 1594 3564 pretiosiorem
1639 3509 1724 3549 me
1770 3493 1890 3564 ipso
1916 3491 2132 3548 faciam.
2168 3491 2312 3559 Quin

732 3589 858 3643 imo
885 3596 1106 3658 paratus
1133 3601 1252 3641 sum
1292 3585 1553 3656 perficere
1579 3601 1800 3640 cursum
1844 3601 2004 3654 quem
2051 3586 2181 3640 mihi
2210 3585 2312 3641 Do-

745 3681 927 3734 minus
957 3694 1110 3734 meus
1138 3676 1296 3734 Jesus
1337 3677 1590 3734 Christus
1635 3677 1877 3748 polliceri
1919 3676 2174 3747 dignatus
2204 3689 2307 3744 est,

735 3780 808 3827 set
829 3772 1193 3828 ministerium
1216 3771 1362 3840 quod
1395 3770 1464 3825 ab
1494 3770 1615 3840 ipso
1645 3769 1849 3840 accepi,
1880 3769 1930 3825 ei
1964 3768 2194 3825 fideliter
2219 3785 2309 3825 as-

744 3867 983 3937 signare.
1011 3865 1176 3921 Orate
1201 3880 1300 3936 pro
1328 3877 1436 3930 me,
1473 3862 1671 3920 fratres
1696 3880 1710 3931 ;
1744 3862 1973 3918 ulterius
2001 3877 2087 3918 me
2123 3863 2179 3917 in
2208 3862 2310 3918 hac

742 3959 855 4014 vita
878 3960 1160 4015 vobiscum
1191 3959 1373 4014 vivere
1396 3957 1510 4027 jam
1534 3972 1643 4012 non
1675 3956 1948 4012 videbitis.
1968 3955 2309 4026 Quapropter

727 4049 1008 4107 testificor
1033 4066 1216 4106 coram
1251 4049 1362 4105 Deo
1405 4058 1460 4106 et
1499 4058 1682 4106 vestra
1741 4049 2115 4113 fraternitate,
2163 4048 2308 4119 quod

731 4144 1000 4201 omnibus
1031 4145 1188 4200 vobis
1224 4143 1484 4198 mundam
1514 4143 1723 4198 servavi
1755 4144 2162 4199 conscientiam.
2187 4139 2308 4196 Non

725 4238 886 4292 'enim
913 4236 1213 4307 subterfugi
1233 4237 1555 4291 annuntiare
1567 4236 1722 4291 vobis
1741 4251 1861 4306 quae
1877 4236 2009 4290 mihi
2026 4251 2054 4288 a
2078 4235 2306 4294 Domino

728 4335 871 4383 sunt
916 4327 1179 4396 injuncta,
1213 4334 1266 4382 et
1314 4342 1436 4396 quae
1473 4326 1730 4396 deinceps
1784 4326 2095 4382 necessaria
2146 4338 2306 4383 erunt

727 4418 978 4489 'pandere
1003 4418 1225 4473 minime
1247 4418 1514 4473 recusavi.

809 4511 1079 4577 Quocirca
1131 4510 1394 4566 attendite
1430 4508 1588 4566 vobis
1643 4519 1696 4563 et
1725 4507 1979 4565 universo
2026 4511 2197 4582 gregi,
2249 4512 2304 4566 in

726 4620 847 4675 quo
875 4621 971 4661 vos
1001 4603 1238 4675 Spiritus
1267 4611 1492 4659 sanctus
1520 4602 1762 4658 seriatim
1791 4604 2074 4675 episcopos
2097 4605 2299 4676 posuit.

733 4693 814 4751 Te
859 4695 1079 4766 quidem
1125 4695 1391 4751 Achillam
1437 4695 1694 4765 primum,
1755 4694 2122 4751 Alexandrum
2171 4712 2302 4753 vero

736 4789 1059 4844 secundum.
1094 4787 1173 4842 En
1217 4787 1372 4842 vobis
1403 4788 1526 4842 viva
1559 4801 1690 4843 voce
1715 4794 2006 4857 protestor,
2041 4789 2300 4858 quoniam

730 4888 858 4951 post
895 4896 1077 4936 meum
1108 4880 1397 4935 transitum
1441 4880 1724 4950 insurgent
1751 4878 1971 4949 quidam
2003 4879 2070 4934 de
2108 4878 2298 4935 Eccle-

735 4974 816 5029 sia
851 4974 1135 5045 ioquentes
1172 4987 1448 5043 perversa,
1471 4987 1773 5043 rursusque
1799 4971 2044 5027 divident
2072 4987 2214 5038 eam,
2240 4981 2300 5026 ut

733 5064 1001 5135 Meletius,
1034 5065 1313 5120 trahentes
1347 5065 1604 5136 populum
1661 5072 1782 5137 post
1811 5081 1966 5121 suam
1995 5066 2295 5122 vesaniam.

734 5157 870 5212 Ecce
898 5157 1123 5228 praedixi
1151 5155 1325 5211 vobis.
1356 5152 1488 5217 Sed,
1524 5153 1784 5225 deprecor
1811 5169 1908 5209 vos
1933 5195 1948 5220 ,
2005 5170 2039 5210 ο
2086 5156 2298 5211 viscera

733 5263 875 5315 mea,
905 5249 1120 5320 vigilate
1152 5266 1164 5304 :
1192 5253 1406 5318 oportet
1431 5247 1575 5300 enim
1602 5262 1694 5301 vos
1734 5247 1932 5303 multas
1969 5246 2152 5302 subire
2182 5247 2298 5300 tri-

732 5492 747 5545 Ι
803 5423 886 5506 (αὶ
905 5422 1116 5494 Optime
1143 5434 1356 5509 noster}
1389 5433 1508 5482 erat
1559 5429 1704 5482 enim
1744 5424 1990 5507 Meletius
2038 5424 2296 5512 L‘ycopo—

736 5507 848 5573 "eos
875 5510 927 5547 m
957 5495 1230 5573 Thebaide
1265 5511 1574 5573 episcopus.
1621 5495 1863 5573 Pessime
1891 5499 2025 5573 acta
2050 5497 2294 5573 Combe-

732 5563 924 5617 tisiana
975 5564 1029 5634 in
1061 5563 1350 5634 Lycaonia.
1387 5563 1507 5621 .lain
1549 5583 1636 5623 res
1667 5565 1861 5620 Meletii
1895 5567 2002 5621 late
2039 5567 2290 5625 scribun-

727 5638 884 5704 tur_a_
910 5633 1109 5701 priscis
1160 5635 1436 5693 historicis
1467 5646 1520 5693 et
1567 5654 1598 5692 a
1629 5637 1862 5693 Baronio
1907 5635 1974 5691 ad
2003 5651 2130 5693 ann.
2163 5637 2288 5704 506,
2327 5695 2350 5704 κ

726 5719 784 5760 ιι.
818 5701 886 5759 45
915 5715 1067 5774 seqq.

2417 3138 2607 3179 omnes
2644 3125 2699 3178 in
2729 3139 2881 3193 pace.

2486 3213 2582 3269 I-lis
2624 3215 2696 3268 ita
2730 3217 2987 3286 peractis,
3023 3218 3183 3289 longe
3235 3220 3476 3291 lateque
3509 3222 3668 3292 ubiqt

2414 3315 2497 3362 est
2529 3307 2672 3377 quod
2725 3308 2889 3364 Arius
2938 3326 2970 3364 a
3015 3311 3287 3368 catholica
3330 3315 3564 3370 unitate
3595 3315 3668 3368 ab

2417 3408 2546 3452 nutu
2569 3415 2678 3452 non
2703 3399 2773 3454 sit
2799 3401 3071 3457 abscisus.
3105 3400 3197 3458 llle
3241 3414 3453 3462 autem
3481 3404 3668 3461 fallem

2413 3491 2582 3547 totius
2621 3492 2878 3562 nequitiae
2908 3495 3230 3560 seminator,
3277 3496 3344 3552 in
3383 3498 3483 3554 sui
3515 3506 3668 3569 pecu

2413 3580 2507 3636 tho
2539 3581 2818 3652 vipereum
2847 3585 2995 3641 virus
3024 3585 3320 3643 occultare
3360 3604 3491 3643 non
3553 3589 3667 3645 dest

2412 3689 2542 3730 rans
2568 3691 2626 3731 se
2651 3676 2720 3730 ab
2747 3675 2957 3732 Achilla
2987 3678 3072 3733 vel
3125 3678 3476 3738 Alexandro
3515 3698 3668 3739 reco‘

2410 3777 2496 3824 est
2526 3769 2616 3824 ille
2646 3769 2809 3825 Arius
2833 3770 3244 3838 hmresiarcbes,
3277 3777 3668 3832 consubstar

2410 3861 2642 3916 dividuae
2673 3859 2958 3917 Trinitatis
2991 3863 3220 3919 divisor.
3285 3865 3411 3922 Hie
3469 3877 3571 3924 est.
3607 3887 3668 3940 ψ

2410 3953 2556 4008 rario
2582 3952 2868 4008 Dominum
2909 3951 3245 4010 Salvatorcm
3291 3974 3505 4029 super
3537 3978 3668 4016 om:

2411 4045 2786 4116 blasphemare
2817 4063 2926 4102 non
2967 4049 3180 4114 metuit,
3213 4046 3581 4109 Dominum
3606 4096 3625 4121 τ

2408 4147 2669 4202 vatorem,
2718 4140 2810 4210 qui
2863 4139 3129 4196 humanos
3188 4142 3560 4203 miseratus
3615 4164 3668 4202 ei

2409 4227 2538 4283 ferae
2587 4228 2951 4287 damnationis
3002 4231 3229 4287 interitu
3262 4238 3653 4295 conduleus

2409 4321 2541 4388 lum,
2571 4338 2669 4393 pro
2718 4325 2972 4380 omnibus
3017 4325 3173 4380 nobis
3229 4341 3460 4387 carne
3527 4336 3667 4402 pati

2335 4418 2381 4474 Ι)
2410 4413 2593 4486 Neque
2621 4417 2765 4472 enim
2792 4416 3047 4472 divinitas
3067 4457 3082 4481 ,
3118 4433 3238 4487 qua:
3296 4423 3556 4494 utique
3599 4426 3668 4479 iu

2411 4507 2720 4578 passionem
2779 4509 3079 4564 incurrisse
3147 4511 3502 4569 credenda
3593 4534 3668 4572 es

2407 4601 2643 4672 theologi
2693 4599 2883 4656 Patres
2943 4601 3256 4670 hujusmodi
3320 4605 3668 4680 blasphcr

2407 4693 2528 4748 licis
2567 4692 2791 4748 auribus
2826 4693 3035 4748 meliori
3089 4696 3229 4765 stylo
3279 4704 3565 4766 procul
3622 4718 3660 4756 a

2409 4791 2563 4849 runt,
2603 4792 2657 4839 et
2694 4784 2852 4840 nobis
2890 4784 3035 4839 aliud
3076 4786 3362 4844 inuninet
3386 4830 3411 4855 ,
3479 4795 3667 4850 rede

2408 4877 2661 4945 positum.

2477 4964 2874 5036 Sagacissimus
2944 4968 3108 5038 igitur
3176 4973 3520 5038 pontifex
3563 5017 3586 5040 ,

2404 5060 2840 5114 cruentissimam
2867 5060 3210 5116 tribunorum
3252 5071 3668 5139 strOphan

2403 5151 2820 5222 perpetrandam
2877 5167 3102 5214 necem,
3144 5170 3437 5211 omnem)
3496 5161 3668 5215 Chr-

2403 5253 2534 5298 tunc
2581 5245 2807 5300 aderant
2862 5245 3282 5302 multitudinem
3343 5251 3654 5320 gladio

2474 5427 2547 5494 (b)
2582 5425 2794 5482 Rursus
2850 5435 2995 5483 recte
3039 5437 3223 5484 noster
3309 5432 3548 5488 vitat
3635 5458 3668 5494 σε

2401 5498 2492 5569 phi
2549 5495 2724 5569 Graeci
2776 5497 3196 5569 Combeiisiani,
3232 5505 3440 5569 _qui
3551 5506 3668 5564 lle

2398 5565 2651 5694 gietpium
2673 5577 2796 5638 post
2825 5566 3116 5626 Sabellium
3143 5585 3204 5625 ac
3231 5565 3668 5649 Dionys’u

2437 5655 2505 5696 lCl
2538 5680 2550 5696 .
