3956 6198
230 201 319 264 Mil

1561 192 1741 260 ACTA
1782 191 2094 258 SlNCERA.

3351 199 3456 264 ιιθὲ

227 328 360 392 lent,
387 320 563 384 noluit
594 339 689 388 eos
719 329 923 402 pariter
967 341 1152 388 secum
1192 332 1376 388 subire
1412 330 1604 385 mortis
1647 343 1795 384 acer—
1819 333 1868 390 Α
1893 330 2012 400 ejus
2063 329 2322 386 liberator
2369 331 2610 385 omnium
2661 329 2913 386 Christus
2959 329 3140 401 etagit,
3196 329 3293 384 tibi
3329 323 3454 387 fidei

224 420 457 477 bitatem
483 439 498 490 ;
524 421 616 478 sed
652 422 825 479 fidelis
859 440 1048 481 servus
1090 423 1310 480 imitans
1358 421 1644 478 Dominum
1680 418 1794 474 Sal-

226 524 498 578 vatorem,
523 518 612 586 qui
642 515 778 570 dixit
810 526 863 571 et
899 516 1060 581 fecit,
1117 515 1308 570 Pastor
1353 513 1516 568 bonus
1559 513 1793 566 animam

228 621 382 659 suam
415 606 560 673 ponit
596 621 690 673 pro
719 608 896 662 ovibus
934 608 1080 672 suis,
1125 622 1189 662 ex
1215 608 1432 678 pietatis
1471 614 1791 676 argumento

228 701 442 748 vocant
473 711 642 751 unum
673 697 941 752 seniorem
973 715 1036 751 ex
1065 697 1151 752 his
1189 697 1282 768 qui
1315 696 1516 751 ibidem
1563 711 1793 765 respon-

225 786 300 841 sis
333 787 458 855 ejus
488 788 845 851 inharebant,
879 798 932 843 et
959 789 1095 843 dixit
1121 789 1171 844 ei
1205 807 1220 844 :
1253 787 1400 844 Vade
1443 788 1510 844 ad
1540 789 1791 842 tribunos

220 876 314 948 qui
363 893 454 932 me
491 878 796 935 interficere
825 886 1096 950 quarunt,
1127 889 1181 934 et
1234 880 1401 936 dicito
1447 880 1527 934 eis
1558 898 1570 933 :
1601 878 1794 934 Cesset

220 970 405 1023 omnis
436 969 705 1031 anxietas.
737 985 862 1026 ecce
888 976 1174 1040 promptus
1196 985 1315 1026 sum
1347 973 1652 1026 ultroneum
1705 984 1793 1024 me

220 1060 326 1114 illis
361 1060 631 1130 ingerere.
682 1058 794 1114 liae
827 1061 1024 1115 etenim
1057 1069 1215 1117 nocte
1263 1061 1482 1115 veniant
1519 1069 1643 1131 post
1677 1067 1790 1114 ter.

217 1165 344 1215 gum
406 1151 605 1206 domus
659 1153 897 1208 carceris
946 1153 1131 1222 hujus,
1161 1161 1217 1209 et
1269 1155 1323 1208 in
1356 1168 1465 1224 quo
1516 1154 1639 1209 loco
1695 1161 1791 1206 au-

219 1243 423 1298 dierint
459 1244 674 1314 signum
703 1245 755 1298 in
790 1246 990 1315 pariete
1021 1246 1090 1300 ab
1123 1246 1270 1301 intus
1291 1245 1516 1310 factum,
1552 1245 1625 1299 ibi
1663 1243 1793 1300 effo-

217 1337 436 1393 dientes
465 1339 741 1409 excipiant
776 1355 860 1394 me
881 1380 895 1404 ,
942 1339 1330 1411 perficiantque
1376 1339 1522 1410 quod
1570 1337 1674 1395 sibi
1706 1345 1792 1394 est

214 1427 568 1497 imperatum.
603 1425 799 1482 Senior
827 1444 978 1494 vero,
1012 1429 1398 1499 obtemperans
1445 1427 1791 1498 jussionihus

213 1519 561 1575 sanctissimi
594 1521 698 1574 viri
743 1520 942 1593 (neque
969 1522 1112 1578 enim
1149 1530 1299 1577 tanto
1337 1521 1484 1576 Patri
1517 1518 1792 1576 contradi-

211 1625 345 1666 cere
374 1612 634 1684 poterat),
669 1613 800 1667 abiit
859 1614 926 1668 ad
976 1613 1226 1670 tribunos
1283 1622 1336 1670 et
1389 1613 1662 1668 intimavit
1710 1612 1790 1667 eis

1899 421 2224 492 praconium
2250 437 2346 492 per
2367 429 2532 477 totam
2566 420 2858 493 Egyptum
2883 429 2940 478 et
2967 423 3170 478 circum
3193 425 3457 482 terminos

1898 514 2018 585 ejus
2051 515 2307 572 insonare
2337 515 2629 570 commisit.
2667 513 2770 578 Tu,
2822 516 3065 586 inquam,
3095 517 3454 574 ministerium

1899 606 2148 662 humana
2185 607 2399 671 salutis,
2449 607 2594 678 quod
2645 608 2743 664 tibi
2779 608 3041 664 creditum
3091 609 3284 674 fuerat,
3322 611 3458 682 vigi-

1897 700 2074 754 lanter
2103 700 2362 770 explesti;
2421 700 2582 768 hujus
2633 699 2889 754 nimirum
2922 700 3130 773 laboris
3153 701 3458 757 mercedem

1898 791 2142 862 martyrii
2197 792 2430 860 palmam
2486 789 2762 859 percipere
2825 790 3087 844 meruisti.
3137 788 3292 846 Unde
3348 808 3457 846 non

1899 881 2170 936 immerito
2197 881 2394 952 dignus
2422 894 2482 935 es
2509 880 2836 951 evangelista
2871 879 3034 936 simul
3069 888 3123 936 et
3165 881 3457 952 episcopus

1897 975 2199 1045 pradicari.
2229 973 2330 1028 Tui
2374 989 2567 1043 nempe
2621 989 2907 1030 successor
2962 973 3064 1028 fuit
3096 973 3372 1040 Anianus,
3402 983 3457 1030 et

1897 1065 2091 1134 reliqui
2126 1064 2201 1135 (a)
2237 1079 2334 1134 per
2369 1064 2684 1119 succiduam
2722 1064 2916 1118 seriem
2958 1079 3130 1134 usque
3159 1064 3225 1118 ad
3255 1064 3458 1120 beatiso'

1897 1157 2094 1212 simum
2122 1154 2398 1211 Theonam
2435 1155 2527 1224 qui
2554 1170 2685 1211 mea
2725 1153 2966 1210 infantia
2994 1156 3250 1226 colaphos
3303 1155 3454 1221 dare,

1896 1261 1948 1306 et
1981 1265 2152 1305 meam
2181 1250 2413 1304 indolem
2445 1251 2653 1305 nutrire
2682 1249 2936 1320 dignatus
2993 1256 3096 1305 est.
3148 1249 3247 1304 Cui
3291 1250 3454 1304 etiam

1895 1358 1996 1412 ego
2025 1351 2279 1412 peccator
2309 1350 2364 1395 ct
2389 1341 2644 1411 indignus
2677 1341 2816 1395 ultra
2847 1340 3096 1394 meritum
3115 1340 3456 1396 hareditario

1897 1433 2065 1506 gradu
2097 1447 2386 1489 successor
2410 1432 2634 1488 effectus
2670 1447 2811 1487 sum.
2846 1431 2912 1486 Et
2944 1432 3088 1503 quod
3115 1432 3454 1502 potissimum

1895 1533 2000 1594 est,
2045 1541 2172 1580 ecce
2218 1526 2507 1582 Dominica
2557 1525 2772 1596 pietatis
2814 1525 3028 1596 largitio
3073 1541 3161 1579 me
3205 1525 3456 1595 pretiosa
3543 1603 3558 1614 _

1895 1619 2077 1674 crucis
2107 1633 2171 1674 ac
2202 1618 2405 1675 festiva
2433 1618 2704 1673 anastasis
2755 1625 3045 1689 martyrem
3080 1612 3194 1673 fieri
3251 1617 3456 1674 condo-

209 1704 365 1774 quod
412 1705 516 1759 sibi
565 1705 739 1760 fuerat
784 1706 1110 1777 iniunctum.
1165 1705 1319 1774 Quod
1381 1704 1460 1760 illi
1511 1704 1792 1760 audientes
1826 1700 1866 1754 Β
1895 1713 2064 1777 navit,
2093 1713 2340 1767 tribuens
2371 1725 2504 1765 mea
2535 1710 2806 1765 devotioni
2833 1727 2943 1766 sua
2966 1711 3454 1782 passionisjucum

207 1797 376 1852 valde
429 1798 600 1867 gavisi
652 1807 814 1863 sunt,
873 1809 924 1855 et
981 1809 1321 1854 assumentes
1361 1799 1593 1855 latomos
1642 1797 1788 1852 circa

208 1889 399 1943 noctis
446 1889 610 1957 hujus
635 1891 958 1944 matutinum
991 1899 1204 1961 tempus
1239 1898 1504 1946 venerunt
1532 1891 1651 1946 sine
1683 1891 1788 1944 mi-

204 1979 409 2037 litibus
445 1982 513 2036 ad
551 1983 730 2036 locum
767 1983 858 2054 qui
891 1983 996 2038 sibi
1025 1982 1202 2038 fuerat
1242 1989 1519 2039 ostenSUS.
1556 1981 1654 2036 Vir
1691 1997 1789 2036 au-

204 2082 322 2127 tem
389 2072 605 2128 Domini
662 2075 789 2144 vigil
845 2075 902 2129 in
969 2076 1218 2130 oratione
1258 2082 1311 2128 et
1362 2075 1562 2146 vigiliis
1615 2081 1786 2130 totam

203 2175 432 2220 noctem
468 2165 773 2220 insomnem
805 2165 1060 2220 duxerat.
1090 2166 1160 2220 At
1188 2165 1280 2221 ubi
1311 2182 1499 2221 eorum
1537 2165 1788 2237 cognovit

201 2258 530 2321 adventum,
566 2259 781 2313 cunctis
810 2257 902 2330 qui
935 2273 1119 2314 secum
1149 2259 1375 2315 aderant
1407 2275 1602 2330 sopore
1634 2259 1788 2328 quie-

202 2351 520 2415 scentibus,
546 2351 690 2406 lento
721 2349 889 2422 gradu
939 2347 1222 2422 ingressus
1259 2359 1344 2406 est
1389 2353 1441 2405 in
1474 2351 1785 2405 interiorem

202 2443 456 2496 carceris
507 2448 736 2511 partem.
786 2449 836 2496 et
868 2441 1025 2511 juxta
1075 2442 1380 2498 condictam
1436 2443 1783 2513 sponsionem

201 2546 411 2588 sonum
475 2527 705 2588 faciebat
755 2535 807 2586 in
864 2535 1100 2603 pariete;
1149 2550 1311 2605 quem
1356 2535 1434 2588 illi
1479 2533 1785 2589 forinsecus

203 2628 541 2692 audientes,
614 2626 758 2684 facto
823 2627 1088 2684 foramine
1155 2635 1516 2698 susceperunt
1580 2627 1783 2683 Christi

203 2718 477 2774 athletam
536 2735 644 2775 non
673 2733 812 2774 area
845 2718 1051 2782 lorica,
1101 2719 1194 2774 sed
1244 2721 1446 2774 virtute
1491 2718 1785 2774 Dominica

201 2812 393 2867 crucis
423 2811 664 2882 undique
694 2816 962 2870 munitum
985 2857 999 2880 ,
1036 2821 1392 2883 paratumque
1440 2810 1664 2881 implere
1697 2809 1777 2864 di-

201 2904 392 2957 vinum
429 2919 734 2959 sermonem
769 2907 862 2977 qui
908 2907 1039 2961 dicit
1072 2923 1086 2961 :
1124 2903 1304 2958 Nolite
1349 2904 1529 2956 timere
1578 2917 1664 2957 eos
1694 2905 1784 2972 qui

198 3014 396 3067 corpus
440 2998 705 3062 occidunt,
763 3000 995 3053 animum
1045 3008 1219 3052 autem
1258 3015 1359 3052 non
1401 3004 1617 3066 possunt
1644 2997 1782 3050 occi-

197 3094 368 3156 dere;
395 3093 488 3148 sed
514 3095 688 3163 potius
718 3110 835 3148 eum
877 3085 1054 3147 timete
1084 3093 1174 3162 qui
1199 3099 1366 3160 potest
1393 3099 1444 3144 et
1475 3092 1707 3144 animam
1732 3100 1782 3146 et

204 3201 397 3254 :orpus
431 3186 645 3254 perdere
677 3187 730 3239 in
761 3186 1068 3256 gehennam.
1096 3183 1230 3238 Mira
1265 3181 1383 3238 res!
1412 3181 1544 3236 Tam
1571 3183 1782 3240 validus

199 3278 468 3332 imbrium
501 3278 660 3335 turbo
685 3278 1106 3347 collisionesque
1136 3286 1423 3331 ventorum
1478 3276 1532 3330 in
1587 3276 1778 3331 eadem

199 3381 494 3443 strepuere
543 3379 723 3436 nocte,
757 3381 817 3424 ut
859 3385 1018 3424 nemo
1049 3384 1237 3424 eorum
1281 3368 1376 3437 qui
1418 3367 1782 3424 observabant

196 3463 456 3518 carceris
500 3463 674 3526 fores,
730 3470 915 3532 posset
963 3461 1150 3516 audire
1208 3454 1496 3516 effodiendi
1559 3476 1775 3516 sonum.

196 3556 696 3612 Constantissimus
738 3565 918 3618 autem
968 3565 1172 3628 martyr
1201 3557 1429 3627 urgebat
1481 3553 1779 3610 homicidas

195 3651 374 3704 illos:
423 3649 628 3713 Facite,
683 3649 956 3719 inquiens,
993 3648 1139 3720 quod
1190 3647 1389 3701 facturi
1438 3647 1592 3710 estis,
1627 3646 1778 3716 prius

190 3761 364 3814 quam
397 3743 502 3799 hoc
531 3745 767 3800 sentiant
791 3744 883 3814 qui
908 3761 992 3799 me
1018 3744 1422 3799 custodiebant.

258 3841 336 3892 At
375 3837 454 3891 illi
481 3839 734 3894 tollentes
763 3853 886 3893 eum
925 3837 1200 3892 duxerunt
1234 3837 1288 3888 in
1332 3837 1510 3890 locum
1541 3836 1635 3906 qui
1689 3835 1774 3890 di-

189 3929 340 3984 citur
377 3927 634 3994 Buchlia,
669 3928 761 3982 ubi
814 3936 868 3983 et
922 3935 1148 3982 sanctus
1203 3923 1420 3980 Marcus
1453 3926 1773 3997 martyrium

187 4035 288 4092 pro
328 4019 556 4085 Christo
589 4020 848 4090 suscepit.
874 4019 1152 4090 Stupenda
1192 4023 1508 4074 sanctorum
1557 4017 1767 4074 virtus!

184 4111 331 4168 Cum
387 4127 512 4166 eum
546 4112 828 4177 ducerent,
877 4119 932 4166 et
976 4119 1180 4165 tantam
1212 4111 1358 4165 illius
1410 4108 1770 4163 constantiam

185 4207 342 4262 circa
386 4205 644 4261 funereos
671 4220 832 4259 casus
853 4212 1175 4274 tantumque
1209 4203 1374 4257 animi
1398 4201 1565 4255 robur
1595 4201 1773 4270 inspi-

184 4306 388 4354 cerent
408 4339 424 4362 ,
476 4298 658 4354 subito
690 4297 946 4354 horridus
977 4313 1144 4367 pavor
1178 4295 1511 4364 timidusque
1567 4303 1772 4348 tremor

1889 1802 2017 1855 dum
2041 1800 2282 1864 odorem,
2324 1809 2383 1854 ut
2411 1809 2465 1856 et
2499 1816 2599 1868 ego
2633 1801 2864 1855 hostiam
2899 1802 3001 1856 mei
3034 1801 3246 1856 cruoris
3284 1802 3454 1858 libare

1889 1892 1967 1945 illi
2013 1893 2209 1964 dignus
2254 1893 2474 1948 el'ficiar.
2525 1892 2589 1946 Et
2641 1892 2767 1963 quia
2815 1893 3124 1948 istiusmodi
3176 1895 3452 1950 libationis

1888 1993 2042 2054 urget
2073 1985 2357 2049 articulus,
2391 2000 2487 2039 ora
2540 2000 2637 2055 pro
2688 2000 2774 2040 me
2808 1993 2900 2048 ut,
2935 1985 3114 2039 divina
3154 1987 3453 2056 opitulante

1888 2076 2110 2140 virtute,
2132 2075 2363 2130 stadium
2398 2075 2558 2144 hujus
2587 2074 2776 2145 agonis
2807 2072 2970 2129 corde
3003 2074 3227 2130 robusto
3261 2090 3324 2130 ac
3349 2076 3452 2132 fide

1887 2167 2294 2238 promptissima
2329 2165 2588 2236 perficere
2634 2181 2863 2220 merear.
2917 2165 3256 2220 Commendo
3287 2165 3450 2220 etiam

1888 2269 1992 2314 tua
2018 2258 2269 2329 gloriosa
2320 2257 2629 2328 paternitati
2655 2257 3042 2312 Christicolum
3075 2272 3323 2327 gregem,
3355 2257 3450 2328 qui

1888 2353 2020 2406 mihi
2071 2351 2331 2422 pastorali
2373 2351 2634 2421 regimine
2669 2334 2994 2406 commissus
3035 2358 3155 2416 est;
3192 2351 3312 2414 tibi,
3365 2351 3452 2405 in-

1887 2459 2073 2514 quam,
2112 2460 2237 2500 eum
2286 2443 2604 2514 suppliciter
2653 2443 3002 2509 commendo,
3055 2443 3148 2514 qui
3205 2444 3448 2497 omnium

1887 2537 2304 2608 pracedentium
2351 2553 2416 2592 ac
2453 2537 2900 2607 subsequentium
2932 2537 2988 2591 in
3018 2536 3122 2592 hoc
3152 2536 3448 2607 pontificali

1889 2631 2084 2685 throno
2117 2637 2310 2686 auctor
2347 2637 2509 2700 atque
2555 2636 2702 2683 tutor
2753 2644 2875 2684 esse
2925 2627 3206 2698 probaris,
3245 2629 3448 2698 quique

1885 2722 2048 2792 huius
2092 2723 2381 2792 primatum
2415 2721 2642 2788 habens,
2696 2736 2804 2775 non
2855 2720 3112 2784 hominis,
3147 2720 3239 2774 sed
3271 2719 3362 2775 Dei
3393 2726 3451 2775 et

1885 2815 2122 2870 hominis
2143 2813 2272 2871 Jesu
2298 2813 2523 2878 Christi,
2543 2827 2832 2870 successor
2859 2813 3098 2868 exsistis.
3125 2811 3190 2864 Et
3217 2811 3330 2866 hac
3362 2810 3450 2865 die

1883 2923 2035 2972 cens,
2073 2906 2219 2961 haud
2250 2907 2407 2977 longe
2451 2921 2482 2960 a
2529 2921 2687 2962 sacro
2721 2905 2929 2958 tumulo
2959 2905 3180 2960 remotis
3207 2907 3446 2976 veStigtis

1884 3000 2246 3069 manibusque
2275 2999 2330 3052 in
2361 2999 2558 3054 calum
2587 2998 2850 3060 extensis,
2877 3012 3007 3052 voce
3038 3011 3230 3066 magna
3264 3013 3447 3068 precaa

1883 3095 1971 3144 tus
2004 3111 2020 3145 :
2057 3090 2361 3162 Unigenite,
2390 3090 2586 3160 inquit,
2616 3082 2850 3145 Verbum
2881 3090 3066 3144 aterui
3106 3088 3284 3144 Patris
3316 3088 3445 3146 Jesa

1882 3181 2118 3246 Christe,
2133 3184 2328 3238 exaudi
2349 3199 2433 3238 me
2450 3191 2597 3236 tuam
2619 3183 3048 3252 interpellantem
3068 3182 3441 3248 clementiam;

1883 3275 2128 3345 pacifica,
2177 3291 2381 3345 quaso,
2435 3283 2812 3344 tempestatem
2863 3273 3119 3330 Ecclesia
3152 3287 3275 3340 tua,
3310 3275 3448 3330 ellu-

1881 3369 2036 3425 sione
2064 3368 2345 3438 sanguinis
2374 3367 2479 3421 mei
2509 3368 2652 3422 servi
2692 3368 2770 3421 tui
2817 3367 3083 3422 conclude
3113 3367 3446 3437 persecutio-

1879 3475 2002 3516 nem
2042 3459 2227 3530 populi
2277 3459 2377 3513 tui.
2411 3455 2566 3513 Tunc
2618 3459 2864 3529 quadam
2905 3459 3056 3529 virgo
3101 3458 3210 3513 Deo
3241 3459 3440 3523 dicata,

1877 3569 1998 3624 qua
2069 3552 2446 3609 asceteriolum
2501 3551 2666 3622 hujus
2733 3552 3077 3622 evangelista
3131 3554 3441 3609 cameteriu

1877 3647 2275 3702 conterminum
2311 3643 2566 3709 habebat,
2611 3651 2938 3716 pernoctans
2969 3645 3023 3698 in
3069 3645 3313 3699 oratione
3338 3659 3438 3698 aue

1875 3740 2011 3794 divit
2063 3755 2248 3794 vocem
2303 3739 2371 3794 de
2430 3739 2568 3794 calo
2620 3739 2886 3794 dicentem
2933 3735 3176 3791 :Petrus
3226 3735 3438 3790 initium

1875 3833 2268 3904 apostolorum,
2303 3831 2499 3889 Petrus
2533 3831 2655 3888 finis
2707 3839 3007 3903 martyrum
3059 3831 3438 3901 episcoporum

1873 3926 2232 3981 Alexandria.

1943 4017 2220 4089 Completa
2280 4011 2528 4077 oratione
2590 4019 2914 4076 deosculans
2983 4015 3226 4074 tumbam
3292 4010 3434 4074 beati

1872 4106 2292 4180 evangelista'et
2325 4112 2658 4182 reliquorum
2698 4112 3012 4184 pontificum
3053 4111 3146 4182 qui
3184 4111 3318 4166 inibi
3349 4119 3437 4164 tua

1871 4199 2060 4253 mulati
2086 4210 2262 4264 erant,
2289 4202 2454 4256 exivit
2493 4202 2559 4256 ad
2586 4202 2857 4258 tribunos.
2891 4203 2959 4256 At
2982 4203 3058 4256 illi
3086 4203 3328 4258 videntes
3354 4201 3434 4254 fa-

1872 4290 2009 4345 ciem
2033 4291 2154 4361 ejus
2179 4301 2434 4364 tanqunm
2465 4293 2658 4349 faciem
2701 4295 2898 4364 angeli,
2933 4301 3140 4350 terrore
3173 4295 3428 4365 perculsi,

183 4405 279 4447 eos
316 4391 524 4445 invasit
555 4389 610 4442 in
641 4398 850 4444 tantum
900 4399 960 4444 ut
1001 4389 1184 4443 nullus
1237 4404 1304 4442 ex
1347 4387 1428 4442 eis
1481 4387 1536 4440 in
1573 4385 1764 4439 facietn
1798 4391 1842 4444 D
1871 4379 2200 4436 verebantur
2244 4384 2293 4438 ei
2324 4385 2526 4451 aliquid
2560 4386 2627 4440 de
2662 4386 2886 4441 instanti
2927 4397 3098 4456 agone
3131 4386 3298 4456 loqui.
3335 4385 3433 4440 νεά

183 4483 309 4551 ejus
363 4481 647 4536 intendere
689 4482 936 4536 auderet.
976 4480 1222 4552 Rogabat
1271 4487 1529 4550 praeterea
1561 4484 1767 4546 martyr

185 4571 548 4628 beatissimus
579 4579 638 4625 ut
673 4573 915 4628 sinereht
946 4587 1068 4627 eum
1095 4569 1163 4624 ad
1197 4570 1373 4625 sancti
1398 4560 1561 4625 Marci
1603 4585 1768 4625 evan-

183 4667 398 4736 gelista
430 4664 750 4720 memoriam
795 4663 903 4727 ire;
937 4662 1188 4732 cupiebat
1229 4661 1372 4716 enim
1407 4662 1526 4730 ejus
1558 4676 1617 4716 se
1670 4677 1766 4732 pa-

183 4759 443 4814 trociniis
485 4757 888 4812 commendare.
941 4754 1009 4808 At
1044 4753 1121 4808 illi
1153 4769 1264 4824 pra
1305 4753 1534 4824 pudoris
1573 4752 1766 4808 confu-

183 4853 341 4906 sione
367 4858 572 4904 terram
600 4849 1005 4917 despectantes,
1031 4844 1240 4909 Facito,
1287 4845 1562 4914 inquiunt,
1615 4843 1759 4914 quod

182 4944 290 5006 vis,
323 4951 541 4997 tantum
570 4941 834 4996 velocius.
885 4939 1168 4994 Accedens
1218 4939 1400 5007 itaque
1442 4935 1762 5008 complexus

179 5044 267 5089 est
296 5032 732 5088 sacratissimum
769 5030 1113 5102 evangelista
1138 5031 1538 5093 cameterium,
1570 5037 1624 5084 et
1651 5029 1764 5083 vel-

181 5131 258 5181 uti
315 5130 373 5182 in
416 5143 583 5182 carne
619 5125 820 5180 viventi
857 5133 1018 5195 atque
1071 5113 1312 5180 audienti
1359 5125 1620 5193 loquens,
1656 5121 1762 5174 hoc

179 5219 350 5273 modo
385 5217 712 5287 precabatur
744 5235 757 5270 :
795 5215 953 5270 Pater
986 5216 1390 5275 honestissime.
1442 5221 1496 5267 tu
1526 5228 1761 5281 evange-

180 5311 312 5364 lista
336 5309 595 5380 unigeniti
621 5307 940 5372 Salvatoris,
970 5316 1028 5362 tu
1053 5309 1210 5364 testis
1242 5307 1558 5378 passionum
1590 5304 1760 5369 illius,

182 5411 233 5454 te
283 5401 523 5471 primum
578 5399 887 5471 pontificem
936 5407 990 5456 et
1048 5399 1446 5454 firmamentum
1487 5393 1762 5452 cathedra

1871 4481 2174 4530 rumtamen
2198 4476 2324 4545 quia
2355 4475 2496 4532 Deus
2538 4483 2645 4531 non
2698 4477 2900 4532 deserit
2949 4486 3230 4548 sperantes
3263 4477 3317 4531 in
3351 4493 3428 4540 se,

1869 4565 2044 4619 noluit
2082 4575 2374 4638 martyrem
2405 4581 2562 4623 suum
2593 4568 2646 4622 in
2678 4569 2910 4623 articulo
2940 4571 3076 4623 tanti
3099 4567 3431 4623 discriminis

1869 4657 2074 4728 absque
2108 4659 2305 4714 solatio
2351 4661 2676 4732 relinquere.
2707 4659 2848 4717 Ecce
2898 4661 3118 4731 quidam
3173 4670 3335 4716 sen‘ex
3375 4668 3432 4715 et

1868 4750 2114 4820 qnadatn
2147 4752 2299 4822 virgo
2339 4753 2513 4807 vetula
2547 4755 2825 4809 venientes
2863 4761 2933 4808 e'x
2982 4753 3195 4824 oppidis
3227 4767 3434 4824 prope-

1870 4844 2061 4899 rabant
2087 4844 2142 4900 in
2175 4847 2470 4909 civitatem,
2507 4863 2735 4918 quorum
2780 4863 2922 4903 unus
2951 4848 3182 4918 quatuor
3215 4847 3432 4902 venalid

1868 4935 1985 4990 cias
2015 4935 2292 4993 deferebat
2326 4940 2516 5008 pelles,
2568 4933 2734 4995 altera
2783 4949 3000 5010 quoque
3031 4939 3270 5010 geminas
3303 4939 3434 4994 sin-

1869 5028 2058 5086 denes.
2091 5030 2334 5086 Cernetis
2363 5047 2458 5087 eos
2489 5031 2679 5087 beatus
2726 5035 2990 5100 antistes,
3024 5031 3274 5104 cognovit
3302 5047 3434 5104 erga

1870 5136 1928 5176 se
1957 5122 2196 5177 divinam
2237 5125 2716 5194 dispensationem.
2762 5127 2915 5182 Illico
2953 5133 3302 5198 percontatus
3347 5141 3432 5182 εει

1869 5211 2058 5268 dicens
2090 5234 2102 5268 :
2134 5215 2430 5272 Christiani
2461 5219 2638 5274 estis?
2667 5220 2759 5289 qui
2801 5219 3055 5275 dixerunt
3090 5238 3103 5273 :
3136 5218 3330 5272 Etiam.
3367 5216 3430 5273 Et

1869 5304 1964 5368 ait,
1992 5321 2100 5376 quo
2130 5309 2395 5380 pergitis‘.’
2427 5310 2491 5364 Et
2522 5312 2598 5366 illi
2639 5320 2654 5366 ἑ
2696 5311 2776 5365 Ad
2815 5312 3108 5374 nundinas,
3157 5309 3430 5380 inquiunt,

1869 5395 2022 5450 urbis
2051 5405 2109 5451 ut
2135 5397 2506 5456 venundemus
2540 5401 2656 5456 hac
2685 5412 2804 5472 qua
2825 5400 3140 5457 deferimus.
3169 5400 3433 5456 Clemeu-v

253 5583 335 5651 (a)
368 5583 513 5638 Bene
568 5590 776 5652 noster"
806 5597 902 5652 per
928 5581 1074 5652 hanc
1130 5577 1468 5635 reticentiam
1530 5577 1662 5632 vitat
1705 5575 1984 5632 nominum
2016 5574 2478 5647 perturbationem
2505 5587 2625 5643 qua
2648 5571 2890 5628 occurrit
2920 5573 2978 5626 in
3012 5569 3161 5628 Actis
3185 5568 3433 5626 Combe:

198 5647 396 5711 Istanis
415 5664 470 5711 et
491 5655 546 5708 iu
577 5654 698 5709 cod.
737 5647 856 5706 Vat.
883 5650 1004 5705 623.
