3906 6194
768 189 880 242 ῑϐὂ

1781 182 1836 236 S.
1877 181 2076 236 PETRI
2116 182 2577 237 ALEXANDRlNl
2618 181 2918 238 EPlSCOPl
3647 202 3676 256 ι(

775 321 1024 380 tissimus
1049 326 1224 375 autem
1251 317 1412 371 Pater
1446 316 1726 386 subjunxit
1760 334 1773 370 :
1811 315 1990 372 Filioli
2041 319 2142 371 mei
2181 318 2324 372 tide-
2352 326 2395 379 Α
2493 319 2799 375 Convolans
2832 320 3032 374 interea
3081 335 3146 374 ex
3185 321 3388 391 populosa
3419 325 3510 381 urbe
3542 307 3676 398 piam-.3.

777 413 878 478 les,
914 413 1052 468 Deus
1090 424 1185 465 vos
1217 407 1539 474 destinavit,
1569 415 1906 478 perseverate
1955 423 2184 462 mecum.
2219 408 2320 474 Qui

779 506 1024 578 protinus
1052 517 1174 557 eum
1205 509 1580 572 agnoscentes,
1613 498 1868 554 dixerunt
1917 518 1930 553 :
1975 498 2043 552 Ut
2083 499 2320 568 jussisti,

777 597 1008 653 domine.
1064 593 1128 647 Et
1157 607 1452 648 conversus
1485 591 1550 646 ad
1581 591 1829 645 tribunos
1858 609 1870 644 :
1906 589 2000 643 Eia
2034 592 2195 662 agite,
2227 591 2323 645 in-

773 689 909 757 quit,
941 686 1083 757 quod
1115 686 1288 740 acturi
1323 685 1474 746 estis,
1511 684 1842 753 complentes
1875 683 2076 753 regiam
2105 683 2322 751 jussio—

772 795 928 842 nem,
981 777 1235 848 quoniam
1273 776 1389 831 dies
1441 776 1551 845 jam
1613 776 1929 829 illucescere
1981 776 2165 844 cmpit.
2215 775 2321 846 ipsi

771 878 948 924 autem
979 870 1052 924 ob
1075 868 1275 923 nefaria
1310 868 1568 938 principis
1598 867 1812 921 decreta
1866 867 2020 936 quasi
2054 867 2158 921 vim
2209 883 2322 936 pa—

769 962 987 1024 tientes,
1015 961 1255 1014 tulerunt
1284 975 1406 1014 eum
1448 974 1478 1014 e
1507 958 1725 1028 regione
1757 959 2049 1014 sanctuarii
2076 973 2322 1029 evange-

770 1053 905 1109 lista:
937 1053 990 1106 in
1017 1052 1206 1106 vallem
1223 1039 1386 1119 juxta
1417 1050 1684 1119 sepulcra.
1713 1050 1779 1104 Et
1814 1059 2064 1107 sanctus:
2091 1050 2319 1122 Expan-

769 1144 900 1207 dite,
935 1142 1129 1212 inquit,
1151 1157 1184 1196 ο
1213 1157 1390 1205 senes,
1423 1141 1588 1210 pelles
1617 1156 1753 1211 quas
1785 1141 2100 1203 advectatis,
2133 1143 2319 1197 simul-

767 1250 874 1304 que
907 1243 992 1296 tu,
1032 1233 1241 1292 vetula,
1302 1232 1576 1287 sindoncs.
1621 1231 1830 1297 Quibus
1865 1233 2151 1302 expansis,
2215 1246 2319 1286 ro-

767 1325 1117 1382 bustissimus
1173 1333 1377 1394 martyr
1442 1324 1676 1393 desuper
1727 1323 2061 1387 ascendens,
2111 1324 2317 1393 palmas

768 1427 1025 1486 utrasque
1077 1430 1293 1470 sursum
1350 1415 1628 1473 extendit.
1681 1428 1744 1467 ac
1809 1414 2037 1482 proinde
2088 1415 2316 1485 poplites

769 1507 917 1561 humi
960 1505 1118 1566 ﬁxus,
1151 1504 1386 1558 animum
1437 1518 1650 1573 quoque
1695 1503 1832 1557 coelo
1875 1502 2136 1564 intentus,
2179 1518 2316 1573 gra-

766 1598 963 1651 tiarum
994 1597 1233 1650 actiones
1263 1594 1614 1664 omnipotenti
1664 1593 1998 1663 agonotheta:
2033 1595 2310 1664 persolvit,

765 1689 1120 1758 muniensque
1153 1703 1211 1742 se
1252 1687 1430 1741 crucis
1463 1685 1740 1754 signaculo
1781 1685 1936 1751 dixit,
1963 1684 2153 1740 Amen.
2181 1685 2310 1739 Dein
2345 1661 2384 1720 Β

764 1779 1138 1850 om0phoriurn
1169 1778 1419 1833 relaxans
1451 1792 1482 1830 a
1513 1777 1652 1830 collo
1672 1816 1687 1840 ,
1736 1777 2003 1831 cervicem
2043 1777 2268 1831 tetendit
2295 1796 2310 1834 :

764 1870 916 1937 Quod
948 1869 1120 1932 vobis,
1156 1869 1426 1939 inquiens,
1475 1867 1689 1937 jussum
1720 1874 1824 1933 est,
1870 1869 2134 1924 maturius
2166 1868 2315 1924 deli-

761 1960 964 2017 berate.

832 2051 1196 2124 0hriguerunt
1244 2052 1448 2106 interea
1497 2050 1836 2105 tribunorum
1887 2065 2113 2116 manus,
2153 2059 2314 2120 atque

762 2145 989 2200 invicem
1044 2160 1104 2200 se
1146 2150 1488 2214 aspectantes
1527 2141 1596 2196 ad
1643 2142 1747 2196 hoc
1803 2139 2012 2197 facinus
2053 2156 2313 2210 provoca-

760 2237 918 2301 bant;
946 2234 1039 2290 sed
1085 2250 1275 2289 omnes
1321 2231 1609 2287 formidine
1641 2231 1784 2302 capti
1817 2230 2125 2300 stupebant.
2156 2229 2314 2284 Tan—

758 2328 878 2382 dem
908 2342 974 2381 ex
1002 2341 1267 2381 consensu
1295 2324 1499 2394 placuit
1530 2329 1589 2376 ut
1609 2321 1676 2377 de
1704 2322 1976 2376 communi
2008 2337 2115 2376 aere
2147 2321 2311 2376 inter-

760 2417 1008 2473 fectionis
1058 2417 1336 2486 praemium
1365 2419 1746 2483 apponeretur,
1783 2421 1834 2467 et
1867 2412 1912 2465 si
1945 2412 2068 2482 quis
2119 2411 2308 2466 istius-

758 2509 903 2565 modi
937 2509 1117 2563 scelus
1141 2513 1448 2577 perpetrare
1478 2521 1644 2559 ausus
1673 2511 1838 2566 esset,
1887 2503 2001 2573 ipse
2029 2501 2307 2556 homicidii

759 2599 1062 2653 lucraretur
1124 2605 1411 2666 quaestum.
1471 2593 1622 2648 llaud
1675 2607 1870 2662 mora;
1936 2593 2307 2662 unusquisque

756 2704 940 2743 eorum
969 2689 1206 2759 quinque
1235 2686 1459 2758 protulit
1491 2684 1716 2741 solidos.
1742 2682 1963 2750 Verum,
1995 2693 2052 2738 ut
2091 2685 2306 2755 gentilis

756 2777 832 2833 ait
859 2786 1015 2848 poeta
1040 2795 1055 2832 :

1051 2880 1190 2948 Quid
1229 2897 1330 2934 non
1359 2879 1605 2934 mortalia
1630 2887 1838 2950 pectora
1863 2879 2027 2950 cogis,

928 2953 1062 3008 Auri
1092 2968 1244 3006 sacra
1271 2952 1434 3020 [antes
1459 2951 1480 3004 .’

756 3074 897 3113 unus
929 3073 995 3114 ex
1025 3058 1106 3112 eis
1128 3058 1234 3112 ritu
1269 3055 1563 3126 proditoris
1606 3054 1777 3120 Iudae,
1808 3055 2049 3127 pecunia:
2079 3054 2303 3124 cupidi—-

753 3159 864 3207 tate.
879 3151 1052 3206 audax
1068 3149 1312 3212 effectus,
1335 3157 1548 3204 exserto
1570 3148 1747 3219 gladio
1767 3148 1965 3204 Christi
1997 3148 2298 3218 pontiﬁcem

753 3241 927 3312 capite
961 3239 1303 3296 obtruncavit
1331 3238 1434 3293 sub
1470 3237 1557 3292 die
1594 3237 1800 3292 scilicet
1830 3253 1904 3291 vn
1939 3235 2299 3290 Kalendarum

754 3332 1125 3389 Decembrium
1153 3329 1250 3402 (α),
1282 3345 1404 3384 cum
1462 3328 1684 3382 haberet
1730 3329 1784 3382 in
1820 3317 2134 3397 pontiﬁcatu
2191 3341 2301 3379 an-

751 3437 852 3478 nos
883 3437 982 3485 xn,
1015 3429 1243 3491 quorum
1274 3431 1383 3474 tres
1414 3427 1538 3474 ante
1566 3419 2020 3488 persecutionem,
2061 3417 2298 3487 reliquos

750 3530 878 3570 vero
911 3529 1101 3568 novem
1155 3513 1212 3567 in
1260 3511 1492 3567 diversis
1525 3509 1959 3581 persecutionum
2007 3509 2298 3579 generibus

749 3604 950 3674 exegit.
990 3602 1198 3658 Exinde
1247 3603 1464 3659 sublato
1522 3601 1590 3654 ab
1639 3600 1964 3669 spiculatore
2018 3601 2297 3671 sanguinis

749 3694 942 3764 pretio.
971 3693 1098 3746 mali
1140 3700 1413 3762 emptores
1440 3693 1524 3745 vel
1559 3691 1736 3761 potius
1769 3690 1976 3745 cruenti
2016 3689 2296 3745 homicidae

749 3786 858 3840 cito
903 3785 1063 3839 citius
1119 3790 1498 3848 recesserunt,
1553 3781 1865 3838 metuebant
1912 3781 2056 3836 enim
2113 3783 2295 3852 populi

748 3873 1166 3937 multitudinem,
1199 3888 1473 3943 quoniam,
1505 3873 1582 3926 uti
1628 3873 1904 3944 praelatum
1938 3879 2041 3938 est,
2092 3873 2296 3941 absque

748 3963 966 4018 militari
1018 3963 1269 4035 praesidio
1307 3972 1481 4018 erant.
1514 3965 1724 4034 Corpus
1772 3972 1951 4018 autem
1994 3964 2290 4020 beatissimi

747 4053 1020 4124 martyris,
1073 4053 1526 4123 quemadmodum
1587 4051 1774 4122 patres
1819 4053 2153 4106 afﬁrmabant
2199 4053 2292 4123 qui

746 4143 874 4197 illuc
898 4143 1057 4213 primi
1087 4152 1468 4209 convenerant,
1490 4143 1787 4212 permansit
1819 4152 2007 4198 astans
2034 4151 2289 4213 tanquam

741 4234 973 4289 orationi
1035 4234 1373 4298 incumbens,
1409 4235 1581 4288 donec
1638 4234 1853 4303 plurimi
1905 4242 2289 4289 concurrentes

2422 424 2585 464 sexus
2617 410 3003 465 innumerabile
3032 411 3239 480 vulgus,
3267 411 3423 480 plorans
3437 423 3472 469 et
3490 417 3628 485 eiulans
3643 424 3676 477 in

2421 515 2536 555 cem
2567 516 2626 555 se
2649 499 3030 555 sciscitabatur
3058 501 3296 571 ignorans
3317 505 3481 573 qualiter
3513 509 3581 564 hoc
3608 527 3676 567 evel

2421 596 2520 643 set.
2556 587 2760 644 Revera
2814 591 2956 644 enim
3005 605 3035 643 a
3076 591 3285 646 minimo
3319 609 3441 663 usque
3476 598 3520 652 ad
3551 606 3676 658 maxim

2422 682 2721 738 acerrirnus
2767 683 2922 737 ﬂetus
2953 700 3138 745 omnes
3185 686 3370 755 rigabat.
3393 687 3570 745 Primarii
3601 710 3676 748 nam

2419 773 2654 829 civitatis
2684 789 2805 829 cum
2829 784 3113 830 cernerent
3145 779 3436 834 multitudinis
3460 782 3675 840 laudabilem

2421 865 2826 933 portunitatem,
2853 866 2945 936 qui
2981 882 3168 922 sacras
3217 868 3316 936 ejus
3341 870 3508 926 exuvias
3538 874 3676 942 lipsana

2419 955 2590 1024 gratia
2636 957 2884 1012 scindere
2915 958 3247 1029 satagebant,
3283 942 3676 1036 ἰηινοινριιιυεέυιηι

2419 1046 2521 1102 bus
2576 1055 2738 1120 atque
2782 1050 3100 1106 sindonibns
3144 1051 3246 1107 illis
3280 1054 3415 1108 tutius
3456 1057 3672 1124 perstrinxe

2421 1138 2644 1210 Semper
2677 1141 2818 1196 enim
2848 1141 3226 1197 sanctissimus
3253 1141 3330 1198 Dei
3363 1144 3551 1200 minister
3571 1156 3675 1201 veste

2417 1231 2716 1285 cerdotales
2747 1232 2852 1284 albi
2886 1231 3083 1287 coloris
3109 1242 3223 1286 erat
3270 1234 3473 1299 amictus,
3497 1235 3580 1290 hoc
3613 1247 3671 1291 est

2417 1337 2535 1375 cam
2558 1329 2610 1376 et
2638 1321 2908 1376 colobium
2936 1337 3144 1376 necnon
3182 1332 3232 1376 et
3263 1325 3582 1394 omOphorium.
3603 1326 3676 1381 Pus

2416 1413 2579 1483 igitur
2612 1421 2733 1466 orta
2761 1422 2843 1468 est
2875 1414 3014 1468 inter
3038 1429 3132 1469 eos
3168 1430 3268 1469 non
3300 1430 3437 1486 parva
3464 1419 3670 1473 contentio

2416 1502 2538 1557 dam
2571 1503 2712 1558 enim
2762 1504 3160 1558 sacratissimos
3198 1513 3336 1560 artus
3371 1504 3417 1559 in
3453 1508 3668 1562 ecclesiam

2419 1595 2533 1665 ipse
2559 1593 2936 1658 aediﬁcaverat,
2959 1594 3050 1648 ubi
3078 1601 3132 1650 et
3165 1611 3302 1649 nunc
3325 1596 3584 1666 requiescit,
3607 1598 3676 1650 adv

2413 1687 2754 1758 satagebant;
2786 1687 2878 1739 alii
2904 1693 3084 1741 autem
3109 1687 3174 1741 ad
3205 1690 3527 1743 sanctuarium
3545 1705 3674 1759 evang

2412 1775 2502 1831 ubi
2534 1782 2586 1830 et
2615 1775 2859 1846 martyrii
2906 1784 3100 1830 metam
3130 1779 3413 1847 complevit,
3445 1779 3619 1835 deterre
3641 1783 3676 1833 ni

2411 1873 2499 1919 tur
2527 1884 2541 1920 :
2569 1872 2622 1920 et
2651 1865 2777 1919 dum
2808 1873 3003 1920 neutra
3033 1881 3160 1937 pars
3189 1868 3335 1922 alteri
3375 1870 3605 1933 cederent,
3628 1887 3672 1923 re

2410 1957 2729 2027 obsequium
2775 1965 2986 2012 vertere
3037 1969 3314 2029 cmperunt
3356 1962 3404 2015 in
3449 1978 3612 2033 pugnat
3647 1963 3676 2016 li

2410 2049 2778 2116 Quorumdam
2824 2049 3029 2105 interea
3077 2060 3381 2108 senatorum
3411 2054 3619 2108 animosa
3653 2071 3676 2124 p

2408 2159 2474 2198 ex
2509 2143 2594 2197 his
2616 2143 2706 2213 qui
2746 2157 2943 2197 cursus
2974 2142 3050 2213 (ά)
3085 2153 3361 2208 vocantur,
3389 2145 3602 2200 videntes
3629 2161 3676 2215 qv

2409 2235 2619 2300 derant,
2670 2250 2795 2289 nam
2843 2250 2998 2289 secus
3051 2252 3196 2290 mare
3245 2245 3429 2302 erant,
3461 2253 3675 2307 paravert

2409 2327 2591 2396 pham,
2627 2327 2914 2398 subitoque
2965 2327 3291 2397 arripientes
3321 2337 3520 2384 sanctas
3555 2329 3676 2397 reliqi

2408 2427 2705 2488 posuerunt
2735 2419 3013 2485 navicular,
3053 2426 3107 2474 et
3133 2421 3484 2475 ascendentes
3511 2429 3640 2475 retro
3673 2466 3676 2471 .

2407 2525 2502 2578 per
2532 2510 2705 2564 locum
2756 2511 2844 2565 cui
2900 2509 3151 2566 Leucade
3181 2512 3497 2566 vocabulum
3541 2521 3676 2576 est,'

2406 2598 2461 2652 in
2503 2600 2784 2654 ecclesiam
2828 2600 3154 2656 beatissima:
3195 2598 3291 2654 Dei
3322 2600 3601 2658 Genitricis
3635 2616 3676 2654 se

2405 2687 2630 2758 virginis
2671 2687 2869 2752 Mariae,
2899 2703 3082 2758 quam,
3119 2695 3180 2742 ut
3225 2687 3413 2745 dicere
3457 2703 3676 2758 cmperar

2403 2780 2474 2835 ob
2511 2788 2810 2852 martyrum
2860 2781 3170 2836 cmmeteria
3209 2781 3284 2834 ad
3335 2780 3676 2837 occidentalel

2403 2875 2459 2930 in
2489 2875 2720 2953 quodam
2755 2873 2994 2944 prosatio
3025 2871 3093 2943 (e)
3116 2882 3525 2930 construxerat.
3555 2874 3676 2928 Tun:

2349 3014 2370 3033 η
2403 2983 2523 3021 rum
2554 2966 2767 3036 agmina
2797 2979 2896 3020 ceu
2945 2973 3098 3035 rapto
3133 2965 3237 3019 sibi
3291 2965 3508 3020 cmlesti
3561 2966 3676 3020 thes

2405 3072 2499 3126 per
2531 3056 2746 3118 itinera,
2790 3053 2882 3108 alii
2933 3069 3030 3123 per
3061 3053 3213 3108 devia
3243 3070 3490 3124 quaeque
3521 3070 3676 3124 prope

2403 3148 2503 3200 bus
2539 3146 2918 3215 insequuntur.
2975 3144 3075 3209 Qui
3117 3144 3349 3199 tandem
3389 3147 3676 3201 venientes

2401 3240 2489 3293 ubi
2522 3247 2813 3308 poneretur
2860 3237 3291 3299 altercabantur,
3333 3239 3434 3293 sed
3483 3253 3676 3293 comm:

2401 3328 2757 3400 improbando
2801 3328 3058 3392 consilio,
3133 3329 3298 3398 prius
3341 3345 3479 3383 eum
3527 3329 3676 3385 decr:

2399 3433 2496 3474 sua
2549 3419 2805 3474 cathedra
2855 3433 3085 3488 ponere,
3156 3426 3210 3473 et
3274 3421 3365 3476 sic
3426 3422 3657 3476 demum

2397 3511 2629 3566 tradere.

2469 3603 2532 3656 Et
2557 3605 2676 3668 hoc,
2704 3604 3123 3675 prudentissime
3149 3605 3365 3675 lector,
3409 3610 3550 3662 nolo
3582 3618 3676 3663 tan

2397 3712 2516 3752 sum
2552 3696 2965 3752 deliramentum
3018 3698 3318 3767 attendas;
3371 3702 3668 3771 quoniam

2399 3787 2625 3854 hujusce
2657 3784 2913 3839 novitatis
2935 3781 3211 3850 didiceris,
3249 3787 3502 3842 mirans
3529 3789 3676 3840 laud.

2394 3879 2506 3949 puli
2539 3877 2710 3932 zelum
2744 3875 3055 3945 factumque
3097 3877 3416 3946 probabis.
3473 3877 3599 3932 Hic
3648 3893 3676 3932 ρ

2395 3968 2624 4023 antistes
2670 3968 2886 4036 quando
2918 3967 3085 4020 divini
3125 3969 3409 4036 mysterii
3457 3983 3676 4022 sacran

2392 4059 2608 4122 brabat,
2669 4074 2798 4120 non,
2861 4058 3006 4111 sicut
3050 4057 3525 4113 ecclesiasticus
3579 4073 3676 4112 me

2394 4148 2692 4220 pontiﬁcali
2719 4149 2936 4209 throno,
2970 4147 3063 4202 sed
3091 4147 3144 4213 in
3174 4146 3315 4215 ejus
3357 4149 3676 4220 subpedat

2393 4241 2691 4307 residebat;
2745 4240 2888 4310 quod
2941 4238 3123 4310 populi
3169 4240 3624 4307 aspicientes,

743 4325 1043 4380 invenirent
1085 4324 1216 4378 illud
1255 4325 1440 4380 eodem
1469 4325 1629 4379 modo
1661 4326 1999 4392 consistens;
2034 4324 2288 4379 nimirum
2323 4349 2367 4404 ι)
2394 4334 2631 4405 plenam,
2665 4344 2717 4388 ei
2749 4337 3144 4401 conquerentes
3171 4331 3639 4388 acclamabant

742 4416 885 4486 quod
921 4416 1109 4473 vivens
1139 4419 1336 4486 Saepius
1388 4424 1592 4484 egerat,
1659 4431 1788 4470 caro
1819 4417 1979 4471 etiam
2026 4417 2292 4472 exanimis

743 4507 1059 4562 testabatur.
1095 4507 1287 4562 Senem
1322 4521 1536 4577 quoque
1556 4515 1716 4576 atque
1749 4523 1911 4560 anum
1949 4507 2092 4560 illam
2128 4521 2293 4576 repe-

741 4605 929 4653 rerunt
960 4599 1314 4654 observantes
1345 4613 1467 4653 cum
1501 4599 1647 4652 luctu
1681 4605 1733 4653 et
1767 4597 1968 4667 gemitu
1999 4597 2291 4667 pretiosis—

741 4690 939 4746 simum
994 4689 1250 4744 Ecclesiae
1315 4690 1534 4744 monile.
1596 4687 1928 4744 Redinantes
1979 4688 2051 4757 (ὑ)
2108 4689 2290 4757 itaque

738 4777 1060 4848 triumphale
1101 4777 1263 4832 faunas
1285 4815 1299 4840 ,
1348 4791 1672 4845 sacrumque
1705 4785 1864 4845 caput
1895 4773 2092 4828 cervici
2124 4788 2291 4842 oppo-

739 4880 964 4932 nentes,
1025 4875 1419 4938 cooperuerunt
1475 4866 1831 4933 sindonibus;
1903 4879 2116 4920 sacrum
2159 4879 2286 4918 vero

737 4975 985 5018 cruorem
1029 4960 1121 5031 qui
1151 4975 1307 5014 secus
1359 4957 1656 5023 atlluxerat,
1685 4957 1933 5028 peniculo
1981 4964 2288 5010 reverenter

737 5055 1069 5126 collegerunt
1098 5051 1168 5122 (ε)

739 5156 770 5183 ι

802 5282 878 5352 (a)
915 5279 1050 5352 Cod.
1104 5284 1230 5352 vat._
1257 5277 1583 5352 62?,_nona_
1609 5285 1658 5330 et
1709 5276 1950 5352 vicesima
1986 5272 2283 5352 ΔάίςελΑιΙιςις

731 5343 943 5406 mensis.
999 5351 1134 5406 Acta
1192 5346 1468 5414 Combel'.,
1519 5347 1772 5418 πέμπτην
1819 5348 1910 5400 ἐπὶ
1954 5343 2142 5397 εἰκάδα
2189 5343 2279 5395 τοῦ

730 5419 1028 5490 Νοςμξριου
1051 5419 1236 5490 μηνός.

797 5437 834 5472 ιε
882 5437 1028 5490 υριου
1051 5437 1236 5490 μηνος.

819 5489 846 5540 b
896 5488 1151 5543 Notemus
1175 5487 1514 5543 vocabulum.

797 5437 878 5624 ie?
901 5555 978 5611 En
1003 5572 1199 5611 novum
1236 5558 1508 5611 testimoni

823 5553 872 5613 cl
901 5555 978 5611 En
1003 5572 1199 5611 novum
1236 5558 1604 5612 testimonium
1636 5557 1703 5613 de
1730 5563 1968 5610 veterum
2015 5553 2277 5608 Christia-

730 5638 922 5681 norum
949 5639 1080 5680 cura
1128 5625 1317 5680 devota
1361 5631 1675 5697 sanguinein
1715 5633 2008 5693 martyrum
2057 5639 2275 5678 conser-

2393 4422 2570 4488 Pater,
2616 4425 2671 4478 in
2700 4430 2791 4476 tua
2815 4431 2869 4477 te
2893 4422 3080 4478 sedere
3116 4422 3474 4492 cathedra;
3511 4435 3584 4479 et
3623 4439 3676 4479 ct

2392 4517 2568 4587 ipsum
2599 4521 2936 4585 repeterent,
2978 4527 3206 4582 surgens
3262 4511 3568 4570 Domini
3622 4533 3676 4569 m

2391 4609 2535 4666 modi
2594 4605 2842 4677 querelas
2889 4604 3181 4673 tranquilla
3209 4619 3391 4660 voce
3432 4608 3676 4662 sedul):

2389 4702 2442 4756 in
2489 4699 2676 4755 eodem
2707 4696 2942 4752 scabello
2963 4694 3269 4750 residebat.
3329 4696 3656 4754 Cunctis

2381 4793 2556 4848 ‘litatis
2601 4790 2774 4861 gratia
2831 4788 2933 4842 hoc
2982 4789 3068 4858 agi
3124 4786 3527 4844 videbatur.
3596 4792 3676 4857 (λι

2389 4897 2593 4951 magna:
2627 4881 2929 4936 festivitatis
2961 4879 3048 4934 die
3081 4893 3205 4932 cum
3250 4893 3500 4935 sacra
3537 4884 3676 4936 mis

2386 4978 2474 5031 nia
2508 4983 2713 5046 ageret,
2757 4980 2810 5028 et
2841 4973 2946 5026 tale
2991 4970 3120 5040 quid
3179 4969 3430 5027 facere
3471 4974 3670 5029 velle

2385 5069 2637 5140 populus,
2665 5065 2759 5122 sed
2784 5064 2960 5136 etiam.
2977 5063 3154 5116 clerus
3185 5074 3551 5118 consona
3605 5083 3676 5122 vi

2381 5275 2562 5338 vandi,
2597 5273 2664 5327 de
2705 5284 2809 5340 qua
2839 5283 2897 5321 re
2919 5263 3011 5318 diu
3038 5262 3376 5318 Boldettus
3419 5265 3512 5320 in
3580 5267 3675 5322 Cc

2380 5347 2470 5400 lib.
2508 5361 2546 5408 ι,
2579 5340 2802 5412 ςιψ.27
2836 5352 2986 5406 seqq.

2414 5487 2422 5496 .
2448 5401 2788 5537 (dR'lntéllige
2818 5401 3036 5463 cursum
3065 5401 3429 5474 publicum
3471 5409 3670 5467 vehi

2397 5501 2492 5537 neu
2519 5497 2688 5537 avem.

2378 5499 2688 5540 vicutarem.

2446 5557 2512 5626 (e)
2543 5551 2890 5614 Gracismus,
2919 5561 3016 5618 pro
3050 5544 3390 5599 suburbio-
