3956 6198
180 331 281 388 465

1510 324 1692 382 ACTA
1725 322 2036 378 SINCERA.

3275 313 3384 370 ωρ-

181 463 266 512 tes
295 451 544 506 dixerunt
574 468 586 502 :
640 447 778 504 Sede
820 449 874 502 in
911 449 1038 505 sede
1090 455 1182 502 tua
1203 487 1218 510 ,
1253 461 1286 500 ο
1330 446 1602 515 episcope.
1636 443 1728 499 ille
1757 454 1803 506 Α
1830 442 2058 496 virtutes
2089 439 2198 496 ﬁeri
2257 454 2365 494 non
2394 437 2670 495 deﬁciunt.
2697 436 2793 490 Pia
2844 434 3041 492 etenim
3086 447 3210 492 vata
3239 437 3376 492 felic1

181 556 393 608 autem,
440 541 716 613 cujusdam
768 541 1008 612 mysterii
1063 539 1345 602 conscius,
1398 538 1500 592 hoc
1544 536 1732 591 audire

183 637 588 702 dissimulavit;
654 635 889 704 datoque
942 632 1202 689 reticendi
1257 631 1500 694 indicio,
1560 644 1734 699 neque

184 734 330 789 enim
374 732 422 786 ei
454 729 740 801 quisquam
793 728 1058 783 obsistere
1095 724 1428 796 pertinacius
1481 721 1732 787 audebat,

185 825 344 881 silere
378 837 570 877 omnes
618 820 780 884 fecit,
829 827 882 874 et
913 818 1264 874 nihilominus
1305 815 1546 887 ejusdem
1592 814 1736 870 sedis

184 914 420 970 scabello
444 910 716 976 subsedit;
739 909 1129 979 celebratisque
1163 923 1230 965 ex
1255 922 1407 963 more
1450 906 1735 960 missarum

185 1005 504 1071 solemniis,
542 1002 918 1073 unusquisque
955 1000 1190 1056 ﬁdelium
1226 999 1293 1054 ad
1329 999 1546 1070 propria
1572 1011 1741 1068 repe-

183 1095 350 1150 davit.

251 1185 349 1239 Vir
403 1195 585 1240 autem
636 1182 870 1247 Domini,
922 1182 1135 1238 clericis
1185 1180 1490 1243 accersitis,
1549 1178 1739 1233 intima

188 1278 479 1333 serenitate
500 1275 846 1345 tranquillus,
871 1289 1102 1345 arguens
1122 1288 1216 1328 eos
1241 1271 1588 1328 temeritatis:
1609 1270 1738 1333 Cur,

188 1369 382 1438 inquit,
410 1368 678 1422 laicorum
704 1365 928 1420 vocibus
957 1363 1174 1418 admisti
1200 1378 1284 1418 me
1312 1363 1600 1432 objurgare
1633 1375 1740 1414 non

187 1455 793 1511 embuistis?Attamen
833 1452 960 1524 quia
1003 1454 1125 1508 talis
1167 1453 1470 1524 objurgatio
1519 1466 1628 1505 non
1677 1450 1744 1505 de

184 1551 464 1621 jactantia:
495 1564 718 1604 caenoso
744 1556 1004 1613 torrente,
1039 1549 1132 1605 sed
1167 1549 1233 1604 de
1261 1548 1553 1620 purissimo
1597 1547 1744 1602 fonte

187 1641 504 1696 dilectionis
535 1640 788 1703 manavit,
822 1639 1060 1709 aperiam
1091 1639 1246 1694 vobis
1290 1639 1452 1707 hujus
1501 1637 1743 1709 mysterii

187 1740 484 1787 secretum.
517 1729 840 1802 Plerumque
862 1731 1006 1786 enim
1037 1747 1158 1786 cum
1202 1731 1398 1786 throno
1426 1731 1498 1786 illi
1534 1747 1745 1802 appro-

1831 533 2170 588 exauditione
2193 532 2460 594 laetantur,
2489 527 2875 586 intlrmantium
2906 529 3162 584 sanitates
3181 536 3386 584 restau-

1833 631 2040 686 rantur,
2064 622 2408 693 expulsiones
2452 619 2852 675 1mmundorum
2900 621 3207 689 spirituum,
3238 635 3384 674 mar-

1834 716 1968 786 tyris
2017 715 2268 769 meritum
2323 711 2699 768 testiﬁcantur.
2735 709 2858 765 llaec
2887 725 3128 775 munera,
3163 712 3385 766 Domine

1833 806 1994 872 Jesu,
2045 817 2133 860 tua
2173 814 2335 871 sunt,
2397 805 2484 860 cui
2540 804 2943 862 consuetudinis
2988 811 3070 859 est
3123 811 3384 876 martyres

1833 909 1958 956 tuos
2007 906 2130 970 post
2180 897 2368 953 mortis
2397 896 2616 952 exitium
2649 899 2727 952 sic
2759 895 3099 968 magniﬁcare
3138 896 3378 963 felicius;

1836 990 1927 1062 qui
1977 1005 2102 1045 cum
2142 989 2302 1044 Patre
2343 996 2398 1044 et
2447 989 2889 1044 consubstantiali
2937 995 3124 1044 sancto
3183 987 3382 1059 Spiritu

1837 1083 1974 1137 vivis
2022 1089 2077 1137 et
2136 1093 2330 1152 regnas
2378 1093 2473 1150 per
2529 1079 2738 1134 inﬁnita
2791 1079 2986 1136 saecula
3045 1079 3382 1137 saeculorum.

1837 1175 2006 1230 Amen
2029 1172 2122 1244 (ι).

1912 1266 2041 1323 Post
2095 1267 2208 1321 haec
2240 1263 2471 1335 qualiter
2512 1262 2619 1318 doli
2673 1263 2863 1321 artifex
2922 1264 3110 1334 lupus,
3160 1264 3260 1320 hoc
3306 1271 3389 1318 est

1840 1359 2036 1425 Arius,
2103 1357 2260 1414 ovina
2321 1357 2458 1426 pelle
2502 1363 2804 1421 contectus,
2865 1355 3200 1410 Dominicum
3251 1356 3391 1410 ovile

1842 1450 2102 1505 dilaniare
2139 1449 2438 1510 intraverit,
2475 1447 2555 1504 vel
2583 1465 2690 1517 quo
2726 1456 2883 1518 pacto
2904 1447 3189 1504 sacerdotii
3216 1445 3392 1518 digni-

1841 1549 2005 1598 tatem
2027 1555 2289 1612 usurpare
2315 1541 2558 1606 valuerit,
2586 1540 2732 1597 brevi
2770 1540 2940 1594 relatu
2975 1540 3250 1596 insinuare
3282 1547 3394 1592 sat-

1844 1651 2082 1707 agemus.
2116 1633 2183 1687 Et
2227 1634 2328 1689 hoc
2356 1650 2463 1690 non
2495 1635 2557 1688 ad
2593 1647 2778 1688 eorum
2829 1632 3254 1702 suggillatiouem
3299 1630 3391 1700 qui

1843 1729 2027 1782 lolium
2057 1727 2367 1797 apostatica:
2390 1726 2726 1799 contagionis
2763 1725 2968 1780 caelesti
3000 1723 3295 1780 ventilabro
3327 1721 3395 1777 ab

185 1826 397 1880 ximare
438 1825 580 1889 volo,
613 1823 769 1878 video
797 1824 1084 1894 quamdam
1131 1823 1185 1878 in
1235 1840 1300 1880 eo
1334 1825 1520 1881 sedere
1562 1827 1748 1881 virtu-
1776 1822 1817 1877 Β
1848 1819 2087 1875 Ecclesia
2111 1819 2407 1890 projectum
2437 1817 2503 1872 ad
2539 1833 2718 1873 aream
2748 1818 3037 1874 Dominicae
3072 1816 3266 1872 messis
3312 1829 3395 1869 re-

183 1926 292 1972 tem
322 1917 429 1986 (c),
459 1898 663 1986 fulgore
692 1916 911 1972 luminis
941 1917 1226 1973 admodum
1275 1919 1591 1974 radiantem.
1626 1919 1747 1974 Mox

183 2023 315 2076 ergo
341 2007 487 2060 inter
519 2007 772 2076 gaudium
804 2015 857 2060 et
880 2023 1129 2077 pavorem
1161 2025 1493 2078 suspensus,
1516 2025 1748 2081 agnosco

184 2113 270 2152 me
327 2106 499 2151 tantae
556 2098 819 2152 sessionis
873 2115 1097 2168 prorsus
1161 2101 1473 2172 indignum;
1528 2110 1580 2157 et
1642 2102 1748 2158 nisi

184 2184 440 2239 scandali
496 2185 847 2240 seminarium
910 2189 1110 2258 populo
1157 2189 1357 2245 inferre
1409 2191 1747 2256 titubassem,

183 2276 328 2332 baud
353 2276 583 2330 dubium
634 2277 762 2346 quin
791 2294 892 2333 nec
925 2280 1025 2348 ipsi
1054 2281 1288 2337 scabello
1317 2281 1555 2337 assidere
1587 2297 1751 2338 ausus

184 2369 439 2426 fuissem.
496 2369 625 2424 lude
655 2377 756 2432 est,
807 2356 1260 2436 charissimi'ﬁlii,
1315 2372 1457 2443 quod
1500 2374 1654 2428 vobis
1696 2373 1751 2427 in

185 2462 281 2515 hoc
309 2460 681 2530 pontiﬁcalem
710 2463 949 2532 regulam
980 2462 1239 2517 excedere
1268 2463 1474 2518 videor.
1516 2465 1755 2519 Verum-

187 2564 374 2609 tamen
423 2553 704 2608 multoties
747 2553 965 2623 quando
1011 2569 1130 2609 cam
1181 2565 1458 2610 vacantem
1522 2558 1751 2628 aspicio,

188 2648 333 2703 sicut
386 2648 490 2719 ipsi
523 2657 691 2704 testes
716 2647 950 2714 adestis,
984 2665 1135 2705 more
1165 2651 1325 2706 solito
1353 2651 1539 2707 sedere
1569 2653 1622 2706 in
1665 2653 1754 2707 illa

189 2758 293 2796 non
327 2740 538 2795 abnuo.
572 2740 914 2810 Quapropter
965 2741 1275 2811 bujusmodi
1329 2744 1560 2799 scientes
1599 2759 1756 2799 arca-

190 2851 350 2896 num,
385 2841 440 2889 et
471 2849 572 2904 pro
600 2843 747 2888 certo
773 2842 1053 2903 expertum
1086 2834 1365 2898 habentes,
1395 2835 1521 2906 quia
1551 2836 1596 2892 si
1625 2837 1754 2892 mibi

191 2921 359 2976 fuerit
385 2923 683 2984 indultum,
721 2923 919 2978 sedebo
949 2937 1111 2992 super
1138 2939 1255 2978 eam
1277 2965 1292 2988 ,
1338 2942 1444 2981 non
1475 2926 1758 2997 parvipen-

189 3011 326 3068 dens
362 3011 576 3067 ordinis
606 3012 942 3083 dignitateni,
976 3013 1210 3069 omittite
1249 3014 1359 3082 jam
1411 3016 1757 3086 papularibus

1847 1926 2040 1966 vocare
2083 1920 2209 1966 sunt
2238 1910 2396 1978 ausi;
2442 1909 2494 1963 hi
2527 1910 2669 1964 enim
2697 1911 2981 1965 sanctitate
3021 1908 3206 1979 procul
3232 1906 3396 1962 dubio

1849 2005 2087 2073 insignes
2139 2003 2421 2065 habentur,
2463 1999 2555 2078 sed
2609 2009 2786 2056 tamen
2831 2008 2982 2055 tanto
3018 2000 3134 2054 viro
3178 1998 3399 2054 credere

1850 2093 2334 2165 parvipendentes,
2369 2081 2563 2148 divinae
2604 2091 2866 2162 jussionis
2912 2091 3195 2145 interdicta
3221 2095 3394 2144 trans-

1849 2191 2018 2260 gressi
2053 2197 2200 2245 sunt.
2237 2189 2372 2256 Quid
2395 2189 2559 2260 ergo?
2609 2187 3052 2259 reprehendimus
3109 2186 3242 2242 eos?
3297 2187 3393 2240 mi-

1851 2282 2012 2336 nime.
2037 2280 2286 2347 Quandiu
2307 2281 2451 2337 enim
2482 2296 2581 2338 nos
2623 2281 2724 2336 hoc
2747 2279 3100 2349 corruptibile
3147 2285 3400 2348 aggravat

1851 2389 2049 2443 corpus
2103 2380 2156 2428 et
2215 2373 2466 2443 deprimit
2528 2381 2738 2428 terrena
2805 2372 3119 2427 inhabitatio
3183 2387 3400 2427 sensum

1851 2473 2050 2521 nostra;
2079 2465 2442 2528 inﬁrmitatis,
2495 2465 2651 2520 multi
2699 2465 2994 2535 c0gitantes
3053 2462 3269 2517 facilius
3305 2462 3403 2516 fal-

1851 2559 2056 2623 luntur,
2098 2563 2348 2627 putantes
2404 2556 2606 2626 justum
2662 2571 2783 2611 esse
2814 2555 2958 2625 quod
3009 2562 3092 2610 est
3137 2555 3401 2624 iniquum,

1852 2657 2058 2706 castum
2088 2649 2232 2720 quod
2265 2655 2348 2703 est
2377 2649 2662 2703 incestum.
2693 2647 3002 2702 Gabaonitaa
3034 2647 3239 2702 caelesti
3261 2660 3409 2700 com-

1854 2741 2144 2796 minatione
2173 2740 2386 2810 penitus
2435 2739 2668 2806 delendi,
2718 2753 2840 2792 cum
2894 2736 3038 2792 aliud
3069 2737 3323 2792 haberent
3351 2735 3410 2791 in

1855 2842 2016 2897 voto,
2077 2841 2131 2887 et
2183 2829 2329 2886 aliud
2381 2831 2437 2886 in
2483 2845 2616 2886 voce
2667 2828 2961 2898 habituque
2997 2827 3404 2897 praztenderent,

1853 2924 2034 2980 Jesum
2071 2923 2506 2994 repromissionis
2540 2932 2696 2977 terra.
2722 2919 3083 2992 iustissimum
3123 2917 3410 2973 divisorem

1857 3017 2086 3072 celerius
2118 3017 2300 3072 fallere
2320 3023 2632 3088 potuerunt.
2669 3013 2834 3070 David
2868 3028 3082 3084 quoque
3112 3011 3410 3084 praphetali

191 3104 427 3159 ulterius
460 3103 642 3160 favere
660 3105 1148 3162 inclamationibus.
1181 3105 1303 3161 Ilmc
1325 3108 1576 3164 nimirum
1599 3107 1759 3164 Pater
1858 3107 2074 3163 flamine
2111 3109 2300 3178 plenus
2340 3123 2462 3164 cum
2496 3107 2656 3162 verba
2691 3106 2996 3162 mentientis
3027 3105 3177 3176 pueri
3211 3103 3278 3176 (c)
3311 3121 3410 3158 au-

194 3197 585 3252 tanctissimus
616 3196 742 3250 dum
774 3197 951 3252 adhuc
970 3198 1171 3254 viveret
1205 3200 1273 3254 ad
1313 3216 1526 3256 sacrum
1561 3202 1763 3258 clerum
1791 3179 1834 3242 ο
1865 3198 2066 3263 disset;
2095 3199 2222 3253 licet
2253 3198 2610 3268 investigabili
2651 3196 2906 3280 justeque
2946 3195 3036 3251 Dei
3057 3196 3282 3266 judicio,
3331 3203 3412 3247 ta-

193 3297 419 3343 coactus
449 3286 721 3356 exposuit.

261 3375 482 3432 Horum
513 3391 642 3446 ergo
674 3375 873 3431 Christi
909 3376 1091 3433 ﬁdeles
1134 3378 1222 3447 pia
1269 3376 1551 3435 devotione
1607 3381 1768 3435 remi-

197 3468 503 3532 niscentes,
533 3468 774 3522 tulerunt
800 3467 918 3537 ejus
971 3469 1398 3525 sacratissimum
1435 3487 1663 3541 corpus,
1716 3480 1770 3528 et

195 3559 497 3631 episc0pali
538 3559 674 3614 solio
711 3559 1064 3629 supersedere
1097 3559 1356 3616 fecerunt.
1400 3561 1570 3616 Tanta
1617 3563 1770 3619 deni-

195 3666 297 3719 que
329 3651 530 3704 laetitia
568 3657 824 3721 tantaque
855 3651 1145 3706 exsultatio
1178 3652 1393 3708 caelitus
1428 3654 1623 3723 populo
1658 3655 1770 3710 col-

194 3740 300 3792 lata
335 3749 456 3803 est,
485 3753 550 3792 ac
583 3739 628 3793 si
654 3755 774 3792 eum
814 3740 1106 3794 animatum
1140 3756 1203 3795 ac
1239 3742 1505 3796 viventem
1533 3743 1775 3798 attende-

195 3841 338 3886 rent.
378 3830 592 3884 Deinde
635 3830 918 3887 odoriferis
965 3832 1277 3888 condientes
1309 3835 1640 3889 aromatibus
1685 3835 1772 3888 in-

194 3920 449 3976 duerunt
510 3919 659 3972 illum
717 3920 908 3976 sericis
965 3921 1340 3989 indumentis;
1407 3924 1776 3993 unusquisque

194 4012 345 4066 enim
411 4007 563 4080 quod
622 4009 919 4078 anticipare
971 4008 1191 4065 ferendo
1224 4019 1463 4081 poterat,
1519 4011 1620 4066 hoc
1675 4013 1777 4067 sibi

196 4103 511 4158 maximum
561 4102 768 4157 lucrum
807 4102 1114 4173 deputabat.
1145 4103 1280 4158 Tum
1331 4105 1572 4160 victricia
1627 4105 1778 4176 signa

195 4199 424 4265 palmas
453 4202 725 4266 gerentes,
777 4195 1176 4251 ﬂammantibus
1208 4199 1414 4262 cereis,
1451 4213 1777 4268 concrepan-

197 4289 352 4345 tibus
393 4288 635 4360 hymnis,
667 4289 1123 4360 ﬁagrantibusque
1173 4289 1631 4362 thymiamatibus,
1670 4306 1780 4362 cos-1

199 4381 360 4436 lestis
406 4359 647 4436 victoriae
670 4359 1000 4451 triumphum
1030 4359 1387 4448 celebrantes,
1415 4359 1791 4455 deposuerunt.

1865 3306 1986 3346 men
2032 3290 2188 3359 longe
2237 3289 2381 3344 aliud
2414 3290 2522 3359 egit
2553 3303 2712 3358 quam
2739 3304 2857 3345 esse
2888 3303 2976 3344 res
3017 3288 3221 3343 habuit.
3278 3286 3414 3355 Quid

1865 3382 2027 3438 etiam
2062 3381 2320 3452 apostolis
2369 3381 2674 3444 sublimius,
2719 3381 2808 3451 qui
2843 3396 2902 3436 se
2952 3397 2981 3435 a
3031 3391 3212 3435 nostra
3245 3380 3414 3435 imbe-

1867 3470 2087 3525 cillitate
2115 3478 2459 3540 sequestrate
2506 3469 2866 3524 uutaverunt?
2902 3466 3032 3520 Nam
3061 3483 3202 3523 unus
3230 3483 3415 3524 eorum

1868 3560 2125 3616 describit
2178 3579 2192 3616 :
2241 3560 2309 3614 In
2351 3558 2530 3614 multis
2580 3558 2886 3629 o/fendimus
2945 3573 3116 3611 omnes
3175 3559 3213 3610 ¹.
3271 3557 3417 3612 Alter

1870 3668 2118 3722 quoque:
2151 3651 2211 3708 Si
2252 3653 2562 3716 dixerimus,
2606 3651 2798 3722 inquit,
2845 3649 2968 3722 quia
3006 3658 3268 3718 peccatum
3318 3665 3418 3702 non

1871 3745 2137 3810 habemus,
2172 3747 2269 3814 ipsi
2298 3762 2390 3800 nos
2421 3743 2715 3798 seducimus
2763 3751 2814 3798 et
2843 3743 3031 3797 veritas
3058 3742 3111 3795 in
3137 3740 3284 3796 nobis
3319 3757 3420 3794 non

1872 3846 1946 3889 est
1977 3837 2018 3887 '.
2057 3833 2160 3889 Sed
2201 3849 2322 3888 cum
2355 3835 2545 3888 horum
2578 3849 2678 3888 nos
2715 3830 2957 3902 poenitet,
3008 3837 3158 3885 tanto
3209 3829 3421 3884 facilius

1873 3928 2083 3981 veniam
2137 3941 2526 3996 promcremur,
2577 3924 2793 3995 quando
2841 3939 2949 3980 non
2997 3923 3272 3978 voluntate
3329 3921 3421 3977 sed

1876 4019 2178 4091 ignorantia
2205 4021 2286 4074 vel
2327 4018 2616 4089 fragilitate
2653 4017 3013 4088 peccavimus.
3046 4015 3110 4070 Et
3139 4025 3284 4072 certe
3325 4015 3424 4069 hu-

1872 4112 2108 4183 jusmodi
2137 4111 2338 4168 oﬁ‘ensa
2366 4129 2471 4167 non
2494 4111 2560 4166 de
2585 4111 3038 4182 prazvaricationis
3068 4109 3291 4174 affectu,
3331 4107 3424 4164 sed

1875 4207 1942 4262 de
1971 4205 2361 4274 compassionis
2384 4203 2710 4274 indulgentia
2733 4204 3012 4272 processit.
3043 4200 3304 4257 Caeterum
3333 4216 3426 4254 su-

1879 4313 1973 4368 per
2027 4297 2112 4352 his
2168 4296 2554 4368 apologeticum
2619 4295 2924 4351 describere
2982 4294 3103 4349 aliis
3171 4292 3428 4362 relinqui-

1878 4404 2000 4444 mus
2024 4388 2130 4460 (d);
2170 4404 2270 4446 nos
2292 4396 2468 4444 autem
2496 4387 2639 4458 quod
2673 4387 2837 4442 instat
2864 4401 3103 4458 agamus.
3135 4383 3426 4455 Postquam

200 4482 442 4527 sanctas
479 4473 758 4544 reliquias,
789 4481 842 4530 et
868 4474 1192 4545 sepelierunt
1237 4491 1330 4532 eas
1358 4477 1412 4531 in
1448 4479 1776 4544 cmmeterio,
1808 4517 1852 4571 Β
1882 4479 2046 4550 igitur
2078 4478 2396 4550 magniﬁcus
2447 4487 2810 4552 prepugnalor
2836 4475 3049 4540 Petrus,
3083 4475 3297 4532 nomine
3329 4489 3429 4529 suo

199 4563 352 4633 quod
409 4563 614 4618 dudum
664 4565 732 4620 ab
775 4581 840 4621 eo
885 4565 1059 4621 fuerat
1104 4575 1504 4632 constructum,
1563 4568 1655 4622 ubi
1710 4583 1778 4623 ex
1808 4563 1846 4571 ⁷
1878 4569 2094 4641 dignus,
2122 4585 2213 4640 per
2233 4569 2473 4640 martyrii
2494 4568 2912 4640 triumphum...

202 4665 338 4713 tunc
401 4664 454 4711 et
489 4671 662 4727 usque
717 4658 770 4712 in
825 4659 1142 4715 hodiernum
1204 4657 1344 4715 diem
1397 4659 1780 4716 miraculorum

279 4815 370 4882 (α)
401 4813 650 4886 lptellige
673 4815 754 4870 vel
786 4815 961 4886 ipsum
991 4813 1157 4886 Deum
1187 4815 1570 4886 velangelum.

207 4953 565 5026 sbyteratum
602 4953 883 5026 assumpto
927 4970 955 5026 a
997 4969 1312 5026 successore
1364 4956 1506 5012 Petri
1556 4953 1785 5021 Achilla,

207 5025 688 5146 :bs‘urgégmnino
737 5026 805 5079 ab
842 5025 993 5078 Actis
1028 5025 1433 5082 Combeﬁsianis
1487 5035 1541 5082 et
1591 5039 1622 5079 a
1663 5025 1783 5080 cod.

259 5110 291 5146 a
328 5137 344 5146 .
496 5135 508 5145 .

259 5110 344 5149 al.
380 5110 508 5146 022.

291 5167 380 5233 (c)
407 5161 549 5216 Puto
577 5164 660 5219 vel
688 5164 1038 5224 Absalomum
1062 5163 1146 5219 vel
1177 5161 1380 5230 Sibam,
1415 5161 1460 5218 Il
1500 5163 1629 5234 Reg.
1676 5183 1788 5230 xiv,

287 5320 306 5351 ¹
350 5315 483 5373 lae.
508 5333 588 5385 111,
607 5318 662 5372 2.
736 5320 756 5350 ¹
794 5317 821 5374 I
853 5317 1010 5375 Joan.
1047 5336 1084 5387 1,
1109 5320 1160 5376 8.

2332 4659 2551 4733 Reliqua
2599 4659 2980 4715 desiderantur.

279 4817 370 4882 (α)
401 4817 650 4884 Intellige
673 4817 754 4870 vel
786 4817 961 4886 ipsum
991 4817 1157 4870 Deum
1187 4817 1269 4871 vel
1303 4817 1570 4886 angelum.
1882 4817 1980 4882 35;
2005 4831 2113 4878 va,
2140 4817 2192 4871 5.

279 4886 363 4954 (ὁ)
400 4883 540 4950 Quae
592 4898 892 4954 sequuntur
940 4887 1005 4940 de
1041 4885 1171 4940 Ario
1213 4885 1501 4941 infeliciter
1549 4883 1802 4954 adpre»;
1953 4886 2192 4954 (d)Pulc‘

1953 4881 2034 4956 (ά)
2058 4885 2286 4941 Pulchra
2343 4899 2473 4942 sane
2521 4885 2798 4956 defensio;
2824 4900 2886 4940 ex
2918 4897 3023 4954 qua
3063 4882 3224 4956 etiam
3261 4881 3432 4956 conji-

1886 4952 1992 5028 cio,
2015 4952 2260 5028 Graecum
2297 4956 2443 5028 Petri
2489 4955 2844 5028 biographum
2869 4952 3054 5028 prope
3081 4952 3321 5028 abfuisse
3363 4952 3432 5006 ab

1887 5025 2128 5094 ejusdem
2162 5027 2512 5097 temporibus,
2541 5023 2972 5097 quandoquidem
2991 5023 3187 5096 'ipsius
3216 5036 3433 5097 succes-

1892 5091 2024 5161 suri,
2055 5096 2210 5166 quasi
2235 5091 2409 5151 adhuc
2450 5091 2680 5152 recentis
2716 5091 3003 5160 memoriae,
3037 5091 3158 5149 'tam
3193 5091 3434 5148 studiose

1891 5167 2278 5236 patrocinatur.
