3906 6194
711 301 812 358 ιϐ’]
1730 302 1786 358 8.
1823 301 2022 357 PETRI
2060 303 2524 360 ALEXANDRINI
2553 306 2858 364 EPISCOPI
3705 323 3776 378 £68

1550 713 2317 922 SANCTI
2401 727 3049 906 PETRI

1132 1053 1671 1153 EPISCOPI
1744 1056 2574 1157 ALEXANDRINI
2649 1062 2801 1156 ET
2870 1059 3466 1153 MARTYBIS

1553 1291 2242 1407 EPISTOLA
2334 1293 3110 1444 CANONICA,

1152 1537 1459 1599 Theodori
1513 1536 1906 1600 Balsamom's
1938 1547 1997 1599 et
2036 1539 2300 1599 Joannis
2333 1540 2594 1601 Zonaras
2621 1542 3081 1603 commentariis
3111 1542 3445 1606 illustrata.

768 1700 856 1769 (8,
879 1699 1023 1750 Petri
1043 1699 1361 1751 Alexandrini
1382 1699 1603 1774 Canones
1630 1701 2071 1774 post‘Galiandium
2093 1699 2249 1774 edidit
2274 1700 2744 1774 _An_g..Mai..Spicil.
2782 1706 2916 1774 ξονι.
2951 1718 3035 1774 1n,
3069 1705 3180 1774 tu,
3201 1734 3264 1743 —
3283 1707 3352 1758 Ex
3375 1711 3509 1760 variis
3533 1710 3762 1762 lectionibus

1465 1764 1682 1832 potiores
1703 1763 2005 1824 admisimus;
2034 1763 2251 1826 reliquas
2273 1765 2429 1814 textui
2454 1763 2762 1827 subjecimus.
2791 1768 2924 1821 Eutr.
2951 1767 3186 1831 Parnm...)

704 2060 930 2129 313.411
998 2060 1220 2116 rem!
1281 2041 1865 2119 Αηοηιειηδοορι
1928 2061 2246 2117 ΑιεΧΑΝ.

2238 2092 2256 2111 ν
2284 2069 2328 2126 Α
2362 2065 2482 2119 ΊὉΥ
2531 2067 2902 2120 ΜΑΚΑΡῙΟΥ
2945 2069 3525 2124 ΑΡΧΙΕΠΙΣΚΟΠΟΥ
3568 2070 3780 2124 ΑΛΕΞΛΝ

774 2130 992 2201 nam:
1064 2131 1158 2186 ET
1226 2131 1598 2188 MARTYRIS
1665 2131 2055 2192 CANONES.
2121 2133 2253 2201 om

2239 2133 2253 2186 Γ
2424 2137 2689 2189 ΔΡΕΙΑΣ
2709 2138 2800 2188 HE
2810 2140 2995 2198 ΤΡΟΥ,
3010 2141 3143 2192 ΚΑΙ
3160 2142 3541 2200 ΜΑΡΤΥΡΟΣ,
3558 2141 3781 2194 ΚΑΝΟΝΕ.

779 2198 1171 2256 FERUNTUR
1217 2202 1300 2256 IN
1338 2203 1700 2260 SERMONE
1748 2203 1826 2256 El
1839 2203 1926 2257 US
1967 2203 2062 2263 DE
2100 2198 2258 2259 P’CE-
2414 2206 2942 2270 ΕΜΦΕΡΩΜΕΝΟΙ
2986 2211 3088 2262 EN
3135 2211 3220 2279 Τῼ
3273 2213 3441 2265 Περι
3482 2198 3781 2264 Mona-'01s.

773 2271 1166 2336 NITENTIA.
2420 2278 2670 2335 ΑΥΤΟΥ
2702 2279 2916 2348 nom.

1331 2458 1556 2514 CANON‘
1581 2459 1623 2514 Ι.

2974 2459 3215 2513 ΚΑΝΩΝ
3246 2462 3321 2514 Α’.

777 2571 796 2603 ι
841 2550 1108 2618 Quoniam
1139 2559 1318 2607 autem
1362 2561 1616 2622 quartum
1670 2553 1878 2609 Pascha
1921 2555 2256 2624 persecutio-

2239 2584 2256 2596 .
2426 2568 2443 2599 ι
2476 2549 2610 2601 Επεὶ
2641 2549 2819 2602 τοίνυν
2853 2549 3110 2622 τέταρτον
3151 2552 3256 2622 ἤδη
3309 2551 3486 2619 Πάσχα
3521 2545 3781 2613 ἐπικατεῦιηῖ

705 2659 725 2694 ι
772 2657 892 2696 nem
917 2642 1028 2710 jam
1056 2642 1428 2712 apprehendit,
1465 2643 1598 2698 satis
1629 2653 1711 2700 est
1762 2646 1815 2699 in
1861 2645 1928 2700 iis
1971 2646 2064 2716 qui
2090 2643 2247 2699 delati

2237 2643 2253 2697 i
2356 2659 2375 2690 ι
2413 2641 2502 2694 τὸν
2521 2640 2776 2712 διωγμὸν,
2797 2642 3078 2715 αὐτάρκως
3095 2643 3208 2714 ἔχει
3229 2645 3340 2706 τοῖς
3367 2643 3457 2712 μὲν
3482 2637 3779 2712 προσενεχ-Θείς

706 2751 726 2784 ι
773 2731 987 2802 quidem
1021 2743 1145 2788 sunt
1167 2733 1220 2787 in
1239 2735 1650 2805 custodiamque
1680 2738 1930 2807 conjecti,
1959 2745 2248 2792 tormenta-

2239 2767 2254 2778 -
2356 2752 2375 2785 ι
2417 2734 2511 2788 καὶ
2544 2733 2937 2804 φυλακισθεῖσι,
2972 2736 3240 2807 βασάνους
3269 2753 3324 2790 τε
3365 2733 3702 2794 ἀνυποὶστους¹
3726 2730 3781 2779 im

707 2842 726 2876 ι
771 2839 876 2893 que
934 2840 1043 2879 non
1073 2824 1396 2891 suﬂ'erenda,
1428 2835 1482 2882 et
1526 2827 1882 2884 intolerabilia
1942 2828 2148 2900 ﬂagella
2200 2840 2249 2884 et

2239 2840 2254 2884 ι
2357 2845 2374 2876 ί
2422 2826 2770 2898 μεμενηκόσι,
2809 2829 2900 2881 καὶ
2929 2830 3238 2900 ἀφορήτους
3271 2829 3544 2900 μάστιγας,
3574 2824 3651 2878 καὶ

706 2933 724 2966 ‹
773 2915 968 2970 multas
1012 2917 1147 2970 alias
1199 2931 1391 2987 graves
1443 2920 1796 2976 necessitates
1851 2922 2248 2988 sustinuerunt,

2235 2965 2248 2988 ,
2355 2937 2375 2970 ‹
2411 2919 2594 2990 ἑτέρας
2625 2920 2868 2988 ἀνάγκας
2899 2919 3095 2984 δεινὰς,
3124 2920 3350 2992 ὕστερον
3373 2921 3426 2974 δὲ
3450 2914 3774 2989 προδεδομένοις

706 3025 724 3058 ι
771 3017 957 3077 postea
984 3015 1161 3065 autem
1194 3018 1321 3064 sunt
1351 3025 1382 3064 a
1419 3013 1602 3066 carnis
1632 3012 2000 3068 imbecillitate
2031 3014 2248 3084 proditi,

2239 3059 2248 3084 ,
2356 3030 2374 3062 ι
2415 3011 2519 3064 ὑπὸ
2559 3011 2657 3082 τῆς
2694 3011 2973 3074 ἀσθενείας
3013 3013 3113 3082 τῆς
3144 3013 3370 3082 σαρκὸς,
3411 3013 3457 3063 ει
3495 3008 3661 3078 καὶμὴ
3687 3004 3781 3071 ἑξὰς

704 3119 726 3160 α
766 3102 984 3178 etiamsi
1015 3117 1124 3156 non
1151 3102 1220 3156 ab
1247 3103 1401 3158 initio
1431 3103 1670 3173 suscepti
1718 3113 1844 3159 sunt
1891 3114 2109 3178 propter
2131 3123 2246 3176 gra~

2236 3135 2252 3154 ρ
2355 3122 2375 3155 ι
2413 3103 2514 3174 χῆς
2548 3104 2952 3176 παρεδέχθησαν
2983 3105 3070 3158 διὰ
3117 3105 3218 3176 τὴν
3241 3101 3729 3176 παρακολουθήσασαν
3753 3113 3778 3162 μ

701 3211 726 3251 ο
767 3175 1129 3264 νθιηἸορειιῐη
1185 3204 1536 3250 consecutum
1571 3203 1793 3250 :tamen
1840 3196 1967 3266 quia
2022 3198 2243 3252 multum

2236 3215 2250 3252 ι
2355 3209 2374 3241 ι
2414 3192 2603 3260 γίστην
2658 3193 2881 3257 πτῶσιν,
2938 3193 3086 3264 ὅμως
3116 3194 3209 3247 διὰ
3249 3195 3309 3248 τὸ
3336 3194 3494 3247 πολλά
3525 3191 3688 3249 αὐτοὺς
3708 3185 3775 3254 ἠθλ

708 3303 729 3338 ι
775 3283 1121 3340 decertarunt
1142 3291 1195 3340 et
1228 3285 1319 3340 diu
1347 3285 1663 3341 restiterunt
1691 3306 1704 3341 :
1738 3303 1845 3341 non
1885 3288 2028 3343 enim
2061 3298 2250 3359 sponte

2237 3305 2252 3346 ξ
2357 3301 2375 3334 ‹
2415 3283 2564 3337 κέναι
2594 3283 2684 3336 καὶ¹
2713 3285 2804 3337 ἐπὶ
2827 3285 2959 3338 πολὺ
2987 3286 3450 3358 ἀντιμαχέσασθαι
3475 3288 3494 3316 ³
3527 3284 3597 3354 (ού
3621 3280 3706 3350 γὰρ
3725 3294 3779 3329 καί

707 3395 726 3429 ‹
773 3376 840 3430 ad
873 3391 934 3430 ea
956 3375 1308 3440 devenerunt,
1343 3376 1437 3432 sed
1466 3392 1494 3430 a
1521 3378 1701 3432 carnis
1731 3378 2101 3436 imbecillitate
2124 3397 2249 3451 pro-

2235 3410 2252 3422 .
2282 3421 2322 3475 Β
2357 3394 2375 3426 ι
2417 3377 2728 3447 προαίρεσιν
2769 3377 2825 3429 ὲν
2874 3376 3044 3448 τούτῳ
3088 3377 3431 3449 ἐληλύθασιν,
3475 3375 3595 3430 ἀλλὰ
3619 3385 3777 3475 uti“?

705 3487 723 3521 ι
765 3469 862 3522 diti
889 3487 904 3524 :
931 3483 1056 3522 nam
1109 3477 1162 3523 et
1204 3469 1456 3539 stigmata
1494 3467 1624 3524 Jesu
1670 3470 1726 3523 in
1775 3472 1891 3526 suis
1932 3473 2247 3542 corporibus

2235 3489 2251 3528 ς
2282 3460 2322 3475 ’³
2355 3486 2372 3517 ι
2409 3467 2646 3530 δοθέντες
2677 3467 2780 3520 ὑπὸ
2798 3469 2895 3540 τῆς
2922 3469 3208 3533 ἀσθενείας
3233 3471 3329 3541 τῆς
3353 3465 3580 3539 σαρκὸς),
3600 3460 3777 3526 ἐπειδῇκ

701 3578 720 3614 ι
765 3570 1055 3623 ostentant,
1087 3569 1140 3616 et
1185 3561 1430 3617 nonnulli
1477 3577 1620 3616 anno
1659 3562 1771 3630 jam
1815 3563 1974 3617 tertio
2004 3563 2196 3618 deﬂent
2233 3584 2243 3619 :

2235 3584 2246 3619 ε
2351 3579 2368 3610 ι
2413 3559 2682 3629 στίγματα
2711 3559 2802 3614 τοῦ
2845 3560 3020 3634 Ἰησοῦ
3055 3561 3416 3616 ἐνδείκνυνται
3443 3563 3494 3613 ἐν
3534 3560 3630 3619 τοῖς
3650 3553 3777 3620 σώμαε

701 3669 720 3702 ι
769 3654 847 3708 eis
873 3652 940 3707 ab
975 3653 1210 3708 adventu
1240 3669 1335 3724 per
1386 3654 1784 3709 revocationcm
1832 3655 1886 3709 in
1933 3657 2243 3711 memoriam

2235 3673 2249 3711 ¹
2351 3671 2369 3703 ⁸
2407 3651 2612 3706 ἑαυτῶν
2632 3654 2696 3720 ν,
2717 3653 2810 3706 καὶ
2831 3653 2929 3730 ἤδη
2947 3652 3089 3716 τινὲς
3105 3653 3289 3724 τρίτον
3309 3654 3424 3716 ἔτος
3446 3651 3608 3721 ἔχουσι
3628 3655 3777 3698 suum

701 3761 722 3796 ς
769 3745 860 3798 alii
893 3745 1252 3817 quadraginta
1281 3746 1397 3802 dies
1431 3747 1803 3818 iniungantur,
1837 3763 1974 3818 quos
2002 3765 2124 3804 cum
2159 3749 2243 3818 je-

2232 3783 2244 3793 .
2351 3763 2369 3796 ι
2408 3743 2620 3808 θοῦντες
2643 3761 2655 3773 ο
2707 3745 3236 3820 προσεπιτιμηθῆναι
3267 3747 3446 3807 αὐτοῖς
3477 3743 3573 3796 ἀπὸ
3605 3738 3687 3806 τῆς
3715 3748 3774 3802 πρ

698 3853 719 3892 ι
761 3837 1007 3906 jnnasset
1032 3837 1291 3894 Dominus
1319 3846 1373 3893 et
1402 3837 1660 3893 Servator
1688 3847 1873 3895 noster
1901 3839 2060 3897 Jesus
2089 3842 2240 3896 Chri-

2233 3874 2246 3884 .
2350 3855 2368 3888 ι
2405 3835 2666 3909 ελεύσεως
2721 3837 2841 3890 καθ’
2904 3837 3212 3909 ὑπόμνησιν
3283 3837 3446 3899 ἄλλας
3509 3827 3775 3899 τεσσαράκοει

698 3947 719 3982 ι
765 3936 903 3993 stus,
927 3937 1211 4000 postquam
1244 3930 1549 4000 baptizatus
1589 3931 1786 3998 fuerat,
1821 3941 2060 3988 tentatus
2092 3942 2175 3989 est
2214 3949 2240 3988 a

2233 3950 2244 3988 ι
2351 3950 2368 3982 ι
2409 3930 2637 4002 ἡμέρας,
2666 3929 2751 3994 εις,
2777 3932 2975 4002 καίπερ
2998 3930 3305 4001 νηστεύσας
3335 3933 3364 3984 ὁ
3392 3930 3576 4002 Κύριος
3597 3919 3775 4013 xuii“

701 4040 718 4076 ι
765 4021 999 4076 diabolo.
1033 4021 1090 4074 In
1123 4023 1321 4091 quibus
1351 4031 1403 4077 et
1449 4023 1549 4095 ipsi
1599 4039 1722 4078 cum
1768 4024 1925 4080 valde
1964 4025 2243 4080 exercitati

2231 4025 2244 4078 i
2350 4039 2368 4071 ι
2408 4021 2564 4091 ήμῶν
2621 4019 2826 4091 Ἰησοῦς
2878 4019 3138 4090 Χριστὸς,
3216 4018 3360 4090 μετά
3407 4020 3462 4070 τὸ
3511 4004 3773 4106 βαπτισθῆνέ

699 4129 718 4161 ¢
766 4109 984 4173 fuerint,
1018 4119 1072 4166 et
1103 4114 1442 4169 constantius
1459 4115 1825 4184 jejunaverint
1853 4135 1865 4170 :
1894 4115 2149 4185 deinceps
2186 4118 2240 4169 in

2230 4134 2240 4169 ι
2351 4132 2368 4163 ι
2406 4112 2702 4183 ὲπειράσθη
2749 4111 2854 4164 ὑπὸ
2902 4110 2993 4164 τοῦ
3039 4110 3289 4164 διαϐόλου
3320 4127 3332 4140 ·
3399 4111 3471 4171 εἰς
3505 4105 3562 4166 ἂς
3606 4098 3683 4152 καὶ
3719 4098 3772 4145 αὖ

697 4216 716 4250 ι
760 4201 1096 4255 orationibus
1131 4203 1795 4272 vigilabuntzmeditantes
1845 4207 1988 4277 quod
2038 4206 2239 4260 dictum

2223 4224 2240 4260 ι
2350 4226 2368 4258 ι
2406 4205 2543 4259 κατά
2568 4205 2628 4257 τὸ
2657 4205 2907 4274 περισσὸν
2934 4203 3442 4274 διαγυμνασθέντες,
3463 4186 3765 4257 εὐτονώτερδν

696 4309 714 4343 ι
758 4300 843 4348 est
867 4307 897 4345 a
923 4291 1149 4347 Domino
1176 4293 1242 4347 ad
1273 4309 1394 4348 eum
1435 4295 1528 4364 qui
1562 4297 1708 4350 illum
1733 4306 1916 4360 tentat,
1950 4303 2009 4351 ut
2063 4297 2238 4367 ipsum

2194 4313 2241 4352 m
2351 4318 2370 4351 ‹
2408 4315 2468 4350 τε
2519 4296 2804 4368 νήψαντες,
2845 4298 3287 4368 γρηγορήσουσιν
3352 4298 3430 4358 εις
3473 4281 3736 4361 πφσευλάς

694 4400 715 4434 ι
759 4384 947 4439 adoret
974 4403 986 4437 :
1013 4383 1112 4437 Abi
1170 4400 1318 4453 pone,
1363 4386 1563 4440 Satana
1602 4403 1622 4442 :
1659 4389 1910 4456 scriptum
1954 4398 2030 4442 est
2077 4391 2236 4446 enim:

2207 4407 2248 4446 I:
2350 4409 2370 4443 ι
2406 4389 2612 4452 λοιποῦ,
2637 4387 3107 4459 καταμελετῶντες
3134 4388 3199 4440 τὸ
3225 4385 3537 4457 λελεγμένον
3559 4379 3637 4410 ¹’”⁶
3662 4370 3749 4425 ὑπὸ

695 4493 714 4526 ι
765 4475 1040 4529 Dominum
1075 4487 1218 4530 tuum
1250 4477 1518 4544 adorabis,
1555 4489 1602 4532 el
1635 4479 1717 4532 illi
1738 4480 1839 4533 soli
1862 4481 2048 4534 servies
2085 4492 2130 4534 α.
2181 4501 2200 4533 ι

2351 4500 2370 4531 ‹
2408 4480 2607 4550 Κυρίου
2637 4478 2770 4548 πρὸς
2791 4477 2880 4530 τὸν
2900 4475 3226 4546 πειράζοντα
3253 4478 3439 4538 αὐτὸν,
3461 4475 3539 4527 ἵνα
3558 4481 3771 4539 προσκυνῖ

693 4589 714 4628 σ
748 4571 925 4642 αὐτῷ·
968 4573 1182 4642 Ὕπαγε
1224 4574 1413 4627 ὀπίσω
1458 4592 1599 4643 μου,
1628 4574 1887 4640 Σατανᾶ·
1933 4574 2248 4646 γέγραπται
2303 4576 2432 4647 γὰρ,
2475 4576 2692 4643 Κύριον
2758 4573 2864 4626 τὸν
2908 4572 3054 4626 Θεόν
3105 4588 3224 4626 σου
3285 4563 3718 4640 προσκυνήσεις,
3770 4597 3771 4601 π

695 4683 715 4724 t
753 4665 913 4731 αὐτῷ
935 4667 1098 4736 μόνῳ
1123 4669 1492 4736 λατρεύσεις.
1529 4689 1548 4721 ι

759 4761 919 4818 Βλιε.
946 4762 1246 4822 Praesentes
1275 4780 1514 4820 canones
1533 4773 1770 4822 tractant
1797 4769 1864 4824 de
1890 4769 1959 4826 iis
1993 4770 2084 4840 qui
2112 4785 2238 4839 pro-
2263 4774 2301 4830 C

2227 4799 2238 4809 -
2263 4774 2306 4830 C
2407 4765 2602 4820 ΒΔΛΣ.
2635 4765 2696 4818 Οἱ
2727 4764 2991 4834 παρόντες
3023 4763 3245 4829 κανόνες
3276 4763 3411 4835 περὶ
3442 4759 3543 4814 τῶν
3569 4757 3620 4807 ὲν
3641 4752 3769 4815 διωγέ

688 4852 864 4932 priam
897 4852 1054 4909 ﬁdem
1084 4856 1138 4910 in
1165 4858 1634 4927 persecutionibus
1669 4870 2022 4931 negaverunt,
2045 4869 2098 4916 et
2118 4876 2230 4931 ροβε

2227 4890 2239 4903 -
2340 4857 2730 4932 ἀρνησαμένων
2783 4858 2886 4926 τὴν
2922 4855 3127 4910 οἰκείαν
3175 4857 3385 4918 πίστιν,
3415 4853 3508 4907 καὶ
3552 4854 3769 4920 μετανοησ

689 4943 971 5009 nitentiam
993 4958 1238 5016 egerunt.
1272 4948 1337 5002 Et
1366 4949 1519 5020 jubet
1555 4951 1772 5022 quidem
1804 4953 2012 5023 primus
2041 4968 2231 5018 canon,

2225 4993 2238 5018 9
2339 4968 2466 5015 των,
2517 4947 2956 5021 διαλαμϐάνουσι.
3010 4949 3120 5002 Καὶ
3179 4948 3386 5008 αὐτίκα
3419 4941 3665 5014 ὁπρῶτος

685 5037 767 5094 eis
813 5037 908 5107 qui
951 5047 1072 5111 post
1117 5042 1285 5095 multa
1319 5021 1584 5098 tormenta
1612 5021 2008 5110 sacriﬁcarunt,
2040 5052 2098 5098 ut
2145 5047 2227 5115 qui

2225 5046 2239 5099 i
2340 5042 2727 5106 διακελεύεται,
2758 5042 2881 5104 τοὺς
2915 5039 3179 5104 θύσαντας
3209 5039 3353 5110 μετὰ
3405 5035 3648 5107 βασάνους
3673 5021 3767 5078 πολλ

689 5137 910 5200 propter
946 5129 1364 5189 imbecillitatem
1415 5151 1760 5206 perseverare
1797 5155 1905 5193 non
1945 5141 2231 5209 potuerint.

2224 5183 2238 5202 .
2341 5135 2416 5198 ὡς
2477 5135 2550 5206 μὴ
2587 5133 2909 5205 δυνηθέντας
2933 5132 3020 5186 διά
3050 5132 3338 5186 ἀσθένειαν
3377 5121 3752 5197 ἐγκαρτερῆσαι,

689 5227 741 5274 et
764 5221 818 5274 in
843 5221 1160 5291 paenitentia
1192 5233 1301 5282 tres
1329 5242 1502 5282 annos
1531 5231 1914 5301 transegerint,
1943 5232 2078 5288 alios
2105 5247 2231 5302 quo-

2223 5262 2238 5273 .
2341 5228 2756 5292 διαϐιϐάσαντας
2795 5229 2921 5300 τρία
2965 5227 3056 5298 ἐτη
3082 5227 3138 5280 ὲν
3166 5228 3233 5296 τῇ
3287 5221 3561 5296 μετανοίᾳ,
3591 5220 3765 5306 προσεεῗ

692 5327 795 5381 que
819 5313 1177 5386 quadraginta
1223 5317 1339 5374 dies
1382 5317 1610 5391 injungi,
1641 5329 1696 5376 et
1717 5321 1796 5376 sic
1838 5322 2068 5377 admitti.
2103 5301 2234 5377 Nota

2223 5339 2235 5376 I
2345 5321 2578 5391 μηθῆναι
2611 5321 2701 5374 καὶ
2725 5321 2914 5393 ἐτέρας
2953 5316 3365 5389 τεσσαράκοντα
3391 5313 3607 5384 ἡμέρας,
3636 5301 3707 5354 καὶ
3725 5301 3765 5345 oi

695 5415 983 5478 plmsentes
1006 5422 1264 5475 canones,
1308 5409 1402 5490 qui
1433 5411 1582 5478 varia
1615 5414 1859 5496 quaedam
1889 5423 1942 5476 et
1970 5413 2120 5468 utilia
2146 5415 2237 5480 de-

2219 5442 2240 5455 -
2344 5411 2612 5492 δεχθῆναι.
2642 5413 2714 5484 Ση
2725 5413 2951 5483 μεζωσαι
2977 5411 3101 5474 τοὺς
3130 5408 3409 5481 παρόντας
3431 5403 3640 5460 κανόνας
3660 5393 3761 5458 διορε

798 5571 822 5602 ι
846 5559 1037 5624 Matth.
1063 5577 1138 5627 tv,
1173 5562 1260 5622 i0.

1955 5677 2188 5732 VARUE
2221 5676 2620 5736 LECTIONES.

794 5804 816 5849 ι
846 5801 1192 5880 ἀνηκέστους.
1273 5807 1312 5840 ι’
1347 5807 1764 5887 προδιδομένοις.
1838 5816 1857 5847 ³
1881 5813 2287 5888 ἀπιμάχεσθαι.
2365 5818 2405 5849 ³⁸
2432 5813 2630 5876 αὐτῶν.
2706 5816 2770 5846 ’“
2805 5813 3168 5888 ἐντονώτερον.
3239 5812 3331 5842 "”
3365 5806 3654 5878 λεγόμενονσ
