3956 6198
234 255 334 310 ιεθ

1450 253 1785 312 EPISTOLA
1825 252 2191 311 CANO‘NICA.

3363 261 3467 318 ΠΟ

237 367 434 442 μένους
479 365 709 437 διάφορά
743 383 865 420 τινα
889 367 982 419 καὶ
1002 367 1292 435 ἀναγκαῖα,
1317 365 1474 438 χάριν
1506 366 1614 420 τῶν
1640 368 1804 439 ἀρνη-

1915 366 2109 421 ﬁniunt
2133 367 2189 422 in
2218 365 2446 438 gratiam
2471 381 2659 423 eorum
2695 367 2788 439 qui
2838 365 3009 424 Deum
3037 369 3394 442 abnegarunt,
3414 383 3469 430 et

236 461 438 516 σιθέων
463 457 759 530 ζητούντων
807 459 1113 528 μετάνοιαν,
1150 459 1246 512 καὶ
1284 460 1411 530 περί
1440 459 1544 512 τῶν
1574 460 1804 530 αὐτομο-

234 552 518 624 λησάντων
561 552 640 613 είς
696 549 756 603 τὺ
791 549 1084 624 μαρτύριον
1113 551 1206 604 καὶ
1238 551 1686 614 ἐκπεπτωκότων,
1713 551 1806 604 καὶ

238 644 401 700 πάλιν
448 641 892 714 ὁμολογησάντων
948 641 1045 713 τὴν
1094 643 1294 706 πίστιν,
1333 643 1428 696 καὶ
1463 645 1590 714 περὶ
1632 643 1805 698 ἄλλων

234 733 398 786 τινῶν
455 730 732 784 τοιούτων.
785 732 945 799 Ζήτει
978 731 1288 800 ἀναγκαίως
1315 732 1407 786 καὶ
1439 733 1563 796 τοὺς
1593 731 1806 796 πλείους

230 826 464 890 κανόνας
490 825 592 894 τῆς
616 827 674 878 ἐν
718 823 962 896 Ἀγκύρᾳ
991 824 1227 879 συνόδου.

296 917 550 975 ΖΩΝΔΡ.
597 917 898 988 Διαιρέσεις
938 919 1224 972 ποιεῖταιὸ
1261 919 1415 987 ἅγιος
1449 911 1602 982 οὗτος
1621 918 1807 990 Πατὴρ

227 1012 337 1066 τῶν
369 1013 429 1066 ἐν
486 1011 744 1082 διωγμοῖς
791 1011 1184 1082 ἀρνησαμένων
1234 1011 1332 1082 τὴν
1382 1012 1564 1067 πίστιν
1593 1015 1691 1082 τὴν
1730 1013 1807 1064 oi-

228 1102 406 1166 κείαν,
441 1103 536 1156 καί
582 1119 764 1172 φησιν,
795 1104 876 1156 ὅτι
918 1107 1029 1167 τοῖς
1061 1101 1270 1174 ἀχθεῖσι
1309 1103 1444 1174 πρὸς
1465 1105 1589 1168 τοὺς
1611 1105 1807 1176 τυράν-

229 1215 372 1262 νους,
402 1199 501 1250 καὶ
524 1198 603 1260 είς
628 1196 872 1268 φυλακὴν
903 1199 927 1250 ἐ
934 1196 1238 1273 μΰληθεῖσι,
1259 1197 1517 1268 βασάνους
1541 1216 1596 1252 τε
1619 1198 1809 1269 ἀνηκέ-

232 1305 386 1352 στους
408 1287 872 1360 ὑπομεμενηκόσι,
898 1288 995 1341 καὶ
1024 1289 1361 1360 ἀφρονήτους
1384 1287 1447 1358 (f.
1482 1287 1806 1361 ἀφορήτους)

231 1380 525 1451 μάστιγας,
543 1378 635 1432 καὶ
659 1378 840 1449 σχεδὸν
859 1379 1107 1442 ἀνιάτους
1131 1381 1224 1433 καὶ
1239 1379 1637 1452 ἀθεραπεύτους
1660 1380 1807 1450 (ἄκος

227 1472 336 1542 γὰρ
363 1473 399 1542 ἡ
425 1470 688 1542 Θεραπεία
715 1471 849 1532 ἐστὶ,
875 1470 968 1524 καὶ
995 1471 1288 1538 ἀνήκεστον
1307 1471 1367 1524 τὸ
1397 1471 1805 1543 ἀθεράπευτον),

225 1567 324 1619 καὶ
339 1564 506 1627 ἄλλας
528 1563 788 1632 ἀνάγκας,
807 1563 902 1616 καὶ
926 1563 1064 1634 μετά
1088 1563 1256 1617 ταῦτα
1285 1563 1590 1633 ὑποκύψασι
1611 1564 1703 1618 καὶ
1725 1563 1810 1616 θύ-

229 1673 410 1717 σασιν,
436 1655 512 1719 ὡς
548 1655 651 1708 ὑπὸ
683 1655 780 1726 τῆς
806 1653 1086 1718 ἀσθενείας
1109 1655 1208 1726 τῆς
1237 1655 1434 1726 σαρκὸς
1479 1655 1804 1730 προδοθεῖσι,

1907 459 2278 528 paenitentiam
2301 466 2512 530 petunt,
2543 468 2596 516 et
2619 461 2685 516 de
2717 463 2782 517 iis
2815 463 2906 534 qui
2937 462 3006 518 ad
3035 465 3351 536 martyrium
3388 467 3470 520 ul-

1908 562 1990 608 tro
2022 553 2370 621 advolarunt,
2403 563 2456 610 et
2486 556 2624 626 lapsi
2664 564 2813 623 sunt,
2846 565 2899 613 et
2928 573 3122 614 rursus
3151 559 3308 616 ﬁdem
3340 572 3470 617 sunt

1905 643 2165 710 confessi,
2188 653 2242 700 et
2277 645 2343 700 de
2394 647 2517 701 aliis
2567 648 2889 718 quihusdam
2935 650 3227 719 ejusmodi.
3280 650 3471 718 Quaere

1907 739 2068 793 etiam
2099 755 2209 793 non
2251 741 2457 811 absque
2488 738 2667 795 fructu
2698 741 2962 812 plurimos
2995 758 3233 800 canones
3275 747 3470 818 synodi

1908 828 2231 902 Ancyranw.

1979 922 2180 978 ZONAR.
2217 923 2364 978 Inter
2387 939 2480 986 eos
2498 926 2590 995 qui
2619 925 2947 982 turbulentis
2974 927 3309 998 temporibus
3345 945 3472 1000 pro-

1907 1015 2080 1085 priam
2116 1013 2271 1069 ﬁdem
2303 1016 2970 1086 abnegarunt,discrimen
2995 1027 3218 1074 sanctus
3244 1021 3333 1076 hic
3368 1020 3473 1076 Pa-

1909 1117 1992 1163 ter
2032 1107 2245 1170 statuit,
2289 1108 2492 1178 aitque,
2524 1108 2616 1178 qui
2650 1109 2716 1162 ad
2747 1117 3008 1181 tyrannos
3048 1112 3127 1166 rei
3171 1113 3279 1167 acti
3320 1125 3467 1180 sunt,

1909 1215 1973 1254 ac
1997 1201 2053 1254 in
2082 1199 2300 1254 vincula
2335 1200 2590 1269 conjecti,
2628 1209 3002 1273 tormentaque
3035 1205 3354 1273 gravissima
3375 1207 3471 1262 ﬁa-

1910 1293 2156 1364 gellaque
2192 1293 2335 1346 haud
2366 1293 2693 1357 tolerabilia,
2727 1310 2953 1365 quaeque
2989 1297 3135 1350 nulla
3181 1315 3470 1370 propemo-

1908 1381 2037 1436 dum
2068 1397 2221 1446 cura,
2255 1391 2348 1436 aut
2374 1381 2642 1437 medicina
2675 1383 2855 1437 sanari
2891 1392 3112 1453 possent
3143 1384 3292 1455 (ἄκος
3317 1403 3475 1442 nam~

1907 1490 2014 1546 que
2055 1476 2379 1528 curationem
2421 1473 2725 1544 significat,
2771 1483 2962 1546 estque
2999 1477 3294 1547 ἀνήκεστον
3329 1481 3469 1535 idem

1907 1565 2051 1637 quod
2074 1564 2501 1633 immedicabile),
2533 1566 2776 1636 aliasque
2807 1568 3163 1624 necessitates
3197 1570 3472 1626 sustinue-

1909 1665 2076 1722 runt;
2113 1670 2175 1710 ac
2204 1662 2390 1725 postea
2420 1656 2840 1712 succumbentes
2875 1657 3247 1723 immolarunt,
3280 1660 3472 1714 veluta

228 1750 304 1820 μὴ
356 1748 680 1820 δυνηθείσης
727 1748 888 1819 μέχρι
928 1747 1112 1811 τέλους
1142 1749 1540 1820 ἐγκαρτερῆσαι
1566 1753 1675 1814 τοῖς
1709 1749 1804 1803 ἀλ-

1911 1749 2089 1804 carnis
2129 1747 2500 1802 imbecillitate
2543 1747 2766 1819 proditi,
2813 1765 2932 1819 qua:
2970 1749 3036 1804 ad
3093 1750 3251 1806 ﬁnem
3301 1768 3473 1822 usque

223 1843 447 1909 γεινοίς,
482 1841 686 1912 ἀρκεϊὸ
718 1838 999 1910 παρελθὼν
1031 1839 1218 1911 χρόνος
1240 1841 1317 1904 είς
1344 1841 1682 1914 ἐπιτίμησιν.
1707 1842 1806 1895 Τέ-

196 1984 198 1987 .
223 1947 429 2002 ταρτον
457 1931 565 2003 γάρ
588 1947 749 2002 φησιν
779 1931 881 2001 ἤδη
928 1931 1116 2001 Πάσχα
1144 1932 1563 2004 ἐπικατείληφεν
1582 1974 1596 1997 ,
1620 1933 1800 2000 ἐξότου

226 2023 553 2077 πεπτώκασι
595 2024 693 2095 τὴν
747 2023 1005 2094 μεγίστην
1056 2022 1280 2079 πτῶσιν.
1320 2026 1427 2078 Καὶ
1454 2027 1502 2078 εἰ
1544 2026 1684 2096 τάχα
1714 2028 1807 2080 καὶ

225 2114 288 2178 ἐξ
310 2113 513 2186 ἀρχῆς,
543 2114 632 2166 ὅτε
659 2111 958 2183 προσῆλθον
990 2111 1436 2183 μεταμελόμενοι,
1457 2115 1554 2166 οὐκ
1583 2113 1806 2184 ἐδέχθη-

227 2223 360 2270 σαν,
393 2208 542 2278 ὅμως
579 2208 660 2260 ὅτι
688 2207 747 2260 οὐ
783 2207 923 2261 κατά
980 2208 1296 2280 προαίρεσιν
1319 2201 1483 2277 ἦλθον
1516 2207 1596 2270 εἰς
1623 2207 1682 2259 τὸ
1715 2205 1807 2259 θῦ-

229 2311 344 2360 σαι,
381 2297 477 2350 καὶ
507 2297 840 2366 ἀντέστησαν
863 2297 1114 2361 ἐπιπολὺ,
1146 2297 1240 2351 καὶ
1275 2296 1548 2366 στίγματα
1578 2295 1670 2350 τοῦ
1707 2297 1808 2368 Ἰη-

229 2387 350 2450 σοῧ,
379 2388 544 2459 ῆγουν
585 2387 854 2458 μώλωπας
880 2388 988 2441 τῶν
1011 2389 1362 2460 τραυμάτων,
1396 2381 1469 2441 ὧν
1499 2388 1806 2460 ὑπέστησαν

231 2483 373 2554 ὑπὲρ
400 2481 496 2536 τοῦ
523 2482 782 2554 Χριστοῦ,
813 2481 1016 2554 έχουσι,
1052 2484 1145 2538 καὶ
1178 2484 1277 2556 ἤδη
1305 2483 1484 2557 τρίτον
1516 2484 1633 2548 ἔτος
1663 2503 1805 2558 παρ-

233 2573 397 2644 ῆλθεν
425 2573 766 2629 πενθούντων
800 2575 976 2629 αὐτῶν
1007 2575 1094 2630 διὰ
1117 2576 1212 2648 τὴν
1243 2576 1468 2640 πτῶσιν,
1489 2593 1803 2647 προσεπιτι-

242 2665 477 2737 μηθῆναι
523 2665 740 2737 ὥρισεν,
776 2667 896 2720 ἀντὶ
920 2668 1036 2730 τοῦ,
1083 2669 1174 2721 ἐπὶ
1213 2669 1370 2722 πλέον
1396 2668 1802 2739 ἐπιτιμηθῆναι,

237 2759 396 2823 ἄλλας
471 2757 880 2830 τεσσαράκοντα
949 2759 1160 2831 ἡμέρας
1248 2759 1430 2824 ὲξότου
1502 2759 1804 2830 προσῆλθον

239 2849 526 2920 ζητοῦντες
581 2849 872 2922 δεχθῆναισ
914 2852 972 2904 ἐν
1017 2846 1104 2916 αἷς
1164 2853 1254 2906 ἐπὶ
1303 2852 1461 2907 πλέον
1501 2852 1804 2923 γυμνασίαν

237 2942 622 3009 ἐπιδείξαντες,
647 2945 738 2997 καὶ
763 2943 1119 3015 εὐτονώτερον
1140 2943 1423 3016 νήψαντες,
1446 2945 1612 3014 ἤγουν
1642 2961 1806 2997 σπου-

234 3033 510 3106 δαιότερον
567 3036 892 3106 προσχόντες
952 3037 1183 3100 ἑαυτοῖς,
1241 3037 1675 3107 γρηγορήσουσιν
1723 3038 1801 3100 είς

233 3127 544 3198 προσευχὰς
568 3167 582 3191 ,
635 3128 1139 3199 καταμελετῶντες,
1204 3129 1368 3200 ἡγουν
1450 3129 1687 3200 συνεχῶς
1744 3131 1799 3182 ἐν

224 3217 472 3289 φροντίδι
523 3218 854 3289 ποιούμενοι,
885 3219 980 3274 καὶ
1021 3218 1285 3284 λέγοντες,
1311 3221 1346 3274 ἀ
1371 3223 1398 3273 ὁ
1432 3220 1632 3292 Κύριος
1666 3220 1799 3292 πρὸς

223 3309 318 3362 τὸν
339 3310 671 3384 πειράζοντα
709 3306 879 3363 εἶπεν·
913 3310 1128 3380 Ὕπαγε
1150 3312 1340 3366 ὀπίσω
1361 3330 1499 3381 μου,
1529 3311 1758 3368 Σατανᾶ
1781 3330 1796 3344 °

226 3397 552 3468 τέτραπται
578 3399 722 3469 γάρ·
761 3402 977 3468 Κύριον
1004 3402 1110 3454 τὸν
1139 3404 1287 3456 Θεόν
1317 3419 1432 3457 σου
1468 3403 1802 3472 προσκυνήσ

226 3508 384 3558 σεις,
417 3491 515 3545 καὶ
543 3489 702 3556 αὐτῷ
726 3492 891 3562 μόνῳ
919 3493 1285 3562 λατρεύσεις.

845 3679 1082 3733 ΚΑΝΩΝ
1110 3679 1184 3732 B’.

306 3788 326 3820 ι
376 3769 503 3834 Τοῖς
525 3771 583 3824 δὲ
613 3771 749 3842 μετά
777 3771 837 3824 τὸ
870 3772 1262 3843 φυλακισθῆναι
1307 3774 1464 3838 μόνον
1499 3774 1518 3805 ³
1542 3773 1635 3827 καὶ
1667 3774 1800 3827 ὑπο-

233 3879 256 3910 ι
291 3863 661 3933 μεμενηκέναι
702 3863 801 3926 τὰς
826 3865 883 3916 ἐν
915 3863 990 3934 τῷ
1024 3865 1398 3937 δεσμωτηρίῳ,
1431 3865 1506 3930 ὡς
1530 3864 1594 3918 ἂν
1624 3869 1680 3919 ἐν
1705 3885 1800 3920 πο-

233 3967 256 4001 ι
292 3950 535 4023 λιορκίᾳ,
604 3952 810 4022 θλίψεις
865 3971 922 4007 τε
977 3956 1070 4008 καὶ
1125 3955 1412 4020 δυσωδίας,
1471 3957 1694 4030 ὕστερον
1746 3959 1802 4012 δὲ

234 4061 257 4094 ε
295 4043 472 4114 χωρὶς
493 4044 727 4115 πολέμου
756 4045 1000 4116 βασάνων
1019 4048 1327 4119 γενομένοις
1348 4051 1390 4082 ³’
1417 4051 1800 4122 αἰχμαλώτοις,

236 4153 257 4185 ι
292 4135 441 4190 κατά
492 4137 688 4208 πολλὴν
744 4140 1010 4210 πτωχείαν
1047 4140 1346 4212 δυνάμεως,
1377 4144 1468 4196 καὶ
1505 4144 1646 4198 κατά
1687 4163 1803 4198 τινα

237 4245 254 4277 ι
294 4226 607 4298 τυφλότητα
682 4229 1133 4301 τεθραυσμένοις,
1202 4233 1492 4304 ἐπαρκέσει
1561 4236 1803 4300 ἐνιαυτὸς

232 4337 252 4370 ι
295 4318 438 4388 πρὸς
485 4318 562 4389 τῷ
605 4321 773 4392 ἑτέρῳ
804 4322 1007 4393 χρόνῳ·
1053 4322 1172 4374 ἐπεὶ
1209 4323 1344 4388 ὅλως
1381 4325 1472 4378 καὶ
1502 4326 1654 4379 αὐτοὶ
1683 4327 1803 4378 ἐπι-

228 4430 248 4463 (
285 4409 590 4464 δεδώκασιν
645 4414 869 4478 ἑαυτοὺς
918 4415 1059 4486 ὑπὲρ
1084 4413 1176 4467 τοῦ
1235 4416 1494 4486 ὀνόματος
1532 4417 1624 4471 τοῦ
1667 4420 1802 4490 Χρι-
1836 4449 1882 4508 D

229 4523 250 4556 ι
291 4503 426 4558 στοῦ
457 4504 477 4535 ⁵
503 4503 776 4574 θλιϐἧναι·
824 4508 872 4560 εί
913 4508 1008 4561 καὶ
1045 4506 1353 4560 ἀπέλαυσαν
1403 4509 1460 4560 ἐν
1501 4509 1576 4580 τῷ
1598 4509 1805 4580 δεσμω-

230 4617 248 4648 ι
289 4597 470 4668 τηρίῳ
507 4599 606 4666 τῆς
656 4597 804 4669 παρά
859 4599 967 4652 τῶν
1017 4599 1259 4669 ἀδελφῶν
1315 4599 1517 4672 πολλῆς
1562 4601 1806 4656 ἀναπαύ-

231 4709 254 4742 σ
294 4705 458 4754 σεως.
485 4691 662 4763 ’Λπερ
695 4691 1128 4746 πολλαπλασίονα
1171 4693 1540 4760 ἀποδώσουσι,
1583 4694 1808 4749 ποθοῦν-

236 4800 258 4832 (
301 4798 394 4845 τες
446 4779 783 4854 λυτρωθῆναι
830 4784 938 4838 ἀπὸ
989 4785 1088 4854 τῆς
1141 4787 1472 4858 πικροτάτης
1527 4787 1804 4857 αἰχμαλω-

234 4894 257 4927 ι
302 4874 428 4939 σίας
448 4874 543 4928 τοῦ
567 4875 833 4939 διαὸόλου,
877 4879 1207 4948 μεμνημένοι
1244 4879 1476 4950 μάλιστα
1501 4880 1592 4934 τοῦ
1617 4881 1802 4950 λέγον-

233 4986 257 5022 ι
298 4982 413 5032 τοςο
436 4969 676 5039 Πνεῦμα
705 4970 814 5023 τοῦ
837 4969 880 5002 δ’
907 4973 1127 5038 Kvplov
1149 4973 1240 5026 ἐπ’
1265 4974 1390 5042 ἐμὲ,
1416 4969 1489 5030 οὗ
1513 4974 1718 5028 ἕνεκεν
1737 4978 1804 5005 ’δ”

236 5079 259 5110 ι
299 5057 511 5129 ἐχρισέ
526 5077 602 5127 με
625 5077 638 5090 ’
665 5061 1166 5130 εὐαγγελίσασθαι
1183 5064 1438 5132 πτωχοῖς
1463 5064 1805 5119 ἀπέσταικέ

236 5167 258 5200 ι
293 5166 396 5218 με,
427 5149 678 5217 κηρύξαι
719 5149 1113 5219 αἰχμαλώτοις
1151 5151 1389 5222 ἄφεσιν,
1426 5155 1524 5211 καὶ
1555 5155 1804 5225 τυφλοῖς

234 5255 259 5291 ε
297 5235 656 5307 ἀνάϐλεψιν,
683 5240 1033 5294 ἀποστεῖλαι
1063 5238 1539 5312 τεθραυσμένους
1565 5245 1635 5298 ἐν
1661 5244 1805 5314 ἀφέ-

1908 1839 2178 1893 obdurare
2221 1839 2277 1892 in
2325 1839 2608 1894 doloribus
2662 1838 2806 1893 haud
2856 1841 3114 1910 potuerit,
3148 1841 3214 1898 iis
3257 1843 3474 1898 mulctaa

1909 1931 2129 1985 nomine
2175 1930 2467 1986 decursum
2516 1931 2630 2002 jam
2664 1939 2879 2000 tempus
2915 1931 3177 1989 sullicere.
3207 1932 3471 1999 Quartum

1909 2024 2201 2094 siquidem,
2237 2024 2433 2094 inquit,
2470 2024 2678 2079 Pascha
2707 2023 2820 2092 jam
2851 2031 3102 2080 exactum
3149 2035 3251 2091 est,
3275 2041 3341 2080 ex
3364 2041 3472 2096 quo

1908 2116 1964 2171 in
1989 2117 2370 2188 gravissimum
2408 2117 2552 2170 hunc
2603 2117 2843 2171 incidere
2897 2131 3108 2172 casum.
3147 2117 3224 2171 Ac
3259 2119 3473 2173 etiamsi

1907 2207 2048 2264 forte
2080 2208 2236 2262 initio
2269 2223 2392 2262 cum
2424 2207 2748 2277 pmnitentia
2777 2207 2924 2262 ducti
2961 2215 3333 2272 accesserunt,
3363 2223 3473 2261 non

1907 2308 2036 2357 sunt
2065 2300 2327 2371 suscepti,
2363 2307 2545 2354 tamen
2581 2299 2708 2370 quia
2756 2313 2866 2353 non
2918 2305 3113 2368 sponte
3157 2312 3474 2369 processere

1907 2389 1976 2444 ad
2019 2391 2411 2446 immolandum
2441 2390 2645 2461 diuque
2689 2399 3076 2460 repugnarunt,
3122 2404 3186 2444 ac
3219 2391 3472 2461 stigmata

1905 2485 2055 2548 Jesu,
2084 2485 2370 2540 vulnerum
2396 2499 2589 2554 nempe
2628 2499 2748 2554 qua:
2778 2499 2876 2554 pro
2909 2482 3127 2538 Christo
3159 2485 3470 2539 sustinuere

1905 2575 2189 2631 cicatrices
2219 2583 2412 2646 gerunt
2438 2594 2450 2629 :
2485 2575 2787 2644 tertiusque
2810 2574 2922 2644 jam
2955 2573 3160 2629 ellluxit
3190 2588 3364 2630 annus
3402 2591 3472 2630 ex

1904 2684 2013 2739 quo
2041 2667 2226 2737 lugent
2257 2667 2469 2738 lapsum
2499 2667 2672 2730 illum,
2695 2667 2918 2736 insuper
2940 2666 3213 2730 mulctari,
3241 2666 3343 2721 hoc
3367 2678 3470 2730 est,

1905 2759 2042 2814 alios
2060 2759 2238 2814 adhuc
2263 2756 2623 2829 quadraginta
2655 2757 2772 2813 dies
2804 2773 2870 2812 ex
2897 2771 3004 2827 quo
3035 2757 3102 2810 ad
3133 2756 3472 2810 communio-

1905 2866 2028 2906 nem
2065 2850 2276 2904 admitti
2324 2850 2664 2920 postulantes
2709 2855 3091 2912 accesserunt,
3122 2847 3339 2902 mulctaa
3369 2861 3468 2900 no-

1904 2941 2052 2996 mine
2082 2940 2448 3012 injungendos
2469 2957 2589 2997 esse
2609 2940 2874 2996 decernit.
2899 2938 2956 2994 In
2986 2939 3185 3011 quibus
3207 2931 3470 3009 majorem

1907 3033 2083 3086 adhuc
2127 3032 2477 3088 ostendentes
2526 3032 2852 3103 poenitentia:
2891 3031 3358 3098 exercitationem,
3417 3037 3471 3082 et

1905 3124 2190 3190 intentius,
2226 3125 2329 3180 hoc
2371 3131 2476 3188 est,
2514 3124 2802 3178 attentiore
2844 3136 2977 3178 cura
3023 3121 3356 3192 jejunantes,
3383 3130 3469 3174 at-

1906 3215 2189 3272 tendentes
2220 3215 2841 3285 sibimetipsis,vigilent
2875 3212 2930 3267 in
2962 3211 3323 3278 orationibus,
3355 3227 3470 3265 mc-

1904 3311 2162 3376 ditantes,
2195 3307 2299 3363 hoc
2351 3315 2434 3363 est
2468 3307 2649 3360 animo
2685 3315 2944 3376 perpetuo
2975 3315 3278 3370 versantes,
3309 3319 3470 3361 voce-

1903 3419 2010 3476 que
2034 3409 2366 3471 usurpantes
2400 3413 2520 3469 qua:
2551 3397 2816 3452 Dominus
2845 3396 2912 3451 ad
2943 3405 3264 3452 tentatorem
3291 3397 3422 3451 dixit
3450 3415 3464 3452 :

1905 3495 2004 3549 Abi
2035 3510 2164 3564 pone
2195 3510 2294 3557 me,
2338 3490 2585 3555 Satana;
2622 3490 2870 3558 scriptum
2896 3497 2972 3542 est
3001 3489 3468 3544 enim:Dominum

1905 3588 2074 3644 Deum
2105 3597 2250 3640 tuum
2273 3583 2544 3649 adorabis,
2573 3592 2621 3636 et
2647 3568 2728 3636 illi
2754 3582 2855 3658 soli
2884 3580 3094 3636 servies.

2515 3673 2745 3730 CANON
2784 3672 2848 3728 ll.

1980 3790 2002 3824 ε
2043 3770 2113 3827 lis
2142 3783 2320 3826 autem
2365 3768 2459 3840 qui
2505 3777 2792 3839 postquam
2840 3767 2897 3820 in
2935 3765 3237 3821 custodiam
3288 3763 3469 3818 traditi

1912 3884 1930 3917 ι
1980 3875 2128 3932 sunt,
2157 3872 2210 3920 et
2244 3865 2299 3918 in
2331 3877 2571 3926 carcere,
2623 3867 2878 3931 tanquam
2931 3861 2986 3914 in
3037 3859 3341 3922 obsidione,
3387 3857 3470 3911 af-

1913 3973 1932 4007 (
1980 3953 2248 4008 ﬂictiones
2279 3967 2581 4024 gravesque
2622 3949 2821 4006 fetores
2870 3949 3016 4021 passi
3073 3957 3230 4016 sunt;
3281 3957 3470 4019 postea

1911 4065 1931 4098 ι
1978 4053 2162 4100 autem
2196 4045 2313 4100 sine
2344 4044 2486 4099 bello
2512 4050 2909 4098 tormentorum
2940 4041 3143 4110 captivi
3167 4040 3296 4096 facti
3317 4047 3468 4104 sunt,

1912 4158 1932 4193 ι
1976 4138 2142 4194 nimia
2165 4138 2361 4192 virium
2385 4138 2566 4207 inopia
2587 4145 2640 4192 et
2663 4133 2898 4206 quadam
2919 4135 3164 4190 caecitate
3181 4134 3466 4201 confracti,

1911 4249 1930 4283 ι
1977 4246 2155 4286 annus
2183 4229 2252 4284 ad
2294 4229 2439 4285 aliud
2481 4237 2698 4299 tempus
2728 4227 3006 4300 injunctus
3041 4226 3270 4282 suﬂiciet
3302 4246 3314 4281 :
3344 4243 3470 4281 nam

1913 4343 1932 4375 ι
1981 4324 2085 4394 ipsi
2108 4338 2325 4394 quoque
2354 4337 2414 4378 se
2449 4323 2673 4378 omnino
2700 4336 2798 4392 pro
2830 4318 3052 4376 nomine
3103 4318 3306 4373 Christi
3336 4318 3472 4372 allii-

1913 4431 1932 4464 i
1974 4411 2180 4484 gendos
2218 4411 2458 4468 dedere:
2503 4413 2549 4467 si
2582 4413 2746 4467 etiam
2777 4427 2808 4465 a
2855 4411 3115 4466 fratribus
3158 4410 3214 4464 in
3253 4425 3473 4466 carcere

1913 4523 1933 4558 ι
1979 4506 2203 4559 multam
2226 4503 2652 4560 consolationem
2698 4503 2934 4560 assecuti
2986 4509 3132 4557 sunt.
3187 4500 3318 4568 Quae
3350 4503 3473 4572 qui-

1914 4617 1933 4649 ‹
1981 4598 2103 4654 dem
2135 4597 2496 4669 multiplicata
2533 4597 2794 4662 reddent,
2828 4596 3049 4651 liberari
3095 4596 3378 4666 cupientes
3403 4595 3474 4651 ab

1913 4711 1932 4744 ι
1979 4691 2334 4747 acerbissima
2357 4691 2673 4763 captivitate
2700 4689 2924 4755 diaboli,
2960 4689 3080 4760 ejus
3121 4689 3353 4743 maxime
3387 4703 3473 4742 re-

1915 4801 1934 4836 i
1981 4782 2271 4839 cordantes
2302 4784 2395 4854 qui
2432 4765 2564 4838 dicit
2597 4801 2610 4836 :
2648 4780 2881 4851 Spiritus
2927 4779 3141 4834 Domini
3182 4794 3337 4848 super
3367 4795 3468 4844 me,

1912 4893 1930 4926 ι
1977 4891 2136 4945 quam
2181 4873 2244 4928 ob
2275 4890 2493 4929 causam
2523 4879 2675 4926 unxit
2719 4889 2799 4926 me
2830 4887 2848 4925 :
2878 4881 2935 4924 ut
2966 4869 3282 4940 pauperibus
3311 4886 3472 4924 evan-

1913 4985 1932 5017 ι
1977 4967 2259 5038 gelizarem
2288 4965 2429 5019 misit
2464 4981 2563 5029 me,
2598 4972 2646 5016 et
2685 4963 3056 5016 annuntiarem
3093 4961 3310 5030 captivis
3345 4960 3474 5016 liba-

1912 5078 1931 5112 ‹
1981 5059 2257 5123 rationem,
2292 5068 2340 5111 et
2372 5057 2522 5112 circis
2551 5057 2691 5110 visus
2728 5056 3194 5126 recuperationem,
3226 5062 3275 5108 et
3299 5054 3474 5112 mitte-

1915 5171 1933 5204 ι
1977 5168 2085 5205 rem
2139 5151 2336 5220 fractos
2395 5149 2450 5202 in
2501 5148 2882 5212 remissionem,
2937 5147 3224 5213 praedicare
3274 5160 3469 5208 annum

1916 5263 1934 5295 ι
1983 5243 2197 5298 Domini
2229 5241 2621 5310 acceptabilem,
2646 5249 2694 5296 et
2717 5241 2854 5296 diem
2891 5241 3245 5301 retributionis
3270 5252 3318 5296 ι.
3351 5258 3372 5296 t

235 5348 255 5381 ι
293 5346 417 5394 σει,
451 5332 702 5399 κηρύξαι
727 5333 1003 5388 ἐνιαυτὸν
1029 5338 1248 5404 Κυρίου
1276 5338 1509 5405 δεκτόν,
1542 5343 1637 5396 καὶ
1669 5339 1896 5410 ἡμέραν
1912 5340 2388 5405 ἀνταποδόσεως.
2417 5359 2435 5391 ι

303 5499 331 5526 ι
368 5484 483 5542 Ita.
515 5504 628 5554 ut,
665 5491 803 5560 1,2;
829 5489 958 5547 Luc.
991 5507 1063 5556 tv,
1103 5493 1191 5559 18,
1226 5495 1310 5550 19.

1481 5608 1562 5663 VA
1572 5606 1711 5664 [{le
1750 5603 2148 5662 LECTIONES.

338 5745 363 5775 ⁸
387 5746 546 5813 μόνον
570 5761 677 5802 om.
751 5749 792 5780 ³⁸
825 5749 1148 5818 γενομένων.
1226 5751 1246 5782 θ
1276 5750 1368 5804 τοῦ
1401 5749 1632 5820 Χριστοῦ
1662 5765 1770 5806 om.
1849 5749 1890 5781 δ’
1923 5749 2016 5802 τοῦ
2047 5764 2156 5805 om.

2235 5739 2300 5772 ⁸⁸⁸
2324 5748 2549 5805 εἵνεκεν.
