3906 6194
638 302 736 364 ιτι

1659 289 1716 347 S.
1749 282 1951 346 PETRI
1991 286 2457 345 ALEXANDRINI
2498 284 2803 341 EPISCOPI

3658 293 3736 346 ΗΞ

706 414 869 474 Bue.
896 410 995 466 Hic
1018 423 1193 464 canon
1222 407 1413 462 statuit
1442 413 1501 461 ut
1529 405 1622 477 qui
1648 405 1702 459 in
1734 403 1981 459 custodia
2013 402 2174 458 solun

2360 400 2550 453 ΒΑΛΣ.
2584 391 2751 463 Οὗτος
2777 400 2806 453 ό
2824 396 3000 451 κανὼν
3024 395 3359 469 διαλαμϐάνει
3384 400 3493 463 τοὺς
3523 401 3652 471 μόνον
3666 424 3738 461 κα-

633 507 775 569 male
802 502 977 559 allecti
1008 507 1158 567 sunt,
1190 510 1242 556 et
1264 500 1383 554 sine
1404 496 1690 553 tormentis
1715 496 1854 567 lapsi
1884 503 2030 563 sunt,
2065 506 2188 566 post

632 593 922 657 triennium
958 589 1098 647 alius
1129 602 1344 662 quoque
1380 585 1511 641 anui
1561 599 1722 656 pmna
1783 584 2097 656 puniantur.
2129 580 2188 638 Si

630 685 772 741 forte
799 679 1178 751 enim.inquit,
1204 675 1630 732 consolationem
1660 674 1900 730 assecuti
1929 682 2078 737 sunt,
2100 681 2188 727 ut-

630 778 756 846 pote
784 770 1059 841 aliquibus
1093 767 1336 839 ﬁdelibus
1363 765 1486 820 vita:
1509 764 1756 820 subsidia
1796 763 2188 835 suppeditanti-

628 865 751 927 bus,
780 862 816 917 ii
850 876 1065 932 quoque
1096 859 1295 915 debent
1325 858 1537 915 veniam
1565 855 1828 920 obtin‘ere,
1862 855 2034 928 utqui
2062 871 2187 928 gra-

626 955 712 1016 via
736 970 836 1029 pro
868 953 971 1010 ﬁde
997 952 1145 1024 passi
1179 958 1325 1007 sunt.
1662 946 1681 967 ⁶

698 1157 902 1216 Zona.
943 1154 1002 1211 ιο
1036 1152 1279 1214 secundo
1311 1152 1504 1208 ordine
1535 1166 1630 1207 eos
1651 1150 1794 1206 locat
1818 1150 1911 1222 qui
1944 1157 2184 1205 tantum-

624 1249 788 1305 modo
819 1250 876 1304 in
905 1248 1121 1303 vincula
1155 1244 1587 1315 conjecti,atque
1616 1244 1670 1298 in
1694 1258 1915 1298 carcere
1938 1242 2077 1297 male
2110 1240 2187 1297 al-

628 1339 756 1402 lecti
791 1346 938 1403 sunt,
970 1347 1085 1392 tum
1119 1336 1284 1391 nullis
1310 1335 1490 1391 vexati
1530 1332 1863 1390 cruciatibus
1916 1346 2179 1402 peccave-

629 1440 789 1490 runt:
816 1430 1016 1500 quibus
1055 1437 1252 1501 praeter
1279 1426 1572 1483 decursum
1607 1432 1843 1494 tempus,
1886 1423 2181 1479 triennium

627 1522 878 1583 videlicet
922 1520 991 1577 de
1029 1535 1137 1592 quo
1187 1534 1353 1589 supra
1400 1518 1603 1573 dictum
1654 1525 1760 1582 est,
1798 1517 1927 1572 anni
1966 1530 2182 1586 quoque

626 1619 887 1689 praeterea
915 1611 1077 1667 unius
1107 1611 1363 1665 muletam
1399 1610 1627 1681 irrogari
1653 1610 1847 1680 placet.
1912 1606 2179 1674 Quoniam

624 1714 678 1779 et
708 1704 832 1777 ipsi,
866 1702 1061 1775 inquit,
1093 1717 1191 1773 pro
1222 1701 1423 1757 Christi
1469 1702 1689 1757 nomine
1732 1699 1967 1755 divexati
2017 1704 2177 1769 sunt;

623 1765 833 1855 etiamsi
861 1765 1000 1853 forte
1029 1765 1210 1850 solatii
1235 1792 1513 1865 quidpiam
1543 1792 1597 1847 in
1619 1807 1837 1847 carcere
1864 1806 1894 1845 a
1919 1765 2178 1845 fratribus
2212 1765 2252 1821 Β

622 1896 901 1945 consecuti
929 1895 1076 1945 sunt.
1111 1885 1400 1942 Probabile
1435 1886 1578 1941 enim
1600 1897 1683 1940 est
1714 1884 1918 1951 ﬁdeles,
1942 1884 2176 1954 quicun-

624 1996 730 2051 que
760 1979 910 2035 nulla
930 1977 1180 2034 custodia
1214 1977 1619 2041 detinebantur,
1651 1979 1707 2032 in
1748 1976 1964 2032 vincula
1992 1976 2180 2045 conje-

623 2070 728 2128 ctis
749 2070 876 2127 vitae
907 2068 1149 2125 subsidia
1194 2068 1568 2134 ministrasse,
1606 2068 1781 2137 iisque
1828 2065 2052 2137 proinde
2103 2066 2180 2119 le-

623 2162 858 2219 vationis
881 2159 1083 2231 aliquid
1108 2160 1378 2215 attulisse.
1403 2158 1533 2226 Qua:
1558 2157 1775 2229 quidem
1819 2155 2179 2226 multiplicata

623 2254 872 2316 reddent,
910 2267 1010 2324 pro
1036 2253 1106 2307 iis
1139 2250 1399 2306 nimirum
1434 2251 1634 2322 quibus
1667 2249 1720 2303 in
1749 2247 1997 2303 cuslodia
2029 2246 2178 2301 oble-

623 2347 754 2402 ctati
778 2353 925 2406 sunt,
952 2342 1328 2416 pcenitentiam
1363 2349 1583 2413 agentes
1614 2341 1889 2395 vexabunt
1916 2353 1974 2394 se
2005 2338 2175 2409 ipsos,

624 2450 691 2495 ac
740 2437 928 2492 multis
960 2434 1138 2491 modis
1163 2434 1524 2501 aﬂlictabunt;
1561 2434 1608 2488 si
1638 2449 1703 2487 ex
1734 2446 1800 2487 eo
1828 2430 1974 2501 quod
2015 2429 2175 2484 Chrio

497 2528 509 2540 '
616 2539 766 2586 stum
796 2529 1166 2598 abnegarunt,
1196 2541 1228 2579 a
1255 2524 1455 2580 diaboli
1486 2524 1796 2594 captivitate
1833 2521 2052 2576 liberari
2084 2535 2176 2575 ve-

625 2619 745 2682 lint,
776 2617 925 2672 illius
952 2615 1151 2686 captivi
1190 2623 1246 2671 et
1279 2615 1423 2670 servi
1457 2614 1606 2668 facti.
1647 2611 1880 2683 Subjicit
1904 2625 2028 2665 mox
2049 2623 2178 2680 pro-

624 2709 796 2787 phetae
824 2707 1009 2769 verba,
1040 2720 1160 2776 quae
1188 2715 1391 2763 suntex
1421 2706 1560 2760 lsaia
1589 2705 1924 2780 deprompta,
1945 2716 2174 2773 quorum

624 2797 937 2857 meminisse
963 2804 1213 2868 oportere
1234 2797 1383 2867 ipsos
1415 2794 1666 2853 alIirmat.

740 2898 743 2899 ⁷
1224 2885 1453 2942 CANON
1490 2887 1580 2943 Ill.

697 2998 717 3032 σ
762 2979 835 3037 lis
873 2985 1052 3034 autem
1093 2978 1187 3049 qui
1232 2978 1367 3032 nihil
1396 2977 1663 3048 ejusmodi
1710 2980 1856 3049 passi
1896 2987 2043 3047 sunt,
2074 2995 2175 3037 nec

628 3089 647 3127 ι
692 3070 811 3126 ﬁdei
853 3069 1089 3125 fructum
1136 3070 1523 3134 ostenderunt,
1553 3071 1648 3126 sed
1679 3071 1746 3126 ad
1786 3073 1976 3127 vitium
2031 3074 2174 3156 ultro
2199 3104 2245 3167 ε

622 3179 649 3222 σ
691 3159 1121 3233 transfugerunt,
1154 3175 1185 3215 a
1209 3170 1352 3214 metu
1381 3169 1435 3215 et
1457 3159 1744 3216 timiditate
1775 3152 2172 3232 proditi;nunc

628 3273 647 3310 ι
695 3259 875 3310 autem
908 3252 1132 3312 veniunt
1174 3250 1242 3307 ad
1279 3251 1676 3322 paenitentiam,
1711 3268 1936 3309 necesse
1987 3260 2073 3309 est
2114 3260 2172 3310 et

624 3366 646 3403 ι
688 3346 1017 3404 conveniens
1045 3343 1376 3415 infrugilerae
1426 3342 1560 3400 ﬁcus
1606 3345 1919 3415 parabolam
1967 3361 2171 3418 ιιι-ομο-

626 3460 645 3492 ι
691 3454 841 3503 nere,
893 3444 955 3493 ut
1001 3436 1261 3492 Dominus
1311 3434 1444 3491 dicit
1494 3453 1507 3489 :
1566 3435 1804 3490 Habebat
1857 3438 1971 3507 quis
2011 3437 2172 3505 ﬁcum

624 3550 643 3585 ο
688 3531 985 3601 plantatam
1009 3529 1066 3583 in
1093 3544 1190 3583 suo
1221 3527 1389 3583 vineta
1418 3545 1437 3584 :
1468 3538 1517 3584 et
1559 3530 1692 3585 venit
1733 3546 1969 3602 quaerens
2016 3530 2070 3584 in
2105 3547 2173 3585 ea

624 3644 644 3677 ι
686 3624 939 3695 fructum,
984 3630 1034 3678 et
1075 3637 1179 3679 non
1229 3622 1445 3680 invenit.
1490 3621 1639 3676 Dixit
1691 3632 1865 3676 autem
1906 3622 2169 3678 vinitori:

624 3734 644 3769 ι
688 3713 822 3769 Ecce
845 3723 948 3769 tres
978 3730 1164 3776 annos,
1208 3728 1273 3768 ea:
1309 3731 1410 3785 quo
1461 3731 1553 3785 ego
1610 3715 1755 3770 venio
1787 3730 2021 3783 quarens
2052 3714 2169 3786 fru-

622 3824 643 3858 ι
693 3814 834 3862 ctum
861 3807 916 3864 in
941 3805 1039 3860 hac
1080 3804 1205 3876 ﬁcit,
1245 3814 1293 3859 et
1325 3822 1427 3861 non
1465 3807 1701 3870 invenio;
1731 3805 1973 3861 exscinde
2004 3823 2120 3861 eam
2149 3823 2169 3861 :

623 3918 643 3952 ι
688 3915 782 3953 cur
813 3908 1007 3953 terram
1028 3899 1258 3953 inaniter
1278 3902 1539 3969 occupat?
1568 3897 1671 3953 Ille
1699 3915 1814 3954 vero
1854 3899 2167 3969 respondens

624 4013 643 4047 ι
681 3993 810 4049 dicit
831 3993 955 4048 illi:
994 3993 1227 4059 Domine,
1252 3993 1457 4049 dimitte
1481 3992 1630 4047 illam
1658 3992 1753 4048 hoc
1775 4009 1976 4064 quoque
2006 4010 2164 4062 anno,

622 4103 642 4138 ι
683 4085 845 4140 donec
880 4086 1024 4141 circa
1067 4102 1183 4142 eam
1212 4084 1412 4156 fodere,
1455 4095 1505 4140 et
1546 4086 1786 4141 laztamen
1827 4085 2090 4155 injeeero;
2122 4088 2170 4141 si

623 4195 641 4228 ι
686 4176 894 4249 quidem
921 4177 1152 4247 fructum
1185 4177 1400 4247 fecerit;
1439 4179 1524 4233 sin
1567 4179 1761 4244 minus,
1794 4195 1909 4234 eam
1942 4180 1997 4233 in
2021 4178 2169 4248 futu-

621 4289 642 4327 σ
685 4286 804 4325 rum
830 4269 1098 4325 exscinde:
1129 4283 1155 4313 ι
1181 4290 1193 4326 :
1226 4286 1334 4341 qua
1363 4277 1489 4325 ante
1509 4271 1699 4326 oculos
1724 4280 1966 4342 accepta,
1993 4278 2046 4326 et
2072 4285 2164 4326 os-

621 4379 641 4416 ι
687 4369 844 4419 tenso
867 4361 1030 4432 digno
1056 4360 1234 4417 fructu
1263 4361 1616 4432 poenitentiae,
1643 4362 1698 4417 in
1737 4370 1887 4421 tanto
1907 4363 2164 4433 temporis

619 4471 640 4510 ι
684 4452 968 4515 intervallo
996 4452 1537 4526 magisjuvabuutur.
1583 4471 1604 4506 ι
2194 4472 2242 4529 ι)

680 4706 840 4761 ΒΛιε.
883 4705 991 4761 Eos
1017 4706 1109 4776 qui
1136 4714 1357 4776 propter
1385 4704 1559 4761 solum
1591 4712 1793 4760 metum
1822 4712 1876 4758 et
1904 4703 2165 4759 timidita-

611 4808 719 4855 tem
746 4796 1178 4869 transfugerunt,
1212 4797 1277 4852 ad
1308 4796 1680 4869 paenitentiam
1709 4804 1888 4852 autem
1914 4812 2162 4866 respexe-

610 4899 760 4957 runt,
785 4889 1019 4945 triennio
1049 4889 1204 4959 punit
1233 4903 1409 4944 canon
1432 4887 1731 4945 secundum
1760 4887 2071 4959 parabolam
2105 4887 2165 4941 ﬁ-

610 4997 710 5037 cus
733 4996 853 5051 qua:
886 4989 971 5036 est
1003 4980 1059 5035 in
1096 4980 1427 5051 Evangeliis.
1454 4979 1715 5035 Dominus
1760 4979 1903 5035 enim
1935 4980 2111 5049 inquit
2144 5000 2157 5039 :

607 5072 731 5128 lam
762 5071 930 5128 tribus
961 5072 1114 5127 annis
1137 5071 1205 5126 ad
1236 5072 1370 5126 hanc
1404 5072 1547 5145 venio
1579 5086 1813 5141 qnwrens
1842 5070 2092 5139 fructum,
2115 5082 2161 5125 et

609 5183 713 5221 non
739 5165 963 5221 invenio.
1000 5162 1214 5223 Vinitor
1236 5169 1441 5228 autem,
1481 5163 1696 5221 Dimitte
1737 5163 1911 5227 illam,
1961 5162 2159 5235 inquit,

605 5270 651 5311 et
681 5257 776 5313 hoc
803 5273 960 5312 anno.

679 5348 884 5408 Zoma.
922 5348 1244 5420 Quicunque
1286 5362 1436 5411 vero,
1490 5346 1688 5418 inquit,
1737 5349 1870 5404 nihil
1919 5347 2160 5419 perpessi

608 5439 885 5505 acerbum,
912 5439 983 5496 ob
1003 5448 1207 5495 metum
1245 5438 1418 5495 solum
1446 5452 1509 5493 ac
1541 5438 1882 5494 timiditatem
1917 5436 2158 5493 transfu-

607 5537 822 5596 gerunt,
847 5544 947 5599 pro
976 5544 1043 5584 eo
1069 5529 1215 5601 quod
1264 5528 1369 5600 ipsi
1424 5537 1620 5600 sponte
1667 5531 1984 5601 pravitatem
2031 5536 2158 5586 sunt

610 5619 940 5684 consectati;
965 5633 1088 5675 mox
1108 5619 1348 5677 animum
1376 5619 1443 5675 ad
1483 5621 1856 5692 paenitentiam
1885 5619 2150 5691 adiecere,

676 5768 702 5802 ⁸
752 5751 884 5816 Luc.
906 5767 1028 5820 xm,
1061 5751 1169 5811 6-9.

2288 489 2700 562 κοπαθήσαντας
2731 490 2788 541 ἐν
2818 489 2882 558 τῇ
2920 485 3128 557 φυλακῇ
3153 487 3243 539 καὶ
3259 489 3412 558 χωρὶς
3434 488 3643 559 βασάνων
3667 512 3742 548 πα.

2288 577 2731 655 ραπεπτωκότας,
2778 573 3127 645 ἐπιτιμᾶσθαι
3158 574 3287 644 μετά
3309 573 3393 627 τὸν
3421 577 3580 648 τριετῆ
3601 579 3745 649 χρόνον

2286 671 2377 727 καὶ
2407 670 2497 723 ἐπὶ
2520 670 2703 739 ἕτερον
2724 667 2983 721 ἐνιαυτόν.
3019 667 3081 721 El
3114 666 3246 736 τάχα
3264 665 3524 739 remensi,
3557 670 3635 722 καὶ
3671 673 3749 724 ἀπ.

2285 763 2514 817 έλαυσαν
2560 761 2952 834 παρακλήσεως
2975 799 2990 822 ,
3024 758 3096 823 ὥς
3121 775 3274 814 τινων
3306 759 3491 813 πιστῶν
3513 764 3746 834 χορηγούν-

2281 870 2390 908 των
2421 855 2602 917 αὐτοῖς
2644 854 2711 908 τὰ
2746 853 2880 925 πρὸς
2905 853 3187 925 διοίκησιν,
3231 851 3357 906 ἀλλὰ
3389 854 3474 907 καὶ
3496 848 3618 908 οῦτοι
3636 855 3749 924 beal-

2283 945 2431 999 λουσι
2465 944 2789 1017 συγγνώμης
2819 945 3095 1012 ἀξιοῦσθαι
3121 944 3195 1008 ὠς
3215 943 3344 1016 ὑπὲρ
3366 945 3456 1014 τῆς
3467 944 3662 1010 πίστεως
3675 963 3749 1000 και

2283 1033 2705 1107 κοπαθήσαντες.

2353 1128 2591 1182 ΖΩΝΑΡ.
2631 1128 2719 1183 Ἐν
2756 1124 2984 1197 δευτέρᾳ
3028 1123 3178 1190 τάξει
3208 1122 3380 1193 τίθησι
3397 1123 3510 1186 τοὺς
3533 1122 3753 1194 μόνονφυ-

2280 1218 2648 1282 λακισθέντας,
2678 1218 2771 1272 καὶ
2815 1215 3293 1287 κακοπαθήσαντας
3314 1216 3367 1267 ὲν
3386 1217 3448 1287 τῇ
3468 1215 3665 1286 φυλακῇ,
3685 1218 3754 1275 καὶ

2279 1313 2447 1386 χωρὶς
2475 1310 2718 1381 βασάνων
2750 1306 3265 1379 παραπεπτωκόταςο
3287 1301 3361 1370 οἷς
3380 1308 3594 1360 ἐνιαυτὸν
3608 1306 3754 1371 ἔταξαν

2280 1403 2341 1473 (Ῑ.
2373 1402 2580 1474 ἔταξεν)
2598 1404 2677 1465 είς
2703 1401 2969 1472 ἐπιτίμιον
2997 1398 3135 1472 μετά
3162 1399 3249 1453 τὸν
3272 1396 3579 1468 παρελθόντα
3593 1398 3753 1470 χρόνον,

2278 1496 2443 1569 ἤγουν
2474 1494 2570 1567 τὴν
2604 1492 2842 1569 τριετίαν
2864 1493 2929 1563 ῆν
2958 1492 3178 1569 εἴρηκεν
3205 1492 3329 1546 ἅνω.
3358 1492 3490 1544 Διότι
3513 1491 3594 1551 καὶ
3622 1490 3752 1555 αὐτοὶ,

2278 1586 2459 1657 φησὶν,
2475 1586 2614 1657 ὑπὲρ
2630 1585 2719 1642 τοῦ
2736 1587 2989 1655 ὀνόματος
3003 1582 3289 1655 ὲθλίϐησαν
3305 1582 3390 1636 τοῦ
3403 1581 3625 1655 Χριστοῦ,
3638 1584 3755 1638 είταὶ

2277 1678 2415 1747 τάχα
2440 1676 2745 1730 ἀπέλαυσαν
2782 1676 2840 1727 ὲν
2867 1675 2944 1746 τῷ
2979 1673 3330 1747 δεσμωτηρίῳ
3356 1672 3692 1745 παρακλήσεως
3710 1674 3755 1726 ἐκ

2278 1770 2384 1823 τῶν
2414 1769 2671 1838 ἀδελφῶν.
2708 1768 2794 1832 Ὠς
2815 1767 2958 1821 ἔοικε
2989 1768 3116 1839 γάρ,
3150 1769 3203 1820 oi
3234 1768 3423 1829 πιστοὶ,
3454 1768 3554 1819 ὅσοι
3586 1766 3636 1822 οὺ
3663 1782 3757 1818 συν-

2278 1860 2592 1933 εσχέθησαν,
2618 1862 2729 1923 τοῖς
2757 1859 3169 1931 κατειργμένοις
3201 1857 3563 1930 ὲχορήγουν“τὰ
3589 1859 3652 1919 εἰς
3666 1856 3758 1909 διοί-

2278 1967 2454 2021 κησιν,
2495 1949 2586 2003 καὶ
2622 1947 2891 2002 ἀνέπαυον
2940 1946 3155 2010 αὐτούς.
3198 1947 3368 2015 “Amp
3404 1942 3758 2001 πολλαπλασίονα

2278 2042 2660 2107 ἀποδώσουσιν,
2689 2042 2806 2095 ἀντὶ
2824 2040 2940 2104 τοῦ,
2961 2039 3075 2092 ἀνθ’
3097 2032 3178 2093 ὧν
3212 2037 3510 2108 ἀπήλαυσαν
3539 2038 3589 2089 ὲν
3610 2037 3664 2105 τῇ
3688 2050 3759 2103 φν-

2276 2133 2412 2205 λακῇ
2469 2131 2847 2204 μετανοοῦντες
2896 2129 3176 2200 θλίψουσιν
3235 2128 3449 2190 ἑαυτοὺς
3497 2126 3579 2182 καὶ
3623 2122 3760 2178 κακὼ·

2279 2241 2429 2279 σουσι
2453 2221 2877 2284 πολλαπλασίως,
2913 2222 2959 2274 εἰ
2999 2220 3218 2274 θέλουσι
3240 2218 3555 2292 λυτρωθίψαι
3585 2216 3673 2271 ἀπὸ
3689 2214 3760 2284 τῆς

2277 2315 2645 2389 αἰχμαλωσίας
2691 2313 2784 2372 τοῦ
2830 2313 3096 2377 διαϐόλου,
3153 2312 3479 2383 αἰχμάλωτοι
3515 2307 3598 2362 καὶ
3632 2304 3759 2359 δοῦλοι

2275 2408 2554 2477 γεγονότες
2588 2405 2734 2477 αὐτῷ
2782 2404 2869 2459 διὰ
2907 2406 3005 2477 τὴν
3033 2405 3268 2477 ἄρνησιν
3294 2403 3383 2457 τοῦ
3421 2398 3643 2473 Χριστοῦ.
3666 2392 3760 2449 Εἶτα

2275 2501 2468 2571 ἐπάγει
2493 2501 2560 2554 τά
2595 2496 2901 2572 προφητικὰ
2950 2498 3197 2569 ῥήματα,
3234 2497 3371 2567 ἅπερ
3397 2495 3457 2548 ὲκ
3484 2490 3569 2547 τοῦ
3596 2484 3758 2543 Ἡσαΐου

2275 2593 2402 2660 εἰσὶ,
2432 2591 2602 2661 λέγων
2627 2592 2736 2650 δεῖν
2757 2588 3057 2661 μεμνῆσθαι
3090 2586 3313 2652 αὐτούς.

2875 2858 3112 2914 ΚΔΝΩΝ
3138 2857 3201 2909 Γ¹

2348 2970 2367 3004 ι
2407 2953 2531 3015 Τοῖς
2568 2951 2624 3008 δὲ
2668 2950 2788 3022 μηδ’
2818 2949 2953 3013 ὅλως
2985 2947 3150 3020 μηδέν
3179 2964 3231 3002 τι
3266 2945 3493 3000 τοιοῦτον
3517 2937 3762 3004 πεπονθόσι,

2281 3065 2299 3098 ι
2342 3045 2473 3119 μηδὲ
2511 3043 2901 3114 ὲνδειξαμένοις
2938 3039 3144 3110 καρπὸν
3183 3039 3432 3101 πίστεως,
3464 3033 3564 3090 ἀλλ’
3589 3033 3762 3100 αὐτομο-

2280 3157 2298 3190 ‹
2334 3138 2529 3209 λήσασι
2572 3136 2706 3208 πρὸς
2745 3135 2842 3206 τὴν
2893 3132 3108 3197 κακίαν,
3172 3126 3559 3205 προδεδομένοις
3588 3122 3673 3177 ὑπὸ
3695 3121 3766 3174 6n-

2277 3249 2296 3283 ι
2330 3230 2450 3295 λίας
2467 3229 2560 3283 καὶ
2574 3227 2756 3297 φόϐου,
2775 3226 2869 3280 νῦν
2884 3226 2940 3299 δὲ
2957 3226 3035 3288 είς
3053 3225 3345 3295 μετάνοιαν
3364 3219 3658 3293 ἐρχομένοις,
3671 3214 3765 3267 ἀναν

2277 3341 2296 3375 ι
2335 3322 2522 3393 γκαϊόν
2537 3317 3002 3389 ὲστικαὶάρμόζον
3034 3316 3134 3387 τὴν
3164 3318 3265 3387 τῆς
3279 3314 3513 3387 ἀκάρπου
3538 3308 3764 3378 συκῆςπσ-

2276 3434 2295 3467 ι
2336 3413 2563 3487 ραϐολὴν
2604 3411 2961 3485 παραθέσθαι,
3000 3409 3076 3473 ὡς
3103 3412 3132 3462 ὁ
3165 3408 3370 3482 Κύριος
3404 3407 3563 3473 λέγει·
3608 3394 3765 3487 Συκῆν

2276 3524 2294 3557 ι
2328 3486 2454 3575 εἶχέ
2479 3522 2567 3571 τις
2607 3500 3057 3572 πεφυτευμένην
3086 3500 3161 3554 ἐν
3195 3500 3275 3566 τῷ
3305 3496 3587 3570 ἀμπελῶνι
3604 3486 3761 3548 αὑτοῦ·

2277 3616 2295 3649 ι
2337 3596 2432 3650 καί
2470 3592 2615 3665 ἦλθε
2628 3592 2811 3662 ζητῶν
2839 3590 3072 3661 καρπόν
3096 3591 3172 3644 ἐν
3189 3589 3365 3658 αὐτῇ,
3389 3589 3479 3643 καὶ
3501 3578 3761 3655 οὑχεῦρεν-

2276 3706 2295 3740 ι
2330 3687 2476 3744 Eine
2485 3685 2552 3739 δὲ
2567 3685 2713 3753 πρὸς
2730 3683 2834 3737 τὸν
2846 3683 3287 3752 ἀμπελουργόν·
3313 3680 3452 3735 Ἰδοὺ
3468 3680 3582 3748 τρία
3595 3673 3677 3739 ἐτη
3690 3666 3763 3737 ἀφ’

2274 3799 2292 3831 ι
2325 3776 2395 3835 οὗ
2423 3778 2665 3847 ἔρχομαι
2683 3772 2863 3843 ζὴτῶν
2882 3772 3112 3843 καρπὸν
3129 3773 3207 3827 ὲν
3235 3773 3310 3842 τῇ
3327 3771 3481 3840 συκῇ
3500 3769 3673 3832 ταύτῃ.
3688 3760 3762 3813 και

2274 3890 2293 3925 ι
2333 3874 2444 3940 οὐχ
2475 3870 2731 3938 εὑρίσκω
2750 3885 2763 3898 ·
2817 3867 3082 3935 ἔκκοψον
3118 3865 3350 3931 αὑτήν
3399 3862 3541 3917 lratl
3572 3856 3653 3911 καί
3680 3851 3767 3920 τὴν

2273 3984 2291 4017 ι
2325 3964 2439 4034 γῆν
2481 3961 2787 4031 καταργεῐς
2822 3960 2874 4011 '0
2918 3957 2987 4011 δὲ
3033 3958 3384 4026 ἀποκριθεὶς
3437 3954 3581 4023 λέγει
3614 3943 3765 4009 αὐτῷ’

2272 4077 2291 4111 ι
2330 4059 2525 4125 Κύριε,
2546 4055 2693 4126 ἄφες
2715 4051 2907 4120 αὐτὴν
2944 4050 3041 4104 και
3074 4049 3258 4103 τοῦτο
3284 4049 3350 4101 τὸ
3375 4048 3519 4111 ἔτος,
3536 4043 3631 4107 ἓως
3660 4037 3768 4091 ὅτου

2272 4168 2291 4201 ι
2332 4147 2547 4216 σκάψω
2596 4145 2667 4198 τὰ
2703 4143 2832 4212 περὶ
2861 4140 3073 4210 αὐτὴν,
3104 4140 3207 4193 καὶ
3245 4138 3417 4204 βάλω
3438 4137 3653 4203 κόπρια·
3679 4126 3770 4181 κᾶν

2271 4258 2290 4292 ι
2323 4238 2439 4310 μὲν
2466 4234 2689 4303 ποιήσῃ
2720 4233 2950 4301 καρπόν
2969 4247 2983 4261 ·
3007 4233 3059 4283 ει
3089 4229 3160 4282 δὲ
3182 4229 3270 4300 μή
3294 4248 3384 4299 τε,
3408 4230 3490 4292 εις
3514 4224 3572 4278 τὸ
3584 4218 3769 4291 pem

2271 4353 2290 4386 ι
2326 4332 2603 4399 ἐκκόψεις
2628 4326 2817 4394 αὐτήν
2837 4342 2851 4356 ·
2885 4324 2952 4397 ἢν
2980 4323 3086 4395 πρὸ
3119 4322 3419 4394 ὀφθαλμῶν
3454 4310 3771 4399 λαϐόντεςάνς

2272 4442 2291 4476 ι
2323 4397 2621 4494 δειξάμενοί
2653 4436 2711 4474 τε
2763 4418 2970 4490 καρπὸν
3002 4415 3150 4486 ἀξιον
3189 4415 3291 4486 τῆς
3333 4409 3615 4487 μετανοίας,
3646 4397 3771 4469 ἐντῷ

2275 4537 2293 4571 ι
2329 4517 2650 4587 διαστήματι
2702 4511 2795 4567 τοῦ
2835 4509 3089 4565 τοσούτου
3128 4508 3325 4581 χρόνου
3366 4505 3552 4578 μᾶλλον
3598 4495 3770 4567 ὠφελη-

2273 4628 2292 4661 ι
2328 4608 2598 4679 θήσονται.
2632 4625 2651 4657 ι

2334 4674 2527 4753 ΒᾸΛΣ.
2550 4699 2687 4762 Τοὺς
2715 4697 2893 4769 μέντοι
2918 4695 3004 4753 διὰ
3027 4693 3188 4764 φόϐον
3213 4694 3376 4765 μόνον
3397 4691 3485 4747 καὶ
3503 4682 3675 4741 δειλίαν

2264 4792 2684 4865 τομολήσαντας,
2716 4765 2858 4843 *εἶτα
2902 4790 2981 4851 εἰς
3034 4786 3323 4859 μετάνοιαν
3377 4779 3677 4865 ἀπιδόντας,
3699 4765 3769 4865 διὰ

2264 4859 2504 4961 τρτιετίας
2542 4884 2768 4953 ἐπιτιμᾷ
2797 4884 2824 4935 ὁ
2860 4880 3061 4945 κανὼν,
3094 4887 3236 4933 κατα
3260 4879 3361 4948 τὴν
3390 4878 3446 4930 ὲν
3477 4859 3768 4961 Εὐαγτιλίοιξ

2267 4954 2575 5052 παραϐολὴν
2593 4976 2691 5047 τῆς
2708 4973 2894 5045 συκῆς.
2913 4974 2971 5025 '0
2998 4970 3105 5043 γὰρ
3126 4969 3356 5039 Κύριος,
3391 4966 3522 5035 Τρία
3532 4961 3649 5052 ἐτη..
3663 4954 3766 5052 έφξῖ·

2260 5045 2374 5133 cev,
2422 5045 2663 5138 ἔρχομαι
2694 5065 2842 5133 πρὸς
2865 5062 3061 5130 αὐτὴν
3090 5059 3278 5129 ζητῶν
3309 5057 3551 5127 καρπὸν,
3572 5048 3655 5105 καὶ
3680 5045 3763 5138 οὐκ

2256 5135 2542 5231 εὑρίσκω-ο
2562 5135 2615 5211 ⁷ό
2648 5158 2704 5211 δὲ
2730 5155 3126 5229 ἀμπελουργὸς,
3172 5155 3374 5222 Ἄφες,
3404 5145 3568 5209 εἶπεν,
3595 5135 3760 5202 αὐτὴν,

2257 5254 2450 5322 Κύριε,
2480 5251 2579 5306 καὶ
2599 5239 2787 5305 ’τοῦτο
2812 5251 2878 5303 τό
2905 5250 3059 5314 ἔτος.

2325 5314 2564 5399 ὶΩΝΑΡ.
2620 5345 2793 5407 Ὅσοι,
2834 5340 2911 5407 δὲ,
2969 5338 3121 5410 φησὶ,
3158 5336 3233 5407 μή
3272 5351 3331 5388 τι
3365 5330 3665 5387 ὑποστάντες
3691 5314 3759 5369 ἅλ’

2257 5435 2454 5506 γεινὸν,
2513 5432 2599 5487 διὰ
2649 5431 2809 5500 φόϐον
2853 5429 3010 5500 μόνον
3054 5429 3147 5481 καὶ
3185 5423 3394 5478 δειλίαν
3423 5414 3755 5506 ηὐτομόλησξνι

2255 5490 2376 5581 ἀντὶ
2419 5490 2534 5586 τοῦ,
2564 5490 2715 5575 αὐτοὶ
2766 5490 2979 5582 ἑκόντες
3019 5512 3320 5595 προσῆλθον
3366 5490 3635 5582 meum,
3667 5490 3759 5595 εῐξα

2254 5616 2334 5679 είς
2382 5584 2665 5688 μετάνοιαν
2720 5609 2958 5675 άπεῖδον,
3007 5584 3118 5672 τοις
3153 5584 3473 5675 τοιοιῗτοιςὴ
3512 5599 3600 5670 τῆς
3630 5584 3761 5655 συκῆς
