3956 6198
237 304 344 361 473

1456 288 1789 347 EPISTOLA
1826 282 2190 345 CANONICA.

3343 268 3451 327 471

236 422 469 496 ἁρμόσει
515 415 798 489 παραϐολὴ
852 414 989 469 κατά
1026 412 1086 467 τὸ
1115 410 1471 481 Εὐαγγέλιον·
1503 411 1570 482 ἢν
1609 408 1800 463 λαόόν-

1910 405 1955 460 ἰη
1982 418 2078 461 eos
2106 400 2361 475 parabola
2399 396 2709 468 evangelica
2749 392 2885 450 ﬁcus
2924 390 3450 496 quadrabitf‘quam

240 531 335 578 τες
395 512 495 583 πρὸ
528 506 839 577 ὀφθαλμῶν,
873 505 1036 559 κὸπον
1068 503 1213 569 ἄξιον
1253 501 1537 574 μετανοίας
1568 502 1659 555 ἐπὶ
1708 517 1797 554 το-

245 602 429 659 σοῦτον
458 604 643 673 χρόνον
701 599 879 663 δόντες
908 596 1365 668 ὠφεληθήσονται,
1395 595 1560 666 ἤγουν
1593 594 1684 647 ἐπὶ
1709 610 1799 646 τε-

242 695 509 770 τραετίαν.
556 691 618 748 ’0
641 692 750 764 γὰρ
782 690 1004 763 Κύριος,
1061 690 1194 757 Τριά
1225 689 1349 756 ἐτη,
1391 686 1606 759 ἔφησεν,
1641 687 1802 756 ἐρχο.

231 806 341 859 μαι
373 785 524 856 πρὸς
546 781 947 852 αὑτὴν,ζητῶν
965 780 1225 850 καρπὸν,
1252 778 1351 833 καὶ
1376 781 1489 847 οὐχ
1523 779 1797 846 εὑρίσκω·

231 886 263 937 ὁ
287 881 345 937 δὲ
378 877 779 951 ἀμπελουργὸς,
816 877 989 946 Ἄφες
1028 873 1240 944 αὐτὴν,
1273 868 1445 937 εἶπεν,
1478 872 1669 940 Κύριε,
1700 867 1800 922 καὶ

233 972 415 1028 τοῦτο
444 969 511 1024 τὸ
548 969 703 1035 ἔτος.

837 1054 1075 1111 ΚΑΝΩΝ
1104 1056 1176 1109 Δ’.

307 1171 330 1204 c
370 1152 498 1215 Τοῖς
514 1149 622 1222 γὰρ
642 1147 981 1202 παντάπασιν
1001 1142 1435 1215 ἀπεγνωσμένοις
1452 1140 1545 1195 καὶ
1559 1141 1580 1172 ⁵
1598 1140 1802 1210 ἀμετα-

237 1264 259 1299 ι
300 1245 534 1316 νοήτοις,
557 1242 730 1314 δέρμα
762 1257 820 1293 τε
854 1236 1102 1300 Αἰθίοπος
1126 1234 1495 1307 ἀμετάϐλητον
1527 1230 1799 1303 κεκτημέ-

240 1356 260 1387 ι
296 1352 432 1402 νοις,
454 1335 546 1389 καὶ
572 1332 901 1403 ποικίλματα
926 1329 1257 1401 παρδάλεως,
1286 1325 1599 1397 λεχθήσεται
1624 1324 1685 1377 τὸ
1701 1324 1800 1394 τῆς

240 1446 260 1479 ι
293 1427 489 1499 ἑτέρας
552 1423 751 1493 συκῆς·
802 1419 1022 1487 Μηκέτι
1065 1419 1131 1472 ἐκ
1166 1415 1282 1471 σοῦ
1315 1414 1541 1484 καρπὸς
1563 1413 1801 1483 γένηται

239 1539 261 1572 ι
296 1521 390 1584 εις
436 1516 541 1570 τὸν
592 1514 808 1569 αἰῶνα·
845 1511 925 1565 διδ
966 1511 1059 1564 καὶ
1084 1508 1420 1580 παραχρῆμα
1464 1506 1795 1579 ξηραίνεται.

238 1630 259 1662 ι
310 1607 748 1680 Ἀποπληροῦται
804 1605 931 1675 γοῦν
970 1605 1057 1659 ἐπ’
1082 1604 1262 1664 αὐτοῖς
1306 1601 1398 1653 καὶ
1443 1599 1504 1653 τὸ
1552 1599 1656 1652 ὑπὸ
1706 1593 1799 1652 τοῦ

240 1719 260 1751 ι
305 1695 731 1768 Ἑκκλησιαστοῦ
762 1694 1077 1768 εἰρημένον·
1109 1689 1578 1766 Διεστραμμένον
1605 1692 1676 1744 οὐ
1704 1688 1801 1743 δύο

1900 509 2010 565 pra:
2040 493 2214 549 oculis
2246 491 2527 552 habentes,
2561 486 2782 557 dignum
2835 484 3165 555 paenitentia
3211 481 3449 538 laborem

1896 578 2089 649 aequali
2122 586 2362 648 tempore
2397 574 2736 635 exhibentes,
2761 570 3115 641 iuvabantur,
3148 568 3251 623 hoc
3277 567 3451 625 estad

1899 682 2146 745 quartum
2177 682 2352 740 usque
2379 680 2602 721 annum.
2631 664 2892 719 Dominus
2917 677 3172 733 namque,
3201 660 3325 717 Tres
3355 678 3467 716 an-

1898 780 2015 829 nos,
2057 761 2255 833 inquit,
2298 760 2443 815 venio
2473 756 2541 811 ad
2572 758 2762 827 ipsam,
2804 771 3038 825 quarens
3070 755 3329 825 fructum,
3359 771 3454 810 nec

1897 855 2120 911 inuenio.
2147 852 2399 924 Agricola
2426 865 2575 915 vero,
2608 849 2848 914 Dimitte,
2879 848 2974 914 ait,
3018 848 3191 913 illam,
3219 844 3451 914 domine,

1897 957 1947 1004 et
1973 950 2069 1001 hoc
2099 961 2255 1000 anno.
2374 962 2391 981 ο

2493 1032 2721 1090 CANON
2758 1031 2854 1090 Ν.

1974 1169 1993 1204 ι
2041 1151 2114 1206 lis
2143 1148 2290 1205 enim
2316 1147 2410 1219 qui
2451 1157 2578 1202 sunt
2621 1146 2843 1202 omnino
2870 1145 3161 1216 desperati,
3192 1153 3245 1202 et
3274 1144 3452 1218 paeni-

1905 1261 1923 1295 ι
1969 1242 2192 1297 tentiam
2224 1255 2334 1296 non
2360 1245 2545 1310 agunt,
2575 1246 2626 1293 et
2656 1238 2850 1308 pellem
2896 1235 3166 1307 Ethiopis
3201 1238 3455 1293 immuta-

1905 1352 1925 1387 ι
1969 1335 2129 1389 bilem
2167 1333 2445 1405 possident
2469 1340 2523 1388 et
2548 1331 2698 1403 pardi
2724 1330 3038 1397 varietates,
3060 1330 3293 1396 dicetur,
3310 1331 3455 1403 quod

1904 1444 1924 1478 ι
1968 1426 2059 1480 alii
2090 1425 2216 1480 licui
2247 1413 2450 1479 dictum
2482 1432 2611 1481 est:
2662 1422 3006 1495 Nequaquam
3054 1439 3118 1478 ea:
3165 1433 3213 1478 te
3253 1423 3457 1495 fructus

1905 1535 1924 1570 ι
1969 1518 2065 1587 ﬁat
2098 1519 2153 1570 in
2183 1526 2434 1571 aeternum
2461 1527 2512 1578 ιι,
2543 1522 2598 1570 et
2623 1514 2745 1571 ideo
2790 1513 2974 1569 statim
3006 1527 3222 1584 quoque
3269 1527 3460 1570 exare-

1905 1626 1925 1660 ‹
1973 1608 2096 1663 scit.
2144 1606 2202 1661 In
2252 1607 2320 1662 iis
2373 1606 2519 1663 enim
2556 1608 2828 1678 'irnpletur
2853 1606 2995 1678 quod
3028 1607 3098 1662 ab
3130 1605 3460 1663 Ecclesiaste

1907 1717 1926 1752 ι
1971 1700 2173 1754 dictum
2208 1706 2292 1754 est
2326 1717 2339 1753 :
2371 1698 2522 1765 Quod
2549 1714 2841 1769 perversum
2866 1710 2964 1762 est,
3012 1715 3115 1751 non
3144 1699 3332 1766 poterit
3367 1714 3461 1753 3x-

238 1812 258 1844 s
296 1807 471 1845 ναται
498 1765 520 1823 δ
545 1765 1035 1857 ἐπικοσμηθῆναι,
1060 1786 1158 1842 καὶ
1197 1765 1501 1852 ὑστέρημα
1531 1786 1603 1838 οὐ
1626 1781 1802 1849 δυνή-

1910 1809 1928 1842 ι
1975 1792 2177 1857 ornari,
2225 1800 2273 1845 et
2326 1790 2556 1860 defectus
2583 1790 2851 1845 numerari
2902 1806 3005 1845 non
3038 1788 3226 1859 poterit
3261 1791 3309 1843 ι’.
3342 1788 3459 1845 Nisi

238 1901 261 1936 ι
306 1887 478 1936 σεται
515 1877 927 1948 ἀριθμηθῆναι.
963 1876 1026 1930 Εί
1074 1874 1146 1947 μὴ
1188 1875 1295 1947 γὰρ
1333 1874 1594 1947 πρότερον
1634 1872 1695 1925 τὸ
1725 1872 1803 1925 δι-
1861 1867 1869 1876 ’

235 1992 259 2025 ‹
297 1970 672 2043 ιστραμμένον
699 1967 983 2042 διορθωθῇ,
1012 1965 1264 2020 ἀδύνατόν
1300 1966 1414 2019 ἐστι
1454 1965 1586 2019 αὐτὸ
1616 1967 1801 2019 ἐπικο-

238 2082 257 2117 ι
296 2063 606 2134 σμηθῆναι·
651 2063 744 2117 καὶ
770 2063 819 2115 εί
857 2061 929 2132 μὴ
979 2058 1242 2130 πρότερον
1272 2058 1333 2111 τὸ
1364 2057 1643 2130 ὑστέρημα
1673 2060 1804 2111 ἀνασ-

239 2173 258 2207 ι
298 2154 584 2227 πληρωθῇ,
608 2153 867 2208 ἀδύνατόν
893 2154 1037 2205 ἐστιν
1069 2151 1198 2204 αὐτὸ
1232 2149 1615 2223 ἀριθμηθῆναι.
1642 2148 1800 2204 Ὅθεν

238 2266 258 2299 ι
294 2246 391 2301 καὶ
418 2247 511 2299 ὲπὶ
554 2245 739 2309 τέλους
786 2243 1122 2315 συμϐήσεται
1171 2243 1351 2304 αὐτοῖς
1379 2240 1439 2294 τὸ
1469 2241 1753 2311 λεγόμενον
1780 2242 1800 2273 ⁷

239 2359 260 2393 ι
297 2339 405 2392 ὑπὸ
432 2334 526 2392 τοῦ
579 2338 856 2409 προφήτου
913 2335 1162 2388 Ἡσαΐου·
1210 2334 1319 2389 Καὶ
1357 2333 1603 2402 ὄψονται
1624 2329 1733 2396 γὰρ
1756 2334 1798 2397 ³,

240 2451 259 2483 ι
300 2432 456 2501 φησὶ,
477 2430 549 2483 τὰ
581 2429 744 2484 κῶλα
785 2426 902 2483 τῶν
932 2427 1256 2496 ἀνθρώπων
1276 2425 1392 2480 τῶν
1410 2428 1804 2495 παραϐεϐηκόο

239 2542 260 2576 ι
294 2540 413 2577 των
430 2523 503 2577 ἐν
525 2523 655 2592 ἐμοί
678 2540 691 2553 ·
732 2525 765 2578 d
794 2521 903 2592 γὰρ
925 2520 1171 2586 σκώληξ
1192 2517 1388 2574 αὐτῶν
1412 2522 1484 2574 οὐ
1528 2519 1803 2589 τελευτή-

242 2636 261 2668 ι
300 2633 419 2681 σει,
460 2614 558 2669 καί
598 2614 665 2668 τὸ
709 2614 828 2681 πῦρ
880 2610 1078 2668 αὐτῶν
1119 2613 1191 2666 οὺ
1234 2612 1651 2679 σόεσθήσεται,
1704 2612 1804 2667 καὶ

239 2725 261 2759 ι
299 2706 548 2761 ἔσονται
585 2707 671 2770 είς
710 2685 922 2772 ὅρασιν
961 2700 1126 2769 πάσῃ
1173 2700 1356 2768 σαρκί
1374 2717 1386 2733 ·
1439 2702 1558 2754 ἐπεὶ
1598 2703 1690 2756 καὶ
1729 2701 1804 2765 ὡς

241 2818 262 2852 ι
291 2797 648 2869 προλέλεκται
678 2797 768 2853 ὑπ’
794 2794 979 2851 αὑτοῦ·
1001 2798 1065 2849 Oi
1088 2794 1155 2849 δὲ
1184 2794 1392 2857 ἄδικοι,
1421 2794 1500 2859 ὼς
1528 2793 1807 2848 θάλασσα

1910 1901 1928 1935 ι
1969 1881 2117 1937 enim
2146 1880 2287 1951 quod
2320 1896 2633 1952 perversum
2686 1888 2769 1935 est
2819 1882 2969 1951 prius
3019 1888 3226 1935 rectum
3277 1878 3459 1945 fuerit,

1911 1991 1930 2025 ι
1977 1971 2092 2026 ﬁeri
2122 1987 2229 2026 non
2255 1979 2432 2042 potest
2464 1977 2523 2025 ut
2555 1971 2607 2025 id
2628 1978 2954 2038 exornetur;
2989 1976 3043 2025 et
3065 1970 3169 2026 nisi
3196 1969 3344 2041 prior
3367 1969 3464 2026 de-

1912 2078 1931 2115 ι
1978 2061 2153 2118 fectus
2182 2063 2429 2132 expletus
2465 2061 2639 2125 fuerit,
2696 2062 2810 2116 ﬁeri
2850 2076 2958 2116 non
2995 2069 3172 2132 potest
3195 2062 3330 2137 ut'is
3360 2079 3464 2118 nu-

1910 2170 1930 2206 t
1974 2161 2231 2209 meretur.
2260 2151 2415 2208 Unde
2443 2163 2496 2207 et
2535 2154 2591 2208 in
2628 2153 2732 2208 ﬁne
2758 2153 2839 2210 eis
2863 2154 3073 2209 eveniet
3099 2154 3243 2224 quod
3272 2168 3303 2206 a
3331 2169 3461 2225 pro-

1911 2262 1930 2297 ι
1970 2245 2129 2316 pheta
2159 2247 2296 2301 Isaia
2324 2245 2524 2301 dicitur
2558 2267 2569 2300 :
2604 2243 2671 2298 Et
2711 2243 3043 2311 videbuntur,
3075 2234 3271 2314 inquit,
3301 2260 3464 2299 mem-

1912 2353 1931 2387 ι
1975 2333 2070 2389 bra
2111 2350 2290 2390 eorum
2334 2335 2424 2405 qui
2463 2338 2782 2404 transgressi
2831 2341 2953 2387 sunt
3001 2332 3055 2385 in
3105 2346 3205 2387 me.
3261 2330 3462 2386 Vermis

1905 2442 1933 2481 .t
1979 2426 2115 2480 enim
2161 2427 2396 2495 ipsorum
2445 2440 2545 2479 non
2592 2426 2866 2488 morietur,
2901 2432 2951 2478 et
2977 2422 3115 2495 ignis
3144 2438 3324 2477 eorum
3359 2438 3463 2477 non

1914 2537 1934 2572 ι
1977 2520 2333 2590 exstinguetur
2358 2536 2375 2573 :
2402 2529 2449 2573 et
2475 2519 2694 2572 eruntin
2718 2525 2980 2588 aspectum
3010 2516 3180 2571 omnis
3211 2516 3386 2571 carnis
3411 2526 3462 2572 °.

1912 2626 1931 2663 ι
1976 2609 2444 2679 Quandoquidem,
2500 2616 2559 2662 ut
2608 2614 2662 2662 et
2696 2607 2766 2668 ab
2806 2607 2925 2677 ipso
2959 2604 3273 2675 praedictum
3319 2610 3405 2658 est
3446 2621 3462 2657 :

1915 2721 1933 2755 ι
1982 2702 2181 2772 lnjusti
2208 2713 2378 2757 autem
2401 2703 2478 2756 sic
2507 2698 2860 2771 ﬂuctuabunt,
2919 2708 2968 2752 et
3016 2698 3330 2768 requiescere
3363 2710 3465 2749 non

1915 2813 1935 2847 ι
1980 2803 2242 2864 poterunt.
2273 2792 2396 2849 Non
2424 2802 2500 2848 est
2530 2791 2754 2865 gaudere
2783 2792 2981 2861 impiis,
3013 2790 3143 2844 dicit
3176 2788 3314 2844 Deus
3340 2786 3390 2843 ά.
3439 2804 3461 2839 ι

242 2913 263 2949 ι
298 2891 790 2961 ἀνασεσρασμένη
826 2890 894 2954 ⁸’,
924 2890 1076 2944 οὕτω
1100 2884 1709 2955 κλυδωνισθήσονται,
1737 2890 1833 2944 καὶ
1866 2891 2326 2947 ἀναπαύσασθαι
2346 2891 2418 2944 οὐ
2448 2890 2533 2960 μὴ
2565 2887 2931 2957 δυνήσονται
2954 2888 2975 2920 ⁹
2999 2886 3062 2958 (f.
3090 2883 3463 2957 δυνήσωνται).

240 3008 263 3046 ι
289 2991 413 3043 Οὐκ
440 2986 574 3042 ἔστι
603 2988 830 3055 χαίρειν
851 2985 973 3052 τοῖς
997 2987 1300 3051 ἀσεϐέσιν,
1331 2980 1501 3040 εἷπεν
1523 2989 1556 3041 ό
1584 2988 1743 3053 Θεός.
1780 3007 1798 3040 ι

305 3082 506 3136 ΒΔΔΣ.
543 3082 609 3132 ‘A
637 3082 732 3151 μὲν
763 3080 1085 3153 προείρηται
1117 3081 1244 3153 περὶ
1288 3080 1395 3134 τῶν
1423 3082 1806 3147 πεπτωκότων,

1982 3086 2138 3143 Βιιε.
2178 3087 2309 3154 Quae
2339 3088 2492 3157 prius
2524 3084 2742 3156 quidem
2772 3081 2915 3136 dicta
2949 3087 3076 3135 sunt
3100 3078 3166 3134 de
3191 3077 3379 3149 lapsis,
3400 3076 3469 3133 de

231 3168 457 3241 εἴρηται
485 3166 582 3221 καὶ
617 3169 743 3238 περὶ
773 3166 1253 3239 μεταμελομένων·
1291 3171 1433 3225 κατὰ
1459 3170 1514 3224 δὲ
1541 3171 1648 3226 τῶν
1679 3172 1810 3243 ἁμε-

176 3258 187 3275 “
228 3260 516 3331 τανοήτων
553 3258 654 3328 τὴν
708 3259 953 3331 κατάραν
996 3260 1097 3332 τῆς
1140 3263 1332 3332 ἑτέρας
1367 3263 1536 3335 συκῆς
1593 3264 1805 3333 ἐπάγει,

236 3353 378 3425 πρὸς
398 3351 468 3422 ἢν
501 3353 531 3405 ὁ
582 3350 785 3423 Κύριος
814 3349 919 3422 ἔφη
947 3351 1035 3407 διὰ
1080 3352 1140 3406 τδ
1175 3352 1420 3426 ἄκαρπον
1444 3371 1458 3385 ·
1494 3355 1713 3424 Μηκέτι
1740 3357 1808 3414 ἐκ

232 3446 353 3501 σσῦ
382 3443 615 3516 καρπὸς
638 3444 902 3517 γένηται.
1182 3483 1188 3489 ι

304 3620 556 3676 ΖΩΝΑΡ.
578 3620 645 3673 Ἀ
663 3620 761 3692 μὲν
776 3620 1093 3695 προείρηται
1112 3624 1238 3694 περὶ¹
1258 3622 1364 3678 τῶν
1380 3628 1810 3697 παραπεπτωκό·

232 3729 371 3776 των,
394 3712 606 3785 είρηται
632 3713 724 3767 καὶ
746 3713 901 3785 [add.
921 3713 1067 3786 περὶ]
1089 3714 1553 3787 μεταμελομένων.
1577 3719 1733 3774 Κατά
1754 3720 1810 3774 δὲ

232 3803 352 3856 τῶν
372 3804 756 3876 ἀμετανοήτων
786 3804 844 3869 ἐξ
865 3803 1220 3874 ἀπογνώσεως
1241 3805 1273 3877 ἢ
1306 3810 1546 3879 πονηρᾶς
1568 3809 1808 3882 γνώμης,

236 3896 414 3955 καὶτὸ
443 3896 504 3962 ἐξ
534 3896 808 3968 ἁμαρτίας
833 3896 1127 3969 μελάνωμα
1144 3894 1515 3971 ἀμετάϐλητον
1541 3902 1634 3955 καὶ
1661 3902 1814 3957 ἀνέκ-

240 3990 444 4043 πλυτον
472 3989 723 4060 ἐχόντων,
763 3988 838 4052 ὡς
880 3990 928 4042 οἱ
961 3989 1214 4054 Αἰθίοπες
1244 3991 1304 4045 τὸ
1334 3992 1557 4062 ζοφερὸν
1596 3993 1689 4048 τοῦ
1727 3994 1812 4050 δέ-

242 4096 474 4155 ρματος,
501 4079 596 4132 καὶ
624 4080 658 4151 ἡ
690 4077 953 4149 πάρδαλις
981 4080 1048 4133 τὰ
1074 4080 1419 4151 ποικίλματα,
1448 4082 1546 4155 τὴν
1565 4085 1809 4158 κατάραν

235 4173 345 4243 τῆς
400 4171 593 4243 ἑτέρας
640 4171 809 4243 συκῆς
858 4171 1082 4241 ἐπάγει·
1119 4172 1254 4244 πρὸς
1303 4174 1368 4245 ἢν
1408 4174 1437 4226 ὁ
1479 4176 1681 4248 Κύριος
1709 4177 1810 4250 ἔφη

240 4265 335 4320 διὰ
367 4266 428 4319 τὸ
453 4267 731 4338 ἄκαρπον·
764 4264 988 4334 Μηκέτι
1020 4265 1089 4320 ἐκ
1120 4265 1235 4320 σοῦ
1267 4267 1493 4336 καρπὸς
1531 4270 1769 4340 γένηται
1795 4290 1808 4303 ·

236 4356 343 4414 καὶ
370 4354 703 4428 πληροῦσθαί
741 4369 906 4425 φησιν
937 4353 1024 4406 ἐπ’
1052 4353 1233 4416 αὐτοῖς
1254 4354 1323 4407 τὰ
1365 4354 1459 4408 τοῦ
1491 4357 1810 4429 Ἐκκλησια-

1907 3178 2357 3248 resipiscentibus
2384 3176 2546 3232 etiam
2578 3174 2722 3229 dicta
2762 3181 2909 3228 sunt.
2938 3171 3211 3227 Adversus
3236 3185 3330 3226 eos
3362 3183 3466 3224 au-

1907 3278 2013 3323 tem
2045 3269 2138 3338 qui
2168 3268 2316 3322 nulla
2353 3264 2669 3337 poenitentia
2723 3265 3017 3326 ducuntur,
3071 3261 3295 3317 alterius
3330 3260 3465 3318 ﬁcus

1907 3359 2335 3415 exsecrationem
2391 3356 2620 3419 inducit,
2682 3355 2748 3409 ad
2797 3370 2959 3424 quam
3024 3351 3285 3407 Dominus
3335 3352 3469 3407 dicit

1852 3464 1861 3472 '
1908 3458 2128 3521 propter
2158 3447 2548 3503 infertilitatem
2579 3464 2592 3501 :
2657 3443 2890 3499 Fructus
2921 3443 3151 3512 amplius
3189 3458 3252 3497 ex
3281 3451 3326 3496 te
3365 3458 3468 3497 non

1908 3542 2023 3612 ﬁat.
2142 3570 2145 3573 -

1978 3632 2181 3688 Zomn.
2216 3631 2347 3698 Quae
2390 3630 2541 3701 prius
2571 3628 2786 3701 quidem
2834 3627 2901 3683 de
2949 3626 3116 3697 lapsis
3142 3624 3284 3680 dicta
3318 3616 3491 3687 sunt,‘

1909 3725 2056 3781 dicta
2087 3729 2216 3779 sunt
2252 3723 2416 3778 etiam
2468 3721 2534 3776 de
2574 3718 3044 3790 resipiscentibus.
3093 3714 3293 3770 Contra
3345 3712 3468 3767 illos

1908 3835 2036 3875 vero
2084 3818 2181 3889 qui
2218 3833 2284 3873 ex
2332 3813 2709 3886 desperatione
2757 3811 2840 3868 vel
2883 3810 3171 3879 depravata
3214 3805 3470 3877 opinione

1911 3906 2285 3981 paenitentiam
2330 3920 2436 3959 non
2469 3910 2658 3974 agunt,
2691 3915 2754 3955 ac
2802 3905 3065 3970 perpetuo
3115 3896 3467 3952 inhaerentem

1911 4016 1974 4056 ac
2003 3998 2343 4054 indelebilem
2370 3996 2578 4067 peccati
2607 3994 2880 4063 nigrorem
2909 3995 3223 4061 gestant,ut
3256 3986 3470 4043 Ethio-

1910 4108 2006 4165 pcs
2031 4093 2238 4147 fuscam
2268 4089 2486 4159 pellem,
2525 4084 2835 4157 pardusque
2864 4081 3189 4144 varietates;
3241 4080 3470 4137 alterius

1912 4180 2505 4240 ﬁcusexsecrationem
2535 4177 2765 4234 inducit.
2814 4173 2897 4228 Ad
2919 4186 3081 4244 quam
3112 4170 3372 4227 Dominus
3398 4170 3471 4228 ob

1913 4276 2273 4337 sterilitatem,
2317 4270 2398 4327 Ne
2428 4271 2652 4341 fructus,
2684 4268 2881 4339 inquit,
2930 4265 3157 4335 amplius
3199 4278 3263 4318 ea:
3292 4271 3342 4317 te
3375 4279 3472 4317 na-

1912 4376 2112 4424 scatur.
2146 4366 2590 4437 lmplendumque
2622 4363 2698 4417 ait
2741 4361 2796 4415 in
2840 4360 2976 4430 ipsis
3013 4356 3146 4412 illud
3195 4355 3469 4411 Ecclesia-

234 4464 376 4501 στου
407 4448 470 4509 ",
498 4445 744 4515 λέγοντος
762 4462 777 4477 ο
826 4443 1299 4513 Διεστραμμένον
1362 4449 1434 4501 οὐ
1486 4446 1806 4515 δυνήσεται

1913 4468 2043 4525 stes,
2093 4456 2322 4513 dicentis
2356 4475 2370 4510 :
2408 4455 2559 4523 Quod
2582 4468 2874 4524 perversum
2893 4460 3086 4505 estnon
3113 4448 3300 4520 poterit
3316 4462 3471 4502 exor-

233 4535 741 4605 ἐπικοσμηθῆναι,
777 4534 874 4588 καὶ
913 4532 1217 4602 ὑστέρημα
1236 4534 1306 4587 οὐ
1338 4532 1661 4602 δυνήσεται
1681 4538 1806 4606 dpr-

236 4626 541 4698 θμηθῆναι
564 4643 579 4658 ·
610 4623 727 4680 εἶτα
772 4624 1074 4696 σαφηνίσας
1099 4624 1168 4679 τά
1201 4624 1340 4697 ρητά
1372 4625 1563 4695 ταῦτα,
1594 4628 1812 4700 προστίο

238 4715 374 4786 θησι
400 4716 493 4769 καὶ
520 4713 589 4769 τά
614 4710 707 4769 τοῦ
750 4714 993 4770 Ἠσαίου.

816 4809 825 4822 ’
851 4804 1089 4858 ΚΔΝΩΝ
1119 4805 1196 4861 Ε¹.

322 4916 342 4951 ι
378 4898 505 4963 Τοῖς
533 4898 591 4953 δὲ
620 4897 1171 4968 καθυποκριναμένοις
1203 4897 1343 4953 κατά
1370 4897 1460 4951 τὸν
1489 4897 1811 4969 ὲπιληπτευ-

251 5010 273 5042 ι
309 4989 540 5062 σάμενον
559 4990 746 5056 Δασὶδ,
774 4989 861 5043 ἴνα
906 4988 980 5060 μὴ
1032 4988 1295 5063 ἀποθάνῃ,
1322 4989 1422 5043 οὐκ
1448 4989 1578 5045 ὄντα
1621 4989 1810 5062 ἐπίλη-

254 5101 276 5135 ι
313 5099 472 5137 πτον·
509 5083 602 5136 καὶ
655 5082 730 5153 μὴ
785 5079 1006 5151 γυμνῶς
1049 5080 1523 5152 ἀπογραψαμένοις
1560 5080 1630 5134 τά
1673 5080 1810 5151 πρὸς

254 5191 276 5224 ι
309 5172 559 5243 ἄρνησιν,
606 5172 742 5227 ἀλλὰ
772 5169 1083 5236 διαπαίξασι
1125 5170 1262 5226 κατὰ
1311 5170 1508 5242 πολλὴν
1552 5187 1812 5242 στενοχω-

252 5281 276 5314 c
317 5262 462 5335 pinv,
489 5262 563 5326 ὡς
590 5262 655 5317 ἂν
681 5263 866 5316 παιδία
892 5260 1208 5332 βουλευτικά
1239 5261 1482 5335 ἔμφρονα
1504 5265 1562 5317 ὲν
1584 5262 1813 5327 παιδίοις

250 5369 274 5404 c
308 5350 533 5421 ἄφροσι.
561 5351 658 5414 τάς
702 5352 809 5405 τῶν
856 5350 1063 5422 ἐχθρῶν
1093 5348 1399 5417 ἐπιϐουλὰς,
1446 5352 1561 5423 ἦτοι
1585 5352 1659 5416 ὡς
1679 5352 1815 5406 διελ-

1359 5483 1383 5512 ε
1412 5470 1523 5527 Isa.
1551 5488 1699 5538 uvt,
1729 5474 1819 5528 24.
1893 5471 1921 5513 (ι
1957 5471 2068 5528 Isa.
2100 5485 2234 5535 LVII,
2262 5468 2353 5535 20,
2379 5466 2472 5522 2i.

316 5483 345 5511 ι
378 5468 562 5523 Matth.
593 5485 708 5537 nt,
739 5470 822 5524 l9.
893 5471 922 5511 δ
949 5469 1285 5538 Eccie.l,15.

1914 4551 2059 4614 nari,
2085 4560 2132 4605 et
2157 4548 2387 4619 defectus
2418 4544 2687 4601 numerari
2722 4560 2824 4598 non
2843 4542 3033 4612 poterit
3065 4556 3083 4595 :
3117 4540 3316 4612 quibus
3346 4553 3471 4594 mox

1912 4641 2217 4715 explicatis,
2241 4638 2396 4696 Isaiae
2423 4655 2641 4710 quoque
2673 4637 2835 4693 verba
2861 4634 3154 4706 subjungit.

2525 4795 2751 4853 CANON
2790 4794 2856 4853 ν.

1990 4910 2009 4943 ι
2054 4890 2125 4947 lis
2148 4898 2326 4946 autem
2359 4889 2452 4961 qui
2480 4889 2808 4944 simularunt
2837 4896 2979 4944 sicut
3006 4896 3063 4943 et
3093 4886 3264 4943 David
3296 4898 3347 4953 ο,
3376 4887 3470 4959 qui

1924 5000 1942 5035 ι
1987 4998 2047 5039 se
2078 4983 2421 5054 epilepticum
2460 4980 2716 5051 ﬁngebat,
2750 4994 2819 5034 ne
2848 4987 3172 5043 moreretur,
3224 4979 3472 5049 quamvis

1921 5093 1940 5125 ι
1984 5090 2043 5130 re
2069 5090 2194 5129 vera
2214 5072 2535 5143 epilepticus
2556 5086 2666 5126 non
2687 5077 2866 5139 esset;
2895 5079 2951 5126 et
2989 5085 3097 5125 non
3125 5068 3270 5127 nude
3305 5084 3470 5143 nega-

1921 5186 1940 5219 ι
1988 5167 2185 5223 tionem
2211 5166 2626 5236 inscripserunt,
2653 5166 2746 5221 sed
2767 5163 2822 5218 in
2843 5164 3028 5219 multis
3047 5163 3332 5235 angustiis,
3360 5173 3473 5219 tan-

1922 5275 1942 5308 ι
1985 5272 2147 5327 quam
2179 5257 2331 5327 pueri
2364 5254 2595 5311 consilio
2638 5260 2694 5309 et
2737 5251 3025 5324 prudentia
3069 5253 3281 5323 praediti
3329 5253 3471 5309 inter

1923 5367 1942 5401 ι
1988 5364 2189 5421 pueros
2217 5348 2552 5419 insipientes,
2583 5345 2928 5401 inimicorum
2953 5344 3181 5401 insidias
3210 5344 3470 5403 ludiﬁcati

2550 5477 2574 5506 ο
2608 5464 2634 5520 1
2664 5464 2787 5537 Reg.
2833 5478 2945 5529 ut,
2999 5462 3085 5519 15.

1495 5588 1726 5646 νΔΒΙΛΕ
1784 5586 2178 5646 LECTIONES.

319 5680 605 5755 '__xa£_om.
680 5678 702 5708 ⁸
734 5676 1101 5755 δυῃθησεται.
1186 5677 1206 5707 '
1237 5677 1576 5749 λελεγμένον.
1639 5684 1661 5715 ⁸
1693 5681 1842 5739 deest
1871 5684 1997 5755 γάρ.
2066 5682 2107 5716 ⁸·
2137 5680 2221 5745 ὡς·
2243 5679 2481 5735 θάλασσα
2521 5672 2962 5745 ἀνσῦεόρασμένη
2996 5687 3103 5728 om.
3177 5672 3198 5705 ’
3220 5669 3313 5726 καί
3339 5670 3461 5730 add.

251 5749 295 5782 "
336 5749 838 5820 Ἕκκλησιαστικοῡ.
