3906 6194
538 230 644 287 475
1594 228 1651 286 S.
1693 229 1897 286 PETRI
1936 229 2080 286 ALEI

2129 228 2406 286 ANDBINI
2445 229 2750 290 EPISCOPI
3593 246 3671 298 ι’ῖῦ

542 368 564 398 ι
606 352 758 409 sunt,
796 343 878 398 vel
909 350 967 398 ut
998 341 1090 413 qui
1125 340 1319 396 altaria
1346 343 1705 413 pervaserint,
1727 345 1810 399 vel
1843 353 2084 416 tanquau

2131 351 2170 406 Α
2207 364 2226 395 ι
2263 345 2444 408 θόντες
2475 347 2517 377 ⁸ο
2552 345 2784 416 βωμοὺς,
2817 348 2932 418 ἦτοι
2967 351 3042 412 ὡς
3074 351 3673 430 χειρογραφήσαντες,ἧτοι

543 453 564 488 ι
610 437 706 506 qui
739 434 1156 506 chirographum
1187 433 1458 500 dederint,
1500 436 1586 490 vel
1638 444 1697 490 ut
1751 437 1842 507 qui
1897 453 1993 507 pro
2041 453 2085 492 se

2205 456 2222 488 ι
2259 437 2334 501 ῶς
2393 438 2507 490 ἀνθ’
2562 439 2768 491 ἑαυτῶν
2804 440 3052 511 βαλόντες
3102 441 3350 506 ὲθνικοὺς,
3380 445 3423 496 εἰ
3463 448 3543 500 καί
3571 466 3676 503 τισιν

545 546 563 578 ι
609 529 860 584 ethnicos
913 524 1276 592 immiserint;
1309 526 1474 580 etiam
1521 526 1569 581 si
1617 527 1864 582 nonnulli
1908 543 2087 584 eorum

2204 547 2222 578 ‹
2263 529 2439 582 αὑτῶν
2478 529 2856 602 συνεχώρησάν
2889 550 3030 596 τινες
3065 533 3170 587 τῶν
3199 534 3592 607 ὁμολογησάντων
3614 542 3677 606 ¹⁰’,

545 639 565 675 ι
607 622 701 692 qui
740 617 978 674 confessi
1028 627 1179 682 sunt,
1229 627 1286 672 ut
1344 619 1546 684 audivi,
1597 621 1870 691 aliquibus
1911 636 2087 677 eorum

2204 636 2222 668 ι
2264 619 2337 681 ὡς
2361 620 2564 690 ἤκουσα
2601 621 2743 690 (ἐπεὶ
2772 622 3002 692 μάλιστα
3060 626 3196 679 κατὰ
3233 626 3415 698 πολλὴν
3455 627 3679 684 εὑλὰῢειαν

546 733 566 764 s
612 713 956 782 ignoverunt.
1002 710 1260 782 quoniam
1293 712 1529 766 maxima
1556 715 1808 769 cautione
1835 714 2088 780 vitarunt1

2205 728 2223 761 ι
2263 710 2522 780 ἐξέφυγον
2563 713 2873 784 αὐτόχειρες
2914 715 3160 782 γενέσθαι
3187 717 3276 770 τοὺ
3309 719 3462 788 πυρὸς
3495 721 3572 772 καὶ
3610 723 3681 792 τῆς

547 826 565 858 ι
607 821 675 860 ne
704 805 808 875 ipsi
843 804 959 860 suis
990 803 1241 859 manibus
1263 804 1439 874 ignem
1463 803 1723 870 facerent,
1747 813 1802 859 et
1826 806 2089 861 damonas

2206 821 2225 853 ι
2263 803 2671 875 ἀναθυμιάσεως
2695 806 2801 859 τῶν
2834 807 3149 879 ἀκαθάρτων
3169 809 3454 880 δαιμόνων)·
3482 813 3586 864 ἐπεὶ
3604 814 3686 865 τοί-

547 914 564 946 ι
610 895 854 965 impuros
888 892 1132 948 sulﬁrent
1164 913 1176 946 :
1213 894 1337 948 licet
1389 908 1520 948 vero
1578 909 1645 948 ex
1694 895 1904 965 agentis
1947 895 2089 964 igno-

2205 911 2222 943 ι
2263 909 2356 946 νυν
2383 893 2568 947 ἔλαθεν
2600 896 2793 957 αὑτοὺς
2820 896 2974 966 ἀνοίᾳ
2995 896 3147 949 τοῦτο
3182 895 3470 968 πράξαντας
3495 900 3550 959 ιι,
3573 899 3685 968 Eum,-

547 1007 564 1038 ι
611 987 784 1040 rantia
836 1001 932 1040 eos
980 985 1159 1052 latuit,
1214 987 1494 1040 semestris
1539 993 1719 1041 tamen
1770 987 2089 1056 pmnitentia

2205 1004 2222 1035 ι
2261 983 2524 1056 ἑξάμηνος
2553 987 2734 1050 αὑτοῖς
2761 987 3133 1057 ὲπιτεθήσεται
3156 988 3249 1058 τῆς
3275 989 3329 1041 ὲν
3354 989 3580 1060 μετανοίᾳ
3598 991 3686 1041 ἔπι-

547 1100 566 1130 ‹
608 1094 766 1152 ραιηα
797 1079 906 1136 illis
928 1080 1255 1148 imponetur.
1289 1077 1379 1133 Sic
1420 1079 1563 1133 enim
1595 1078 1698 1150 ipsi
1725 1094 1940 1150 quoque
1984 1093 2089 1131 ma‘

2205 1093 2222 1126 ι
2261 1078 2513 1148 στροφῆς.
2547 1077 2699 1130 Οὑτω
2722 1078 2827 1150 γάρ
2859 1079 3056 1149 μᾶλλον
3086 1080 3178 1132 καὶ
3211 1080 3356 1132 αὑτοὶ
3375 1079 3688 1150 ὠφεληθήσον-

548 1193 565 1224 ι
611 1174 692 1244 gis
718 1173 1085 1243 juvabuntur,
1128 1174 1404 1244 propheta:
1431 1173 1634 1228 dictum
1663 1173 2012 1237 meditantes,
2047 1180 2090 1228 et

2205 1189 2223 1220 ι
2257 1187 2366 1234 ται,
2431 1169 2901 1240 καταμελετῶντες
2949 1169 3010 1222 τὸ
3064 1169 3386 1244 προφητικὸν
3437 1169 3593 1241 ῥητὸν,
3619 1171 3688 1220 καὶ

547 1284 565 1313 ι
611 1264 852 1319 dicentes
885 1283 897 1319 :
935 1262 1150 1317 Puellus
1169 1264 1372 1333 genitus
1402 1272 1478 1316 est
1502 1261 1673 1323 nobis.
1695 1263 1842 1332 ﬁlius
1870 1272 1918 1316 et
1944 1262 2089 1316 datu:

2204 1284 2221 1314 ι
2257 1264 2532 1331 λέγοντες·
2562 1262 2808 1316 Παιδίον
2838 1260 3124 1331 ἐγεννήθη
3184 1261 3323 1330 ἡμῖν
3362 1260 3498 1326 υίὸς,
3549 1262 3688 1313 καὶ¹⁸¹

547 1377 565 1408 ι
610 1365 689 1411 est
715 1355 886 1419 nobis,
917 1355 1067 1418 cuius
1105 1355 1434 1424 principatus
1464 1363 1541 1408 est
1564 1355 1618 1407 in
1653 1353 1868 1408 humero
1912 1371 2026 1417 suo,
2051 1367 2089 1408 et

2205 1376 2223 1408 s
2262 1357 2436 1424 ἐδόθη
2468 1355 2628 1426 ἡμῖν,
2651 1352 2722 1410 οὗ
2756 1357 2792 1423 -ἠ
2816 1353 2968 1424 ἁρχὴ
2997 1355 3092 1407 ἐπὶ
3125 1353 3232 1408 τοῦ
3256 1353 3408 1423 ὦμον
3428 1351 3692 1415 αὺτοῦ,καὶ

547 1469 566 1500 ι
612 1458 826 1504 uocatur
847 1463 1032 1502 nomen
1053 1446 1189 1517 ejus,
1211 1446 1388 1516 magni
1419 1446 1627 1500 consilii
1650 1445 1874 1516 Angelus
1900 1458 1946 1496 α.
1972 1444 2089 1512 Qui,

2205 1472 2223 1504 ι
2265 1451 2525 1507 καλεῖται
2551 1449 2616 1504 τὸ
2649 1450 2834 1520 ὄνομα
2858 1447 3042 1504 αὑτοῦ
3065 1446 3329 1517 μεγάλης
3355 1445 3570 1513 ,βουλῆς
3599 1448 3693 1513 Ἀτε-

547 1556 568 1590 ι
612 1545 673 1593 ιιι
701 1537 874 1602 scitis,
899 1538 953 1592 iu
977 1544 1131 1592 sexto
1165 1551 1351 1590 mense
1379 1535 1774 1606 conceptionis,
1807 1551 1928 1589 cum
1960 1537 2089 1591 alius

2205 1563 2224 1598 ι
2261 1548 2454 1614 γελος.
2494 1545 2667 1614 Ὅπερ
2700 1544 2809 1607 "",
2839 1542 2914 1606 ὡς
2950 1543 3082 1606 ἴστε,
3115 1542 3175 1595 ὲν
3206 1540 3280 1610 τῷ
3316 1540 3450 1609 ἕκτῳ
3482 1539 3591 1610 μηνὶ
3621 1539 3691 1606 τῆς

549 1651 569 1684 ι
614 1630 797 1687 infans
842 1629 1193 1702 praedicasset
1233 1638 1354 1682 ante
1381 1627 1658 1682 adventum
1695 1628 1806 1697 ejus
1849 1629 2091 1697 paeniten-

2151 1695 2169 1707 ἱ
2207 1657 2224 1690 ι
2263 1635 2573 1707 συλλήψεως
2605 1635 2697 1688 τοῦ
2730 1634 2914 1707 ἑτέρου
2940 1633 3174 1700 παιδίου,
3209 1631 3299 1686 τοῦ
3322 1629 3693 1703 προκηρύξαντος

547 1742 567 1775 ι
615 1724 744 1778 tiam
766 1723 820 1775 in
846 1720 1204 1775 remissionem
1257 1729 1584 1788 peccatorum
1609 1719 1658 1783 δ,
1689 1727 1983 1790 conceptus
2014 1726 2089 1776 est

2151 1695 2171 1750 ³
2207 1749 2224 1782 ι
2267 1728 2380 1797 πρὸ
2403 1693 2724 1796 προσώπου
2743 1693 2848 1794 τῆς
2868 1725 3107 1779 εἰσόδου
3129 1724 3312 1778 αὑτοῦ
3330 1693 3614 1793 partiretur
3631 1725 3693 1786 εὶς

549 1835 566 1866 ι
612 1821 667 1869 et
719 1815 836 1883 ipse
891 1812 959 1866 ad
1011 1811 1414 1882 prmdicandam
1459 1810 1851 1879 pmnitentiam.
1889 1810 2091 1866 Etenim

2207 1840 2226 1872 ι
2261 1822 2477 1890 ἄφεσιν
2515 1819 2828 1888 ἁμαρτιῶν,
2862 1817 3167 1890 συνελήφθη
3196 1817 3285 1871 καὶ
3315 1815 3436 1870 αὑτὸ
3460 1817 3696 1885 ¹¹⁶“κηρύ.

549 1927 566 1958 ι
616 1916 877 1978 utrosque
907 1905 1158 1961 audimus
1186 1904 1239 1958 in
1276 1903 1465 1974 primis
1488 1903 1842 1973 praedicantes
1874 1919 1981 1958 non
2011 1919 2091 1960 so-

2207 1932 2226 1965 ι
2270 1913 2356 1980 ξαι
2381 1912 2682 1983 μετάνοιαν.
2716 1911 2826 1964 Καὶ
2854 1909 2961 1983 γὰρ
2986 1912 3079 1963 καὶ
3098 1910 3207 1964 τῶν
3233 1909 3531 1981 ἀμφοτέρων
3547 1907 3695 1960 ἀκούο-

548 2017 566 2050 ι
614 1999 726 2053 lum
757 1998 825 2053 de
855 1996 1202 2069 pmnitentia,
1234 1994 1330 2050 sed
1370 2003 1422 2049 et
1475 1993 1544 2049 de
1589 2010 1753 2065 regno
1786 1995 2044 2050 cmlorum
2084 2016 2090 2051 :

2209 2027 2227 2059 ι
2263 2024 2360 2078 μεν
2405 2008 2460 2059 ὲν
2498 2004 2731 2076 πρώτοις
2763 2003 3137 2076 κηρυττόντων
3170 2004 3211 2035 ¹²
3239 2005 3299 2057 οὑ
3333 2001 3477 2073 μόνον
3498 2000 3604 2071 ιπερὶ
3629 2016 3699 2069 με·

547 2111 566 2143 ι
610 2090 756 2162 quod
789 2091 1030 2162 quidem,
1064 2096 1125 2143 ut
1157 2087 1467 2155 didicimus,
1500 2090 1643 2142 intra
1672 2105 1765 2141 nos
1789 2097 1933 2153 este,
1957 2089 2089 2160 quod

2211 2119 2230 2151 ι
2264 2099 2500 2164 τανοίας,
2549 2097 2684 2152 ἀλλὰ
2715 2098 2807 2151 καὶ
2853 2099 2980 2169 περὶ
3012 2097 3288 2169 βασιλείας
3317 2094 3558 2167 οὐρανῶν,
3590 2093 3695 2162 ἥτις,

547 2203 566 2234 ι
617 2199 774 2254 prope
796 2199 889 2238 nos
913 2183 982 2237 sit
1007 2181 1217 2236 uerbum
1251 2180 1399 2252 quod
1430 2180 1705 2236 credimus
1734 2181 1785 2234 in
1809 2198 1896 2236 ore
1921 2192 2089 2236 nostra

2211 2211 2229 2242 ι
2265 2189 2444 2255 καθὼς
2476 2191 2888 2262 μεμαθήκαμεν,
2911 2189 3082 2256 ἐνετὸς
3100 2190 3274 2259 ἡμῶν
3297 2189 3445 2253 ἐστι,
3479 2186 3546 2257 τῷ
3565 2186 3699 2254 ἐγγὺς

546 2295 566 2328 ι
613 2287 669 2333 et
695 2277 859 2334 corde
905 2283 1117 2339 nostro,
1152 2275 1298 2345 quod
1336 2273 1495 2329 Jesus
1523 2281 1606 2328 est
1635 2274 1888 2331 Christus
1927 2296 1939 2330 :
1988 2293 2088 2330 cre-

2213 2301 2230 2334 t
2263 2283 2430 2352 ἡμῶν
2446 2280 2596 2339 εἶναι
2625 2283 2690 2337 τὸ
2707 2282 2869 2354 ῥῆμα
2901 2283 2929 2336 ὂ
2967 2283 3296 2353 πιστεύομεν
3327 2281 3394 2335 ἐν
3413 2279 3485 2345 τῷ
3505 2280 3699 2346 στόματι

548 2388 569 2422 s
613 2369 789 2425 dentes
810 2371 864 2424 in
894 2368 1048 2424 corde
1071 2376 1272 2431 nostra,
1301 2366 1438 2437 quod
1471 2366 1606 2420 Deus
1633 2366 1803 2434 ipsum
1831 2369 2090 2423 suscitavit

2212 2391 2231 2423 ι
2264 2371 2490 2426 ἑαυτῶν
2535 2373 2629 2426 καὶ
2683 2374 2740 2428 ὲν
2769 2376 2834 2444 τῇ
2879 2372 3070 2446 καρδία
3106 2371 3319 2426 ἑαυτῶν
3340 2388 3354 2401 ⁸
3388 2370 3502 2441 περὶ
3540 2363 3596 2438 ἧς
3634 2368 3701 2420 καὶ

545 2481 566 2515 ι
611 2479 677 2517 ex
705 2463 967 2516 mortuis:
997 2467 1058 2515 ut
1085 2460 1179 2530 qui
1218 2459 1443 2513 audiant
1495 2459 1637 2528 quod
1689 2460 1845 2513 corde
1894 2461 2087 2530 quidem

2211 2483 2228 2514 ι
2268 2464 2420 2518 αὑτοὶ
2446 2464 2900 2536 ὑπομνησθέντες,
2927 2465 3265 2536 μαθήσονται
3293 2464 3549 2534 ὁμολογεῖν
3572 2463 3618 2514 ἐν
3645 2460 3699 2527 τῷ

545 2571 566 2606 s
613 2552 848 2607 creditur
879 2550 947 2605 ad
971 2550 1264 2620 justitiam,
1291 2564 1380 2602 ore
1429 2557 1603 2601 autem
1651 2549 1908 2616 confessio
1937 2551 1998 2618 ﬁt
2028 2561 2087 2603 aa

2212 2577 2230 2609 ι
2272 2559 2498 2628 στόματι
2527 2557 2732 2611 ἑαυτῶν
2778 2559 2840 2623 ⁸³,
2887 2559 2968 2612 ὃτι
3014 2558 3227 2630 Ἰησοῦς
3277 2557 3494 2630 Χριστός
3523 2554 3700 2626 (4)·πι·

542 2661 566 2695 σ
606 2645 831 2699 salutem
853 2642 901 2698 δ.
950 2663 972 2697 ι
2213 2666 2231 2699 ι
2271 2650 2588 2716 στεύοντες
2612 2650 2682 2702 ἐν
2712 2648 2786 2717 τῇ
2808 2649 3015 2718 καρδίᾳ
3034 2648 3289 2712 ἑαυτῶν,
3318 2648 3401 2701 ὅτι
3427 2651 3457 2701 ό
3483 2647 3602 2710 Θεὸς
3625 2646 3702 2696 αὐ-

545 2757 566 2789 (
603 2735 711 2790 τὸν
729 2735 964 2805 ἤγειρεν
987 2735 1056 2790 ἐκ
1089 2732 1328 2800 νεκρῶν
1362 2729 1454 2784 ἆτε
1487 2730 1550 2801 δὴ
1619 2723 1663 2758 ⁸⁵
1706 2732 2012 2800 ἀκούοντες,
2037 2736 2118 2790 ὅτι
2144 2739 2354 2809 καρδίᾳ
2377 2741 2493 2811 μὲν
2523 2744 2856 2797 πιστεύεται
2891 2743 2934 2774 ⁸⁸
2964 2743 3051 2807 εις
3074 2740 3482 2808 δικαιοσύνην,
3509 2738 3702 2806 στόματι

546 2847 568 2884 s
604 2829 671 2883 δὲ
700 2827 1065 2898 ὁμολογεῖται
1089 2829 1176 2892 είς
1195 2825 1511 2894 σωτηρίαν.
1553 2843 1571 2875 ι

609 2923 768 2978 ΒΑιε.
813 2919 868 2975 Si
898 2921 991 2991 qui
1024 2928 1200 2973 autem
1232 2919 1557 2972 simularunt
1607 2933 1666 2972 se
1718 2917 1785 2972 ad
1825 2933 1948 2973 aras
1973 2918 2093 2988 qui-
2142 2996 2151 2999 _

2159 2998 2166 2999 ί
2268 2921 2462 2978 ΒΑΛΣ.
2506 2924 2569 2977 Ei
2624 2922 2680 2976 δέ
2737 2940 2879 2988 τινες
2913 2923 3295 2999 ὑπεκρίθησαν
3342 2927 3437 2998 μὲν
3476 2925 3701 2999 προσιέναι

539 3019 663 3075 dem
687 3015 966 3082 accedere,
1002 3013 1084 3070 vel
1110 3013 1349 3074 scribere
1363 3012 1505 3082 quod
1541 3009 1697 3066 ﬁdem
1730 3017 1958 3082 negant;
1984 3027 2081 3066 non

2157 2998 2169 3052 ἶ
2201 3013 2311 3076 τοῖς
2345 3013 2565 3085 βωμοῖς,
2595 3015 2712 3084 ἦτοι
2735 3015 2963 3086 γράψαι,
2997 3015 3079 3068 ὅτι
3112 3017 3400 3089 ἀρνοῦνται
3430 3017 3518 3087 τὴν
3546 3017 3699 3072 πίστιν.

542 3111 683 3166 unde
717 3117 896 3163 autem
925 3113 978 3161 et
1009 3114 1194 3174 aperte
1225 3103 1325 3159 hoc
1353 3103 1620 3167 fecerunt,
1647 3102 1740 3158 sed
1764 3110 1879 3157 arte
1911 3103 2084 3173 aliqua

2203 3103 2264 3154 οὑ
2290 3103 2506 3174 γυμνῶς
2526 3104 2582 3156 δὲ
2622 3104 2714 3158 καὶ
2747 3105 2992 3178 φανερῶς
3018 3106 3186 3160 τοῦτο
3214 3109 3484 3179 ἐποίησαν,
3511 3105 3624 3160 ἀλλὰ
3641 3105 3705 3158 διὰ

540 3218 638 3259 eos
667 3201 759 3271 qui
792 3199 897 3254 vim
921 3195 1241 3258 aﬁ‘erebant,
1274 3194 1595 3260 illuserunt;
1632 3192 1773 3248 sicut
1807 3191 1974 3248 David
2004 3197 2082 3264 qu1

2202 3211 2347 3256 τινος
2394 3195 2611 3265 μεθόδου
2637 3195 2910 3264 διέπαιξαν
2955 3199 3080 3262 τοὺς
3135 3199 3414 3270 βιάζοντας
3447 3198 3703 3261 αὑτοὺς.ιῖ›ς
3740 3221 3743 3226 '

543 3311 603 3350 se
629 3291 888 3365 epilepsia
917 3297 1228 3359 correptum
1260 3287 1536 3347 simulavit
1561 3300 1682 3340 cum
1708 3283 1914 3355 fugeret
1962 3284 2085 3339 Sau-

2202 3284 2230 3335 ὁ
2265 3285 2427 3338 Δαϐὶδ
2458 3287 2544 3339 ὅτε
2583 3287 2670 3340 τὸν
2698 3288 2991 3360 ἐπίληπτον
3046 3289 3344 3365 ὑπεκρίθη,
3392 3291 3583 3361 φεύγων
3641 3288 3704 3340 τὸν

542 3388 670 3454 lem,
699 3393 753 3441 et
779 3391 923 3440 esset
945 3381 1086 3454 apud
1115 3381 1482 3450 alienigenas;
1509 3387 1562 3433 et
1591 3378 1663 3432 ita
1707 3385 1932 3435 mortem
1974 3392 2084 3432 eva-

2202 3377 2391 3441 Σαοὺλ,
2425 3379 2520 3431 καὶ
2563 3379 2696 3450 πρὸς
2737 3383 2861 3444 τοὺς
2923 3380 3258 3450 ἀλλοφύλους
3308 3384 3596 3453 γενόμενος,
3639 3379 3706 3431 καὶ

542 3478 616 3532 sit
643 3496 657 3531 :
687 3476 974 3530 illuserunt
1007 3480 1187 3527 autem
1214 3471 1558 3524 inimicorum
1582 3468 1832 3534 insidias,
1861 3477 1922 3522 ut
1938 3468 2080 3537 puell

2199 3467 2340 3522 οὑτω
2366 3469 2455 3523 τὸν
2483 3469 2708 3523 θάνατον
2739 3471 3064 3542 διαπέφευγε
3085 3491 3098 3504 ⁸
3140 3476 3419 3542 διέπαιξαν
3445 3475 3496 3527 δὲ
3523 3473 3606 3536 τὰς
3625 3470 3705 3522 τῶν

541 3569 776 3626 consilio
827 3566 1224 3639 prudentiaque
1285 3561 1492 3632 praediti
1539 3575 1738 3630 pueros
1784 3560 2083 3629 insipiente:

2200 3559 2406 3640 ἐχθρῶν
2448 3561 2756 3625 ἐπιϐουλὰς,
2807 3562 2880 3627 ὡς
2931 3563 3120 3618 παιδία
3174 3565 3482 3636 βουλευτικά
3516 3565 3706 3633 ἔμφρονα

541 3661 768 3718 eludunt
799 3679 812 3714 :
851 3659 1046 3728 impios
1067 3656 1211 3711 enim
1239 3655 1563 3715 fefellerunt,
1598 3650 1743 3720 quod
1792 3650 2083 3705 sacriﬁcari

2199 3651 2565 3717 διαπαίζουσιν
2616 3652 2854 3723 ἄφρονας
2912 3653 3106 3716 παῖδας
3130 3672 3145 3684 °
3174 3656 3456 3726 ἠπάτησαν
3495 3653 3588 3723 γὰρ
3613 3649 3708 3709 τοὺς

541 3753 759 3823 quidem
801 3749 905 3804 visi
956 3755 1103 3811 sunt,
1134 3760 1244 3801 non
1285 3752 1464 3798 tamen
1493 3743 1911 3797 sacriﬁcarunt:
1961 3739 2083 3794 lortt

2200 3743 2435 3809 ἀσεϐεῖς,
2483 3744 2570 3804 διὰ
2608 3745 2666 3802 τὸ
2709 3745 2856 3811 δόξαι
2916 3746 3013 3815 μὲν
3043 3746 3222 3811 θύειν,
3263 3747 3334 3819 μὴ
3367 3747 3510 3800 θῦσαι
3535 3745 3613 3797 δέ’
3641 3759 3711 3792 τυ·

541 3844 686 3899 cnim
722 3857 819 3913 pro
860 3856 918 3896 se
949 3838 1195 3897 ethnicos
1237 3836 1320 3890 vel
1349 3834 1590 3888 iulideles
1625 3831 2014 3895 submiserunt,
2046 3842 2083 3886 ει

2200 3835 2293 3904 χον
2323 3836 2434 3911 γὰρ
2460 3835 2573 3892 ἀνθ’
2623 3837 2831 3894 ἑαυτῶν
2854 3836 3124 3894 ὑπέϐαλον
3155 3840 3396 3903 ὲθνικοὺς
3425 3838 3456 3909 ἦ
3481 3835 3709 3894 ἀπίστους.

545 3951 642 4007 per
692 3935 814 3990 illos
861 3931 1171 3990 sacriﬁcare
1213 3929 1361 3998 ipsos
1393 3926 1774 4012 existimarunt
1811 3942 1825 3977 :
1859 3925 1958 3989 eis,
2015 3925 2087 3979 in-

2201 3927 2294 3980 καὶ
2319 3927 2385 3979 δι’
2419 3927 2637 3982 ἐκείνων
2686 3929 2938 4000 ἐνόμισαν
2986 3929 3314 3988 τεθυκέναι·
3347 3933 3452 3993 τοῖς
3482 3925 3712 3984 τοιούτοις,

545 4029 684 4100 quit,
730 4035 992 4084 semestre
1042 4031 1252 4092 tempus
1293 4012 1519 4076 sufﬁciet
1571 4017 1636 4072 ad
1700 4017 2087 4088 pmnitentiam.

2202 4019 2388 4087 φησὶν,
2448 4017 2713 4090 ἑξάμηνος
2757 4019 2945 4092 καιρὸς
2971 4020 3187 4093 ἀρκέσῃ
3212 4022 3292 4087 εἰς
3319 4019 3590 4094 μετάνοιαν.
3617 4013 3711 4066 Κᾶν

545 4121 662 4176 Etsi
687 4121 830 4176 enim
860 4133 968 4174 non
997 4114 1387 4173 sacriﬁcarunt,
1423 4111 1549 4180 quia
1581 4117 1761 4163 tamen
1792 4109 2087 4165 sacriﬁcare

2200 4111 2306 4181 γὰρ
2336 4111 2434 4163 οὑκ
2457 4110 2671 4175 ἔθυσαν,
2708 4110 2820 4164 ἀλλ’
2853 4112 2934 4169 ὅτι
2967 4112 3256 4168 συνέθεντο
3301 4115 3446 4168 θῦσαι
3472 4113 3499 4181 ἢ
3530 4108 3711 4176 ἑτέρους

547 4211 772 4284 polliciti
822 4215 970 4270 sunt,
1009 4206 1095 4260 vel
1143 4205 1278 4260 alios
1334 4201 1725 4266 submiserunt,
1785 4200 2089 4270 paenitentia

2202 4205 2486 4266 ὑπέϐαλον,
2514 4204 2865 4276 ἐλογίσθησαν
2880 4204 3084 4266 δεῖσθαι
3114 4208 3420 4277 μετανοίας,
3441 4205 3479 4257 ει
3500 4199 3576 4254 καί
3591 4213 3708 4250 τισιν

547 4299 794 4370 indigere
825 4305 952 4353 sunt
983 4294 1313 4360 existimati;
1346 4291 1563 4346 etiamsi
1605 4292 1881 4346 nonnullis
1909 4307 2089 4346 eorum

2171 4365 2174 4370 λ
2202 4295 2376 4348 αὑτῶν
2425 4294 2802 4370 συνεχώρησάν
2837 4311 2982 4359 τινες
3009 4296 3121 4349 τῶν
3150 4297 3579 4370 μαρτυρησάντων
3596 4287 3713 4356 ὑπὲρ

547 4349 868 4465 igno:erunt
920 4388 1162 4459 quidam,
1205 4386 1296 4455 qui
1342 4401 1440 4455 pro
1470 4385 1572 4439 ﬁde
1610 4382 1979 4438 testimonium
2009 4383 2089 4436 de-

2170 4363 2174 4391 ’
2203 4390 2301 4460 τῆς
2359 4349 2610 4452 πίστεως
2631 4349 2642 4366 ⁸
2679 4349 2989 4453 ’λπεικάζει
3037 4389 3094 4450 δὲ
3141 4349 3364 4456 τούτους
3387 4349 3521 4445 παισὶ
3545 4383 3625 4456 μὲν
3653 4380 3712 4439 ὡς

546 4486 700 4541 dere.
724 4481 832 4537 Eos
857 4487 1034 4534 autem
1071 4476 1256 4550 pueris
1285 4475 1501 4547 quidem
1530 4472 1759 4537 confert,
1796 4482 1853 4527 ut
1873 4475 1964 4543 qui
1993 4488 2088 4528 nor

2207 4480 2280 4552 μὴ
2323 4479 2586 4552 ἀνδρικῶς
2643 4480 3139 4548 ἀντικαταστάντας
3183 4488 3298 4552 τοῖς
3346 4479 3713 4546 εἰδωλολάτραις.

542 4579 773 4635 viriliter
798 4572 1100 4629 idololatris
1125 4569 1477 4635 restiterunt;
1499 4565 1856 4638 prudentibus
1880 4581 2028 4633 vero,
2044 4581 2084 4620 ut

2203 4572 2434 4644 ἔμφροσι
2493 4573 2549 4625 δὲ
2594 4573 2669 4638 ὡς
2705 4573 3006 4645 εὑμεθόδως
3052 4576 3155 4646 τὴν
3189 4577 3378 4631 θυσίαν
3401 4573 3711 4632 ἑκκλίνανταςσ

546 4669 640 4742 qui
674 4664 903 4721 artiﬁcio
927 4660 1194 4718 sacriﬁcia
1215 4659 1578 4714 declinarunt.

619 4759 823 4814 Ζοιωι.
865 4753 923 4809 Si
964 4753 1057 4825 qui
1106 4766 1235 4807 vero
1264 4749 1332 4805 ad
1361 4765 1485 4805 aras
1514 4749 1734 4820 quidem
1761 4765 1820 4806 se
1845 4747 2100 4804 accedere

2273 4751 2516 4804 ΖΩΝΑΡ.
2539 4753 2600 4805 Ei
2651 4753 2707 4806 δέ
2760 4771 2901 4819 τινες
2939 4754 3321 4827 ὑπεκρίθησαν
3357 4753 3450 4825 μὲν
3485 4746 3714 4821 προσιέναι

550 4852 898 4915 simularunt,
923 4855 1018 4901 aut
1041 4844 1280 4902 scribere
1302 4841 1446 4915 quod
1469 4841 1627 4896 ﬁdem
1658 4851 1876 4913 negant,
1907 4856 2092 4897 verum

2203 4846 2314 4907 τοῖς
2342 4843 2560 4915 βωμοῖς,
2587 4846 2703 4917 ἦτοι
2741 4847 2967 4918 γράψαι,
3004 4848 3085 4901 ὅτι
3118 4847 3408 4919 ἀρνοῦνται
3439 4843 3526 4915 τὴν
3553 4841 3717 4899 πίστινι

621 5021 648 5052 ι
673 5007 786 5066 Isa.
821 5021 896 5072 Ix,
921 5003 974 5059 6.
1050 5003 1078 5042 δ
1106 5000 1233 5058 Luc.
1261 5015 1302 5065 ι,
1343 4997 1430 5064 76,
1465 4997 1551 5061 Τί.
1632 5009 1653 5037 ο
1680 4995 1808 5051 Luc.
1840 4995 2083 5057 xvu,2l.
2158 5013 2163 5034 ε

1106 5000 1233 5058 Luc.
1261 5015 1302 5065 ι,
1343 4997 1430 5064 76,
1465 4997 1551 5061 Τί.
1632 5009 1653 5037 ο
1680 4995 1808 5051 Luc.
1840 4995 2083 5057 xvu,2l.
2158 4996 2184 5038 ἀ
2216 4997 2364 5055 Rom.
2391 5016 2444 5064 χ,
2475 4999 2622 5055 8-10.

1805 5138 2037 5196 VARLE
2074 5139 2469 5199 LECTIONES.

650 5289 692 5320 "
727 5284 1094 5350 διελθόντας...
1160 5283 1760 5356 χειρογραφῄσαντας...
1815 5279 2091 5356 βαλόντας.
2143 5351 2154 5356 _
2192 5280 2256 5314 “'
2295 5283 2662 5356 ὁμολογητῶν.
2773 5286 2810 5316 ¹¹
2843 5283 2953 5356 7τοὺ
2989 5283 3330 5356 πράξαντος,
3445 5271 3708 5356 ιιχὲγενήθη

551 5357 702 5428 ημῖν,
735 5358 850 5420 υἱὸς
870 5349 1016 5428 καις
1063 5349 1364 5428 ⁴¹⁹Α⁶τὸσπερξ
1433 5349 1548 5428 1"“
1579 5353 1759 5428 αὑτός.
1795 5349 1880 5428 Al“
1919 5349 2342 5428 κηρυσσόντων..’
2389 5349 2569 5428 ιβπερὶ
2591 5349 2658 5428 ἧς
2683 5355 2772 5407 καὶ
2797 5355 2946 5408 αὑτοὶ
2977 5349 3411 5426 ὑπομνησθέντες
3441 5349 3707 5423 μαθήσονται

551 5421 824 5498 ὁμολογεῖν
849 5430 906 5480 ὲν
934 5425 1011 5497 τῷ
1042 5425 1265 5496 στόματι
1297 5421 1500 5476 ἑαυτῶν
1539 5438 1648 5478 om.
1720 5423 1762 5454 “
1790 5421 1866 5476 δέ.
1944 5422 1986 5453 ¹⁵
2014 5421 2361 5478 πιστεύετε...
2397 5421 2717 5494 ὁμολογεῖτε.

618 5562 696 5633 ιι)
727 5563 843 5616 Ὅτι
880 5566 1106 5631 Ἰησοῦς
1137 5567 1407 5632 Χριστός.
1436 5563 1816 5619 Harduinusin
1849 5577 1945 5620 sua
1971 5562 2107 5616 Con—
2210 5573 2387 5619 autem
2437 5563 2586 5618 locus
2618 5575 2790 5633 pauto
2839 5563 2990 5618 aliter
3031 5560 3254 5623 ell‘crtur
3301 5563 3356 5619 in
3413 5559 3532 5616 edit.
3575 5547 3706 5608 Paris.

549 5632 1056 5706 ciliorumeditjone
1104 5649 1191 5706 οιΔ
1217 5651 1319 5706 ms.
1366 5633 1542 5706 Regio,
1580 5635 1740 5696 2058,
1781 5636 1863 5706 δτι
1907 5633 2106 5706 Κύριος
2211 5635 2432 5692 Zonarm
2459 5641 2512 5690 et
2537 5632 2891 5690 Balsamonis.

563 5700 886 5772 ἰησοὺς.8ἰε
915 5700 1137 5770 Rom.x,
1166 5703 1216 5757 9.
1248 5700 1392 5760 Idem
1423 5700 1582 5776 paulo
1607 5713 1748 5776 post,
1776 5704 1868 5758 ἅτε
1902 5700 2105 5774 θηλῆς
