1953 3097
148 141 195 171 477

758 142 924 171 EPISTOLA
944 142 1126 173 CANONICA.

1700 145 1753 172 £78

149 201 178 228 οὐ
197 201 306 242 γυμνῶς
329 201 357 227 δὲ
377 201 405 227 τὰ
416 201 482 236 πρὸς
501 201 614 237 ἄρνησιν
633 201 764 238 ἔγραψαν,
791 202 851 229 ἀντὶ
876 202 923 228 τοῦ

980 211 1034 238 qua
1046 203 1080 230 ad
1099 202 1304 238 abnegationem
1328 206 1452 238 spectant
1467 210 1522 230 non
1538 202 1609 230 nude
1636 202 1754 237 scripse—

150 246 197 273 οὐκ
218 245 471 281 ἀπαρακαλύπτως,
489 246 517 273 οὐ
544 248 677 283 φανερῶς,
701 247 769 274 ἀλλὰ.
789 248 834 274 διά
856 253 929 276 τινος

152 289 257 325 μεθόδου
270 289 408 323 διέπαιξαν
424 291 485 322 τοὺς
507 290 647 325 βιάζοντας
662 293 767 325 αὐτοὺς,
786 293 824 324 ὡς
842 294 856 319 ό
874 293 927 318 Δα-

151 334 190 360 ϐὶδ
208 335 252 360 ὅτε
265 335 311 361 τὸν
323 335 469 370 ἐπίληπτον
492 336 622 372 ὐπεκρίθη
649 337 756 372 φεύγων
771 337 817 364 τὸν
832 338 927 369 Σαοὺλ,

148 381 191 406 καὶ
205 380 276 415 πρὸς
294 381 358 412 τοὺς
383 381 546 416 ἀλλοφύλους
559 382 713 417 γενόμενος,
729 384 775 410 καὶ
796 383 867 410 οὕτω
882 383 928 410 τὸν

145 425 259 452 θάνατον
284 426 462 462 διαπέφευγε·
491 428 631 461 διέπαιξαν
658 429 697 460 δὲ,
715 430 791 465 φησι,
808 430 856 461 τὰς
874 430 928 457 τῶν

143 472 248 507 ἐχθρῶν
270 473 425 505 ἐπιϐουλὰς,
447 474 484 506 ὡς
498 474 589 502 παιδία
609 474 777 510 βουλευτικὰ,
794 475 926 511 ἔμφρονα,

144 518 273 554 φρόνιμα,
284 519 330 545 καὶ
343 519 459 550 συνετῶς
466 519 566 555 δηλαδὴ
578 520 765 556 βουλευόμενα.
777 520 929 554 διαπαίζου-

142 572 183 591 σιν
191 565 220 590 ἐν
228 564 329 601 ἄφροσι
337 564 461 596 παιδίοις.
467 566 602 602 Ἐμφροσι
608 567 635 593 δὲ
643 566 785 599 ἀπεικάζει
792 568 854 599 τοὺς
860 568 929 594 ἀπα-

141 612 280 646 τήσαντας
287 611 350 643 τοὺς
358 612 473 644 ἀσεϐεῖς,
486 613 532 639 καὶ
539 613 666 646 δόξαντας
677 614 725 649 μὲν
735 613 818 645 θύειν,
833 614 869 649 μὴ
882 614 928 641 θύ-

142 665 242 688 σαντας
251 657 290 683 δέ·
307 657 443 693 ἔμφρονας
452 659 500 694 μὲν
507 659 543 691 ὼς
553 659 601 695 τὴν
611 660 705 686 Θυσίαν
713 659 780 691 τέως
790 659 928 686 ἐκκλίνειν-

141 711 189 734 τις
197 703 230 718 ⁸⁸·
242 711 249 717 ·
265 703 400 735 παιδείους
408 704 445 735 δὲ,
456 705 494 736 ὡς
504 705 540 740 μὴ
550 705 649 732 τέλειον
658 706 704 732 καὶ
709 705 839 742 ἀνδρῶδες
845 706 927 733 ἐνδει-

142 749 172 781 Ea
176 749 276 784 μένους
285 749 419 785 φρόνημα,
432 751 477 776 καὶ
485 751 615 784 γενναίως
621 752 866 785 ἀντικαταστάντας
873 755 928 785 τοῖς

141 795 359 831 εἰδωλολάτραις,
377 796 433 822 ἀλλ’
446 797 519 832 ὅμως
542 797 721 833 συνθεμένους
736 799 826 831 θῦσαι,
844 800 868 826 εἰ
882 799 928 826 καί

140 850 213 873 τινες
226 842 272 858 ""
288 841 345 869 ἀνθ’
360 843 463 870 ἑαυτῶν
474 843 606 870 ὑπέϐαλον
620 844 751 877 ὲθνικοὺς,
766 846 849 881 ἤγουν
862 846 927 873 ἀπί-

141 896 239 919 στους,
268 888 314 914 καὶ
346 888 456 915 ἐκείνων
490 889 627 916 θυσάντων
652 891 830 927 ἐνομίσθησαν
854 892 929 918 αὐτοὶ
945 882 965 909 Β

139 933 295 961 ⁴τεθυκέναι.
328 935 391 966 Τοῖς
406 935 544 968 τοιούτοις,
575 937 666 971 φησιν,
682 937 815 973 ἑξάμηνος
834 938 928 973 καιρὸς

141 979 287 1016 ἐξαρκέσει
303 980 343 1011 εἰς
369 981 520 1015 μετάνοιαν.
543 982 602 1008 Κᾶν
616 983 670 1019 γὰρ
688 984 737 1010 οὐκ
750 984 857 1016 ἔθυσαν,
870 984 927 1010 ἀλλ’

138 1027 180 1053 ὁτι
207 1026 350 1053 συνέθεντο
375 1027 464 1060 θῦσαι,
486 1028 503 1064 ἢ
534 1029 574 1055 ὅτι
593 1030 702 1065 ἑτέρους
726 1030 868 1062 ὑπέϐαλον,
882 1031 928 1057 καὶ

137 1071 235 1104 ἔδοξαν
252 1072 329 1098 αὐτοὶ
347 1071 436 1105 θῦσαι,
455 1073 632 1109 ἐλογίσθησαν
650 1074 752 1102 δεῖσθαι
774 1076 926 1111 μετανοίας,

138 1117 162 1142 εξ
177 1116 227 1142 καί
240 1125 312 1143 τισιν
331 1116 420 1143 αὐτῶν
436 1118 625 1155 συνεχώρησάν
638 1128 709 1152 τινες
726 1119 779 1146 τῶν
795 1121 927 1157 ὁμολογη-

138 1162 259 1189 σάντων.
275 1162 353 1194 Τινὲς
365 1163 418 1199 γὰρ
427 1163 480 1190 τῶν
494 1166 723 1201 μαρτυρησάντων
734 1167 780 1193 καὶ
790 1166 928 1194 παθόντων

137 1208 214 1243 ὑπὲρ
228 1208 279 1242 τῆς
305 1208 422 1241 πίστεως
443 1210 633 1246 συνεχώρησαν
654 1213 709 1244 τοῖς
730 1212 773 1239 διὰ
799 1213 927 1248 μεθόδων,

136 1253 178 1285 ὼς
203 1253 321 1289 εἴρηται,
347 1255 384 1290 μὴ
399 1255 505 1287 θύσασι,
526 1257 572 1283 καὶ
589 1257 711 1290 ἐδέξαντο
733 1259 830 1291 αὐτοὺς
861 1259 928 1294 μετά

137 1299 197 1326 τῶν
223 1300 337 1333 πιστῶν,
363 1301 404 1327 ὃτι
424 1302 553 1337 ἐξέφυγον
569 1303 743 1340 πολυτρόπως
757 1305 787 1331 τὸ
803 1305 928 1333 θυσιάσαι

138 1346 199 1376 τοῖς
212 1344 332 1379 δαίμοσι.
347 1345 395 1372 Διὰ
408 1346 436 1372 δὲ
446 1346 494 1381 τὴν
515 1347 648 1383 ἑξάμηνον
667 1348 834 1384 προθεσμίαν
845 1349 929 1385 ὲμνή-

139 1390 194 1426 σθη
220 1391 269 1417 τοῦ
300 1391 343 1418 διὰ
368 1392 485 1428 Γαϐριὴλ
509 1394 674 1429 μηνύματος,
695 1394 741 1421 τοῦ
759 1394 837 1429 ὲντῷ
858 1395 928 1430 ἕκτῳ

139 1438 210 1473 μηνὶ
239 1438 290 1473 τῆς
318 1438 472 1474 συλλήψεως
494 1440 540 1466 τοῦ
563 1438 735 1476 Προδρόμου,
769 1441 797 1468 ἑν
820 1438 843 1475 ᾧ
867 1450 928 1468 συν-

139 1484 249 1519 ελήφθη
276 1486 290 1511 ὁ
316 1484 426 1520 Κύριος.
457 1485 595 1522 Ἐπιφέρει
618 1487 646 1513 δὲ
667 1487 713 1513 καὶ
734 1488 845 1523 ῥήματα
858 1487 927 1514 ἁπο-

144 1530 265 1556 στολικά·

980 253 1053 278 runt.
1067 249 1118 276 hoc
1133 252 1175 276 est
1186 256 1241 276 non
1252 249 1406 281 manifeste,
1419 257 1472 276 non
1486 253 1592 284 aperte;
1610 249 1657 277 sed
1671 249 1756 276 artiﬁ-

979 294 1022 322 cio
1035 293 1153 329 quodam
1167 301 1214 322 eos
1228 294 1275 329 qui
1288 294 1341 321 vim
1358 294 1511 322 inferebant
1527 294 1657 321 ludiﬁcati
1668 297 1732 322 sunt
1746 303 1753 321 :

979 346 1008 369 ut
1022 341 1116 374 David,
1133 341 1179 376 qui
1193 341 1256 368 dum
1271 340 1380 368 Saulem
1394 341 1507 377 fugeret,
1525 349 1557 368 ac
1579 341 1612 368 ad
1633 341 1757 377 alienige-

978 397 1027 416 nas
1042 388 1206 419 devenisset.
1232 395 1261 415 se
1286 388 1458 423 epilepticum
1476 388 1562 420 ﬁnxit,
1576 395 1662 423 eoque
1677 391 1756 423 pacto

977 438 1091 462 mortem
1106 434 1226 461 evitavit.
1241 433 1384 460 Luditicati
1397 441 1477 469 porro
1492 438 1567 465 sunt,
1584 434 1682 469 inquit,
1701 434 1755 461 ini-

977 479 1110 506 micorum
1126 479 1258 511 insidias;
1272 479 1355 506 veluti
1372 479 1446 513 pueri
1464 479 1623 513 prudentes,
1639 479 1755 507 consilio

977 522 1105 551 nimirum
1121 531 1152 550 ac
1165 524 1307 559 prudentia
1324 523 1441 558 przediti,
1460 524 1561 558 quique
1585 524 1689 551 scilicet
1711 532 1756 552 so-

977 568 1060 596 lerter
1075 570 1219 597 consilium
1237 570 1386 605 capientes,
1404 570 1563 604 insipientes
1575 578 1674 605 pueros
1693 571 1756 598 illu-

977 616 1055 642 dunt.
1071 615 1254 643 Prudentibus
1278 620 1366 642 autem
1391 619 1531 650 comparat
1547 624 1594 643 eos
1618 624 1633 643 a
1657 617 1756 652 quibus

977 662 1082 697 decepti
1099 666 1162 689 sunt
1173 662 1260 697 impii,
1273 663 1375 698 quique
1386 670 1447 690 cum
1462 671 1516 690 non
1531 662 1755 694 sacriﬁcaverint,

978 707 1135 734 sacriﬁcare
1148 707 1327 735 nihilominus
1341 707 1391 735 visi
1415 711 1497 740 sunt;
1526 707 1673 742 prudentes
1696 708 1756 742 qui-

977 753 1050 783 dem,
1067 755 1097 778 ut
1107 752 1152 787 qui
1168 751 1334 779 sacriﬁcium
1350 760 1472 787 eousque
1491 752 1650 778 evitaverint
1667 761 1674 779 :
1691 760 1757 787 pue-

977 806 1023 826 ros
1040 804 1140 831 autem,
1157 798 1229 833 quod
1246 798 1397 834 perfectum
1411 806 1443 825 ac
1460 799 1566 825 virilem
1580 805 1690 825 sensum
1707 799 1757 824 mi-

978 845 1050 871 nime
1063 843 1209 875 induerint,
1229 852 1280 872 nec
1296 851 1426 880 generose
1448 843 1582 871 idolorum
1605 843 1757 871 cultoribus

980 890 1174 925 repugnarint;
1191 897 1285 918 verum
1310 897 1339 917 se
1357 889 1560 917 sacrilicaturos
1586 892 1650 916 sunt
1674 889 1755 924 pacti.

978 936 1057 963 etiam
1067 937 1089 963 si
1098 936 1229 971 quosdam
1247 943 1295 970 pro
1317 943 1347 963 se
1362 935 1548 968 submiserint,
1560 935 1695 967 ethnicos,
1705 935 1756 962 hoc

978 984 1031 1013 est,
1056 981 1189 1012 inﬁdeles,
1221 982 1309 1017 iisque
1334 981 1564 1012 sacrificantibus,
1587 981 1637 1016 ipsi
1653 981 1757 1009 sacrili-

978 1034 1057 1054 casse
1067 1027 1214 1054 existimati
1234 1031 1307 1055 sunt.
1323 1027 1475 1062 Ejusmodi,
1491 1027 1588 1062 inquit,
1601 1027 1757 1054 hominibus

978 1076 1110 1099 semestre
1125 1077 1231 1107 tempus
1244 1072 1277 1099 ad
1289 1073 1474 1108 pmnileutiam
1492 1072 1615 1100 sufﬁciet.
1628 1071 1694 1098 Nam
1705 1073 1756 1099 etsi

978 1117 1089 1145 minime
1103 1118 1295 1152 immolarunt;
1318 1123 1405 1145 tamen
1430 1118 1493 1152 quia
1517 1125 1546 1144 se
1570 1117 1757 1145 immolaturos

977 1167 1042 1192 sunt
1055 1164 1138 1199 pacti,
1154 1164 1195 1191 vel
1219 1164 1291 1199 quod
1319 1164 1388 1191 alios
1413 1163 1573 1196 submisere,
1590 1163 1696 1198 ipsique
1710 1163 1758 1190 im-

978 1209 1095 1237 molasse
1122 1213 1186 1236 sunt
1216 1209 1278 1241 visi,
1307 1209 1465 1244 paenitentia
1491 1208 1612 1243 indigere
1642 1207 1757 1243 iudicati

978 1259 1042 1283 sunt
1061 1265 1067 1282 ε
1085 1256 1138 1283 etsi
1154 1255 1316 1291 quibusdam
1334 1263 1367 1283 ex
1388 1255 1455 1290 ipsis
1480 1254 1603 1281 nonnulli
1617 1254 1757 1281 confesso-

978 1310 1037 1329 rum
1053 1303 1190 1337 ignovere.
1206 1301 1306 1329 Eorum
1321 1310 1417 1338 nempe
1437 1301 1548 1336 quidam
1572 1302 1619 1336 qui
1644 1308 1674 1328 se
1695 1299 1756 1326 ﬁdei

977 1353 1061 1376 testes
1077 1349 1259 1376 exhibuerunt
1283 1356 1314 1375 ac
1331 1356 1380 1383 pro
1398 1348 1449 1375 fide
1471 1351 1536 1375 sunt
1550 1347 1635 1381 passi,
1662 1346 1696 1373 iis
1710 1346 1756 1381 qui

978 1394 1094 1422 artificio
1109 1394 1239 1430 quodam,
1252 1398 1282 1421 ut
1299 1394 1401 1421 dictum
1417 1397 1468 1425 est,
1484 1400 1539 1420 non
1554 1392 1755 1422 sacriﬁcarunt,

978 1440 1118 1475 ignovere,
1134 1447 1166 1467 ac
1180 1439 1243 1466 illos
1259 1446 1321 1466 cum
1347 1438 1472 1466 fidelibus
1487 1437 1520 1465 ad
1537 1437 1756 1464 communionem

979 1485 1123 1517 admisere,
1152 1484 1225 1520 quod
1250 1492 1285 1512 ne
1311 1484 1478 1511 daemonibus
1505 1482 1676 1510 immolarent
1699 1486 1757 1508 stu-

979 1532 1055 1560 diose
1066 1532 1229 1559 vitaverunt.
1245 1530 1330 1558 Porro
1341 1530 1423 1565 hujus
1438 1529 1576 1557 semestris
1591 1527 1699 1556 termini
1710 1535 1756 1555 oc-

142 1575 266 1608 casione,
285 1576 509 1604 Annuntiationis
526 1585 573 1612 per
587 1578 738 1606 Cabrielem
768 1579 846 1607 facta:
867 1578 999 1610 meminit,
1019 1581 1096 1606 sexto
1112 1585 1204 1605 mense
1218 1576 1405 1611 conceptiouis
1421 1575 1611 1607 Pratcursoris,
1626 1581 1680 1609 quo
1689 1581 1756 1601 con-

141 1627 239 1658 ceptus
254 1628 296 1651 est
308 1623 447 1652 Dominus.
465 1624 533 1651 Tum
552 1626 699 1659 apostulica
712 1627 793 1654 verba
804 1626 961 1662 subiungit:

447 1671 565 1697 KANnN
585 1672 630 1704 σι.

181 1723 192 1740 ι
209 1715 274 1746 Τοῖς
296 1715 324 1741 δὲ
339 1715 447 1748 δούλους
468 1718 645 1753 Χριστιανοὺς
664 1717 721 1744 ἀνθ’
739 1718 842 1745 ἑαυτῶν
865 1719 929 1745 ὑπο-

145 1770 155 1786 ι
173 1760 347 1795 ϐεϐληκόσιν,
365 1762 390 1788 οἱ
408 1762 455 1797 μὲν
466 1762 563 1793 δοῦλοι,
580 1762 618 1794 ὡς
629 1763 662 1789 ἂν
674 1763 823 1799 ὑποχείριοι
840 1763 926 1796 ϐντες,

147 1816 157 1832 ι
175 1809 222 1834 καὶ
231 1808 332 1844 τρόπον
339 1807 400 1834 τινὰ
408 1809 453 1835 καὶ
464 1810 539 1835 αὐτοὶ
547 1809 756 1843 φυλακισθέντες
767 1811 818 1838 ὑπὸ
826 1811 879 1837 τῶν
889 1811 929 1838 δε-

147 1864 155 1878 ι
171 1854 288 1886 σποτῶν,
296 1854 538 1890 καταπειληθέντες
546 1856 679 1882 τε¹¹·””ὑπ’
686 1856 773 1882 αὐτῶν
782 1858 828 1883 καὶ
834 1857 877 1884 διὰ
884 1858 928 1885 τὸν

147 1909 157 1925 ι
177 1900 258 1934 φόϐον
269 1900 359 1927 αὐτῶν
369 1901 409 1932 είς
418 1900 495 1927 τοῦτο
507 1900 662 1936 ἐληλυθότες
674 1902 721 1927 καὶ
729 1902 927 1938 ὀλισθήσαντες,

147 1954 156 1969 ι
174 1946 205 1971 ὲν
221 1945 289 1961 ¹⁵⁹⁸⁶⁹
305 1945 419 1981 ἐνιαυτῷ
432 1946 465 1972 τὰ
482 1945 530 1980 τῆς
556 1946 697 1981 μετανοίας
713 1946 781 1983 ἔργα
803 1947 927 1980 δεεεουσι,

148 1999 158 2015 ι
180 1992 359 2025 μανθάνοντες
369 1991 415 2018 τοῦ
423 1991 526 2023 λοιποῦ,
536 1991 572 2023 ὠς
583 1991 669 2018 δοῦλοι
678 1993 795 2028 Χριστοῦ
806 1995 889 2019 ποιεῖν
898 1994 928 2020 τὸ

150 2046 159 2062 ι
180 2037 284 2073 θέλημα
303 2036 350 2063 τοῦ
366 2037 482 2073 Χριστοῦ
499 2037 588 2069 ¹⁵““’·“,
606 2040 652 2064 καὶ
675 2038 813 2073 φοϐεῖσθαι
830 2040 926 2066 αὐτόν·

150 2091 159 2107 ι
177 2083 320 2114 ἀκούοντες
338 2082 463 2117 μάλιστα,
478 2083 517 2109 ὃτι
534 2082 661 2115 ἕκαστος
672 2082 727 2109 ἐάν
750 2082 781 2118 [1.
804 2083 818 2110 ὅ
834 2084 877 2119 ἄν]
902 2092 928 2110 τι

150 2137 159 2153 ι
177 2129 288 2163 ποιήσῃ
305 2128 425 2162 ἀγαθὸν,
443 2128 529 2155 τοῦτο
542 2129 692 2162 κομίσεται
711 2129 789 2162 παρὰ
808 2131 927 2164 Κυρίου,

151 2182 160 2197 ‹
179 2174 236 2200 εἶτε
252 2173 362 2206 δοῦλος
375 2174 433 2200 εἴτε
448 2174 604 2207 ἐλεύθερός
616 2175 680 2201 ἐστι
703 2175 734 2200 ³⁸.
754 2185 763 2199 ι

184 2219 278 2246 ΒΑΛΣ.
293 2219 362 2251 Τοὺς
383 2219 453 2246 κατὰ
468 2219 589 2247 κέλευσιν
613 2221 658 2247 καὶ
679 2221 791 2256 ἀπειλὴν
813 2222 866 2248 τῶν
886 2222 928 2249 δε-

151 2265 253 2291 σποτῶν
276 2264 408 2297 θύσαντας
429 2265 537 2297 δούλους
560 2267 605 2292 ἑπὶ
631 2266 751 2293 ἐνιαυτὸν
777 2268 890 2303 ἐπιτιμᾷ
914 2269 928 2294 ό

151 2309 240 2346 Πατὴρ
256 2308 350 2343 οὗτος·
367 2312 405 2343 ὡς
425 2312 473 2347 μὲν
486 2312 540 2348 γὰρ
556 2312 687 2339 πεισθεῖσι
711 2315 767 2345 τοῖς
786 2314 927 2346 δεσπόταις

1280 1667 1395 1696 CANON
1408 1669 1454 1696 Vl.

1018 1726 1027 1743 ι
1046 1716 1065 1744 li
1077 1720 1166 1744 autem
1183 1716 1229 1752 qui
1253 1723 1347 1744 servos
1360 1715 1530 1743 Christianos
1555 1721 1604 1749 pro
1616 1721 1645 1741 se
1658 1713 1758 1742 submi-

982 1774 991 1790 ι
1009 1767 1112 1796 serunt,
1129 1763 1199 1790 servi
1226 1762 1348 1797 quidem,
1377 1766 1406 1788 ut
1422 1761 1468 1796 qui
1479 1760 1530 1796 ipsi
1550 1760 1601 1788 sub
1617 1768 1697 1787 manu
1713 1768 1758 1788 es-

982 1820 992 1836 ι
1007 1814 1077 1841 sent,
1092 1813 1119 1837 et
1134 1807 1333 1843 quodammodo
1345 1807 1396 1842 ipsi
1414 1813 1522 1841 quoque
1537 1806 1563 1832 in
1585 1805 1756 1832 dominorum

982 1866 991 1882 ι
1011 1854 1135 1883 custodia
1146 1858 1248 1886 essent,
1264 1853 1399 1887 minisque
1414 1852 1450 1879 ab
1468 1852 1534 1886 ipsis
1544 1851 1641 1881 territi,
1653 1854 1680 1877 et
1694 1857 1757 1884 pro-

982 1911 991 1927 ι
1010 1906 1068 1936 pter
1081 1906 1176 1928 eorum
1202 1902 1303 1927 metum
1330 1905 1362 1926 eo
1384 1897 1516 1932 compulsi
1534 1899 1561 1924 et
1586 1895 1664 1931 lapsi,
1685 1902 1756 1936 anno

982 1957 991 1973 ι
1008 1935 1090 1982 opera
1105 1945 1271 1981 paenitentiae
1292 1944 1444 1975 ostendent,
1460 1948 1486 1970 et
1506 1943 1634 1977 deinceps
1650 1935 1756 1969 disceu-

981 2003 991 2019 ι
1007 1997 1057 2025 tes,
1070 1995 1099 2019 ut
1115 1992 1186 2019 servi
1198 1985 1312 2023 Christi,
1329 1990 1416 2018 facere
1431 1989 1532 2017 Christi
1550 1988 1717 2016 voluntatem
1728 1991 1755 2015 et

982 2048 991 2064 ι
1008 2045 1069 2065 eum
1088 2037 1183 2063 timere
1200 2045 1206 2063 ί
1221 2036 1362 2063 audientes
1391 2035 1516 2067 maxime,
1528 2034 1599 2069 quod
1617 2033 1757 2067 unusquis-

981 2093 990 2109 ι
1011 2091 1070 2118 que,
1091 2082 1192 2117 siquid
1216 2081 1276 2108 boni
1293 2081 1394 2115 fecerit,
1419 2080 1466 2107 hac
1494 2080 1558 2114 feret
1582 2088 1599 2106 α
1631 2079 1754 2111 Domino,

981 2138 991 2154 ι
1008 2129 1060 2155 sive
1071 2135 1159 2154 servus
1171 2127 1224 2154 sive
1240 2127 1305 2153 liber
1321 2127 1355 2153 sit
1369 2132 1393 2154 ι.
1411 2135 1421 2152 ι

1013 2217 1094 2245 Βλιε.
1108 2216 1206 2245 Servos
1217 2216 1263 2251 qui
1279 2216 1449 2243 dominorum
1464 2215 1544 2251 jussu
1557 2223 1589 2243 ac
1615 2215 1697 2243 minis
1709 2223 1755 2243 sa-

978 2264 1145 2297 criﬁcarunt,
1158 2271 1229 2290 anno
1241 2262 1319 2298 punit
1332 2262 1376 2289 hic
1391 2261 1471 2289 Pater
1488 2270 1495 2288 :
1514 2265 1543 2288 ut
1562 2261 1607 2296 qui
1619 2261 1691 2289 enim
1704 2261 1754 2288 do-

978 2310 1052 2337 mino
1067 2309 1216 2345 paruerint,
1233 2308 1359 2343 ignoscit,
1382 2312 1408 2335 et
1431 2315 1513 2342 grave
1524 2308 1686 2343 supplicium
1701 2316 1755 2335 non

151 2358 342 2392 συγγνωμονεῖ,
353 2357 399 2384 καὶ
415 2358 523 2393 βαρεῖαν
541 2359 591 2385 οὐκ
601 2358 697 2393 ἐπάγει
709 2359 816 2386 κόλασιν
827 2368 833 2374 ·
849 2360 886 2392 ὡς
899 2360 927 2386 δὲ

980 2355 1075 2391 inﬂigit
1090 2365 1097 2383 :
1114 2359 1144 2382 ut
1159 2355 1205 2389 qui
1220 2358 1309 2382 autem
1332 2354 1388 2381 sint
1398 2355 1484 2388 magis
1501 2352 1604 2381 Christi
1631 2353 1712 2385 servi.
1728 2357 1755 2380 et

150 2400 247 2434 δούλοις
254 2403 370 2438 Χριστοῦ
381 2403 478 2438 μᾶλλον
487 2402 555 2437 οὖσι,
565 2405 687 2431 κάκεῖνον
699 2405 778 2431 πλέον
787 2405 924 2440 φοϐεῖσθαι

152 2446 290 2482 ὀφείλουσι,
298 2449 414 2486 μετρίως
422 2450 543 2485 ἐπιτιμᾷ,
553 2451 697 2484 Ἕκαστος
704 2451 769 2485 τὰρ,
779 2451 844 2486 φησι¹
854 2451 924 2478 κατὰ

154 2493 196 2519 τὴν
205 2495 286 2529 μέγαν
300 2496 414 2527 Παῦλον,
431 2496 447 2522 ὃ
460 2496 514 2522 ἐὰν
525 2496 636 2530 ποιήσῃ
649 2497 769 2529 ἀγαθὸν,
785 2497 924 2531 κομιεῖται

153 2540 233 2567 τοῦτο
247 2543 325 2575 παρὰ
342 2542 460 2576 Κυρίου,
474 2542 533 2569 εἴτε
549 2542 658 2575 δοῦλος
676 2543 735 2569 εἶτε
758 2543 923 2577 ἐλεύθερος.

187 2587 301 2615 ΖΩΝΑΡ.
322 2588 398 2619 Τινὲς
414 2588 521 2620 δούλους
536 2589 651 2621 οἰκείους
670 2579 853 2624 Χριστιανοὺς.
867 2589 924 2616 ἀνθ’

153 2631 247 2660 ἑαυτῶν
260 2635 307 2660 καὶ
320 2634 751 2671 ἀκόντων[[.ἄκοντας]ὐπέϐαλον
764 2635 845 2663 θύειν.
858 2636 926 2667 Τοὺς

185 2715 197 2729 ι
211 2709 301 2746 Ephes.
315 2720 353 2745 vi,
368 2711 394 2740 8.

978 2411 1039 2430 eum
1052 2402 1150 2430 debent
1163 2401 1249 2437 magis
1262 2405 1393 2432 metuere,
1405 2400 1568 2428 mediocrem
1584 2407 1690 2435 pcenam
1707 2399 1756 2426 im-

974 2449 1059 2484 ponit.
1078 2447 1342 2483 Unusquisqueenim,
1355 2446 1454 2481 inquit,
1468 2446 1617 2474 secundum
1629 2453 1754 2481 magnum

975 2494 1099 2525 Paulum,
1114 2493 1181 2529 quod
1194 2493 1282 2527 fecerit
1295 2493 1390 2520 bonum
1403 2501 1420 2519 ιι
1435 2492 1547 2519 Domino
1572 2492 1686 2526 recipiet,
1702 2493 1755 2519 sive

975 2550 1063 2569 servus
1072 2541 1124 2568 sive
1137 2540 1211 2567 liber.

1012 2587 1115 2615 Ζοιιλιι.
1127 2585 1255 2614 Nonnulli
1272 2593 1366 2614 servos
1382 2592 1448 2613 suos
1467 2584 1649 2616 Christianos,
1665 2591 1714 2619 pro
1726 2591 1755 2610 se

977 2634 1062 2673 ipsis,
1089 2634 1170 2662 etiam
1194 2633 1292 2661 invitos
1315 2631 1349 2659 ad
1378 2631 1572 2661 immolandum
1593 2630 1754 2658 submisere.

807 2778 923 2807 VABl/E
949 2777 1148 2807 LECTIONES.

200 2861 231 2878 ¹⁵⁴
248 2862 427 2895 ἑκκλὶνοντας.
466 2863 510 2879 ""
524 2863 541 2898 ἢ
555 2862 601 2890 καὶ
616 2863 641 2890 εἰ
652 2871 730 2896 τινες.
769 2862 823 2880 ¹³⁴⁶⁴
836 2872 863 2891 τε
878 2871 932 2891 om.

983 2864 1048 2880 ¹¹¹¹⁵⁴
1062 2863 1092 2890 ἐν
1107 2870 1161 2891 0111.
1202 2862 1279 2878 ¹¹”“⁸
1294 2862 1370 2890 Θεοῦ.
1410 2861 1431 2878 ¹⁸
1445 2860 1520 2890 deest
1534 2861 1601 2890 ἐστι.
