3906 6194
568 285 676 342 ὁτθ
1584 285 1641 344 S.
1682 287 1884 343 PETRI
1916 288 2376 346 ALEXANDBINI
2415 286 2723 345 EPISCOPI
3603 299 3685 352 £80

569 374 746 431 liosce
771 374 938 448 igitur
972 390 1179 441 servos,
1207 377 1456 444 quamvis
1509 378 1852 436 dominorum
1879 382 2123 452 jussione

2227 378 2466 443 δούλους,
2506 380 2554 432 εἰ
2582 381 2675 435 καὶ
2705 379 2949 434 κελεύσει
2983 379 3088 448 τῶν
3115 379 3364 433 δεσποτῶν
3399 380 3581 447 ἔθυσαν,
3603 387 3693 455 βια-

566 468 768 533 coacti,
797 483 902 523 non
939 474 1118 520 autem
1177 481 1275 522 sua
1319 468 1617 534 voluntate,
1681 473 2124 539 sacriﬁcaverint,

567 559 766 613 ann’um
795 559 848 612 in
881 559 1196 628 paenitentia
1236 559 1430 628 degere
1463 561 1548 616 hic
1594 560 1754 618 Pater
1777 564 1928 634 jubet
1961 584 1975 620 :
2011 580 2124 621 mea

568 648 897 716 minisseque
930 662 990 701 se
1025 661 1147 701 cum
1173 647 1282 703 sint
1308 649 1511 714 ﬁdeles,
1533 666 1654 707 esse
1682 651 1888 708 Christi
1917 669 2125 720 servos,

567 749 803 804 eumque
836 735 1009 804 magis
1034 736 1224 792 timere
1245 746 1497 807 oportere
1535 757 1549 792 :
1602 755 1665 794 ac
1695 758 2125 814 unumquemque,

567 831 626 878 ut
655 839 882 896 magnus
910 826 987 879 ait
1018 826 1331 897 Apostolus,
1367 833 1471 886 sive
1494 848 1720 900 servum,
1750 834 1854 889 sive
1884 834 2124 903 liberum,

564 932 680 988 qua:
712 917 888 987 fecerit
913 929 1324 988 reportaturum.

1162 1011 1392 1068 CANON
1421 1013 1530 1070 Vll.

642 1115 663 1151 ι
703 1097 882 1154 Liberi
919 1109 1102 1156 autem
1144 1104 1321 1160 tribus
1351 1106 1515 1161 annis
1565 1106 1618 1160 in
1666 1110 1982 1179 ptenitentia
2005 1128 2128 1167 exa-

572 1206 592 1238 ι
637 1187 991 1243 minabuntur
1021 1230 1036 1256 ,
1093 1198 1206 1245 tum
1269 1194 1414 1263 quod
1462 1195 1957 1262 dissimulaverint,
2011 1209 2127 1257 tum

572 1297 591 1330 ι
628 1279 772 1350 quod
802 1279 1080 1336 ell'ecerint
1112 1290 1171 1336 ut
1205 1287 1452 1340 conservi
1517 1289 1905 1354 sacriﬁcarent,
1948 1300 2008 1346 ut
2033 1293 2128 1362 qui

571 1389 590 1421 ι
626 1373 884 1441 Apostolo
915 1389 1026 1427 non
1063 1375 1391 1440 obeilierint,
1424 1379 1516 1450 qui
1556 1381 1669 1434 vult
1700 1392 1726 1421 α
1768 1381 2005 1438 dominos
2036 1400 2128 1439 ea-

573 1481 592 1514 ι
631 1462 748 1518 dem
775 1464 944 1531 facere
966 1483 1082 1537 quae
1102 1472 1256 1532 servi,
1296 1473 1613 1528 remittentes
1640 1475 1829 1530 minas.
1871 1476 2124 1545 Scientes,

572 1574 591 1606 ι
632 1556 826 1626 inquit,
857 1559 996 1628 quod
1020 1571 1196 1614 noster
1219 1579 1420 1632 quoque
1445 1574 1494 1618 et
1510 1567 1742 1634 ipsorum
1768 1567 2022 1624 Dominus
2047 1579 2126 1624 est

571 1660 590 1695 ι
627 1643 683 1697 in
718 1645 883 1710 cretis,
914 1657 1093 1703 etnon
1123 1660 1199 1704 est
1237 1651 1376 1721 apud
1434 1670 1550 1707 eum
1584 1670 1925 1723 personarum
1973 1675 2124 1714 acce-

2230 468 2477 534 σθέντες,
2525 471 2636 524 ἀλλ’
2677 472 2777 526 οὐκ
2819 469 2877 535 ἐξ
2917 470 3116 523 οἰκείου
3163 468 3462 540 θελήματος,
3504 474 3696 530 ἐνιαυτὸν

2227 561 2284 613 ὲν
2306 559 2559 631 μετανοίᾳ
2583 560 2828 629 διάγεινὸ
2843 559 3029 631 Πατὴρ
3055 555 3204 621 οὗτος
3229 559 3500 630 διορίζεται,
3523 563 3601 616 καὶ
3619 583 3698 634 μα-

2227 650 2357 716 θεῖν,
2384 653 2484 717 ὄτι,
2519 653 2700 706 πιστοὶ
2727 653 2897 716 ὄντες,
2926 651 3158 724 Χριστοῦ
3180 651 3339 706 δοῦλοί
3370 655 3481 718 εἰσι,
3503 657 3701 712 κάκεῖνον

2230 743 2428 814 μᾶλλον
2458 744 2737 814 φοϐεῖσθαι
2771 744 3068 812 ὀφείλουσυ
3098 744 3191 796 καὶ
3227 743 3303 796 ὅτι
3338 743 3573 811 ἕκαστος,
3596 751 3702 802 κατὰ

2224 833 2314 885 τὸν
2339 835 2507 904 μέγαν
2549 835 2886 896 Ἀπόστολον,
2905 835 2936 888 ὃ
2964 836 3071 888 ἐὰν
3093 833 3306 901 ποιήσῃ
3330 835 3591 904 κομιεῖται,
3614 840 3704 892 εἴτε

2225 924 2444 992 δοῦλος
2476 927 2595 980 εἴτε
2626 928 2956 994 ἐλεύθερος.

2829 1019 3065 1071 ΚΑΝΩΝ
3105 1020 3175 1071 Z'.

2301 1125 2319 1157 ι
2357 1106 2419 1159 Oi
2458 1107 2515 1160 δὲ
2544 1107 2813 1179 ἐλεύθεροι
2849 1110 2905 1161 ὲν
2930 1109 3103 1179 τρισὶν
3137 1108 3304 1160 ἔτεσιν
3334 1105 3710 1178 ἐξετασθὴσονται

2231 1215 2250 1248 ι
2289 1199 2349 1250 ὲν
2373 1199 2648 1271 μετανοίᾳ,
2671 1203 2763 1255 καὶ
2783 1201 2857 1264 ὡς
2878 1201 3296 1271 ὑποκρινάμενοι
3312 1200 3393 1263 ¹⁶’,
3410 1200 3493 1252 καὶ
3505 1199 3568 1262 ὡς
3581 1217 3712 1252 κατα-

2232 1305 2250 1338 ι
2284 1289 2652 1356 ναγκάσαντες
2677 1292 2800 1354 τοὺς
2827 1290 3144 1362 ὁμοδούλους
3168 1289 3340 1352 θῦσαι,
3363 1290 3450 1343 ira
3471 1290 3547 1320 ““
3568 1290 3619 1360 δὴ
3638 1309 3713 1342 παρ

2231 1400 2248 1432 ι
2293 1382 2653 1452 ρακούσαντες
2695 1383 2788 1436 τοῦ
2845 1383 3160 1437 Ἀποστόλου
3216 1381 3284 1435 τὰ
3339 1383 3476 1435 αὐτὰ
3518 1379 3712 1441 θέλοντος

2230 1492 2250 1525 ι
2285 1474 2476 1527 ποιεῖν
2518 1473 2658 1539 τοὺς
2702 1473 2997 1538 δεσπότας
3047 1471 3170 1538 τοῖς
3211 1471 3456 1536 δούλοις,
3495 1471 3716 1536 ἀνιέντας

2231 1584 2249 1618 ι
2288 1567 2400 1633 τὴν
2431 1564 2720 1631 ἀπειλήν·
2769 1565 2992 1630 εἰδότες
3030 1565 3092 1628 ’⁷,
3136 1563 3318 1632 “civ,
3360 1562 3442 1614 ὅτι
3475 1562 3561 1615 καὶ
3588 1561 3716 1631 ἡμῶν

2230 1673 2248 1704 ι
2291 1655 2386 1707 καὶ
2417 1653 2612 1708 αὐτῶν
2642 1655 2705 1684 ⁸⁷⁸
2727 1656 2760 1707 ὀ
2783 1655 2995 1720 Κύριός
3018 1653 3186 1706 ἐστιν
3211 1652 3254 1683 ¹⁸
3277 1652 3342 1704 ὲν
3364 1650 3624 1718 οὐρανοῖς,
3644 1653 3716 1702 καὶ

570 1752 590 1786 ι
625 1737 755 1805 ptio.
786 1735 843 1792 Si
869 1753 1036 1794 unum
1061 1750 1242 1798 autem
1300 1760 1491 1800 omnes
1517 1747 1780 1803 habemus
1811 1750 2121 1818 Dominum,

2231 1766 2249 1798 ι
2287 1747 2765 1815 προσωποληψία
2796 1746 2930 1814 παρ’
2963 1742 3120 1810 αὺτῷ
3148 1747 3260 1798 οὐκ
3289 1746 3464 1798 ἔστιν.
3497 1744 3552 1796 Εἰ
3582 1743 3628 1796 δὲ
3647 1743 3719 1794 ἕνα

571 1843 591 1877 ι
627 1827 764 1895 apud
812 1845 964 1899 quem
992 1848 1094 1886 non
1145 1843 1223 1886 est
1261 1849 1604 1903 personarum
1635 1841 1865 1908 acceptio
1897 1842 1956 1909 ι³;
1989 1859 2126 1914 queo

569 1934 591 1968 ι
628 1919 775 1974 niam
797 1931 845 1974 et
875 1923 1075 1986 omnia,
1108 1935 1158 1978 et
1187 1927 1241 1980 in
1266 1928 1503 1983 omnibus
1527 1940 1604 1984 est
1627 1931 1888 2000 Christus,
1914 1935 1966 1988 in
1998 1935 2127 1990 Bar-

571 2027 590 2060 ι
633 2008 778 2066 buris
815 2021 865 2068 et
894 2012 1125 2084 Scythis,
1159 2019 1319 2074 servis
1353 2031 1400 2074 et
1432 2021 1606 2077 liberis
1645 2034 1667 2063 ο
1703 2043 1717 2080 :
1768 2025 1965 2082 debent
1992 2043 2125 2083 con-

573 2119 594 2153 ι
633 2103 878 2161 siderare
933 2109 1077 2178 quod
1109 2107 1376 2176 fecerunt,
1406 2113 1647 2171 volentes
1699 2133 1853 2172 suam
1881 2119 2121 2190 ipsorum

571 2213 591 2246 ι
629 2198 867 2252 animam
919 2215 1172 2271 servare;
1207 2207 1300 2276 qui
1358 2222 1649 2266 conservos
1688 2223 1906 2269 nostros
1943 2222 2124 2272 traxe~

572 2304 596 2339 ι
623 2299 751 2343 runt
773 2291 840 2344 ad
872 2292 1251 2362 idololatriam,
1269 2297 1361 2366 qui
1388 2308 1636 2369 poterant
1657 2313 1712 2357 et
1732 2304 1834 2374 ipsi
1864 2306 2118 2378 eﬁ'ugere,

572 2395 592 2427 ι
623 2379 668 2434 si
694 2379 786 2448 jus
815 2388 868 2436 et
893 2384 1254 2453 aequalitatem
1279 2387 1412 2457 ipsis
1433 2389 1791 2458 praebuissent
1833 2399 1891 2446 ut
1929 2409 2122 2451 rursus

570 2487 589 2520 ι
624 2469 756 2525 dicit
777 2472 1089 2543 Apostolus.
1128 2495 1146 2527 ι

634 2644 795 2700 Βιιε.
843 2645 1056 2706 Liberis
1087 2659 1268 2706 autem
1303 2668 1399 2708 seu
1441 2654 1676 2712 dominis
1714 2674 1996 2714 servorum
2028 2678 2119 2718 sa-

566 2736 814 2792 criﬁcare
836 2749 1174 2806 coactorum,
1207 2744 1427 2800 triennii
1453 2763 1666 2816 pinnam
1696 2750 1948 2822 injungit,
1975 2755 2120 2824 quod

566 2835 621 2884 et
649 2829 960 2888 sacriﬁcare
1009 2833 1354 2904 simularunt,
1411 2849 1460 2894 et
1497 2842 1719 2896 omnino
1753 2858 1992 2900 annuere
2019 2845 2121 2900 visi

567 2927 717 2984 sunt,
752 2931 808 2978 et
855 2925 999 2994 quod
1033 2941 1325 2985 conservos
1355 2932 1665 2988 sacriﬁcare
1711 2944 2026 3005 coegerunt,
2067 2949 2122 2994 et

567 3013 714 3082 quod
744 3013 1006 3086 Apostolo
1031 3035 1137 3074 non
1184 3034 1479 3092 paruerunt
1503 3024 1716 3094 jubeuti
1761 3029 1920 3083 servis
1951 3032 2120 3086 minas

2232 1861 2250 1892 ι
2293 1841 2489 1912 Κύριον
2538 1840 2747 1910 ἔχωμεν
2779 1840 2820 1870 ⁸³
2850 1841 2899 1892 οἰ
2934 1839 3151 1901 πάντες,
3199 1838 3721 1904 ἁπροσωπόληπτον,

2231 1952 2249 1985 ι
2290 1935 2408 1998 ἐπεὶ
2435 1933 2530 1986 καί
2566 1931 2761 1985 πάντα
2798 1931 2898 1984 καὶ
2950 1931 3021 1983 ἐν
3046 1929 3238 1983 πᾶσιν
3263 1930 3422 1982 ἐστιν
3443 1931 3472 1981 ό
3501 1926 3720 1994 Χριστὸς,

2231 2044 2248 2075 ι
2286 2025 2357 2079 ἓν
2409 2042 2473 2078 τε
2513 2022 2838 2092 βαρϐάροις
2890 2022 2987 2076 καὶ
3046 2022 3335 2085 Σκύθαις,
3389 2019 3601 2084 δούλοις
3650 2019 3722 2070 καὶ

2229 2135 2248 2167 ι
2287 2115 2650 2184 ἐλευθέροις,
2693 2117 2912 2168 σκοπεῖν
2963 2113 3268 2183 ὀφείλουσιν
3297 2112 3324 2164 ὃ
3367 2111 3724 2182 κατειργάσαντο

2231 2228 2248 2260 ι
2287 2206 2605 2278 θελήσαντες
2636 2207 2733 2278 τὴν
2760 2206 2934 2277 ψυχὴν
2961 2205 3166 2259 ἑαυτῶν
3202 2205 3368 2258 σῶσαι
3388 2203 3452 2266 ’⁸,
3474 2206 3580 2268 τοὺς
3615 2203 3722 2255 δὲ’⁰⁶

2229 2320 2246 2350 ι
2285 2299 2598 2362 συνδούλους
2614 2298 2817 2354 ἑαυτῶν
2830 2299 2871 2330 ²¹
2886 2299 3212 2361 ἑλκύσαντες
3229 2297 3318 2351 ἐπὶ
3335 2293 3723 2363 εἰδωλολατρείαν,

2231 2409 2248 2442 ι
2286 2390 2616 2460 δυναμένους
2643 2390 2735 2442 καί
2762 2389 2955 2452 αὐτοὺς
2983 2390 3268 2457 ἐκφυγεῖν,
3298 2389 3344 2440 εἰ
3376 2386 3431 2439 τὸ
3454 2386 3628 2439 δίκαιον
3655 2382 3725 2435 καί

2230 2499 2248 2530 ι
2290 2479 2386 2551 τὴν
2424 2480 2642 2548 ἰσότητα
2671 2476 2810 2549 ἦσαν
2856 2480 3036 2543 αὐτοῖς
3070 2478 3440 2551 παρασχόντες
3463 2515 3475 2539 ,
3513 2475 3577 2538 ὠς
3605 2472 3726 2526 πάλιν

2229 2591 2246 2624 ι
2286 2575 2314 2626 ὁ
2349 2571 2664 2635 Ἀπόστολος
2694 2572 2860 2640 λέγει.
2894 2591 2911 2624 ι

2294 2665 2485 2717 ΒΑΛΣ.
2519 2666 2642 2726 Τοῖς
2673 2664 2727 2716 δὲ
2759 2664 3078 2735 ἐλευθέροις,
3098 2664 3220 2734 ἦτοι
3242 2666 3349 2726 τοῖς
3374 2661 3626 2722 δεσπόταις
3647 2656 3726 2708 τῶν

2225 2758 2551 2827 βιασθέντων
2579 2757 2736 2810 θῦσαι
2764 2757 2982 2821 δούλων,
3015 2757 3108 2810 ἐπὶ
3139 2758 3379 2829 τριετίαν
3415 2752 3639 2824 ἐπιτιμᾷ·
3665 2750 3726 2802 ὅτι

2221 2864 2282 2900 τε
2317 2847 2685 2919 ὑπεκρίθησαν
2716 2847 2895 2911 θῦσαι,
2932 2848 3024 2901 καὶ
3051 2847 3189 2910 ὅλως
3224 2846 3402 2912 ἔδοξαν
3433 2841 3725 2897 κατανεῦσαι,

2224 2940 2318 2993 καὶ
2346 2941 2427 2994 ὅτι
2459 2943 2584 3004 τοὺς
2629 2939 2945 3003 συνδούλους
2995 2939 3312 3010 ἠνάγκασαν
3344 2937 3523 2997 θῦσαι,
3554 2933 3632 2988 καὶ
3667 2931 3728 2984 ὅτι

2226 3033 2576 3103 παρήκουσαν
2604 3036 2696 3086 τοῦ
2732 3033 3048 3086 Ἀποστόλου
3076 3031 3389 3094 κελεύοντος
3411 3027 3613 3083 ἀνιέναι
3637 3023 3729 3088 τοῖς

565 3107 859 3173 remittere;
892 3120 1078 3181 utpote
1110 3089 1233 3168 cuin
1265 3116 1368 3186 ipsi
1397 3133 1613 3187 quoque
1642 3117 1848 3174 domini
1889 3121 1979 3177 Dei
2009 3139 2123 3179 ser-

2227 3120 2466 3190 δούλοις
2495 3124 2607 3192 τὴν
2639 3126 2916 3193 ἀπειλὴν,
2966 3124 3041 3188 ὡς
3085 3125 3181 3178 καὶ
3228 3124 3334 3177 τῶν
3369 3121 3612 3177 δεσποτῶν
3642 3115 3732 3172 δού-

569 3195 619 3249 vi
643 3196 774 3259 sint,
810 3207 863 3252 et
895 3198 1220 3257 famulorum
1253 3206 1522 3260 conservi.
1559 3206 1734 3276 Atque
1763 3208 1864 3278 ipsi
1907 3211 2124 3280 quidem

567 3283 892 3343 festinarunt
922 3306 1074 3346 suam
1098 3310 1314 3352 servare
1347 3297 1600 3360 animam,
1630 3313 1923 3356 Conservos
1943 3311 2124 3358 autem

566 3396 697 3439 suos
726 3381 796 3438 ad
814 3383 1172 3444 idololatriam
1186 3393 1694 3463 compulerunt,qui
1724 3404 1972 3465 poterant
1993 3398 2127 3452 etfu-

563 3487 708 3545 gere.

635 3565 838 3623 Zama.
869 3567 1082 3626 Liberis
1104 3583 1301 3636 autem,
1333 3573 1438 3628 lioc
1473 3585 1556 3631 est
1582 3575 1815 3632 dominis
1845 3594 2124 3635 servorum

565 3659 660 3729 qui
695 3661 1006 3718 sacriﬁcare
1039 3673 1170 3720 sunt
1217 3665 1416 3730 coacti,
1447 3667 1669 3722 triennii
1695 3684 1909 3739 pinnam
1944 3671 2127 3740 injun-

563 3750 640 3821 git
672 3770 686 3806 :
723 3760 838 3808 tum
870 3755 999 3824 quia
1057 3756 1366 3813 sacriﬁcare
1413 3774 1472 3814 se
1513 3761 1860 3826 simularunt,
1899 3776 1963 3816 ac
1999 3777 2124 3817 suc-

563 3838 820 3898 cumbere
870 3847 1094 3903 omnino
1126 3849 1225 3904 visi
1276 3858 1449 3906 sunt:
1485 3859 1598 3904 tum
1657 3853 1784 3922 quia
1831 3869 2124 3913 conservos

563 3945 855 4003 coegerunt
879 3946 936 3992 ut
965 3939 1333 4008 immolarent;
1362 3959 1461 3998 nec
1519 3944 1958 4014 obtemperarunt
1985 3948 2127 4018 Apo-

565 4025 706 4080 stolo
724 4025 936 4094 ju-benti
966 4033 1131 4087 servis
1179 4035 1349 4090 minas
1374 4037 1666 4101 remittere;
1700 4052 1822 4092 cum
1859 4039 1960 4109 ipsi
1992 4057 2127 4110 quo-

569 4132 676 4186 que
693 4116 900 4174 domini
953 4124 1062 4178 sint
1088 4124 1180 4180 Dei
1205 4128 1367 4192 servi,
1401 4137 1455 4183 et
1485 4129 1810 4186 famulorum
1850 4134 2121 4192 consenvi.

564 4207 647 4263 Ac
671 4208 772 4279 ipsi
803 4211 1020 4281 quidem
1060 4215 1388 4273 festinarunt
1436 4235 1590 4276 suam
1623 4237 1841 4278 servare
1863 4224 2120 4287 animam,

565 4313 856 4356 conservos
879 4317 1078 4370 autem,
1127 4308 1219 4376 qui
1243 4307 1478 4381 eﬁ‘ugere
1499 4319 1748 4382 poterant
1793 4312 1861 4366 ad
1894 4313 2122 4369 idolola-

565 4392 724 4447 triam
758 4395 1158 4465 compulerunt.

1151 4486 1375 4543 CANON
1415 4489 1550 4546 VIII.

643 4596 661 4628 ι
701 4577 771 4631 lis
794 4587 972 4633 autem
997 4578 1089 4649 qui
1112 4579 1309 4650 proditi
1341 4591 1487 4648 sunt,
1517 4592 1571 4638 et
1592 4583 1927 4650 exciderunt,
1955 4589 2048 4658 qui
2073 4599 2126 4646 et

569 4689 590 4723 ι
623 4672 724 4741 ipsi
749 4672 816 4726 ad
857 4681 1128 4729 certamen
1158 4684 1526 4741 accesserunt,
1556 4691 1614 4732 se
1646 4691 1765 4732 esse
1790 4677 2126 4738 Christianos

570 4782 589 4814 ι
625 4765 961 4828 conﬁtentes,
981 4774 1034 4820 et
1056 4765 1108 4820 in
1133 4767 1429 4823 custodiam
1454 4783 1577 4822 cum
1601 4770 1882 4826 tormentis
1897 4773 2121 4843 conjeeti

570 4874 588 4905 ι
619 4866 779 4912 sunt:
822 4873 1035 4927 aequum
1074 4867 1159 4914 est
1196 4861 1248 4914 in
1280 4861 1638 4918 exsultatione
1666 4863 1848 4920 cordis
1872 4867 2011 4924 vires
2044 4870 2120 4923 si-

569 4969 589 5002 c
620 4952 730 5005 mul
755 4952 970 5016 addere,
998 4962 1054 5008 ct
1073 4954 1153 5010 eis
1176 4956 1230 5008 in
1258 4957 1512 5012 omnibus
1537 4959 1950 5027 communicare,
1984 4973 2036 5018 et
2067 4965 2119 5018 in

573 5057 590 5088 ι
621 5041 979 5106 orationibus,
1014 5054 1067 5096 et
1115 5043 1168 5097 in
1199 5046 1606 5116 participatione
1642 5050 1884 5118 corporis
1918 5060 1971 5107 et
1998 5069 2123 5107 san~

574 5148 592 5179 ι
622 5131 802 5200 guinis
850 5131 1091 5198 Clu-isti,
1144 5146 1195 5190 et
1249 5137 1514 5193 sermonis
1565 5137 1936 5197 adhortatione
1993 5156 2007 5193 :
2065 5153 2122 5199 ut

641 5281 666 5310 ι
695 5269 884 5343 Ephes.
919 5293 992 5347 v1,
1029 5277 1082 5335 9.
1158 5281 1186 5322 ι’
1210 5281 1359 5337 Rom.
1385 5300 1448 5350 ιι,
1485 5284 1570 5340 il.
1649 5297 1670 5326 ο
1697 5285 1902 5344 Coloss.
1932 5303 2016 5356 ιιι,
2049 5289 2135 5343 li.

2227 3212 2332 3267 λων
2379 3214 2544 3268 ὄντων
2577 3215 2652 3286 τῷ
2686 3218 2894 3288 Κυρίῳ,
2932 3216 3024 3270 καὶ
3055 3218 3169 3280 τοῖς
3197 3217 3430 3280 οἰκέταις
3468 3213 3726 3268 συνδούλων.

2228 3307 2336 3360 Καὶ
2377 3308 2528 3361 αὐτοὶ
2566 3309 2662 3379 μὲν
2703 3308 2970 3361 ἔσπευσαν
2999 3308 3096 3379 τὴν
3132 3307 3342 3361 οἰκείαν
3373 3306 3532 3360 σῶσαι
3561 3303 3730 3374 ψυχὴν.

2225 3399 2351 3462 τοὺς
2381 3399 2436 3453 δὲ
2471 3399 2783 3462 συνδούλους
2826 3402 2916 3454 ἐπὶ
2950 3399 3390 3473 εἰδωλολατρείαν
3435 3401 3730 3468 κατήπειγον,

2225 3489 2550 3560 δυναμένους
2578 3491 2853 3558 ἐκφυγεῖν.

2295 3583 2533 3634 ΖΩΝΑΡ.
2586 3583 2708 3646 Τοῖς
2748 3582 2802 3634 δὲ
2846 3581 3168 3654 ἐλευθέροις,
3218 3585 3336 3656 ἤτοι
3365 3587 3468 3647 τοῖς
3502 3580 3732 3638 δεσπότας

2225 3674 2332 3728 τῶν
2351 3673 2675 3745 βιασθέντων
2699 3673 2854 3728 θῦσαι
2883 3673 3103 3737 δούλων,
3137 3676 3235 3728 ἐπὶ
3261 3676 3490 3747 τριετίαν
3518 3669 3730 3739 ἐπιτιμᾷ·

2224 3767 2305 3820 ὅτι
2331 3785 2390 3820 τε
2411 3767 2776 3839 ὑπεκρίθησαν
2799 3767 2976 3831 θῦσαι,
3004 3769 3099 3822 καὶ
3123 3768 3264 3833 ὅλως
3287 3770 3462 3835 ἔδοξαν
3491 3764 3732 3831 ὑποκύψαι.

2226 3863 2322 3916 καὶ
2354 3862 2434 3914 ὄτι
2473 3861 2564 3913 καὶ
2610 3861 2735 3923 τοὺς
2779 3858 3089 3923 συνδούλους
3134 3862 3452 3930 ἠνάγκασαν
3481 3859 3635 3915 θῦσαι,
3663 3850 3736 3903 καὶ

2225 3955 2306 4008 ὅτι
2335 3955 2686 4023 παρήκουσαν
2713 3950 2806 4003 τοῦ
2853 3951 3173 4005 Ἀποστὸλου
3216 3953 3519 4013 κελεύοντος
3549 3944 3736 4001 ἀνιέναι

2227 4044 2348 4110 τοῖς
2383 4045 2622 4109 δούλοις
2652 4042 2765 4110 τὴν
2811 4041 3097 4108 ἀπειλὴν,
3133 4043 3211 4108 ὡς
3251 4045 3346 4098 καὶ
3384 4042 3482 4096 τῶν
3509 4039 3734 4092 δεσποτῶν

2226 4137 2425 4190 δούλων
2465 4135 2632 4189 ὄντων
2671 4134 2880 4206 Κυρίῳ,
2917 4135 3146 4198 καὶτοῖς
3196 4137 3436 4199 οἰκέταις
3469 4127 3728 4185 συνδούλων-

2226 4225 2336 4278 Kal.
2361 4223 2512 4276 αὐτοὶ
2553 4222 2650 4294 μὲν
2688 4222 2956 4275 ἔσπευσαν
3004 4225 3101 4296 τὴν
3135 4226 3343 4280 οἰκείαν
3379 4225 3524 4278 σῶσαι
3563 4213 3727 4286 ψυχὴν,

2225 4316 2350 4378 τοὺς
2395 4315 2451 4368 δὲ
2485 4314 2794 4379 συνδούλους
2825 4317 2916 4369 ἐπὶ
2963 4315 3404 4388 εἰδωλολατρείαν
3441 4305 3734 4370 κατέπειξανο

2156 4433 2198 4487 D
2225 4407 2552 4478 δυναμένους
2575 4408 2849 4478 ἐκφυγεῖν.

2817 4499 3053 4552 ΚΑΝΩΝ
3104 4499 3188 4552 Η’.

2296 4611 2314 4645 ι
2353 4592 2475 4655 Τοῖς
2493 4590 2549 4644 δὲ
2583 4591 3031 4663 παραδεδομένοις
3058 4582 3149 4645 κὰί
3172 4595 3215 4624 ³*
3241 4589 3619 4651 ἐκπεπτωκόσι,
3648 4585 3734 4644 τοῖς

2225 4701 2244 4732 ι
2278 4698 2336 4734 τε
2361 4681 2538 4745 αὐτοῖς
2560 4681 2604 4713 ’³
2628 4681 3077 4753 προσεληλυθόσιν
3105 4684 3184 4747 εἰς
3211 4686 3305 4737 τὸν
3335 4683 3512 4753 ἀγῶνα
3531 4681 3612 4735 καὶ
3636 4680 3740 4747 ὁμο-

2225 4788 2242 4820 ι
2281 4769 2526 4838 λογοῦσιν
2551 4764 2687 4823 εἰναι
2719 4771 3078 4840 Χριπιανοίς,
3104 4769 3521 4841 ἐμϐεϐλημένας
3543 4782 3595 4819 τε
3617 4764 3665 4814 ὲν
3682 4760 3734 4828 τῇ

2224 4880 2242 4911 ι
2285 4860 2492 4932 φυλακῇ
2520 4861 2656 4930 μετὰ
2687 4861 2952 4932 βασάνων,
2980 4861 3194 4930 εὔλογόν
3218 4865 3367 4916 ἐστιν
3393 4864 3448 4915 ὲν
3469 4853 3737 4927 ἀγαλλιάσει

2225 4973 2241 5004 ι
2284 4953 2501 5025 καρδίας
2531 4954 2900 5026 συνεπισχύειν
2933 4960 3026 5009 καλ⁸
3052 4959 3328 5010 κοινωνεῖν
3357 4957 3413 5008 ὲν
3436 4954 3603 5012 πᾶσιν,
3625 4948 3670 4999 ἓν
3689 4957 3735 4995 τε

2223 5066 2240 5096 ι
2280 5051 2395 5110 ταῖς
2421 5051 2747 5120 προσευχαῖς
2775 5048 2868 5102 καὶ
2896 5051 2960 5119 τῇ
2990 5047 3282 5120 μεταλήψει
3303 5047 3397 5102 τοῦ
3421 5045 3642 5116 σώματος
3661 5033 3733 5133 κα)

2221 5157 2239 5188 ⁴
2281 5138 2374 5191 τοῦ
2397 5140 2620 5210 αἵματος
2649 5139 2742 5193 τοῦ
2779 5142 3010 5212 Χριστοῦ
3035 5141 3100 5206 "',
3121 5141 3212 5194 καὶ
3237 5142 3301 5212 τῇ
3327 5136 3640 5206 παρακλήσει
3660 5142 3728 5178 του

1793 5441 2024 5500 VARhE
2059 5442 2456 5500 LECTIONES.

643 5582 718 5663 ’ξξ
735 5587 1161 5663 ὑποκρινόμενοι.

1256 5599 1341 5628 ¹⁶⁶⁶
1368 5599 1469 5652 ὅτι.

572 5652 636 5684 ’⁸⁸
663 5655 718 5708 δέ
747 5671 854 5711 om.

1583 5602 1623 5632 "
1652 5600 1876 5666 εἰδότας.

1993 5603 2059 5634 ¹⁷’
2089 5602 2238 5672 ὑμῶν
2267 5602 2463 5656 αὐτῶν.

962 5665 999 5694 ²¹
1029 5666 1200 5732 ἡμῶν.
1275 5669 1317 5700 ’⁸
1346 5668 1436 5720 καί
1464 5684 1569 5724 om.
1649 5672 1693 5703 ’³
1724 5665 1950 5737 ἑαυτοῖς.
2017 5673 2059 5705 ⁸⁸
2087 5665 2176 5725 τοῦ
2214 5672 2444 5743 Χριστοῦ
2480 5689 2586 5728 om.

2578 5603 2620 5633 "'
2644 5600 2791 5662 dces:
2834 5605 2997 5659 ἐστιν.
3101 5607 3141 5637 ¹⁹
3172 5601 3384 5674 ἔχομεν.
3466 5597 3508 5632 ’⁸
3535 5588 3641 5650 add.
3666 5579 3720 5639 εἶ·
