3956 6198
311 257 409 315 εει

1538 269 1872 328 EPISTOLA
1907 274 2272 332 CANONICA.

3427 296 3533 351 482

317 389 337 422 ι
378 369 556 439 λόγου·
582 370 669 424 ῖνα
691 372 1043 446 εὐτονώτερον
1068 377 1480 452 ἀγωνισάμενοι,
1505 387 1858 450 καταξιωθῶσ

1985 405 2004 438 ι
2045 388 2138 458 qui
2166 391 2507 448 constantius
2547 392 2966 461 decertaverint,
2996 398 3100 468 ipsi
3126 415 3342 472 quoque
3361 420 3534 473 super»

319 480 341 515 ι
381 461 477 517 καὶ
513 463 658 516 αὐτοὶ
693 465 798 520 τοῦ
823 467 1104 535 ,βραϐείου
1139 469 1248 538 τῆς
1275 472 1395 527 ἅνω
1434 476 1726 544 κλήσεως.
1766 481 1874 534 Καὶ

321 572 344 607 ‹
381 555 489 627 γάρ
517 555 779 620 ἑπτάκις,
812 561 962 630 φησὶ,
996 563 1261 618 πεσεῖται
1289 569 1320 620 d
1347 566 1572 634 δίκαιος
1597 570 1693 624 καὶ
1730 573 1872 625 ἁνα-

321 664 344 700 ‹
381 649 697 712 στήσεταιο
741 650 878 722 ὅπερ
915 653 962 704 εί
997 653 1090 706 καὶ
1131 655 1330 721 πάντες
1369 657 1420 710 οί
1462 659 1873 727 ἐκπεπτωκότες

318 759 339 793 ι
377 743 764 810 πεποιήκεσαν,
794 743 1132 817 τελειοτάτην
1165 747 1312 819 [add.
1340 748 1429 822 ἂν]
1453 751 1546 804 καὶ
1567 752 1874 825 ὁλοκάρδιον

311 851 331 885 ι
376 835 663 904 μετάνοιαν
693 836 1041 902 ἐνεδείξαντο.
1079 857 1096 890 ι

377 925 596 978 ΒΑΛΣ.·
616 929 769 993 Τινὲς
823 931 1299 1003 προσηγγέλθησαν
1357 934 1450 988 καὶ
1505 938 1872 1010 παρεδόθησαν

301 1017 417 1078 τοῖς
445 1018 742 1090 τυράννοις,
775 1019 808 1091 ἢ
841 1021 934 1074 καὶ
959 1022 1217 1087 ἑκουσίως
1247 1026 1428 1089 αὐτοῖς
1467 1027 1690 1094 ἑαυτοὺς
1739 1048 1874 1102 παρ·

305 1106 535 1172 ἔδωκαν,
563 1111 882 1182 ἡττηθέντες
911 1112 968 1166 δέ
992 1114 1094 1167 ὑπὸ
1124 1115 1232 1168 τῶν
1258 1117 1550 1183 κολάσεων,
1585 1122 1871 1176 ἐκπεπτώ-

303 1217 432 1253 κασι
460 1201 560 1270 τῆς
593 1203 923 1274 μαρτυρίας·
969 1199 1085 1259 εἶτα
1130 1209 1590 1280 μεταμεληθέντες
1622 1215 1715 1266 καὶ
1754 1216 1873 1268 ἐπι-

299 1292 524 1361 γνόντες
559 1293 618 1346 τὸ
660 1295 894 1363 ἀγαθὸν,
937 1297 1289 1370 ὡμολόγησαν
1337 1297 1473 1356 εἶναι
1524 1305 1866 1376 Χριστιανοὶ,

299 1382 443 1436 ὥστε
478 1385 570 1437 καὶ¹
592 1386 669 1448 είς
700 1385 940 1455 φυλακὰς
969 1387 1297 1458 ἐμϐληθῆναι
1327 1391 1418 1443 καὶ
1451 1390 1710 1460 βασάνους
1741 1394 1871 1449 ὑπο-

301 1477 516 1547 στῆναι.
554 1478 690 1540 Τοὺς
727 1479 996 1543 τοιούτους
1036 1477 1126 1534 οὖν
1166 1481 1386 1550 able-{0v
1429 1485 1604 1556 κρίνει
1655 1489 1682 1539 ὁ
1715 1488 1868 1556 ἆγιος

301 1569 443 1636 μετὰ
477 1569 739 1641 θυμηδίας
771 1570 1019 1641 δέχεσθαι
1051 1574 1143 1626 καὶ
1182 1575 1568 1647 ἐπιρῤωννύειν
1605 1578 1742 1648 πρὸς
1768 1579 1866 1650 τὴν

295 1665 578 1737 ὀρθόδοξον
609 1667 806 1733 πίστιν,
839 1669 932 1721 καὶ
971 1673 1243 1723 κοινωνεῖν
1284 1672 1464 1734 αὐτοῖς
1507 1672 1563 1725 ἓν
1597 1690 1658 1725 τε
1698 1692 1864 1746 προσ-

1989 497 2008 530 ι
2044 494 2127 532 nae
2185 481 2471 536 vocationis
2527 483 2710 538 brabio
2780 497 2807 526 α
2861 485 3170 558 dignentur.
3227 488 3438 549 Etenim
3460 512 3534 551 sc-

1980 587 1998 622 ι
2031 572 2189 639 pties,
2220 572 2417 642 inquit,
2443 573 2594 628 cadet
2612 575 2792 644 justus
2808 585 2856 631 et
2888 590 3120 650 resurget
3152 581 3208 649 ὃς
3245 585 3390 653 quod
3417 604 3534 658 qui-

1977 678 1995 712 ι
2037 661 2159 717 dem
2191 663 2236 718 si
2260 678 2448 718 omnes
2480 681 2696 736 quoque
2729 667 2867 736 lapsi
2894 667 3172 735 fecissent,
3202 674 3533 742 perfectissi-

1976 769 1995 802 ι
2027 767 2169 806 mam
2194 763 2250 808 et
2275 762 2388 809 toto
2417 755 2582 812 corde
2605 765 2912 828 susceptam
2939 763 3311 831 pmnitentiam
3342 776 3528 825 osten-

1977 860 1994 893 ι
2037 843 2267 899 dissent.
2308 864 2327 896 ι

2043 935 2200 991 ΒΑιε.
2232 935 2461 1001 Quidam
2487 939 2733 1008 tyrannis
2764 940 2928 996 delati
2977 952 3030 998 et
3061 945 3259 1014 proditi
3292 947 3528 1017 fuerant,

1969 1027 2054 1082 vel
2109 1029 2272 1082 etiam
2319 1029 2422 1098 ipsi
2453 1045 2510 1084 se
2535 1031 2688 1101 ipsos
2748 1034 2856 1089 illis
2907 1045 3100 1105 sponte
3147 1039 3528 1098 tradiderant:

1969 1117 2095 1172 victi
2120 1127 2296 1173 autem
2323 1120 2610 1174 tormentis
2629 1122 2944 1178 testimonio
2973 1125 3290 1182 exciderunt
3322 1148 3334 1184 :
3378 1129 3532 1187 dein-

1970 1209 2036 1263 de
2066 1224 2189 1263 cum
2249 1210 2568 1278 pmnitentia
2601 1213 2747 1266 ducti
2792 1222 3004 1279 essent,
3051 1226 3103 1272 et
3154 1217 3297 1290 quod
3329 1221 3526 1276 bonum

1967 1307 2071 1364 est,
2101 1303 2468 1371 agnovissent,
2497 1319 2554 1357 se
2576 1320 2697 1359 esse
2725 1305 3069 1363 Christianos
3093 1311 3329 1368 confessi
3363 1321 3523 1382 sunt;

1968 1392 2103 1447 adeo
2133 1401 2190 1447 ut
2243 1393 2296 1447 in
2328 1394 2632 1448 custodiam
2692 1397 2950 1466 conjecti,
3015 1409 3280 1456 tormenta
3314 1421 3527 1475 quoque

1969 1482 2347 1540 sustinuerint.
2375 1483 2481 1539 Eos
2517 1501 2646 1556 ergo
2682 1503 2896 1556 {equum
2941 1499 3128 1546 censet
3167 1503 3389 1549 sanctus
3430 1495 3524 1549 la:-

1966 1575 2105 1629 tanti
2139 1577 2319 1630 animo
2370 1576 2669 1645 suscipere,
2729 1587 2783 1632 et
2843 1579 2909 1633 ad
2960 1581 3118 1637 tidem
3170 1583 3524 1639 orthodoxam

1966 1665 2308 1730 confirmare,
2345 1674 2398 1721 et
2431 1669 2511 1722 eis
2574 1671 2978 1726 communicare
3009 1680 3063 1726 ct
3106 1673 3161 1726 in
3187 1675 3526 1730 orationibus

297 1759 487 1825 ευχαῖς
519 1757 611 1808 καὶ
649 1760 712 1827 τῇ
750 1759 1046 1829 μεταλήψει
1091 1759 1195 1812 τῶν
1228 1759 1598 1830 ἁγιασμάτων,
1633 1764 1726 1816 καὶ
1774 1763 1859 1817 διὰ

1969 1764 2022 1810 et
2052 1767 2518 1813 sacramentorum
2546 1759 2979 1830 participatione,
3019 1761 3306 1832 verbisque
3336 1761 3528 1818 adhor-

294 1845 458 1915 λόγου
493 1850 854 1920 παρακαλεῖν,
887 1851 970 1904 ἵνα
1013 1852 1147 1923 πρὸς
1180 1853 1270 1906 τὸν
1300 1851 1484 1920 ἀγῶνα
1517 1854 1861 1928 εύτονώτεροι

295 1938 600 2006 γένωνται,
648 1941 741 1993 καὶ
783 1940 1153 2008 καταξιωθῶσι
1196 1943 1294 2014 τῆς
1343 1945 1662 2015 ἐπουρανίου
1707 1946 1860 2016 βασι-

293 2030 469 2094 λείας.
500 2032 616 2085 ἰνα
643 2031 698 2085 δὲ
730 2032 824 2105 μὴ,
853 2033 983 2086 διότι
1012 2034 1348 2100 πεπτώκασι,
1375 2037 1697 2108 νομίζωνταί
1723 2056 1862 2092 τισιν

294 2122 531 2185 ἄδεκτοι,
568 2123 759 2191 ἐπάγει
789 2124 882 2176 καὶ
923 2124 1223 2196 μαρτυρίαν
1250 2126 1356 2179 άπὸ
1383 2128 1481 2197 τῆς
1515 2128 1752 2200 Γραφῆς,
1779 2127 1858 2180 τό·

304 2211 604 2279 Ἐπτάκις,
633 2214 751 2267 ἀντὶ
787 2215 904 2279 τοῦ,
939 2214 1213 2279 πολλάκις,
1247 2219 1509 2272 πεσεῖται
1545 2222 1576 2272 ὁ
1613 2218 1858 2284 δίκαιος,

294 2303 399 2356 καὶ
436 2301 868 2370 ἀναστήσεται.¹
891 2306 1059 2360 Τοῦτο
1088 2306 1174 2370 δὲ,
1223 2309 1384 2378 φησὶν
1403 2349 1416 2374 ,
1447 2312 1495 2364 εί
1543 2311 1636 2364 καὶ
1664 2310 1862 2375 πάντες

290 2396 348 2448 oi
374 2397 473 2467 τῆς
499 2396 786 2466 ὁμολογίας
819 2399 1229 2465 ἐκπεπτωκότες
1254 2403 1534 2474 ἐποίησαν,
1563 2403 1622 2456 τὸ
1650 2404 1861 2456 άναπαοπ

292 2486 479 2541 λαῖσαι
503 2490 600 2559 τὴν
633 2489 857 2554 πτῶσιν,
890 2491 980 2542 καὶ
1008 2491 1233 2545 ἐνώπιον
1275 2492 1382 2546 τῶν
1426 2495 1700 2566 τυράννων
1731 2496 1862 2567 Χρι-

295 2581 546 2644 στιανοὺς
573 2581 902 2652 ὁμολογῆσαι
935 2582 1175 2649 ἑαυτοὺς,
1219 2584 1543 2651 ἐνεδείξαντο
1569 2584 1635 2639 ἂν
1657 2586 1858 2640 τελειοο

293 2673 466 2743 τάτην
496 2675 798 2744 μετάνοιαν.
832 2676 1070 2748 Διαφορά
1099 2675 1227 2745 γοῦν
1251 2679 1364 2730 ἐστι
1394 2677 1501 2730 τῶν
1525 2678 1583 2730 ἐν
1609 2677 1685 2748 τῷ
1717 2696 1858 2750 παρ-

293 2766 407 2818 όντι
459 2768 646 2820 κανόνι
703 2767 1094 2840 διειλημμένων
1145 2770 1238 2822 καὶ
1283 2769 1390 2822 τῶν
1433 2771 1490 2824 ἐν
1531 2769 1607 2840 τῷ
1661 2770 1859 2842 πρώτῳ

296 2861 481 2913 κανόνι
515 2861 916 2934 περιεχομένων
959 2862 1094 2934 αὕτη
1116 2904 1130 2926 ,
1173 2863 1251 2915 ὅτι
1283 2864 1396 2916 ἐκεῖ
1423 2862 1517 2933 μὲν
1555 2865 1602 2916 οἰ
1644 2863 1730 2917 διὰ
1760 2864 1858 2928 τὰς

298 2950 563 3020 βασάνους
609 2950 1020 3014 ἐκπεπτωκότες
1065 2952 1124 3004 οὐ
1161 2954 1605 3023 μετεστράφησαν
1634 2952 1859 3008 ἐνώπιον

294 3043 406 3096 τῶν
439 3045 714 3115 τυράννων

293 3134 471 3190 ταῦθα
502 3136 558 3189 δέ
596 3138 642 3188 οἱ
691 3135 1099 3199 ἐκπεπτωκότες
1139 3136 1226 3189 διὰ
1255 3135 1536 3207 βασάνους,
1568 3137 1626 3202 ἐξ
1653 3137 1854 3206 ἀγαθοῦ

288 3228 605 3300 μεταμέλου
649 3229 742 3280 ἐπὶ
772 3228 879 3282 τῶν
912 3229 1182 3298 τυράννων
1223 3229 1314 3281 τὸν
1345 3229 1546 3301 Κύριον
1583 3231 1860 3303 ὡμολόγη-

286 3339 415 3382 σαν,
445 3321 540 3374 καὶ
569 3318 655 3373 διὰ
681 3319 837 3373 τοῦτο
870 3320 989 3373 ούδέ
1026 3319 1328 3389 λογίζονται
1357 3323 1631 3376 ἐκπεσεῖν.

362 3435 605 3488 ΖΩΝΑΡ.
647 3433 712 3487 Εἰ
749 3451 892 3497 τινες
922 3434 997 3498 δὲ,
1039 3435 1190 3504 φησι,
1237 3433 1718 3505 προσηγγέλθησαν
1766 3432 1857 3487 καὶ

281 3524 665 3598 παρεδόθησαν
688 3527 803 3588 τοῖς
837 3523 1206 3596 τυραννοῦσιν,
1231 3523 1263 3595 ἢ
1292 3525 1442 3577 αὐτοὶ
1471 3525 1694 3587 ἑαυτοὺς
1717 3540 1857 3594 παρ-

281 3618 500 3672 έδωκαν
519 3656 534 3680 ,
589 3616 682 3670 καὶ
709 3614 1093 3670 ἐκπεπτώκασι
1122 3617 1217 3688 τῆς
1252 3615 1569 3688 μαρτυρίας,
1602 3614 1858 3686 ἡττηθέν-

279 3727 384 3774 τες
419 3710 526 3762 τῶν
585 3709 892 3774 κολάσεων,
951 3709 1042 3762 καὶ
1092 3708 1165 3780 μὴ
1193 3709 1446 3781 φέροντες
1493 3707 1591 3772 τάς
1634 3709 1692 3760 ἐν
1741 3702 1858 3771 ταῖς

280 3801 560 3874 φυλακαῖς
601 3801 895 3871 κακουχίας
933 3801 1026 3855 καὶ
1065 3801 1165 3865 τὰς
1195 3799 1479 3871 βασάνους,
1507 3794 1623 3851 εἶτα
1655 3797 1856 3852 ἀνεπά-

277 3896 484 3949 λαισαν
510 3894 606 3965 τὴν
642 3894 866 3958 πτῶσιν,
903 3893 997 3947 καὶ
1036 3891 1394 3962 ὡμολόγησαν
1437 3887 1573 3944 εἶναι
1603 3892 1857 3961 Χριστια-

274 3989 389 4048 νοὶ,
435 3986 575 4039 ὥστε
608 3987 700 4039 καὶ
728 3988 805 4049 είς
835 3984 1076 4054 φυλακάς
1107 3982 1441 4055 ἐμϐληθῆναι
1469 3984 1561 4037 καὶ
1596 3982 1857 4053 βασάνους

275 4078 616 4136 ὑποστῆναι’
667 4079 791 4140 τοὺς
847 4077 1117 4138 τοιούτους
1165 4075 1382 4144 εὔλογον
1434 4076 1604 4147 κρίνει
1636 4079 1664 4129 ὁ
1706 4076 1856 4144 ἅγιος

277 4168 434 4239 μετὰ
475 4165 737 4237 θυμηδίας
779 4165 1059 4235 δέχεσθαι,
1108 4166 1200 4218 καὶ
1233 4164 1538 4234 ἐπισχύειν,
1590 4165 1709 4218 ἀντὶ
1737 4164 1852 4232 τοῦ,

271 4258 701 4330 ὲπιῤῥωννύειν,
737 4257 1061 4328 ἐνδυειαμοῦν
1107 4257 1200 4310 καὶ
1245 4257 1680 4330 παραθαρρύνειν
1721 4260 1856 4331 πρὸς

274 4351 379 4423 τὴν
409 4349 699 4421 ὁμολογίαν
719 4367 731 4378 ·
773 4350 864 4402 καὶ
894 4351 1166 4402 κοινωνεῖν
1205 4349 1386 4412 αὐτοῖς
1410 4353 1466 4402 ἐν
1496 4352 1677 4415 πᾶσιν,
1711 4351 1765 4405 ἕν
1794 4369 1852 4405 τε

761 3047 839 3107 εἰς
874 3045 968 3114 τὴν
1003 3044 1286 3115 ὁμολογίαν
1336 3044 1434 3114 τῆς
1466 3045 1731 3108 πίστεως·
1771 3049 1856 3100 ἐν·
1883 3084 1925 3142 c

1969 1849 2071 1902 tari
2104 1857 2164 1904 ut
2193 1851 2302 1905 sint
2345 1852 2412 1906 ad
2446 1861 2720 1906 certamen
2765 1855 3183 1922 constantiores,
3234 1863 3286 1908 et
3317 1855 3523 1910 caelesti

1965 1956 2132 2010 regno
2190 1941 2338 2012 digni
2383 1943 2711 2000 habeantur.
2771 1943 2847 1999 Ne
2902 1953 3080 1999 autem
3114 1961 3179 2000 eo
3210 1945 3355 2016 quod
3389 1947 3525 2016 lapsi

1966 2039 2127 2096 sunt,
2174 2034 2397 2089 minime
2427 2037 2766 2107 suscipiendi
2809 2035 3114 2101 videantur,
3158 2038 3524 2092 testimonium

1965 2140 2182 2194 quoque
2212 2142 2279 2181 ex
2313 2125 2594 2197 Scriptura
2622 2129 2852 2192 inducit,
2884 2129 3029 2199 quod
3072 2139 3172 2195 est,
3207 2128 3428 2198 Septies,
3468 2131 3524 2184 id

1963 2222 2046 2270 est
2078 2229 2238 2286 saepe,
2280 2217 2428 2271 cadet
2459 2218 2632 2279 justus
2671 2227 2720 2272 et
2771 2229 3022 2290 resurget.
3081 2218 3193 2275 Hoc
3250 2229 3452 2285 autem,
3476 2219 3524 2274 si

1962 2307 2150 2370 etiam,
2183 2306 2381 2378 inquit,
2413 2326 2602 2365 omnes
2629 2311 2722 2380 qui
2753 2326 2782 2365 a
2807 2311 3148 2366 confessione
3175 2310 3516 2372 exciderunt,

1965 2397 2240 2462 fecissent,
2272 2407 2330 2454 ut
2352 2401 2562 2455 scilicet
2617 2400 2753 2471 lapsi
2795 2402 3214 2467 reluctarentur,
3251 2410 3304 2456 et
3335 2416 3394 2457 se
3423 2416 3516 2456 co—

1962 2502 2078 2541 ram
2127 2489 2375 2559 tyrannis
2427 2489 2767 2546 Christianos
2805 2492 3126 2557 faterentur,
3183 2491 3523 2562 perfectissi-

1959 2595 2103 2634 mam
2131 2582 2500 2650 paenitentiam
2529 2584 2917 2639 ostendissent.
2943 2582 3209 2638 Diffcrunt
3250 2599 3378 2656 ergo
3401 2603 3521 2657 quae

1959 2667 2015 2722 in
2067 2669 2169 2724 hoc
2221 2685 2430 2726 canone
2471 2672 2864 2742 comprehensa
2919 2680 3069 2736 sunt,
3120 2674 3189 2729 ab
3227 2675 3294 2730 iis
3321 2692 3439 2746 quae
3463 2678 3521 2733 in

1961 2760 2132 2829 primo
2186 2776 2396 2817 canone
2424 2763 2792 2828 continentur,
2837 2765 2981 2834 quod
3025 2765 3136 2820 illic
3161 2767 3378 2835 quidem
3427 2770 3518 2838 qui

1958 2857 2174 2919 propter
2202 2859 2465 2906 tormenta
2500 2852 2635 2923 lapsi
2668 2864 2814 2920 sunt,
2853 2853 2919 2908 ad
2949 2854 3306 2910 conﬁtendam
3337 2872 3518 2912 coram

1958 2943 2202 3011 tyrannis
2247 2943 2403 2998 fidem
2436 2959 2778 3014 nequaquam
2808 2947 3055 3002 conversi
3106 2953 3272 3002 sunt:
3307 2948 3394 3004 hic
3422 2965 3520 3004 au-

1959 3020 2064 3087 tem
2093 3035 2183 3103 qui
2213 3042 2430 3104 propter
2488 3043 2758 3090 tormenta
2805 3037 2940 3108 lapsi
2976 3048 3122 3102 sunt,
3147 3056 3214 3093 ex
3240 3040 3380 3094 bona
3403 3055 3522 3111 pm-

1960 3123 2184 3178 nitentia
2210 3126 2311 3179 sub
2341 3127 2586 3197 tyrannis
2613 3126 2898 3182 Dominum
2922 3128 3158 3184 confessi
3185 3136 3350 3196 sunt;
3386 3144 3516 3200 pro-

1956 3224 2138 3284 pterea
2168 3231 2342 3287 neque
2397 3220 2662 3275 cecidisse
2685 3220 3018 3289 iudicantur.

2027 3419 2228 3474 Zomn.
2263 3419 2321 3474 Si
2355 3420 2445 3489 qui
2479 3436 2628 3485 Veto,
2687 3421 2882 3493 inquit,
2931 3424 2996 3478 ad
3057 3433 3318 3496 tyrannos
3352 3425 3516 3482 delati

1955 3525 2018 3566 ac
2043 3512 2240 3582 proditi
2272 3521 2419 3574 sunt,
2453 3514 2536 3567 vel
2563 3513 2666 3582 ipsi
2697 3529 2818 3570 sese
2852 3516 2987 3585 ipsis
3049 3517 3394 3584 dediderunt,
3421 3535 3516 3576 ex-

1957 3603 2312 3674 cideruntque
2344 3619 2374 3658 a
2405 3604 2718 3661 testimonio
2745 3606 2796 3659 vi
2827 3615 3224 3664 tormentorum
3250 3612 3514 3680 superati,

1955 3711 2056 3751 nec
2084 3711 2354 3752 aerumnas
2378 3699 2577 3768 quibus
2616 3697 2671 3752 in
2720 3713 2940 3755 carcere
2965 3699 3361 3755 afﬂictabantur
3393 3717 3516 3760 cru-

1955 3791 2240 3860 ciatusque
2268 3789 2634 3860 perferentes;
2674 3807 2799 3846 mox
2847 3802 3100 3848 revocato
3130 3793 3426 3849 certamine
3454 3810 3515 3850 se

1955 3882 2291 3954 Christianos
2321 3897 2444 3938 esse
2478 3881 2717 3936 confessi
2747 3890 2976 3946 sunt,ex
3005 3899 3114 3952 quo
3137 3891 3191 3938 et
3216 3883 3270 3937 in
3300 3884 3514 3940 vincula

1955 3975 2210 4044 conjecti,
2241 3982 2295 4029 et
2326 3975 2663 4029 cruciatibus
2695 3983 2825 4030 sunt
2851 3974 3026 4030 aﬂecti
3060 3993 3074 4027 :
3108 3975 3376 4044 ejusmodi
3410 3976 3513 4031 ho-

1956 4068 2129 4122 mines
2152 4082 2275 4120 cum
2334 4067 2697 4123 exsultatione
2737 4069 2911 4136 excipi
2956 4077 3180 4123 sanctus
3205 4068 3291 4121 hic
3316 4068 3512 4122 rationi

1954 4166 2378 4214 censentaneum
2397 4158 2608 4227 judicat
2634 4177 2647 4211 :
2671 4167 2787 4213 tum
2815 4159 3073 4214 roborare
3095 4160 3264 4228 ipsos,
3286 4159 3388 4213 hoc
3403 4167 3510 4223 est,

1957 4249 2123 4313 vires,
2149 4250 2380 4312 animos,
2409 4249 2766 4320 fiduciamque
2787 4250 2982 4305 addere
2998 4265 3104 4320 quo
3133 4249 3514 4319 profiterentur

1956 4339 2147 4406 tidem;
2176 4353 2238 4392 ac
2255 4339 2460 4394 eisdem
2491 4339 2824 4396 imomnibus
2847 4338 3272 4402 communicare,
3310 4345 3421 4392 tum
3457 4338 3510 4392 in

277 4446 616 4516 προσευχαῖς
647 4442 738 4494 καὶ
773 4443 837 4512 τῇ
883 4439 1177 4511 μεταλήψει
1204 4440 1310 4494 τῶν
1345 4441 1712 4512 άγιασμάτων,
1761 4444 1851 4496 καὶ

1964 4432 2382 4502 precationibus,
2402 4443 2514 4486 tum
2540 4432 2596 4486 in
2627 4431 2973 4502 perceptione
3007 4441 3509 4497 sacramentorum;

275 4535 370 4590 διὰ
428 4532 588 4601 λόγου
641 4529 1007 4602 παρακαλεῖν,
1049 4530 1166 4599 ἦτοι
1215 4528 1495 4602 διεγείρειν
1533 4532 1727 4595 αὐτοὺς
1774 4533 1852 4595 είς

275 4629 382 4700 τὴν
431 4624 770 4697 μαρτυρίαν,
823 4621 914 4674 ἴνα
961 4621 1096 4692 πρὸς
1141 4619 1230 4673 τὸν
1279 4621 1462 4688 ἀγῶνα
1509 4623 1851 4695 εύτονώτεροι

278 4719 572 4787 γένωνται,
610 4714 702 4767 καὶ
743 4711 840 4782 τῆς
869 4709 1193 4780 ἐπουρανίου
1229 4707 1500 4778 βασιλείας
1528 4709 1843 4774 ἀξιωθῶσιν.

282 4813 411 4864 ἰνα
442 4808 499 4861 δὲ
537 4807 630 4878 μὴ,
663 4805 793 4859 διότι
842 4799 1159 4855 πεπτώκασι
1209 4800 1465 4864 θύσαντες
1485 4841 1499 4865 ,
1528 4802 1849 4873 νομίζωνταί

281 4921 428 4956 τισιν
454 4901 686 4963 άδεκτοι,
717 4897 909 4966 ἐπάγει
937 4897 1030 4949 καὶ
1063 4893 1364 4966 μαρτυρίαν
1393 4896 1455 4947 ἐκ
1481 4893 1579 4964 τῆς
1606 4896 1644 4946 Γ
1650 4897 1846 4966 ραφῆςι

283 4993 367 5046 τόν
397 4990 685 5056 Ἑπτάκις,
706 4990 824 5042 ἀντὶ
848 4987 962 5048 τοῦ,
978 4986 1256 5051 πολλάκις,
1273 4986 1537 5039 πεσεῖται
1558 4985 1846 5053 όδίκαιος,

286 5083 389 5136 καί
425 5080 846 5147 ἀναστήσεται.
878 5078 1047 5132 Τοῦτο
1084 5077 1164 5141 δὲ,
1203 5077 1395 5149 φησὶν,
1429 5079 1478 5131 εί
1526 5079 1618 5130 καῖ⁵
1651 5077 1847 5141 πάντες

286 5178 338 5228 οἱ
373 5174 470 5242 τῆς
495 5173 778 5244 ὁμολογίας
805 5170 1214 5233 ἐκπεπτωκότες
1241 5170 1520 5240 ἐποίησαν,
1551 5169 1611 5221 τὸ
1641 5171 1846 5223 ἀναπα-

285 5266 474 5319 λαῖσαι
504 5264 600 5335 τὴν
633 5263 858 5327 πτῶσιν,
896 5261 989 5314 καὶ
1012 5259 1240 5314 ἐνώπιον
1268 5261 1374 5312 τῶν
1399 5260 1672 5329 τυράννων
1712 5262 1845 5332 Χρι-

290 5354 537 5417 στιανοὺς
575 5353 902 5424 ὁμολογῆσαι
935 5352 1180 5413 ἑαυτοὺς,
1214 5338 1549 5412 ἀνεδείξαντο
1585 5348 1649 5422 [ι’.
1683 5349 1846 5422 ἐνεδ-]

289 5449 359 5501 ἂν
385 5445 722 5514 τελειοτάτην
759 5444 1060 5514 μετάνοιαν.

397 5681 421 5707 ³
448 5680 673 5748 Philipp.
703 5696 785 5748 ιιι,
821 5681 904 5735 14.
982 5681 1008 5722 δ
1043 5680 1197 5737 Prov.
1229 5696 1372 5747 utv,
1407 5681 1493 5739 16.

1961 4524 2249 4592 verbisque
2278 4523 2574 4589 adhortari,
2608 4523 2712 4577 hoc
2740 4529 2843 4584 est,
2886 4522 3034 4591 ipsos
3059 4522 3125 4575 ad
3146 4521 3508 4576 exhibendum

1959 4614 2080 4670 fidei
2109 4615 2477 4669 testimonium
2507 4615 2765 4678 excitare,
2796 4621 2854 4666 ut
2889 4615 3289 4670 constantiores
3313 4615 3424 4668 sint
3452 4614 3509 4667 in

1952 4709 2267 4773 certamine,
2301 4721 2364 4761 ac
2385 4706 2594 4760 cmlesti
2625 4720 2790 4776 regno
2823 4707 2969 4776 digni
2984 4703 3505 4759 habeanturNerum

1952 4815 2022 4854 ne
2051 4815 2116 4853 ex
2155 4814 2219 4854 eo
2251 4798 2394 4868 quod
2419 4798 2556 4868 lapsi
2579 4807 2706 4852 sunt
2744 4799 3136 4858 sacriﬁcantes,
3169 4797 3318 4850 nullo
3346 4798 3507 4852 modo

1954 4892 2266 4948 adniittendi
2290 4894 2359 4947 ab
2391 4891 2664 4962 aliquibus
2695 4891 3092 4956 existimentur,
3136 4889 3506 4944 testimonium

1953 5000 2170 5054 quoque
2199 4985 2329 5039 illud
2354 4999 2418 5039 ex
2447 4983 2621 5039 sacris
2651 4983 2847 5038 litteris
2876 4981 3080 5053 profert
3106 4999 3118 5035 :
3148 4979 3368 5050 Septies,
3405 4981 3508 5034 hoc

1955 5085 2036 5131 est
2071 5077 2288 5146 Saepius,
2320 5076 2468 5130 cadet
2486 5076 2688 5144 justus,
2724 5091 2786 5128 ac
2820 5084 3069 5144 resurget.
3094 5073 3208 5127 Hoc
3233 5087 3380 5135 vero,
3426 5072 3506 5125 in-

1954 5168 2092 5236 quit,
2147 5168 2194 5221 si
2251 5167 2341 5220 alii
2390 5180 2579 5221 omnes
2626 5166 2784 5236 quia
2813 5164 3158 5220 confessione
3188 5163 3506 5220 exciderunt

1955 5257 2231 5319 fecissent,
2269 5266 2328 5309 ut
2357 5266 2478 5326 post
2530 5258 2737 5327 lapsum
2773 5265 3051 5312 certamen
3092 5259 3411 5325 repeterent,
3443 5267 3505 5306 ac

1954 5366 2012 5404 se
2045 5350 2192 5418 ipsos
2221 5364 2400 5404 coram
2427 5350 2670 5422 tyrannis
2722 5349 3059 5406 Christianos
3106 5346 3505 5417 proﬁterentur,

1957 5441 2260 5496 absolutam
2297 5442 2668 5512 pmnitentiam
2701 5440 3110 5501 indicavissent.
