3906 6194
643 253 754 312 485

1243 374 1472 431 CANON
1511 376 1596 429 IX.

717 487 738 522 ι
781 466 852 524 lis
877 479 1090 539 quoque
1112 468 1207 538 qui
1243 477 1500 539 tanquam
1533 485 1597 523 ex
1625 485 1818 524 somno
1849 452 1950 540 ipsi
1981 469 2049 524 ad
2078 485 2194 525 cer-

645 580 666 614 ι
711 571 891 616 tamen
921 561 1251 631 parturiens,
1271 569 1324 616 et
1346 561 1558 616 trahere
1586 561 1865 623 diﬂ‘erens.
1893 562 2198 632 prosiliunt,

644 673 664 706 ι
711 653 814 710 sibi
841 662 1017 708 autem
1049 668 1242 724 pugna:
1285 654 1605 716 maritimae,
1648 661 1702 708 et
1732 653 1916 709 multa
1951 654 2196 708 ﬂuxuum

642 765 662 799 ι
709 746 1076 800 inundationis
1128 747 1485 801 tentationem
1537 747 1852 811 attrahunt,
1891 750 1975 802 vel
2017 747 2198 820 potius

645 857 662 888 ι
709 835 970 892 fratribus
999 846 1342 906 peccatorum
1371 838 1662 893 carbonem
1708 839 2031 903 accendunt,
2064 840 2197 910 ipsis

642 948 661 980 ι
710 944 926 1000 quoque
973 929 1482 983 communicandum
1515 936 1618 995 est,
1664 939 1724 984 ut
1756 932 1845 1000 qui
1878 932 1931 986 in
1979 932 2196 988 nomine

645 1039 663 1070 ι
710 1019 915 1076 Christi
953 1020 1020 1074 ad
1059 1019 1109 1074 id
1145 1019 1364 1075 veniant
1394 1039 1407 1074 :
1441 1021 1543 1076 etsi
1572 1023 1736 1076 verba
1767 1023 1886 1092 ejus
1917 1039 2023 1078 non
2075 1025 2194 1078 ani-

639 1129 657 1162 ι
705 1110 1049 1165 madvertant
1083 1149 1098 1173 ,
1131 1111 1223 1180 qui
1255 1110 1414 1165 docet
1467 1127 1621 1164 orare
1646 1127 1707 1164 ne
1753 1111 2112 1182 ingrediantur
2140 1115 2193 1167 in

636 1223 654 1255 ι
703 1205 1034 1258 tentationem
1065 1215 1090 1244 α
1129 1243 1143 1267 ,
1195 1212 1247 1258 et
1284 1218 1406 1258 eum
1435 1219 1630 1258 rursus
1663 1204 1718 1258 in
1745 1204 1990 1260 oratione
2045 1204 2191 1258 Patri

633 1314 653 1346 ‹
698 1297 900 1362 dicere,
922 1295 988 1349 Et
1006 1313 1067 1350 ne
1094 1313 1186 1350 nos
1216 1295 1436 1351 inducas
1464 1297 1516 1350 in
1547 1297 2003 1360 tentationem,sed
2031 1297 2193 1352 libera

635 1409 654 1442 ι
699 1406 793 1444 nos
815 1407 846 1443 a
873 1390 1016 1443 malo
1043 1389 1092 1442 ι’.
1120 1385 1279 1443 Forte
1299 1398 1477 1442 autem
1497 1388 1659 1443 etiam
1685 1390 1933 1460 ignorant
1957 1398 2193 1460 patrem-

632 1502 652 1534 ι
701 1481 931 1537 familias
955 1490 1009 1536 et
1039 1479 1324 1535 Dominum
1361 1488 1630 1545 nostrum,
1686 1496 1828 1551 saepe
1875 1482 1943 1536 ab
1989 1483 2056 1537 iis
2097 1483 2189 1552 qui

633 1593 651 1625 ι
695 1574 772 1628 illi
797 1572 1040 1628 insidiari
1071 1572 1344 1635 volebant,
1374 1571 1759 1633 secessisse,et
1779 1572 1923 1643 quod
1944 1574 2187 1643 quando-

629 1685 647 1716 ι
692 1680 797 1736 que
832 1665 992 1720 etiam
1025 1663 1191 1719 libere
1211 1661 1351 1733 apud
1371 1677 1466 1718 eos
1501 1677 1611 1716 non
1637 1662 1942 1726 incedebat,
1966 1669 2020 1717 et
2044 1663 2189 1733 quod

1658 258 1715 317 S.
1758 257 1961 317 PETRI
1997 255 2464 316 ALEXANDRINI
2498 259 2800 318 EPISCOPI
3689 280 3768 338 tu

2914 377 3151 432 ΚΛΝΩΝ
3185 377 3260 435 Θθ.

2375 486 2393 518 ι
2437 469 2544 522 Καὶ
2565 471 2676 532 τοῖς
2708 469 2763 522 δὲ
2791 469 2939 523 ὼσὰν
2977 470 3036 536 ἐξ
3072 471 3232 525 ὕπνου
3273 473 3474 538 ἑαυτοὺς
3494 475 3535 508 ⁸³
3567 494 3769 551 παραπη-

2305 576 2322 609 ι
2359 559 2522 613 δῶσιν
2547 562 2623 623 είς
2651 561 2740 613 τὸν
2769 561 2954 630 ἀγῶνα
2993 562 3242 617 ὠδίνοντα
3276 566 3363 618 καὶ
3390 567 3616 636 μέλλοντα
3648 571 3771 626 ἐλκῦ-

2303 671 2320 700 ι
2362 669 2470 714 σαι,
2508 653 2719 716 ἑαυτοῖς
2740 653 2797 706 δὲ
2832 655 3132 726 πειρασμὸν
3171 657 3593 729 ἐπισπασαμένοις
3619 661 3773 717 θαλατ-

2303 760 2322 794 ι
2360 744 2624 813 τομαχίας
2654 745 2748 797 καὶ
2778 744 2974 815 πολλῆς
3015 745 3387 817 κυματώσεως,
3415 749 3588 818 μᾶλλον
3619 750 3664 804 δὲ
3703 753 3775 808 καὶ

2303 849 2322 882 ι
2357 836 2468 896 τοῖς
2498 834 2744 904 ἀδελφοῖς
2792 837 3240 906 προσεκκαίουσιν
3257 837 3484 909 ἄνθρακα
3504 840 3543 870 ²⁶
3571 841 3774 912 ἁμαρτω-

2302 937 2321 970 ι
2361 921 2467 974 λῶν
2486 937 2499 951 ⁶
2531 923 2623 974 καὶ
2647 923 2827 988 αὐτοῖς
2856 926 3222 996 κοινωνητέον,
3255 927 3343 980 ἅτε
3369 927 3426 998 δὴ
3449 928 3507 958 ’⁸⁸
3533 930 3582 986 ἐν
3603 931 3775 1000 ὀνόματι

2300 1027 2319 1059 ι
2357 1011 2590 1080 Χριστοῦ
2611 1014 3036 1084 παρερχομένοις
3055 1017 3132 1079 είς
3146 1015 3375 1080 τοῦτο,εί
3403 1019 3488 1070 καὶ
3511 1018 3576 1089 μὴ
3591 1021 3661 1050 ⁹⁶”⁶
3681 1038 3777 1090 προ-

2303 1117 2321 1150 ι
2360 1103 2603 1171 σέχουσιν
2625 1102 2786 1156 αὑτοῦ
2811 1107 2920 1167 τοῖς
2953 1104 3146 1174 λόγοις,
3168 1106 3488 1171 διδάσκοντος
3516 1113 3776 1179 προσεύχε-

2299 1211 2318 1242 ι
2358 1197 2494 1247 σθαι
2523 1194 2602 1262 μὴ
2629 1196 2922 1250 εἰσελθεῖν
2943 1200 3028 1263 εις
3055 1199 3375 1268 πειρασμὸν
3401 1200 3522 1267 ²⁶·”⁶,
3549 1202 3627 1254 καὶ
3653 1202 3773 1255 πάλιν

2298 1305 2316 1338 ι
2357 1289 2416 1340 ἐν
2440 1290 2568 1360 εὐχῇ
2587 1289 2762 1358 λέγειν
2788 1290 2865 1360 τῷ
2883 1289 3073 1361 Πατρί’
3103 1291 3210 1344 Καὶ
3227 1289 3311 1360 μὴ
3335 1291 3644 1362 είσενέγκῃς
3659 1292 3777 1362 ἡμᾶς

2297 1397 2316 1429 ι
2351 1383 2438 1446 εις
2458 1382 2808 1450 πειρασμὸν,
2834 1382 2992 1436 ἀλλὰ
3009 1382 3194 1450 ῥῦσαι
3225 1381 3373 1450 ἡμᾶς
3399 1383 3505 1436 ἀπὸ
3533 1383 3624 1436 τοῦ
3641 1401 3776 1451 πονη-

2297 1489 2315 1520 ι
2347 1470 2482 1538 ροῦ.
2519 1473 2676 1534 Ἴσως
2707 1471 2880 1524 δὲκαὶ
2912 1470 3162 1539 ἀγνοοῦσι
3198 1471 3295 1534 τὰς
3327 1469 3564 1534 πολλάκις
3607 1471 3773 1541 γινομέο

2296 1577 2315 1611 ι
2353 1578 2448 1624 νας
2461 1562 2595 1592 ²⁶⁶⁶⁶’
2612 1561 2988 1635 ἀναχωρήσεις
3005 1560 3096 1614 τοῦ
3114 1561 3473 1614 οἰκοδεσπότου
3489 1559 3772 1613 καὶδιδασκά-

2295 1671 2314 1704 ι
2354 1653 2443 1706 λου
2468 1654 2625 1724 ἡμῶν
2663 1655 2769 1708 ἀπὸ
2795 1654 2903 1706 τῶν
2931 1654 3191 1708 θελόντων
3219 1653 3582 1718 ἐπιϐουλεύειν,
3605 1654 3678 1706 καὶ
3713 1655 3771 1704 ὃτι

628 1777 648 1809 ι
689 1758 850 1813 etiam
900 1755 1116 1827 quando
1158 1756 1430 1826 passionis
1463 1762 1677 1825 tempus
1713 1755 2171 1829 appropinquavit

2293 1765 2311 1797 ι
2349 1745 2456 1798 ἔσθ’
2487 1747 2575 1799 ὅτε
2598 1747 2716 1800 ουδὲ
2751 1747 2792 1777 ¹⁷
2838 1747 3118 1818 παρρησίᾳ
3164 1746 3470 1818 περιεπάτει
3509 1746 3568 1798 δι’
3605 1747 3769 1808 αὐτοὺς,

627 1868 644 1900 ι
695 1864 802 1905 non
836 1864 893 1904 se
931 1851 1108 1919 ipsum
1144 1847 1384 1911 tradidit,
1409 1845 1502 1903 sed
1541 1849 1873 1917 exspectavit
1913 1847 2084 1904 donec
2121 1847 2186 1902 ad

627 1962 646 1994 ι
692 1959 815 1998 eum
843 1943 1091 1997 venirent
1119 1957 1240 1995 cum
1265 1940 1458 2011 gladiis
1510 1947 1566 1994 et
1605 1940 1858 1995 fustibus.
1887 1939 2028 1995 Dicit
2055 1956 2186 2012 ergo

626 2054 644 2086 ι
691 2035 770 2089 eis
796 2053 808 2088 :
843 2031 1114 2102 Tanquam
1144 2031 1220 2085 ad
1245 2030 1503 2084 latronem
1525 2031 1730 2085 exiistis
1758 2047 1875 2084 cum
1907 2031 2100 2101 gladiis
2135 2039 2185 2084 et

623 2143 642 2178 ι
684 2123 910 2196 fustibus
967 2122 1034 2176 ad
1079 2139 1158 2176 me
1201 2119 1737 2190 comprehendendum
1775 2131 1821 2175 ο.
1873 2119 1976 2186 Qui
2022 2126 2182 2176 etiam

622 2236 640 2267 ι
689 2215 1018 2270 tradiderunt
1048 2215 1239 2284 ipsum,
1273 2212 1469 2282 inquit,
1494 2210 1673 2264 Pilato
1704 2209 1755 2266 ἀ.
1795 2209 1876 2264 Ad
1905 2211 2024 2280 ejus
2041 2224 2177 2280 quo-

621 2329 638 2358 ι
685 2323 789 2378 que
818 2307 1223 2362 similitudinem
1257 2307 1322 2362 iis
1357 2305 1576 2366 accidit,
1628 2304 1722 2375 qui
1777 2301 1898 2372 ejus
1954 2317 2179 2372 scopum

620 2418 637 2447 ι
686 2399 788 2453 sibi
821 2406 1178 2470 pr0ponentes
1229 2398 1510 2460 incedunt,
1547 2395 1859 2450 divinorum
1910 2394 2030 2463 ejus
2056 2408 2180 2448 ver-

619 2509 638 2541 ι
683 2490 874 2544 borum
907 2489 1197 2556 recordati,
1233 2491 1432 2561 quibus
1465 2503 1566 2542 nos
1595 2486 1947 2542 conﬁrmans.
1979 2485 2045 2539 de
2062 2499 2178 2553 per-

618 2598 637 2631 ι
683 2581 1052 2635 secutionibus
1092 2580 1272 2634 dicit:
1333 2578 1598 2632 Attendite
1626 2577 1767 2632 vobis
1808 2577 1940 2646 ipsis
1971 2589 1990 2626 :
2065 2585 2175 2626 tra-

617 2689 636 2720 ι
680 2668 805 2722 dent
827 2671 963 2723 enim
989 2687 1076 2724 vos
1107 2671 1159 2722 in
1179 2670 1422 2732 concilia,
1447 2678 1495 2722 ct
1537 2669 1591 2721 in
1632 2669 1741 2722 suis
1780 2665 2058 2736 synagogis
2085 2681 2172 2719 vos

618 2781 634 2811 ι
681 2759 1021 2829 ﬂagellabant
1059 2771 1104 2814 ε.
1144 2759 1373 2813 Tradent
1413 2765 1631 2824 autem,
1691 2758 1849 2822 dixit,
1895 2774 2024 2824 non,
2072 2773 2170 2812 vos

615 2871 633 2901 ι
683 2851 828 2919 ipsos
860 2849 1124 2904 tradetis:
1159 2859 1206 2902 et
1235 2849 1302 2901 ad
1349 2849 1604 2918 principes
1647 2856 1698 2902 et
1742 2863 1882 2917 reges
1909 2847 2170 2901 ducemini

613 2963 632 2994 ι
677 2953 886 3014 propter
915 2957 1099 2996 nomen
1129 2956 1298 2996 meum
1335 2941 1379 3003 ι,
1413 2956 1541 3004 ιιοη,
1591 2956 1688 2995 vos
1736 2939 1884 3009 ipsos
1932 2939 2163 3018 ducetis.

611 3054 632 3086 ι
677 3033 810 3088 Nam
837 3049 936 3089 nos
973 3045 1188 3104 quoque
1218 3033 1384 3086 vulta
1416 3032 1533 3086 loco
1565 3034 1619 3086 in
1654 3032 1832 3086 locum
1868 3029 2162 3094 transilire,

2293 1857 2310 1888 ι
2351 1838 2441 1891 καὶ
2463 1838 2544 1890 ὅτι
2575 1838 2668 1891 καὶ
2692 1839 2737 1870 ³⁸
2765 1839 2853 1891 ὅτε
2874 1841 2902 1891 ὁ
2935 1839 3125 1910 καιρὸς
3149 1839 3241 1892 τοῦ
3271 1840 3462 1904 πάθους
3485 1840 3624 1893 αὐτοῦ
3646 1857 3770 1909 προσ-

2291 1948 2308 1980 ι
2349 1931 2594 2000 ήτγισεν,
2624 1931 2722 2000 οὐχ
2763 1929 2954 1983 ἐαυτὸν
2993 1930 3328 2001 παρέδωκεν,
3352 1931 3458 1984 ἀλλ’
3490 1931 3670 1995 ἐδέξατο
3695 1931 3768 1992 ἕως

2291 2040 2309 2073 ι
2346 2017 2508 2092 ἦλθον
2539 2023 2624 2074 ἐπ’
2655 2023 2816 2076 αὐτὸν
2852 2023 2989 2093 μετὰ
3027 2024 3310 2097 μαχαιρῶν
3333 2023 3420 2076 καὶ
3448 2023 3615 2089 ξύλων.
3649 2023 3766 2087 Λέγει

2287 2128 2306 2160 ι
2344 2110 2471 2179 γοῦν
2497 2111 2563 2142 ³⁸·
2598 2112 2732 2183 πρὸς
2757 2113 2951 2178 αὐτούς
2970 2131 2982 2143 ’
3037 2111 3130 2181 Ὡς
3160 2116 3257 2168 ἐπὶ
3293 2113 3518 2183 λῃστὴν
3547 2111 3768 2177 ἐξήλθετε

2287 2220 2305 2253 ι
2336 2203 2486 2272 μετὰ
2512 2203 2819 2272 μαχαιρῶν
2846 2205 2944 2258 καὶ
2973 2206 3178 2270 ξύλων
3207 2202 3681 2274 συ.ι.1α6ἐῖνμε.οί
3700 2199 3767 2252 καὶ

2284 2311 2302 2344 ι
2343 2295 2689 2363 παρέδωκαν
2719 2295 2902 2349 αὑτὸν
2923 2337 2938 2360 ,
2975 2299 3130 2369 φησὶ,
3180 2297 3427 2364 Πιλὰτῳ.
3473 2296 3593 2350 Καθ’
3635 2292 3766 2364 ὁμοιό·

2283 2402 2300 2434 ι
2335 2402 2473 2456 τητα
2490 2385 2618 2454 γοῦν
2639 2385 2824 2450 αὑτοῦ,
2840 2388 2930 2440 καὶ
2949 2389 2997 2440 οἱ
3016 2388 3155 2442 κατὰ
3190 2390 3381 2442 σκοπὸν
3398 2385 3545 2442 αὑτοῦ
3563 2386 3767 2458 βαίνοντες

2281 2495 2299 2528 ι
2337 2478 2654 2543 πεπόνθασι,
2691 2481 3021 2551 μεμνημένοι
3067 2481 3190 2535 τῶν
3236 2482 3388 2535 θείων
3430 2480 3575 2535 αὑτοῦ
3608 2479 3764 2546 λόγων.

2279 2586 2298 2618 ι
2337 2569 2403 2622 δι’
2433 2562 2506 2622 ὧν
2535 2571 2894 2642 ἐπιστηρίζων
2914 2574 3059 2642 ἡμᾶς
3088 2589 3155 2626 πε
3177 2575 3230 2646 ρ).
3256 2575 3360 2627 τῶν
3387 2571 3610 2644 διωγμῶν
3633 2570 3762 2637 λέγει·

2279 2678 2295 2710 ι
2338 2661 2670 2729 Προσέχετε
2706 2665 2749 2693 ²⁹
2790 2663 3021 2730 ἑαυτοῖς
3043 2682 3056 2694 ο
3092 2666 3510 2734 παραδώσουσι
3540 2664 3630 2734 γὰρ
3653 2661 3762 2730 ὑμᾶς

2277 2771 2293 2801 ι
2331 2756 2417 2818 εἱς
2435 2754 2740 2822 συνέδρια,
2763 2757 2859 2808 καὶ
2884 2757 2954 2808 ἐν
2982 2757 3109 2823 ταῖς
3128 2757 3500 2827 συναγωγαῖς
3515 2753 3676 2811 αὐτῶν
3685 2769 3762 2824 μα-

2275 2864 2293 2896 ι
2331 2845 2735 2916 στιγώσουσιν
2771 2847 2943 2916 ὑμᾶς.
2969 2850 3406 2917 Παραδὼσο-υσι
3426 2850 3496 2912 δέ,
3523 2845 3761 2909 εἷπεν,ἀ).λ’

2274 2956 2291 2987 ι
2333 2937 2453 3007 οὐχὶ
2478 2938 2542 2969 ’³⁸
2571 2938 2796 3002 ἑαυτοὺς
2825 2939 3205 3009 παραδώσετε·
3231 2943 3324 2994 καὶ
3346 2940 3438 2995 ἐπὶ
3460 2941 3702 3010 ἡγεμόνας
3715 2935 3760 2987 δέ

2273 3051 2291 3082 ι
2333 3032 2428 3084 καὶ
2451 3032 2732 3099 βασιλεῖς
2749 3035 3090 3103 ἀχθήσεσθε
3127 3037 3239 3092 διὰ
3266 3039 3327 3092 τὸ
3359 3038 3527 3107 ὄνομὰ
3544 3053 3656 3105 μου,
3679 3032 3757 3085 ἀλλ’

611 3146 629 3177 ι
676 3129 802 3182 dum
847 3135 974 3180 sunt
1008 3127 1098 3196 qui
1147 3142 1247 3180 nos
1286 3135 1686 3196 persequuntur
1713 3131 1934 3194 prapter
1965 3138 2160 3177 nomen

2278 3141 2286 3172 ι
2328 3122 2447 3193 οὐχὶ
2471 3125 2582 3188 ¹⁹⁶⁶,
2608 3126 2831 3189 ἑαυτοὺς
2857 3127 3010 3193 ἄξετε
3031 3145 3044 3158 ·
3082 3130 3217 3183 ἐπεὶ
3248 3130 3336 3182 καὶ
3359 3128 3633 3200 μεταπηδῷ
3654 3124 3756 3194 ἡμᾶς

611 3233 628 3266 ι
675 3215 811 3284 ejus.
851 3212 1004 3268 Sicut
1056 3229 1246 3269 rursus
1276 3230 1399 3268 eum
1429 3215 1696 3269 dicentem
1737 3214 2027 3268 audimus:
2093 3212 2164 3266 Et

610 3327 629 3360 ι
669 3307 874 3379 quando
903 3324 989 3361 vos
1021 3306 1084 3360 ab
1117 3306 1212 3360 hac
1233 3307 1443 3361 civitate
1472 3307 1729 3368 persecuti
1751 3305 1969 3375 fuerint,
1997 3305 2164 3376 fugite

609 3419 626 3450 ι
674 3402 728 3454 in
761 3400 925 3453 aliam
960 3401 1006 3454 ⁸.
1035 3399 1150 3453 Νοη
1181 3400 1289 3453 vult
1315 3399 1458 3454 enim
1495 3413 1596 3453 nos
1645 3395 1712 3451 ad
1737 3397 1954 3451 'diaboli
1990 3397 2161 3467 stipa-

609 3513 626 3542 ε
673 3500 815 3546 tores
867 3493 1232 3564 satellitesque
1281 3491 1608 3562 confugere,
1681 3505 1748 3545 ne
1776 3488 1911 3558 ipsis
1941 3503 2158 3558 quoque

605 3604 625 3635 ι
671 3584 978 3640 multifaria:
1009 3584 1202 3638 mortis
1235 3597 1402 3637 causa
1435 3582 1629 3642 simus,
1661 3588 1721 3633 ut
1743 3581 1836 3650 qui
1896 3581 2074 3650 ipsos,
2105 3591 2159 3635 et

604 3695 625 3728 ι
671 3677 974 3748 asperiores
1001 3691 1123 3732 esse
1153 3690 1439 3746 cogamus,
1470 3681 1524 3728 ct
1555 3687 1713 3742 opera
1733 3671 2005 3726 mortifera
2037 3687 2158 3740 pcr-

606 3787 624 3819 ι
671 3782 830 3839 agere
860 3786 874 3823 :
929 3768 1020 3822 sed
1071 3775 1411 3836 exspectare,
1447 3773 1500 3818 et
1531 3765 1688 3819 nobis
1721 3777 1933 3827 cavere,
1971 3764 2157 3833 vigila-

605 3879 622 3910 ι
674 3873 826 3928 reque
852 3868 901 3912 et
931 3874 1105 3921 orare,
1155 3873 1217 3911 ne
1269 3857 1520 3910 intremus
1550 3855 1604 3907 in
1631 3854 1968 3908 tentationem
1994 3850 2043 3908 δ.
2080 3854 2156 3907 Ita

603 3971 621 4002 ‹
674 3950 980 4022 Stephanus
1005 3950 1233 4022 primus,
1265 3949 1384 4018 ejus
1415 3947 1660 4018 vestigiis
1691 3947 1972 4010 insistens,
2011 3961 2156 4000 mar-

602 4063 620 4095 ι
662 4043 860 4115 tyrium
892 4057 1106 4114 passus,
1125 4039 1511 4110 Hierosolymis
1534 4039 1602 4093 ab
1626 4039 1826 4108 iniquis
1848 4047 2150 4108 correptus,

602 4157 622 4189 ι
669 4149 722 4193 et
755 4138 808 4192 in
835 4136 1124 4191 concilium
1153 4133 1370 4197 ductus,
1404 4133 1676 4203 lapidibus
1703 4132 1951 4192 obrutus.
1980 4133 2033 4186 in
2065 4148 2154 4186 no-

599 4243 619 4276 ‹
665 4224 810 4278 mine
847 4222 1048 4277 Christi
1079 4221 1414 4291 glorificatus
1435 4229 1539 4285 est,
1585 4237 1804 4291 rogans,
1837 4230 1889 4276 et
1914 4220 2101 4276 dicens
2134 4239 2148 4274 :

597 4335 616 4367 ι
666 4315 902 4378 Domine,
927 4330 988 4368 ne
1009 4323 1215 4367 statuas
1245 4313 1352 4365 illis
1381 4312 1475 4366 hoc
1506 4323 1774 4381 peccatum
1818 4315 1861 4366 ί.
1895 4311 1972 4366 Ita
1999 4311 2154 4366 Jaco-

597 4432 614 4463 ι
664 4412 766 4466 bus
794 4407 1067 4465 secundus
1121 4407 1189 4460 ab
1220 4406 1434 4462 Herode
1465 4405 1913 4474 comprehensus,
1969 4391 2150 4474 gladio

2272 3231 2291 3265 ι
2331 3214 2574 3284 βούλεται
2617 3218 2724 3271 ἀπὸ
2763 3218 2925 3271 somn
2964 3221 3044 3282 εἰς
3085 3220 3259 3274 τόπον
3283 3221 3323 3252 ³⁰
3363 3217 3671 3288 διωκομένους
3697 3214 3757 3264 διὰ

2269 3325 2288 3358 ε
2325 3307 2384 3360 τὸ
2412 3308 2580 3380 ὄνομα
2607 3309 2770 3362 αὑτοῦ
2797 3329 2806 3341 ·
2837 3311 2910 3374 ὡς
2954 3311 3111 3366 πάλιν
3151 3311 3413 3382 ἀκούομεν
3445 3309 3588 3364 αὑτοῦ
3623 3308 3755 3375 lim-

2267 3416 2286 3448 ι
2323 3414 2414 3461 τος
2432 3414 2446 3427 ’
2483 3398 2595 3452 Kal
2621 3398 2760 3452 ὅθεν
2790 3401 2863 3471 (2)
2885 3399 3186 3454 διώκωσι-ν
3207 3402 3355 3472 ὑμᾶς
3381 3403 3444 3455 ἐκ
3473 3399 3568 3469 τῆς
3583 3401 3756 3460 πόλεως

2267 3508 2286 3542 ι
2325 3492 2540 3558 ταύτης
2561 3493 2626 3554 ³¹,
2660 3493 2906 3563 φεύγετε
2933 3495 3018 3558 εὶς
3044 3491 3171 3562 τὴν
3191 3489 3393 3562 ἑτέραν
3410 3511 3422 3525 ·
3456 3495 3510 3548 οὐ
3540 3493 3629 3563 γὰρ
3653 3489 3754 3542 θέλει

2265 3601 2284 3631 ι
2322 3582 2636 3653 αὐτομολεῖν
2672 3585 2818 3654 ἡμᾶς
2849 3580 2984 3654 πρὸς
3038 3587 3174 3651 τοὺς
3201 3587 3294 3641 τοῦ
3325 3587 3551 3642 διαϐόλου
3577 3587 3755 3637 ὑπασπι-

2266 3691 2284 3723 ι
2327 3672 2454 3737 στάς
2481 3673 2572 3726 καὶ
2601 3673 2948 3746 δορυφόρους,
2979 3675 3128 3739 ὅπως
3167 3677 3240 3748 μὴ
3272 3677 3361 3730 καὶ
3384 3677 3610 3730 πλειόνων
3633 3670 3750 3724 Oavi-

2264 3783 2282 3815 ι
2323 3783 2430 3819 των
2461 3766 2620 3820 αἴτιοι
2647 3768 2829 3830 αὐτοῖς
2856 3765 3136 3838 γινώμεθα
3167 3772 3256 3834 ³¹⁵,
3287 3767 3357 3835 ὡς
3385 3769 3446 3824 ἂν
3476 3763 3751 3831 καταναγκά-

2263 3875 2280 3907 ι
2321 3857 2499 3921 ζοντες
2527 3859 2719 3922 αὐτοὺς
2758 3859 2954 3929 μᾶλλον
2997 3861 3492 3934 κατατραχύνεσθαι
3526 3857 3604 3910 καὶ
3638 3852 3748 3904 τελε-

2261 3965 2279 3998 ι
2324 3953 2590 4018 σιουργεῖν
2637 3949 2704 4003 τὰ
2744 3950 3094 4023 θανατηφόρα
3140 3953 3308 4024 ἔργα⁴
3360 3952 3463 4005 ἀλλ’
3505 3943 3751 4016 ἐκδέχεσθαι

2260 4059 2279 4091 ι
2321 4041 2414 4093 καὶ
2443 4041 2725 4113 προσέχειν
2764 4044 3004 4105 ἑαυτοῖς,
3037 4044 3350 4112 γρηγορεῖν
3385 4060 3442 4096 τε
3485 4040 3563 4092 καὶ
3603 4049 3742 4102 προσ·

2259 4152 2278 4184 α
2317 4135 2617 4203 εὔχεσθαι,
2650 4135 2750 4188 ἵνα
2787 4133 2872 4202 μὴ
2917 4133 3283 4204 είσέλθωμεν
3327 4137 3408 4199 είς
3461 4124 3749 4196 πειρασμόν.

2259 4245 2276 4275 ι
2318 4224 2472 4278 Οὕτω
2489 4226 2752 4295 Στέφανος
2772 4227 3003 4298 πρῶτος,
3023 4228 3143 4278 κατ’
3176 4228 3322 4296 ἴχνος
3344 4223 3485 4280 αὐτοῦ
3505 4217 3748 4290 μαρτύριον

2257 4335 2276 4366 ι
2316 4316 2724 4387 ἀναδεξάμενος,
2753 4318 2810 4370 ἐν
2858 4313 3251 4389 Ἰεροσολύμοις
3292 4310 3634 4388 συναρπασθεὶς
3662 4304 3752 4357 ὑπὸ

2258 4429 2276 4460 ι
2314 4409 2419 4463 τῶν
2449 4411 2806 4480 παρανόμων,
2839 4404 2933 4462 καὶ
2971 4410 3158 4480 ἀχθεὶς
3187 4413 3247 4465 ἐν
3280 4412 3354 4482 τῷ
3375 4403 3611 4476 συνεδρίῳ,
3635 4396 3750 4449 λιθο-

595 4523 614 4557 ι
662 4503 838 4573 capite
867 4507 1154 4556 truncatus
1179 4507 1278 4555 est.
1314 4499 1390 4553 Ita.
1420 4497 1616 4552 Petrus
1637 4497 2006 4567 apostolorum
2031 4497 2144 4566 pri-

2313 4478 2630 4571 ϐολούμενος
2669 4503 2725 4553 ἐν
2755 4501 2975 4572 ὀνόματι
3008 4478 3261 4574 -Χριστοῦ
3308 4478 3571 4567 ἐδοξάσθη,
3607 4504 3748 4560 παρα-

594 4615 613 4646 ι
659 4609 800 4657 mus,
837 4608 979 4664 saepe
1017 4591 1476 4660 comprehensus,
1521 4596 1573 4644 et
1597 4587 1860 4643 custodite
1888 4586 2141 4650 traditus,

590 4703 608 4736 ι
655 4684 1058 4755 ignominiaque
1112 4682 1356 4744 allectus,
1390 4689 1666 4750 postremo
1694 4678 1878 4733 Romae
1923 4677 2142 4732 crucifi-

591 4799 608 4830 ι
660 4795 761 4836 xus
789 4787 892 4834 est.
928 4777 1189 4832 Similiter
1225 4784 1278 4831 et
1323 4777 1560 4847 inclytus
1594 4773 1818 4840 Paulus,
1849 4790 1990 4844 saepe
2031 4786 2144 4829 tra-

603 4892 621 4924 ι
670 4873 838 4935 ditus,
871 4878 924 4926 et
951 4870 1018 4923 ad
1052 4877 1281 4923 mortem
1305 4881 1479 4937 usque
1537 4867 1591 4920 in
1630 4866 1935 4936 periculum
1972 4864 2139 4919 addu-

589 4986 608 5019 ι
655 4974 796 5028 ctus,
816 4965 982 5018 multa
1012 4963 1151 5017 mala
1175 4977 1488 5033 perpessus,
1510 4971 1564 5015 et
1585 4961 1639 5014 in
1666 4959 1851 5014 multis
1885 4975 2140 5030 persecu-

2256 4611 2274 4643 ι
2315 4593 2491 4646 καλῶν
2540 4594 2632 4647 καὶ
2678 4592 2880 4662 λέγων·
2933 4597 3104 4663 Κύριε
3129 4637 3143 4657 ,
3191 4597 3279 4665 μὴ
3337 4595 3552 4662 στήσῃς
3591 4580 3749 4641 αὐτοῖς

2254 4702 2272 4734 ι
2311 4684 2534 4750 ταύτην
2562 4682 2652 4714 ³¹⁴⁹
2680 4678 2794 4749 τὴν
2814 4683 3122 4752 ἁμαρτίαν.
3144 4681 3334 4747 Οὕτως
3359 4677 3584 4739 Ἰάκωϐος
3610 4669 3750 4724 δεῧτεσ

2252 4794 2270 4825 ι
2316 4792 2404 4847 ρος
2427 4773 2746 4845 συλληφθεὶς
2766 4776 2870 4828 ὑπὸ
2899 4775 3157 4847 Ἡρώδου,
3191 4778 3430 4848 μαχαίρᾳ
3451 4772 3538 4841 τὴν
3558 4758 3747 4832 κεφαλὴν

2252 4886 2269 4917 ⁸
2311 4867 2618 4939 ἀπετμήθη·
2647 4867 2830 4929 Οὕτως
2855 4870 2882 4921 ὁ
2913 4869 3204 4940 πρόκριτος
3232 4869 3340 4922 τῶν
3373 4861 3646 4920 ἀποστόλων
3668 4848 3746 4901 "id

2253 4978 2273 5009 ι
2310 4977 2435 5030 τρος
2461 4998 2475 5022 ,
2522 4959 2776 5023 πολλάκις
2810 4939 3128 5033 συλλήφθεὶς
3186 4961 3283 5015 καὶ
3326 4952 3636 5029 φυλακισθεὶς
3676 4939 3742 4993 κειὶ

651 5096 676 5126 ο
703 5081 897 5136 Matth.
932 5093 1077 5145 xxvt,
1102 5079 1188 5133 Μ.
1267 5079 1295 5120 ιτ
1327 5077 1519 5134 Matth.
1555 5094 1630 5141 vt,
1665 5079 1748 5133 15.
1793 5088 1816 5118 ο
1853 5076 2046 5132 Matth.
2084 5094 2171 5132 xxi

2278 5078 2354 5133 55.
2423 5078 2450 5117 ά
2483 5078 2674 5134 Matth.
2707 5093 2879 5148 xxv",
2899 5079 2956 5135 2.
3001 5091 3023 5119 ο
3047 5078 3245 5133 Matth.
3271 5096 3325 5143 ι,
3355 5078 3438 5131 l7.
3494 5073 3512 5113 ί
3542 5068 3650 5124 ibid.
3676 5058 3737 5115 18-

579 5163 606 5201 8
639 5153 831 5209 Matth.
859 5168 914 5217 χ,
943 5151 1034 5207 95.
1111 5151 1138 5192 ιι
1173 5149 1367 5204 Matth.
1414 5165 1562 5211 xxvi,
1588 5149 1676 5202 l7.
1758 5149 1775 5186 ι
1809 5149 1927 5203 Act.
1989 5164 2081 5212 vn,
2127 5149 2217 5203 59.

1898 5269 2130 5327 VARUS
2176 5269 2465 5326 LECTION
2472 5269 2574 5326 ES.

648 5387 954 5457 ⁸⁸ἐαυτοῖς.
1031 5386 1077 5418 ’⁸
1106 5385 1555 5457 προσεκκαίοντες
1595 5383 1912 5457 ἄνθρακας.Δ
1976 5385 2046 5417 ²⁸’
2257 5384 2346 5416 ³⁸“
2385 5386 2457 5457 μή
2488 5384 2663 5457 deeSt.
2703 5456 2706 5457 ν
2755 5385 2876 5457 _'°‘“
2905 5381 3254 5457 διδάσκοντος
3287 5358 3735 5457 προσεύχεσθαι-ξῇ

582 5455 839 5529 eadem
866 5443 947 5529 ειέ
970 5443 1458 5529 πειραᾶμὸνάεθειο
1536 5443 2311 5529 ’²⁶ἶ·”’γενοὶιένρςπολλάκις-ί
2381 5443 2627 5529 item;
2671 5456 2716 5494 ’⁸
2738 5455 2888 5529 deest
2921 5459 3032 5529 mi:
3097 5457 3169 5529 ’ξ’
3192 5443 3427 5529 oin-,5."
3457 5443 3730 5529 sterili?"

582 5523 648 5557 "‘
683 5525 800 5593 οὐχ.
875 5527 965 5559 ²⁹⁶⁹
991 5521 1110 5596 οὑξ.
1176 5521 1228 5558 ’⁸⁸
1254 5527 1432 5582 τόπων
1461 5529 1541 5590 είς
1572 5521 1788 5590 τόπους.
1851 5521 1905 5556 ’³¹
1939 5527 2130 5578 ὃταν...
2167 5527 2225 5578 ἐν
2254 5528 2318 5596 τῇ
2349 5525 2499 5579 πόλει
2525 5525 2720 5600 ταῦτῃ.
2798 5526 2864 5558 ³⁸·
2897 5525 3199 5597 γενώμεθα.
3276 5522 3366 5557 ³⁸⁸⁸
3389 5521 3576 5588 ταύτην
3595 5525 3675 5566 om-

647 5639 726 5710 (²)
754 5638 862 5692 καί
901 5640 1056 5716 βθεῖο
1112 5642 1169 5695 ³η
1199 5644 1462 5716 τηε-,ετοίι
1513 5643 2141 5716 ιροπηιξιέηίηοίεξιηριίεεῑ-
2249 5658 2487 5716 canones
2533 5643 2720 5716 9.10.
2764 5645 2852 5708 te,
2888 5647 2978 5707 ιδ,
3012 5645 3094 5702 ιι,
3145 5644 3238 5699 hic
3288 5642 3477 5716 legitur
3520 5629 3738 5690 καιδταν,

573 5711 649 5770 Ini
685 5710 952 5769 senatoris
998 5711 1258 5766 Bernardi
1311 5712 1468 5782 Nani,
1523 5713 1618 5770 fol.
1654 5710 1779 5782 2'08,
1806 5714 1897 5770 ubi
1926 5710 2144 5769 eistant
2249 5722 2307 5771 ut
2336 5715 2391 5770 in
2423 5724 2571 5773 textu
2606 5714 2795 5771 Matth.
2827 5733 2881 5786 χ,
2906 5717 2994 5773 9.5.
