  <div class='ocr_page' id='page_1' title='image "/cluster/home/n/w/nwhite01/storage/ocr_20150623/18/hvd.32044073501207/248.png"; bbox 0 0 3906 6194; ppageno 0'>
   <div class='ocr_carea' id='block_1_1' title="bbox 211 276 319 332">
    <p class='ocr_par' dir='ltr' id='par_1_1' title="bbox 211 276 319 332">
     <span class='ocr_line' id='line_1_1' title="bbox 211 276 319 332; baseline -0.028 0"><span class='ocrx_word' id='word_1_1' title='bbox 211 276 319 332; x_wconf 70' lang='grc' dir='ltr'>ιεις</span> 
     </span>
    </p>
   </div>
   <div class='ocr_carea' id='block_1_2' title="bbox 1428 280 2158 344">
    <p class='ocr_par' dir='ltr' id='par_1_2' title="bbox 1428 280 2158 344">
     <span class='ocr_line' id='line_1_2' title="bbox 1428 280 2158 344; baseline 0.007 -5"><span class='ocrx_word' id='word_1_2' title='bbox 1428 280 1758 340; x_wconf 75' lang='lat' dir='ltr'><strong>EPISTOLA</strong></span> <span class='ocrx_word' id='word_1_3' title='bbox 1798 283 2158 344; x_wconf 75' lang='lat' dir='ltr'><strong>CANONICA.</strong></span> 
     </span>
    </p>
   </div>
   <div class='ocr_carea' id='block_1_3' title="bbox 3318 290 3422 346">
    <p class='ocr_par' dir='ltr' id='par_1_3' title="bbox 3318 290 3422 346">
     <span class='ocr_line' id='line_1_3' title="bbox 3318 290 3422 346; baseline 0 0"><span class='ocrx_word' id='word_1_4' title='bbox 3318 290 3422 346; x_wconf 69' lang='grc' dir='ltr'><strong>ιιι</strong></span> 
     </span>
    </p>
   </div>
   <div class='ocr_carea' id='block_1_4' title="bbox 214 395 1753 478">
    <p class='ocr_par' dir='ltr' id='par_1_4' title="bbox 214 395 1753 477">
     <span class='ocr_line' id='line_1_4' title="bbox 214 395 1753 477; baseline 0.005 -25"><span class='ocrx_word' id='word_1_5' title='bbox 214 415 239 452; x_wconf 74' lang='grc' dir='ltr'><strong>ε</strong></span> <span class='ocrx_word' id='word_1_6' title='bbox 279 398 621 471; x_wconf 78' lang='grc' dir='ltr'>ἀτιμασθεὶς,</span> <span class='ocrx_word' id='word_1_7' title='bbox 646 395 868 474; x_wconf 75' lang='grc' dir='ltr'>ὕστερον</span> <span class='ocrx_word' id='word_1_8' title='bbox 895 401 953 456; x_wconf 80' lang='grc' dir='ltr'><strong>ἐν</strong></span> <span class='ocrx_word' id='word_1_9' title='bbox 978 400 1161 475; x_wconf 80' lang='grc' dir='ltr'>Ῥώμῃ</span> <span class='ocrx_word' id='word_1_10' title='bbox 1177 402 1489 477; x_wconf 80' lang='grc' dir='ltr'><strong>ἐσταυρώθη</strong></span> <span class='ocrx_word' id='word_1_11' title='bbox 1511 405 1657 476; x_wconf 76' lang='lat'><strong>(3).“</strong></span> <span class='ocrx_word' id='word_1_12' title='bbox 1671 405 1753 460; x_wconf 80' lang='grc' dir='ltr'>Κα</span> 
     </span>
    </p>
   </div>
   <div class='ocr_carea' id='block_1_5' title="bbox 1860 395 3427 478">
    <p class='ocr_par' dir='ltr' id='par_1_5' title="bbox 1885 404 3427 478">
     <span class='ocr_line' id='line_1_5' title="bbox 1885 404 3427 478; baseline 0.004 -22"><span class='ocrx_word' id='word_1_13' title='bbox 1885 424 1904 456; x_wconf 81' lang='grc' dir='ltr'><strong>ι</strong></span> <span class='ocrx_word' id='word_1_14' title='bbox 1952 407 2192 463; x_wconf 83' lang='lat' dir='ltr'><strong>tionibus</strong></span> <span class='ocrx_word' id='word_1_15' title='bbox 2241 405 2735 478; x_wconf 71' lang='lat' dir='ltr'><strong>slﬂictionibus‘que</strong></span> <span class='ocrx_word' id='word_1_16' title='bbox 2790 404 3070 477; x_wconf 79' lang='lat' dir='ltr'><strong>gloriatus,</strong></span> <span class='ocrx_word' id='word_1_17' title='bbox 3128 406 3185 462; x_wconf 90' lang='lat' dir='ltr'><strong>in</strong></span> <span class='ocrx_word' id='word_1_18' title='bbox 3238 406 3427 465; x_wconf 79' lang='lat' dir='ltr'><strong>eadem</strong></span> 
     </span>
    </p>
   </div>
   <div class='ocr_carea' id='block_1_6' title="bbox 216 491 1772 569">
    <p class='ocr_par' dir='ltr' id='par_1_6' title="bbox 216 491 1772 569">
     <span class='ocr_line' id='line_1_6' title="bbox 216 491 1772 569; baseline 0.003 -23"><span class='ocrx_word' id='word_1_19' title='bbox 216 508 242 546; x_wconf 77' lang='grc' dir='ltr'><strong>ι</strong></span> <span class='ocrx_word' id='word_1_20' title='bbox 276 492 308 546; x_wconf 84' lang='grc' dir='ltr'><strong>δ</strong></span> <span class='ocrx_word' id='word_1_21' title='bbox 353 491 670 564; x_wconf 80' lang='grc' dir='ltr'>περιῦόητος</span> <span class='ocrx_word' id='word_1_22' title='bbox 701 493 909 557; x_wconf 80' lang='grc' dir='ltr'><strong>Παῦλος</strong></span> <span class='ocrx_word' id='word_1_23' title='bbox 930 533 945 560; x_wconf 87' lang='grc'><strong>,</strong></span> <span class='ocrx_word' id='word_1_24' title='bbox 990 493 1272 560; x_wconf 77' lang='grc' dir='ltr'><strong>πλεονάκις</strong></span> <span class='ocrx_word' id='word_1_25' title='bbox 1312 496 1630 569; x_wconf 76' lang='grc' dir='ltr'><strong>παραδοθεὶς</strong></span> <span class='ocrx_word' id='word_1_26' title='bbox 1679 498 1772 551; x_wconf 81' lang='grc' dir='ltr'><strong>καὶ</strong></span> 
     </span>
    </p>
   </div>
   <div class='ocr_carea' id='block_1_7' title="bbox 220 584 1771 663">
    <p class='ocr_par' dir='ltr' id='par_1_7' title="bbox 220 584 1771 663">
     <span class='ocr_line' id='line_1_7' title="bbox 220 584 1771 663; baseline 0.004 -24"><span class='ocrx_word' id='word_1_27' title='bbox 220 601 245 639; x_wconf 78' lang='grc' dir='ltr'><strong>ι</strong></span> <span class='ocrx_word' id='word_1_28' title='bbox 282 584 389 650; x_wconf 62' lang='grc' dir='ltr'>ἕως</span> <span class='ocrx_word' id='word_1_29' title='bbox 433 584 661 640; x_wconf 88' lang='grc' dir='ltr'>θανάτου</span> <span class='ocrx_word' id='word_1_30' title='bbox 687 586 1059 653; x_wconf 81' lang='grc' dir='ltr'><strong>κινδυνεύσας,</strong></span> <span class='ocrx_word' id='word_1_31' title='bbox 1089 587 1257 645; x_wconf 87' lang='grc' dir='ltr'>πολλά</span> <span class='ocrx_word' id='word_1_32' title='bbox 1295 608 1352 644; x_wconf 86' lang='grc' dir='ltr'><strong>τε</strong></span> <span class='ocrx_word' id='word_1_33' title='bbox 1394 591 1631 663; x_wconf 82' lang='grc' dir='ltr'><strong>ἀθλήσας</strong></span> <span class='ocrx_word' id='word_1_34' title='bbox 1678 593 1771 645; x_wconf 75' lang='grc' dir='ltr'>καὶ</span> 
     </span>
    </p>
   </div>
   <div class='ocr_carea' id='block_1_8' title="bbox 218 674 1766 749">
    <p class='ocr_par' dir='ltr' id='par_1_8' title="bbox 218 674 1766 749">
     <span class='ocr_line' id='line_1_8' title="bbox 218 674 1766 749; baseline 0 -19"><span class='ocrx_word' id='word_1_35' title='bbox 218 692 245 730; x_wconf 71' lang='grc' dir='ltr'><strong>ι</strong></span> <span class='ocrx_word' id='word_1_36' title='bbox 278 674 694 746; x_wconf 70' lang='grc' dir='ltr'>καυχησάμενος</span> <span class='ocrx_word' id='word_1_37' title='bbox 733 677 790 729; x_wconf 81' lang='grc' dir='ltr'><strong>ἐν</strong></span> <span class='ocrx_word' id='word_1_38' title='bbox 830 676 1039 741; x_wconf 82' lang='grc' dir='ltr'>πολλοῖς</span> <span class='ocrx_word' id='word_1_39' title='bbox 1079 678 1334 749; x_wconf 82' lang='grc' dir='ltr'><strong>διωγμοῖς</strong></span> <span class='ocrx_word' id='word_1_40' title='bbox 1378 679 1470 732; x_wconf 75' lang='grc' dir='ltr'>καὶ</span> <span class='ocrx_word' id='word_1_41' title='bbox 1502 677 1766 747; x_wconf 78' lang='grc' dir='ltr'>θλίψεσιν,</span> 
     </span>
    </p>
   </div>
   <div class='ocr_carea' id='block_1_9' title="bbox 213 768 1769 842">
    <p class='ocr_par' dir='ltr' id='par_1_9' title="bbox 213 768 1769 842">
     <span class='ocr_line' id='line_1_9' title="bbox 213 768 1769 842; baseline 0.001 -22"><span class='ocrx_word' id='word_1_42' title='bbox 213 783 236 819; x_wconf 78' lang='grc' dir='ltr'><strong>ι</strong></span> <span class='ocrx_word' id='word_1_43' title='bbox 271 768 333 821; x_wconf 87' lang='grc' dir='ltr'><strong>ἐν</strong></span> <span class='ocrx_word' id='word_1_44' title='bbox 357 771 428 839; x_wconf 82' lang='grc' dir='ltr'>τῇ</span> <span class='ocrx_word' id='word_1_45' title='bbox 465 769 601 840; x_wconf 74' lang='grc' dir='ltr'>αὐτῇ</span> <span class='ocrx_word' id='word_1_46' title='bbox 642 768 792 822; x_wconf 85' lang='grc' dir='ltr'>πόλει</span> <span class='ocrx_word' id='word_1_47' title='bbox 827 770 920 823; x_wconf 75' lang='grc' dir='ltr'>καὶ</span> <span class='ocrx_word' id='word_1_48' title='bbox 955 770 1116 833; x_wconf 83' lang='grc' dir='ltr'>αὐτὸς</span> <span class='ocrx_word' id='word_1_49' title='bbox 1144 770 1384 842; x_wconf 80' lang='grc' dir='ltr'>μαχαίρᾳ</span> <span class='ocrx_word' id='word_1_50' title='bbox 1407 769 1504 841; x_wconf 78' lang='grc' dir='ltr'>τὴν</span> <span class='ocrx_word' id='word_1_51' title='bbox 1530 769 1769 841; x_wconf 77' lang='grc' dir='ltr'>κεφαλὴν</span> 
     </span>
    </p>
   </div>
   <div class='ocr_carea' id='block_1_10' title="bbox 210 851 1767 930">
    <p class='ocr_par' dir='ltr' id='par_1_10' title="bbox 210 851 1767 930">
     <span class='ocr_line' id='line_1_10' title="bbox 210 851 1767 930; baseline 0.004 -24"><span class='ocrx_word' id='word_1_52' title='bbox 210 873 229 906; x_wconf 82' lang='grc' dir='ltr'><strong>ι</strong></span> <span class='ocrx_word' id='word_1_53' title='bbox 266 854 588 928; x_wconf 80' lang='grc' dir='ltr'>ἀπετμήθη·</span> <span class='ocrx_word' id='word_1_54' title='bbox 617 854 675 920; x_wconf 78' lang='grc' dir='ltr'>ὃς</span> <span class='ocrx_word' id='word_1_55' title='bbox 697 858 754 909; x_wconf 88' lang='grc' dir='ltr'><strong>ἐν</strong></span> <span class='ocrx_word' id='word_1_56' title='bbox 791 851 872 920; x_wconf 72' lang='grc' dir='ltr'>οἷς</span> <span class='ocrx_word' id='word_1_57' title='bbox 897 857 1255 929; x_wconf 81' lang='grc' dir='ltr'>ἐκαυχήσατο,</span> <span class='ocrx_word' id='word_1_58' title='bbox 1286 859 1543 930; x_wconf 81' lang='grc' dir='ltr'>κατέληξε</span> <span class='ocrx_word' id='word_1_59' title='bbox 1572 860 1658 891; x_wconf 71' lang='grc' dir='ltr'><strong>’ν’</strong></span> <span class='ocrx_word' id='word_1_60' title='bbox 1687 860 1767 912; x_wconf 83' lang='grc' dir='ltr'>ὅτι</span> 
     </span>
    </p>
   </div>
   <div class='ocr_carea' id='block_1_11' title="bbox 206 947 1768 1022">
    <p class='ocr_par' dir='ltr' id='par_1_11' title="bbox 206 947 1768 1022">
     <span class='ocr_line' id='line_1_11' title="bbox 206 947 1768 1022; baseline 0.004 -25"><span class='ocrx_word' id='word_1_61' title='bbox 206 964 224 995; x_wconf 76' lang='grc' dir='ltr'><strong>ι</strong></span> <span class='ocrx_word' id='word_1_62' title='bbox 267 947 367 999; x_wconf 64' lang='grc' dir='ltr'><strong>καλ⁸</strong></span> <span class='ocrx_word' id='word_1_63' title='bbox 396 948 493 979; x_wconf 74' lang='grc'>³²⁶⁴</span> <span class='ocrx_word' id='word_1_64' title='bbox 516 950 575 1001; x_wconf 88' lang='grc' dir='ltr'><strong>ἐν</strong></span> <span class='ocrx_word' id='word_1_65' title='bbox 593 948 865 1020; x_wconf 84' lang='grc' dir='ltr'><strong>Δαμασκῷ</strong></span> <span class='ocrx_word' id='word_1_66' title='bbox 887 950 1101 1022; x_wconf 89' lang='grc' dir='ltr'>σπυρίδι</span> <span class='ocrx_word' id='word_1_67' title='bbox 1121 950 1388 1022; x_wconf 82' lang='grc' dir='ltr'>ἐχαλάσθη</span> <span class='ocrx_word' id='word_1_68' title='bbox 1428 951 1516 1005; x_wconf 84' lang='grc' dir='ltr'><strong>διὰ</strong></span> <span class='ocrx_word' id='word_1_69' title='bbox 1538 951 1631 1006; x_wconf 90' lang='grc' dir='ltr'><strong>τοῦ</strong></span> <span class='ocrx_word' id='word_1_70' title='bbox 1663 952 1768 1004; x_wconf 82' lang='grc' dir='ltr'>τεί-</span> 
     </span>
    </p>
   </div>
   <div class='ocr_carea' id='block_1_12' title="bbox 208 1039 1765 1114">
    <p class='ocr_par' dir='ltr' id='par_1_12' title="bbox 208 1039 1765 1114">
     <span class='ocr_line' id='line_1_12' title="bbox 208 1039 1765 1114; baseline 0.003 -25"><span class='ocrx_word' id='word_1_71' title='bbox 208 1056 226 1090; x_wconf 87' lang='grc' dir='ltr'><strong>ι</strong></span> <span class='ocrx_word' id='word_1_72' title='bbox 263 1054 393 1108; x_wconf 84' lang='grc' dir='ltr'>χους</span> <span class='ocrx_word' id='word_1_73' title='bbox 415 1039 632 1103; x_wconf 79' lang='grc' dir='ltr'>νυκτὸς,</span> <span class='ocrx_word' id='word_1_74' title='bbox 663 1040 757 1094; x_wconf 77' lang='grc' dir='ltr'>καὶ</span> <span class='ocrx_word' id='word_1_75' title='bbox 781 1040 1007 1110; x_wconf 78' lang='grc' dir='ltr'>ἐξέφυγε</span> <span class='ocrx_word' id='word_1_76' title='bbox 1034 1041 1131 1106; x_wconf 89' lang='grc' dir='ltr'><strong>τάς</strong></span> <span class='ocrx_word' id='word_1_77' title='bbox 1164 1042 1349 1114; x_wconf 83' lang='grc' dir='ltr'>χεῖρας</span> <span class='ocrx_word' id='word_1_78' title='bbox 1366 1041 1459 1097; x_wconf 89' lang='grc' dir='ltr'><strong>τοῦ</strong></span> <span class='ocrx_word' id='word_1_79' title='bbox 1483 1040 1765 1114; x_wconf 78' lang='grc' dir='ltr'>ζητοῦντος</span> 
     </span>
    </p>
   </div>
   <div class='ocr_carea' id='block_1_13' title="bbox 204 1130 1764 1208">
    <p class='ocr_par' dir='ltr' id='par_1_13' title="bbox 204 1130 1764 1208">
     <span class='ocr_line' id='line_1_13' title="bbox 204 1130 1764 1208; baseline 0.004 -25"><span class='ocrx_word' id='word_1_80' title='bbox 204 1148 225 1183; x_wconf 81' lang='grc' dir='ltr'><strong>ι</strong></span> <span class='ocrx_word' id='word_1_81' title='bbox 259 1130 432 1184; x_wconf 76' lang='grc' dir='ltr'>αὑτὸν</span> <span class='ocrx_word' id='word_1_82' title='bbox 488 1133 699 1187; x_wconf 84' lang='grc' dir='ltr'>πιάσαι.</span> <span class='ocrx_word' id='word_1_83' title='bbox 734 1133 807 1187; x_wconf 79' lang='grc' dir='ltr'><strong>Τὸ</strong></span> <span class='ocrx_word' id='word_1_84' title='bbox 836 1133 960 1208; x_wconf 75' lang='grc' dir='ltr'><strong>γὰρ</strong></span> <span class='ocrx_word' id='word_1_85' title='bbox 998 1136 1349 1208; x_wconf 89' lang='grc' dir='ltr'>προκείμενον</span> <span class='ocrx_word' id='word_1_86' title='bbox 1373 1132 1440 1208; x_wconf 84' lang='grc' dir='ltr'>ἦν</span> <span class='ocrx_word' id='word_1_87' title='bbox 1473 1137 1672 1200; x_wconf 74' lang='grc' dir='ltr'>αὐτοῖς,</span> <span class='ocrx_word' id='word_1_88' title='bbox 1708 1138 1764 1190; x_wconf 87' lang='grc' dir='ltr'><strong>ἐν</strong></span> 
     </span>
    </p>
   </div>
   <div class='ocr_carea' id='block_1_14' title="bbox 205 1221 1762 1301">
    <p class='ocr_par' dir='ltr' id='par_1_14' title="bbox 205 1221 1762 1301">
     <span class='ocr_line' id='line_1_14' title="bbox 205 1221 1762 1301; baseline 0.004 -27"><span class='ocrx_word' id='word_1_89' title='bbox 205 1240 223 1272; x_wconf 85' lang='grc' dir='ltr'><strong>ι</strong></span> <span class='ocrx_word' id='word_1_90' title='bbox 258 1221 505 1293; x_wconf 78' lang='grc' dir='ltr'>πρώτοις</span> <span class='ocrx_word' id='word_1_91' title='bbox 528 1224 966 1294; x_wconf 78' lang='grc' dir='ltr'>εὐαγγελίζεσθαι</span> <span class='ocrx_word' id='word_1_92' title='bbox 991 1228 1084 1281; x_wconf 72' lang='grc' dir='ltr'>καὶ</span> <span class='ocrx_word' id='word_1_93' title='bbox 1109 1229 1374 1283; x_wconf 82' lang='grc' dir='ltr'>διδάσκειν</span> <span class='ocrx_word' id='word_1_94' title='bbox 1395 1229 1468 1301; x_wconf 72' lang='grc'><strong>(4)</strong></span> <span class='ocrx_word' id='word_1_95' title='bbox 1496 1229 1585 1283; x_wconf 78' lang='grc' dir='ltr'>τὸν</span> <span class='ocrx_word' id='word_1_96' title='bbox 1610 1228 1762 1297; x_wconf 87' lang='grc' dir='ltr'>λόγον</span> 
     </span>
    </p>
   </div>
   <div class='ocr_carea' id='block_1_15' title="bbox 202 1313 1763 1389">
    <p class='ocr_par' dir='ltr' id='par_1_15' title="bbox 202 1313 1763 1389">
     <span class='ocr_line' id='line_1_15' title="bbox 202 1313 1763 1389; baseline 0.004 -23"><span class='ocrx_word' id='word_1_97' title='bbox 202 1333 222 1365; x_wconf 77' lang='grc' dir='ltr'><strong>ι</strong></span> <span class='ocrx_word' id='word_1_98' title='bbox 260 1314 359 1368; x_wconf 86' lang='grc' dir='ltr'><strong>τοῦ</strong></span> <span class='ocrx_word' id='word_1_99' title='bbox 390 1315 552 1383; x_wconf 84' lang='grc' dir='ltr'>Θεοῦ,</span> <span class='ocrx_word' id='word_1_100' title='bbox 580 1319 639 1370; x_wconf 79' lang='grc' dir='ltr'><strong>ἐν</strong></span> <span class='ocrx_word' id='word_1_101' title='bbox 674 1313 756 1381; x_wconf 71' lang='grc' dir='ltr'>οἷς</span> <span class='ocrx_word' id='word_1_102' title='bbox 779 1318 1252 1387; x_wconf 77' lang='grc' dir='ltr'><strong>ἐπιστηρίζοντες</strong></span> <span class='ocrx_word' id='word_1_103' title='bbox 1288 1319 1427 1387; x_wconf 84' lang='grc' dir='ltr'>τοὺς</span> <span class='ocrx_word' id='word_1_104' title='bbox 1464 1319 1763 1389; x_wconf 66' lang='grc' dir='ltr'>ἀδελφοὺς</span> 
     </span>
    </p>
   </div>
   <div class='ocr_carea' id='block_1_16' title="bbox 202 1400 1761 1481">
    <p class='ocr_par' dir='ltr' id='par_1_16' title="bbox 202 1400 1761 1481">
     <span class='ocr_line' id='line_1_16' title="bbox 202 1400 1761 1481; baseline 0.004 -22"><span class='ocrx_word' id='word_1_105' title='bbox 202 1425 221 1459; x_wconf 85' lang='grc' dir='ltr'><strong>ι</strong></span> <span class='ocrx_word' id='word_1_106' title='bbox 254 1407 545 1478; x_wconf 76' lang='grc' dir='ltr'>ἐμμένειν</span> <span class='ocrx_word' id='word_1_107' title='bbox 571 1411 642 1465; x_wconf 80' lang='grc' dir='ltr'>ἐν</span> <span class='ocrx_word' id='word_1_108' title='bbox 670 1408 744 1480; x_wconf 75' lang='grc' dir='ltr'>τῇ</span> <span class='ocrx_word' id='word_1_109' title='bbox 777 1412 994 1474; x_wconf 77' lang='grc' dir='ltr'><strong>πίστει,</strong></span> <span class='ocrx_word' id='word_1_110' title='bbox 1019 1400 1292 1465; x_wconf 73' lang='grc' dir='ltr'>καὶτοῦτο</span> <span class='ocrx_word' id='word_1_111' title='bbox 1317 1411 1518 1481; x_wconf 76' lang='grc' dir='ltr'>ελεγον,</span> <span class='ocrx_word' id='word_1_112' title='bbox 1552 1411 1641 1465; x_wconf 82' lang='grc' dir='ltr'>ὅτι</span> <span class='ocrx_word' id='word_1_113' title='bbox 1665 1411 1761 1465; x_wconf 82' lang='grc' dir='ltr'>διὰ</span> 
     </span>
    </p>
   </div>
   <div class='ocr_carea' id='block_1_17' title="bbox 201 1500 1758 1572">
    <p class='ocr_par' dir='ltr' id='par_1_17' title="bbox 201 1500 1758 1572">
     <span class='ocr_line' id='line_1_17' title="bbox 201 1500 1758 1572; baseline 0.003 -21"><span class='ocrx_word' id='word_1_114' title='bbox 201 1518 220 1551; x_wconf 85' lang='grc' dir='ltr'><strong>ι</strong></span> <span class='ocrx_word' id='word_1_115' title='bbox 256 1500 514 1555; x_wconf 76' lang='grc' dir='ltr'>πολλῶν</span> <span class='ocrx_word' id='word_1_116' title='bbox 554 1503 815 1572; x_wconf 72' lang='grc' dir='ltr'>θλίψεων</span> <span class='ocrx_word' id='word_1_117' title='bbox 841 1502 937 1556; x_wconf 85' lang='grc' dir='ltr'><strong>δεῖ</strong></span> <span class='ocrx_word' id='word_1_118' title='bbox 967 1503 1259 1557; x_wconf 84' lang='grc' dir='ltr'>εισελθεῖν</span> <span class='ocrx_word' id='word_1_119' title='bbox 1304 1507 1391 1568; x_wconf 73' lang='grc' dir='ltr'>εἰς</span> <span class='ocrx_word' id='word_1_120' title='bbox 1435 1502 1549 1570; x_wconf 77' lang='grc' dir='ltr'><strong>τὴν</strong></span> <span class='ocrx_word' id='word_1_121' title='bbox 1578 1503 1758 1567; x_wconf 83' lang='grc' dir='ltr'>,ϐασι-</span> 
     </span>
    </p>
   </div>
   <div class='ocr_carea' id='block_1_18' title="bbox 201 1594 1758 1666">
    <p class='ocr_par' dir='ltr' id='par_1_18' title="bbox 201 1594 1758 1666">
     <span class='ocr_line' id='line_1_18' title="bbox 201 1594 1758 1666; baseline 0.002 -21"><span class='ocrx_word' id='word_1_122' title='bbox 201 1610 221 1644; x_wconf 85' lang='grc' dir='ltr'><strong>ι</strong></span> <span class='ocrx_word' id='word_1_123' title='bbox 256 1594 439 1648; x_wconf 80' lang='grc' dir='ltr'>λείαν</span> <span class='ocrx_word' id='word_1_124' title='bbox 471 1594 576 1648; x_wconf 85' lang='grc' dir='ltr'><strong>τοῦ</strong></span> <span class='ocrx_word' id='word_1_125' title='bbox 605 1594 769 1649; x_wconf 83' lang='grc' dir='ltr'><strong>Θεοῦ.</strong></span> <span class='ocrx_word' id='word_1_126' title='bbox 807 1594 1057 1665; x_wconf 78' lang='grc' dir='ltr'>Ἐζήτουν</span> <span class='ocrx_word' id='word_1_127' title='bbox 1081 1595 1189 1666; x_wconf 85' lang='grc' dir='ltr'><strong>γὰρ</strong></span> <span class='ocrx_word' id='word_1_128' title='bbox 1215 1595 1275 1648; x_wconf 81' lang='grc' dir='ltr'>οὐ</span> <span class='ocrx_word' id='word_1_129' title='bbox 1301 1594 1362 1648; x_wconf 86' lang='grc' dir='ltr'>τὸ</span> <span class='ocrx_word' id='word_1_130' title='bbox 1396 1595 1597 1648; x_wconf 79' lang='grc' dir='ltr'>ἑαυτῶν</span> <span class='ocrx_word' id='word_1_131' title='bbox 1623 1612 1758 1666; x_wconf 90' lang='grc' dir='ltr'>συμ-</span> 
     </span>
    </p>
   </div>
   <div class='ocr_carea' id='block_1_19' title="bbox 76 1655 1756 1761">
    <p class='ocr_par' dir='ltr' id='par_1_19' title="bbox 76 1655 1756 1761">
     <span class='ocr_line' id='line_1_19' title="bbox 76 1655 1756 1761; baseline 0.002 -22"><span class='ocrx_word' id='word_1_132' title='bbox 76 1655 81 1659; x_wconf 8' lang='lat' dir='ltr'><strong>i</strong></span> <span class='ocrx_word' id='word_1_133' title='bbox 197 1704 219 1739; x_wconf 78' lang='grc' dir='ltr'><strong>ι</strong></span> <span class='ocrx_word' id='word_1_134' title='bbox 259 1686 451 1757; x_wconf 79' lang='grc' dir='ltr'>φέρον,</span> <span class='ocrx_word' id='word_1_135' title='bbox 482 1686 616 1740; x_wconf 84' lang='grc' dir='ltr'>ἀλλὰ</span> <span class='ocrx_word' id='word_1_136' title='bbox 643 1687 705 1741; x_wconf 81' lang='grc' dir='ltr'>τὸ</span> <span class='ocrx_word' id='word_1_137' title='bbox 746 1687 852 1742; x_wconf 88' lang='grc' dir='ltr'><strong>τῶν</strong></span> <span class='ocrx_word' id='word_1_138' title='bbox 875 1655 1131 1753; x_wconf 59' lang='grc' dir='ltr'>πολλῶν,</span> <span class='ocrx_word' id='word_1_139' title='bbox 1158 1655 1249 1740; x_wconf 69' lang='grc' dir='ltr'><strong>ῖνα</strong></span> <span class='ocrx_word' id='word_1_140' title='bbox 1283 1687 1527 1752; x_wconf 88' lang='grc' dir='ltr'>σωθῶσι,</span> <span class='ocrx_word' id='word_1_141' title='bbox 1557 1690 1651 1743; x_wconf 80' lang='grc' dir='ltr'>καὶ</span> <span class='ocrx_word' id='word_1_142' title='bbox 1689 1655 1756 1761; x_wconf 50' lang='grc' dir='ltr'>ἢν</span> 
     </span>
    </p>
   </div>
   <div class='ocr_carea' id='block_1_20' title="bbox 1884 498 3429 570">
    <p class='ocr_par' dir='ltr' id='par_1_20' title="bbox 1884 498 3429 570">
     <span class='ocr_line' id='line_1_20' title="bbox 1884 498 3429 570; baseline 0.003 -20"><span class='ocrx_word' id='word_1_143' title='bbox 1884 517 1901 550; x_wconf 85' lang='grc' dir='ltr'><strong>ι</strong></span> <span class='ocrx_word' id='word_1_144' title='bbox 1949 499 2083 555; x_wconf 86' lang='lat' dir='ltr'><strong>urbe</strong></span> <span class='ocrx_word' id='word_1_145' title='bbox 2111 499 2228 568; x_wconf 90' lang='lat' dir='ltr'><strong>ipse</strong></span> <span class='ocrx_word' id='word_1_146' title='bbox 2256 513 2473 570; x_wconf 89' lang='lat' dir='ltr'><strong>quoque</strong></span> <span class='ocrx_word' id='word_1_147' title='bbox 2498 498 2682 569; x_wconf 80' lang='lat' dir='ltr'><strong>gladio</strong></span> <span class='ocrx_word' id='word_1_148' title='bbox 2713 499 2890 570; x_wconf 89' lang='lat' dir='ltr'><strong>capite</strong></span> <span class='ocrx_word' id='word_1_149' title='bbox 2913 498 3173 555; x_wconf 88' lang='lat' dir='ltr'><strong>multatus</strong></span> <span class='ocrx_word' id='word_1_150' title='bbox 3192 506 3276 556; x_wconf 87' lang='lat' dir='ltr'><strong>est</strong></span> <span class='ocrx_word' id='word_1_151' title='bbox 3305 499 3429 570; x_wconf 86' lang='lat' dir='ltr'><strong>;qul</strong></span> 
     </span>
    </p>
   </div>
   <div class='ocr_carea' id='block_1_21' title="bbox 1881 591 3426 662">
    <p class='ocr_par' dir='ltr' id='par_1_21' title="bbox 1881 591 3426 662">
     <span class='ocr_line' id='line_1_21' title="bbox 1881 591 3426 662; baseline 0.002 -19"><span class='ocrx_word' id='word_1_152' title='bbox 1881 609 1900 642; x_wconf 81' lang='grc' dir='ltr'><strong>ι</strong></span> <span class='ocrx_word' id='word_1_153' title='bbox 1949 592 2002 645; x_wconf 91' lang='lat' dir='ltr'><strong>in</strong></span> <span class='ocrx_word' id='word_1_154' title='bbox 2034 592 2234 661; x_wconf 84' lang='lat' dir='ltr'><strong>quibus</strong></span> <span class='ocrx_word' id='word_1_155' title='bbox 2288 591 2551 662; x_wconf 73' lang='lat' dir='ltr'><strong>gloriatus</strong></span> <span class='ocrx_word' id='word_1_156' title='bbox 2582 598 2688 654; x_wconf 87' lang='lat' dir='ltr'><strong>est.</strong></span> <span class='ocrx_word' id='word_1_157' title='bbox 2721 592 2837 662; x_wconf 88' lang='lat' dir='ltr'><strong>ipse</strong></span> <span class='ocrx_word' id='word_1_158' title='bbox 2878 593 2932 647; x_wconf 91' lang='lat' dir='ltr'><strong>in</strong></span> <span class='ocrx_word' id='word_1_159' title='bbox 2965 591 3032 647; x_wconf 89' lang='lat' dir='ltr'><strong>iis</strong></span> <span class='ocrx_word' id='word_1_160' title='bbox 3054 591 3220 646; x_wconf 89' lang='lat' dir='ltr'><strong>vitam</strong></span> <span class='ocrx_word' id='word_1_161' title='bbox 3252 593 3426 660; x_wconf 82' lang='lat' dir='ltr'><strong>ﬁniit;</strong></span> 
     </span>
    </p>
   </div>
   <div class='ocr_carea' id='block_1_22' title="bbox 1879 680 3427 753">
    <p class='ocr_par' dir='ltr' id='par_1_22' title="bbox 1879 680 3427 753">
     <span class='ocr_line' id='line_1_22' title="bbox 1879 680 3427 753; baseline 0.004 -21"><span class='ocrx_word' id='word_1_162' title='bbox 1879 701 1897 732; x_wconf 80' lang='grc' dir='ltr'><strong>ι</strong></span> <span class='ocrx_word' id='word_1_163' title='bbox 1941 690 1996 737; x_wconf 89' lang='lat' dir='ltr'><strong>et</strong></span> <span class='ocrx_word' id='word_1_164' title='bbox 2027 682 2171 752; x_wconf 88' lang='lat' dir='ltr'><strong>quod</strong></span> <span class='ocrx_word' id='word_1_165' title='bbox 2198 680 2443 738; x_wconf 80' lang='lat' dir='ltr'><strong>Damasci</strong></span> <span class='ocrx_word' id='word_1_166' title='bbox 2473 683 2528 735; x_wconf 91' lang='lat' dir='ltr'><strong>in</strong></span> <span class='ocrx_word' id='word_1_167' title='bbox 2557 689 2742 751; x_wconf 88' lang='lat' dir='ltr'><strong>sporta</strong></span> <span class='ocrx_word' id='word_1_168' title='bbox 2776 690 2941 737; x_wconf 90' lang='lat' dir='ltr'><strong>noctu</strong></span> <span class='ocrx_word' id='word_1_169' title='bbox 2968 697 3064 753; x_wconf 90' lang='lat' dir='ltr'><strong>per</strong></span> <span class='ocrx_word' id='word_1_170' title='bbox 3087 698 3304 737; x_wconf 90' lang='lat' dir='ltr'><strong>murum</strong></span> <span class='ocrx_word' id='word_1_171' title='bbox 3331 682 3427 738; x_wconf 84' lang='lat' dir='ltr'><strong>de-</strong></span> 
     </span>
    </p>
   </div>
   <div class='ocr_carea' id='block_1_23' title="bbox 1877 772 3393 845">
    <p class='ocr_par' dir='ltr' id='par_1_23' title="bbox 1877 772 3393 845">
     <span class='ocr_line' id='line_1_23' title="bbox 1877 772 3393 845; baseline 0.004 -22"><span class='ocrx_word' id='word_1_172' title='bbox 1877 789 1897 823; x_wconf 82' lang='grc' dir='ltr'><strong>ι</strong></span> <span class='ocrx_word' id='word_1_173' title='bbox 1944 774 2144 829; x_wconf 89' lang='lat' dir='ltr'><strong>missus</strong></span> <span class='ocrx_word' id='word_1_174' title='bbox 2164 780 2268 838; x_wconf 91' lang='lat' dir='ltr'><strong>est,</strong></span> <span class='ocrx_word' id='word_1_175' title='bbox 2300 781 2355 829; x_wconf 90' lang='lat' dir='ltr'><strong>et</strong></span> <span class='ocrx_word' id='word_1_176' title='bbox 2383 772 2571 843; x_wconf 75' lang='lat' dir='ltr'><strong>eﬂ&#39;ugit</strong></span> <span class='ocrx_word' id='word_1_177' title='bbox 2599 773 2721 842; x_wconf 86' lang='lat' dir='ltr'><strong>ejus</strong></span> <span class='ocrx_word' id='word_1_178' title='bbox 2747 788 2941 829; x_wconf 88' lang='lat' dir='ltr'><strong>manus</strong></span> <span class='ocrx_word' id='word_1_179' title='bbox 2971 774 3063 845; x_wconf 92' lang='lat' dir='ltr'><strong>qui</strong></span> <span class='ocrx_word' id='word_1_180' title='bbox 3102 789 3226 830; x_wconf 90' lang='lat' dir='ltr'><strong>eum</strong></span> <span class='ocrx_word' id='word_1_181' title='bbox 3257 790 3393 830; x_wconf 90' lang='lat' dir='ltr'><strong>cona</strong></span> 
     </span>
    </p>
   </div>
   <div class='ocr_carea' id='block_1_24' title="bbox 1877 864 3426 937">
    <p class='ocr_par' dir='ltr' id='par_1_24' title="bbox 1877 864 3426 937">
     <span class='ocr_line' id='line_1_24' title="bbox 1877 864 3426 937; baseline 0.003 -21"><span class='ocrx_word' id='word_1_182' title='bbox 1877 882 1897 915; x_wconf 84' lang='grc' dir='ltr'><strong>ι</strong></span> <span class='ocrx_word' id='word_1_183' title='bbox 1943 864 2104 920; x_wconf 81' lang='lat' dir='ltr'><strong>batur</strong></span> <span class='ocrx_word' id='word_1_184' title='bbox 2132 865 2456 936; x_wconf 82' lang='lat' dir='ltr'><strong>Opprimere.</strong></span> <span class='ocrx_word' id='word_1_185' title='bbox 2488 866 2613 919; x_wconf 82' lang='lat' dir='ltr'><strong>Erat</strong></span> <span class='ocrx_word' id='word_1_186' title='bbox 2642 864 2785 920; x_wconf 90' lang='lat' dir='ltr'><strong>enim</strong></span> <span class='ocrx_word' id='word_1_187' title='bbox 2815 865 2896 920; x_wconf 90' lang='lat' dir='ltr'><strong>eis</strong></span> <span class='ocrx_word' id='word_1_188' title='bbox 2929 864 2984 918; x_wconf 92' lang='lat' dir='ltr'><strong>in</strong></span> <span class='ocrx_word' id='word_1_189' title='bbox 3012 866 3204 934; x_wconf 86' lang='lat' dir='ltr'><strong>primis</strong></span> <span class='ocrx_word' id='word_1_190' title='bbox 3228 881 3426 937; x_wconf 86' lang='lat' dir='ltr'><strong>propo-</strong></span> 
     </span>
    </p>
   </div>
   <div class='ocr_carea' id='block_1_25' title="bbox 1876 950 3424 1024">
    <p class='ocr_par' dir='ltr' id='par_1_25' title="bbox 1876 950 3424 1024">
     <span class='ocr_line' id='line_1_25' title="bbox 1876 950 3424 1024; baseline 0.001 -18"><span class='ocrx_word' id='word_1_191' title='bbox 1876 973 1895 1006; x_wconf 82' lang='grc' dir='ltr'><strong>ι</strong></span> <span class='ocrx_word' id='word_1_192' title='bbox 1945 955 2108 1012; x_wconf 90' lang='lat' dir='ltr'><strong>situm</strong></span> <span class='ocrx_word' id='word_1_193' title='bbox 2139 953 2532 1024; x_wconf 75' lang='lat' dir='ltr'><strong>evangelizare,</strong></span> <span class='ocrx_word' id='word_1_194' title='bbox 2562 959 2617 1008; x_wconf 92' lang='lat' dir='ltr'><strong>et</strong></span> <span class='ocrx_word' id='word_1_195' title='bbox 2666 952 2892 1007; x_wconf 83' lang='lat' dir='ltr'><strong>verbum</strong></span> <span class='ocrx_word' id='word_1_196' title='bbox 2935 950 3030 1007; x_wconf 84' lang='lat' dir='ltr'><strong>Dei</strong></span> <span class='ocrx_word' id='word_1_197' title='bbox 3078 954 3318 1008; x_wconf 89' lang='lat' dir='ltr'><strong>docere:</strong></span> <span class='ocrx_word' id='word_1_198' title='bbox 3366 954 3424 1009; x_wconf 89' lang='lat' dir='ltr'><strong>in</strong></span> 
     </span>
    </p>
   </div>
   <div class='ocr_carea' id='block_1_26' title="bbox 1882 1044 3423 1116">
    <p class='ocr_par' dir='ltr' id='par_1_26' title="bbox 1882 1044 3423 1116">
     <span class='ocr_line' id='line_1_26' title="bbox 1882 1044 3423 1116; baseline 0.001 -18"><span class='ocrx_word' id='word_1_199' title='bbox 1882 1064 1900 1098; x_wconf 86' lang='grc' dir='ltr'><strong>ι</strong></span> <span class='ocrx_word' id='word_1_200' title='bbox 1949 1046 2150 1116; x_wconf 87' lang='lat' dir='ltr'><strong>quibus</strong></span> <span class='ocrx_word' id='word_1_201' title='bbox 2180 1045 2376 1114; x_wconf 77' lang='lat' dir='ltr'><strong>fratres</strong></span> <span class='ocrx_word' id='word_1_202' title='bbox 2392 1045 2762 1114; x_wconf 77' lang='lat' dir='ltr'><strong>conﬁrmantes</strong></span> <span class='ocrx_word' id='word_1_203' title='bbox 2790 1053 2848 1098; x_wconf 80' lang='lat' dir='ltr'><strong>ut</strong></span> <span class='ocrx_word' id='word_1_204' title='bbox 2868 1054 3130 1099; x_wconf 78' lang='lat' dir='ltr'><strong>manerent</strong></span> <span class='ocrx_word' id='word_1_205' title='bbox 3158 1046 3213 1099; x_wconf 80' lang='lat' dir='ltr'><strong>in</strong></span> <span class='ocrx_word' id='word_1_206' title='bbox 3237 1044 3340 1114; x_wconf 78' lang='lat' dir='ltr'><strong>ﬁde</strong></span> <span class='ocrx_word' id='word_1_207' title='bbox 3370 1057 3423 1109; x_wconf 80' lang='grc' dir='ltr'>ι,</span> 
     </span>
    </p>
   </div>
   <div class='ocr_carea' id='block_1_27' title="bbox 1874 1136 3424 1210">
    <p class='ocr_par' dir='ltr' id='par_1_27' title="bbox 1874 1136 3424 1210">
     <span class='ocr_line' id='line_1_27' title="bbox 1874 1136 3424 1210; baseline 0.001 -21"><span class='ocrx_word' id='word_1_208' title='bbox 1874 1156 1894 1189; x_wconf 82' lang='grc' dir='ltr'><strong>ι</strong></span> <span class='ocrx_word' id='word_1_209' title='bbox 1939 1138 2287 1210; x_wconf 90' lang='lat' dir='ltr'><strong>hoc-quoque</strong></span> <span class='ocrx_word' id='word_1_210' title='bbox 2318 1137 2591 1201; x_wconf 84' lang='lat' dir='ltr'><strong>dicebant,</strong></span> <span class='ocrx_word' id='word_1_211' title='bbox 2646 1137 2782 1206; x_wconf 81' lang='lat' dir='ltr'><strong>quod</strong></span> <span class='ocrx_word' id='word_1_212' title='bbox 2810 1151 2901 1205; x_wconf 87' lang='lat' dir='ltr'><strong>per</strong></span> <span class='ocrx_word' id='word_1_213' title='bbox 2927 1136 3120 1190; x_wconf 83' lang='lat' dir='ltr'><strong>multas</strong></span> <span class='ocrx_word' id='word_1_214' title='bbox 3176 1137 3424 1206; x_wconf 78' lang='lat' dir='ltr'><strong>afﬂictio-</strong></span> 
     </span>
    </p>
   </div>
   <div class='ocr_carea' id='block_1_28' title="bbox 1871 1225 3422 1300">
    <p class='ocr_par' dir='ltr' id='par_1_28' title="bbox 1871 1225 3422 1300">
     <span class='ocr_line' id='line_1_28' title="bbox 1871 1225 3422 1300; baseline -0.001 -19"><span class='ocrx_word' id='word_1_215' title='bbox 1871 1248 1892 1281; x_wconf 81' lang='grc' dir='ltr'><strong>ι</strong></span> <span class='ocrx_word' id='word_1_216' title='bbox 1944 1247 2031 1285; x_wconf 81' lang='lat' dir='ltr'><strong>nes</strong></span> <span class='ocrx_word' id='word_1_217' title='bbox 2049 1239 2249 1300; x_wconf 79' lang='lat' dir='ltr'><strong>oportet</strong></span> <span class='ocrx_word' id='word_1_218' title='bbox 2272 1229 2325 1282; x_wconf 84' lang='lat' dir='ltr'><strong>in</strong></span> <span class='ocrx_word' id='word_1_219' title='bbox 2348 1243 2562 1298; x_wconf 81' lang='lat' dir='ltr'><strong>regnum</strong></span> <span class='ocrx_word' id='word_1_220' title='bbox 2581 1226 2678 1281; x_wconf 79' lang='lat' dir='ltr'><strong>Dei</strong></span> <span class='ocrx_word' id='word_1_221' title='bbox 2699 1225 2919 1297; x_wconf 78' lang='lat' dir='ltr'><strong>ingredi.</strong></span> <span class='ocrx_word' id='word_1_222' title='bbox 2939 1225 3262 1293; x_wconf 67' lang='lat' dir='ltr'><strong>Quaerebam</strong></span> <span class='ocrx_word' id='word_1_223' title='bbox 3276 1227 3422 1282; x_wconf 87' lang='lat' dir='ltr'><strong>enim</strong></span> 
     </span>
    </p>
   </div>
   <div class='ocr_carea' id='block_1_29' title="bbox 1871 1316 3423 1392">
    <p class='ocr_par' dir='ltr' id='par_1_29' title="bbox 1871 1316 3423 1392">
     <span class='ocr_line' id='line_1_29' title="bbox 1871 1316 3423 1392; baseline -0.003 -18"><span class='ocrx_word' id='word_1_224' title='bbox 1871 1341 1891 1374; x_wconf 79' lang='grc' dir='ltr'><strong>ι</strong></span> <span class='ocrx_word' id='word_1_225' title='bbox 1938 1338 2045 1377; x_wconf 90' lang='lat' dir='ltr'><strong>non</strong></span> <span class='ocrx_word' id='word_1_226' title='bbox 2071 1321 2220 1392; x_wconf 88' lang='lat' dir='ltr'><strong>quod</strong></span> <span class='ocrx_word' id='word_1_227' title='bbox 2253 1320 2356 1375; x_wconf 86' lang='lat' dir='ltr'><strong>sibi</strong></span> <span class='ocrx_word' id='word_1_228' title='bbox 2382 1326 2499 1375; x_wconf 87' lang='lat' dir='ltr'><strong>erat</strong></span> <span class='ocrx_word' id='word_1_229' title='bbox 2522 1317 2674 1381; x_wconf 87' lang='lat' dir='ltr'><strong>utile,</strong></span> <span class='ocrx_word' id='word_1_230' title='bbox 2699 1316 2796 1372; x_wconf 89' lang='lat' dir='ltr'><strong>sed</strong></span> <span class='ocrx_word' id='word_1_231' title='bbox 2826 1317 2971 1387; x_wconf 89' lang='lat' dir='ltr'><strong>quod</strong></span> <span class='ocrx_word' id='word_1_232' title='bbox 3003 1317 3209 1377; x_wconf 85' lang='lat' dir='ltr'><strong>multis,</strong></span> <span class='ocrx_word' id='word_1_233' title='bbox 3227 1324 3285 1371; x_wconf 90' lang='lat' dir='ltr'><strong>ut</strong></span> <span class='ocrx_word' id='word_1_234' title='bbox 3312 1331 3423 1372; x_wconf 85' lang='lat' dir='ltr'><strong>ser-</strong></span> 
     </span>
    </p>
   </div>
   <div class='ocr_carea' id='block_1_30' title="bbox 1870 1407 3419 1480">
    <p class='ocr_par' dir='ltr' id='par_1_30' title="bbox 1870 1407 3419 1480">
     <span class='ocr_line' id='line_1_30' title="bbox 1870 1407 3419 1480; baseline -0.003 -14"><span class='ocrx_word' id='word_1_235' title='bbox 1870 1434 1888 1466; x_wconf 87' lang='grc'><em>‹</em></span> <span class='ocrx_word' id='word_1_236' title='bbox 1936 1422 2214 1479; x_wconf 86' lang='lat' dir='ltr'><strong>varentur,</strong></span> <span class='ocrx_word' id='word_1_237' title='bbox 2241 1423 2294 1468; x_wconf 92' lang='lat' dir='ltr'><strong>et</strong></span> <span class='ocrx_word' id='word_1_238' title='bbox 2322 1412 2491 1465; x_wconf 87' lang='lat' dir='ltr'><strong>multa</strong></span> <span class='ocrx_word' id='word_1_239' title='bbox 2526 1410 2660 1480; x_wconf 85' lang='lat' dir='ltr'><strong>ipsis</strong></span> <span class='ocrx_word' id='word_1_240' title='bbox 2706 1409 2893 1464; x_wconf 83' lang='lat' dir='ltr'><strong>liceret</strong></span> <span class='ocrx_word' id='word_1_241' title='bbox 2925 1407 2992 1462; x_wconf 90' lang='lat' dir='ltr'><strong>ad</strong></span> <span class='ocrx_word' id='word_1_242' title='bbox 3022 1407 3136 1462; x_wconf 61' lang='lat' dir='ltr'><strong>haec</strong></span> <span class='ocrx_word' id='word_1_243' title='bbox 3169 1407 3419 1462; x_wconf 77' lang='lat' dir='ltr'><strong>facientia</strong></span> 
     </span>
    </p>
   </div>
   <div class='ocr_carea' id='block_1_31' title="bbox 1868 1495 3416 1565">
    <p class='ocr_par' dir='ltr' id='par_1_31' title="bbox 1868 1495 3416 1565">
     <span class='ocr_line' id='line_1_31' title="bbox 1868 1495 3416 1565; baseline -0.002 -10"><span class='ocrx_word' id='word_1_244' title='bbox 1868 1521 1888 1555; x_wconf 82' lang='grc' dir='ltr'><strong>ι</strong></span> <span class='ocrx_word' id='word_1_245' title='bbox 1932 1502 2148 1565; x_wconf 87' lang='lat' dir='ltr'><strong>dicere,</strong></span> <span class='ocrx_word' id='word_1_246' title='bbox 2209 1508 2271 1555; x_wconf 91' lang='lat' dir='ltr'><strong>ut</strong></span> <span class='ocrx_word' id='word_1_247' title='bbox 2326 1500 2491 1555; x_wconf 90' lang='lat' dir='ltr'><strong>verbo</strong></span> <span class='ocrx_word' id='word_1_248' title='bbox 2550 1498 2643 1553; x_wconf 88' lang='lat' dir='ltr'><strong>Dei</strong></span> <span class='ocrx_word' id='word_1_249' title='bbox 2701 1498 3084 1552; x_wconf 81' lang='lat' dir='ltr'><strong>convenienter</strong></span> <span class='ocrx_word' id='word_1_250' title='bbox 3137 1495 3416 1552; x_wconf 88' lang='lat' dir='ltr'><strong>facerent:</strong></span> 
     </span>
    </p>
   </div>
   <div class='ocr_carea' id='block_1_32' title="bbox 1866 1590 3425 1661">
    <p class='ocr_par' dir='ltr' id='par_1_32' title="bbox 1866 1590 3425 1661">
     <span class='ocr_line' id='line_1_32' title="bbox 1866 1590 3425 1661; baseline -0.003 -13"><span class='ocrx_word' id='word_1_251' title='bbox 1866 1614 1886 1648; x_wconf 82' lang='grc' dir='ltr'><strong>ι</strong></span> <span class='ocrx_word' id='word_1_252' title='bbox 1936 1594 2078 1658; x_wconf 81' lang='lat' dir='ltr'><strong>Nisi,</strong></span> <span class='ocrx_word' id='word_1_253' title='bbox 2096 1602 2155 1649; x_wconf 90' lang='lat' dir='ltr'><strong>ut</strong></span> <span class='ocrx_word' id='word_1_254' title='bbox 2190 1592 2323 1648; x_wconf 84' lang='lat' dir='ltr'><strong>dicit</strong></span> <span class='ocrx_word' id='word_1_255' title='bbox 2340 1592 2649 1661; x_wconf 82' lang='lat' dir='ltr'><strong>Apostolus,</strong></span> <span class='ocrx_word' id='word_1_256' title='bbox 2680 1607 2773 1644; x_wconf 77' lang='lat' dir='ltr'><strong>nos</strong></span> <span class='ocrx_word' id='word_1_257' title='bbox 2801 1599 3001 1658; x_wconf 70' lang='lat' dir='ltr'><strong>tempus</strong></span> <span class='ocrx_word' id='word_1_258' title='bbox 3041 1596 3317 1642; x_wconf 74' lang='lat' dir='ltr'><strong>narrantes</strong></span> <span class='ocrx_word' id='word_1_259' title='bbox 3332 1590 3425 1643; x_wconf 84' lang='lat' dir='ltr'><strong>de-</strong></span> 
     </span>
    </p>
   </div>
   <div class='ocr_carea' id='block_1_33' title="bbox 1864 1686 2289 1758">
    <p class='ocr_par' dir='ltr' id='par_1_33' title="bbox 1864 1686 2289 1758">
     <span class='ocr_line' id='line_1_33' title="bbox 1864 1686 2289 1758; baseline -0.007 -18"><span class='ocrx_word' id='word_1_260' title='bbox 1864 1707 1883 1740; x_wconf 83' lang='grc' dir='ltr'><strong>ι</strong></span> <span class='ocrx_word' id='word_1_261' title='bbox 1928 1686 2210 1758; x_wconf 63' lang='lat' dir='ltr'><strong>ﬁceretbu</strong></span> <span class='ocrx_word' id='word_1_262' title='bbox 2276 1731 2289 1752; x_wconf 82' lang='grc'><strong>,</strong></span> 
     </span>
    </p>
   </div>
   <div class='ocr_carea' id='block_1_34' title="bbox 197 1763 3418 1856">
    <p class='ocr_par' dir='ltr' id='par_1_34' title="bbox 197 1763 3418 1856">
     <span class='ocr_line' id='line_1_34' title="bbox 197 1763 3418 1856; baseline -0.002 -24"><span class='ocrx_word' id='word_1_263' title='bbox 197 1799 220 1832; x_wconf 80' lang='grc' dir='ltr'><strong>ι</strong></span> <span class='ocrx_word' id='word_1_264' title='bbox 260 1781 436 1835; x_wconf 79' lang='grc' dir='ltr'>πολλὰ</span> <span class='ocrx_word' id='word_1_265' title='bbox 463 1781 639 1849; x_wconf 81' lang='grc' dir='ltr'>λέγειν</span> <span class='ocrx_word' id='word_1_266' title='bbox 663 1782 843 1846; x_wconf 78' lang='grc' dir='ltr'>αὐτοῖς</span> <span class='ocrx_word' id='word_1_267' title='bbox 868 1784 948 1846; x_wconf 84' lang='grc' dir='ltr'><strong>εἰς</strong></span> <span class='ocrx_word' id='word_1_268' title='bbox 973 1782 1146 1837; x_wconf 88' lang='grc' dir='ltr'>ταῦτα</span> <span class='ocrx_word' id='word_1_269' title='bbox 1171 1784 1305 1855; x_wconf 85' lang='grc' dir='ltr'>πρὸς</span> <span class='ocrx_word' id='word_1_270' title='bbox 1341 1782 1403 1837; x_wconf 77' lang='grc' dir='ltr'>τὸ</span> <span class='ocrx_word' id='word_1_271' title='bbox 1445 1763 1592 1838; x_wconf 68' lang='grc' dir='ltr'>κατά</span> <span class='ocrx_word' id='word_1_272' title='bbox 1612 1783 1766 1853; x_wconf 88' lang='grc' dir='ltr'>λόγον</span> <span class='ocrx_word' id='word_1_273' title='bbox 1802 1783 2085 1856; x_wconf 77' lang='grc' dir='ltr'>πράσσειν,</span> <span class='ocrx_word' id='word_1_274' title='bbox 2108 1778 2285 1849; x_wconf 81' lang='grc' dir='ltr'>εἰμὴ,</span> <span class='ocrx_word' id='word_1_275' title='bbox 2301 1780 2375 1844; x_wconf 85' lang='grc' dir='ltr'><strong>ώς</strong></span> <span class='ocrx_word' id='word_1_276' title='bbox 2396 1778 2542 1849; x_wconf 80' lang='grc' dir='ltr'>λέγει</span> <span class='ocrx_word' id='word_1_277' title='bbox 2566 1781 2595 1833; x_wconf 83' lang='grc' dir='ltr'>ὁ</span> <span class='ocrx_word' id='word_1_278' title='bbox 2623 1777 2961 1842; x_wconf 80' lang='grc' dir='ltr'>Ἀπόστολος,</span> <span class='ocrx_word' id='word_1_279' title='bbox 2977 1776 3242 1831; x_wconf 79' lang='grc' dir='ltr'>ἐπιλίποι</span> <span class='ocrx_word' id='word_1_280' title='bbox 3257 1772 3307 1807; x_wconf 84' lang='grc'><strong>³⁸</strong></span> <span class='ocrx_word' id='word_1_281' title='bbox 3364 1771 3418 1826; x_wconf 82' lang='grc' dir='ltr'>δ”</span> 
     </span>
    </p>
   </div>
   <div class='ocr_carea' id='block_1_35' title="bbox 195 1872 1347 1946">
    <p class='ocr_par' dir='ltr' id='par_1_35' title="bbox 195 1872 1347 1946">
     <span class='ocr_line' id='line_1_35' title="bbox 195 1872 1347 1946; baseline 0.003 -21"><span class='ocrx_word' id='word_1_282' title='bbox 195 1892 217 1924; x_wconf 81' lang='grc' dir='ltr'><strong>ι</strong></span> <span class='ocrx_word' id='word_1_283' title='bbox 253 1872 335 1928; x_wconf 76' lang='grc' dir='ltr'><strong>ἂν</strong></span> <span class='ocrx_word' id='word_1_284' title='bbox 358 1874 520 1944; x_wconf 73' lang='grc' dir='ltr'>ἡμᾶς</span> <span class='ocrx_word' id='word_1_285' title='bbox 552 1874 977 1946; x_wconf 77' lang='grc' dir='ltr'>διηγουμένους</span> <span class='ocrx_word' id='word_1_286' title='bbox 1006 1880 1040 1931; x_wconf 81' lang='grc' dir='ltr'><em>ὁ</em></span> <span class='ocrx_word' id='word_1_287' title='bbox 1065 1877 1300 1945; x_wconf 82' lang='grc' dir='ltr'>χρόνος.</span> <span class='ocrx_word' id='word_1_288' title='bbox 1328 1896 1347 1929; x_wconf 79' lang='grc' dir='ltr'><strong>ι</strong></span> 
     </span>
    </p>
   </div>
   <div class='ocr_carea' id='block_1_36' title="bbox 261 1981 1753 2064">
    <p class='ocr_par' dir='ltr' id='par_1_36' title="bbox 261 1989 1753 2064">
     <span class='ocr_line' id='line_1_36' title="bbox 261 1989 1753 2064; baseline 0.003 -21"><span class='ocrx_word' id='word_1_289' title='bbox 261 1991 467 2045; x_wconf 79' lang='grc' dir='ltr'><strong>ΒΔΔΣ.</strong></span> <span class='ocrx_word' id='word_1_290' title='bbox 501 1990 567 2044; x_wconf 78' lang='lat' dir='ltr'><strong>0i</strong></span> <span class='ocrx_word' id='word_1_291' title='bbox 594 1990 719 2063; x_wconf 78' lang='grc' dir='ltr'>ἄρτι</span> <span class='ocrx_word' id='word_1_292' title='bbox 740 1989 834 2044; x_wconf 88' lang='grc' dir='ltr'><strong>τοῦ</strong></span> <span class='ocrx_word' id='word_1_293' title='bbox 869 1989 1035 2044; x_wconf 79' lang='grc' dir='ltr'>ὕπνου</span> <span class='ocrx_word' id='word_1_294' title='bbox 1062 1990 1484 2062; x_wconf 80' lang='grc' dir='ltr'>ἐξανιστάμενοι,</span> <span class='ocrx_word' id='word_1_295' title='bbox 1507 1993 1600 2046; x_wconf 74' lang='grc' dir='ltr'>καὶ</span> <span class='ocrx_word' id='word_1_296' title='bbox 1630 1991 1753 2064; x_wconf 81' lang='grc' dir='ltr'>μᾶλ-</span> 
     </span>
    </p>
   </div>
   <div class='ocr_carea' id='block_1_37' title="bbox 1860 1981 3416 2064">
    <p class='ocr_par' dir='ltr' id='par_1_37' title="bbox 1930 1981 3416 2053">
     <span class='ocr_line' id='line_1_37' title="bbox 1930 1981 3416 2053; baseline -0.003 -11"><span class='ocrx_word' id='word_1_297' title='bbox 1930 1986 2090 2043; x_wconf 76' lang='grc' dir='ltr'>Βιιε.</span> <span class='ocrx_word' id='word_1_298' title='bbox 2129 1985 2231 2053; x_wconf 88' lang='lat' dir='ltr'><strong>Qui</strong></span> <span class='ocrx_word' id='word_1_299' title='bbox 2254 2001 2285 2041; x_wconf 91' lang='lat' dir='ltr'><strong>e</strong></span> <span class='ocrx_word' id='word_1_300' title='bbox 2310 2000 2502 2041; x_wconf 88' lang='lat' dir='ltr'><strong>somno</strong></span> <span class='ocrx_word' id='word_1_301' title='bbox 2557 1984 2718 2040; x_wconf 91' lang='lat' dir='ltr'><strong>modo</strong></span> <span class='ocrx_word' id='word_1_302' title='bbox 2749 1991 3068 2052; x_wconf 80' lang='lat' dir='ltr'><strong>exsurgunt,</strong></span> <span class='ocrx_word' id='word_1_303' title='bbox 3102 1989 3155 2038; x_wconf 91' lang='lat' dir='ltr'><strong>et</strong></span> <span class='ocrx_word' id='word_1_304' title='bbox 3181 1981 3416 2038; x_wconf 80' lang='lat' dir='ltr'><strong>maxime</strong></span> 
     </span>
    </p>
   </div>
   <div class='ocr_carea' id='block_1_38' title="bbox 187 2078 1756 2156">
    <p class='ocr_par' dir='ltr' id='par_1_38' title="bbox 187 2078 1756 2156">
     <span class='ocr_line' id='line_1_38' title="bbox 187 2078 1756 2156; baseline 0.001 -19"><span class='ocrx_word' id='word_1_305' title='bbox 187 2083 276 2137; x_wconf 88' lang='grc' dir='ltr'><strong>λον</strong></span> <span class='ocrx_word' id='word_1_306' title='bbox 314 2086 368 2137; x_wconf 80' lang='grc' dir='ltr'>εἰ</span> <span class='ocrx_word' id='word_1_307' title='bbox 402 2083 683 2153; x_wconf 83' lang='grc' dir='ltr'>ώμόῦπνοι</span> <span class='ocrx_word' id='word_1_308' title='bbox 713 2078 842 2148; x_wconf 84' lang='grc' dir='ltr'>εἷεν,</span> <span class='ocrx_word' id='word_1_309' title='bbox 874 2082 934 2136; x_wconf 84' lang='grc' dir='ltr'>οὑ</span> <span class='ocrx_word' id='word_1_310' title='bbox 970 2081 1339 2153; x_wconf 82' lang='grc' dir='ltr'>καθεστηκότα</span> <span class='ocrx_word' id='word_1_311' title='bbox 1378 2084 1467 2138; x_wconf 78' lang='grc' dir='ltr'><strong>τὸν</strong></span> <span class='ocrx_word' id='word_1_312' title='bbox 1502 2084 1756 2156; x_wconf 79' lang='grc' dir='ltr'>λογισμὸν</span> 
     </span>
    </p>
   </div>
   <div class='ocr_carea' id='block_1_39' title="bbox 188 2174 1757 2248">
    <p class='ocr_par' dir='ltr' id='par_1_39' title="bbox 188 2174 1757 2248">
     <span class='ocr_line' id='line_1_39' title="bbox 188 2174 1757 2248; baseline 0.002 -20"><span class='ocrx_word' id='word_1_313' title='bbox 188 2176 428 2246; x_wconf 72' lang='grc' dir='ltr'>ἔχουσιν,</span> <span class='ocrx_word' id='word_1_314' title='bbox 464 2174 599 2235; x_wconf 86' lang='grc' dir='ltr'><strong>άλλά</strong></span> <span class='ocrx_word' id='word_1_315' title='bbox 646 2176 1044 2248; x_wconf 80' lang='grc' dir='ltr'>τεταραγμένον</span> <span class='ocrx_word' id='word_1_316' title='bbox 1084 2177 1178 2231; x_wconf 80' lang='grc' dir='ltr'>καὶ</span> <span class='ocrx_word' id='word_1_317' title='bbox 1216 2177 1612 2233; x_wconf 76' lang='grc' dir='ltr'>ἀκατάστατον·</span> <span class='ocrx_word' id='word_1_318' title='bbox 1647 2196 1757 2232; x_wconf 90' lang='grc' dir='ltr'>τοι-</span> 
     </span>
    </p>
   </div>
   <div class='ocr_carea' id='block_1_40' title="bbox 187 2262 1755 2343">
    <p class='ocr_par' dir='ltr' id='par_1_40' title="bbox 187 2262 1755 2343">
     <span class='ocr_line' id='line_1_40' title="bbox 187 2262 1755 2343; baseline 0.003 -23"><span class='ocrx_word' id='word_1_319' title='bbox 187 2268 366 2332; x_wconf 79' lang='grc' dir='ltr'>ούτοις</span> <span class='ocrx_word' id='word_1_320' title='bbox 415 2268 751 2340; x_wconf 85' lang='grc' dir='ltr'>παρείκασεν</span> <span class='ocrx_word' id='word_1_321' title='bbox 778 2270 806 2322; x_wconf 88' lang='grc' dir='ltr'>ὀ</span> <span class='ocrx_word' id='word_1_322' title='bbox 853 2270 891 2321; x_wconf 76' lang='lat' dir='ltr'><strong>le</strong></span> <span class='ocrx_word' id='word_1_323' title='bbox 905 2270 1177 2341; x_wconf 84' lang='grc' dir='ltr'>ρομάρτυς</span> <span class='ocrx_word' id='word_1_324' title='bbox 1215 2262 1368 2334; x_wconf 75' lang='grc' dir='ltr'>οὗτος</span> <span class='ocrx_word' id='word_1_325' title='bbox 1412 2272 1530 2335; x_wconf 82' lang='grc' dir='ltr'>τοὺς</span> <span class='ocrx_word' id='word_1_326' title='bbox 1576 2288 1755 2343; x_wconf 83' lang='grc' dir='ltr'>παρα-</span> 
     </span>
    </p>
   </div>
   <div class='ocr_carea' id='block_1_41' title="bbox 189 2360 1756 2434">
    <p class='ocr_par' dir='ltr' id='par_1_41' title="bbox 189 2360 1756 2434">
     <span class='ocr_line' id='line_1_41' title="bbox 189 2360 1756 2434; baseline 0.001 -20"><span class='ocrx_word' id='word_1_327' title='bbox 189 2361 480 2432; x_wconf 75' lang='grc' dir='ltr'>πηδῶντας</span> <span class='ocrx_word' id='word_1_328' title='bbox 506 2362 587 2423; x_wconf 85' lang='grc' dir='ltr'><strong>είς</strong></span> <span class='ocrx_word' id='word_1_329' title='bbox 630 2361 720 2414; x_wconf 80' lang='grc' dir='ltr'>τὸν</span> <span class='ocrx_word' id='word_1_330' title='bbox 761 2360 974 2430; x_wconf 89' lang='grc' dir='ltr'>ἀγῶνα,</span> <span class='ocrx_word' id='word_1_331' title='bbox 1001 2362 1165 2434; x_wconf 72' lang='grc' dir='ltr'>ἤγουν</span> <span class='ocrx_word' id='word_1_332' title='bbox 1207 2362 1334 2426; x_wconf 78' lang='grc' dir='ltr'>τοὺς</span> <span class='ocrx_word' id='word_1_333' title='bbox 1380 2362 1453 2434; x_wconf 80' lang='grc' dir='ltr'>μὴ</span> <span class='ocrx_word' id='word_1_334' title='bbox 1484 2362 1756 2427; x_wconf 85' lang='grc' dir='ltr'>εὐτάκτως</span> 
     </span>
    </p>
   </div>
   <div class='ocr_carea' id='block_1_42' title="bbox 189 2452 1756 2525">
    <p class='ocr_par' dir='ltr' id='par_1_42' title="bbox 189 2452 1756 2525">
     <span class='ocr_line' id='line_1_42' title="bbox 189 2452 1756 2525; baseline 0.001 -18"><span class='ocrx_word' id='word_1_335' title='bbox 189 2454 320 2507; x_wconf 80' lang='grc' dir='ltr'>ἀλλὰ</span> <span class='ocrx_word' id='word_1_336' title='bbox 343 2452 598 2525; x_wconf 79' lang='grc' dir='ltr'>θρασέως</span> <span class='ocrx_word' id='word_1_337' title='bbox 614 2454 708 2507; x_wconf 77' lang='grc' dir='ltr'>καὶ</span> <span class='ocrx_word' id='word_1_338' title='bbox 729 2453 1140 2525; x_wconf 81' lang='grc' dir='ltr'>ἀπερισκέπτως</span> <span class='ocrx_word' id='word_1_339' title='bbox 1159 2452 1511 2516; x_wconf 86' lang='grc' dir='ltr'>εἰσωθοῦντας</span> <span class='ocrx_word' id='word_1_340' title='bbox 1535 2455 1756 2519; x_wconf 79' lang='grc' dir='ltr'>ἑαυτοὺς</span> 
     </span>
    </p>
   </div>
   <div class='ocr_carea' id='block_1_43' title="bbox 189 2545 1755 2617">
    <p class='ocr_par' dir='ltr' id='par_1_43' title="bbox 189 2545 1755 2617">
     <span class='ocr_line' id='line_1_43' title="bbox 189 2545 1755 2617; baseline 0 -17"><span class='ocrx_word' id='word_1_341' title='bbox 189 2547 264 2610; x_wconf 80' lang='grc' dir='ltr'><strong>είς</strong></span> <span class='ocrx_word' id='word_1_342' title='bbox 288 2547 383 2601; x_wconf 71' lang='grc' dir='ltr'><strong>τον</strong></span> <span class='ocrx_word' id='word_1_343' title='bbox 413 2545 636 2615; x_wconf 86' lang='grc' dir='ltr'>ἀγῶνα,</span> <span class='ocrx_word' id='word_1_344' title='bbox 665 2545 917 2599; x_wconf 82' lang='grc' dir='ltr'>ὠδίνοντα</span> <span class='ocrx_word' id='word_1_345' title='bbox 945 2546 1037 2599; x_wconf 76' lang='grc' dir='ltr'>καὶ</span> <span class='ocrx_word' id='word_1_346' title='bbox 1073 2545 1329 2617; x_wconf 85' lang='grc' dir='ltr'>μέλλοντα</span> <span class='ocrx_word' id='word_1_347' title='bbox 1360 2545 1601 2611; x_wconf 82' lang='grc' dir='ltr'>ἐλκῦσαι,</span> <span class='ocrx_word' id='word_1_348' title='bbox 1636 2546 1755 2600; x_wconf 77' lang='grc' dir='ltr'>ἀντὶ</span> 
     </span>
    </p>
   </div>
   <div class='ocr_carea' id='block_1_44' title="bbox 190 2636 1752 2710">
    <p class='ocr_par' dir='ltr' id='par_1_44' title="bbox 190 2636 1752 2710">
     <span class='ocr_line' id='line_1_44' title="bbox 190 2636 1752 2710; baseline -0.001 -18"><span class='ocrx_word' id='word_1_349' title='bbox 190 2638 303 2701; x_wconf 85' lang='grc' dir='ltr'>τοῦ,</span> <span class='ocrx_word' id='word_1_350' title='bbox 332 2641 505 2710; x_wconf 86' lang='grc' dir='ltr'>μήπω</span> <span class='ocrx_word' id='word_1_351' title='bbox 519 2639 601 2700; x_wconf 83' lang='grc' dir='ltr'><strong>είς</strong></span> <span class='ocrx_word' id='word_1_352' title='bbox 629 2636 854 2707; x_wconf 72' lang='grc' dir='ltr'>φανερὸν</span> <span class='ocrx_word' id='word_1_353' title='bbox 883 2636 1357 2709; x_wconf 84' lang='grc' dir='ltr'>ἐκραγῆναι,·άλλά</span> <span class='ocrx_word' id='word_1_354' title='bbox 1385 2636 1752 2708; x_wconf 84' lang='grc' dir='ltr'>μελετώμενον</span> 
     </span>
    </p>
   </div>
   <div class='ocr_carea' id='block_1_45' title="bbox 192 2724 1753 2798">
    <p class='ocr_par' dir='ltr' id='par_1_45' title="bbox 192 2724 1753 2798">
     <span class='ocr_line' id='line_1_45' title="bbox 192 2724 1753 2798; baseline -0.001 -17"><span class='ocrx_word' id='word_1_355' title='bbox 192 2729 278 2782; x_wconf 75' lang='grc' dir='ltr'>καὶ</span> <span class='ocrx_word' id='word_1_356' title='bbox 302 2726 592 2798; x_wconf 82' lang='grc' dir='ltr'>μέλλοντα,</span> <span class='ocrx_word' id='word_1_357' title='bbox 618 2728 732 2797; x_wconf 75' lang='grc' dir='ltr'>ἦτοι</span> <span class='ocrx_word' id='word_1_358' title='bbox 769 2724 1092 2798; x_wconf 82' lang='grc' dir='ltr'>βραδύνοντα</span> <span class='ocrx_word' id='word_1_359' title='bbox 1134 2725 1352 2781; x_wconf 85' lang='grc' dir='ltr'>ἐλκῦσαι</span> <span class='ocrx_word' id='word_1_360' title='bbox 1385 2728 1509 2792; x_wconf 83' lang='grc' dir='ltr'>τοὺς</span> <span class='ocrx_word' id='word_1_361' title='bbox 1552 2727 1753 2795; x_wconf 89' lang='grc' dir='ltr'>ἀγωνι-</span> 
     </span>
    </p>
   </div>
   <div class='ocr_carea' id='block_1_46' title="bbox 191 2816 1750 2890">
    <p class='ocr_par' dir='ltr' id='par_1_46' title="bbox 191 2816 1750 2890">
     <span class='ocr_line' id='line_1_46' title="bbox 191 2816 1750 2890; baseline 0 -19"><span class='ocrx_word' id='word_1_362' title='bbox 191 2817 470 2889; x_wconf 77' lang='grc' dir='ltr'>ζομένους,</span> <span class='ocrx_word' id='word_1_363' title='bbox 531 2817 724 2881; x_wconf 75' lang='grc' dir='ltr'>οἵτινες</span> <span class='ocrx_word' id='word_1_364' title='bbox 763 2817 973 2882; x_wconf 82' lang='grc' dir='ltr'>ἐαυτοίς</span> <span class='ocrx_word' id='word_1_365' title='bbox 1027 2816 1327 2890; x_wconf 79' lang='grc' dir='ltr'>πειρασμὸν</span> <span class='ocrx_word' id='word_1_366' title='bbox 1377 2818 1750 2882; x_wconf 84' lang='grc' dir='ltr'>ἐπισπῶνται,</span> 
     </span>
    </p>
   </div>
   <div class='ocr_carea' id='block_1_47' title="bbox 190 2907 1752 2980">
    <p class='ocr_par' dir='ltr' id='par_1_47' title="bbox 190 2907 1752 2980">
     <span class='ocr_line' id='line_1_47' title="bbox 190 2907 1752 2980; baseline 0 -17"><span class='ocrx_word' id='word_1_367' title='bbox 190 2910 353 2980; x_wconf 63' lang='grc' dir='ltr'>ἤγουν</span> <span class='ocrx_word' id='word_1_368' title='bbox 378 2910 465 2973; x_wconf 81' lang='grc' dir='ltr'><strong>είς</strong></span> <span class='ocrx_word' id='word_1_369' title='bbox 495 2908 721 2972; x_wconf 78' lang='grc' dir='ltr'>ἑαυτοὺς</span> <span class='ocrx_word' id='word_1_370' title='bbox 743 2907 959 2963; x_wconf 78' lang='grc' dir='ltr'>ἐλκουσι</span> <span class='ocrx_word' id='word_1_371' title='bbox 991 2909 1310 2980; x_wconf 87' lang='grc' dir='ltr'>πειρασμόν.</span> <span class='ocrx_word' id='word_1_372' title='bbox 1339 2908 1554 2964; x_wconf 80' lang='grc' dir='ltr'>Μᾶλλον</span> <span class='ocrx_word' id='word_1_373' title='bbox 1580 2910 1636 2964; x_wconf 81' lang='grc' dir='ltr'>δὲ</span> <span class='ocrx_word' id='word_1_374' title='bbox 1659 2908 1752 2963; x_wconf 76' lang='grc' dir='ltr'>καὶ</span> 
     </span>
    </p>
   </div>
   <div class='ocr_carea' id='block_1_48' title="bbox 191 3000 1753 3074">
    <p class='ocr_par' dir='ltr' id='par_1_48' title="bbox 191 3000 1753 3074">
     <span class='ocr_line' id='line_1_48' title="bbox 191 3000 1753 3074; baseline 0.001 -19"><span class='ocrx_word' id='word_1_375' title='bbox 191 3001 369 3065; x_wconf 69' lang='grc' dir='ltr'>ἅλλοις</span> <span class='ocrx_word' id='word_1_376' title='bbox 395 3005 609 3066; x_wconf 82' lang='grc' dir='ltr'>πιστοῖς</span> <span class='ocrx_word' id='word_1_377' title='bbox 636 3000 960 3055; x_wconf 76' lang='grc' dir='ltr'>ἀνάπτουσιν</span> <span class='ocrx_word' id='word_1_378' title='bbox 981 3000 1253 3074; x_wconf 78' lang='grc' dir='ltr'>ἄνθρακας</span> <span class='ocrx_word' id='word_1_379' title='bbox 1278 3002 1632 3074; x_wconf 85' lang='grc' dir='ltr'>ἁμαρτωλῶν,</span> <span class='ocrx_word' id='word_1_380' title='bbox 1654 3004 1753 3067; x_wconf 80' lang='grc' dir='ltr'><strong>τὰς</strong></span> 
     </span>
    </p>
   </div>
   <div class='ocr_carea' id='block_1_49' title="bbox 191 3092 1753 3165">
    <p class='ocr_par' dir='ltr' id='par_1_49' title="bbox 191 3092 1753 3165">
     <span class='ocr_line' id='line_1_49' title="bbox 191 3092 1753 3165; baseline 0 -17"><span class='ocrx_word' id='word_1_381' title='bbox 191 3094 256 3149; x_wconf 78' lang='grc' dir='ltr'>ικ</span> <span class='ocrx_word' id='word_1_382' title='bbox 304 3093 415 3159; x_wconf 75' lang='grc' dir='ltr'><strong>τῶν</strong></span> <span class='ocrx_word' id='word_1_383' title='bbox 460 3093 739 3165; x_wconf 89' lang='grc' dir='ltr'>τυράννων</span> <span class='ocrx_word' id='word_1_384' title='bbox 788 3092 1024 3165; x_wconf 84' lang='grc' dir='ltr'>δηλονότι</span> <span class='ocrx_word' id='word_1_385' title='bbox 1077 3092 1344 3158; x_wconf 83' lang='grc' dir='ltr'>κολάσεις.</span> <span class='ocrx_word' id='word_1_386' title='bbox 1384 3094 1522 3147; x_wconf 84' lang='grc' dir='ltr'>Ἀλλ’</span> <span class='ocrx_word' id='word_1_387' title='bbox 1571 3096 1619 3149; x_wconf 89' lang='grc' dir='ltr'><strong>εί</strong></span> <span class='ocrx_word' id='word_1_388' title='bbox 1660 3096 1753 3148; x_wconf 73' lang='grc' dir='ltr'>καὶ</span> 
     </span>
    </p>
   </div>
   <div class='ocr_carea' id='block_1_50' title="bbox 187 3182 1752 3252">
    <p class='ocr_par' dir='ltr' id='par_1_50' title="bbox 187 3182 1752 3252">
     <span class='ocr_line' id='line_1_50' title="bbox 187 3182 1752 3252; baseline 0.001 -14"><span class='ocrx_word' id='word_1_389' title='bbox 187 3186 431 3239; x_wconf 74' lang='grc' dir='ltr'>αἰτιᾶται</span> <span class='ocrx_word' id='word_1_390' title='bbox 461 3185 589 3248; x_wconf 81' lang='grc' dir='ltr'>τοὺς</span> <span class='ocrx_word' id='word_1_391' title='bbox 619 3182 760 3238; x_wconf 75' lang='grc' dir='ltr'>οὕτω</span> <span class='ocrx_word' id='word_1_392' title='bbox 783 3183 1084 3249; x_wconf 81' lang='grc' dir='ltr'>ποιοῦντας,</span> <span class='ocrx_word' id='word_1_393' title='bbox 1114 3186 1384 3239; x_wconf 85' lang='grc' dir='ltr'>κοινωνεῖν</span> <span class='ocrx_word' id='word_1_394' title='bbox 1410 3185 1545 3250; x_wconf 82' lang='grc' dir='ltr'>τέως</span> <span class='ocrx_word' id='word_1_395' title='bbox 1576 3186 1752 3252; x_wconf 82' lang='grc' dir='ltr'>αὐτοῖς</span> 
     </span>
    </p>
   </div>
   <div class='ocr_carea' id='block_1_51' title="bbox 187 3274 1753 3349">
    <p class='ocr_par' dir='ltr' id='par_1_51' title="bbox 187 3274 1753 3349">
     <span class='ocr_line' id='line_1_51' title="bbox 187 3274 1753 3349; baseline 0 -18"><span class='ocrx_word' id='word_1_396' title='bbox 187 3278 307 3342; x_wconf 73' lang='grc' dir='ltr'>τοὺς</span> <span class='ocrx_word' id='word_1_397' title='bbox 333 3278 563 3339; x_wconf 79' lang='grc' dir='ltr'>πιστοὺς</span> <span class='ocrx_word' id='word_1_398' title='bbox 588 3276 944 3342; x_wconf 85' lang='grc' dir='ltr'>διατάττεται,</span> <span class='ocrx_word' id='word_1_399' title='bbox 977 3278 1058 3331; x_wconf 83' lang='grc' dir='ltr'><strong>δτι</strong></span> <span class='ocrx_word' id='word_1_400' title='bbox 1089 3276 1174 3331; x_wconf 80' lang='grc' dir='ltr'><strong>διὰ</strong></span> <span class='ocrx_word' id='word_1_401' title='bbox 1205 3278 1293 3331; x_wconf 80' lang='grc' dir='ltr'>τὸν</span> <span class='ocrx_word' id='word_1_402' title='bbox 1308 3274 1541 3349; x_wconf 79' lang='grc' dir='ltr'>Χριστὸν</span> <span class='ocrx_word' id='word_1_403' title='bbox 1567 3276 1753 3331; x_wconf 81' lang='grc' dir='ltr'>ὑπεισ-</span> 
     </span>
    </p>
   </div>
   <div class='ocr_carea' id='block_1_52' title="bbox 1855 2073 3414 2149">
    <p class='ocr_par' dir='ltr' id='par_1_52' title="bbox 1855 2073 3414 2149">
     <span class='ocr_line' id='line_1_52' title="bbox 1855 2073 3414 2149; baseline -0.006 -14"><span class='ocrx_word' id='word_1_404' title='bbox 1855 2080 1903 2136; x_wconf 90' lang='lat' dir='ltr'><strong>si</strong></span> <span class='ocrx_word' id='word_1_405' title='bbox 1929 2078 2098 2135; x_wconf 91' lang='lat' dir='ltr'><strong>crudo</strong></span> <span class='ocrx_word' id='word_1_406' title='bbox 2126 2077 2504 2149; x_wconf 90' lang='lat' dir='ltr'><strong>profundoque</strong></span> <span class='ocrx_word' id='word_1_407' title='bbox 2531 2090 2724 2133; x_wconf 87' lang='lat' dir='ltr'><strong>somno</strong></span> <span class='ocrx_word' id='word_1_408' title='bbox 2746 2074 3156 2145; x_wconf 86' lang='lat' dir='ltr'><strong>premebantur,</strong></span> <span class='ocrx_word' id='word_1_409' title='bbox 3184 2088 3295 2129; x_wconf 89' lang='lat' dir='ltr'><strong>non</strong></span> <span class='ocrx_word' id='word_1_410' title='bbox 3316 2073 3414 2128; x_wconf 87' lang='lat' dir='ltr'><strong>ha-</strong></span> 
     </span>
    </p>
   </div>
   <div class='ocr_carea' id='block_1_53' title="bbox 1852 2164 3406 2236">
    <p class='ocr_par' dir='ltr' id='par_1_53' title="bbox 1852 2164 3406 2236">
     <span class='ocr_line' id='line_1_53' title="bbox 1852 2164 3406 2236; baseline -0.005 -10"><span class='ocrx_word' id='word_1_411' title='bbox 1852 2171 1982 2227; x_wconf 89' lang='lat' dir='ltr'><strong>bent</strong></span> <span class='ocrx_word' id='word_1_412' title='bbox 2017 2176 2356 2226; x_wconf 87' lang='lat' dir='ltr'><strong>constantem</strong></span> <span class='ocrx_word' id='word_1_413' title='bbox 2386 2168 2673 2231; x_wconf 88' lang='lat' dir='ltr'><strong>rationem,</strong></span> <span class='ocrx_word' id='word_1_414' title='bbox 2719 2166 2811 2222; x_wconf 89' lang='lat' dir='ltr'><strong>sed</strong></span> <span class='ocrx_word' id='word_1_415' title='bbox 2845 2165 3212 2236; x_wconf 84' lang='lat' dir='ltr'><strong>perturbatam</strong></span> <span class='ocrx_word' id='word_1_416' title='bbox 3239 2173 3292 2222; x_wconf 89' lang='lat' dir='ltr'><strong>et</strong></span> <span class='ocrx_word' id='word_1_417' title='bbox 3319 2164 3406 2220; x_wconf 89' lang='lat' dir='ltr'><strong>in-</strong></span> 
     </span>
    </p>
   </div>
   <div class='ocr_carea' id='block_1_54' title="bbox 1855 2254 3413 2324">
    <p class='ocr_par' dir='ltr' id='par_1_54' title="bbox 1855 2254 3413 2324">
     <span class='ocr_line' id='line_1_54' title="bbox 1855 2254 3413 2324; baseline -0.005 -5"><span class='ocrx_word' id='word_1_418' title='bbox 1855 2261 2102 2319; x_wconf 88' lang='lat' dir='ltr'><strong>stabilem</strong></span> <span class='ocrx_word' id='word_1_419' title='bbox 2141 2279 2154 2315; x_wconf 90' lang='lat'><strong>:</strong></span> <span class='ocrx_word' id='word_1_420' title='bbox 2188 2260 2386 2314; x_wconf 88' lang='lat' dir='ltr'><strong>talibus</strong></span> <span class='ocrx_word' id='word_1_421' title='bbox 2419 2258 2687 2324; x_wconf 79' lang='lat' dir='ltr'><strong>assimilat</strong></span> <span class='ocrx_word' id='word_1_422' title='bbox 2733 2266 3118 2312; x_wconf 88' lang='lat' dir='ltr'><strong>sacrosanctus</strong></span> <span class='ocrx_word' id='word_1_423' title='bbox 3151 2254 3240 2311; x_wconf 87' lang='lat' dir='ltr'><strong>hic</strong></span> <span class='ocrx_word' id='word_1_424' title='bbox 3268 2272 3413 2311; x_wconf 89' lang='lat' dir='ltr'><strong>mar-</strong></span> 
     </span>
    </p>
   </div>
   <div class='ocr_carea' id='block_1_55' title="bbox 1855 2348 3411 2425">
    <p class='ocr_par' dir='ltr' id='par_1_55' title="bbox 1855 2348 3411 2425">
     <span class='ocr_line' id='line_1_55' title="bbox 1855 2348 3411 2425; baseline -0.005 -18"><span class='ocrx_word' id='word_1_425' title='bbox 1855 2362 1941 2425; x_wconf 86' lang='lat' dir='ltr'><strong>tyr</strong></span> <span class='ocrx_word' id='word_1_426' title='bbox 1965 2368 2061 2409; x_wconf 89' lang='lat' dir='ltr'><strong>eos</strong></span> <span class='ocrx_word' id='word_1_427' title='bbox 2101 2352 2191 2423; x_wconf 88' lang='lat' dir='ltr'><strong>qui</strong></span> <span class='ocrx_word' id='word_1_428' title='bbox 2224 2367 2328 2406; x_wconf 92' lang='lat' dir='ltr'><strong>non</strong></span> <span class='ocrx_word' id='word_1_429' title='bbox 2381 2350 2650 2414; x_wconf 90' lang='lat' dir='ltr'><strong>ordinate,</strong></span> <span class='ocrx_word' id='word_1_430' title='bbox 2685 2348 2781 2404; x_wconf 90' lang='lat' dir='ltr'><strong>sed</strong></span> <span class='ocrx_word' id='word_1_431' title='bbox 2814 2348 3101 2404; x_wconf 88' lang='lat' dir='ltr'><strong>temerarie</strong></span> <span class='ocrx_word' id='word_1_432' title='bbox 3134 2354 3188 2402; x_wconf 89' lang='lat' dir='ltr'><strong>et</strong></span> <span class='ocrx_word' id='word_1_433' title='bbox 3222 2348 3411 2403; x_wconf 87' lang='lat' dir='ltr'><strong>incon-</strong></span> 
     </span>
    </p>
   </div>
   <div class='ocr_carea' id='block_1_56' title="bbox 1854 2438 3410 2510">
    <p class='ocr_par' dir='ltr' id='par_1_56' title="bbox 1854 2438 3410 2510">
     <span class='ocr_line' id='line_1_56' title="bbox 1854 2438 3410 2510; baseline -0.007 -8"><span class='ocrx_word' id='word_1_434' title='bbox 1854 2444 2089 2502; x_wconf 89' lang='lat' dir='ltr'><strong>siderate</strong></span> <span class='ocrx_word' id='word_1_435' title='bbox 2121 2460 2179 2500; x_wconf 93' lang='lat' dir='ltr'><strong>se</strong></span> <span class='ocrx_word' id='word_1_436' title='bbox 2208 2444 2263 2498; x_wconf 91' lang='lat' dir='ltr'><strong>in</strong></span> <span class='ocrx_word' id='word_1_437' title='bbox 2292 2449 2565 2498; x_wconf 89' lang='lat' dir='ltr'><strong>certamen</strong></span> <span class='ocrx_word' id='word_1_438' title='bbox 2611 2441 2897 2495; x_wconf 90' lang='lat' dir='ltr'><strong>intrudunt</strong></span> <span class='ocrx_word' id='word_1_439' title='bbox 2932 2458 2947 2506; x_wconf 90' lang='lat'><strong>;</strong></span> <span class='ocrx_word' id='word_1_440' title='bbox 2997 2438 3328 2510; x_wconf 90' lang='lat' dir='ltr'><strong>parturiens,</strong></span> <span class='ocrx_word' id='word_1_441' title='bbox 3357 2448 3410 2493; x_wconf 89' lang='lat' dir='ltr'><strong>et</strong></span> 
     </span>
    </p>
   </div>
   <div class='ocr_carea' id='block_1_57' title="bbox 1854 2530 3409 2604">
    <p class='ocr_par' dir='ltr' id='par_1_57' title="bbox 1854 2530 3409 2604">
     <span class='ocr_line' id='line_1_57' title="bbox 1854 2530 3409 2604; baseline -0.005 -13"><span class='ocrx_word' id='word_1_442' title='bbox 1854 2534 2071 2592; x_wconf 87' lang='lat' dir='ltr'><strong>trahere</strong></span> <span class='ocrx_word' id='word_1_443' title='bbox 2099 2533 2374 2599; x_wconf 71' lang='lat' dir='ltr'><strong>differens,</strong></span> <span class='ocrx_word' id='word_1_444' title='bbox 2406 2549 2504 2604; x_wconf 90' lang='lat' dir='ltr'><strong>pro</strong></span> <span class='ocrx_word' id='word_1_445' title='bbox 2536 2548 2600 2589; x_wconf 90' lang='lat' dir='ltr'><strong>eo</strong></span> <span class='ocrx_word' id='word_1_446' title='bbox 2631 2533 2773 2603; x_wconf 91' lang='lat' dir='ltr'><strong>quod</strong></span> <span class='ocrx_word' id='word_1_447' title='bbox 2804 2532 3047 2587; x_wconf 86' lang='lat' dir='ltr'><strong>nondum</strong></span> <span class='ocrx_word' id='word_1_448' title='bbox 3080 2533 3134 2585; x_wconf 93' lang='lat' dir='ltr'><strong>in</strong></span> <span class='ocrx_word' id='word_1_449' title='bbox 3166 2530 3409 2600; x_wconf 86' lang='lat' dir='ltr'><strong>apertum</strong></span> 
     </span>
    </p>
   </div>
   <div class='ocr_carea' id='block_1_58' title="bbox 1852 2619 3412 2698">
    <p class='ocr_par' dir='ltr' id='par_1_58' title="bbox 1852 2619 3412 2698">
     <span class='ocr_line' id='line_1_58' title="bbox 1852 2619 3412 2698; baseline -0.007 -15"><span class='ocrx_word' id='word_1_450' title='bbox 1852 2627 2052 2698; x_wconf 87' lang='lat' dir='ltr'><strong>erupit,</strong></span> <span class='ocrx_word' id='word_1_451' title='bbox 2098 2625 2194 2682; x_wconf 89' lang='lat' dir='ltr'><strong>sed</strong></span> <span class='ocrx_word' id='word_1_452' title='bbox 2226 2625 2518 2680; x_wconf 88' lang='lat' dir='ltr'><strong>meditatur</strong></span> <span class='ocrx_word' id='word_1_453' title='bbox 2549 2621 2827 2688; x_wconf 82' lang='lat' dir='ltr'><strong>et&#39;diliert,</strong></span> <span class='ocrx_word' id='word_1_454' title='bbox 2862 2638 2957 2677; x_wconf 91' lang='lat' dir='ltr'><strong>seu</strong></span> <span class='ocrx_word' id='word_1_455' title='bbox 3005 2628 3294 2675; x_wconf 87' lang='lat' dir='ltr'><strong>cunctatur</strong></span> <span class='ocrx_word' id='word_1_456' title='bbox 3315 2619 3412 2673; x_wconf 86' lang='lat' dir='ltr'><strong>de-</strong></span> 
     </span>
    </p>
   </div>
   <div class='ocr_carea' id='block_1_59' title="bbox 1853 2712 3409 2788">
    <p class='ocr_par' dir='ltr' id='par_1_59' title="bbox 1853 2712 3409 2788">
     <span class='ocr_line' id='line_1_59' title="bbox 1853 2712 3409 2788; baseline -0.006 -13"><span class='ocrx_word' id='word_1_457' title='bbox 1853 2729 2123 2775; x_wconf 89' lang='lat' dir='ltr'><strong>certantes</strong></span> <span class='ocrx_word' id='word_1_458' title='bbox 2149 2718 2386 2781; x_wconf 88' lang='lat' dir='ltr'><strong>trahere,</strong></span> <span class='ocrx_word' id='word_1_459' title='bbox 2406 2715 2729 2788; x_wconf 86' lang='lat' dir='ltr'><strong>quisibimet</strong></span> <span class='ocrx_word' id='word_1_460' title='bbox 2758 2714 3113 2769; x_wconf 89' lang='lat' dir='ltr'><strong>tentationem</strong></span> <span class='ocrx_word' id='word_1_461' title='bbox 3141 2712 3409 2775; x_wconf 86' lang='lat' dir='ltr'><strong>alliciunt,</strong></span> 
     </span>
    </p>
   </div>
   <div class='ocr_carea' id='block_1_60' title="bbox 1854 2805 3404 2881">
    <p class='ocr_par' dir='ltr' id='par_1_60' title="bbox 1854 2805 3404 2881">
     <span class='ocr_line' id='line_1_60' title="bbox 1854 2805 3404 2881; baseline -0.006 -14"><span class='ocrx_word' id='word_1_462' title='bbox 1854 2811 1969 2868; x_wconf 85' lang='lat' dir='ltr'><strong>sive</strong></span> <span class='ocrx_word' id='word_1_463' title='bbox 2001 2812 2055 2867; x_wconf 90' lang='lat' dir='ltr'><strong>in</strong></span> <span class='ocrx_word' id='word_1_464' title='bbox 2082 2828 2141 2867; x_wconf 91' lang='lat' dir='ltr'><strong>se</strong></span> <span class='ocrx_word' id='word_1_465' title='bbox 2177 2811 2324 2881; x_wconf 90' lang='lat' dir='ltr'><strong>ipsos</strong></span> <span class='ocrx_word' id='word_1_466' title='bbox 2376 2810 2730 2865; x_wconf 90' lang='lat' dir='ltr'><strong>tentationem</strong></span> <span class='ocrx_word' id='word_1_467' title='bbox 2779 2807 3021 2861; x_wconf 85' lang='lat' dir='ltr'><strong>trahunt.</strong></span> <span class='ocrx_word' id='word_1_468' title='bbox 3053 2805 3284 2860; x_wconf 77' lang='lat' dir='ltr'><strong>Maxime</strong></span> <span class='ocrx_word' id='word_1_469' title='bbox 3314 2819 3404 2859; x_wconf 85' lang='lat' dir='ltr'><strong>au-</strong></span> 
     </span>
    </p>
   </div>
   <div class='ocr_carea' id='block_1_61' title="bbox 1853 2895 3413 2970">
    <p class='ocr_par' dir='ltr' id='par_1_61' title="bbox 1853 2895 3413 2970">
     <span class='ocr_line' id='line_1_61' title="bbox 1853 2895 3413 2970; baseline -0.004 -14"><span class='ocrx_word' id='word_1_470' title='bbox 1853 2911 1981 2966; x_wconf 94' lang='lat' dir='ltr'><strong>tem,</strong></span> <span class='ocrx_word' id='word_1_471' title='bbox 2012 2910 2064 2956; x_wconf 91' lang='lat' dir='ltr'><strong>et</strong></span> <span class='ocrx_word' id='word_1_472' title='bbox 2088 2901 2209 2956; x_wconf 89' lang='lat' dir='ltr'><strong>aliis</strong></span> <span class='ocrx_word' id='word_1_473' title='bbox 2236 2899 2482 2955; x_wconf 82' lang='lat' dir='ltr'><strong>fidelibus</strong></span> <span class='ocrx_word' id='word_1_474' title='bbox 2527 2903 2872 2970; x_wconf 88' lang='lat' dir='ltr'><strong>peccatorum</strong></span> <span class='ocrx_word' id='word_1_475' title='bbox 2903 2895 3167 2951; x_wconf 89' lang='lat' dir='ltr'><strong>carbones</strong></span> <span class='ocrx_word' id='word_1_476' title='bbox 3220 2909 3413 2950; x_wconf 81' lang='lat' dir='ltr'><strong>accen—</strong></span> 
     </span>
    </p>
   </div>
   <div class='ocr_carea' id='block_1_62' title="bbox 1853 2985 3409 3065">
    <p class='ocr_par' dir='ltr' id='par_1_62' title="bbox 1853 2985 3409 3065">
     <span class='ocr_line' id='line_1_62' title="bbox 1853 2985 3409 3065; baseline -0.005 -16"><span class='ocrx_word' id='word_1_477' title='bbox 1853 2993 2010 3057; x_wconf 86' lang='lat' dir='ltr'><strong>dunt,</strong></span> <span class='ocrx_word' id='word_1_478' title='bbox 2043 3008 2073 3048; x_wconf 90' lang='lat' dir='ltr'><strong>a</strong></span> <span class='ocrx_word' id='word_1_479' title='bbox 2103 2993 2344 3065; x_wconf 84' lang='lat' dir='ltr'><strong>tyrannis</strong></span> <span class='ocrx_word' id='word_1_480' title='bbox 2397 2991 2605 3046; x_wconf 89' lang='lat' dir='ltr'><strong>scilicet</strong></span> <span class='ocrx_word' id='word_1_481' title='bbox 2654 2989 2984 3059; x_wconf 88' lang='lat' dir='ltr'><strong>punitiones.</strong></span> <span class='ocrx_word' id='word_1_482' title='bbox 3031 2985 3138 3042; x_wconf 87' lang='lat' dir='ltr'><strong>Sed</strong></span> <span class='ocrx_word' id='word_1_483' title='bbox 3178 2986 3281 3043; x_wconf 86' lang='lat' dir='ltr'><strong>etsi</strong></span> <span class='ocrx_word' id='word_1_484' title='bbox 3314 3001 3409 3043; x_wconf 89' lang='lat' dir='ltr'><strong>eos</strong></span> 
     </span>
    </p>
   </div>
   <div class='ocr_carea' id='block_1_63' title="bbox 1853 3077 3410 3155">
    <p class='ocr_par' dir='ltr' id='par_1_63' title="bbox 1853 3077 3410 3155">
     <span class='ocr_line' id='line_1_63' title="bbox 1853 3077 3410 3155; baseline -0.006 -15"><span class='ocrx_word' id='word_1_485' title='bbox 1853 3085 2055 3155; x_wconf 86' lang='lat' dir='ltr'><strong>quisic</strong></span> <span class='ocrx_word' id='word_1_486' title='bbox 2082 3082 2309 3148; x_wconf 90' lang='lat' dir='ltr'><strong>faciunt,</strong></span> <span class='ocrx_word' id='word_1_487' title='bbox 2361 3082 2751 3152; x_wconf 83' lang='lat' dir='ltr'><strong>reprehendit;</strong></span> <span class='ocrx_word' id='word_1_488' title='bbox 2787 3079 2943 3149; x_wconf 88' lang='lat' dir='ltr'><strong>jubet</strong></span> <span class='ocrx_word' id='word_1_489' title='bbox 2994 3084 3174 3133; x_wconf 89' lang='lat' dir='ltr'><strong>tamen</strong></span> <span class='ocrx_word' id='word_1_490' title='bbox 3225 3077 3410 3132; x_wconf 84' lang='lat' dir='ltr'><strong>fideles</strong></span> 
     </span>
    </p>
   </div>
   <div class='ocr_carea' id='block_1_64' title="bbox 1852 3166 3406 3240">
    <p class='ocr_par' dir='ltr' id='par_1_64' title="bbox 1852 3166 3406 3240">
     <span class='ocr_line' id='line_1_64' title="bbox 1852 3166 3406 3240; baseline -0.006 -9"><span class='ocrx_word' id='word_1_491' title='bbox 1852 3177 1934 3232; x_wconf 90' lang='lat' dir='ltr'><strong>eis</strong></span> <span class='ocrx_word' id='word_1_492' title='bbox 1967 3176 2135 3230; x_wconf 91' lang='lat' dir='ltr'><strong>nihilo</strong></span> <span class='ocrx_word' id='word_1_493' title='bbox 2163 3174 2341 3229; x_wconf 87' lang='lat' dir='ltr'><strong>secius</strong></span> <span class='ocrx_word' id='word_1_494' title='bbox 2379 3171 2812 3235; x_wconf 86' lang='lat' dir='ltr'><strong>communicare,</strong></span> <span class='ocrx_word' id='word_1_495' title='bbox 2843 3170 2969 3239; x_wconf 89' lang='lat' dir='ltr'><strong>quia</strong></span> <span class='ocrx_word' id='word_1_496' title='bbox 3003 3178 3225 3240; x_wconf 88' lang='lat' dir='ltr'><strong>propter</strong></span> <span class='ocrx_word' id='word_1_497' title='bbox 3244 3166 3406 3233; x_wconf 83' lang='lat' dir='ltr'><strong>Chri-</strong></span> 
     </span>
    </p>
   </div>
   <div class='ocr_carea' id='block_1_65' title="bbox 1856 3259 3407 3330">
    <p class='ocr_par' dir='ltr' id='par_1_65' title="bbox 1856 3259 3407 3330">
     <span class='ocr_line' id='line_1_65' title="bbox 1856 3259 3407 3330; baseline -0.006 -9"><span class='ocrx_word' id='word_1_498' title='bbox 1856 3273 2000 3322; x_wconf 88' lang='lat' dir='ltr'><strong>stum</strong></span> <span class='ocrx_word' id='word_1_499' title='bbox 2024 3273 2297 3321; x_wconf 86' lang='lat' dir='ltr'><strong>certamen</strong></span> <span class='ocrx_word' id='word_1_500' title='bbox 2318 3263 2622 3324; x_wconf 90' lang='lat' dir='ltr'><strong>subierunt,</strong></span> <span class='ocrx_word' id='word_1_501' title='bbox 2651 3260 2900 3330; x_wconf 88' lang='lat' dir='ltr'><strong>quamvis</strong></span> <span class='ocrx_word' id='word_1_502' title='bbox 2933 3260 3079 3313; x_wconf 92' lang='lat' dir='ltr'><strong>illius</strong></span> <span class='ocrx_word' id='word_1_503' title='bbox 3102 3259 3407 3314; x_wconf 79' lang='lat' dir='ltr'><strong>doctrinam</strong></span> 
     </span>
    </p>
   </div>
   <div class='ocr_carea' id='block_1_66' title="bbox 186 3352 1753 3441">
    <p class='ocr_par' dir='ltr' id='par_1_66' title="bbox 186 3368 1753 3441">
     <span class='ocr_line' id='line_1_66' title="bbox 186 3368 1753 3441; baseline -0.003 -16"><span class='ocrx_word' id='word_1_504' title='bbox 186 3370 350 3441; x_wconf 77' lang='grc' dir='ltr'>ἦλθον</span> <span class='ocrx_word' id='word_1_505' title='bbox 395 3371 487 3424; x_wconf 68' lang='grc' dir='ltr'><strong>τὸν</strong></span> <span class='ocrx_word' id='word_1_506' title='bbox 520 3368 707 3439; x_wconf 89' lang='grc' dir='ltr'>ἀγῶνα</span> <span class='ocrx_word' id='word_1_507' title='bbox 725 3408 739 3433; x_wconf 92' lang='grc'><strong>,</strong></span> <span class='ocrx_word' id='word_1_508' title='bbox 791 3368 893 3423; x_wconf 85' lang='grc' dir='ltr'>κᾶν</span> <span class='ocrx_word' id='word_1_509' title='bbox 939 3368 1209 3441; x_wconf 78' lang='grc' dir='ltr'>ἠγνόησαν</span> <span class='ocrx_word' id='word_1_510' title='bbox 1245 3368 1343 3441; x_wconf 83' lang='grc' dir='ltr'>τὴν</span> <span class='ocrx_word' id='word_1_511' title='bbox 1370 3369 1576 3422; x_wconf 81' lang='grc' dir='ltr'>ἐκείνου</span> <span class='ocrx_word' id='word_1_512' title='bbox 1613 3368 1753 3421; x_wconf 89' lang='grc' dir='ltr'>διδα-</span> 
     </span>
    </p>
   </div>
   <div class='ocr_carea' id='block_1_67' title="bbox 1860 3352 3409 3441">
    <p class='ocr_par' dir='ltr' id='par_1_67' title="bbox 1860 3352 3409 3429">
     <span class='ocr_line' id='line_1_67' title="bbox 1860 3352 3409 3429; baseline -0.005 -15"><span class='ocrx_word' id='word_1_513' title='bbox 1860 3360 2172 3429; x_wconf 69' lang='lat' dir='ltr'><strong>ignorarunt</strong></span> <span class='ocrx_word' id='word_1_514' title='bbox 2204 3372 2216 3410; x_wconf 90' lang='lat'>:</span> <span class='ocrx_word' id='word_1_515' title='bbox 2251 3354 2343 3425; x_wconf 91' lang='lat' dir='ltr'><strong>qui</strong></span> <span class='ocrx_word' id='word_1_516' title='bbox 2377 3352 2533 3409; x_wconf 89' lang='lat' dir='ltr'><strong>docet</strong></span> <span class='ocrx_word' id='word_1_517' title='bbox 2563 3361 2741 3422; x_wconf 90' lang='lat' dir='ltr'><strong>petere</strong></span> <span class='ocrx_word' id='word_1_518' title='bbox 2771 3368 2840 3408; x_wconf 91' lang='lat' dir='ltr'><strong>ne</strong></span> <span class='ocrx_word' id='word_1_519' title='bbox 2863 3359 3156 3417; x_wconf 87' lang='lat' dir='ltr'><strong>tentemur,</strong></span> <span class='ocrx_word' id='word_1_520' title='bbox 3178 3359 3235 3408; x_wconf 86' lang='lat' dir='ltr'><strong>et</strong></span> <span class='ocrx_word' id='word_1_521' title='bbox 3263 3353 3409 3423; x_wconf 85' lang='lat' dir='ltr'><strong>quod</strong></span> 
     </span>
    </p>
   </div>
   <div class='ocr_carea' id='block_1_68' title="bbox 187 3459 1751 3532">
    <p class='ocr_par' dir='ltr' id='par_1_68' title="bbox 187 3459 1751 3532">
     <span class='ocr_line' id='line_1_68' title="bbox 187 3459 1751 3532; baseline -0.002 -16"><span class='ocrx_word' id='word_1_522' title='bbox 187 3463 441 3525; x_wconf 77' lang='grc' dir='ltr'>σκαλεαν,</span> <span class='ocrx_word' id='word_1_523' title='bbox 471 3460 812 3524; x_wconf 84' lang='grc' dir='ltr'>διδάσκοντος</span> <span class='ocrx_word' id='word_1_524' title='bbox 840 3461 1009 3514; x_wconf 77' lang='grc' dir='ltr'>αἰτεῖν</span> <span class='ocrx_word' id='word_1_525' title='bbox 1039 3459 1113 3532; x_wconf 76' lang='grc' dir='ltr'>μὴ</span> <span class='ocrx_word' id='word_1_526' title='bbox 1142 3459 1521 3532; x_wconf 81' lang='grc' dir='ltr'>πειρασθῆναι,</span> <span class='ocrx_word' id='word_1_527' title='bbox 1552 3460 1644 3515; x_wconf 78' lang='grc' dir='ltr'>καὶ</span> <span class='ocrx_word' id='word_1_528' title='bbox 1670 3461 1751 3513; x_wconf 83' lang='grc' dir='ltr'>ὅτι</span> 
     </span>
    </p>
   </div>
   <div class='ocr_carea' id='block_1_69' title="bbox 183 3549 1751 3624">
    <p class='ocr_par' dir='ltr' id='par_1_69' title="bbox 183 3549 1751 3624">
     <span class='ocr_line' id='line_1_69' title="bbox 183 3549 1751 3624; baseline -0.005 -13"><span class='ocrx_word' id='word_1_529' title='bbox 183 3554 289 3611; x_wconf 78' lang='grc' dir='ltr'>οὐδὲ</span> <span class='ocrx_word' id='word_1_530' title='bbox 355 3552 551 3608; x_wconf 73' lang='grc' dir='ltr'>ἑαυτὸν</span> <span class='ocrx_word' id='word_1_531' title='bbox 602 3549 912 3623; x_wconf 84' lang='grc' dir='ltr'>παρέδωκεν</span> <span class='ocrx_word' id='word_1_532' title='bbox 934 3592 950 3617; x_wconf 92' lang='grc'><strong>,</strong></span> <span class='ocrx_word' id='word_1_533' title='bbox 999 3550 1134 3605; x_wconf 88' lang='grc' dir='ltr'><strong>ἀλλά</strong></span> <span class='ocrx_word' id='word_1_534' title='bbox 1179 3551 1445 3624; x_wconf 85' lang='grc' dir='ltr'>παρεδόθη</span> <span class='ocrx_word' id='word_1_535' title='bbox 1464 3569 1479 3581; x_wconf 83' lang='grc'><strong>·</strong></span> <span class='ocrx_word' id='word_1_536' title='bbox 1526 3551 1624 3605; x_wconf 72' lang='grc' dir='ltr'>καὶ</span> <span class='ocrx_word' id='word_1_537' title='bbox 1677 3549 1751 3622; x_wconf 85' lang='grc' dir='ltr'>μὴ</span> 
     </span>
    </p>
   </div>
   <div class='ocr_carea' id='block_1_70' title="bbox 180 3641 1750 3718">
    <p class='ocr_par' dir='ltr' id='par_1_70' title="bbox 180 3641 1750 3718">
     <span class='ocr_line' id='line_1_70' title="bbox 180 3641 1750 3718; baseline -0.005 -18"><span class='ocrx_word' id='word_1_538' title='bbox 180 3644 508 3718; x_wconf 75' lang='grc' dir='ltr'>αὐτομολεῖν</span> <span class='ocrx_word' id='word_1_539' title='bbox 536 3643 670 3715; x_wconf 81' lang='grc' dir='ltr'>πρὸς</span> <span class='ocrx_word' id='word_1_540' title='bbox 695 3644 821 3706; x_wconf 85' lang='grc' dir='ltr'>τοὺς</span> <span class='ocrx_word' id='word_1_541' title='bbox 859 3641 1141 3706; x_wconf 81' lang='grc' dir='ltr'>κολαστὰς,</span> <span class='ocrx_word' id='word_1_542' title='bbox 1171 3641 1256 3695; x_wconf 80' lang='grc' dir='ltr'><strong>ἴνα</strong></span> <span class='ocrx_word' id='word_1_543' title='bbox 1286 3642 1359 3713; x_wconf 79' lang='grc' dir='ltr'>μὴ</span> <span class='ocrx_word' id='word_1_544' title='bbox 1387 3641 1546 3695; x_wconf 82' lang='grc' dir='ltr'>αἴτιοι</span> <span class='ocrx_word' id='word_1_545' title='bbox 1570 3642 1750 3704; x_wconf 80' lang='grc' dir='ltr'>αὐτοῖς</span> 
     </span>
    </p>
   </div>
   <div class='ocr_carea' id='block_1_71' title="bbox 178 3731 1751 3810">
    <p class='ocr_par' dir='ltr' id='par_1_71' title="bbox 178 3731 1751 3810">
     <span class='ocr_line' id='line_1_71' title="bbox 178 3731 1751 3810; baseline -0.005 -18"><span class='ocrx_word' id='word_1_546' title='bbox 178 3738 418 3807; x_wconf 66' lang='grc' dir='ltr'>γίνοιντο</span> <span class='ocrx_word' id='word_1_547' title='bbox 449 3734 709 3810; x_wconf 85' lang='grc' dir='ltr'>πλειόνων</span> <span class='ocrx_word' id='word_1_548' title='bbox 746 3733 920 3804; x_wconf 79' lang='grc' dir='ltr'>φόνων</span> <span class='ocrx_word' id='word_1_549' title='bbox 943 3774 958 3797; x_wconf 96' lang='grc'><strong>,</strong></span> <span class='ocrx_word' id='word_1_550' title='bbox 992 3731 1179 3805; x_wconf 82' lang='grc' dir='ltr'>ὥσπερ</span> <span class='ocrx_word' id='word_1_551' title='bbox 1216 3731 1621 3804; x_wconf 83' lang='grc' dir='ltr'>παραθήγοντες</span> <span class='ocrx_word' id='word_1_552' title='bbox 1652 3732 1751 3785; x_wconf 83' lang='grc' dir='ltr'><strong>αὑ·-</strong></span> 
     </span>
    </p>
   </div>
   <div class='ocr_carea' id='block_1_72' title="bbox 177 3824 1751 3898">
    <p class='ocr_par' dir='ltr' id='par_1_72' title="bbox 177 3824 1751 3898">
     <span class='ocr_line' id='line_1_72' title="bbox 177 3824 1751 3898; baseline -0.006 -11"><span class='ocrx_word' id='word_1_553' title='bbox 177 3834 293 3897; x_wconf 69' lang='grc' dir='ltr'>τοῦς</span> <span class='ocrx_word' id='word_1_554' title='bbox 316 3835 411 3897; x_wconf 80' lang='grc' dir='ltr'><strong>είς</strong></span> <span class='ocrx_word' id='word_1_555' title='bbox 442 3830 547 3894; x_wconf 79' lang='grc' dir='ltr'>τὰς</span> <span class='ocrx_word' id='word_1_556' title='bbox 592 3828 733 3884; x_wconf 87' lang='grc' dir='ltr'><strong>κατά</strong></span> <span class='ocrx_word' id='word_1_557' title='bbox 768 3827 877 3882; x_wconf 89' lang='grc' dir='ltr'><strong>τῶν</strong></span> <span class='ocrx_word' id='word_1_558' title='bbox 918 3826 1155 3881; x_wconf 79' lang='grc' dir='ltr'>εὐσεϐῶν</span> <span class='ocrx_word' id='word_1_559' title='bbox 1192 3827 1476 3898; x_wconf 80' lang='grc' dir='ltr'>τιμωρίας.</span> <span class='ocrx_word' id='word_1_560' title='bbox 1529 3824 1751 3894; x_wconf 85' lang='grc' dir='ltr'>Ἐπάγει</span> 
     </span>
    </p>
   </div>
   <div class='ocr_carea' id='block_1_73' title="bbox 178 3915 1643 3994">
    <p class='ocr_par' dir='ltr' id='par_1_73' title="bbox 178 3915 1643 3994">
     <span class='ocr_line' id='line_1_73' title="bbox 178 3915 1643 3994; baseline -0.007 -14"><span class='ocrx_word' id='word_1_561' title='bbox 178 3924 230 3978; x_wconf 74' lang='grc' dir='ltr'>δὲ</span> <span class='ocrx_word' id='word_1_562' title='bbox 259 3927 357 3979; x_wconf 74' lang='grc' dir='ltr'>καὶ</span> <span class='ocrx_word' id='word_1_563' title='bbox 391 3924 635 3994; x_wconf 82' lang='grc' dir='ltr'>διάφορα</span> <span class='ocrx_word' id='word_1_564' title='bbox 664 3919 1078 3993; x_wconf 83' lang='grc' dir='ltr'>παραδείγματα</span> <span class='ocrx_word' id='word_1_565' title='bbox 1108 3918 1358 3991; x_wconf 80' lang='grc' dir='ltr'>Γραφικὰ</span> <span class='ocrx_word' id='word_1_566' title='bbox 1385 3920 1413 3972; x_wconf 86' lang='grc' dir='ltr'>ὁ</span> <span class='ocrx_word' id='word_1_567' title='bbox 1441 3915 1643 3970; x_wconf 90' lang='grc' dir='ltr'>κανών.</span> 
     </span>
    </p>
   </div>
   <div class='ocr_carea' id='block_1_74' title="bbox 244 4009 1753 4087">
    <p class='ocr_par' dir='ltr' id='par_1_74' title="bbox 244 4009 1753 4087">
     <span class='ocr_line' id='line_1_74' title="bbox 244 4009 1753 4087; baseline -0.008 -14"><span class='ocrx_word' id='word_1_568' title='bbox 244 4017 505 4072; x_wconf 77' lang='grc' dir='ltr'><strong>ΖΩΝΑΡ.</strong></span> <span class='ocrx_word' id='word_1_569' title='bbox 554 4016 618 4071; x_wconf 79' lang='grc' dir='ltr'><strong>Οἱ</strong></span> <span class='ocrx_word' id='word_1_570' title='bbox 664 4013 787 4087; x_wconf 78' lang='grc' dir='ltr'>ἄρτι</span> <span class='ocrx_word' id='word_1_571' title='bbox 832 4012 927 4068; x_wconf 89' lang='grc' dir='ltr'><strong>τοῦ</strong></span> <span class='ocrx_word' id='word_1_572' title='bbox 969 4012 1134 4067; x_wconf 75' lang='grc' dir='ltr'>ὕπνου</span> <span class='ocrx_word' id='word_1_573' title='bbox 1182 4010 1617 4080; x_wconf 84' lang='grc' dir='ltr'>ἐξανιστάμενοι,</span> <span class='ocrx_word' id='word_1_574' title='bbox 1660 4009 1753 4062; x_wconf 67' lang='grc' dir='ltr'><strong>κα)⁵</strong></span> 
     </span>
    </p>
   </div>
   <div class='ocr_carea' id='block_1_75' title="bbox 182 4098 1752 4178">
    <p class='ocr_par' dir='ltr' id='par_1_75' title="bbox 182 4098 1752 4178">
     <span class='ocr_line' id='line_1_75' title="bbox 182 4098 1752 4178; baseline -0.008 -14"><span class='ocrx_word' id='word_1_575' title='bbox 182 4109 377 4178; x_wconf 76' lang='grc' dir='ltr'>μᾶλλον</span> <span class='ocrx_word' id='word_1_576' title='bbox 432 4110 489 4161; x_wconf 81' lang='grc' dir='ltr'><strong>εί</strong></span> <span class='ocrx_word' id='word_1_577' title='bbox 525 4106 801 4176; x_wconf 87' lang='grc' dir='ltr'>ώμόῦπνοι</span> <span class='ocrx_word' id='word_1_578' title='bbox 847 4099 984 4168; x_wconf 78' lang='grc' dir='ltr'>εἶεν,</span> <span class='ocrx_word' id='word_1_579' title='bbox 1030 4102 1090 4156; x_wconf 82' lang='grc' dir='ltr'>οὐ</span> <span class='ocrx_word' id='word_1_580' title='bbox 1124 4101 1494 4171; x_wconf 83' lang='grc' dir='ltr'>καθεστηκότα</span> <span class='ocrx_word' id='word_1_581' title='bbox 1530 4098 1619 4153; x_wconf 83' lang='grc' dir='ltr'>τὸν</span> <span class='ocrx_word' id='word_1_582' title='bbox 1663 4099 1752 4152; x_wconf 88' lang='grc' dir='ltr'>λο-</span> 
     </span>
    </p>
   </div>
   <div class='ocr_carea' id='block_1_76' title="bbox 178 4191 1751 4271">
    <p class='ocr_par' dir='ltr' id='par_1_76' title="bbox 178 4191 1751 4271">
     <span class='ocr_line' id='line_1_76' title="bbox 178 4191 1751 4271; baseline -0.006 -18"><span class='ocrx_word' id='word_1_583' title='bbox 178 4200 373 4271; x_wconf 76' lang='grc' dir='ltr'>γισμὸν</span> <span class='ocrx_word' id='word_1_584' title='bbox 414 4197 654 4267; x_wconf 73' lang='grc' dir='ltr'>ἔχουσιν,</span> <span class='ocrx_word' id='word_1_585' title='bbox 686 4195 820 4249; x_wconf 78' lang='grc' dir='ltr'>ἀλλὰ</span> <span class='ocrx_word' id='word_1_586' title='bbox 858 4191 1279 4266; x_wconf 80' lang='grc' dir='ltr'>τεταραγμένον,</span> <span class='ocrx_word' id='word_1_587' title='bbox 1311 4192 1404 4245; x_wconf 75' lang='grc' dir='ltr'>καὶ</span> <span class='ocrx_word' id='word_1_588' title='bbox 1445 4191 1751 4245; x_wconf 87' lang='grc' dir='ltr'>ἀκατάστα-</span> 
     </span>
    </p>
   </div>
   <div class='ocr_carea' id='block_1_77' title="bbox 179 4278 1752 4358">
    <p class='ocr_par' dir='ltr' id='par_1_77' title="bbox 179 4278 1752 4358">
     <span class='ocr_line' id='line_1_77' title="bbox 179 4278 1752 4358; baseline -0.007 -12"><span class='ocrx_word' id='word_1_589' title='bbox 179 4308 283 4347; x_wconf 78' lang='grc' dir='ltr'>τον.</span> <span class='ocrx_word' id='word_1_590' title='bbox 315 4289 612 4352; x_wconf 86' lang='grc' dir='ltr'>Τοιούτοις</span> <span class='ocrx_word' id='word_1_591' title='bbox 653 4287 980 4358; x_wconf 84' lang='grc' dir='ltr'>παρείκασεν</span> <span class='ocrx_word' id='word_1_592' title='bbox 1007 4287 1036 4339; x_wconf 88' lang='grc' dir='ltr'><strong>ό</strong></span> <span class='ocrx_word' id='word_1_593' title='bbox 1074 4285 1396 4357; x_wconf 84' lang='grc' dir='ltr'>ἱερομάρτυς</span> <span class='ocrx_word' id='word_1_594' title='bbox 1434 4278 1585 4348; x_wconf 74' lang='grc' dir='ltr'>οὗτος</span> <span class='ocrx_word' id='word_1_595' title='bbox 1627 4283 1752 4347; x_wconf 74' lang='grc' dir='ltr'>τοὺς</span> 
     </span>
    </p>
   </div>
   <div class='ocr_carea' id='block_1_78' title="bbox 180 4362 1751 4456">
    <p class='ocr_par' dir='ltr' id='par_1_78' title="bbox 180 4362 1751 4456">
     <span class='ocr_line' id='line_1_78' title="bbox 180 4362 1751 4456; baseline -0.007 -18"><span class='ocrx_word' id='word_1_596' title='bbox 180 4380 629 4456; x_wconf 70' lang='grc' dir='ltr'>παραπηδῶντας</span> <span class='ocrx_word' id='word_1_597' title='bbox 671 4382 749 4443; x_wconf 83' lang='grc' dir='ltr'><strong>είς</strong></span> <span class='ocrx_word' id='word_1_598' title='bbox 776 4378 902 4441; x_wconf 80' lang='grc' dir='ltr'>τοὺς</span> <span class='ocrx_word' id='word_1_599' title='bbox 933 4376 1167 4446; x_wconf 86' lang='grc' dir='ltr'>ἀγῶνας,</span> <span class='ocrx_word' id='word_1_600' title='bbox 1197 4377 1362 4447; x_wconf 72' lang='grc' dir='ltr'>ἤγουν</span> <span class='ocrx_word' id='word_1_601' title='bbox 1384 4376 1512 4439; x_wconf 78' lang='grc' dir='ltr'>τοὺς</span> <span class='ocrx_word' id='word_1_602' title='bbox 1660 4375 1751 4428; x_wconf 88' lang='grc' dir='ltr'><strong>εὑ-</strong></span> 
     </span>
    </p>
   </div>
   <div class='ocr_carea' id='block_1_79' title="bbox 179 4468 1752 4545">
    <p class='ocr_par' dir='ltr' id='par_1_79' title="bbox 179 4468 1752 4545">
     <span class='ocr_line' id='line_1_79' title="bbox 179 4468 1752 4545; baseline -0.005 -16"><span class='ocrx_word' id='word_1_603' title='bbox 179 4477 392 4541; x_wconf 86' lang='grc' dir='ltr'>τάκτως</span> <span class='ocrx_word' id='word_1_604' title='bbox 428 4474 566 4529; x_wconf 87' lang='grc' dir='ltr'><strong>ἀλλά</strong></span> <span class='ocrx_word' id='word_1_605' title='bbox 591 4471 833 4545; x_wconf 84' lang='grc' dir='ltr'>θρασέως</span> <span class='ocrx_word' id='word_1_606' title='bbox 852 4473 945 4526; x_wconf 81' lang='grc' dir='ltr'>καὶ</span> <span class='ocrx_word' id='word_1_607' title='bbox 966 4470 1379 4543; x_wconf 84' lang='grc' dir='ltr'>ἀπερισκέπτως</span> <span class='ocrx_word' id='word_1_608' title='bbox 1395 4468 1752 4531; x_wconf 79' lang='grc' dir='ltr'>είσωθοῦντας</span> 
     </span>
    </p>
   </div>
   <div class='ocr_carea' id='block_1_80' title="bbox 180 4557 1753 4634">
    <p class='ocr_par' dir='ltr' id='par_1_80' title="bbox 180 4557 1753 4634">
     <span class='ocr_line' id='line_1_80' title="bbox 180 4557 1753 4634; baseline -0.008 -11"><span class='ocrx_word' id='word_1_609' title='bbox 180 4570 410 4634; x_wconf 60' lang='grc' dir='ltr'>ἑαυτοὺς</span> <span class='ocrx_word' id='word_1_610' title='bbox 445 4568 524 4630; x_wconf 84' lang='grc' dir='ltr'><strong>είς</strong></span> <span class='ocrx_word' id='word_1_611' title='bbox 553 4565 645 4619; x_wconf 80' lang='grc' dir='ltr'>τὸν</span> <span class='ocrx_word' id='word_1_612' title='bbox 663 4563 865 4633; x_wconf 86' lang='grc' dir='ltr'>ἀγῶνα,</span> <span class='ocrx_word' id='word_1_613' title='bbox 899 4562 1151 4617; x_wconf 84' lang='grc' dir='ltr'>ὠδίνοντα</span> <span class='ocrx_word' id='word_1_614' title='bbox 1181 4562 1273 4615; x_wconf 76' lang='grc' dir='ltr'>καὶ</span> <span class='ocrx_word' id='word_1_615' title='bbox 1307 4561 1566 4631; x_wconf 82' lang='grc' dir='ltr'>μέλλοντα</span> <span class='ocrx_word' id='word_1_616' title='bbox 1597 4557 1753 4612; x_wconf 84' lang='grc' dir='ltr'>ἐλκῦ-</span> 
     </span>
    </p>
   </div>
   <div class='ocr_carea' id='block_1_81' title="bbox 185 4648 1749 4727">
    <p class='ocr_par' dir='ltr' id='par_1_81' title="bbox 185 4648 1749 4727">
     <span class='ocr_line' id='line_1_81' title="bbox 185 4648 1749 4727; baseline -0.008 -13"><span class='ocrx_word' id='word_1_617' title='bbox 185 4676 287 4723; x_wconf 84' lang='grc' dir='ltr'>σαι,</span> <span class='ocrx_word' id='word_1_618' title='bbox 328 4659 466 4714; x_wconf 75' lang='grc' dir='ltr'>ἀντὶ</span> <span class='ocrx_word' id='word_1_619' title='bbox 510 4656 606 4710; x_wconf 91' lang='grc' dir='ltr'><strong>τοῦ</strong></span> <span class='ocrx_word' id='word_1_620' title='bbox 656 4657 818 4727; x_wconf 86' lang='grc' dir='ltr'>μήπω</span> <span class='ocrx_word' id='word_1_621' title='bbox 859 4656 939 4718; x_wconf 87' lang='grc' dir='ltr'><strong>είς</strong></span> <span class='ocrx_word' id='word_1_622' title='bbox 987 4652 1215 4726; x_wconf 81' lang='grc' dir='ltr'>φανερὸν</span> <span class='ocrx_word' id='word_1_623' title='bbox 1255 4651 1581 4723; x_wconf 75' lang='grc' dir='ltr'>ἐκραγέντα,</span> <span class='ocrx_word' id='word_1_624' title='bbox 1616 4648 1749 4703; x_wconf 85' lang='grc' dir='ltr'>ἀλλὰ</span> 
     </span>
    </p>
   </div>
   <div class='ocr_carea' id='block_1_82' title="bbox 1851 3444 3410 3518">
    <p class='ocr_par' dir='ltr' id='par_1_82' title="bbox 1851 3444 3410 3518">
     <span class='ocr_line' id='line_1_82' title="bbox 1851 3444 3410 3518; baseline -0.005 -12"><span class='ocrx_word' id='word_1_625' title='bbox 1851 3466 1921 3506; x_wconf 89' lang='lat' dir='ltr'><strong>ne</strong></span> <span class='ocrx_word' id='word_1_626' title='bbox 1946 3465 2004 3505; x_wconf 91' lang='lat' dir='ltr'><strong>se</strong></span> <span class='ocrx_word' id='word_1_627' title='bbox 2035 3450 2209 3518; x_wconf 86' lang='lat' dir='ltr'><strong>ipsum</strong></span> <span class='ocrx_word' id='word_1_628' title='bbox 2243 3446 2459 3518; x_wconf 87' lang='lat' dir='ltr'><strong>quidem</strong></span> <span class='ocrx_word' id='word_1_629' title='bbox 2508 3444 2755 3507; x_wconf 88' lang='lat' dir='ltr'><strong>tradidit,</strong></span> <span class='ocrx_word' id='word_1_630' title='bbox 2787 3444 2882 3499; x_wconf 90' lang='lat' dir='ltr'><strong>sed</strong></span> <span class='ocrx_word' id='word_1_631' title='bbox 2917 3444 3153 3500; x_wconf 86' lang='lat' dir='ltr'><strong>traditus</strong></span> <span class='ocrx_word' id='word_1_632' title='bbox 3197 3451 3320 3511; x_wconf 87' lang='lat' dir='ltr'><strong>est;</strong></span> <span class='ocrx_word' id='word_1_633' title='bbox 3353 3453 3410 3500; x_wconf 86' lang='lat' dir='ltr'><strong>et</strong></span> 
     </span>
    </p>
   </div>
   <div class='ocr_carea' id='block_1_83' title="bbox 1852 3534 3404 3607">
    <p class='ocr_par' dir='ltr' id='par_1_83' title="bbox 1852 3534 3404 3607">
     <span class='ocr_line' id='line_1_83' title="bbox 1852 3534 3404 3607; baseline -0.002 -11"><span class='ocrx_word' id='word_1_634' title='bbox 1852 3557 1961 3596; x_wconf 75' lang='lat' dir='ltr'><strong>non</strong></span> <span class='ocrx_word' id='word_1_635' title='bbox 1990 3555 2110 3595; x_wconf 88' lang='lat' dir='ltr'><strong>esse</strong></span> <span class='ocrx_word' id='word_1_636' title='bbox 2159 3538 2225 3592; x_wconf 85' lang='lat' dir='ltr'><strong>ad</strong></span> <span class='ocrx_word' id='word_1_637' title='bbox 2283 3548 2516 3592; x_wconf 87' lang='lat' dir='ltr'><strong>tortores</strong></span> <span class='ocrx_word' id='word_1_638' title='bbox 2566 3534 3020 3607; x_wconf 75' lang='lat' dir='ltr'><strong>confugiendum,</strong></span> <span class='ocrx_word' id='word_1_639' title='bbox 3054 3551 3123 3591; x_wconf 91' lang='lat' dir='ltr'><strong>ne</strong></span> <span class='ocrx_word' id='word_1_640' title='bbox 3158 3536 3404 3605; x_wconf 88' lang='lat' dir='ltr'><strong>pluribus</strong></span> 
     </span>
    </p>
   </div>
   <div class='ocr_carea' id='block_1_84' title="bbox 1851 3625 3405 3697">
    <p class='ocr_par' dir='ltr' id='par_1_84' title="bbox 1851 3625 3405 3697">
     <span class='ocr_line' id='line_1_84' title="bbox 1851 3625 3405 3697; baseline -0.006 -8"><span class='ocrx_word' id='word_1_641' title='bbox 1851 3649 1910 3689; x_wconf 88' lang='lat' dir='ltr'><strong>se</strong></span> <span class='ocrx_word' id='word_1_642' title='bbox 1960 3630 2197 3687; x_wconf 61' lang='lat' dir='ltr'><strong>caedibus</strong></span> <span class='ocrx_word' id='word_1_643' title='bbox 2244 3626 2653 3683; x_wconf 87' lang='lat' dir='ltr'><strong>contaminandi</strong></span> <span class='ocrx_word' id='word_1_644' title='bbox 2718 3626 2852 3697; x_wconf 91' lang='lat' dir='ltr'><strong>ipsis</strong></span> <span class='ocrx_word' id='word_1_645' title='bbox 2914 3639 3095 3679; x_wconf 63' lang='lat' dir='ltr'><strong>causa</strong></span> <span class='ocrx_word' id='word_1_646' title='bbox 3149 3625 3299 3691; x_wconf 89' lang='lat' dir='ltr'><strong>sint;</strong></span> <span class='ocrx_word' id='word_1_647' title='bbox 3345 3633 3405 3680; x_wconf 91' lang='lat' dir='ltr'><strong>ut</strong></span> 
     </span>
    </p>
   </div>
   <div class='ocr_carea' id='block_1_85' title="bbox 1850 3715 3401 3797">
    <p class='ocr_par' dir='ltr' id='par_1_85' title="bbox 1850 3715 3401 3797">
     <span class='ocr_line' id='line_1_85' title="bbox 1850 3715 3401 3797; baseline -0.008 -17"><span class='ocrx_word' id='word_1_648' title='bbox 1850 3724 1943 3797; x_wconf 70' lang='lat' dir='ltr'><strong>qui</strong></span> <span class='ocrx_word' id='word_1_649' title='bbox 1993 3737 2087 3780; x_wconf 89' lang='lat' dir='ltr'><strong>eos</strong></span> <span class='ocrx_word' id='word_1_650' title='bbox 2138 3720 2363 3777; x_wconf 90' lang='lat' dir='ltr'><strong>incitent</strong></span> <span class='ocrx_word' id='word_1_651' title='bbox 2425 3719 2491 3774; x_wconf 88' lang='lat' dir='ltr'><strong>ad</strong></span> <span class='ocrx_word' id='word_1_652' title='bbox 2550 3717 2813 3775; x_wconf 88' lang='lat' dir='ltr'><strong>sumenda</strong></span> <span class='ocrx_word' id='word_1_653' title='bbox 2859 3715 2925 3772; x_wconf 90' lang='lat' dir='ltr'><strong>de</strong></span> <span class='ocrx_word' id='word_1_654' title='bbox 2961 3716 3066 3786; x_wconf 91' lang='lat' dir='ltr'><strong>piis</strong></span> <span class='ocrx_word' id='word_1_655' title='bbox 3116 3715 3401 3787; x_wconf 79' lang='lat' dir='ltr'><strong>supplicia.</strong></span> 
     </span>
    </p>
   </div>
   <div class='ocr_carea' id='block_1_86' title="bbox 1849 3805 3405 3879">
    <p class='ocr_par' dir='ltr' id='par_1_86' title="bbox 1849 3805 3405 3879">
     <span class='ocr_line' id='line_1_86' title="bbox 1849 3805 3405 3879; baseline -0.004 -10"><span class='ocrx_word' id='word_1_656' title='bbox 1849 3814 2016 3871; x_wconf 83' lang='lat' dir='ltr'><strong>Infert</strong></span> <span class='ocrx_word' id='word_1_657' title='bbox 2046 3822 2223 3870; x_wconf 86' lang='lat' dir='ltr'><strong>autem</strong></span> <span class='ocrx_word' id='word_1_658' title='bbox 2254 3820 2308 3869; x_wconf 91' lang='lat' dir='ltr'><strong>et</strong></span> <span class='ocrx_word' id='word_1_659' title='bbox 2349 3811 2562 3867; x_wconf 87' lang='lat' dir='ltr'><strong>diversa</strong></span> <span class='ocrx_word' id='word_1_660' title='bbox 2591 3823 2762 3867; x_wconf 67' lang='lat' dir='ltr'><strong>sacrae</strong></span> <span class='ocrx_word' id='word_1_661' title='bbox 2814 3806 3111 3877; x_wconf 62' lang='lat' dir='ltr'><strong>Scriptura</strong></span> <span class='ocrx_word' id='word_1_662' title='bbox 3158 3805 3405 3879; x_wconf 76' lang='lat' dir='ltr'><strong>exempla</strong></span> 
     </span>
    </p>
   </div>
   <div class='ocr_carea' id='block_1_87' title="bbox 1849 3921 2049 3961">
    <p class='ocr_par' dir='ltr' id='par_1_87' title="bbox 1849 3921 2049 3961">
     <span class='ocr_line' id='line_1_87' title="bbox 1849 3921 2049 3961; baseline 0.005 -1"><span class='ocrx_word' id='word_1_663' title='bbox 1849 3921 2049 3961; x_wconf 89' lang='lat' dir='ltr'><strong>canon.</strong></span> 
     </span>
    </p>
   </div>
   <div class='ocr_carea' id='block_1_88' title="bbox 1921 3994 3406 4061">
    <p class='ocr_par' dir='ltr' id='par_1_88' title="bbox 1921 3994 3406 4061">
     <span class='ocr_line' id='line_1_88' title="bbox 1921 3994 3406 4061; baseline -0.005 -10"><span class='ocrx_word' id='word_1_664' title='bbox 1921 3996 2121 4051; x_wconf 60' lang='lat' dir='ltr'><strong>Zoaan.</strong></span> <span class='ocrx_word' id='word_1_665' title='bbox 2172 3994 2274 4061; x_wconf 86' lang='lat' dir='ltr'><strong>Qui</strong></span> <span class='ocrx_word' id='word_1_666' title='bbox 2320 4009 2351 4048; x_wconf 90' lang='lat' dir='ltr'><strong>a</strong></span> <span class='ocrx_word' id='word_1_667' title='bbox 2386 4007 2579 4049; x_wconf 89' lang='lat' dir='ltr'><strong>somno</strong></span> <span class='ocrx_word' id='word_1_668' title='bbox 2608 3997 2856 4047; x_wconf 85' lang='lat' dir='ltr'><strong>recentes</strong></span> <span class='ocrx_word' id='word_1_669' title='bbox 2888 3996 3210 4059; x_wconf 82' lang='lat' dir='ltr'><strong>exsurgunt,</strong></span> <span class='ocrx_word' id='word_1_670' title='bbox 3266 4003 3406 4059; x_wconf 64' lang='lat' dir='ltr'><strong>prat-</strong></span> 
     </span>
    </p>
   </div>
   <div class='ocr_carea' id='block_1_89' title="bbox 1849 4080 3406 4157">
    <p class='ocr_par' dir='ltr' id='par_1_89' title="bbox 1849 4080 3406 4157">
     <span class='ocr_line' id='line_1_89' title="bbox 1849 4080 3406 4157; baseline -0.006 -14"><span class='ocrx_word' id='word_1_671' title='bbox 1849 4090 2034 4144; x_wconf 89' lang='lat' dir='ltr'><strong>sertim</strong></span> <span class='ocrx_word' id='word_1_672' title='bbox 2069 4087 2115 4140; x_wconf 86' lang='lat' dir='ltr'><strong>si</strong></span> <span class='ocrx_word' id='word_1_673' title='bbox 2161 4085 2407 4157; x_wconf 76' lang='lat' dir='ltr'><strong>graviore</strong></span> <span class='ocrx_word' id='word_1_674' title='bbox 2441 4098 2633 4138; x_wconf 91' lang='lat' dir='ltr'><strong>somno</strong></span> <span class='ocrx_word' id='word_1_675' title='bbox 2691 4080 3159 4151; x_wconf 80' lang='lat' dir='ltr'><strong>Opprimebantur,</strong></span> <span class='ocrx_word' id='word_1_676' title='bbox 3195 4080 3406 4134; x_wconf 90' lang='lat' dir='ltr'><strong>ratione</strong></span> 
     </span>
    </p>
   </div>
   <div class='ocr_carea' id='block_1_90' title="bbox 1848 4170 3404 4249">
    <p class='ocr_par' dir='ltr' id='par_1_90' title="bbox 1848 4170 3404 4249">
     <span class='ocr_line' id='line_1_90' title="bbox 1848 4170 3404 4249; baseline -0.006 -15"><span class='ocrx_word' id='word_1_677' title='bbox 1848 4179 2265 4249; x_wconf 76' lang='lat' dir='ltr'><strong>haudquaquam</strong></span> <span class='ocrx_word' id='word_1_678' title='bbox 2285 4176 2491 4238; x_wconf 86' lang='lat' dir='ltr'><strong>sedata,</strong></span> <span class='ocrx_word' id='word_1_679' title='bbox 2507 4175 2600 4229; x_wconf 89' lang='lat' dir='ltr'><strong>sed</strong></span> <span class='ocrx_word' id='word_1_680' title='bbox 2619 4172 2936 4244; x_wconf 88' lang='lat' dir='ltr'><strong>perturbata</strong></span> <span class='ocrx_word' id='word_1_681' title='bbox 2967 4170 3404 4241; x_wconf 83' lang='lat' dir='ltr'><strong>inconstantique</strong></span> 
     </span>
    </p>
   </div>
   <div class='ocr_carea' id='block_1_91' title="bbox 1848 4262 3404 4339">
    <p class='ocr_par' dir='ltr' id='par_1_91' title="bbox 1848 4262 3404 4339">
     <span class='ocr_line' id='line_1_91' title="bbox 1848 4262 3404 4339; baseline -0.008 -12"><span class='ocrx_word' id='word_1_682' title='bbox 1848 4262 2095 4327; x_wconf 84' lang='lat' dir='ltr'><strong>utuntur.</strong></span> <span class='ocrx_word' id='word_1_683' title='bbox 2133 4266 2411 4339; x_wconf 87' lang='lat' dir='ltr'><strong>Ejusmodi</strong></span> <span class='ocrx_word' id='word_1_684' title='bbox 2459 4266 2771 4321; x_wconf 88' lang='lat' dir='ltr'><strong>hominibus</strong></span> <span class='ocrx_word' id='word_1_685' title='bbox 2824 4272 3050 4319; x_wconf 89' lang='lat' dir='ltr'><strong>sanctus</strong></span> <span class='ocrx_word' id='word_1_686' title='bbox 3082 4262 3169 4318; x_wconf 88' lang='lat' dir='ltr'><strong>hic</strong></span> <span class='ocrx_word' id='word_1_687' title='bbox 3200 4270 3404 4333; x_wconf 83' lang='lat' dir='ltr'><strong>martyr</strong></span> 
     </span>
    </p>
   </div>
   <div class='ocr_carea' id='block_1_92' title="bbox 1849 4353 3405 4429">
    <p class='ocr_par' dir='ltr' id='par_1_92' title="bbox 1849 4353 3405 4429">
     <span class='ocr_line' id='line_1_92' title="bbox 1849 4353 3405 4429; baseline -0.01 -8"><span class='ocrx_word' id='word_1_688' title='bbox 1849 4365 2053 4421; x_wconf 80' lang='lat' dir='ltr'><strong>similes</strong></span> <span class='ocrx_word' id='word_1_689' title='bbox 2076 4378 2170 4419; x_wconf 87' lang='lat' dir='ltr'><strong>eos</strong></span> <span class='ocrx_word' id='word_1_690' title='bbox 2208 4360 2409 4417; x_wconf 89' lang='lat' dir='ltr'><strong>asserit</strong></span> <span class='ocrx_word' id='word_1_691' title='bbox 2441 4360 2534 4429; x_wconf 92' lang='lat' dir='ltr'><strong>qui</strong></span> <span class='ocrx_word' id='word_1_692' title='bbox 2584 4358 2641 4412; x_wconf 89' lang='lat' dir='ltr'><strong>in</strong></span> <span class='ocrx_word' id='word_1_693' title='bbox 2672 4366 2948 4412; x_wconf 85' lang='lat' dir='ltr'><strong>certamen</strong></span> <span class='ocrx_word' id='word_1_694' title='bbox 2976 4361 3268 4426; x_wconf 90' lang='lat' dir='ltr'><strong>proruunt,</strong></span> <span class='ocrx_word' id='word_1_695' title='bbox 3303 4353 3405 4407; x_wconf 90' lang='lat' dir='ltr'><strong>hoc</strong></span> 
     </span>
    </p>
   </div>
   <div class='ocr_carea' id='block_1_93' title="bbox 1848 4446 3401 4519">
    <p class='ocr_par' dir='ltr' id='par_1_93' title="bbox 1848 4446 3401 4519">
     <span class='ocr_line' id='line_1_93' title="bbox 1848 4446 3401 4519; baseline -0.009 -7"><span class='ocrx_word' id='word_1_696' title='bbox 1848 4461 1952 4519; x_wconf 89' lang='lat' dir='ltr'><strong>est,</strong></span> <span class='ocrx_word' id='word_1_697' title='bbox 2010 4470 2117 4510; x_wconf 90' lang='lat' dir='ltr'><strong>non</strong></span> <span class='ocrx_word' id='word_1_698' title='bbox 2147 4452 2393 4507; x_wconf 89' lang='lat' dir='ltr'><strong>ordinate</strong></span> <span class='ocrx_word' id='word_1_699' title='bbox 2422 4450 2517 4504; x_wconf 89' lang='lat' dir='ltr'><strong>sed</strong></span> <span class='ocrx_word' id='word_1_700' title='bbox 2545 4449 2737 4503; x_wconf 90' lang='lat' dir='ltr'><strong>audaci</strong></span> <span class='ocrx_word' id='word_1_701' title='bbox 2790 4462 2853 4501; x_wconf 88' lang='lat' dir='ltr'><strong>ac</strong></span> <span class='ocrx_word' id='word_1_702' title='bbox 2880 4446 3171 4502; x_wconf 87' lang='lat' dir='ltr'><strong>temerario</strong></span> <span class='ocrx_word' id='word_1_703' title='bbox 3202 4446 3401 4514; x_wconf 89' lang='lat' dir='ltr'><strong>impetu</strong></span> 
     </span>
    </p>
   </div>
   <div class='ocr_carea' id='block_1_94' title="bbox 1850 4538 3406 4619">
    <p class='ocr_par' dir='ltr' id='par_1_94' title="bbox 1850 4538 3406 4619">
     <span class='ocr_line' id='line_1_94' title="bbox 1850 4538 3406 4619; baseline -0.01 -14"><span class='ocrx_word' id='word_1_704' title='bbox 1850 4564 1908 4605; x_wconf 85' lang='lat' dir='ltr'><strong>se</strong></span> <span class='ocrx_word' id='word_1_705' title='bbox 1937 4548 2086 4619; x_wconf 90' lang='lat' dir='ltr'><strong>ipsos</strong></span> <span class='ocrx_word' id='word_1_706' title='bbox 2119 4543 2404 4600; x_wconf 89' lang='lat' dir='ltr'><strong>intrudunt</strong></span> <span class='ocrx_word' id='word_1_707' title='bbox 2434 4544 2486 4597; x_wconf 91' lang='lat' dir='ltr'><strong>in</strong></span> <span class='ocrx_word' id='word_1_708' title='bbox 2509 4550 2785 4597; x_wconf 85' lang='lat' dir='ltr'><strong>certamen</strong></span> <span class='ocrx_word' id='word_1_709' title='bbox 2813 4557 2827 4607; x_wconf 91' lang='lat'><strong>;</strong></span> <span class='ocrx_word' id='word_1_710' title='bbox 2851 4538 3179 4608; x_wconf 87' lang='lat' dir='ltr'><strong>parturiens,</strong></span> <span class='ocrx_word' id='word_1_711' title='bbox 3215 4551 3278 4591; x_wconf 90' lang='lat' dir='ltr'><strong>ac</strong></span> <span class='ocrx_word' id='word_1_712' title='bbox 3299 4543 3406 4590; x_wconf 74' lang='lat' dir='ltr'><strong>tra-</strong></span> 
     </span>
    </p>
   </div>
   <div class='ocr_carea' id='block_1_95' title="bbox 1851 4630 3402 4706">
    <p class='ocr_par' dir='ltr' id='par_1_95' title="bbox 1851 4630 3402 4706">
     <span class='ocr_line' id='line_1_95' title="bbox 1851 4630 3402 4706; baseline -0.009 -12"><span class='ocrx_word' id='word_1_713' title='bbox 1851 4640 1978 4696; x_wconf 83' lang='lat' dir='ltr'><strong>here</strong></span> <span class='ocrx_word' id='word_1_714' title='bbox 2009 4637 2287 4698; x_wconf 83' lang='lat' dir='ltr'><strong>diﬂ&#39;erens,</strong></span> <span class='ocrx_word' id='word_1_715' title='bbox 2335 4651 2434 4706; x_wconf 88' lang='lat' dir='ltr'><strong>pro</strong></span> <span class='ocrx_word' id='word_1_716' title='bbox 2481 4648 2545 4690; x_wconf 89' lang='lat' dir='ltr'><strong>eo</strong></span> <span class='ocrx_word' id='word_1_717' title='bbox 2585 4632 2729 4703; x_wconf 88' lang='lat' dir='ltr'><strong>quod</strong></span> <span class='ocrx_word' id='word_1_718' title='bbox 2787 4631 3028 4685; x_wconf 88' lang='lat' dir='ltr'><strong>nondum</strong></span> <span class='ocrx_word' id='word_1_719' title='bbox 3062 4630 3118 4683; x_wconf 90' lang='lat' dir='ltr'><strong>in</strong></span> <span class='ocrx_word' id='word_1_720' title='bbox 3159 4634 3402 4699; x_wconf 88' lang='lat' dir='ltr'><strong>apertum</strong></span> 
     </span>
    </p>
   </div>
   <div class='ocr_carea' id='block_1_96' title="bbox 184 4718 1753 4820">
    <p class='ocr_par' dir='ltr' id='par_1_96' title="bbox 184 4718 1748 4820">
     <span class='ocr_line' id='line_1_96' title="bbox 184 4718 1748 4820; baseline -0.008 -17"><span class='ocrx_word' id='word_1_721' title='bbox 184 4718 565 4820; x_wconf 69' lang='grc' dir='ltr'>μελετώμενον</span> <span class='ocrx_word' id='word_1_722' title='bbox 608 4718 1010 4816; x_wconf 46' lang='grc' dir='ltr'>καὶ-μέλλοντα,</span> <span class='ocrx_word' id='word_1_723' title='bbox 1030 4718 1146 4815; x_wconf 69' lang='grc' dir='ltr'>ἦτοι</span> <span class='ocrx_word' id='word_1_724' title='bbox 1177 4718 1500 4813; x_wconf 70' lang='grc' dir='ltr'>βραδῦνοντα</span> <span class='ocrx_word' id='word_1_725' title='bbox 1529 4738 1748 4793; x_wconf 81' lang='grc' dir='ltr'>ἐλκῦσαι</span> 
     </span>
    </p>
   </div>
   <div class='ocr_carea' id='block_1_97' title="bbox 1860 4718 3405 4820">
    <p class='ocr_par' dir='ltr' id='par_1_97' title="bbox 1860 4718 3405 4804">
     <span class='ocr_line' id='line_1_97' title="bbox 1860 4718 3405 4804; baseline -0.011 -15"><span class='ocrx_word' id='word_1_726' title='bbox 1860 4732 2048 4804; x_wconf 76' lang='lat' dir='ltr'><strong>erupit,</strong></span> <span class='ocrx_word' id='word_1_727' title='bbox 2085 4731 2178 4786; x_wconf 89' lang='lat' dir='ltr'><strong>sed</strong></span> <span class='ocrx_word' id='word_1_728' title='bbox 2209 4728 2517 4796; x_wconf 88' lang='lat' dir='ltr'><strong>meditatur,</strong></span> <span class='ocrx_word' id='word_1_729' title='bbox 2548 4734 2602 4782; x_wconf 92' lang='lat' dir='ltr'><strong>et</strong></span> <span class='ocrx_word' id='word_1_730' title='bbox 2626 4724 2805 4780; x_wconf 85' lang='lat' dir='ltr'><strong>differt</strong></span> <span class='ocrx_word' id='word_1_731' title='bbox 2834 4725 2948 4779; x_wconf 89' lang='lat' dir='ltr'><strong>sive</strong></span> <span class='ocrx_word' id='word_1_732' title='bbox 2994 4729 3282 4778; x_wconf 89' lang='lat' dir='ltr'><strong>cunctatur</strong></span> <span class='ocrx_word' id='word_1_733' title='bbox 3311 4718 3405 4773; x_wconf 88' lang='lat' dir='ltr'><strong>de-</strong></span> 
     </span>
    </p>
   </div>
   <div class='ocr_carea' id='block_1_98' title="bbox 182 4829 1746 4908">
    <p class='ocr_par' dir='ltr' id='par_1_98' title="bbox 182 4829 1746 4908">
     <span class='ocr_line' id='line_1_98' title="bbox 182 4829 1746 4908; baseline -0.008 -15"><span class='ocrx_word' id='word_1_734' title='bbox 182 4840 302 4904; x_wconf 73' lang='grc' dir='ltr'><strong>τοίις</strong></span> <span class='ocrx_word' id='word_1_735' title='bbox 322 4836 768 4908; x_wconf 78' lang='grc' dir='ltr'>ἀγωνιζομένους</span> <span class='ocrx_word' id='word_1_736' title='bbox 789 4851 804 4865; x_wconf 89' lang='grc'><strong>·</strong></span> <span class='ocrx_word' id='word_1_737' title='bbox 835 4835 1027 4898; x_wconf 80' lang='grc' dir='ltr'>οἵτινες</span> <span class='ocrx_word' id='word_1_738' title='bbox 1065 4831 1365 4904; x_wconf 86' lang='grc' dir='ltr'>πειρασμὸν</span> <span class='ocrx_word' id='word_1_739' title='bbox 1392 4829 1746 4892; x_wconf 82' lang='grc' dir='ltr'>ἐπισπῶνται,</span> 
     </span>
    </p>
   </div>
   <div class='ocr_carea' id='block_1_99' title="bbox 184 4921 1750 5001">
    <p class='ocr_par' dir='ltr' id='par_1_99' title="bbox 184 4921 1750 5001">
     <span class='ocr_line' id='line_1_99' title="bbox 184 4921 1750 5001; baseline -0.008 -15"><span class='ocrx_word' id='word_1_740' title='bbox 184 4932 344 5001; x_wconf 50' lang='lat' dir='ltr'><strong>how</strong></span> <span class='ocrx_word' id='word_1_741' title='bbox 378 4932 466 4994; x_wconf 81' lang='grc' dir='ltr'>εις</span> <span class='ocrx_word' id='word_1_742' title='bbox 498 4928 722 4990; x_wconf 78' lang='grc' dir='ltr'>ἑαυτοὺς</span> <span class='ocrx_word' id='word_1_743' title='bbox 753 4926 969 4980; x_wconf 75' lang='grc' dir='ltr'>ἕλκουσι</span> <span class='ocrx_word' id='word_1_744' title='bbox 1000 4923 1317 4995; x_wconf 77' lang='grc' dir='ltr'>πειρασμὸν,</span> <span class='ocrx_word' id='word_1_745' title='bbox 1345 4922 1538 4993; x_wconf 81' lang='grc' dir='ltr'>μᾶλλον</span> <span class='ocrx_word' id='word_1_746' title='bbox 1564 4921 1619 4974; x_wconf 80' lang='grc' dir='ltr'>δὲ</span> <span class='ocrx_word' id='word_1_747' title='bbox 1658 4921 1750 4974; x_wconf 78' lang='grc' dir='ltr'>καὶ</span> 
     </span>
    </p>
   </div>
   <div class='ocr_carea' id='block_1_100' title="bbox 186 5011 1749 5089">
    <p class='ocr_par' dir='ltr' id='par_1_100' title="bbox 186 5011 1749 5089">
     <span class='ocr_line' id='line_1_100' title="bbox 186 5011 1749 5089; baseline -0.009 -11"><span class='ocrx_word' id='word_1_748' title='bbox 186 5022 359 5089; x_wconf 65' lang='lat' dir='ltr'><strong>mos;</strong></span> <span class='ocrx_word' id='word_1_749' title='bbox 412 5024 631 5085; x_wconf 79' lang='grc' dir='ltr'>πιστοῖς</span> <span class='ocrx_word' id='word_1_750' title='bbox 680 5020 1007 5074; x_wconf 87' lang='grc' dir='ltr'>ἀνάπτουσιν</span> <span class='ocrx_word' id='word_1_751' title='bbox 1059 5015 1330 5088; x_wconf 80' lang='grc' dir='ltr'>ἄνθρακας</span> <span class='ocrx_word' id='word_1_752' title='bbox 1381 5011 1712 5085; x_wconf 82' lang='grc' dir='ltr'>ἁμαρτωλῶν</span> <span class='ocrx_word' id='word_1_753' title='bbox 1733 5050 1749 5073; x_wconf 95' lang='grc'><strong>,</strong></span> 
     </span>
    </p>
   </div>
   <div class='ocr_carea' id='block_1_101' title="bbox 288 5168 1219 5241">
    <p class='ocr_par' dir='ltr' id='par_1_101' title="bbox 288 5168 1219 5241">
     <span class='ocr_line' id='line_1_101' title="bbox 288 5168 1219 5241; baseline -0.012 -8"><span class='ocrx_word' id='word_1_754' title='bbox 288 5190 318 5219; x_wconf 76' lang='grc' dir='ltr'>ι</span> <span class='ocrx_word' id='word_1_755' title='bbox 341 5178 467 5233; x_wconf 73' lang='lat' dir='ltr'><strong>Aet.</strong></span> <span class='ocrx_word' id='word_1_756' title='bbox 491 5191 604 5241; x_wconf 75' lang='lat' dir='ltr'><strong>xlv,</strong></span> <span class='ocrx_word' id='word_1_757' title='bbox 632 5174 722 5229; x_wconf 73' lang='grc'><strong>21.</strong></span> <span class='ocrx_word' id='word_1_758' title='bbox 796 5172 826 5213; x_wconf 71' lang='grc' dir='ltr'>ιι</span> <span class='ocrx_word' id='word_1_759' title='bbox 860 5168 1112 5235; x_wconf 81' lang='lat' dir='ltr'><strong>Hebr.xt,</strong></span> <span class='ocrx_word' id='word_1_760' title='bbox 1133 5168 1219 5224; x_wconf 73' lang='grc'><strong>52.</strong></span> 
     </span>
    </p>
   </div>
   <div class='ocr_carea' id='block_1_102' title="bbox 1854 4815 3407 4890">
    <p class='ocr_par' dir='ltr' id='par_1_102' title="bbox 1854 4815 3407 4890">
     <span class='ocr_line' id='line_1_102' title="bbox 1854 4815 3407 4890; baseline -0.011 -11"><span class='ocrx_word' id='word_1_761' title='bbox 1854 4835 2126 4880; x_wconf 88' lang='lat' dir='ltr'><strong>certantes</strong></span> <span class='ocrx_word' id='word_1_762' title='bbox 2158 4822 2412 4877; x_wconf 89' lang='lat' dir='ltr'><strong>trahere:</strong></span> <span class='ocrx_word' id='word_1_763' title='bbox 2456 4819 2550 4890; x_wconf 89' lang='lat' dir='ltr'><strong>qui</strong></span> <span class='ocrx_word' id='word_1_764' title='bbox 2583 4817 2797 4889; x_wconf 92' lang='lat' dir='ltr'><strong>quidem</strong></span> <span class='ocrx_word' id='word_1_765' title='bbox 2841 4815 3191 4871; x_wconf 87' lang='lat' dir='ltr'><strong>tentationem</strong></span> <span class='ocrx_word' id='word_1_766' title='bbox 3221 4826 3407 4866; x_wconf 85' lang='lat' dir='ltr'><strong>accer-</strong></span> 
     </span>
    </p>
   </div>
   <div class='ocr_carea' id='block_1_103' title="bbox 1855 4902 3405 4984">
    <p class='ocr_par' dir='ltr' id='par_1_103' title="bbox 1855 4902 3405 4984">
     <span class='ocr_line' id='line_1_103' title="bbox 1855 4902 3405 4984; baseline -0.013 -10"><span class='ocrx_word' id='word_1_767' title='bbox 1855 4925 2004 4984; x_wconf 90' lang='lat' dir='ltr'><strong>sunt,</strong></span> <span class='ocrx_word' id='word_1_768' title='bbox 2030 4917 2132 4972; x_wconf 92' lang='lat' dir='ltr'><strong>boc</strong></span> <span class='ocrx_word' id='word_1_769' title='bbox 2164 4922 2266 4977; x_wconf 87' lang='lat' dir='ltr'><strong>est,</strong></span> <span class='ocrx_word' id='word_1_770' title='bbox 2299 4914 2365 4969; x_wconf 89' lang='lat' dir='ltr'><strong>ad</strong></span> <span class='ocrx_word' id='word_1_771' title='bbox 2415 4930 2473 4969; x_wconf 92' lang='lat' dir='ltr'><strong>se</strong></span> <span class='ocrx_word' id='word_1_772' title='bbox 2519 4912 2666 4982; x_wconf 86' lang='lat' dir='ltr'><strong>ipsos</strong></span> <span class='ocrx_word' id='word_1_773' title='bbox 2718 4907 3070 4965; x_wconf 86' lang='lat' dir='ltr'><strong>tentationem</strong></span> <span class='ocrx_word' id='word_1_774' title='bbox 3106 4902 3405 4974; x_wconf 86' lang='lat' dir='ltr'><strong>pelliciunt,</strong></span> 
     </span>
    </p>
   </div>
   <div class='ocr_carea' id='block_1_104' title="bbox 1855 4996 3405 5082">
    <p class='ocr_par' dir='ltr' id='par_1_104' title="bbox 1855 4996 3405 5082">
     <span class='ocr_line' id='line_1_104' title="bbox 1855 4996 3405 5082; baseline -0.013 -17"><span class='ocrx_word' id='word_1_775' title='bbox 1855 5009 1986 5082; x_wconf 91' lang='lat' dir='ltr'><strong>quin</strong></span> <span class='ocrx_word' id='word_1_776' title='bbox 2016 5010 2196 5080; x_wconf 85' lang='lat' dir='ltr'><strong>potius</strong></span> <span class='ocrx_word' id='word_1_777' title='bbox 2217 5007 2341 5061; x_wconf 88' lang='lat' dir='ltr'><strong>aliis</strong></span> <span class='ocrx_word' id='word_1_778' title='bbox 2371 5003 2620 5059; x_wconf 83' lang='lat' dir='ltr'><strong>fidelibus</strong></span> <span class='ocrx_word' id='word_1_779' title='bbox 2657 4998 2963 5056; x_wconf 83' lang='lat' dir='ltr'><strong>accendunt</strong></span> <span class='ocrx_word' id='word_1_780' title='bbox 2992 4996 3257 5052; x_wconf 83' lang='lat' dir='ltr'><strong>carbones</strong></span> <span class='ocrx_word' id='word_1_781' title='bbox 3282 5008 3405 5064; x_wconf 87' lang='lat' dir='ltr'><strong>pec-</strong></span> 
     </span>
    </p>
   </div>
   <div class='ocr_carea' id='block_1_105' title="bbox 1440 5296 2118 5359">
    <p class='ocr_par' dir='ltr' id='par_1_105' title="bbox 1440 5296 2118 5359">
     <span class='ocr_line' id='line_1_105' title="bbox 1440 5296 2118 5359; baseline -0.009 -1"><span class='ocrx_word' id='word_1_782' title='bbox 1440 5300 1671 5359; x_wconf 74' lang='lat' dir='ltr'><strong>VARUE</strong></span> <span class='ocrx_word' id='word_1_783' title='bbox 1716 5296 2118 5353; x_wconf 74' lang='lat' dir='ltr'><strong>LECTIONES.</strong></span> 
     </span>
    </p>
   </div>
   <div class='ocr_carea' id='block_1_106' title="bbox 253 5446 2021 5537">
    <p class='ocr_par' dir='ltr' id='par_1_106' title="bbox 253 5446 2021 5537">
     <span class='ocr_line' id='line_1_106' title="bbox 253 5446 2021 5537; baseline -0.012 -15"><span class='ocrx_word' id='word_1_784' title='bbox 253 5463 301 5499; x_wconf 81' lang='grc'><em>⁸³</em></span> <span class='ocrx_word' id='word_1_785' title='bbox 333 5462 540 5537; x_wconf 75' lang='grc' dir='ltr'>ὁμοίως</span> <span class='ocrx_word' id='word_1_786' title='bbox 565 5462 693 5518; x_wconf 87' lang='lat' dir='ltr'><strong>add.</strong></span> <span class='ocrx_word' id='word_1_787' title='bbox 768 5462 834 5494; x_wconf 77' lang='grc'><strong>³³⁸</strong></span> <span class='ocrx_word' id='word_1_788' title='bbox 865 5455 1165 5523; x_wconf 79' lang='grc' dir='ltr'>κατέλεξεν.</span> <span class='ocrx_word' id='word_1_789' title='bbox 1238 5454 1329 5489; x_wconf 83' lang='grc'><strong>³¹⁸⁹</strong></span> <span class='ocrx_word' id='word_1_790' title='bbox 1364 5452 1458 5507; x_wconf 73' lang='grc' dir='ltr'>καὶ</span> <span class='ocrx_word' id='word_1_791' title='bbox 1486 5452 1587 5505; x_wconf 81' lang='grc' dir='ltr'>ὅτι.</span> <span class='ocrx_word' id='word_1_792' title='bbox 1679 5448 1724 5480; x_wconf 84' lang='grc'>³³</span> <span class='ocrx_word' id='word_1_793' title='bbox 1754 5446 2021 5521; x_wconf 75' lang='grc' dir='ltr'>ἐπιλείψῃ.</span> 
     </span>
    </p>
   </div>
   <div class='ocr_carea' id='block_1_107' title="bbox 275 5591 1725 5692">
    <p class='ocr_par' dir='ltr' id='par_1_107' title="bbox 275 5591 1725 5692">
     <span class='ocr_line' id='line_1_107' title="bbox 275 5591 1725 5692; baseline -0.011 -31"><span class='ocrx_word' id='word_1_794' title='bbox 275 5604 653 5692; x_wconf 62' lang='grc' dir='ltr'><strong>’“5)”Εστιςυρζ</strong></span> <span class='ocrx_word' id='word_1_795' title='bbox 689 5600 929 5692; x_wconf 34' lang='grc' dir='ltr'><strong>Καίκξιξ.</strong></span> <span class='ocrx_word' id='word_1_796' title='bbox 976 5595 1362 5692; x_wconf 46' lang='lat' dir='ltr'><strong>codex‘yanl.</strong></span> <span class='ocrx_word' id='word_1_797' title='bbox 1408 5591 1725 5665; x_wconf 82' lang='grc' dir='ltr'>ἐσταυρώθη</span> 
     </span>
    </p>
   </div>
   <div class='ocr_carea' id='block_1_108' title="bbox 204 5666 1747 5815">
    <p class='ocr_par' dir='ltr' id='par_1_108' title="bbox 204 5666 1747 5815">
     <span class='ocr_line' id='line_1_108' title="bbox 204 5666 1457 5746; baseline -0.008 -16"><span class='ocrx_word' id='word_1_798' title='bbox 204 5666 431 5746; x_wconf 74' lang='grc' dir='ltr'>Ὁμοίως</span> <span class='ocrx_word' id='word_1_799' title='bbox 465 5666 724 5731; x_wconf 41' lang='lat' dir='ltr'><strong>atat-Mox</strong></span> <span class='ocrx_word' id='word_1_800' title='bbox 754 5670 1007 5735; x_wconf 83' lang='grc' dir='ltr'>πολλάκις</span> <span class='ocrx_word' id='word_1_801' title='bbox 1030 5685 1127 5741; x_wconf 89' lang='lat' dir='ltr'><strong>pro</strong></span> <span class='ocrx_word' id='word_1_802' title='bbox 1155 5666 1457 5729; x_wconf 85' lang='grc' dir='ltr'>πλεονάκις.</span> 
     </span>
     <span class='ocr_line' id='line_1_109' title="bbox 259 5734 1747 5815; baseline -0.011 -12"><span class='ocrx_word' id='word_1_803' title='bbox 259 5748 335 5815; x_wconf 67' lang='grc' dir='ltr'><strong>ιι)</strong></span> <span class='ocrx_word' id='word_1_804' title='bbox 375 5743 720 5800; x_wconf 76' lang='grc' dir='ltr'>Διδάσκειν.</span> <span class='ocrx_word' id='word_1_805' title='bbox 758 5742 838 5800; x_wconf 86' lang='lat' dir='ltr'><strong>Id.</strong></span> <span class='ocrx_word' id='word_1_806' title='bbox 872 5741 1019 5805; x_wconf 84' lang='lat' dir='ltr'><strong>cod.,</strong></span> <span class='ocrx_word' id='word_1_807' title='bbox 1069 5739 1373 5806; x_wconf 83' lang='grc' dir='ltr'>φυλάττειν.</span> <span class='ocrx_word' id='word_1_808' title='bbox 1416 5734 1584 5790; x_wconf 87' lang='lat' dir='ltr'><strong>Paulo</strong></span> <span class='ocrx_word' id='word_1_809' title='bbox 1626 5737 1747 5802; x_wconf 81' lang='lat' dir='ltr'><strong>post</strong></span> 
     </span>
    </p>
   </div>
   <div class='ocr_carea' id='block_1_109' title="bbox 2028 5568 3407 5703">
    <p class='ocr_par' dir='ltr' id='par_1_109' title="bbox 2028 5568 3407 5703">
     <span class='ocr_line' id='line_1_110' title="bbox 2028 5568 3407 5703; baseline -0.009 -64"><span class='ocrx_word' id='word_1_810' title='bbox 2028 5604 2108 5641; x_wconf 86' lang='grc' dir='ltr'><strong>ειν</strong></span> <span class='ocrx_word' id='word_1_811' title='bbox 2131 5588 2195 5658; x_wconf 77' lang='grc' dir='ltr'>τῇ</span> <span class='ocrx_word' id='word_1_812' title='bbox 2233 5583 2432 5646; x_wconf 80' lang='grc' dir='ltr'>πίστει,</span> <span class='ocrx_word' id='word_1_813' title='bbox 2468 5580 2673 5636; x_wconf 80' lang='lat' dir='ltr'><strong>omissa</strong></span> <span class='ocrx_word' id='word_1_814' title='bbox 2722 5576 3123 5703; x_wconf 48' lang='lat' dir='ltr'><strong>praepositione.</strong></span> <span class='ocrx_word' id='word_1_815' title='bbox 3171 5572 3292 5629; x_wconf 74' lang='lat' dir='ltr'><strong>Mox</strong></span> <span class='ocrx_word' id='word_1_816' title='bbox 3323 5568 3407 5629; x_wconf 72' lang='grc' dir='ltr'><strong>δεῖ</strong></span> 
     </span>
     <span class='ocr_line' id='line_1_111' title="bbox 2028 5652 2920 5703; baseline 0 0"><span class='ocrx_word' id='word_1_817' title='bbox 2028 5659 2151 5703; x_wconf 77' lang='grc' dir='ltr'><strong>εἰσ--</strong></span> <span class='ocrx_word' id='word_1_818' title='bbox 2184 5665 2242 5703; x_wconf 87' lang='grc' dir='ltr'><strong>ιιι</strong></span> <span class='ocrx_word' id='word_1_819' title='bbox 2279 5656 2332 5703; x_wconf 89' lang='lat' dir='ltr'><strong>in</strong></span> <span class='ocrx_word' id='word_1_820' title='bbox 2365 5662 2515 5703; x_wconf 80' lang='lat' dir='ltr'><strong>textu</strong></span> <span class='ocrx_word' id='word_1_821' title='bbox 2541 5654 2659 5703; x_wconf 80' lang='lat' dir='ltr'><strong>Act.</strong></span> <span class='ocrx_word' id='word_1_822' title='bbox 2692 5664 2799 5703; x_wconf 80' lang='lat' dir='ltr'><strong>xw.</strong></span> <span class='ocrx_word' id='word_1_823' title='bbox 2874 5652 2920 5702; x_wconf 90' lang='grc' dir='ltr'>ι.</span> 
     </span>
    </p>
   </div>
  </div>
