3956 6198
111 237 125 260 ’
169 268 264 326 tea
1383 271 1711 326 msrom

1812 271 2117 331 ANONICA.

3259 285 3362 339 490

170 401 187 434 ι
224 382 420 446 οἵτινες
444 381 600 435 πλέον
627 381 880 436 ἁπάντων
899 381 1159 454 αἰσχύνην
1181 385 1272 436 καὶ
1302 383 1495 447 ὄνειδος
1516 385 1710 450 ἕξουσι,

1822 400 1840 434 ι
1885 392 1937 440 et
1961 383 2308 455 ignominiam
2329 385 2630 449 habebunt:
2651 389 2791 445 sicut
2807 390 2896 446 ille
2927 393 3022 460 qui
3047 390 3365 448 fundamen-

171 491 187 522 ι
227 474 350 525 κατ’
384 474 581 526 ἐκεῖνον
613 473 703 526 τὸν
736 474 1012 528 τεθεικότα
1039 473 1301 546 θεμέλιον,
1329 475 1420 528 καὶ
1465 475 1536 546 μὴ
1568 476 1714 546 ἰσχύ-

170 584 189 617 ι
230 584 398 620 σαντα
441 565 734 620 ἐκτελέσαι·
769 567 1076 636 Ἀρξονται
1105 568 1231 640 γὰρ,
1274 570 1463 641 φησὶν,
1497 569 1716 636 πάντες

173 678 191 709 ι
229 663 282 712 οι
313 663 850 729 παραπορευόμενοι
880 661 1175 731 ἐμπαίζειν
1192 667 1392 728 αὐτὸν,
1416 663 1712 734 λέγοντες·

172 768 191 800 ι
230 747 414 815 Οὗτος
437 754 469 801 d
493 752 798 818 ἄνθρωπος
845 753 1118 822 θεμέλιον
1159 755 1335 823 ἔθηκε
1373 756 1438 821 ³⁹,
1480 757 1572 809 καὶ
1606 759 1713 810 οὐκ

169 858 189 893 ι
226 843 488 910 Ισχυσεν
515 843 841 898 ἐκτελέσαι.
877 865 895 896 ι

228 931 426 984 ΒΔΛΣ.
471 933 604 1003 Περὶ
649 937 1126 1008 αὐτομολησάντων
1158 942 1235 1004 εἰς
1272 942 1360 994 τὸν
1393 940 1483 994 τοῦ
1517 959 1716 1011 μαρτυ-

163 1024 276 1095 ρίου
308 1025 494 1092 ἀγῶνα
521 1025 816 1098 διαλεχθεὶς
847 1032 873 1082 ό
903 1032 1110 1103 Πατὴρ,
1147 1033 1240 1088 νῦν
1279 1035 1371 1087 καὶ
1415 1035 1538 1105 περὶ
1585 1035 1716 1107 κλη-

164 1116 329 1187 ρικιῖδν
357 1116 609 1170 τοιούτων
636 1119 726 1172 τὸν
751 1119 906 1188 λόγον
934 1128 1186 1178 ποιεῖται·
1220 1126 1312 1180 καί
1343 1144 1520 1198 φησιν,
1546 1129 1638 1192 ὡς,
1670 1131 1716 1182 εί

161 1205 420 1278 κληρικὸς
439 1209 826 1280 ηὐτομόλησεν,
858 1209 973 1267 εἶτα
999 1215 1070 1288 μὴ
1099 1217 1300 1285 στέγων
1329 1219 1424 1283 τὰς
1455 1221 1717 1292 τιμωρίας

162 1297 503 1360 ἓκπέπτωκε,
535 1301 626 1352 καὶ
658 1298 810 1364 αὖθις
851 1305 927 1367 εἰς
965 1305 1152 1358 ἑαυτὸν
1178 1309 1481 1378 γενόμενος,
1517 1310 1717 1363 ἀνεπά-

160 1389 310 1440 λαισε
359 1389 458 1460 τὴν
503 1390 705 1444 οἰκείαν
740 1392 976 1460 πτῶσιν,
1026 1396 1118 1449 καὶ
1163 1398 1482 1468 Χριστιανὸν
1531 1399 1716 1454 ἑαυτὸν

159 1479 503 1550 ὡμολόγησεν
529 1481 752 1535 ἐνώπιον
779 1483 884 1535 τῶν
914 1486 1206 1557 τυράννων,
1233 1490 1260 1540 ό
1281 1489 1516 1554 τοιοῦτος
1538 1491 1717 1544 οὐκέτι

161 1572 212 1624 ἐν
238 1574 304 1641 τῇ
338 1571 644 1643 λειτουργίᾳ
668 1573 838 1636 ἔσται,
863 1575 996 1630 διότι
1019 1578 1366 1632 καταλέλοιπε
1389 1582 1448 1634 τὸ
1472 1583 1716 1653 ποίμνιον

159 1663 249 1716 τοῦ
281 1663 518 1735 Κυρίου·
556 1667 648 1718 καὶ
671 1666 759 1719 διὰ
788 1667 847 1720 τὸ
875 1670 1239 1741 αὐτομολῆσαι
1286 1674 1375 1726 καὶ
1415 1675 1487 1745 μὴ
1519 1693 1710 1746 καρτε-

1823 495 1842 526 ι
1889 485 1998 530 tum
2031 475 2246 546 posuit,
2294 485 2346 530 et
2381 494 2484 531 non
2530 480 2698 548 potuit
2744 481 3046 551 perficere:
3108 482 3363 552 Incipient

1823 586 1840 618 ι
1879 568 2258 637 enim,inquit,
2291 585 2464 622 omnes
2497 572 2585 640 qui
2599 575 3105 643 pnrtergredientur,
3133 593 3247 628 eum
3297 577 3362 630 il-
3464 600 3468 605 -

1821 676 1840 709 ι
1887 658 2080 723 ludere,
2111 658 2368 712 dicentes:
2400 659 2500 713 Hic
2516 663 2666 714 homo
2687 666 2859 731 posuit
2882 664 3296 733 fundamentum,
3315 679 3364 722 et

1821 767 1839 800 ι
1885 767 1986 804 non
2008 750 2174 819 potuit
2201 751 2446 820 per/icere
2482 763 2527 806 α.
2572 770 2590 804 ι

1886 924 2044 980 Βιιιε.
2092 925 2163 980 De
2194 925 2261 980 iis
2291 925 2382 995 qui
2421 942 2511 982 sua
2560 937 2748 996 sponte
2787 925 2852 979 ad
2904 928 3148 999 martyrii
3189 936 3366 983 certa-

1816 1035 1936 1074 men
1965 1017 2303 1089 confugiunt,
2328 1019 2542 1077 locutus
2560 1020 2737 1087 Pater,
2756 1034 2901 1074 nunc
2915 1020 2980 1075 de
2998 1018 3210 1076 clericis
3228 1035 3365 1090 quo-

1815 1127 1919 1181 que
1947 1112 2039 1181 qui
2076 1119 2204 1167 sunt
2236 1111 2502 1180 ejusmodi
2552 1111 2791 1181 loquitur
2827 1130 2841 1166 :
2896 1120 2949 1166 et
2979 1113 3109 1166 dicit
3140 1113 3284 1183 quod
3318 1112 3364 1167 si

1816 1203 2047 1258 clericus
2089 1204 2153 1256 ad
2188 1210 2456 1257 certamen
2507 1218 2603 1258 sua
2640 1210 2832 1273 sponte
2879 1203 3141 1276 profugit,
3173 1204 3366 1259 deinde

1816 1309 1937 1348 cum
1971 1310 2076 1348 non
2100 1303 2279 1364 posset
2310 1293 2450 1348 ferre
2465 1302 2754 1358 tormenta,
2777 1295 2998 1362 excidit,
3019 1303 3072 1350 et
3099 1311 3220 1349 cum
3245 1311 3365 1349 rur—

1816 1402 1911 1441 sus
1941 1387 2004 1440 ad
2037 1386 2396 1450 sc'rediisset,
2445 1387 2652 1455 lapsum
2687 1402 2844 1442 suum
2895 1389 3189 1454 revocavit,
3222 1394 3276 1442 et
3305 1403 3364 1442 se

1816 1493 1998 1533 coram
2036 1479 2282 1549 tyrannis
2312 1477 2685 1533 Christianum
2718 1478 3004 1536 confessus
3038 1489 3148 1548 est;
3180 1481 3227 1534 is
3257 1497 3366 1535 non

1815 1569 2046 1638 amplius
2074 1583 2228 1622 sacra
2244 1569 2540 1623 ministeria
2564 1569 2752 1632 obibit,
2780 1583 2844 1622 eo
2859 1569 3001 1638 quod
3032 1584 3244 1640 gregem
3264 1569 3370 1623 Do-

1816 1660 1946 1713 mini
1977 1661 2253 1729 reliqnerit
2278 1678 2291 1726 ;
2328 1668 2380 1714 et
2407 1675 2470 1714 eo
2499 1661 2642 1730 quod
2669 1676 2791 1714 cum
2823 1677 2921 1715 sua
2943 1661 3160 1730 quidem
3175 1669 3368 1732 spoiite

161 1757 326 1827 ρῆσαι
355 1757 452 1819 τὰς
479 1756 760 1826 βασάνους,
796 1759 982 1831 μῶμον
1023 1767 1384 1834 προσήνεγκεν
1423 1765 1617 1838 ἐαυτῷ.
1646 1767 1711 1820 Τὸ

1816 1745 2137 1815 confugerit,
2167 1755 2219 1801 et
2241 1753 2509 1802 tormenta
2540 1747 2767 1802 sufferre
2811 1765 2916 1803 non
2953 1752 3211 1818 potuerit,
3263 1753 3365 1807 sibi

155 1848 212 1902 δὲ
242 1847 654 1920 καταφρονῆσαι
685 1852 782 1922 τῆς
813 1851 1156 1919 διδασκαλίας
1187 1857 1279 1909 τοῦ
1309 1856 1435 1911 λαοῦ
1467 1861 1557 1913 καὶ
1586 1877 1718 1930 προ·

152 1941 494 2012 τιμήσασθαι
541 1943 601 1996 τὸ
640 1943 814 2014 ἐαυτῷ
843 1947 1147 2017 συμφέρον,
1199 1949 1315 2002 οὐδὲ
1349 1954 1394 2003 οἱ
1435 1952 1716 2006 ἀπόστολοι

153 2035 537 2103 πεποιήκασιν.
574 2035 631 2087 Ὀ
665 2035 771 2106 γὰρ
800 2036 970 2105 μέγας
1003 2038 1228 2104 Παῦλος,
1259 2042 1393 2111 μετά
1434 2043 1492 2096 τὸ
1521 2043 1716 2108 πολλὰς

154 2121 430 2191 βασάνους
470 2125 774 2197 ὑπομεῖναι,
802 2129 1140 2200 κατανοήσας
1169 2136 1414 2205 κρεῖττον
1447 2131 1582 2190 εἶναι
1627 2137 1715 2191 τὸν

152 2211 272 2281 βίον
308 2214 588 2269 ἀπολιπεῖν
610 2255 624 2279 ,
661 2221 1059 2293 προετιμήσατο
1091 2219 1187 2292 ζῇν
1218 2223 1310 2277 καὶ
1342 2223 1714 2294 βασανίζεσθαι

148 2301 241 2356 διὰ
276 2305 375 2375 τὴν
410 2308 676 2378 σωτηρίαν
707 2310 796 2362 καὶ⁸
831 2310 1174 2366 διδασκαλίαν
1201 2312 1293 2368 τοῦ
1339 2315 1488 2372 λαοῦ.
1545 2318 1716 2372 Ἀναί-

152 2393 347 2464 σθητοι
385 2396 514 2464 γοῦν
547 2401 681 2452 εἰσιν
714 2401 762 2452 οἱ
799 2401 1072 2467 αἰτοῦντες
1116 2404 1212 2476 τὴν
1253 2405 1607 2477 λειτουργίαν,
1647 2403 1716 2479 ἧς

151 2485 435 2540 ἐθελονταὶ
481 2490 881 2547 ἐκπεπτώκασι.
918 2494 1041 2557 Πῶς
1082 2495 1190 2568 γὰρ
1227 2496 1464 2550 αἰτοῦσιν
1518 2498 1546 2550 ὃ
1583 2515 1714 2552 κατ-

150 2576 379 2641 έλιπον,
409 2578 691 2651 δυνάμενοι
737 2585 848 2646 τοῖς
887 2583 1127 2654 ἀδελφοῖς
1161 2585 1444 2657 εύχρηστοι
1473 2584 1606 2642 εῖναι
1655 2591 1714 2645 ὲν

153 2666 340 2736 καιρῷ
388 2668 643 2740 τοιούτῳ,
694 2670 928 2743 διωγμοῦ
985 2674 1218 2746 δηλαδή;
1258 2677 1320 2728 Ei
1371 2677 1466 2746 μὲν
1514 2675 1607 2731 οὖν
1653 2679 1712 2733 οὐ

154 2757 499 2822 πεπτώκασι,
536 2762 716 2832 φησιν,
752 2759 894 2834 εἶχον
924 2763 988 2817 ἂν
1024 2765 1349 2837 συγγνώμην
1382 2768 1472 2819 ἐπὶ
1503 2771 1566 2839 τῇ
1607 2787 1713 2822 παοο

157 2848 375 2920 ραλόγῳ
404 2851 581 2903 αὑτῶν
624 2852 833 2924 πράξει,
864 2857 960 2926 τῆς
985 2857 1393 2928 αύτομολήσεως
1424 2859 1639 2931 δηλαδὴ,
1676 2857 1709 2932 ἢ

152 2941 258 3010 τῆς
298 2943 429 3013 περὶ
465 2945 526 2997 τὸ
552 2943 818 2998 διδάσκειν
853 2948 945 2999 καὶ
987 2947 1258 3020 στηρίζειν
1301 2950 1423 3014 τοὺς
1454 2951 1712 3023 ἀδελφοὺς

156 3033 465 3103 ῥᾳθυμίας·
503 3037 552 3087 εί
605 3035 658 3089 δέ
712 3038 1059 3094 πεπτώκασιν
1107 3043 1169 3094 ἐκ
1215 3043 1558 3114 περπερείας,
1595 3045 1711 3116 ήτοι

1818 1837 1920 1907 ipsi
1951 1837 2122 1891 labem
2163 1839 2361 1892 attulit.
2395 1839 2466 1894 Ut
2494 1849 2670 1895 autem
2727 1841 2908 1911 populi
2941 1842 3242 1898 doctrinam
3273 1860 3370 1900 ne-

1817 1927 2100 1998 gligerent,
2131 1937 2184 1980 et
2207 1943 2359 1982 suam
2397 1929 2682 1984 utilitatem
2717 1930 3054 2000 praeferrent,
3106 1948 3206 1988 nec
3239 1948 3370 2004 apo-

1817 2021 1942 2077 stoli
1965 2021 2224 2076 fecerunt.
2249 2021 2472 2092 Magnus
2487 2024 2630 2078 enim
2647 2021 2867 2087 Paulus,
2893 2032 3175 2096 postquam
3200 2029 3368 2082 multa

1816 2119 2083 2167 tormenta
2131 2111 2408 2176 subiisset,
2467 2113 2776 2184 intelligens
2805 2115 2977 2169 multo
3001 2130 3122 2171 esse
3175 2117 3369 2172 melius

1815 2205 1979 2258 vitam
2009 2205 2336 2276 relinquere,
2363 2206 2554 2260 maluit
2573 2206 2753 2262 vivere
2783 2215 2837 2261 et
2867 2209 3106 2278 torqueri
3147 2216 3368 2278 pr0pter

1816 2293 2042 2350 salutem
2074 2303 2127 2351 et
2155 2295 2454 2350 doctrinam
2482 2297 2684 2368 populi.
2743 2294 2918 2353 Sensu
2969 2313 3099 2368 ergo
3146 2297 3368 2352 omnino

1815 2394 2021 2450 carent,
2045 2386 2137 2456 qui
2169 2395 2357 2456 petunt
2389 2402 2605 2442 sacrum
2645 2388 3032 2452 ministerium,
3072 2403 3101 2441 a
3133 2405 3241 2459 quo
3267 2405 3366 2444 sua

1815 2488 2006 2548 sponte
2036 2479 2367 2535 exciderunt.
2401 2479 2682 2547 Quomodo
2711 2482 2856 2536 enim
2901 2488 3090 2551 petunt
3115 2481 3257 2551 quod
3283 2497 3368 2535 rc-

1814 2569 2108 2639 liquerunt,
2142 2586 2264 2626 cum
2295 2573 2509 2642 possint
2533 2573 2588 2627 in
2612 2572 2713 2627 hac
2738 2579 3080 2642 tempestate,
3107 2586 3366 2642 persecu-

1814 2662 1976 2718 tionis
2004 2663 2230 2726 scilicet,
2263 2663 2526 2720 fratribus
2556 2680 2681 2720 esse
2705 2663 2910 2720 utiles?
2941 2663 3000 2718 Si
3027 2664 3210 2734 itaque
3253 2680 3364 2719 non

1813 2754 2154 2820 cecidissent,
2192 2755 2387 2826 inquit,
2421 2757 2542 2827 ejus
2577 2756 2720 2826 quod
2749 2765 2948 2823 prater
2990 2757 3255 2812 rationem
3283 2756 3354 2812 fe-

1811 2849 2035 2914 cissent,
2067 2849 2147 2904 eis
2180 2848 2404 2905 daretur
2419 2851 2599 2916 venia,
2627 2861 2940 2918 spontaneae
2978 2848 3186 2902 scilicet
3202 2846 3362 2917 fuga},

1811 2939 1895 2994 vel
1928 2938 1983 2993 in
2011 2937 2271 2996 fratribus
2295 2939 2555 2995 docendis
2581 2947 2634 2993 et
2663 2937 3051 2994 confirmandis
3079 2938 3360 2994 socordiae.

1815 3031 1910 3086 Sin
1937 3039 2112 3088 autem
2139 3039 2358 3101 propter
2373 3047 2526 3086 suam
2559 3031 2901 3087 insolentiam
2926 3039 2979 3086 et
2999 3031 3362 3102 arrogantiam

151 3097 494 3191 ἀλαζονείας,
525 3124 783 3196 [τοιοῦτον
805 3130 910 3201 γάρ
929 3133 1043 3184 ἐστι
1069 3131 1130 3184 τὸ
1150 3097 1558 3206 κατατολμῆσαιι
1582 3097 1711 3207 προ-

1813 3125 1952 3195 lapsi
1984 3133 2110 3179 sunt
2183 3097 2289 3180 taie
2325 3125 2469 3180 enim
2493 3133 2574 3180 est
2603 3140 2662 3180 se
2693 3132 2893 3180 temere
2921 3097 3203 3181 tormentis
3227 3124 3367 3196 obji-

153 3215 336 3279 tstc'bc;
369 3215 474 3268 τῶν
503 3217 746 3287 βασάνων
779 3220 872 3273 καὶ
907 3221 979 3292 μὴ
1010 3223 1284 3292 ἐμμεῖναι,
1321 3224 1412 3276 καὶ
1439 3224 1526 3278 διὰ
1558 3224 1714 3279 τοῦτο

154 3308 688 3383 ἑθμαμὸεύθησανΊ
718 3312 898 3366 οὐκέτι
939 3313 1188 3369 δύνανται
1233 3317 1578 3388 λειτουργεῖν.
1623 3318 1712 3372 Διὸ

155 3401 586 3474 φροντιζέτωσαν
626 3405 820 3476 μᾶλλον
861 3406 975 3470 πῶς
1019 3409 1354 3464 ἐκτελέσουσι
1395 3412 1491 3484 τὴν
1524 3411 1712 3482 όμολου

154 3495 275 3561 γίαν
318 3496 379 3546 ἐν
423 3497 903 3570 ταπεινοφροσύνῃ,
958 3501 1290 3572 παυσάμενοι
1321 3503 1418 3573 τῆς
1465 3504 1570 3557 ἀπὺ
1618 3504 1710 3557 τοῦ

154 3583 340 3655 ζητεῖν
365 3586 466 3657 τὴν
493 3585 827 3658 λειτουργίαν
855 3589 1184 3655 κενοδοξίαςι
1218 3593 1376 3664 ἀρκεῖ
1397 3593 1504 3666 γὰρ
1533 3595 1712 3659 αὐτοῖς

149 3677 180 3746 ἠ
212 3677 362 3746 μετά
387 3677 495 3730 τῶν
532 3679 732 3733 πιστῶν
765 3682 1014 3736 κοινωνιία
1043 3683 1131 3737 διὰ
1171 3683 1260 3737 δύο
1302 3685 1556 3757 γινομένη
1592 3689 1712 3740 τινὰ

148 3770 287 3838 μετά
337 3772 652 3845 ἐπιστασίας
697 3773 954 3842 ἀκριϐοῦς
989 3777 1082 3830 καὶ
1125 3776 1451 3848 οἰκονομία-ς.
1496 3778 1557 3831 Εἰ
1604 3779 1711 3852 γὰρ

144 3860 397 3932 εἴπωμεν
425 3863 498 3934 μὴ
545 3861 685 3932 ἔχειν
730 3863 922 3928 αὐτοὺς
966 3870 1341 3934 κοινωνικοὺς,
1389 3870 1606 3934 τούτους
1650 3887 1709 3923 τε

141 3951 487 4026 λυπήσομέν,
517 3953 592 4017 ὡς
615 3955 1032 4027 ἀποφαινόμενοι
1063 3958 1198 4029 μετὰ
1231 3959 1369 4030 βίας,
1399 3963 1560 4032 ἤγουν
1594 3964 1711 4016 ἐπι-

141 4045 547 4118 τετιμημένους
573 4086 588 4109 ,
641 4047 884 4102 ἐντεῦθεν
950 4049 1208 4104 ἀναλῦσαι
1264 4052 1496 4118 αὐτοὺς,
1543 4055 1708 4126 ἤγουν

141 4137 444 4191 ἀποθανεῖν
467 4153 480 4167 ’
519 4139 611 4192 καὶ
637 4141 760 4203 τοὺς
788 4140 974 4205 ἄλλους
1010 4141 1064 4196 δὲ
1097 4144 1424 4208 ἐκπεσόντας
1461 4146 1587 4210 ἴσως
1619 4149 1709 4202 κα)⁸

143 4227 510 4301 βουλομένους
532 4231 861 4303 ὑποστρέψαι
893 4235 973 4298 είς
995 4235 1055 4287 τὸ
1075 4235 1298 4304 ἀγαθὸν,
1330 4237 1710 4310 ἐκλελυμένους

139 4321 279 4392 πρὸς
308 4321 476 4376 τοῦτο
504 4323 595 4374 καὶ
626 4323 842 4393 ἀμελεῖς
868 4327 1180 4396 ποιήσομεν,
1218 4331 1708 4400 προφασιζομένους

1811 3231 1935 3273 cere
1957 3216 2174 3280 audere,
2203 3230 2304 3270 nec
2335 3231 2494 3286 posse
2512 3216 2764 3280 tolerare,
2791 3226 2844 3272 et
2873 3225 3157 3288 propterea
3185 3217 3253 3274 de
3279 3219 3362 3275 eis

1810 3307 2119 3377 triumphus
2149 3316 2300 3363 actus
2351 3305 2476 3377 est),
2521 3321 2630 3361 non
2684 3318 2912 3378 possunt
2947 3309 3180 3379 amplius
3205 3321 3363 3365 sacra

1811 3398 2110 3454 ministeria
2127 3398 2297 3453 obire.
2313 3397 2673 3465 Quamobrem
2695 3400 2866 3471 magis
2882 3411 3074 3457 curent
3090 3403 3364 3474 quomodo

1811 3490 2206 3546 confessionem
2235 3488 2288 3543 in
2325 3489 2630 3544 humilitate
2684 3498 2962 3561 peragant,
3023 3500 3302 3548 cessantes
3331 3509 3362 3548 a

1811 3597 1949 3637 vana
1976 3582 2146 3653 gloria
2188 3595 2402 3636 sacrum
2433 3581 2796 3636 minister-ium
2849 3583 3065 3652 petendi
3099 3603 3114 3639 :
3167 3582 3366 3640 suﬂicit

1810 3675 1953 3730 enim
1995 3675 2074 3729 eis
2107 3688 2230 3727 cum
2261 3671 2512 3727 fidelibus
2535 3673 2866 3736 communio,
2898 3689 3018 3744 quae
3051 3673 3111 3728 fit
3145 3683 3364 3745 propter

1811 3766 1938 3830 duo,
1969 3764 2212 3836 diligenti
2241 3765 2491 3819 cautione
2521 3773 2779 3835 rectoque
2805 3765 3056 3820 consilio.
3110 3763 3164 3820 Si
3217 3766 3361 3821 enim

1809 3859 2104 3916 dixerimus
2155 3873 2253 3913 nos
2300 3875 2394 3914 eos
2429 3874 2534 3912 non
2560 3858 2759 3914 habere
2783 3873 2882 3928 pro
2913 3858 3363 3912 communicanti—

1809 3953 1931 4017 bus,
1961 3959 2015 4007 et
2037 3965 2131 4006 eos
2160 3951 2406 4006 molestia
2436 3950 2731 4006 aﬂiciemus
2754 3959 3008 4021 tanquam
3037 3950 3360 4005 sententiam

1812 4046 2066 4113 ferentes,
2095 4061 2211 4110 eos,
2247 4047 2319 4111 vi,
2358 4059 2452 4100 seu
2480 4045 2792 4109 mulctatos,
2822 4045 2951 4100 hinc
2987 4045 3231 4111 dissoivi,
3264 4061 3360 4101 seu

1809 4137 1980 4204 mori;
2011 4147 2064 4191 et
2093 4136 2229 4192 alios
2265 4151 2480 4206 quoque
2510 4137 2602 4206 qui
2661 4136 2894 4193 fortasse
2936 4137 3072 4208 lapsi
3121 4145 3276 4203 sunt,
3307 4145 3362 4193 et

1808 4231 1996 4286 volunt
2022 4229 2090 4284 ad
2119 4229 2263 4299 quod
2296 4228 2494 4282 bonum
2523 4237 2606 4283 est
2636 4229 2836 4294 redire,
2872 4230 3134 4287 remissos
3160 4229 3228 4285 ad
3258 4230 3360 4286 hoc

1807 4330 1861 4377 et
1880 4321 2208 4393 negligentes
2235 4318 2550 4385 efﬁciemus,
2583 4329 2872 4376 causantes
2893 4336 2953 4376 se
2981 4321 3227 4378 fidelibus
3250 4337 3359 4378 non

134 4415 194 4466 τὸ
229 4417 308 4486 μὴ
341 4415 561 4484 μέλλειν
585 4416 777 4478 αὐτοὺς
804 4413 946 4469 εἷναι
973 4422 1315 4484 κοινωνικούς
1341 4425 1452 4486 τοῖς
1479 4427 1704 4488 πιστοῖς,

1812 4430 1932 4470 esse
1960 4413 2458 4468 communicaturos
2485 4452 2499 4476 ,
2545 4413 2756 4468 etiamsi
2805 4421 2928 4483 post
2958 4413 3166 4484 lapsum
3199 4414 3359 4472 fidem

134 4506 238 4557 κᾶν
290 4505 671 4576 ὁμολογήσωσι
719 4508 817 4578 τὴν
864 4509 1044 4563 πίστιν
1087 4511 1221 4580 μετά
1269 4515 1365 4584 τὴν
1401 4514 1701 4569 ἔκπτωσιν·

133 4596 360 4660 οἵτινες,
397 4596 471 4666 μὴ
502 4597 936 4668 ἐπιστρέφοντες,
978 4601 1136 4655 πλέον
1165 4604 1416 4658 ἁπάντων
1455 4605 1540 4659 ἴνα
1571 4609 1707 4660 ὀνει-

129 4687 367 4741 εισθῶσι
387 4688 482 4740 καὶ
505 4687 858 4758 αἱσχυνθῶσιῐ
882 4691 1022 4748 καθά
1044 4692 1105 4764 (f.
1126 4694 1284 4764 κατὰ)
1298 4697 1386 4749 τὸν
1407 4699 1704 4770 ποιήσαντα

131 4779 233 4845 μὲν
260 4778 528 4848 θεμέλιον
544 4818 558 4841 ,
591 4779 662 4850 μή
696 4780 1052 4852 πληρώσαντα
1076 4783 1131 4837 δὲ
1147 4785 1366 4856 οἴκημα.
1389 4787 1571 4859 Τούτῳ
1598 4789 1703 4860 γὰρ

125 4869 388 4923 ἐοίκασιν
423 4871 473 4922 οἱ
516 4870 648 4942 πρὸς
682 4872 940 4942 βασάνους
972 4875 1429 4948 αὐτομολήσαντες
1477 4881 1574 4950 μὲν
1616 4881 1700 4934 διὰ

123 4959 385 5031 Χριστὸν
422 4960 520 5012 καὶ
558 4961 716 5013 οἱονεὶ
750 4962 910 5015 καλὸν
958 4963 1171 5034 θέμενοι
1200 4964 1471 5035 θεμέλιον,
1506 4967 1579 5039 μή
1609 4968 1700 5020 δυ-

123 5052 402 5124 νηθέντες
427 5051 486 5104 δέ
527 5051 805 5106 τελειῶσαι
835 5054 894 5107 τὸ
937 5055 1098 5109 καλὸν
1144 5057 1228 5111 διὰ
1276 5059 1373 5130 τὴν
1413 5059 1697 5113 ἔκπτωσιν.

129 5144 459 5213 Σημείωσαι
510 5139 633 5210 οῦν,
661 5145 742 5197 ὅτι
787 5145 903 5199 οὐδὲ
950 5149 982 5219 ἡ
1033 5148 1120 5202 διὰ
1175 5150 1405 5219 Χριστὸν
1447 5151 1700 5221 ὁμολογία

136 5233 488 5304 mutem;
515 5234 607 5289 τὸν
646 5236 791 5302 ἅπαξ
833 5240 898 5291 ἐκ
937 5239 1032 5292 τοῦ
1066 5240 1263 5312 κλήρου
1301 5240 1699 5308 ἀποξενωθέντα

138 5324 208 5379 id:
242 5329 362 5398 τὴν
392 5327 680 5381 ἔκπτωσιν.

199 5495 223 5523 ι
257 5481 410 5537 Luc.
443 5481 660 5547 x1v,29,
691 5483 780 5538 30.

1809 4505 2044 4563 confessi
2075 4507 2304 4562 fuerint:
2337 4507 2428 4578 qui
2461 4507 2506 4561 si
2529 4523 2638 4561 non
2667 4512 3070 4572 convertantur,
3095 4506 3215 4578 plus
3231 4521 3358 4578 pro-

1807 4600 1892 4655 bri
1924 4611 1977 4656 et
2010 4599 2316 4669 ignominia:
2339 4613 2500 4669 quam
2513 4613 2700 4653 omnes
2719 4598 3076 4669 susceperint,
3094 4597 3357 4668 quemad-

1806 4692 2025 4748 modum
2052 4701 2106 4746 et
2135 4691 2224 4761 qui
2255 4689 2382 4746 fecit
2410 4689 2844 4755 fundamentum,
2902 4689 3123 4745 domum
3174 4698 3354 4747 autem

1808 4800 1914 4840 non
1941 4783 2178 4854 perfecit.
2202 4781 2261 4835 Ei
2285 4782 2429 4838 eiiim
2462 4787 2591 4837 sunt
2617 4782 2841 4845 similes,
2869 4782 2962 4851 qui
2986 4781 3049 4836 ad
3087 4789 3356 4838 tormenta

1805 4876 2022 4946 quidem
2066 4883 2283 4944 propter
2336 4872 2612 4929 Christum
2665 4871 3043 4942 confugerunt,
3093 4878 3146 4926 et
3188 4873 3356 4928 veluti

1807 4967 2030 5036 pulchro
2052 4966 2200 5035 jacto
2247 4963 2618 5029 fundamento,
2655 4962 2707 5017 id
2733 4962 2877 5033 quod
2927 4962 3213 5019 honestum
3247 4972 3350 5026 est,

1807 5057 2062 5127 perlicere
2085 5063 2302 5127 pr0pter
2330 5056 2540 5124 lapsum
2564 5069 2672 5108 non
2707 5061 3019 5124 potuerunt.
3045 5053 3182 5111 Nota
3200 5069 3350 5124 ergo,

1806 5147 1948 5218 quod
1989 5161 2055 5200 ne
2099 5144 2372 5200 confessio
2404 5143 2618 5216 quidem
2645 5153 2862 5214 propter
2889 5145 3164 5202 Christum
3195 5145 3355 5201 resti-

1807 5244 1908 5292 tuit
1933 5253 2076 5303 eum,
2101 5236 2194 5307 qui
2218 5235 2385 5292 semel
2417 5250 2448 5290 a
2487 5235 2634 5291 clero
2665 5237 3000 5294 abalienatus
3027 5245 3111 5295 est
3131 5243 3352 5310 propter

1805 5331 2036 5402 lapsum.

1437 5603 1660 5660 VARUS
1697 5600 2092 5659 LECTIONES.

241 5715 284 5746 ³⁸
317 5712 558 5769 τέθεικε.

511 5811 783 5874 Parnm.
825 5812 938 5877 Gn.
985 5812 1214 5873 XVIII.

2909 5765 3036 5874 ιιι¹
