  <div class='ocr_page' id='page_1' title='image "/cluster/home/n/w/nwhite01/storage/ocr_20150623/18/hvd.32044073501207/251.png"; bbox 0 0 3906 6194; ppageno 0'>
   <div class='ocr_carea' id='block_1_1' title="bbox 749 277 844 334">
    <p class='ocr_par' dir='ltr' id='par_1_1' title="bbox 749 277 844 334">
     <span class='ocr_line' id='line_1_1' title="bbox 749 277 844 334; baseline 0 -1"><span class='ocrx_word' id='word_1_1' title='bbox 749 277 844 334; x_wconf 77' lang='grc'><strong>491</strong></span> 
     </span>
    </p>
   </div>
   <div class='ocr_carea' id='block_1_2' title="bbox 1731 277 3689 361">
    <p class='ocr_par' dir='ltr' id='par_1_2' title="bbox 1731 277 3689 361">
     <span class='ocr_line' id='line_1_2' title="bbox 1731 277 3689 361; baseline 0.004 -28"><span class='ocrx_word' id='word_1_2' title='bbox 1731 277 1790 335; x_wconf 80' lang='lat' dir='ltr'><strong>S.</strong></span> <span class='ocrx_word' id='word_1_3' title='bbox 1833 277 2037 336; x_wconf 80' lang='lat' dir='ltr'><strong>PETRI</strong></span> <span class='ocrx_word' id='word_1_4' title='bbox 2075 281 2543 339; x_wconf 67' lang='lat' dir='ltr'><strong>ALEXANDR&#39;NI</strong></span> <span class='ocrx_word' id='word_1_5' title='bbox 2582 281 2888 339; x_wconf 80' lang='lat' dir='ltr'><strong>EPISCOPI</strong></span> <span class='ocrx_word' id='word_1_6' title='bbox 3631 305 3689 361; x_wconf 59' lang='lat'><strong>593</strong></span> 
     </span>
    </p>
   </div>
   <div class='ocr_carea' id='block_1_3' title="bbox 816 393 2358 490">
    <p class='ocr_par' dir='ltr' id='par_1_3' title="bbox 816 393 2358 468">
     <span class='ocr_line' id='line_1_3' title="bbox 816 393 2358 468; baseline 0.004 -19"><span class='ocrx_word' id='word_1_7' title='bbox 816 393 1020 450; x_wconf 70' lang='grc' dir='ltr'>Ζοιυιι.</span> <span class='ocrx_word' id='word_1_8' title='bbox 1054 393 1127 449; x_wconf 89' lang='lat' dir='ltr'><strong>De</strong></span> <span class='ocrx_word' id='word_1_9' title='bbox 1158 394 1224 450; x_wconf 89' lang='lat' dir='ltr'><strong>iis</strong></span> <span class='ocrx_word' id='word_1_10' title='bbox 1250 395 1343 465; x_wconf 87' lang='lat' dir='ltr'><strong>qui</strong></span> <span class='ocrx_word' id='word_1_11' title='bbox 1375 410 1434 451; x_wconf 90' lang='lat' dir='ltr'><strong>se</strong></span> <span class='ocrx_word' id='word_1_12' title='bbox 1459 395 1601 450; x_wconf 89' lang='lat' dir='ltr'><strong>ultro</strong></span> <span class='ocrx_word' id='word_1_13' title='bbox 1619 397 1866 468; x_wconf 84' lang='lat' dir='ltr'><strong>martyrii</strong></span> <span class='ocrx_word' id='word_1_14' title='bbox 1889 399 2176 454; x_wconf 75' lang='lat' dir='ltr'><strong>certamini</strong></span> <span class='ocrx_word' id='word_1_15' title='bbox 2205 401 2299 455; x_wconf 80' lang='lat' dir='ltr'><strong>ob-</strong></span> <span class='ocrx_word' id='word_1_16' title='bbox 2331 406 2358 462; x_wconf 74' lang='grc' dir='ltr'><strong><em>Α</em></strong></span> 
     </span>
    </p>
   </div>
   <div class='ocr_carea' id='block_1_4' title="bbox 2149 393 3691 490">
    <p class='ocr_par' dir='ltr' id='par_1_4' title="bbox 2149 399 3691 490">
     <span class='ocr_line' id='line_1_4' title="bbox 2149 399 3691 490; baseline 0.008 -36"><span class='ocrx_word' id='word_1_17' title='bbox 2149 399 2176 454; x_wconf 72' lang='lat' dir='ltr'><strong>li</strong></span> <span class='ocrx_word' id='word_1_18' title='bbox 2205 401 2299 455; x_wconf 79' lang='grc' dir='ltr'><strong>οὶ)-</strong></span> <span class='ocrx_word' id='word_1_19' title='bbox 2331 406 2377 462; x_wconf 80' lang='grc' dir='ltr'><strong>Α</strong></span> <span class='ocrx_word' id='word_1_20' title='bbox 2474 400 2714 455; x_wconf 77' lang='grc' dir='ltr'><strong>ΖΩΝΑΡ.</strong></span> <span class='ocrx_word' id='word_1_21' title='bbox 2755 400 2891 472; x_wconf 78' lang='grc' dir='ltr'>Περὶ</span> <span class='ocrx_word' id='word_1_22' title='bbox 2931 401 3348 476; x_wconf 71' lang='grc' dir='ltr'><strong>αὐτομολησάντων</strong></span> <span class='ocrx_word' id='word_1_23' title='bbox 3376 408 3428 472; x_wconf 83' lang='grc' dir='ltr'><strong>είς</strong></span> <span class='ocrx_word' id='word_1_24' title='bbox 3458 410 3515 464; x_wconf 68' lang='grc' dir='ltr'>τὸν</span> <span class='ocrx_word' id='word_1_25' title='bbox 3537 413 3593 467; x_wconf 78' lang='grc' dir='ltr'>τοῦ</span> <span class='ocrx_word' id='word_1_26' title='bbox 3614 434 3691 490; x_wconf 52' lang='grc' dir='ltr'>με).</span> 
     </span>
    </p>
   </div>
   <div class='ocr_carea' id='block_1_5' title="bbox 741 485 2301 564">
    <p class='ocr_par' dir='ltr' id='par_1_5' title="bbox 741 485 2301 564">
     <span class='ocr_line' id='line_1_5' title="bbox 741 485 2301 564; baseline 0.003 -22"><span class='ocrx_word' id='word_1_27' title='bbox 741 487 988 558; x_wconf 82' lang='lat' dir='ltr'><strong>iecerunt</strong></span> <span class='ocrx_word' id='word_1_28' title='bbox 1017 487 1230 542; x_wconf 89' lang='lat' dir='ltr'><strong>locutus</strong></span> <span class='ocrx_word' id='word_1_29' title='bbox 1258 485 1436 552; x_wconf 90' lang='lat' dir='ltr'><strong>Pater,</strong></span> <span class='ocrx_word' id='word_1_30' title='bbox 1490 503 1636 543; x_wconf 88' lang='lat' dir='ltr'><strong>nunc</strong></span> <span class='ocrx_word' id='word_1_31' title='bbox 1679 488 1746 544; x_wconf 90' lang='lat' dir='ltr'><strong>de</strong></span> <span class='ocrx_word' id='word_1_32' title='bbox 1777 490 1996 547; x_wconf 87' lang='lat' dir='ltr'><strong>clericis</strong></span> <span class='ocrx_word' id='word_1_33' title='bbox 2041 493 2136 564; x_wconf 87' lang='lat' dir='ltr'><strong>qui</strong></span> <span class='ocrx_word' id='word_1_34' title='bbox 2164 492 2301 547; x_wconf 91' lang='lat' dir='ltr'><strong>idem</strong></span> 
     </span>
    </p>
   </div>
   <div class='ocr_carea' id='block_1_6' title="bbox 743 577 2304 654">
    <p class='ocr_par' dir='ltr' id='par_1_6' title="bbox 743 577 2304 654">
     <span class='ocr_line' id='line_1_6' title="bbox 743 577 2304 654; baseline 0.003 -19"><span class='ocrx_word' id='word_1_35' title='bbox 743 578 988 635; x_wconf 86' lang='lat' dir='ltr'><strong>fecerunt</strong></span> <span class='ocrx_word' id='word_1_36' title='bbox 1009 577 1305 634; x_wconf 91' lang='lat' dir='ltr'><strong>orationem</strong></span> <span class='ocrx_word' id='word_1_37' title='bbox 1326 579 1560 634; x_wconf 89' lang='lat' dir='ltr'><strong>instituit</strong></span> <span class='ocrx_word' id='word_1_38' title='bbox 1587 599 1599 635; x_wconf 94' lang='lat'>:</span> <span class='ocrx_word' id='word_1_39' title='bbox 1633 587 1795 652; x_wconf 88' lang='lat' dir='ltr'><strong>atque</strong></span> <span class='ocrx_word' id='word_1_40' title='bbox 1825 583 2082 638; x_wconf 85' lang='lat' dir='ltr'><strong>clericum</strong></span> <span class='ocrx_word' id='word_1_41' title='bbox 2113 583 2158 638; x_wconf 98' lang='lat' dir='ltr'><strong>si</strong></span> <span class='ocrx_word' id='word_1_42' title='bbox 2180 585 2304 654; x_wconf 84' lang='lat' dir='ltr'><strong>quis</strong></span> 
     </span>
    </p>
   </div>
   <div class='ocr_carea' id='block_1_7' title="bbox 741 671 2304 736">
    <p class='ocr_par' dir='ltr' id='par_1_7' title="bbox 741 671 2304 736">
     <span class='ocr_line' id='line_1_7' title="bbox 741 671 2304 736; baseline 0.001 -7"><span class='ocrx_word' id='word_1_43' title='bbox 741 689 801 729; x_wconf 70' lang='lat' dir='ltr'><strong>se</strong></span> <span class='ocrx_word' id='word_1_44' title='bbox 830 673 974 726; x_wconf 87' lang='lat' dir='ltr'><strong>ultro</strong></span> <span class='ocrx_word' id='word_1_45' title='bbox 1025 671 1252 736; x_wconf 85' lang='lat' dir='ltr'><strong>dedidit,</strong></span> <span class='ocrx_word' id='word_1_46' title='bbox 1301 687 1426 726; x_wconf 80' lang='lat' dir='ltr'><strong>mox</strong></span> <span class='ocrx_word' id='word_1_47' title='bbox 1468 672 1579 726; x_wconf 87' lang='lat' dir='ltr'><strong>vim</strong></span> <span class='ocrx_word' id='word_1_48' title='bbox 1628 679 2028 730; x_wconf 85' lang='lat' dir='ltr'><strong>tormentorum</strong></span> <span class='ocrx_word' id='word_1_49' title='bbox 2083 676 2304 730; x_wconf 88' lang='lat' dir='ltr'><strong>minime</strong></span> 
     </span>
    </p>
   </div>
   <div class='ocr_carea' id='block_1_8' title="bbox 743 763 2302 838">
    <p class='ocr_par' dir='ltr' id='par_1_8' title="bbox 743 763 2302 838">
     <span class='ocr_line' id='line_1_8' title="bbox 743 763 2302 838; baseline 0.003 -21"><span class='ocrx_word' id='word_1_50' title='bbox 743 763 1019 833; x_wconf 72' lang='lat' dir='ltr'><strong>perferens</strong></span> <span class='ocrx_word' id='word_1_51' title='bbox 1045 764 1231 833; x_wconf 89' lang='lat' dir='ltr'><strong>lapsus</strong></span> <span class='ocrx_word' id='word_1_52' title='bbox 1264 771 1368 827; x_wconf 91' lang='lat' dir='ltr'><strong>est,</strong></span> <span class='ocrx_word' id='word_1_53' title='bbox 1402 778 1466 818; x_wconf 94' lang='lat' dir='ltr'><strong>ac</strong></span> <span class='ocrx_word' id='word_1_54' title='bbox 1496 779 1716 818; x_wconf 81' lang='lat' dir='ltr'><strong>rursum</strong></span> <span class='ocrx_word' id='word_1_55' title='bbox 1736 781 1794 820; x_wconf 89' lang='lat' dir='ltr'><strong>se</strong></span> <span class='ocrx_word' id='word_1_56' title='bbox 1827 765 2007 835; x_wconf 89' lang='lat' dir='ltr'><strong>ipsum</strong></span> <span class='ocrx_word' id='word_1_57' title='bbox 2039 767 2302 838; x_wconf 80' lang='lat' dir='ltr'><strong>colligens</strong></span> 
     </span>
    </p>
   </div>
   <div class='ocr_carea' id='block_1_9' title="bbox 740 855 2305 919">
    <p class='ocr_par' dir='ltr' id='par_1_9' title="bbox 740 855 2305 919">
     <span class='ocr_line' id='line_1_9' title="bbox 740 855 2305 919; baseline 0.002 -9"><span class='ocrx_word' id='word_1_58' title='bbox 740 855 920 912; x_wconf 90' lang='lat' dir='ltr'><strong>denuo</strong></span> <span class='ocrx_word' id='word_1_59' title='bbox 949 871 1009 910; x_wconf 90' lang='lat' dir='ltr'><strong>se</strong></span> <span class='ocrx_word' id='word_1_60' title='bbox 1033 855 1100 908; x_wconf 92' lang='lat' dir='ltr'><strong>ad</strong></span> <span class='ocrx_word' id='word_1_61' title='bbox 1131 862 1408 912; x_wconf 87' lang='lat' dir='ltr'><strong>certamen</strong></span> <span class='ocrx_word' id='word_1_62' title='bbox 1431 855 1624 919; x_wconf 85' lang='lat' dir='ltr'><strong>erexit,</strong></span> <span class='ocrx_word' id='word_1_63' title='bbox 1647 869 1710 910; x_wconf 89' lang='lat' dir='ltr'><strong>ac</strong></span> <span class='ocrx_word' id='word_1_64' title='bbox 1739 871 1799 912; x_wconf 85' lang='lat' dir='ltr'><strong>se</strong></span> <span class='ocrx_word' id='word_1_65' title='bbox 1813 855 2184 913; x_wconf 85' lang='lat' dir='ltr'><strong>Christianum</strong></span> <span class='ocrx_word' id='word_1_66' title='bbox 2209 873 2305 913; x_wconf 89' lang='lat' dir='ltr'><strong>co-</strong></span> 
     </span>
    </p>
   </div>
   <div class='ocr_carea' id='block_1_10' title="bbox 740 945 2303 1021">
    <p class='ocr_par' dir='ltr' id='par_1_10' title="bbox 740 945 2303 1021">
     <span class='ocr_line' id='line_1_10' title="bbox 740 945 2303 1021; baseline -0.003 -15"><span class='ocrx_word' id='word_1_67' title='bbox 740 966 858 1008; x_wconf 88' lang='lat' dir='ltr'><strong>ram</strong></span> <span class='ocrx_word' id='word_1_68' title='bbox 882 945 1128 1021; x_wconf 87' lang='lat' dir='ltr'><strong>tyrannis</strong></span> <span class='ocrx_word' id='word_1_69' title='bbox 1157 955 1241 1003; x_wconf 89' lang='lat' dir='ltr'><strong>est</strong></span> <span class='ocrx_word' id='word_1_70' title='bbox 1265 946 1563 1018; x_wconf 87' lang='lat' dir='ltr'><strong>professus,</strong></span> <span class='ocrx_word' id='word_1_71' title='bbox 1597 963 1704 1002; x_wconf 84' lang='lat' dir='ltr'><strong>non</strong></span> <span class='ocrx_word' id='word_1_72' title='bbox 1735 962 1858 1003; x_wconf 90' lang='lat' dir='ltr'><strong>esse</strong></span> <span class='ocrx_word' id='word_1_73' title='bbox 1891 947 2161 1018; x_wconf 81' lang='lat' dir='ltr'><strong>ejusmodi</strong></span> <span class='ocrx_word' id='word_1_74' title='bbox 2206 948 2303 1003; x_wconf 87' lang='lat' dir='ltr'><strong>ho-</strong></span> 
     </span>
    </p>
   </div>
   <div class='ocr_carea' id='block_1_11' title="bbox 740 1037 2298 1109">
    <p class='ocr_par' dir='ltr' id='par_1_11' title="bbox 740 1037 2298 1109">
     <span class='ocr_line' id='line_1_11' title="bbox 740 1037 2298 1109; baseline -0.001 -14"><span class='ocrx_word' id='word_1_75' title='bbox 740 1041 940 1096; x_wconf 90' lang='lat' dir='ltr'><strong>minem</strong></span> <span class='ocrx_word' id='word_1_76' title='bbox 980 1037 1046 1092; x_wconf 89' lang='lat' dir='ltr'><strong>ad</strong></span> <span class='ocrx_word' id='word_1_77' title='bbox 1079 1053 1234 1092; x_wconf 89' lang='lat' dir='ltr'><strong>sacra</strong></span> <span class='ocrx_word' id='word_1_78' title='bbox 1267 1037 1568 1094; x_wconf 88' lang='lat' dir='ltr'><strong>ministeria</strong></span> <span class='ocrx_word' id='word_1_79' title='bbox 1598 1037 1832 1109; x_wconf 88' lang='lat' dir='ltr'><strong>amplius</strong></span> <span class='ocrx_word' id='word_1_80' title='bbox 1882 1037 2298 1094; x_wconf 87' lang='lat' dir='ltr'><strong>admittendum.</strong></span> 
     </span>
    </p>
   </div>
   <div class='ocr_carea' id='block_1_12' title="bbox 738 1129 2302 1204">
    <p class='ocr_par' dir='ltr' id='par_1_12' title="bbox 738 1129 2302 1204">
     <span class='ocr_line' id='line_1_12' title="bbox 738 1129 2302 1204; baseline -0.001 -17"><span class='ocrx_word' id='word_1_81' title='bbox 738 1135 1078 1204; x_wconf 83' lang='lat' dir='ltr'><strong>Causamque</strong></span> <span class='ocrx_word' id='word_1_82' title='bbox 1103 1131 1383 1201; x_wconf 84' lang='lat' dir='ltr'><strong>subjungit</strong></span> <span class='ocrx_word' id='word_1_83' title='bbox 1412 1150 1425 1184; x_wconf 91' lang='lat'>:</span> <span class='ocrx_word' id='word_1_84' title='bbox 1481 1129 1606 1200; x_wconf 83' lang='lat' dir='ltr'><strong>quia</strong></span> <span class='ocrx_word' id='word_1_85' title='bbox 1638 1130 1899 1185; x_wconf 89' lang='lat' dir='ltr'><strong>nimirum</strong></span> <span class='ocrx_word' id='word_1_86' title='bbox 1933 1129 2148 1186; x_wconf 90' lang='lat' dir='ltr'><strong>Domini</strong></span> <span class='ocrx_word' id='word_1_87' title='bbox 2180 1147 2302 1202; x_wconf 82' lang='lat' dir='ltr'><strong>gre-</strong></span> 
     </span>
    </p>
   </div>
   <div class='ocr_carea' id='block_1_13' title="bbox 737 1224 2303 1298">
    <p class='ocr_par' dir='ltr' id='par_1_13' title="bbox 737 1224 2303 1298">
     <span class='ocr_line' id='line_1_13' title="bbox 737 1224 2303 1298; baseline -0.001 -16"><span class='ocrx_word' id='word_1_88' title='bbox 737 1243 856 1298; x_wconf 88' lang='lat' dir='ltr'><strong>gem</strong></span> <span class='ocrx_word' id='word_1_89' title='bbox 880 1226 1137 1290; x_wconf 90' lang='lat' dir='ltr'><strong>deseruit,</strong></span> <span class='ocrx_word' id='word_1_90' title='bbox 1169 1240 1232 1279; x_wconf 89' lang='lat' dir='ltr'><strong>ac</strong></span> <span class='ocrx_word' id='word_1_91' title='bbox 1263 1240 1327 1280; x_wconf 81' lang='lat' dir='ltr'><strong>ex</strong></span> <span class='ocrx_word' id='word_1_92' title='bbox 1369 1239 1432 1280; x_wconf 93' lang='lat' dir='ltr'><strong>eo</strong></span> <span class='ocrx_word' id='word_1_93' title='bbox 1461 1224 1607 1294; x_wconf 90' lang='lat' dir='ltr'><strong>quod</strong></span> <span class='ocrx_word' id='word_1_94' title='bbox 1655 1232 1850 1294; x_wconf 84' lang='lat' dir='ltr'><strong>sponte</strong></span> <span class='ocrx_word' id='word_1_95' title='bbox 1886 1239 1944 1281; x_wconf 90' lang='lat' dir='ltr'><strong>se</strong></span> <span class='ocrx_word' id='word_1_96' title='bbox 1975 1224 2176 1294; x_wconf 87' lang='lat' dir='ltr'><strong>objecit</strong></span> <span class='ocrx_word' id='word_1_97' title='bbox 2206 1224 2303 1280; x_wconf 92' lang='lat' dir='ltr'><strong>ho-</strong></span> 
     </span>
    </p>
   </div>
   <div class='ocr_carea' id='block_1_14' title="bbox 738 1316 2303 1388">
    <p class='ocr_par' dir='ltr' id='par_1_14' title="bbox 738 1316 2303 1388">
     <span class='ocr_line' id='line_1_14' title="bbox 738 1316 2303 1388; baseline -0.001 -16"><span class='ocrx_word' id='word_1_98' title='bbox 738 1317 935 1384; x_wconf 84' lang='lat' dir='ltr'><strong>stibus,</strong></span> <span class='ocrx_word' id='word_1_99' title='bbox 972 1333 1147 1388; x_wconf 88' lang='lat' dir='ltr'><strong>neque</strong></span> <span class='ocrx_word' id='word_1_100' title='bbox 1197 1322 1514 1372; x_wconf 85' lang='lat' dir='ltr'><strong>constanter</strong></span> <span class='ocrx_word' id='word_1_101' title='bbox 1561 1323 1830 1372; x_wconf 89' lang='lat' dir='ltr'><strong>tormenta</strong></span> <span class='ocrx_word' id='word_1_102' title='bbox 1860 1317 2106 1386; x_wconf 87' lang='lat' dir='ltr'><strong>pertulit,</strong></span> <span class='ocrx_word' id='word_1_103' title='bbox 2149 1316 2303 1388; x_wconf 85' lang='lat' dir='ltr'><strong>igno-</strong></span> 
     </span>
    </p>
   </div>
   <div class='ocr_carea' id='block_1_15' title="bbox 736 1406 2299 1480">
    <p class='ocr_par' dir='ltr' id='par_1_15' title="bbox 736 1406 2299 1480">
     <span class='ocr_line' id='line_1_15' title="bbox 736 1406 2299 1480; baseline -0.001 -15"><span class='ocrx_word' id='word_1_104' title='bbox 736 1410 958 1466; x_wconf 85' lang='lat' dir='ltr'><strong>miniam</strong></span> <span class='ocrx_word' id='word_1_105' title='bbox 990 1409 1092 1464; x_wconf 87' lang='lat' dir='ltr'><strong>sibi</strong></span> <span class='ocrx_word' id='word_1_106' title='bbox 1114 1407 1217 1480; x_wconf 89' lang='lat' dir='ltr'><strong>ipsi</strong></span> <span class='ocrx_word' id='word_1_107' title='bbox 1241 1407 1569 1464; x_wconf 74' lang='lat' dir='ltr'><strong>conciliavit.</strong></span> <span class='ocrx_word' id='word_1_108' title='bbox 1610 1406 1678 1462; x_wconf 87' lang='lat' dir='ltr'><strong>Ut</strong></span> <span class='ocrx_word' id='word_1_109' title='bbox 1703 1416 1884 1463; x_wconf 91' lang='lat' dir='ltr'><strong>autem</strong></span> <span class='ocrx_word' id='word_1_110' title='bbox 1908 1409 2092 1480; x_wconf 90' lang='lat' dir='ltr'><strong>populi</strong></span> <span class='ocrx_word' id='word_1_111' title='bbox 2137 1408 2299 1465; x_wconf 90' lang='lat' dir='ltr'><strong>insti-</strong></span> 
     </span>
    </p>
   </div>
   <div class='ocr_carea' id='block_1_16' title="bbox 737 1500 2299 1571">
    <p class='ocr_par' dir='ltr' id='par_1_16' title="bbox 737 1500 2299 1571">
     <span class='ocr_line' id='line_1_16' title="bbox 737 1500 2299 1571; baseline 0 -15"><span class='ocrx_word' id='word_1_112' title='bbox 737 1503 1000 1558; x_wconf 86' lang='lat' dir='ltr'><strong>tutionem</strong></span> <span class='ocrx_word' id='word_1_113' title='bbox 1021 1507 1453 1566; x_wconf 84' lang='lat' dir='ltr'><strong>contemnerent,</strong></span> <span class='ocrx_word' id='word_1_114' title='bbox 1487 1515 1750 1571; x_wconf 87' lang='lat' dir='ltr'><strong>suamque</strong></span> <span class='ocrx_word' id='word_1_115' title='bbox 1763 1500 2057 1556; x_wconf 88' lang='lat' dir='ltr'><strong>utilitatem</strong></span> <span class='ocrx_word' id='word_1_116' title='bbox 2087 1501 2299 1558; x_wconf 77' lang='lat' dir='ltr'><strong>ezeteris</strong></span> 
     </span>
    </p>
   </div>
   <div class='ocr_carea' id='block_1_17' title="bbox 735 1591 2293 1664">
    <p class='ocr_par' dir='ltr' id='par_1_17' title="bbox 735 1591 2293 1664">
     <span class='ocr_line' id='line_1_17' title="bbox 735 1591 2293 1664; baseline -0.001 -13"><span class='ocrx_word' id='word_1_117' title='bbox 735 1596 990 1650; x_wconf 90' lang='lat' dir='ltr'><strong>omnibus</strong></span> <span class='ocrx_word' id='word_1_118' title='bbox 1019 1592 1371 1656; x_wconf 77' lang='lat' dir='ltr'><strong>anteferrent,</strong></span> <span class='ocrx_word' id='word_1_119' title='bbox 1403 1607 1472 1648; x_wconf 90' lang='lat' dir='ltr'><strong>ne</strong></span> <span class='ocrx_word' id='word_1_120' title='bbox 1505 1593 1734 1663; x_wconf 88' lang='lat' dir='ltr'><strong>apostoli</strong></span> <span class='ocrx_word' id='word_1_121' title='bbox 1763 1592 1980 1664; x_wconf 83' lang='lat' dir='ltr'><strong>quidem</strong></span> <span class='ocrx_word' id='word_1_122' title='bbox 2032 1591 2293 1650; x_wconf 71' lang='lat' dir='ltr'><strong>fecerunt.</strong></span> 
     </span>
    </p>
   </div>
   <div class='ocr_carea' id='block_1_18' title="bbox 735 1685 2296 1762">
    <p class='ocr_par' dir='ltr' id='par_1_18' title="bbox 735 1685 2296 1762">
     <span class='ocr_line' id='line_1_18' title="bbox 735 1685 2296 1762; baseline -0.003 -16"><span class='ocrx_word' id='word_1_123' title='bbox 735 1691 962 1762; x_wconf 79' lang='lat' dir='ltr'><strong>Magnus</strong></span> <span class='ocrx_word' id='word_1_124' title='bbox 1009 1703 1242 1758; x_wconf 86' lang='lat' dir='ltr'><strong>namque</strong></span> <span class='ocrx_word' id='word_1_125' title='bbox 1291 1685 1515 1753; x_wconf 84' lang='lat' dir='ltr'><strong>Paulus,</strong></span> <span class='ocrx_word' id='word_1_126' title='bbox 1573 1701 1698 1742; x_wconf 89' lang='lat' dir='ltr'><strong>cum</strong></span> <span class='ocrx_word' id='word_1_127' title='bbox 1748 1686 1948 1742; x_wconf 88' lang='lat' dir='ltr'><strong>multos</strong></span> <span class='ocrx_word' id='word_1_128' title='bbox 1985 1687 2296 1757; x_wconf 86' lang='lat' dir='ltr'><strong>pertulisset</strong></span> 
     </span>
    </p>
   </div>
   <div class='ocr_carea' id='block_1_19' title="bbox 2403 492 3700 580">
    <p class='ocr_par' dir='ltr' id='par_1_19' title="bbox 2403 492 3700 580">
     <span class='ocr_line' id='line_1_19' title="bbox 2403 492 3700 580; baseline 0.014 -37"><span class='ocrx_word' id='word_1_129' title='bbox 2403 494 2586 564; x_wconf 85' lang='grc' dir='ltr'>τυρίου</span> <span class='ocrx_word' id='word_1_130' title='bbox 2640 492 2823 562; x_wconf 80' lang='grc' dir='ltr'>ἀγῶνα</span> <span class='ocrx_word' id='word_1_131' title='bbox 2843 535 2856 557; x_wconf 93' lang='grc'><strong>,</strong></span> <span class='ocrx_word' id='word_1_132' title='bbox 2909 494 3243 566; x_wconf 73' lang='grc' dir='ltr'>διαλεχθεὶςὸ</span> <span class='ocrx_word' id='word_1_133' title='bbox 3281 499 3435 572; x_wconf 77' lang='grc' dir='ltr'>Πατὴρ,</span> <span class='ocrx_word' id='word_1_134' title='bbox 3462 501 3524 556; x_wconf 80' lang='grc' dir='ltr'>νῦν</span> <span class='ocrx_word' id='word_1_135' title='bbox 3553 507 3700 580; x_wconf 72' lang='grc' dir='ltr'>καὶπερὶ</span> 
     </span>
    </p>
   </div>
   <div class='ocr_carea' id='block_1_20' title="bbox 2404 583 3704 668">
    <p class='ocr_par' dir='ltr' id='par_1_20' title="bbox 2404 583 3704 668">
     <span class='ocr_line' id='line_1_20' title="bbox 2404 583 3704 668; baseline 0.012 -33"><span class='ocrx_word' id='word_1_136' title='bbox 2404 583 2678 655; x_wconf 88' lang='grc' dir='ltr'>κληρικῶν</span> <span class='ocrx_word' id='word_1_137' title='bbox 2727 583 2982 638; x_wconf 79' lang='grc' dir='ltr'><strong>τοιούτων</strong></span> <span class='ocrx_word' id='word_1_138' title='bbox 3014 586 3103 638; x_wconf 78' lang='grc' dir='ltr'><strong>τὸν</strong></span> <span class='ocrx_word' id='word_1_139' title='bbox 3148 586 3276 656; x_wconf 85' lang='grc' dir='ltr'>λόγον</span> <span class='ocrx_word' id='word_1_140' title='bbox 3298 593 3482 645; x_wconf 76' lang='grc' dir='ltr'>ποιεῖταιο</span> <span class='ocrx_word' id='word_1_141' title='bbox 3507 595 3568 647; x_wconf 80' lang='grc' dir='ltr'><strong>καί</strong></span> <span class='ocrx_word' id='word_1_142' title='bbox 3596 613 3704 668; x_wconf 69' lang='grc' dir='ltr'>φησιν,</span> 
     </span>
    </p>
   </div>
   <div class='ocr_carea' id='block_1_21' title="bbox 2402 673 3704 754">
    <p class='ocr_par' dir='ltr' id='par_1_21' title="bbox 2402 673 3704 754">
     <span class='ocr_line' id='line_1_21' title="bbox 2402 673 3704 754; baseline 0.012 -29"><span class='ocrx_word' id='word_1_143' title='bbox 2402 673 2498 738; x_wconf 78' lang='grc' dir='ltr'>ὡς,</span> <span class='ocrx_word' id='word_1_144' title='bbox 2535 675 2582 728; x_wconf 85' lang='grc' dir='ltr'><strong>εί</strong></span> <span class='ocrx_word' id='word_1_145' title='bbox 2621 674 2877 747; x_wconf 76' lang='grc' dir='ltr'>κληρικὺς</span> <span class='ocrx_word' id='word_1_146' title='bbox 2917 676 3274 747; x_wconf 73' lang='grc' dir='ltr'>ηὐτομόλησεν,</span> <span class='ocrx_word' id='word_1_147' title='bbox 3311 675 3396 734; x_wconf 82' lang='grc' dir='ltr'>εἶτα</span> <span class='ocrx_word' id='word_1_148' title='bbox 3425 681 3476 754; x_wconf 77' lang='grc' dir='ltr'>μὴ</span> <span class='ocrx_word' id='word_1_149' title='bbox 3508 685 3640 752; x_wconf 80' lang='grc' dir='ltr'>στέγων</span> <span class='ocrx_word' id='word_1_150' title='bbox 3658 689 3704 740; x_wconf 73' lang='grc' dir='ltr'>τὰς</span> 
     </span>
    </p>
   </div>
   <div class='ocr_carea' id='block_1_22' title="bbox 2401 763 3704 846">
    <p class='ocr_par' dir='ltr' id='par_1_22' title="bbox 2401 763 3704 846">
     <span class='ocr_line' id='line_1_22' title="bbox 2401 763 3704 846; baseline 0.012 -32"><span class='ocrx_word' id='word_1_151' title='bbox 2401 763 2671 834; x_wconf 78' lang='grc' dir='ltr'><strong>τιμωρίας</strong></span> <span class='ocrx_word' id='word_1_152' title='bbox 2698 765 3040 829; x_wconf 82' lang='grc' dir='ltr'>ἐκπέπτωκε,</span> <span class='ocrx_word' id='word_1_153' title='bbox 3067 767 3159 820; x_wconf 77' lang='grc' dir='ltr'><strong>καὶ</strong></span> <span class='ocrx_word' id='word_1_154' title='bbox 3184 763 3301 831; x_wconf 82' lang='grc' dir='ltr'>αὖθις</span> <span class='ocrx_word' id='word_1_155' title='bbox 3322 769 3380 832; x_wconf 87' lang='grc' dir='ltr'><strong>είς</strong></span> <span class='ocrx_word' id='word_1_156' title='bbox 3396 770 3528 824; x_wconf 74' lang='grc' dir='ltr'>ἑαυτὸν</span> <span class='ocrx_word' id='word_1_157' title='bbox 3543 775 3704 846; x_wconf 69' lang='grc' dir='ltr'>γενόμενα</span> 
     </span>
    </p>
   </div>
   <div class='ocr_carea' id='block_1_23' title="bbox 2403 853 3704 930">
    <p class='ocr_par' dir='ltr' id='par_1_23' title="bbox 2403 853 3704 930">
     <span class='ocr_line' id='line_1_23' title="bbox 2403 853 3704 930; baseline 0.008 -24"><span class='ocrx_word' id='word_1_158' title='bbox 2403 853 2729 908; x_wconf 79' lang='grc' dir='ltr'>ἀνεπάλαισε</span> <span class='ocrx_word' id='word_1_159' title='bbox 2745 854 2841 927; x_wconf 78' lang='grc' dir='ltr'><strong>τὴν</strong></span> <span class='ocrx_word' id='word_1_160' title='bbox 2867 856 3072 910; x_wconf 79' lang='grc' dir='ltr'>οἰκείαν</span> <span class='ocrx_word' id='word_1_161' title='bbox 3091 856 3284 921; x_wconf 79' lang='grc' dir='ltr'><strong>πτῶσιν,</strong></span> <span class='ocrx_word' id='word_1_162' title='bbox 3299 858 3604 930; x_wconf 75' lang='grc' dir='ltr'>καὶΧριστιανδν</span> <span class='ocrx_word' id='word_1_163' title='bbox 3613 865 3704 917; x_wconf 67' lang='lat' dir='ltr'><strong>tanti</strong></span> 
     </span>
    </p>
   </div>
   <div class='ocr_carea' id='block_1_24' title="bbox 2401 945 3704 1020">
    <p class='ocr_par' dir='ltr' id='par_1_24' title="bbox 2401 945 3704 1020">
     <span class='ocr_line' id='line_1_24' title="bbox 2401 945 3704 1020; baseline 0.009 -23"><span class='ocrx_word' id='word_1_164' title='bbox 2401 945 2746 1019; x_wconf 83' lang='grc' dir='ltr'>ὡμολόγησεν</span> <span class='ocrx_word' id='word_1_165' title='bbox 2766 946 2994 1001; x_wconf 80' lang='grc' dir='ltr'>ἐνώπιον</span> <span class='ocrx_word' id='word_1_166' title='bbox 3014 947 3121 1001; x_wconf 89' lang='grc' dir='ltr'><strong>τῶν</strong></span> <span class='ocrx_word' id='word_1_167' title='bbox 3147 950 3383 1020; x_wconf 86' lang='grc' dir='ltr'>τυράννων.</span> <span class='ocrx_word' id='word_1_168' title='bbox 3399 954 3420 1004; x_wconf 86' lang='grc' dir='ltr'>ὁ</span> <span class='ocrx_word' id='word_1_169' title='bbox 3439 951 3603 1017; x_wconf 83' lang='grc' dir='ltr'>τοιοῦτος</span> <span class='ocrx_word' id='word_1_170' title='bbox 3619 957 3704 1009; x_wconf 80' lang='grc' dir='ltr'>οὒκέ·</span> 
     </span>
    </p>
   </div>
   <div class='ocr_carea' id='block_1_25' title="bbox 2401 1038 3704 1118">
    <p class='ocr_par' dir='ltr' id='par_1_25' title="bbox 2401 1038 3704 1118">
     <span class='ocr_line' id='line_1_25' title="bbox 2401 1038 3704 1118; baseline 0.007 -28"><span class='ocrx_word' id='word_1_171' title='bbox 2401 1039 2458 1090; x_wconf 87' lang='grc' dir='ltr'>ὲν</span> <span class='ocrx_word' id='word_1_172' title='bbox 2486 1041 2550 1110; x_wconf 82' lang='grc' dir='ltr'>τῇ</span> <span class='ocrx_word' id='word_1_173' title='bbox 2576 1038 2884 1113; x_wconf 80' lang='grc' dir='ltr'>λειτουργίᾳ</span> <span class='ocrx_word' id='word_1_174' title='bbox 2921 1040 3091 1094; x_wconf 78' lang='grc' dir='ltr'>ἔσται.</span> <span class='ocrx_word' id='word_1_175' title='bbox 3119 1042 3218 1095; x_wconf 76' lang='grc' dir='ltr'><strong>Καὶ</strong></span> <span class='ocrx_word' id='word_1_176' title='bbox 3251 1043 3327 1113; x_wconf 74' lang='grc' dir='ltr'>τὴν</span> <span class='ocrx_word' id='word_1_177' title='bbox 3350 1043 3482 1096; x_wconf 82' lang='grc' dir='ltr'>αίτίαν</span> <span class='ocrx_word' id='word_1_178' title='bbox 3501 1045 3655 1113; x_wconf 76' lang='grc' dir='ltr'>ἐπίιγει·</span> <span class='ocrx_word' id='word_1_179' title='bbox 3682 1050 3704 1118; x_wconf 67' lang='grc' dir='ltr'>ἢ</span> 
     </span>
    </p>
   </div>
   <div class='ocr_carea' id='block_1_26' title="bbox 2402 1131 3704 1209">
    <p class='ocr_par' dir='ltr' id='par_1_26' title="bbox 2402 1131 3704 1209">
     <span class='ocr_line' id='line_1_26' title="bbox 2402 1131 3704 1209; baseline 0.008 -27"><span class='ocrx_word' id='word_1_180' title='bbox 2402 1131 2546 1184; x_wconf 81' lang='grc' dir='ltr'>ἐστίν</span> <span class='ocrx_word' id='word_1_181' title='bbox 2565 1148 2578 1161; x_wconf 90' lang='grc'><strong>·</strong></span> <span class='ocrx_word' id='word_1_182' title='bbox 2609 1132 2690 1185; x_wconf 83' lang='grc' dir='ltr'><strong>ὅτι</strong></span> <span class='ocrx_word' id='word_1_183' title='bbox 2718 1133 2974 1186; x_wconf 83' lang='grc' dir='ltr'>κατέλιπε</span> <span class='ocrx_word' id='word_1_184' title='bbox 3006 1133 3066 1186; x_wconf 76' lang='grc' dir='ltr'>τὸ</span> <span class='ocrx_word' id='word_1_185' title='bbox 3097 1134 3310 1205; x_wconf 81' lang='grc' dir='ltr'>ποίμνιον</span> <span class='ocrx_word' id='word_1_186' title='bbox 3337 1135 3408 1188; x_wconf 77' lang='grc' dir='ltr'><strong>τοῦ</strong></span> <span class='ocrx_word' id='word_1_187' title='bbox 3431 1137 3591 1209; x_wconf 77' lang='grc' dir='ltr'><strong>Κυρίου,</strong></span> <span class='ocrx_word' id='word_1_188' title='bbox 3616 1141 3704 1193; x_wconf 77' lang='grc' dir='ltr'><strong>καὶὸ</strong></span> 
     </span>
    </p>
   </div>
   <div class='ocr_carea' id='block_1_27' title="bbox 2400 1224 3704 1300">
    <p class='ocr_par' dir='ltr' id='par_1_27' title="bbox 2400 1224 3704 1300">
     <span class='ocr_line' id='line_1_27' title="bbox 2400 1224 3704 1300; baseline 0.005 -23"><span class='ocrx_word' id='word_1_189' title='bbox 2400 1224 2460 1278; x_wconf 84' lang='grc' dir='ltr'><strong>τὸ</strong></span> <span class='ocrx_word' id='word_1_190' title='bbox 2491 1225 2857 1298; x_wconf 75' lang='grc' dir='ltr'><strong>αὐτομολῆσαι</strong></span> <span class='ocrx_word' id='word_1_191' title='bbox 2898 1227 2992 1280; x_wconf 73' lang='grc' dir='ltr'>καὶ</span> <span class='ocrx_word' id='word_1_192' title='bbox 3028 1227 3101 1298; x_wconf 80' lang='grc' dir='ltr'>μὴ</span> <span class='ocrx_word' id='word_1_193' title='bbox 3153 1227 3427 1300; x_wconf 76' lang='grc' dir='ltr'><strong>καρτερῆσαι</strong></span> <span class='ocrx_word' id='word_1_194' title='bbox 3464 1228 3537 1293; x_wconf 71' lang='grc' dir='ltr'>τὰς</span> <span class='ocrx_word' id='word_1_195' title='bbox 3556 1229 3704 1300; x_wconf 47' lang='lat' dir='ltr'><strong>inter»;</strong></span> 
     </span>
    </p>
   </div>
   <div class='ocr_carea' id='block_1_28' title="bbox 2402 1315 3704 1392">
    <p class='ocr_par' dir='ltr' id='par_1_28' title="bbox 2402 1315 3704 1392">
     <span class='ocr_line' id='line_1_28' title="bbox 2402 1315 3704 1392; baseline 0.002 -22"><span class='ocrx_word' id='word_1_196' title='bbox 2402 1315 2593 1387; x_wconf 83' lang='grc' dir='ltr'>μῶμον</span> <span class='ocrx_word' id='word_1_197' title='bbox 2627 1320 2993 1390; x_wconf 80' lang='grc' dir='ltr'>προσήνεγκεν</span> <span class='ocrx_word' id='word_1_198' title='bbox 3018 1318 3203 1390; x_wconf 82' lang='grc' dir='ltr'>ἐαυτῷ.</span> <span class='ocrx_word' id='word_1_199' title='bbox 3232 1318 3291 1371; x_wconf 84' lang='grc' dir='ltr'><strong>Τὸ</strong></span> <span class='ocrx_word' id='word_1_200' title='bbox 3319 1319 3362 1373; x_wconf 81' lang='grc' dir='ltr'><strong>δὲ</strong></span> <span class='ocrx_word' id='word_1_201' title='bbox 3386 1323 3704 1392; x_wconf 60' lang='grc' dir='ltr'>καταφρονῆσαι</span> 
     </span>
    </p>
   </div>
   <div class='ocr_carea' id='block_1_29' title="bbox 2399 1409 3704 1486">
    <p class='ocr_par' dir='ltr' id='par_1_29' title="bbox 2399 1409 3704 1486">
     <span class='ocr_line' id='line_1_29' title="bbox 2399 1409 3704 1486; baseline 0.005 -24"><span class='ocrx_word' id='word_1_202' title='bbox 2399 1409 2742 1477; x_wconf 80' lang='grc' dir='ltr'><strong>διδασκαλίας</strong></span> <span class='ocrx_word' id='word_1_203' title='bbox 2768 1411 2860 1465; x_wconf 83' lang='grc' dir='ltr'>τοῦ</span> <span class='ocrx_word' id='word_1_204' title='bbox 2895 1412 3041 1477; x_wconf 77' lang='grc' dir='ltr'>λαοῦ,</span> <span class='ocrx_word' id='word_1_205' title='bbox 3079 1414 3170 1466; x_wconf 71' lang='grc' dir='ltr'><strong>καὶ</strong></span> <span class='ocrx_word' id='word_1_206' title='bbox 3197 1413 3610 1486; x_wconf 65' lang='grc' dir='ltr'>προτιμήσασῆσιτὶι</span> <span class='ocrx_word' id='word_1_207' title='bbox 3630 1416 3704 1468; x_wconf 66' lang='lat' dir='ltr'><strong>tur</strong></span> 
     </span>
    </p>
   </div>
   <div class='ocr_carea' id='block_1_30' title="bbox 2401 1503 3703 1577">
    <p class='ocr_par' dir='ltr' id='par_1_30' title="bbox 2401 1503 3703 1577">
     <span class='ocr_line' id='line_1_30' title="bbox 2401 1503 3703 1577; baseline 0.003 -23"><span class='ocrx_word' id='word_1_208' title='bbox 2401 1503 2695 1575; x_wconf 61' lang='grc' dir='ltr'>συμφέρον,</span> <span class='ocrx_word' id='word_1_209' title='bbox 2741 1504 2860 1558; x_wconf 79' lang='grc' dir='ltr'>οὐδὲ</span> <span class='ocrx_word' id='word_1_210' title='bbox 2909 1507 2958 1558; x_wconf 87' lang='grc' dir='ltr'><strong>οί</strong></span> <span class='ocrx_word' id='word_1_211' title='bbox 3009 1504 3276 1558; x_wconf 73' lang='grc' dir='ltr'>ἀπόστολοι</span> <span class='ocrx_word' id='word_1_212' title='bbox 3312 1506 3608 1577; x_wconf 75' lang='grc' dir='ltr'>πεποιήκασιν.</span> <span class='ocrx_word' id='word_1_213' title='bbox 3633 1507 3703 1558; x_wconf 67' lang='grc' dir='ltr'><strong>’οη</strong></span> 
     </span>
    </p>
   </div>
   <div class='ocr_carea' id='block_1_31' title="bbox 2401 1593 3704 1668">
    <p class='ocr_par' dir='ltr' id='par_1_31' title="bbox 2401 1593 3704 1668">
     <span class='ocr_line' id='line_1_31' title="bbox 2401 1593 3704 1668; baseline 0.003 -23"><span class='ocrx_word' id='word_1_214' title='bbox 2401 1594 2570 1662; x_wconf 85' lang='grc' dir='ltr'>μέγας</span> <span class='ocrx_word' id='word_1_215' title='bbox 2605 1593 2834 1659; x_wconf 79' lang='grc' dir='ltr'>Παῦλος,</span> <span class='ocrx_word' id='word_1_216' title='bbox 2867 1596 3002 1667; x_wconf 82' lang='grc' dir='ltr'>μετὰ</span> <span class='ocrx_word' id='word_1_217' title='bbox 3041 1596 3099 1650; x_wconf 82' lang='grc' dir='ltr'>τὸ</span> <span class='ocrx_word' id='word_1_218' title='bbox 3127 1596 3305 1661; x_wconf 79' lang='grc' dir='ltr'>πολλὰς</span> <span class='ocrx_word' id='word_1_219' title='bbox 3331 1596 3545 1667; x_wconf 72' lang='grc' dir='ltr'>βασάνους</span> <span class='ocrx_word' id='word_1_220' title='bbox 3571 1599 3704 1668; x_wconf 63' lang='lat' dir='ltr'><strong>{muti</strong></span> 
     </span>
    </p>
   </div>
   <div class='ocr_carea' id='block_1_32' title="bbox 2399 1684 3704 1761">
    <p class='ocr_par' dir='ltr' id='par_1_32' title="bbox 2399 1684 3704 1761">
     <span class='ocr_line' id='line_1_32' title="bbox 2399 1684 3704 1761; baseline 0.005 -25"><span class='ocrx_word' id='word_1_221' title='bbox 2399 1686 2738 1757; x_wconf 81' lang='grc' dir='ltr'>κατανοήσας</span> <span class='ocrx_word' id='word_1_222' title='bbox 2767 1692 3010 1760; x_wconf 85' lang='grc' dir='ltr'>κρεῖττον</span> <span class='ocrx_word' id='word_1_223' title='bbox 3044 1684 3178 1744; x_wconf 71' lang='grc' dir='ltr'>εἶναι</span> <span class='ocrx_word' id='word_1_224' title='bbox 3204 1691 3284 1744; x_wconf 80' lang='grc' dir='ltr'>τὸν</span> <span class='ocrx_word' id='word_1_225' title='bbox 3315 1689 3408 1761; x_wconf 87' lang='grc' dir='ltr'>βίον</span> <span class='ocrx_word' id='word_1_226' title='bbox 3435 1690 3664 1754; x_wconf 83' lang='grc' dir='ltr'>ἀπολιπεῖν,</span> <span class='ocrx_word' id='word_1_227' title='bbox 3701 1712 3704 1725; x_wconf 78' lang='grc' dir='ltr'><strong>ι</strong></span> 
     </span>
    </p>
   </div>
   <div class='ocr_carea' id='block_1_33' title="bbox 731 1754 2273 1854">
    <p class='ocr_par' dir='ltr' id='par_1_33' title="bbox 731 1776 2273 1848">
     <span class='ocr_line' id='line_1_33' title="bbox 731 1776 2273 1848; baseline -0.002 -10"><span class='ocrx_word' id='word_1_228' title='bbox 731 1781 1031 1846; x_wconf 87' lang='lat' dir='ltr'><strong>cruciatus,</strong></span> <span class='ocrx_word' id='word_1_229' title='bbox 1057 1781 1391 1848; x_wconf 86' lang='lat' dir='ltr'><strong>sentiretque</strong></span> <span class='ocrx_word' id='word_1_230' title='bbox 1416 1777 1609 1834; x_wconf 76' lang='lat' dir='ltr'><strong>utilius</strong></span> <span class='ocrx_word' id='word_1_231' title='bbox 1642 1793 1764 1834; x_wconf 91' lang='lat' dir='ltr'><strong>esse</strong></span> <span class='ocrx_word' id='word_1_232' title='bbox 1793 1776 1899 1833; x_wconf 90' lang='lat' dir='ltr'><strong>sibi</strong></span> <span class='ocrx_word' id='word_1_233' title='bbox 1933 1779 2098 1834; x_wconf 88' lang='lat' dir='ltr'><strong>vitam</strong></span> <span class='ocrx_word' id='word_1_234' title='bbox 2131 1780 2273 1835; x_wconf 20' lang='lat' dir='ltr'><strong>relin‘</strong></span> 
     </span>
    </p>
   </div>
   <div class='ocr_carea' id='block_1_34' title="bbox 2161 1754 3703 1854">
    <p class='ocr_par' dir='ltr' id='par_1_34' title="bbox 2161 1754 3703 1854">
     <span class='ocr_line' id='line_1_34' title="bbox 2161 1754 3703 1854; baseline 0.001 -20"><span class='ocrx_word' id='word_1_235' title='bbox 2161 1780 2299 1835; x_wconf 85' lang='lat' dir='ltr'><strong>elin-</strong></span> <span class='ocrx_word' id='word_1_236' title='bbox 2331 1754 2370 1811; x_wconf 69' lang='grc' dir='ltr'><strong><em>Β</em></strong></span> <span class='ocrx_word' id='word_1_237' title='bbox 2399 1754 2695 1850; x_wconf 83' lang='grc' dir='ltr'>ετιμήσατο</span> <span class='ocrx_word' id='word_1_238' title='bbox 2723 1754 2820 1852; x_wconf 76' lang='grc' dir='ltr'><strong>ζῇν</strong></span> <span class='ocrx_word' id='word_1_239' title='bbox 2863 1783 2957 1835; x_wconf 75' lang='grc' dir='ltr'><strong>καὶ</strong></span> <span class='ocrx_word' id='word_1_240' title='bbox 3006 1754 3364 1852; x_wconf 71' lang='grc' dir='ltr'>βασανίζεσθαι</span> <span class='ocrx_word' id='word_1_241' title='bbox 3388 1782 3465 1836; x_wconf 80' lang='grc' dir='ltr'>διὰ,</span> <span class='ocrx_word' id='word_1_242' title='bbox 3496 1782 3574 1854; x_wconf 59' lang='grc' dir='ltr'>τὴν</span> <span class='ocrx_word' id='word_1_243' title='bbox 3611 1799 3703 1835; x_wconf 68' lang='lat' dir='ltr'><strong>om</strong></span> 
     </span>
    </p>
   </div>
   <div class='ocr_carea' id='block_1_35' title="bbox 732 1870 2297 1947">
    <p class='ocr_par' dir='ltr' id='par_1_35' title="bbox 732 1870 2297 1947">
     <span class='ocr_line' id='line_1_35' title="bbox 732 1870 2297 1947; baseline -0.003 -17"><span class='ocrx_word' id='word_1_244' title='bbox 732 1889 923 1947; x_wconf 87' lang='lat' dir='ltr'><strong>quere,</strong></span> <span class='ocrx_word' id='word_1_245' title='bbox 952 1881 1011 1929; x_wconf 89' lang='lat' dir='ltr'><strong>ut</strong></span> <span class='ocrx_word' id='word_1_246' title='bbox 1036 1871 1219 1944; x_wconf 90' lang='lat' dir='ltr'><strong>populi</strong></span> <span class='ocrx_word' id='word_1_247' title='bbox 1252 1870 1414 1927; x_wconf 90' lang='lat' dir='ltr'><strong>saluti</strong></span> <span class='ocrx_word' id='word_1_248' title='bbox 1466 1886 1530 1926; x_wconf 90' lang='lat' dir='ltr'><strong>ac</strong></span> <span class='ocrx_word' id='word_1_249' title='bbox 1582 1870 1914 1926; x_wconf 87' lang='lat' dir='ltr'><strong>institutioni</strong></span> <span class='ocrx_word' id='word_1_250' title='bbox 1967 1873 2297 1938; x_wconf 84' lang='lat' dir='ltr'><strong>consuleret,</strong></span> 
     </span>
    </p>
   </div>
   <div class='ocr_carea' id='block_1_36' title="bbox 729 1961 2301 2033">
    <p class='ocr_par' dir='ltr' id='par_1_36' title="bbox 729 1961 2301 2033">
     <span class='ocr_line' id='line_1_36' title="bbox 729 1961 2301 2033; baseline -0.003 -11"><span class='ocrx_word' id='word_1_251' title='bbox 729 1968 897 2024; x_wconf 84' lang='lat' dir='ltr'><strong>vitam</strong></span> <span class='ocrx_word' id='word_1_252' title='bbox 948 1965 1052 2020; x_wconf 87' lang='lat' dir='ltr'><strong>sibi</strong></span> <span class='ocrx_word' id='word_1_253' title='bbox 1092 1979 1155 2019; x_wconf 90' lang='lat' dir='ltr'><strong>ac</strong></span> <span class='ocrx_word' id='word_1_254' title='bbox 1197 1970 1464 2019; x_wconf 90' lang='lat' dir='ltr'><strong>tormenta</strong></span> <span class='ocrx_word' id='word_1_255' title='bbox 1503 1961 1715 2033; x_wconf 87' lang='lat' dir='ltr'><strong>potiora</strong></span> <span class='ocrx_word' id='word_1_256' title='bbox 1751 1962 1928 2018; x_wconf 79' lang='lat' dir='ltr'><strong>duxit.</strong></span> <span class='ocrx_word' id='word_1_257' title='bbox 1979 1961 2214 2020; x_wconf 90' lang='lat' dir='ltr'><strong>Promde</strong></span> <span class='ocrx_word' id='word_1_258' title='bbox 2245 1973 2301 2020; x_wconf 93' lang='lat' dir='ltr'><strong>et</strong></span> 
     </span>
    </p>
   </div>
   <div class='ocr_carea' id='block_1_37' title="bbox 732 2053 2297 2126">
    <p class='ocr_par' dir='ltr' id='par_1_37' title="bbox 732 2053 2297 2126">
     <span class='ocr_line' id='line_1_37' title="bbox 732 2053 2297 2126; baseline -0.003 -11"><span class='ocrx_word' id='word_1_259' title='bbox 732 2054 1162 2116; x_wconf 79' lang='lat' dir='ltr'><strong>sensusomnino</strong></span> <span class='ocrx_word' id='word_1_260' title='bbox 1190 2062 1548 2125; x_wconf 76' lang='lat' dir='ltr'><strong>experteseos</strong></span> <span class='ocrx_word' id='word_1_261' title='bbox 1575 2053 1935 2120; x_wconf 85' lang='lat' dir='ltr'><strong>demonstrat,</strong></span> <span class='ocrx_word' id='word_1_262' title='bbox 1959 2055 2051 2126; x_wconf 91' lang='lat' dir='ltr'><strong>qui</strong></span> <span class='ocrx_word' id='word_1_263' title='bbox 2080 2071 2297 2111; x_wconf 88' lang='lat' dir='ltr'><strong>sacrum</strong></span> 
     </span>
    </p>
   </div>
   <div class='ocr_carea' id='block_1_38' title="bbox 733 2141 2300 2214">
    <p class='ocr_par' dir='ltr' id='par_1_38' title="bbox 733 2141 2300 2214">
     <span class='ocr_line' id='line_1_38' title="bbox 733 2141 2300 2214; baseline -0.001 -12"><span class='ocrx_word' id='word_1_264' title='bbox 733 2147 837 2202; x_wconf 86' lang='lat' dir='ltr'><strong>sibi</strong></span> <span class='ocrx_word' id='word_1_265' title='bbox 867 2145 1233 2201; x_wconf 85' lang='lat' dir='ltr'><strong>ministerium</strong></span> <span class='ocrx_word' id='word_1_266' title='bbox 1261 2141 1584 2213; x_wconf 90' lang='lat' dir='ltr'><strong>deposcunt,</strong></span> <span class='ocrx_word' id='word_1_267' title='bbox 1612 2157 1643 2196; x_wconf 90' lang='lat' dir='ltr'><strong>a</strong></span> <span class='ocrx_word' id='word_1_268' title='bbox 1675 2158 1785 2213; x_wconf 90' lang='lat' dir='ltr'><strong>quo</strong></span> <span class='ocrx_word' id='word_1_269' title='bbox 1810 2144 2054 2200; x_wconf 86' lang='lat' dir='ltr'><strong>volentes</strong></span> <span class='ocrx_word' id='word_1_270' title='bbox 2084 2145 2300 2214; x_wconf 90' lang='lat' dir='ltr'><strong>ipsimet</strong></span> 
     </span>
    </p>
   </div>
   <div class='ocr_carea' id='block_1_39' title="bbox 731 2235 2294 2306">
    <p class='ocr_par' dir='ltr' id='par_1_39' title="bbox 731 2235 2294 2306">
     <span class='ocr_line' id='line_1_39' title="bbox 731 2235 2294 2306; baseline -0.005 -9"><span class='ocrx_word' id='word_1_271' title='bbox 731 2241 1067 2298; x_wconf 85' lang='lat' dir='ltr'><strong>exciderunt.</strong></span> <span class='ocrx_word' id='word_1_272' title='bbox 1102 2236 1237 2291; x_wconf 85' lang='lat' dir='ltr'><strong>Nam</strong></span> <span class='ocrx_word' id='word_1_273' title='bbox 1270 2250 1378 2305; x_wconf 92' lang='lat' dir='ltr'><strong>quo</strong></span> <span class='ocrx_word' id='word_1_274' title='bbox 1410 2235 1592 2301; x_wconf 89' lang='lat' dir='ltr'><strong>modo,</strong></span> <span class='ocrx_word' id='word_1_275' title='bbox 1649 2235 1864 2306; x_wconf 89' lang='lat' dir='ltr'><strong>inquit,</strong></span> <span class='ocrx_word' id='word_1_276' title='bbox 1912 2236 1964 2290; x_wconf 88' lang='lat' dir='ltr'><strong>id</strong></span> <span class='ocrx_word' id='word_1_277' title='bbox 1998 2237 2294 2306; x_wconf 89' lang='lat' dir='ltr'><strong>postulant,</strong></span> 
     </span>
    </p>
   </div>
   <div class='ocr_carea' id='block_1_40' title="bbox 730 2327 2298 2407">
    <p class='ocr_par' dir='ltr' id='par_1_40' title="bbox 730 2327 2298 2407">
     <span class='ocr_line' id='line_1_40' title="bbox 730 2327 2298 2407; baseline -0.004 -19"><span class='ocrx_word' id='word_1_278' title='bbox 730 2333 874 2407; x_wconf 89' lang='lat' dir='ltr'><strong>quod</strong></span> <span class='ocrx_word' id='word_1_279' title='bbox 933 2332 1222 2402; x_wconf 86' lang='lat' dir='ltr'><strong>reliquere,</strong></span> <span class='ocrx_word' id='word_1_280' title='bbox 1248 2345 1373 2385; x_wconf 90' lang='lat' dir='ltr'><strong>cum</strong></span> <span class='ocrx_word' id='word_1_281' title='bbox 1390 2327 1660 2399; x_wconf 86' lang='lat' dir='ltr'><strong>ejusmodi</strong></span> <span class='ocrx_word' id='word_1_282' title='bbox 1684 2335 1944 2398; x_wconf 88' lang='lat' dir='ltr'><strong>tempore,</strong></span> <span class='ocrx_word' id='word_1_283' title='bbox 1961 2329 2209 2384; x_wconf 80' lang='lat' dir='ltr'><strong>excitatae</strong></span> <span class='ocrx_word' id='word_1_284' title='bbox 2222 2329 2298 2384; x_wconf 88' lang='lat' dir='ltr'><strong>vi-</strong></span> 
     </span>
    </p>
   </div>
   <div class='ocr_carea' id='block_1_41' title="bbox 730 2419 2296 2496">
    <p class='ocr_par' dir='ltr' id='par_1_41' title="bbox 730 2419 2296 2496">
     <span class='ocr_line' id='line_1_41' title="bbox 730 2419 2296 2496; baseline -0.002 -16"><span class='ocrx_word' id='word_1_285' title='bbox 730 2427 922 2483; x_wconf 82' lang='lat' dir='ltr'><strong>delieet</strong></span> <span class='ocrx_word' id='word_1_286' title='bbox 938 2423 1349 2496; x_wconf 85' lang='lat' dir='ltr'><strong>persecutionis,</strong></span> <span class='ocrx_word' id='word_1_287' title='bbox 1364 2435 1559 2492; x_wconf 83' lang='lat' dir='ltr'><strong>magno</strong></span> <span class='ocrx_word' id='word_1_288' title='bbox 1574 2419 1831 2476; x_wconf 80' lang='lat' dir='ltr'><strong>fratribus</strong></span> <span class='ocrx_word' id='word_1_289' title='bbox 1847 2420 2159 2490; x_wconf 69' lang='lat' dir='ltr'><strong>adiumento</strong></span> <span class='ocrx_word' id='word_1_290' title='bbox 2173 2435 2296 2477; x_wconf 89' lang='lat' dir='ltr'><strong>esse</strong></span> 
     </span>
    </p>
   </div>
   <div class='ocr_carea' id='block_1_42' title="bbox 729 2514 2290 2596">
    <p class='ocr_par' dir='ltr' id='par_1_42' title="bbox 729 2514 2290 2596">
     <span class='ocr_line' id='line_1_42' title="bbox 729 2514 2290 2596; baseline -0.006 -19"><span class='ocrx_word' id='word_1_291' title='bbox 729 2521 994 2596; x_wconf 83' lang='lat' dir='ltr'><strong>possent?</strong></span> <span class='ocrx_word' id='word_1_292' title='bbox 1021 2517 1274 2584; x_wconf 84' lang='lat' dir='ltr'><strong>Quandiu</strong></span> <span class='ocrx_word' id='word_1_293' title='bbox 1306 2517 1468 2588; x_wconf 77' lang='lat' dir='ltr'><strong>igitur</strong></span> <span class='ocrx_word' id='word_1_294' title='bbox 1495 2529 1525 2568; x_wconf 90' lang='lat' dir='ltr'><strong>a</strong></span> <span class='ocrx_word' id='word_1_295' title='bbox 1555 2517 1710 2586; x_wconf 90' lang='lat' dir='ltr'><strong>lapsu</strong></span> <span class='ocrx_word' id='word_1_296' title='bbox 1741 2515 2011 2572; x_wconf 89' lang='lat' dir='ltr'><strong>immunes</strong></span> <span class='ocrx_word' id='word_1_297' title='bbox 2037 2514 2290 2578; x_wconf 87' lang='lat' dir='ltr'><strong>fuissent,</strong></span> 
     </span>
    </p>
   </div>
   <div class='ocr_carea' id='block_1_43' title="bbox 728 2605 2290 2676">
    <p class='ocr_par' dir='ltr' id='par_1_43' title="bbox 728 2605 2290 2676">
     <span class='ocr_line' id='line_1_43' title="bbox 728 2605 2290 2676; baseline -0.001 -10"><span class='ocrx_word' id='word_1_298' title='bbox 728 2612 940 2667; x_wconf 87' lang='lat' dir='ltr'><strong>veniam</strong></span> <span class='ocrx_word' id='word_1_299' title='bbox 962 2609 1326 2665; x_wconf 88' lang='lat' dir='ltr'><strong>obtinuissent</strong></span> <span class='ocrx_word' id='word_1_300' title='bbox 1353 2605 1586 2662; x_wconf 80' lang='lat' dir='ltr'><strong>actionis</strong></span> <span class='ocrx_word' id='word_1_301' title='bbox 1639 2614 1843 2662; x_wconf 81' lang='lat' dir='ltr'><strong>temere</strong></span> <span class='ocrx_word' id='word_1_302' title='bbox 1890 2614 2179 2676; x_wconf 67' lang='lat' dir='ltr'><strong>susceptae,</strong></span> <span class='ocrx_word' id='word_1_303' title='bbox 2230 2624 2290 2664; x_wconf 90' lang='lat' dir='ltr'><strong>se</strong></span> 
     </span>
    </p>
   </div>
   <div class='ocr_carea' id='block_1_44' title="bbox 725 2681 2288 2761">
    <p class='ocr_par' dir='ltr' id='par_1_44' title="bbox 725 2681 2288 2761">
     <span class='ocr_line' id='line_1_44' title="bbox 725 2681 2288 2761; baseline -0.003 -5"><span class='ocrx_word' id='word_1_304' title='bbox 725 2703 984 2756; x_wconf 85' lang='lat' dir='ltr'><strong>nimirum</strong></span> <span class='ocrx_word' id='word_1_305' title='bbox 1009 2697 1337 2756; x_wconf 88' lang='lat' dir='ltr'><strong>adversariis</strong></span> <span class='ocrx_word' id='word_1_306' title='bbox 1351 2697 1493 2752; x_wconf 90' lang='lat' dir='ltr'><strong>ultro</strong></span> <span class='ocrx_word' id='word_1_307' title='bbox 1523 2681 1809 2761; x_wconf 47' lang='lat' dir='ltr'><strong>oﬂere&#39;ndi,</strong></span> <span class='ocrx_word' id='word_1_308' title='bbox 1841 2697 1927 2752; x_wconf 89' lang='lat' dir='ltr'><strong>vel</strong></span> <span class='ocrx_word' id='word_1_309' title='bbox 1957 2696 2011 2751; x_wconf 92' lang='lat' dir='ltr'><strong>in</strong></span> <span class='ocrx_word' id='word_1_310' title='bbox 2029 2697 2288 2752; x_wconf 80' lang='lat' dir='ltr'><strong>erudien-</strong></span> 
     </span>
    </p>
   </div>
   <div class='ocr_carea' id='block_1_45' title="bbox 726 2777 2289 2860">
    <p class='ocr_par' dir='ltr' id='par_1_45' title="bbox 726 2777 2289 2860">
     <span class='ocr_line' id='line_1_45' title="bbox 726 2777 2289 2860; baseline -0.002 -11"><span class='ocrx_word' id='word_1_311' title='bbox 726 2795 810 2851; x_wconf 89' lang='lat' dir='ltr'><strong>dis</strong></span> <span class='ocrx_word' id='word_1_312' title='bbox 845 2793 1104 2848; x_wconf 81' lang='lat' dir='ltr'><strong>fratribus</strong></span> <span class='ocrx_word' id='word_1_313' title='bbox 1121 2790 1402 2848; x_wconf 61' lang='lat' dir='ltr'><strong>socordiae.</strong></span> <span class='ocrx_word' id='word_1_314' title='bbox 1421 2790 1558 2845; x_wconf 83' lang='lat' dir='ltr'><strong>Cum</strong></span> <span class='ocrx_word' id='word_1_315' title='bbox 1588 2803 1719 2844; x_wconf 93' lang='lat' dir='ltr'><strong>vero</strong></span> <span class='ocrx_word' id='word_1_316' title='bbox 1747 2787 2062 2852; x_wconf 88' lang='lat' dir='ltr'><strong>ceciderint,</strong></span> <span class='ocrx_word' id='word_1_317' title='bbox 2089 2777 2289 2860; x_wconf 69' lang='lat' dir='ltr'><strong>quippe</strong></span> 
     </span>
    </p>
   </div>
   <div class='ocr_carea' id='block_1_46' title="bbox 726 2879 2287 2958">
    <p class='ocr_par' dir='ltr' id='par_1_46' title="bbox 726 2879 2287 2958">
     <span class='ocr_line' id='line_1_46' title="bbox 726 2879 2287 2958; baseline -0.005 -16"><span class='ocrx_word' id='word_1_318' title='bbox 726 2887 819 2958; x_wconf 86' lang='lat' dir='ltr'><strong>qui</strong></span> <span class='ocrx_word' id='word_1_319' title='bbox 842 2899 1122 2957; x_wconf 89' lang='lat' dir='ltr'><strong>perperam</strong></span> <span class='ocrx_word' id='word_1_320' title='bbox 1137 2881 1364 2954; x_wconf 82' lang='lat' dir='ltr'><strong>egerint,</strong></span> <span class='ocrx_word' id='word_1_321' title='bbox 1396 2894 1552 2936; x_wconf 88' lang='lat' dir='ltr'><strong>sacra</strong></span> <span class='ocrx_word' id='word_1_322' title='bbox 1568 2879 1870 2935; x_wconf 90' lang='lat' dir='ltr'><strong>ministeria</strong></span> <span class='ocrx_word' id='word_1_323' title='bbox 1887 2879 2038 2934; x_wconf 88' lang='lat' dir='ltr'><strong>obire</strong></span> <span class='ocrx_word' id='word_1_324' title='bbox 2054 2879 2287 2950; x_wconf 88' lang='lat' dir='ltr'><strong>amplius</strong></span> 
     </span>
    </p>
   </div>
   <div class='ocr_carea' id='block_1_47' title="bbox 723 2970 2288 3050">
    <p class='ocr_par' dir='ltr' id='par_1_47' title="bbox 723 2970 2288 3050">
     <span class='ocr_line' id='line_1_47' title="bbox 723 2970 2288 3050; baseline -0.008 -13"><span class='ocrx_word' id='word_1_325' title='bbox 723 2979 868 3038; x_wconf 75' lang='lat' dir='ltr'><strong>haud</strong></span> <span class='ocrx_word' id='word_1_326' title='bbox 924 2977 1331 3050; x_wconf 88' lang='lat' dir='ltr'><strong>permittuntur.</strong></span> <span class='ocrx_word' id='word_1_327' title='bbox 1370 2973 1428 3030; x_wconf 88' lang='lat' dir='ltr'><strong>Si</strong></span> <span class='ocrx_word' id='word_1_328' title='bbox 1465 2987 1614 3044; x_wconf 84' lang='lat' dir='ltr'><strong>ergo,</strong></span> <span class='ocrx_word' id='word_1_329' title='bbox 1654 2971 1850 3042; x_wconf 87' lang='lat' dir='ltr'><strong>inquit,</strong></span> <span class='ocrx_word' id='word_1_330' title='bbox 1885 2970 2108 3027; x_wconf 89' lang='lat' dir='ltr'><strong>minime</strong></span> <span class='ocrx_word' id='word_1_331' title='bbox 2141 2970 2288 3026; x_wconf 76' lang='lat' dir='ltr'><strong>ceci-</strong></span> 
     </span>
    </p>
   </div>
   <div class='ocr_carea' id='block_1_48' title="bbox 723 3065 2286 3138">
    <p class='ocr_par' dir='ltr' id='par_1_48' title="bbox 723 3065 2286 3138">
     <span class='ocr_line' id='line_1_48' title="bbox 723 3065 2286 3138; baseline -0.007 -8"><span class='ocrx_word' id='word_1_332' title='bbox 723 3074 954 3137; x_wconf 80' lang='lat' dir='ltr'><strong>disserit,</strong></span> <span class='ocrx_word' id='word_1_333' title='bbox 987 3069 1198 3126; x_wconf 84' lang='lat' dir='ltr'><strong>veniam</strong></span> <span class='ocrx_word' id='word_1_334' title='bbox 1224 3068 1606 3138; x_wconf 86' lang='lat' dir='ltr'><strong>impetrassent</strong></span> <span class='ocrx_word' id='word_1_335' title='bbox 1635 3066 1705 3121; x_wconf 84' lang='lat' dir='ltr'><strong>ob</strong></span> <span class='ocrx_word' id='word_1_336' title='bbox 1735 3069 1978 3136; x_wconf 88' lang='lat' dir='ltr'><strong>ipsorum</strong></span> <span class='ocrx_word' id='word_1_337' title='bbox 2013 3078 2044 3118; x_wconf 92' lang='lat' dir='ltr'><strong>a</strong></span> <span class='ocrx_word' id='word_1_338' title='bbox 2077 3065 2286 3119; x_wconf 85' lang='lat' dir='ltr'><strong>ratione</strong></span> 
     </span>
    </p>
   </div>
   <div class='ocr_carea' id='block_1_49' title="bbox 722 3156 2287 3228">
    <p class='ocr_par' dir='ltr' id='par_1_49' title="bbox 722 3156 2287 3228">
     <span class='ocr_line' id='line_1_49' title="bbox 722 3156 2287 3228; baseline -0.006 -6"><span class='ocrx_word' id='word_1_339' title='bbox 722 3167 954 3222; x_wconf 87' lang='lat' dir='ltr'><strong>alienam</strong></span> <span class='ocrx_word' id='word_1_340' title='bbox 985 3162 1250 3218; x_wconf 87' lang='lat' dir='ltr'><strong>actionem</strong></span> <span class='ocrx_word' id='word_1_341' title='bbox 1276 3178 1291 3228; x_wconf 89' lang='lat'><strong>;</strong></span> <span class='ocrx_word' id='word_1_342' title='bbox 1337 3158 1605 3214; x_wconf 87' lang='lat' dir='ltr'><strong>actionem</strong></span> <span class='ocrx_word' id='word_1_343' title='bbox 1633 3172 1664 3212; x_wconf 92' lang='lat' dir='ltr'><strong>a</strong></span> <span class='ocrx_word' id='word_1_344' title='bbox 1694 3158 1904 3213; x_wconf 85' lang='lat' dir='ltr'><strong>ratione</strong></span> <span class='ocrx_word' id='word_1_345' title='bbox 1933 3156 2162 3212; x_wconf 92' lang='lat' dir='ltr'><strong>alienam</strong></span> <span class='ocrx_word' id='word_1_346' title='bbox 2193 3173 2287 3212; x_wconf 84' lang='lat' dir='ltr'><strong>vo-</strong></span> 
     </span>
    </p>
   </div>
   <div class='ocr_carea' id='block_1_50' title="bbox 720 3250 2284 3326">
    <p class='ocr_par' dir='ltr' id='par_1_50' title="bbox 720 3250 2284 3326">
     <span class='ocr_line' id='line_1_50' title="bbox 720 3250 2284 3326; baseline -0.009 -6"><span class='ocrx_word' id='word_1_347' title='bbox 720 3277 876 3326; x_wconf 87' lang='lat' dir='ltr'><strong>cans,</strong></span> <span class='ocrx_word' id='word_1_348' title='bbox 911 3275 1021 3315; x_wconf 89' lang='lat' dir='ltr'><strong>non</strong></span> <span class='ocrx_word' id='word_1_349' title='bbox 1053 3257 1229 3314; x_wconf 92' lang='lat' dir='ltr'><strong>solum</strong></span> <span class='ocrx_word' id='word_1_350' title='bbox 1259 3253 1405 3326; x_wconf 90' lang='lat' dir='ltr'><strong>quod</strong></span> <span class='ocrx_word' id='word_1_351' title='bbox 1434 3269 1494 3310; x_wconf 91' lang='lat' dir='ltr'><strong>se</strong></span> <span class='ocrx_word' id='word_1_352' title='bbox 1521 3251 1774 3309; x_wconf 81' lang='lat' dir='ltr'><strong>hostibus</strong></span> <span class='ocrx_word' id='word_1_353' title='bbox 1803 3250 2133 3314; x_wconf 85' lang='lat' dir='ltr'><strong>dediderint,</strong></span> <span class='ocrx_word' id='word_1_354' title='bbox 2190 3250 2284 3307; x_wconf 90' lang='lat' dir='ltr'><strong>sed</strong></span> 
     </span>
    </p>
   </div>
   <div class='ocr_carea' id='block_1_51' title="bbox 719 3342 2282 3426">
    <p class='ocr_par' dir='ltr' id='par_1_51' title="bbox 719 3342 2282 3426">
     <span class='ocr_line' id='line_1_51' title="bbox 719 3342 2282 3426; baseline -0.009 -17"><span class='ocrx_word' id='word_1_355' title='bbox 719 3353 900 3426; x_wconf 85' lang='lat' dir='ltr'><strong>potius</strong></span> <span class='ocrx_word' id='word_1_356' title='bbox 927 3348 1074 3422; x_wconf 89' lang='lat' dir='ltr'><strong>quod</strong></span> <span class='ocrx_word' id='word_1_357' title='bbox 1101 3346 1440 3404; x_wconf 88' lang='lat' dir='ltr'><strong>deseruerint</strong></span> <span class='ocrx_word' id='word_1_358' title='bbox 1466 3359 1684 3417; x_wconf 81' lang='lat' dir='ltr'><strong>gregem</strong></span> <span class='ocrx_word' id='word_1_359' title='bbox 1707 3342 1943 3405; x_wconf 86' lang='lat' dir='ltr'><strong>Domini,</strong></span> <span class='ocrx_word' id='word_1_360' title='bbox 1980 3357 2081 3400; x_wconf 90' lang='lat' dir='ltr'><strong>nec</strong></span> <span class='ocrx_word' id='word_1_361' title='bbox 2107 3343 2282 3413; x_wconf 86' lang='lat' dir='ltr'><strong>ipsum</strong></span> 
     </span>
    </p>
   </div>
   <div class='ocr_carea' id='block_1_52' title="bbox 721 3436 2285 3510">
    <p class='ocr_par' dir='ltr' id='par_1_52' title="bbox 721 3436 2285 3510">
     <span class='ocr_line' id='line_1_52' title="bbox 721 3436 2285 3510; baseline -0.006 -10"><span class='ocrx_word' id='word_1_362' title='bbox 721 3443 1097 3510; x_wconf 82' lang='lat' dir='ltr'><strong>custodierint,</strong></span> <span class='ocrx_word' id='word_1_363' title='bbox 1129 3457 1194 3497; x_wconf 91' lang='lat' dir='ltr'><strong>ac</strong></span> <span class='ocrx_word' id='word_1_364' title='bbox 1228 3440 1425 3496; x_wconf 81' lang='lat' dir='ltr'><strong>fratres</strong></span> <span class='ocrx_word' id='word_1_365' title='bbox 1451 3440 1544 3510; x_wconf 88' lang='lat' dir='ltr'><strong>qui</strong></span> <span class='ocrx_word' id='word_1_366' title='bbox 1592 3436 1988 3508; x_wconf 81' lang='lat' dir='ltr'><strong>persecutionis</strong></span> <span class='ocrx_word' id='word_1_367' title='bbox 2043 3445 2285 3506; x_wconf 90' lang='lat' dir='ltr'><strong>tempore</strong></span> 
     </span>
    </p>
   </div>
   <div class='ocr_carea' id='block_1_53' title="bbox 722 3525 2284 3596">
    <p class='ocr_par' dir='ltr' id='par_1_53' title="bbox 722 3525 2284 3596">
     <span class='ocr_line' id='line_1_53' title="bbox 722 3525 2284 3596; baseline -0.006 -3"><span class='ocrx_word' id='word_1_368' title='bbox 722 3539 1058 3596; x_wconf 77' lang='lat' dir='ltr'><strong>vexabantur</strong></span> <span class='ocrx_word' id='word_1_369' title='bbox 1077 3535 1476 3593; x_wconf 80' lang='lat' dir='ltr'><strong>confirmarint.</strong></span> <span class='ocrx_word' id='word_1_370' title='bbox 1513 3531 1572 3587; x_wconf 85' lang='lat' dir='ltr'><strong>Si</strong></span> <span class='ocrx_word' id='word_1_371' title='bbox 1600 3547 1728 3587; x_wconf 88' lang='lat' dir='ltr'><strong>vero</strong></span> <span class='ocrx_word' id='word_1_372' title='bbox 1759 3525 2076 3586; x_wconf 75' lang='lat' dir='ltr'><strong>ceciderunt</strong></span> <span class='ocrx_word' id='word_1_373' title='bbox 2110 3545 2177 3585; x_wconf 79' lang='lat' dir='ltr'><strong>ex</strong></span> <span class='ocrx_word' id='word_1_374' title='bbox 2219 3543 2284 3584; x_wconf 93' lang='lat' dir='ltr'><strong>eo</strong></span> 
     </span>
    </p>
   </div>
   <div class='ocr_carea' id='block_1_54' title="bbox 717 3627 2282 3708">
    <p class='ocr_par' dir='ltr' id='par_1_54' title="bbox 717 3627 2282 3708">
     <span class='ocr_line' id='line_1_54' title="bbox 717 3627 2282 3708; baseline -0.006 -17"><span class='ocrx_word' id='word_1_375' title='bbox 717 3636 862 3708; x_wconf 91' lang='lat' dir='ltr'><strong>quod</strong></span> <span class='ocrx_word' id='word_1_376' title='bbox 883 3652 942 3692; x_wconf 89' lang='lat' dir='ltr'><strong>se</strong></span> <span class='ocrx_word' id='word_1_377' title='bbox 972 3649 1254 3707; x_wconf 84' lang='lat' dir='ltr'><strong>perperam</strong></span> <span class='ocrx_word' id='word_1_378' title='bbox 1291 3630 1583 3703; x_wconf 82' lang='lat' dir='ltr'><strong>gesserint,</strong></span> <span class='ocrx_word' id='word_1_379' title='bbox 1625 3629 1937 3700; x_wconf 89' lang='lat' dir='ltr'><strong>superbiam</strong></span> <span class='ocrx_word' id='word_1_380' title='bbox 1967 3627 2078 3692; x_wconf 86' lang='lat' dir='ltr'><strong>hic,</strong></span> <span class='ocrx_word' id='word_1_381' title='bbox 2111 3634 2165 3684; x_wconf 91' lang='lat' dir='ltr'><strong>et</strong></span> <span class='ocrx_word' id='word_1_382' title='bbox 2194 3642 2282 3682; x_wconf 88' lang='lat' dir='ltr'><strong>ar-</strong></span> 
     </span>
    </p>
   </div>
   <div class='ocr_carea' id='block_1_55' title="bbox 716 3719 2282 3802">
    <p class='ocr_par' dir='ltr' id='par_1_55' title="bbox 716 3719 2282 3802">
     <span class='ocr_line' id='line_1_55' title="bbox 716 3719 2282 3802; baseline -0.007 -18"><span class='ocrx_word' id='word_1_383' title='bbox 716 3729 1053 3802; x_wconf 82' lang='lat' dir='ltr'><strong>rogantiam;</strong></span> <span class='ocrx_word' id='word_1_384' title='bbox 1102 3727 1200 3798; x_wconf 79' lang='grc' dir='ltr'><strong>τὴν</strong></span> <span class='ocrx_word' id='word_1_385' title='bbox 1230 3721 1562 3796; x_wconf 85' lang='grc' dir='ltr'>περπερείαν</span> <span class='ocrx_word' id='word_1_386' title='bbox 1612 3735 1836 3787; x_wconf 85' lang='lat' dir='ltr'><strong>vocans,</strong></span> <span class='ocrx_word' id='word_1_387' title='bbox 1862 3719 2004 3790; x_wconf 91' lang='lat' dir='ltr'><strong>quod</strong></span> <span class='ocrx_word' id='word_1_388' title='bbox 2033 3734 2096 3774; x_wconf 80' lang='lat' dir='ltr'><strong>ex</strong></span> <span class='ocrx_word' id='word_1_389' title='bbox 2129 3733 2282 3774; x_wconf 88' lang='lat' dir='ltr'><strong>arro-</strong></span> 
     </span>
    </p>
   </div>
   <div class='ocr_carea' id='block_1_56' title="bbox 717 3813 2282 3896">
    <p class='ocr_par' dir='ltr' id='par_1_56' title="bbox 717 3813 2282 3896">
     <span class='ocr_line' id='line_1_56' title="bbox 717 3813 2282 3896; baseline -0.008 -19"><span class='ocrx_word' id='word_1_390' title='bbox 717 3823 900 3896; x_wconf 82' lang='lat' dir='ltr'><strong>gantia</strong></span> <span class='ocrx_word' id='word_1_391' title='bbox 933 3819 1182 3875; x_wconf 80' lang='lat' dir='ltr'><strong>fiduciam</strong></span> <span class='ocrx_word' id='word_1_392' title='bbox 1209 3819 1263 3874; x_wconf 92' lang='lat' dir='ltr'><strong>in</strong></span> <span class='ocrx_word' id='word_1_393' title='bbox 1297 3833 1356 3874; x_wconf 90' lang='lat' dir='ltr'><strong>se</strong></span> <span class='ocrx_word' id='word_1_394' title='bbox 1395 3818 1529 3888; x_wconf 91' lang='lat' dir='ltr'><strong>ipsis</strong></span> <span class='ocrx_word' id='word_1_395' title='bbox 1563 3830 1791 3886; x_wconf 89' lang='lat' dir='ltr'><strong>posuere</strong></span> <span class='ocrx_word' id='word_1_396' title='bbox 1814 3855 1828 3880; x_wconf 87' lang='lat'><strong>,</strong></span> <span class='ocrx_word' id='word_1_397' title='bbox 1883 3813 2282 3870; x_wconf 78' lang='lat' dir='ltr'><strong>dissolverant-</strong></span> 
     </span>
    </p>
   </div>
   <div class='ocr_carea' id='block_1_57' title="bbox 716 3904 2277 3987">
    <p class='ocr_par' dir='ltr' id='par_1_57' title="bbox 716 3904 2277 3987">
     <span class='ocr_line' id='line_1_57' title="bbox 716 3904 2277 3987; baseline -0.007 -17"><span class='ocrx_word' id='word_1_398' title='bbox 716 3931 823 3987; x_wconf 91' lang='lat' dir='ltr'><strong>que</strong></span> <span class='ocrx_word' id='word_1_399' title='bbox 852 3921 1150 3979; x_wconf 85' lang='lat' dir='ltr'><strong>certamen,</strong></span> <span class='ocrx_word' id='word_1_400' title='bbox 1181 3927 1244 3967; x_wconf 91' lang='lat' dir='ltr'><strong>ac</strong></span> <span class='ocrx_word' id='word_1_401' title='bbox 1277 3925 1338 3967; x_wconf 89' lang='lat' dir='ltr'><strong>se</strong></span> <span class='ocrx_word' id='word_1_402' title='bbox 1389 3910 1538 3980; x_wconf 90' lang='lat' dir='ltr'><strong>ipsos</strong></span> <span class='ocrx_word' id='word_1_403' title='bbox 1568 3909 1945 3979; x_wconf 87' lang='lat' dir='ltr'><strong>vituperarunt</strong></span> <span class='ocrx_word' id='word_1_404' title='bbox 1977 3925 1992 3973; x_wconf 91' lang='lat'><strong>;</strong></span> <span class='ocrx_word' id='word_1_405' title='bbox 2042 3904 2148 3960; x_wconf 84' lang='lat' dir='ltr'><strong>hoc</strong></span> <span class='ocrx_word' id='word_1_406' title='bbox 2171 3912 2277 3966; x_wconf 82' lang='lat' dir='ltr'><strong>est,</strong></span> 
     </span>
    </p>
   </div>
   <div class='ocr_carea' id='block_1_58' title="bbox 719 4001 2280 4078">
    <p class='ocr_par' dir='ltr' id='par_1_58' title="bbox 719 4001 2280 4078">
     <span class='ocr_line' id='line_1_58' title="bbox 719 4001 2280 4078; baseline -0.008 -14"><span class='ocrx_word' id='word_1_407' title='bbox 719 4009 824 4064; x_wconf 87' lang='lat' dir='ltr'><strong>sibi</strong></span> <span class='ocrx_word' id='word_1_408' title='bbox 845 4005 980 4078; x_wconf 84' lang='lat' dir='ltr'><strong>ipsis</strong></span> <span class='ocrx_word' id='word_1_409' title='bbox 1013 4005 1278 4060; x_wconf 71' lang='lat' dir='ltr'><strong>maculam</strong></span> <span class='ocrx_word' id='word_1_410' title='bbox 1311 4003 1384 4060; x_wconf 83' lang='lat' dir='ltr'><strong>ob</strong></span> <span class='ocrx_word' id='word_1_411' title='bbox 1409 4004 1622 4075; x_wconf 91' lang='lat' dir='ltr'><strong>lapsum</strong></span> <span class='ocrx_word' id='word_1_412' title='bbox 1661 4004 2006 4065; x_wconf 85' lang='lat' dir='ltr'><strong>inusserunt,</strong></span> <span class='ocrx_word' id='word_1_413' title='bbox 2035 4001 2090 4054; x_wconf 91' lang='lat' dir='ltr'><strong>in</strong></span> <span class='ocrx_word' id='word_1_414' title='bbox 2123 4012 2280 4055; x_wconf 89' lang='lat' dir='ltr'><strong>sacro</strong></span> 
     </span>
    </p>
   </div>
   <div class='ocr_carea' id='block_1_59' title="bbox 718 4089 2278 4166">
    <p class='ocr_par' dir='ltr' id='par_1_59' title="bbox 718 4089 2278 4166">
     <span class='ocr_line' id='line_1_59' title="bbox 718 4089 2278 4166; baseline -0.008 -10"><span class='ocrx_word' id='word_1_415' title='bbox 718 4098 1022 4156; x_wconf 87' lang='lat' dir='ltr'><strong>ministerio</strong></span> <span class='ocrx_word' id='word_1_416' title='bbox 1055 4094 1259 4153; x_wconf 90' lang='lat' dir='ltr'><strong>versari</strong></span> <span class='ocrx_word' id='word_1_417' title='bbox 1304 4094 1436 4166; x_wconf 87' lang='lat' dir='ltr'><strong>ipsis</strong></span> <span class='ocrx_word' id='word_1_418' title='bbox 1485 4093 1718 4164; x_wconf 89' lang='lat' dir='ltr'><strong>amplius</strong></span> <span class='ocrx_word' id='word_1_419' title='bbox 1767 4091 1912 4148; x_wconf 85' lang='lat' dir='ltr'><strong>haud</strong></span> <span class='ocrx_word' id='word_1_420' title='bbox 1959 4091 2104 4146; x_wconf 90' lang='lat' dir='ltr'><strong>licet.</strong></span> <span class='ocrx_word' id='word_1_421' title='bbox 2139 4089 2278 4144; x_wconf 82' lang='lat' dir='ltr'><strong>Pro-</strong></span> 
     </span>
    </p>
   </div>
   <div class='ocr_carea' id='block_1_60' title="bbox 717 4182 2278 4264">
    <p class='ocr_par' dir='ltr' id='par_1_60' title="bbox 717 4182 2278 4264">
     <span class='ocr_line' id='line_1_60' title="bbox 717 4182 2278 4264; baseline -0.006 -15"><span class='ocrx_word' id='word_1_422' title='bbox 717 4200 900 4264; x_wconf 82' lang='lat' dir='ltr'><strong>pterea</strong></span> <span class='ocrx_word' id='word_1_423' title='bbox 925 4189 1198 4255; x_wconf 86' lang='lat' dir='ltr'><strong>studeant,</strong></span> <span class='ocrx_word' id='word_1_424' title='bbox 1225 4187 1418 4257; x_wconf 90' lang='lat' dir='ltr'><strong>inquit,</strong></span> <span class='ocrx_word' id='word_1_425' title='bbox 1445 4187 1627 4258; x_wconf 91' lang='lat' dir='ltr'><strong>potius</strong></span> <span class='ocrx_word' id='word_1_426' title='bbox 1650 4186 1704 4240; x_wconf 91' lang='lat' dir='ltr'><strong>in</strong></span> <span class='ocrx_word' id='word_1_427' title='bbox 1733 4184 2037 4240; x_wconf 87' lang='lat' dir='ltr'><strong>humilitate</strong></span> <span class='ocrx_word' id='word_1_428' title='bbox 2063 4182 2278 4239; x_wconf 77' lang='lat' dir='ltr'><strong>confes-</strong></span> 
     </span>
    </p>
   </div>
   <div class='ocr_carea' id='block_1_61' title="bbox 716 4273 2277 4350">
    <p class='ocr_par' dir='ltr' id='par_1_61' title="bbox 716 4273 2277 4350">
     <span class='ocr_line' id='line_1_61' title="bbox 716 4273 2277 4350; baseline -0.004 -13"><span class='ocrx_word' id='word_1_429' title='bbox 716 4283 923 4338; x_wconf 90' lang='lat' dir='ltr'><strong>sionem</strong></span> <span class='ocrx_word' id='word_1_430' title='bbox 951 4291 1228 4350; x_wconf 85' lang='lat' dir='ltr'><strong>peragere,</strong></span> <span class='ocrx_word' id='word_1_431' title='bbox 1248 4283 1528 4333; x_wconf 88' lang='lat' dir='ltr'><strong>cessantes</strong></span> <span class='ocrx_word' id='word_1_432' title='bbox 1548 4275 1798 4331; x_wconf 84' lang='lat' dir='ltr'><strong>videlicet</strong></span> <span class='ocrx_word' id='word_1_433' title='bbox 1821 4275 1889 4330; x_wconf 91' lang='lat' dir='ltr'><strong>ab</strong></span> <span class='ocrx_word' id='word_1_434' title='bbox 1910 4275 2055 4330; x_wconf 89' lang='lat' dir='ltr'><strong>inani</strong></span> <span class='ocrx_word' id='word_1_435' title='bbox 2078 4273 2277 4345; x_wconf 85' lang='lat' dir='ltr'><strong>gloria.</strong></span> 
     </span>
    </p>
   </div>
   <div class='ocr_carea' id='block_1_62' title="bbox 714 4361 2276 4440">
    <p class='ocr_par' dir='ltr' id='par_1_62' title="bbox 714 4361 2276 4440">
     <span class='ocr_line' id='line_1_62' title="bbox 714 4361 2276 4440; baseline -0.006 -13"><span class='ocrx_word' id='word_1_436' title='bbox 714 4372 870 4440; x_wconf 81' lang='lat' dir='ltr'><strong>Quod</strong></span> <span class='ocrx_word' id='word_1_437' title='bbox 915 4370 1059 4425; x_wconf 91' lang='lat' dir='ltr'><strong>enim</strong></span> <span class='ocrx_word' id='word_1_438' title='bbox 1110 4381 1267 4425; x_wconf 89' lang='lat' dir='ltr'><strong>sacro</strong></span> <span class='ocrx_word' id='word_1_439' title='bbox 1309 4361 1612 4421; x_wconf 85' lang='lat' dir='ltr'><strong>ministerio</strong></span> <span class='ocrx_word' id='word_1_440' title='bbox 1657 4365 1857 4420; x_wconf 91' lang='lat' dir='ltr'><strong>ascribi</strong></span> <span class='ocrx_word' id='word_1_441' title='bbox 1897 4366 2192 4437; x_wconf 88' lang='lat' dir='ltr'><strong>postulent,</strong></span> <span class='ocrx_word' id='word_1_442' title='bbox 2245 4379 2276 4417; x_wconf 88' lang='lat' dir='ltr'><strong>a</strong></span> 
     </span>
    </p>
   </div>
   <div class='ocr_carea' id='block_1_63' title="bbox 2400 1869 3698 1936">
    <p class='ocr_par' dir='ltr' id='par_1_63' title="bbox 2400 1869 3698 1936">
     <span class='ocr_line' id='line_1_63' title="bbox 2400 1869 3698 1936; baseline 0.002 -13"><span class='ocrx_word' id='word_1_443' title='bbox 2400 1870 2492 1923; x_wconf 72' lang='grc' dir='ltr'><strong>καὶ</strong></span> <span class='ocrx_word' id='word_1_444' title='bbox 2531 1869 2872 1925; x_wconf 83' lang='grc' dir='ltr'>διδασκαλίαν</span> <span class='ocrx_word' id='word_1_445' title='bbox 2915 1872 3008 1924; x_wconf 82' lang='grc' dir='ltr'>τοῦ</span> <span class='ocrx_word' id='word_1_446' title='bbox 3044 1873 3188 1926; x_wconf 87' lang='grc' dir='ltr'>λαοῦ.</span> <span class='ocrx_word' id='word_1_447' title='bbox 3223 1871 3318 1936; x_wconf 78' lang='grc' dir='ltr'>Οὓς</span> <span class='ocrx_word' id='word_1_448' title='bbox 3359 1871 3440 1925; x_wconf 79' lang='grc' dir='ltr'>καὶ</span> <span class='ocrx_word' id='word_1_449' title='bbox 3478 1872 3590 1925; x_wconf 85' lang='grc' dir='ltr'>πάνυ</span> <span class='ocrx_word' id='word_1_450' title='bbox 3626 1874 3698 1925; x_wconf 74' lang='grc' dir='ltr'>ἀνα</span> 
     </span>
    </p>
   </div>
   <div class='ocr_carea' id='block_1_64' title="bbox 2399 1963 3704 2036">
    <p class='ocr_par' dir='ltr' id='par_1_64' title="bbox 2399 1963 3704 2036">
     <span class='ocr_line' id='line_1_64' title="bbox 2399 1963 3704 2036; baseline 0 -21"><span class='ocrx_word' id='word_1_451' title='bbox 2399 1979 2523 2026; x_wconf 87' lang='grc' dir='ltr'>τους</span> <span class='ocrx_word' id='word_1_452' title='bbox 2576 1963 2926 2033; x_wconf 58' lang='grc' dir='ltr'>ἀποφαίνεται</span> <span class='ocrx_word' id='word_1_453' title='bbox 2953 2004 2966 2027; x_wconf 93' lang='grc'><strong>,</strong></span> <span class='ocrx_word' id='word_1_454' title='bbox 3007 1963 3282 2030; x_wconf 76' lang='grc' dir='ltr'>αἰτοῦντας</span> <span class='ocrx_word' id='word_1_455' title='bbox 3320 1963 3403 2036; x_wconf 75' lang='grc' dir='ltr'><strong>την</strong></span> <span class='ocrx_word' id='word_1_456' title='bbox 3443 1963 3704 2035; x_wconf 73' lang='grc' dir='ltr'>λειτουργίαν</span> 
     </span>
    </p>
   </div>
   <div class='ocr_carea' id='block_1_65' title="bbox 2399 2053 3704 2130">
    <p class='ocr_par' dir='ltr' id='par_1_65' title="bbox 2399 2053 3704 2130">
     <span class='ocr_line' id='line_1_65' title="bbox 2399 2053 3704 2130; baseline 0.001 -24"><span class='ocrx_word' id='word_1_457' title='bbox 2399 2053 2670 2109; x_wconf 76' lang='grc' dir='ltr'>ἐθελονταὶ</span> <span class='ocrx_word' id='word_1_458' title='bbox 2697 2057 3108 2111; x_wconf 83' lang='grc' dir='ltr'>ἐκπεπτώκασι.</span> <span class='ocrx_word' id='word_1_459' title='bbox 3145 2057 3263 2122; x_wconf 78' lang='grc' dir='ltr'>Πῶς</span> <span class='ocrx_word' id='word_1_460' title='bbox 3285 2057 3399 2130; x_wconf 82' lang='grc' dir='ltr'>γὰρ,</span> <span class='ocrx_word' id='word_1_461' title='bbox 3426 2059 3584 2128; x_wconf 79' lang='grc' dir='ltr'>φησὶν,</span> <span class='ocrx_word' id='word_1_462' title='bbox 3608 2057 3704 2109; x_wconf 67' lang='lat' dir='ltr'><strong>aito?</strong></span> 
     </span>
    </p>
   </div>
   <div class='ocr_carea' id='block_1_66' title="bbox 2397 2147 3698 2220">
    <p class='ocr_par' dir='ltr' id='par_1_66' title="bbox 2397 2147 3698 2220">
     <span class='ocr_line' id='line_1_66' title="bbox 2397 2147 3698 2220; baseline 0.001 -22"><span class='ocrx_word' id='word_1_463' title='bbox 2397 2147 2703 2208; x_wconf 84' lang='grc' dir='ltr'>κατέλιπον,</span> <span class='ocrx_word' id='word_1_464' title='bbox 2750 2148 3033 2220; x_wconf 83' lang='grc' dir='ltr'>δυνάμενοι</span> <span class='ocrx_word' id='word_1_465' title='bbox 3061 2152 3169 2213; x_wconf 90' lang='grc' dir='ltr'>τοῖς</span> <span class='ocrx_word' id='word_1_466' title='bbox 3205 2148 3430 2220; x_wconf 77' lang='grc' dir='ltr'><strong>ἀδελφοῖς</strong></span> <span class='ocrx_word' id='word_1_467' title='bbox 3465 2147 3698 2219; x_wconf 56' lang='grc' dir='ltr'>εὔχρηστα.</span> 
     </span>
    </p>
   </div>
   <div class='ocr_carea' id='block_1_67' title="bbox 2395 2237 3703 2312">
    <p class='ocr_par' dir='ltr' id='par_1_67' title="bbox 2395 2237 3703 2312">
     <span class='ocr_line' id='line_1_67' title="bbox 2395 2237 3703 2312; baseline 0.003 -22"><span class='ocrx_word' id='word_1_468' title='bbox 2395 2240 2452 2290; x_wconf 87' lang='grc' dir='ltr'><strong>ἐν</strong></span> <span class='ocrx_word' id='word_1_469' title='bbox 2485 2237 2658 2309; x_wconf 81' lang='grc' dir='ltr'>καιρῷ</span> <span class='ocrx_word' id='word_1_470' title='bbox 2696 2239 2944 2312; x_wconf 72' lang='grc' dir='ltr'>τοιούτῳ,</span> <span class='ocrx_word' id='word_1_471' title='bbox 2991 2237 3226 2310; x_wconf 81' lang='grc' dir='ltr'>διωγμοῦ</span> <span class='ocrx_word' id='word_1_472' title='bbox 3270 2241 3488 2312; x_wconf 81' lang='grc' dir='ltr'>δηλαδή;</span> <span class='ocrx_word' id='word_1_473' title='bbox 3517 2241 3639 2304; x_wconf 85' lang='grc' dir='ltr'>Ἕως</span> <span class='ocrx_word' id='word_1_474' title='bbox 3672 2259 3703 2310; x_wconf 78' lang='grc' dir='ltr'><strong>μ</strong></span> 
     </span>
    </p>
   </div>
   <div class='ocr_carea' id='block_1_68' title="bbox 2395 2325 3704 2405">
    <p class='ocr_par' dir='ltr' id='par_1_68' title="bbox 2395 2325 3704 2405">
     <span class='ocr_line' id='line_1_68' title="bbox 2395 2325 3704 2405; baseline 0.001 -22"><span class='ocrx_word' id='word_1_475' title='bbox 2395 2329 2678 2383; x_wconf 82' lang='grc' dir='ltr'>ἄπταιστοι</span> <span class='ocrx_word' id='word_1_476' title='bbox 2709 2325 2868 2403; x_wconf 80' lang='grc' dir='ltr'>ἦσαν,</span> <span class='ocrx_word' id='word_1_477' title='bbox 2903 2331 3228 2403; x_wconf 74' lang='grc' dir='ltr'>συγγνώμην</span> <span class='ocrx_word' id='word_1_478' title='bbox 3261 2330 3394 2405; x_wconf 77' lang='grc' dir='ltr'>εἶχον</span> <span class='ocrx_word' id='word_1_479' title='bbox 3423 2335 3512 2386; x_wconf 68' lang='grc' dir='ltr'><strong>ἐπὶ</strong></span> <span class='ocrx_word' id='word_1_480' title='bbox 3532 2336 3594 2404; x_wconf 61' lang='grc' dir='ltr'>τῇ</span> <span class='ocrx_word' id='word_1_481' title='bbox 3625 2350 3704 2404; x_wconf 61' lang='grc' dir='ltr'><strong>παι</strong></span> 
     </span>
    </p>
   </div>
   <div class='ocr_carea' id='block_1_69' title="bbox 2394 2422 3704 2499">
    <p class='ocr_par' dir='ltr' id='par_1_69' title="bbox 2394 2422 3704 2499">
     <span class='ocr_line' id='line_1_69' title="bbox 2394 2422 3704 2499; baseline 0.001 -23"><span class='ocrx_word' id='word_1_482' title='bbox 2394 2422 2573 2476; x_wconf 75' lang='grc' dir='ltr'>αὐτῶν</span> <span class='ocrx_word' id='word_1_483' title='bbox 2616 2423 2830 2495; x_wconf 78' lang='grc' dir='ltr'>πράξει,</span> <span class='ocrx_word' id='word_1_484' title='bbox 2875 2426 2939 2495; x_wconf 82' lang='grc' dir='ltr'>τῇ</span> <span class='ocrx_word' id='word_1_485' title='bbox 2977 2425 3330 2497; x_wconf 83' lang='grc' dir='ltr'>αύτομολήσει</span> <span class='ocrx_word' id='word_1_486' title='bbox 3373 2425 3572 2499; x_wconf 76' lang='grc' dir='ltr'>δηλαδὴ,</span> <span class='ocrx_word' id='word_1_487' title='bbox 3611 2426 3638 2496; x_wconf 85' lang='grc' dir='ltr'><strong>ἦ</strong></span> <span class='ocrx_word' id='word_1_488' title='bbox 3675 2432 3704 2477; x_wconf 57' lang='grc' dir='ltr'>τέ</span> 
     </span>
    </p>
   </div>
   <div class='ocr_carea' id='block_1_70' title="bbox 2390 2514 3689 2590">
    <p class='ocr_par' dir='ltr' id='par_1_70' title="bbox 2390 2514 3689 2590">
     <span class='ocr_line' id='line_1_70' title="bbox 2390 2514 3689 2590; baseline -0.001 -22"><span class='ocrx_word' id='word_1_489' title='bbox 2390 2514 2451 2568; x_wconf 82' lang='grc' dir='ltr'>τὸ</span> <span class='ocrx_word' id='word_1_490' title='bbox 2487 2515 2753 2570; x_wconf 77' lang='grc' dir='ltr'>διδάσκειν</span> <span class='ocrx_word' id='word_1_491' title='bbox 2789 2517 2916 2579; x_wconf 76' lang='grc' dir='ltr'>τοὺς</span> <span class='ocrx_word' id='word_1_492' title='bbox 2949 2515 3208 2586; x_wconf 76' lang='grc' dir='ltr'>ἀδελφοὺς</span> <span class='ocrx_word' id='word_1_493' title='bbox 3242 2517 3501 2590; x_wconf 77' lang='grc' dir='ltr'>ῥᾳθυμία·</span> <span class='ocrx_word' id='word_1_494' title='bbox 3543 2517 3622 2570; x_wconf 83' lang='grc' dir='ltr'>ὅτε</span> <span class='ocrx_word' id='word_1_495' title='bbox 3642 2515 3689 2567; x_wconf 76' lang='grc' dir='ltr'><strong>δὲ.</strong></span> 
     </span>
    </p>
   </div>
   <div class='ocr_carea' id='block_1_71' title="bbox 2392 2608 3704 2682">
    <p class='ocr_par' dir='ltr' id='par_1_71' title="bbox 2392 2608 3704 2682">
     <span class='ocr_line' id='line_1_71' title="bbox 2392 2608 3704 2682; baseline -0.002 -21"><span class='ocrx_word' id='word_1_496' title='bbox 2392 2625 2510 2672; x_wconf 91' lang='grc' dir='ltr'>σαν,</span> <span class='ocrx_word' id='word_1_497' title='bbox 2549 2608 2624 2673; x_wconf 84' lang='grc' dir='ltr'>ὡς</span> <span class='ocrx_word' id='word_1_498' title='bbox 2656 2609 2721 2663; x_wconf 82' lang='grc' dir='ltr'>ἂν</span> <span class='ocrx_word' id='word_1_499' title='bbox 2769 2613 3297 2682; x_wconf 82' lang='grc' dir='ltr'>περπερευσὰμενοι,</span> <span class='ocrx_word' id='word_1_500' title='bbox 3341 2612 3516 2665; x_wconf 83' lang='grc' dir='ltr'>οὐκέτι</span> <span class='ocrx_word' id='word_1_501' title='bbox 3555 2609 3704 2664; x_wconf 73' lang='grc' dir='ltr'>δύνανι</span> 
     </span>
    </p>
   </div>
   <div class='ocr_carea' id='block_1_72' title="bbox 2390 2692 3704 2774">
    <p class='ocr_par' dir='ltr' id='par_1_72' title="bbox 2390 2692 3704 2774">
     <span class='ocr_line' id='line_1_72' title="bbox 2390 2692 3704 2774; baseline -0.002 -20"><span class='ocrx_word' id='word_1_502' title='bbox 2390 2704 2652 2773; x_wconf 88' lang='grc' dir='ltr'>τουργεῖν.</span> <span class='ocrx_word' id='word_1_503' title='bbox 2697 2703 2759 2756; x_wconf 79' lang='lat' dir='ltr'><strong>Ei</strong></span> <span class='ocrx_word' id='word_1_504' title='bbox 2796 2692 2892 2774; x_wconf 79' lang='grc' dir='ltr'><strong>μέν</strong></span> <span class='ocrx_word' id='word_1_505' title='bbox 2932 2700 3023 2757; x_wconf 83' lang='grc' dir='ltr'><strong>οὖν</strong></span> <span class='ocrx_word' id='word_1_506' title='bbox 3063 2705 3124 2757; x_wconf 82' lang='grc' dir='ltr'><strong>οὐ</strong></span> <span class='ocrx_word' id='word_1_507' title='bbox 3171 2703 3519 2767; x_wconf 81' lang='grc' dir='ltr'>πεπτώκασι,</span> <span class='ocrx_word' id='word_1_508' title='bbox 3568 2702 3704 2773; x_wconf 63' lang='grc' dir='ltr'>φησιν</span> 
     </span>
    </p>
   </div>
   <div class='ocr_carea' id='block_1_73' title="bbox 2389 2793 3672 2868">
    <p class='ocr_par' dir='ltr' id='par_1_73' title="bbox 2389 2793 3672 2868">
     <span class='ocr_line' id='line_1_73' title="bbox 2389 2793 3672 2868; baseline -0.002 -21"><span class='ocrx_word' id='word_1_509' title='bbox 2389 2793 2456 2847; x_wconf 84' lang='grc' dir='ltr'>ἂν</span> <span class='ocrx_word' id='word_1_510' title='bbox 2509 2793 2833 2866; x_wconf 80' lang='grc' dir='ltr'>συγγνώμην</span> <span class='ocrx_word' id='word_1_511' title='bbox 2891 2796 2982 2848; x_wconf 72' lang='grc' dir='ltr'><strong>ἐπὶ</strong></span> <span class='ocrx_word' id='word_1_512' title='bbox 3026 2798 3092 2866; x_wconf 84' lang='grc' dir='ltr'>τῇ</span> <span class='ocrx_word' id='word_1_513' title='bbox 3143 2797 3470 2868; x_wconf 83' lang='grc' dir='ltr'>παραλόγως</span> <span class='ocrx_word' id='word_1_514' title='bbox 3508 2795 3672 2848; x_wconf 79' lang='grc' dir='ltr'>αὐτῶν</span> 
     </span>
    </p>
   </div>
   <div class='ocr_carea' id='block_1_74' title="bbox 2390 2885 3704 2960">
    <p class='ocr_par' dir='ltr' id='par_1_74' title="bbox 2390 2885 3704 2960">
     <span class='ocr_line' id='line_1_74' title="bbox 2390 2885 3704 2960; baseline -0.001 -22"><span class='ocrx_word' id='word_1_515' title='bbox 2390 2885 2694 2957; x_wconf 84' lang='grc' dir='ltr'>παράλογον</span> <span class='ocrx_word' id='word_1_516' title='bbox 2728 2885 2923 2958; x_wconf 79' lang='grc' dir='ltr'>πρᾶξιν</span> <span class='ocrx_word' id='word_1_517' title='bbox 2969 2887 3028 2940; x_wconf 82' lang='grc' dir='ltr'><strong>οὐ</strong></span> <span class='ocrx_word' id='word_1_518' title='bbox 3058 2887 3119 2940; x_wconf 81' lang='grc' dir='ltr'><strong>τὸ</strong></span> <span class='ocrx_word' id='word_1_519' title='bbox 3156 2888 3528 2960; x_wconf 72' lang='grc' dir='ltr'>αὗτομολῆσαι</span> <span class='ocrx_word' id='word_1_520' title='bbox 3564 2887 3704 2958; x_wconf 77' lang='grc' dir='ltr'>μόνον</span> 
     </span>
    </p>
   </div>
   <div class='ocr_carea' id='block_1_75' title="bbox 2389 2979 3700 3054">
    <p class='ocr_par' dir='ltr' id='par_1_75' title="bbox 2389 2979 3700 3054">
     <span class='ocr_line' id='line_1_75' title="bbox 2389 2979 3700 3054; baseline 0 -22"><span class='ocrx_word' id='word_1_521' title='bbox 2389 2979 2523 3034; x_wconf 82' lang='grc' dir='ltr'>ἀλλὰ</span> <span class='ocrx_word' id='word_1_522' title='bbox 2561 2979 2756 3052; x_wconf 82' lang='grc' dir='ltr'>μᾶλλον</span> <span class='ocrx_word' id='word_1_523' title='bbox 2789 2979 2849 3034; x_wconf 75' lang='grc' dir='ltr'>τὸ</span> <span class='ocrx_word' id='word_1_524' title='bbox 2881 2981 3196 3034; x_wconf 86' lang='grc' dir='ltr'>καταλιπεῖν</span> <span class='ocrx_word' id='word_1_525' title='bbox 3229 2982 3296 3036; x_wconf 81' lang='grc' dir='ltr'><strong>τὸ</strong></span> <span class='ocrx_word' id='word_1_526' title='bbox 3338 2983 3590 3054; x_wconf 85' lang='grc' dir='ltr'>ποίμνιον</span> <span class='ocrx_word' id='word_1_527' title='bbox 3615 2980 3700 3034; x_wconf 77' lang='grc' dir='ltr'><strong>τοῦ</strong></span> 
     </span>
    </p>
   </div>
   <div class='ocr_carea' id='block_1_76' title="bbox 2390 3071 3704 3148">
    <p class='ocr_par' dir='ltr' id='par_1_76' title="bbox 2390 3071 3704 3148">
     <span class='ocr_line' id='line_1_76' title="bbox 2390 3071 3704 3148; baseline -0.001 -23"><span class='ocrx_word' id='word_1_528' title='bbox 2390 3072 2483 3126; x_wconf 69' lang='grc' dir='ltr'>καὶ</span> <span class='ocrx_word' id='word_1_529' title='bbox 2510 3071 2585 3144; x_wconf 80' lang='grc' dir='ltr'>μὴ</span> <span class='ocrx_word' id='word_1_530' title='bbox 2629 3073 2965 3144; x_wconf 80' lang='grc' dir='ltr'>παραμένειν</span> <span class='ocrx_word' id='word_1_531' title='bbox 3002 3071 3147 3144; x_wconf 81' lang='grc' dir='ltr'>αὐτῷ</span> <span class='ocrx_word' id='word_1_532' title='bbox 3181 3076 3284 3128; x_wconf 65' lang='lat' dir='ltr'><strong>xui.</strong></span> <span class='ocrx_word' id='word_1_533' title='bbox 3339 3075 3614 3148; x_wconf 74' lang='grc' dir='ltr'>στηρίζειν</span> <span class='ocrx_word' id='word_1_534' title='bbox 3656 3089 3704 3125; x_wconf 77' lang='grc' dir='ltr'><strong>το</strong></span> 
     </span>
    </p>
   </div>
   <div class='ocr_carea' id='block_1_77' title="bbox 2387 3165 3704 3240">
    <p class='ocr_par' dir='ltr' id='par_1_77' title="bbox 2387 3165 3704 3240">
     <span class='ocr_line' id='line_1_77' title="bbox 2387 3165 3704 3240; baseline 0.002 -22"><span class='ocrx_word' id='word_1_535' title='bbox 2387 3165 2519 3234; x_wconf 67' lang='grc' dir='ltr'>(ρους</span> <span class='ocrx_word' id='word_1_536' title='bbox 2560 3165 2941 3238; x_wconf 83' lang='grc' dir='ltr'>κλονουμένους</span> <span class='ocrx_word' id='word_1_537' title='bbox 2970 3169 3026 3221; x_wconf 81' lang='grc' dir='ltr'><strong>ἐν</strong></span> <span class='ocrx_word' id='word_1_538' title='bbox 3053 3165 3131 3236; x_wconf 80' lang='grc' dir='ltr'>τῷ</span> <span class='ocrx_word' id='word_1_539' title='bbox 3163 3168 3360 3240; x_wconf 80' lang='grc' dir='ltr'>καιρῷ</span> <span class='ocrx_word' id='word_1_540' title='bbox 3394 3167 3493 3221; x_wconf 83' lang='grc' dir='ltr'>τοῦ</span> <span class='ocrx_word' id='word_1_541' title='bbox 3534 3169 3704 3237; x_wconf 72' lang='grc' dir='ltr'>διωγμ</span> 
     </span>
    </p>
   </div>
   <div class='ocr_carea' id='block_1_78' title="bbox 2387 3259 3704 3333">
    <p class='ocr_par' dir='ltr' id='par_1_78' title="bbox 2387 3259 3704 3333">
     <span class='ocr_line' id='line_1_78' title="bbox 2387 3259 3704 3333; baseline -0.001 -21"><span class='ocrx_word' id='word_1_542' title='bbox 2387 3259 2733 3313; x_wconf 83' lang='grc' dir='ltr'>πεπτώκασιν</span> <span class='ocrx_word' id='word_1_543' title='bbox 2762 3261 2827 3312; x_wconf 80' lang='grc' dir='ltr'><strong>ἐκ</strong></span> <span class='ocrx_word' id='word_1_544' title='bbox 2861 3259 3194 3331; x_wconf 84' lang='grc' dir='ltr'>περπερείας</span> <span class='ocrx_word' id='word_1_545' title='bbox 3221 3299 3238 3323; x_wconf 88' lang='grc'><strong>,</strong></span> <span class='ocrx_word' id='word_1_546' title='bbox 3280 3261 3628 3333; x_wconf 85' lang='grc' dir='ltr'>περπερείαν</span> <span class='ocrx_word' id='word_1_547' title='bbox 3669 3259 3704 3311; x_wconf 83' lang='grc' dir='ltr'>δ⁴</span> 
     </span>
    </p>
   </div>
   <div class='ocr_carea' id='block_1_79' title="bbox 2383 3350 3704 3424">
    <p class='ocr_par' dir='ltr' id='par_1_79' title="bbox 2383 3350 3704 3424">
     <span class='ocr_line' id='line_1_79' title="bbox 2383 3350 3704 3424; baseline 0.001 -20"><span class='ocrx_word' id='word_1_548' title='bbox 2383 3353 2480 3424; x_wconf 75' lang='grc' dir='ltr'><strong>τὴν</strong></span> <span class='ocrx_word' id='word_1_549' title='bbox 2527 3351 2698 3422; x_wconf 76' lang='grc' dir='ltr'>οἴησιν</span> <span class='ocrx_word' id='word_1_550' title='bbox 2749 3353 2842 3406; x_wconf 77' lang='grc' dir='ltr'><strong>καὶ</strong></span> <span class='ocrx_word' id='word_1_551' title='bbox 2895 3351 2991 3422; x_wconf 77' lang='grc' dir='ltr'><strong>τὴν</strong></span> <span class='ocrx_word' id='word_1_552' title='bbox 3037 3350 3375 3416; x_wconf 75' lang='grc' dir='ltr'>ἀλαζονείαν</span> <span class='ocrx_word' id='word_1_553' title='bbox 3423 3353 3626 3407; x_wconf 69' lang='grc' dir='ltr'>καλεῖτ’</span> <span class='ocrx_word' id='word_1_554' title='bbox 3660 3352 3704 3405; x_wconf 63' lang='grc' dir='ltr'><strong>ὃς</strong></span> 
     </span>
    </p>
   </div>
   <div class='ocr_carea' id='block_1_80' title="bbox 2383 3444 3694 3516">
    <p class='ocr_par' dir='ltr' id='par_1_80' title="bbox 2383 3444 3694 3516">
     <span class='ocr_line' id='line_1_80' title="bbox 2383 3444 3694 3516; baseline -0.001 -20"><span class='ocrx_word' id='word_1_555' title='bbox 2383 3444 2589 3508; x_wconf 81' lang='grc' dir='ltr'>ζονείας</span> <span class='ocrx_word' id='word_1_556' title='bbox 2623 3445 2930 3516; x_wconf 76' lang='grc' dir='ltr'>ἐθάρρησαν</span> <span class='ocrx_word' id='word_1_557' title='bbox 2957 3446 3186 3507; x_wconf 78' lang='grc' dir='ltr'>ἑαυτοῖς,</span> <span class='ocrx_word' id='word_1_558' title='bbox 3225 3446 3333 3498; x_wconf 65' lang='grc' dir='ltr'><strong>καὶ¹</strong></span> <span class='ocrx_word' id='word_1_559' title='bbox 3367 3445 3468 3498; x_wconf 84' lang='grc' dir='ltr'><strong>τὸν</strong></span> <span class='ocrx_word' id='word_1_560' title='bbox 3505 3445 3694 3514; x_wconf 84' lang='grc' dir='ltr'>ἀγῶνα</span> 
     </span>
    </p>
   </div>
   <div class='ocr_carea' id='block_1_81' title="bbox 2383 3535 3700 3607">
    <p class='ocr_par' dir='ltr' id='par_1_81' title="bbox 2383 3535 3700 3607">
     <span class='ocr_line' id='line_1_81' title="bbox 2383 3535 3700 3607; baseline 0 -19"><span class='ocrx_word' id='word_1_561' title='bbox 2383 3536 2474 3588; x_wconf 76' lang='grc' dir='ltr'>καὶ</span> <span class='ocrx_word' id='word_1_562' title='bbox 2506 3536 2727 3599; x_wconf 76' lang='grc' dir='ltr'>ἑαυτοὺς</span> <span class='ocrx_word' id='word_1_563' title='bbox 2751 3537 3131 3607; x_wconf 77' lang='grc' dir='ltr'>ἐμωμήσαντο,</span> <span class='ocrx_word' id='word_1_564' title='bbox 3173 3535 3315 3590; x_wconf 73' lang='grc' dir='ltr'>ἀντὶ</span> <span class='ocrx_word' id='word_1_565' title='bbox 3361 3537 3495 3602; x_wconf 82' lang='grc' dir='ltr'>τοῦ,</span> <span class='ocrx_word' id='word_1_566' title='bbox 3543 3537 3638 3592; x_wconf 83' lang='grc' dir='ltr'><strong>διὰ</strong></span> <span class='ocrx_word' id='word_1_567' title='bbox 3671 3555 3700 3588; x_wconf 90' lang='grc' dir='ltr'><strong>τ</strong></span> 
     </span>
    </p>
   </div>
   <div class='ocr_carea' id='block_1_82' title="bbox 2387 3628 3704 3701">
    <p class='ocr_par' dir='ltr' id='par_1_82' title="bbox 2387 3628 3704 3701">
     <span class='ocr_line' id='line_1_82' title="bbox 2387 3628 3704 3701; baseline 0 -20"><span class='ocrx_word' id='word_1_568' title='bbox 2387 3628 2574 3700; x_wconf 86' lang='grc' dir='ltr'>μῶμον</span> <span class='ocrx_word' id='word_1_569' title='bbox 2601 3631 2904 3701; x_wconf 73' lang='grc' dir='ltr'>ἐπήνεγκαν</span> <span class='ocrx_word' id='word_1_570' title='bbox 2933 3630 3176 3693; x_wconf 78' lang='grc' dir='ltr'>ἑαυτοῖς,</span> <span class='ocrx_word' id='word_1_571' title='bbox 3217 3631 3432 3687; x_wconf 71' lang='grc' dir='ltr'>οὐκέτι</span> <span class='ocrx_word' id='word_1_572' title='bbox 3475 3631 3704 3685; x_wconf 62' lang='grc' dir='ltr'>δύναντα</span> 
     </span>
    </p>
   </div>
   <div class='ocr_carea' id='block_1_83' title="bbox 2381 3720 3704 3796">
    <p class='ocr_par' dir='ltr' id='par_1_83' title="bbox 2381 3720 3704 3796">
     <span class='ocr_line' id='line_1_83' title="bbox 2381 3720 3704 3796; baseline -0.002 -20"><span class='ocrx_word' id='word_1_573' title='bbox 2381 3726 2515 3792; x_wconf 87' lang='grc' dir='ltr'>γεῖν.</span> <span class='ocrx_word' id='word_1_574' title='bbox 2550 3723 2640 3775; x_wconf 80' lang='grc' dir='ltr'>Διὸ</span> <span class='ocrx_word' id='word_1_575' title='bbox 2682 3720 3131 3794; x_wconf 78' lang='grc' dir='ltr'>φροντιζέτωσαν,</span> <span class='ocrx_word' id='word_1_576' title='bbox 3168 3722 3372 3792; x_wconf 80' lang='grc' dir='ltr'>λέγει,</span> <span class='ocrx_word' id='word_1_577' title='bbox 3427 3724 3653 3796; x_wconf 82' lang='grc' dir='ltr'>μᾶλλον</span> <span class='ocrx_word' id='word_1_578' title='bbox 3690 3723 3704 3774; x_wconf 80' lang='grc' dir='ltr'>ἓ</span> 
     </span>
    </p>
   </div>
   <div class='ocr_carea' id='block_1_84' title="bbox 2383 3814 3704 3887">
    <p class='ocr_par' dir='ltr' id='par_1_84' title="bbox 2383 3814 3704 3887">
     <span class='ocr_line' id='line_1_84' title="bbox 2383 3814 3704 3887; baseline -0.002 -18"><span class='ocrx_word' id='word_1_579' title='bbox 2383 3815 2655 3887; x_wconf 85' lang='grc' dir='ltr'>φροσύνῃ,</span> <span class='ocrx_word' id='word_1_580' title='bbox 2709 3815 2823 3880; x_wconf 88' lang='grc' dir='ltr'><strong>πῶς</strong></span> <span class='ocrx_word' id='word_1_581' title='bbox 2864 3814 3210 3870; x_wconf 73' lang='grc' dir='ltr'>ἐκτελέσωσι</span> <span class='ocrx_word' id='word_1_582' title='bbox 3269 3815 3392 3886; x_wconf 84' lang='grc' dir='ltr'><strong>τὴν</strong></span> <span class='ocrx_word' id='word_1_583' title='bbox 3431 3814 3704 3887; x_wconf 79' lang='grc' dir='ltr'>ὁμολογία</span> 
     </span>
    </p>
   </div>
   <div class='ocr_carea' id='block_1_85' title="bbox 2380 3903 3704 3977">
    <p class='ocr_par' dir='ltr' id='par_1_85' title="bbox 2380 3903 3704 3977">
     <span class='ocr_line' id='line_1_85' title="bbox 2380 3903 3704 3977; baseline 0.001 -20"><span class='ocrx_word' id='word_1_584' title='bbox 2380 3906 2712 3977; x_wconf 87' lang='grc' dir='ltr'>παυσάμενοι</span> <span class='ocrx_word' id='word_1_585' title='bbox 2765 3905 2862 3977; x_wconf 82' lang='grc' dir='ltr'>τῆς</span> <span class='ocrx_word' id='word_1_586' title='bbox 2929 3903 3274 3970; x_wconf 79' lang='grc' dir='ltr'>κενοδοξίας.</span> <span class='ocrx_word' id='word_1_587' title='bbox 3346 3907 3442 3960; x_wconf 76' lang='grc' dir='ltr'>Τὸ</span> <span class='ocrx_word' id='word_1_588' title='bbox 3526 3905 3648 3977; x_wconf 75' lang='grc' dir='ltr'><strong>γὰρ</strong></span> <span class='ocrx_word' id='word_1_589' title='bbox 3696 3903 3704 3914; x_wconf 82' lang='grc'><strong>’</strong></span> 
     </span>
    </p>
   </div>
   <div class='ocr_carea' id='block_1_86' title="bbox 2379 3996 3662 4070">
    <p class='ocr_par' dir='ltr' id='par_1_86' title="bbox 2379 3996 3662 4070">
     <span class='ocr_line' id='line_1_86' title="bbox 2379 3996 3662 4070; baseline -0.004 -17"><span class='ocrx_word' id='word_1_590' title='bbox 2379 3996 2580 4070; x_wconf 78' lang='grc' dir='ltr'>ζητεῖν,</span> <span class='ocrx_word' id='word_1_591' title='bbox 2632 3997 2718 4051; x_wconf 74' lang='grc' dir='ltr'><strong>διὰ</strong></span> <span class='ocrx_word' id='word_1_592' title='bbox 2760 3997 3092 4064; x_wconf 77' lang='grc' dir='ltr'>κενοδοξίαν,</span> <span class='ocrx_word' id='word_1_593' title='bbox 3148 3999 3354 4069; x_wconf 64' lang='grc' dir='ltr'>φησι,</span> <span class='ocrx_word' id='word_1_594' title='bbox 3398 3999 3662 4068; x_wconf 85' lang='grc' dir='ltr'>γίνεται.</span> 
     </span>
    </p>
   </div>
   <div class='ocr_carea' id='block_1_87' title="bbox 2379 4088 3704 4160">
    <p class='ocr_par' dir='ltr' id='par_1_87' title="bbox 2379 4088 3704 4160">
     <span class='ocr_line' id='line_1_87' title="bbox 2379 4088 3704 4160; baseline -0.002 -19"><span class='ocrx_word' id='word_1_595' title='bbox 2379 4089 2560 4153; x_wconf 84' lang='grc' dir='ltr'>αὐτοῖς</span> <span class='ocrx_word' id='word_1_596' title='bbox 2599 4089 2631 4160; x_wconf 84' lang='grc' dir='ltr'><strong>ή</strong></span> <span class='ocrx_word' id='word_1_597' title='bbox 2673 4088 2924 4141; x_wconf 88' lang='grc' dir='ltr'>κοινωνία</span> <span class='ocrx_word' id='word_1_598' title='bbox 2950 4126 2964 4149; x_wconf 91' lang='grc'><strong>,</strong></span> <span class='ocrx_word' id='word_1_599' title='bbox 3015 4088 3182 4155; x_wconf 72' lang='grc' dir='ltr'>ἤγουν</span> <span class='ocrx_word' id='word_1_600' title='bbox 3241 4089 3324 4143; x_wconf 78' lang='grc' dir='ltr'><strong>τὸ</strong></span> <span class='ocrx_word' id='word_1_601' title='bbox 3400 4105 3704 4160; x_wconf 60' lang='grc' dir='ltr'>συγκοινιε</span> 
     </span>
    </p>
   </div>
   <div class='ocr_carea' id='block_1_88' title="bbox 2377 4179 3686 4254">
    <p class='ocr_par' dir='ltr' id='par_1_88' title="bbox 2377 4179 3686 4254">
     <span class='ocr_line' id='line_1_88' title="bbox 2377 4179 3686 4254; baseline -0.001 -22"><span class='ocrx_word' id='word_1_602' title='bbox 2377 4179 2501 4243; x_wconf 77' lang='grc' dir='ltr'>τοὺς</span> <span class='ocrx_word' id='word_1_603' title='bbox 2535 4181 2788 4243; x_wconf 77' lang='grc' dir='ltr'>πιστοὺς,</span> <span class='ocrx_word' id='word_1_604' title='bbox 2830 4179 2947 4250; x_wconf 71' lang='grc' dir='ltr'>ἦτοι</span> <span class='ocrx_word' id='word_1_605' title='bbox 2993 4179 3403 4250; x_wconf 75' lang='grc' dir='ltr'>συνεύχεσθαι.</span> <span class='ocrx_word' id='word_1_606' title='bbox 3429 4224 3449 4248; x_wconf 87' lang='lat'><strong>,</strong></span> <span class='ocrx_word' id='word_1_607' title='bbox 3508 4183 3547 4254; x_wconf 83' lang='grc' dir='ltr'>ἢ</span> <span class='ocrx_word' id='word_1_608' title='bbox 3588 4181 3686 4234; x_wconf 70' lang='grc' dir='ltr'>καὶ</span> 
     </span>
    </p>
   </div>
   <div class='ocr_carea' id='block_1_89' title="bbox 2381 4268 3696 4344">
    <p class='ocr_par' dir='ltr' id='par_1_89' title="bbox 2381 4268 3696 4344">
     <span class='ocr_line' id='line_1_89' title="bbox 2381 4268 3696 4344; baseline -0.001 -20"><span class='ocrx_word' id='word_1_609' title='bbox 2381 4271 2690 4343; x_wconf 83' lang='grc' dir='ltr'>μυστηρίων</span> <span class='ocrx_word' id='word_1_610' title='bbox 2743 4270 3058 4343; x_wconf 77' lang='grc' dir='ltr'>μετάληψις.</span> <span class='ocrx_word' id='word_1_611' title='bbox 3108 4271 3230 4323; x_wconf 72' lang='grc' dir='ltr'>Καὶ</span> <span class='ocrx_word' id='word_1_612' title='bbox 3300 4271 3539 4327; x_wconf 54' lang='grc' dir='ltr'>ταῖν-τα.</span> <span class='ocrx_word' id='word_1_613' title='bbox 3576 4268 3696 4344; x_wconf 69' lang='grc' dir='ltr'>μετ’</span> 
     </span>
    </p>
   </div>
   <div class='ocr_carea' id='block_1_90' title="bbox 2379 4361 3704 4438">
    <p class='ocr_par' dir='ltr' id='par_1_90' title="bbox 2379 4361 3704 4438">
     <span class='ocr_line' id='line_1_90' title="bbox 2379 4361 3704 4438; baseline -0.001 -22"><span class='ocrx_word' id='word_1_614' title='bbox 2379 4364 2472 4417; x_wconf 76' lang='grc' dir='ltr'>καὶ</span> <span class='ocrx_word' id='word_1_615' title='bbox 2491 4361 2772 4435; x_wconf 81' lang='grc' dir='ltr'>ἀκριϐείας</span> <span class='ocrx_word' id='word_1_616' title='bbox 2791 4363 3074 4434; x_wconf 87' lang='grc' dir='ltr'>γενόμενα,</span> <span class='ocrx_word' id='word_1_617' title='bbox 3096 4363 3190 4415; x_wconf 72' lang='grc' dir='ltr'>καὶ</span> <span class='ocrx_word' id='word_1_618' title='bbox 3221 4362 3348 4418; x_wconf 81' lang='grc' dir='ltr'>ἵνα.</span> <span class='ocrx_word' id='word_1_619' title='bbox 3385 4365 3486 4438; x_wconf 83' lang='grc' dir='ltr'><strong>μὴ</strong></span> <span class='ocrx_word' id='word_1_620' title='bbox 3517 4365 3704 4431; x_wconf 77' lang='grc' dir='ltr'>δόξωσ</span> 
     </span>
    </p>
   </div>
   <div class='ocr_carea' id='block_1_91' title="bbox 647 4451 2189 4531">
    <p class='ocr_par' dir='ltr' id='par_1_91' title="bbox 647 4451 2189 4531">
     <span class='ocr_line' id='line_1_91' title="bbox 647 4451 2189 4531; baseline -0.014 -5"><span class='ocrx_word' id='word_1_621' title='bbox 647 4471 650 4476; x_wconf 85' lang='grc'><strong>’</strong></span> <span class='ocrx_word' id='word_1_622' title='bbox 711 4466 897 4525; x_wconf 88' lang='lat' dir='ltr'><strong>studio</strong></span> <span class='ocrx_word' id='word_1_623' title='bbox 921 4461 1231 4521; x_wconf 89' lang='lat' dir='ltr'><strong>ambitionis</strong></span> <span class='ocrx_word' id='word_1_624' title='bbox 1262 4457 1646 4531; x_wconf 88' lang='lat' dir='ltr'><strong>proficiscitur.</strong></span> <span class='ocrx_word' id='word_1_625' title='bbox 1673 4451 2189 4523; x_wconf 75' lang='lat' dir='ltr'><strong>Sulﬂcitnamqueip</strong></span> 
     </span>
    </p>
   </div>
   <div class='ocr_carea' id='block_1_92' title="bbox 2161 4451 3703 4531">
    <p class='ocr_par' dir='ltr' id='par_1_92' title="bbox 2162 4451 3703 4529">
     <span class='ocr_line' id='line_1_92' title="bbox 2162 4451 3703 4529; baseline 0.001 -21"><span class='ocrx_word' id='word_1_626' title='bbox 2162 4451 2275 4523; x_wconf 79' lang='lat' dir='ltr'><strong>psis</strong></span> <span class='ocrx_word' id='word_1_627' title='bbox 2307 4471 2349 4526; x_wconf 77' lang='grc' dir='ltr'>υ</span> <span class='ocrx_word' id='word_1_628' title='bbox 2381 4455 2518 4528; x_wconf 85' lang='grc' dir='ltr'>μετὰ</span> <span class='ocrx_word' id='word_1_629' title='bbox 2544 4455 2664 4527; x_wconf 76' lang='grc' dir='ltr'>βίας</span> <span class='ocrx_word' id='word_1_630' title='bbox 2693 4455 3172 4529; x_wconf 85' lang='grc' dir='ltr'>περιδρασσόμενοι</span> <span class='ocrx_word' id='word_1_631' title='bbox 3209 4457 3355 4527; x_wconf 75' lang='grc' dir='ltr'>τῆς</span> <span class='ocrx_word' id='word_1_632' title='bbox 3414 4457 3703 4512; x_wconf 65' lang='grc' dir='ltr'>ὲντεῖὣε</span> 
     </span>
    </p>
   </div>
   <div class='ocr_carea' id='block_1_93' title="bbox 712 4548 2275 4624">
    <p class='ocr_par' dir='ltr' id='par_1_93' title="bbox 712 4548 2275 4624">
     <span class='ocr_line' id='line_1_93' title="bbox 712 4548 2275 4624; baseline -0.009 -8"><span class='ocrx_word' id='word_1_633' title='bbox 712 4557 1046 4624; x_wconf 90' lang='lat' dir='ltr'><strong>communio,</strong></span> <span class='ocrx_word' id='word_1_634' title='bbox 1070 4563 1128 4610; x_wconf 92' lang='lat' dir='ltr'><strong>ut</strong></span> <span class='ocrx_word' id='word_1_635' title='bbox 1159 4569 1280 4608; x_wconf 88' lang='lat' dir='ltr'><strong>cum</strong></span> <span class='ocrx_word' id='word_1_636' title='bbox 1303 4550 1439 4622; x_wconf 90' lang='lat' dir='ltr'><strong>ipsis</strong></span> <span class='ocrx_word' id='word_1_637' title='bbox 1462 4549 1723 4604; x_wconf 88' lang='lat' dir='ltr'><strong>nimirum</strong></span> <span class='ocrx_word' id='word_1_638' title='bbox 1752 4548 1936 4604; x_wconf 88' lang='lat' dir='ltr'><strong>fideles</strong></span> <span class='ocrx_word' id='word_1_639' title='bbox 1969 4549 2275 4602; x_wconf 89' lang='lat' dir='ltr'><strong>communi-</strong></span> 
     </span>
    </p>
   </div>
   <div class='ocr_carea' id='block_1_94' title="bbox 712 4637 2270 4720">
    <p class='ocr_par' dir='ltr' id='par_1_94' title="bbox 712 4637 2270 4720">
     <span class='ocr_line' id='line_1_94' title="bbox 712 4637 2270 4720; baseline -0.013 -9"><span class='ocrx_word' id='word_1_640' title='bbox 712 4660 857 4720; x_wconf 90' lang='lat' dir='ltr'><strong>cent,</strong></span> <span class='ocrx_word' id='word_1_641' title='bbox 887 4666 952 4707; x_wconf 85' lang='lat' dir='ltr'><strong>ae</strong></span> <span class='ocrx_word' id='word_1_642' title='bbox 979 4663 1085 4705; x_wconf 89' lang='lat' dir='ltr'><strong>una</strong></span> <span class='ocrx_word' id='word_1_643' title='bbox 1114 4653 1400 4719; x_wconf 88' lang='lat' dir='ltr'><strong>precentur</strong></span> <span class='ocrx_word' id='word_1_644' title='bbox 1418 4683 1433 4710; x_wconf 96' lang='lat'><strong>,</strong></span> <span class='ocrx_word' id='word_1_645' title='bbox 1484 4643 1570 4699; x_wconf 88' lang='lat' dir='ltr'><strong>vel</strong></span> <span class='ocrx_word' id='word_1_646' title='bbox 1586 4650 1865 4696; x_wconf 87' lang='lat' dir='ltr'><strong>sacrorum</strong></span> <span class='ocrx_word' id='word_1_647' title='bbox 1890 4637 2270 4708; x_wconf 86' lang='lat' dir='ltr'><strong>mysteriorum</strong></span> 
     </span>
    </p>
   </div>
   <div class='ocr_carea' id='block_1_95' title="bbox 713 4734 2297 4818">
    <p class='ocr_par' dir='ltr' id='par_1_95' title="bbox 713 4734 2297 4818">
     <span class='ocr_line' id='line_1_95' title="bbox 713 4734 2297 4818; baseline -0.011 -13"><span class='ocrx_word' id='word_1_648' title='bbox 713 4745 1008 4818; x_wconf 70' lang='lat' dir='ltr'><strong>perceptio.</strong></span> <span class='ocrx_word' id='word_1_649' title='bbox 1040 4745 1219 4811; x_wconf 81' lang='lat' dir='ltr'><strong>Atque</strong></span> <span class='ocrx_word' id='word_1_650' title='bbox 1250 4739 1364 4793; x_wconf 60' lang='lat' dir='ltr'><strong>haec</strong></span> <span class='ocrx_word' id='word_1_651' title='bbox 1390 4736 1608 4808; x_wconf 91' lang='lat' dir='ltr'><strong>quidem</strong></span> <span class='ocrx_word' id='word_1_652' title='bbox 1659 4742 1812 4792; x_wconf 89' lang='lat' dir='ltr'><strong>certo</strong></span> <span class='ocrx_word' id='word_1_653' title='bbox 1841 4735 2075 4792; x_wconf 91' lang='lat' dir='ltr'><strong>consilio</strong></span> <span class='ocrx_word' id='word_1_654' title='bbox 2103 4734 2270 4791; x_wconf 89' lang='lat' dir='ltr'><strong>sedu-</strong></span> <span class='ocrx_word' id='word_1_655' title='bbox 2296 4776 2297 4779; x_wconf 57' lang='grc' dir='ltr'><strong>η</strong></span> 
     </span>
    </p>
   </div>
   <div class='ocr_carea' id='block_1_96' title="bbox 713 4828 2272 4910">
    <p class='ocr_par' dir='ltr' id='par_1_96' title="bbox 713 4828 2272 4910">
     <span class='ocr_line' id='line_1_96' title="bbox 713 4828 2272 4910; baseline -0.008 -16"><span class='ocrx_word' id='word_1_656' title='bbox 713 4840 872 4910; x_wconf 83' lang='lat' dir='ltr'><strong>laqne</strong></span> <span class='ocrx_word' id='word_1_657' title='bbox 903 4832 1374 4891; x_wconf 88' lang='lat' dir='ltr'><strong>administratione</strong></span> <span class='ocrx_word' id='word_1_658' title='bbox 1403 4829 1570 4894; x_wconf 83' lang='lat' dir='ltr'><strong>fiunt,</strong></span> <span class='ocrx_word' id='word_1_659' title='bbox 1603 4835 1716 4882; x_wconf 91' lang='lat' dir='ltr'><strong>tum</strong></span> <span class='ocrx_word' id='word_1_660' title='bbox 1745 4844 1814 4884; x_wconf 89' lang='lat' dir='ltr'><strong>ne</strong></span> <span class='ocrx_word' id='word_1_661' title='bbox 1840 4828 2126 4883; x_wconf 90' lang='lat' dir='ltr'><strong>videantur</strong></span> <span class='ocrx_word' id='word_1_662' title='bbox 2153 4843 2272 4882; x_wconf 88' lang='lat' dir='ltr'><strong>mo-</strong></span> 
     </span>
    </p>
   </div>
   <div class='ocr_carea' id='block_1_97' title="bbox 713 4920 2270 4990">
    <p class='ocr_par' dir='ltr' id='par_1_97' title="bbox 713 4920 2270 4990">
     <span class='ocr_line' id='line_1_97' title="bbox 713 4920 2270 4990; baseline -0.008 -4"><span class='ocrx_word' id='word_1_663' title='bbox 713 4931 867 4988; x_wconf 91' lang='lat' dir='ltr'><strong>lestia</strong></span> <span class='ocrx_word' id='word_1_664' title='bbox 921 4925 1088 4986; x_wconf 72' lang='lat' dir='ltr'><strong>adici,</strong></span> <span class='ocrx_word' id='word_1_665' title='bbox 1128 4924 1253 4978; x_wconf 78' lang='lat' dir='ltr'><strong>hinc</strong></span> <span class='ocrx_word' id='word_1_666' title='bbox 1297 4921 1712 4980; x_wconf 77' lang='lat' dir='ltr'><strong>diSSolutionem</strong></span> <span class='ocrx_word' id='word_1_667' title='bbox 1749 4923 1873 4976; x_wconf 55' lang='lat' dir='ltr'><strong>vitae</strong></span> <span class='ocrx_word' id='word_1_668' title='bbox 1907 4920 2270 4990; x_wconf 88' lang='lat' dir='ltr'><strong>arripientes,</strong></span> 
     </span>
    </p>
   </div>
   <div class='ocr_carea' id='block_1_98' title="bbox 711 5009 2271 5082">
    <p class='ocr_par' dir='ltr' id='par_1_98' title="bbox 711 5009 2271 5082">
     <span class='ocr_line' id='line_1_98' title="bbox 711 5009 2271 5082; baseline -0.01 -5"><span class='ocrx_word' id='word_1_669' title='bbox 711 5036 782 5077; x_wconf 87' lang='lat' dir='ltr'><strong>ne</strong></span> <span class='ocrx_word' id='word_1_670' title='bbox 807 5017 1014 5076; x_wconf 89' lang='lat' dir='ltr'><strong>scilicet</strong></span> <span class='ocrx_word' id='word_1_671' title='bbox 1045 5013 1316 5076; x_wconf 87' lang='lat' dir='ltr'><strong>molestia,</strong></span> <span class='ocrx_word' id='word_1_672' title='bbox 1347 5011 1542 5082; x_wconf 88' lang='lat' dir='ltr'><strong>inquit,</strong></span> <span class='ocrx_word' id='word_1_673' title='bbox 1593 5009 1770 5065; x_wconf 80' lang='lat' dir='ltr'><strong>affecti</strong></span> <span class='ocrx_word' id='word_1_674' title='bbox 1790 5050 1806 5076; x_wconf 96' lang='lat'><strong>,</strong></span> <span class='ocrx_word' id='word_1_675' title='bbox 1839 5009 2104 5066; x_wconf 89' lang='lat' dir='ltr'><strong>decedant</strong></span> <span class='ocrx_word' id='word_1_676' title='bbox 2156 5009 2271 5065; x_wconf 81' lang='lat' dir='ltr'><strong>soi—</strong></span> 
     </span>
    </p>
   </div>
   <div class='ocr_carea' id='block_1_99' title="bbox 709 5101 2273 5180">
    <p class='ocr_par' dir='ltr' id='par_1_99' title="bbox 709 5101 2273 5180">
     <span class='ocr_line' id='line_1_99' title="bbox 709 5101 2273 5180; baseline -0.012 -8"><span class='ocrx_word' id='word_1_677' title='bbox 709 5121 920 5177; x_wconf 74' lang='lat' dir='ltr'><strong>Ventes,</strong></span> <span class='ocrx_word' id='word_1_678' title='bbox 950 5125 978 5165; x_wconf 91' lang='lat' dir='ltr'><strong>a</strong></span> <span class='ocrx_word' id='word_1_679' title='bbox 1002 5122 1232 5180; x_wconf 90' lang='lat' dir='ltr'><strong>corpore</strong></span> <span class='ocrx_word' id='word_1_680' title='bbox 1249 5105 1498 5162; x_wconf 86' lang='lat' dir='ltr'><strong>videlicet</strong></span> <span class='ocrx_word' id='word_1_681' title='bbox 1531 5103 1908 5167; x_wconf 88' lang='lat' dir='ltr'><strong>abscedentes,</strong></span> <span class='ocrx_word' id='word_1_682' title='bbox 1945 5103 2016 5157; x_wconf 86' lang='lat' dir='ltr'><strong>ob</strong></span> <span class='ocrx_word' id='word_1_683' title='bbox 2040 5101 2145 5158; x_wconf 87' lang='lat' dir='ltr'><strong>vim</strong></span> <span class='ocrx_word' id='word_1_684' title='bbox 2162 5112 2273 5156; x_wconf 83' lang='lat' dir='ltr'><strong>tor-</strong></span> 
     </span>
    </p>
   </div>
   <div class='ocr_carea' id='block_1_100' title="bbox 709 5196 2272 5270">
    <p class='ocr_par' dir='ltr' id='par_1_100' title="bbox 709 5196 2272 5270">
     <span class='ocr_line' id='line_1_100' title="bbox 709 5196 2272 5270; baseline -0.011 -6"><span class='ocrx_word' id='word_1_685' title='bbox 709 5217 1040 5270; x_wconf 87' lang='lat' dir='ltr'><strong>mentorum,</strong></span> <span class='ocrx_word' id='word_1_686' title='bbox 1094 5200 1612 5270; x_wconf 82' lang='lat' dir='ltr'><strong>aﬂiictationumque</strong></span> <span class='ocrx_word' id='word_1_687' title='bbox 1646 5211 1784 5267; x_wconf 89' lang='lat' dir='ltr'><strong>quas</strong></span> <span class='ocrx_word' id='word_1_688' title='bbox 1831 5196 1886 5250; x_wconf 92' lang='lat' dir='ltr'><strong>in</strong></span> <span class='ocrx_word' id='word_1_689' title='bbox 1935 5209 2152 5251; x_wconf 89' lang='lat' dir='ltr'><strong>carcere</strong></span> <span class='ocrx_word' id='word_1_690' title='bbox 2177 5209 2272 5263; x_wconf 85' lang='lat' dir='ltr'><strong>pa-</strong></span> 
     </span>
    </p>
   </div>
   <div class='ocr_carea' id='block_1_101' title="bbox 709 5285 2271 5363">
    <p class='ocr_par' dir='ltr' id='par_1_101' title="bbox 709 5285 2271 5363">
     <span class='ocr_line' id='line_1_101' title="bbox 709 5285 2271 5363; baseline -0.006 -13"><span class='ocrx_word' id='word_1_691' title='bbox 709 5298 946 5363; x_wconf 88' lang='lat' dir='ltr'><strong>tiuntur;</strong></span> <span class='ocrx_word' id='word_1_692' title='bbox 998 5309 1062 5350; x_wconf 87' lang='lat' dir='ltr'><strong>ac</strong></span> <span class='ocrx_word' id='word_1_693' title='bbox 1088 5308 1156 5348; x_wconf 88' lang='lat' dir='ltr'><strong>ne</strong></span> <span class='ocrx_word' id='word_1_694' title='bbox 1181 5292 1271 5363; x_wconf 81' lang='lat' dir='ltr'><strong>qui</strong></span> <span class='ocrx_word' id='word_1_695' title='bbox 1303 5289 1710 5348; x_wconf 74' lang='lat' dir='ltr'><strong>excusationem</strong></span> <span class='ocrx_word' id='word_1_696' title='bbox 1734 5285 2024 5358; x_wconf 72' lang='lat' dir='ltr'><strong>prmferant</strong></span> <span class='ocrx_word' id='word_1_697' title='bbox 2055 5285 2271 5346; x_wconf 64' lang='lat' dir='ltr'><strong>inuicta:</strong></span> 
     </span>
    </p>
   </div>
   <div class='ocr_carea' id='block_1_102' title="bbox 703 5381 3163 5466">
    <p class='ocr_par' dir='ltr' id='par_1_102' title="bbox 703 5381 3163 5466">
     <span class='ocr_line' id='line_1_102' title="bbox 703 5381 3163 5466; baseline -0.004 -17"><span class='ocrx_word' id='word_1_698' title='bbox 703 5396 894 5466; x_wconf 80' lang='lat' dir='ltr'><strong>hujus,</strong></span> <span class='ocrx_word' id='word_1_699' title='bbox 923 5392 992 5449; x_wconf 87' lang='lat' dir='ltr'><strong>ob</strong></span> <span class='ocrx_word' id='word_1_700' title='bbox 1013 5407 1176 5464; x_wconf 87' lang='lat' dir='ltr'><strong>quam</strong></span> <span class='ocrx_word' id='word_1_701' title='bbox 1206 5391 1262 5445; x_wconf 91' lang='lat' dir='ltr'><strong>in</strong></span> <span class='ocrx_word' id='word_1_702' title='bbox 1290 5386 1657 5462; x_wconf 74' lang='lat' dir='ltr'><strong>confessionis</strong></span> <span class='ocrx_word' id='word_1_703' title='bbox 1691 5383 1992 5440; x_wconf 89' lang='lat' dir='ltr'><strong>certamine</strong></span> <span class='ocrx_word' id='word_1_704' title='bbox 2031 5381 2333 5439; x_wconf 86' lang='lat' dir='ltr'><strong>dissolutos</strong></span> <span class='ocrx_word' id='word_1_705' title='bbox 2357 5399 2420 5440; x_wconf 91' lang='lat' dir='ltr'><strong>ac</strong></span> <span class='ocrx_word' id='word_1_706' title='bbox 2461 5387 2686 5457; x_wconf 82' lang='lat' dir='ltr'><strong>ignavos</strong></span> <span class='ocrx_word' id='word_1_707' title='bbox 2737 5404 2796 5446; x_wconf 91' lang='lat' dir='ltr'><strong>se</strong></span> <span class='ocrx_word' id='word_1_708' title='bbox 2853 5395 3163 5459; x_wconf 66' lang='lat' dir='ltr'><strong>gesserunt,</strong></span> 
     </span>
    </p>
   </div>
   <div class='ocr_carea' id='block_1_103' title="bbox 703 5471 2968 5553">
    <p class='ocr_par' dir='ltr' id='par_1_103' title="bbox 703 5471 2968 5553">
     <span class='ocr_line' id='line_1_103' title="bbox 703 5471 2968 5553; baseline 0 -16"><span class='ocrx_word' id='word_1_709' title='bbox 703 5484 806 5552; x_wconf 85' lang='lat' dir='ltr'><strong>Qui</strong></span> <span class='ocrx_word' id='word_1_710' title='bbox 862 5484 1043 5553; x_wconf 90' lang='lat' dir='ltr'><strong>potius</strong></span> <span class='ocrx_word' id='word_1_711' title='bbox 1092 5483 1292 5540; x_wconf 85' lang='lat' dir='ltr'><strong>rubore</strong></span> <span class='ocrx_word' id='word_1_712' title='bbox 1329 5480 1728 5546; x_wconf 73' lang='lat' dir='ltr'><strong>suﬂ‘undentur,</strong></span> <span class='ocrx_word' id='word_1_713' title='bbox 1774 5471 1929 5548; x_wconf 81' lang='lat' dir='ltr'><strong>juxta</strong></span> <span class='ocrx_word' id='word_1_714' title='bbox 1961 5474 2091 5532; x_wconf 89' lang='lat' dir='ltr'><strong>illud</strong></span> <span class='ocrx_word' id='word_1_715' title='bbox 2126 5475 2269 5546; x_wconf 83' lang='lat' dir='ltr'><strong>quod</strong></span> <span class='ocrx_word' id='word_1_716' title='bbox 2306 5476 2360 5532; x_wconf 91' lang='lat' dir='ltr'><strong>in</strong></span> <span class='ocrx_word' id='word_1_717' title='bbox 2393 5477 2682 5551; x_wconf 77' lang='lat' dir='ltr'><strong>Evangelia</strong></span> <span class='ocrx_word' id='word_1_718' title='bbox 2710 5482 2908 5538; x_wconf 89' lang='lat' dir='ltr'><strong>dicitur</strong></span> <span class='ocrx_word' id='word_1_719' title='bbox 2954 5501 2968 5538; x_wconf 93' lang='lat'><strong>:</strong></span> 
     </span>
    </p>
   </div>
   <div class='ocr_carea' id='block_1_104' title="bbox 701 5577 968 5649">
    <p class='ocr_par' dir='ltr' id='par_1_104' title="bbox 701 5577 968 5649">
     <span class='ocr_line' id='line_1_104' title="bbox 701 5577 968 5649; baseline -0.015 -17"><span class='ocrx_word' id='word_1_720' title='bbox 701 5577 856 5649; x_wconf 63' lang='lat' dir='ltr'><strong>per/ir</strong></span> <span class='ocrx_word' id='word_1_721' title='bbox 865 5590 968 5629; x_wconf 78' lang='lat' dir='ltr'><strong>ere.</strong></span> 
     </span>
    </p>
   </div>
   <div class='ocr_carea' id='block_1_105' title="bbox 2377 4547 3704 4620">
    <p class='ocr_par' dir='ltr' id='par_1_105' title="bbox 2377 4547 3704 4620">
     <span class='ocr_line' id='line_1_105' title="bbox 2377 4547 3704 4620; baseline -0.002 -18"><span class='ocrx_word' id='word_1_722' title='bbox 2377 4551 2470 4602; x_wconf 84' lang='grc' dir='ltr'>καί</span> <span class='ocrx_word' id='word_1_723' title='bbox 2511 4548 2596 4602; x_wconf 82' lang='grc' dir='ltr'><strong>ἵνα</strong></span> <span class='ocrx_word' id='word_1_724' title='bbox 2624 4547 2698 4620; x_wconf 80' lang='grc' dir='ltr'>μὴ</span> <span class='ocrx_word' id='word_1_725' title='bbox 2731 4547 3088 4618; x_wconf 83' lang='grc' dir='ltr'>λυπούμενοι,</span> <span class='ocrx_word' id='word_1_726' title='bbox 3133 4549 3352 4619; x_wconf 72' lang='grc' dir='ltr'>φησὶν</span> <span class='ocrx_word' id='word_1_727' title='bbox 3384 4591 3404 4614; x_wconf 88' lang='grc'><strong>,</strong></span> <span class='ocrx_word' id='word_1_728' title='bbox 3450 4549 3704 4604; x_wconf 58' lang='lat' dir='ltr'><strong>emam</strong></span> 
     </span>
    </p>
   </div>
   <div class='ocr_carea' id='block_1_106' title="bbox 2377 4641 3690 4716">
    <p class='ocr_par' dir='ltr' id='par_1_106' title="bbox 2377 4641 3690 4716">
     <span class='ocr_line' id='line_1_106' title="bbox 2377 4641 3690 4716; baseline 0.001 -18"><span class='ocrx_word' id='word_1_729' title='bbox 2377 4642 2716 4708; x_wconf 82' lang='grc' dir='ltr'>ἀναλύοντες,</span> <span class='ocrx_word' id='word_1_730' title='bbox 2743 4641 2958 4696; x_wconf 84' lang='grc' dir='ltr'>ἀπὸτοῦ</span> <span class='ocrx_word' id='word_1_731' title='bbox 2996 4641 3277 4713; x_wconf 78' lang='grc' dir='ltr'>σώματος</span> <span class='ocrx_word' id='word_1_732' title='bbox 3347 4644 3690 4716; x_wconf 58' lang='grc' dir='ltr'>ὃηλονὸτι</span> 
     </span>
    </p>
   </div>
   <div class='ocr_carea' id='block_1_107' title="bbox 2381 4735 3698 4809">
    <p class='ocr_par' dir='ltr' id='par_1_107' title="bbox 2381 4735 3698 4809">
     <span class='ocr_line' id='line_1_107' title="bbox 2381 4735 3698 4809; baseline 0.001 -19"><span class='ocrx_word' id='word_1_733' title='bbox 2381 4736 2517 4808; x_wconf 83' lang='grc' dir='ltr'>μετὰ</span> <span class='ocrx_word' id='word_1_734' title='bbox 2563 4735 2682 4809; x_wconf 84' lang='grc' dir='ltr'>βίας</span> <span class='ocrx_word' id='word_1_735' title='bbox 2713 4737 2811 4808; x_wconf 81' lang='grc' dir='ltr'>τῆς</span> <span class='ocrx_word' id='word_1_736' title='bbox 2859 4737 2923 4790; x_wconf 83' lang='grc' dir='ltr'><strong>ἐκ</strong></span> <span class='ocrx_word' id='word_1_737' title='bbox 2963 4735 3067 4788; x_wconf 89' lang='grc' dir='ltr'><strong>τῶν</strong></span> <span class='ocrx_word' id='word_1_738' title='bbox 3113 4735 3498 4793; x_wconf 77' lang='grc' dir='ltr'>κολάσεων</span> <span class='ocrx_word' id='word_1_739' title='bbox 3570 4740 3698 4793; x_wconf 69' lang='grc' dir='ltr'>καὶ</span> 
     </span>
    </p>
   </div>
   <div class='ocr_carea' id='block_1_108' title="bbox 2375 4829 3703 4906">
    <p class='ocr_par' dir='ltr' id='par_1_108' title="bbox 2375 4829 3703 4906">
     <span class='ocr_line' id='line_1_108' title="bbox 2375 4829 3703 4906; baseline 0.003 -23"><span class='ocrx_word' id='word_1_740' title='bbox 2375 4831 2615 4902; x_wconf 73' lang='grc' dir='ltr'>εἱρκταῖς</span> <span class='ocrx_word' id='word_1_741' title='bbox 2664 4829 3058 4894; x_wconf 79' lang='grc' dir='ltr'>κακοπαθείας’</span> <span class='ocrx_word' id='word_1_742' title='bbox 3105 4831 3214 4882; x_wconf 58' lang='grc' dir='ltr'><strong>καὶ⁵</strong></span> <span class='ocrx_word' id='word_1_743' title='bbox 3278 4833 3422 4886; x_wconf 77' lang='grc' dir='ltr'>ἵνα,</span> <span class='ocrx_word' id='word_1_744' title='bbox 3495 4834 3607 4906; x_wconf 75' lang='grc' dir='ltr'>μὴ</span> <span class='ocrx_word' id='word_1_745' title='bbox 3655 4851 3703 4886; x_wconf 78' lang='grc' dir='ltr'>’τ</span> 
     </span>
    </p>
   </div>
   <div class='ocr_carea' id='block_1_109' title="bbox 2376 4921 3704 4997">
    <p class='ocr_par' dir='ltr' id='par_1_109' title="bbox 2376 4921 3704 4997">
     <span class='ocr_line' id='line_1_109' title="bbox 2376 4921 3704 4997; baseline 0.002 -23"><span class='ocrx_word' id='word_1_746' title='bbox 2376 4923 2543 4993; x_wconf 85' lang='grc' dir='ltr'>σχῶσι</span> <span class='ocrx_word' id='word_1_747' title='bbox 2568 4922 2661 4976; x_wconf 79' lang='grc' dir='ltr'>τοῦ</span> <span class='ocrx_word' id='word_1_748' title='bbox 2688 4921 2973 4993; x_wconf 79' lang='grc' dir='ltr'>ἐκλυθῆναι</span> <span class='ocrx_word' id='word_1_749' title='bbox 3005 4921 3098 4976; x_wconf 78' lang='grc' dir='ltr'>καὶ</span> <span class='ocrx_word' id='word_1_750' title='bbox 3122 4925 3630 4997; x_wconf 63' lang='grc' dir='ltr'>χαυνωθῆναι</span> <span class='ocrx_word' id='word_1_751' title='bbox 3667 4944 3704 4977; x_wconf 61' lang='grc' dir='ltr'><strong>τ</strong></span> 
     </span>
    </p>
   </div>
   <div class='ocr_carea' id='block_1_110' title="bbox 2374 5011 3704 5086">
    <p class='ocr_par' dir='ltr' id='par_1_110' title="bbox 2374 5011 3704 5086">
     <span class='ocr_line' id='line_1_110' title="bbox 2374 5011 3704 5086; baseline 0.002 -17"><span class='ocrx_word' id='word_1_752' title='bbox 2374 5015 2472 5084; x_wconf 80' lang='grc' dir='ltr'>τῆς</span> <span class='ocrx_word' id='word_1_753' title='bbox 2494 5013 2811 5086; x_wconf 82' lang='grc' dir='ltr'>ὁμολογίας,</span> <span class='ocrx_word' id='word_1_754' title='bbox 2850 5015 2943 5067; x_wconf 62' lang='grc' dir='ltr'><strong>καὶ⁹</strong></span> <span class='ocrx_word' id='word_1_755' title='bbox 2986 5011 3074 5066; x_wconf 84' lang='grc' dir='ltr'>διὰ</span> <span class='ocrx_word' id='word_1_756' title='bbox 3109 5011 3337 5068; x_wconf 71' lang='grc' dir='ltr'>τοῦτο</span> <span class='ocrx_word' id='word_1_757' title='bbox 3381 5018 3704 5072; x_wconf 65' lang='grc' dir='ltr'>ὲκττεεέ</span> 
     </span>
    </p>
   </div>
   <div class='ocr_carea' id='block_1_111' title="bbox 2377 5104 3704 5180">
    <p class='ocr_par' dir='ltr' id='par_1_111' title="bbox 2377 5104 3704 5180">
     <span class='ocr_line' id='line_1_111' title="bbox 2377 5104 3704 5180; baseline 0.003 -21"><span class='ocrx_word' id='word_1_758' title='bbox 2377 5123 2558 5178; x_wconf 88' lang='grc' dir='ltr'>μησιν.</span> <span class='ocrx_word' id='word_1_759' title='bbox 2596 5107 2803 5170; x_wconf 81' lang='grc' dir='ltr'>Οῑτινες</span> <span class='ocrx_word' id='word_1_760' title='bbox 2855 5104 3052 5175; x_wconf 83' lang='grc' dir='ltr'>μᾶλλον</span> <span class='ocrx_word' id='word_1_761' title='bbox 3095 5107 3704 5180; x_wconf 72' lang='grc' dir='ltr'>αἱσχυνϐήσοντι</span> 
     </span>
    </p>
   </div>
   <div class='ocr_carea' id='block_1_112' title="bbox 2374 5198 3704 5272">
    <p class='ocr_par' dir='ltr' id='par_1_112' title="bbox 2374 5198 3704 5272">
     <span class='ocr_line' id='line_1_112' title="bbox 2374 5198 3704 5272; baseline 0.005 -19"><span class='ocrx_word' id='word_1_762' title='bbox 2374 5198 2723 5268; x_wconf 77' lang='grc' dir='ltr'>Εὐαγγελίοις</span> <span class='ocrx_word' id='word_1_763' title='bbox 2753 5198 3066 5270; x_wconf 77' lang='grc' dir='ltr'>εἰρημένον·</span> <span class='ocrx_word' id='word_1_764' title='bbox 3103 5200 3243 5264; x_wconf 83' lang='grc' dir='ltr'>Ὃς</span> <span class='ocrx_word' id='word_1_765' title='bbox 3290 5201 3704 5272; x_wconf 38' lang='lat' dir='ltr'><strong>aegri-511,01</strong></span> 
     </span>
    </p>
   </div>
   <div class='ocr_carea' id='block_1_113' title="bbox 2371 5287 2701 5344">
    <p class='ocr_par' dir='ltr' id='par_1_113' title="bbox 2371 5287 2701 5344">
     <span class='ocr_line' id='line_1_113' title="bbox 2371 5287 2701 5344; baseline 0.012 -4"><span class='ocrx_word' id='word_1_766' title='bbox 2371 5287 2701 5344; x_wconf 77' lang='grc' dir='ltr'>ἐκτελέσαι.</span> 
     </span>
    </p>
   </div>
   <div class='ocr_carea' id='block_1_114' title="bbox 3252 5395 3704 5463">
    <p class='ocr_par' dir='ltr' id='par_1_114' title="bbox 3252 5395 3704 5463">
     <span class='ocr_line' id='line_1_114' title="bbox 3252 5395 3704 5463; baseline 0.009 -14"><span class='ocrx_word' id='word_1_767' title='bbox 3252 5396 3552 5463; x_wconf 67' lang='lat' dir='ltr'><strong>atque</strong></span> <span class='ocrx_word' id='word_1_768' title='bbox 3626 5395 3704 5453; x_wconf 74' lang='lat' dir='ltr'><strong>‘u‘</strong></span> 
     </span>
    </p>
   </div>
   <div class='ocr_carea' id='block_1_115' title="bbox 3023 5483 3703 5552">
    <p class='ocr_par' dir='ltr' id='par_1_115' title="bbox 3023 5483 3703 5552">
     <span class='ocr_line' id='line_1_115' title="bbox 3023 5483 3703 5552; baseline 0.009 -18"><span class='ocrx_word' id='word_1_769' title='bbox 3023 5483 3126 5549; x_wconf 79' lang='lat' dir='ltr'><strong>Qui</strong></span> <span class='ocrx_word' id='word_1_770' title='bbox 3187 5483 3282 5552; x_wconf 74' lang='lat' dir='ltr'><strong>fu</strong></span> <span class='ocrx_word' id='word_1_771' title='bbox 3300 5487 3703 5546; x_wconf 74' lang='lat' dir='ltr'><strong>ndarnen</strong></span> 
     </span>
    </p>
   </div>
  </div>
