3906 6194
205 318 312 373 495

1428 335 1763 395 EPISTOLA
1801 337 2171 397 CANONICA‘:

3308 357 3412 417 494

219 438 619 511 Ἐκεξήτησις
665 448 954 541 saepem
1011 452 1162 507 κατὰ
1222 456 1328 510 τοῦ
1385 456 1747 525 Μουζάλωνος

1856 455 2132 541 ᾨίρνεεεὶο
2166 474 2280 530 qua:
2308 470 2418 514 tota
2457 462 2703 521 adversus
2743 464 3076 524 ﬂuentorum
3103 474 3411 535 intenditur:

871 534 1093 576 απασα.

295 618 767 709 Ἐπιστησάτωσαν
791 627 850 681 δὲ
880 628 970 682 τὸν
1000 630 1125 687 νοῦν
1159 634 1269 696 τοῖς
1296 634 1443 707 παρά
1473 635 1567 691 τοῦ
1602 639 1767 709 μεγάι

207 710 297 764 λου
334 712 490 768 τοῦδε
530 708 742 789 Πατρός
774 721 864 774 καὶ⁸
913 723 1299 797 ίερομάρτυρος
1341 708 1642 800 εἰρημένοις
1677 733 1764 785 ἐν·

200 802 375 858 ταῦθα
417 807 469 858 oi
514 807 761 877 λέγοντες
794 811 1045 868 δύνασθαι
1087 817 1210 881 τοὺς
1254 819 1525 893 ἀρχιερεῖς
1568 840 1766 896 παραι-

195 893 411 949 τεῖσθαι
455 897 556 963 τὰς
582 900 870 973 ἐκκλησίας
910 905 1105 970 αὐτῶν,
1149 911 1241 964 καὶ
1274 893 1763 986 παρακρατεῖνντὴν

198 986 523 1060 ιερωσύνην.
558 991 619 1044 Εἰ
646 992 752 1064 γὰρ
781 997 847 1047 oi.
867 996 1001 1067 πρὸς
1023 999 1304 1071 ὁμολογίας
1331 1004 1515 1073 ἀγῶνα
1550 1008 1765 1072 ἑκόντες

196 1079 543 1150 ὁρμήσαντες
597 1083 863 1156 κληρικοὶ,
898 1089 989 1142 καὶ
1033 1092 1376 1160 κολασθέντες
1412 1100 1506 1153 καὶ⁵
1540 1101 1614 1171 μὴ
1653 1103 1765 1155 ἐπι-

199 1172 503 1240 μείναντες,
535 1174 667 1231 ἀλλά
692 1178 945 1245 ἐνδόντες,
982 1180 1097 1238 εἶτα
1122 1188 1578 1255 ἀναπαλαίσαντες
1611 1194 1761 1263 μόλις

194 1264 473 1330 ἀξιοῦνται
504 1268 848 1342 συγγνώμης,
874 1275 952 1337 είς
987 1275 1047 1328 τὸ
1079 1277 1177 1349 τὴν
1199 1278 1532 1352 λειτουργίαν
1559 1285 1762 1340 ἀναϐα-

193 1355 322 1409 λεῖν·
351 1358 502 1411 κατά
530 1359 621 1413 τὸν
654 1360 794 1415 θεῖον
817 1364 1003 1420 τοῦτον
1034 1368 1271 1442 Πατέρα,
1295 1371 1445 1426 οὐδὲν
1472 1374 1653 1445 ἕτερον
1677 1379 1763 1445 ἐγ-

193 1448 540 1519 καλούμενοι,
579 1451 612 1522 ἢ
648 1452 706 1505 τὸ
754 1455 1066 1511 καταλιπεῖν
1107 1459 1233 1523 τοὺς
1285 1462 1563 1533 ἀδελφοὺς,
1604 1466 1761 1521 δυνά-

192 1554 342 1605 μενοι
375 1540 564 1605 αὐτοῖς
603 1544 661 1595 ἐν
695 1545 868 1616 καιρῷ
910 1549 1275 1618 περιστάσεως
1311 1553 1595 1625 εὔχρηστοι
1622 1551 1758 1615 εἶναι

188 1633 266 1694 είς
294 1631 358 1685 τὸ
391 1632 669 1705 στηρίζειν
696 1637 908 1702 αὐτοὺς,
936 1640 1030 1694 καὶ
1055 1641 1224 1696 ταῦτα
1258 1647 1555 1717 μαρτυρίας
1590 1649 1757 1714 ἀξιω-

189 1721 391 1789 θέντες,
417 1726 512 1778 κα¹ι
535 1725 603 1780 τά
622 1728 887 1799 στίγματα
910 1733 1003 1786 τοῦ
1036 1734 1267 1806 Χριστοῦ
1292 1738 1349 1789 ἐν
1372 1741 1437 1809 τῇ
1468 1742 1628 1810 σαρκὶ
1658 1742 1758 1795 αὑ·-

1931 635 2200 707 Adjiciant
2229 653 2391 709 porro
2432 641 2672 698 animum
2719 643 2787 700 iis
2812 662 2933 717 qua:
2967 648 3039 703 ab
3086 649 3189 707 hoc
3218 667 3415 726 magno

1863 723 2043 792 Patre,
2074 742 2137 782 ac
2167 738 2354 783 sancto
2388 737 2622 802 martyre
2652 732 2758 789 hoc
2783 734 2906 791 loco
2932 738 3099 793 allata
3125 750 3276 808 sunt,
3313 723 3411 814 qui

1862 817 2051 874 dicunt
2077 820 2349 892 episcOpis
2379 822 2541 879 licere
2582 825 2841 885 ecclesias
2870 844 2998 887 suas
3026 831 3320 902 dimittere,
3345 851 3411 893 ac

1861 911 2148 980 sacerdotii
2178 911 2491 983 dignitatem
2541 915 2797 973 retinere.
2850 918 3062 977 Etenim
3111 925 3158 982 si
3197 927 3411 986 clericis

1861 1000 1954 1071 qui
1978 1010 2169 1073 sponte
2198 1018 2258 1059 se
2287 1005 2572 1060 certamini
2596 1007 2958 1069 confessionis
2988 1016 3319 1089 objecerant,
3344 1037 3409 1077 ac

1861 1093 2142 1149 tormentis
2172 1092 2352 1149 affecti
2384 1095 2565 1152 minus
2595 1106 2910 1157 constanter
2937 1104 3280 1179 obstiterant,
3312 1113 3409 1169 sed

1862 1189 2145 1255 postquam
2189 1194 2490 1251 cesserant,
2522 1186 2579 1244 in
2623 1196 2894 1247 certamen
2932 1194 3280 1259 redeuntibus
3316 1204 3408 1259 vis

1859 1274 2176 1329 conceditur
2203 1276 2378 1342 venia,
2402 1278 2547 1348 quod
2595 1295 2811 1338 sacrum
2856 1286 3216 1345 ministerium
3255 1294 3408 1352 obire

1858 1363 2235 1435 distulissent;
2278 1382 2381 1424 nec
2406 1385 2474 1425 ex
2519 1371 2682 1441 hujus
2724 1372 2893 1430 divini
2926 1375 3102 1435 Patris
3136 1376 3409 1443 sententia

1858 1456 2151 1528 quidquam
2176 1459 2324 1514 aliud
2351 1461 2484 1532 ipsis
2513 1464 2790 1533 objicitur,
2827 1483 2989 1538 quam
3024 1472 3171 1541 quod
3209 1474 3408 1534 fratres

1856 1546 2243 1616 deseruissent,
2275 1566 2399 1606 cum
2428 1553 2673 1613 adversis
2692 1573 2758 1613 ac
2794 1561 3122 1620 turbulentis
3151 1569 3409 1639 tempori-

1858 1638 1959 1696 bus
1989 1654 2209 1712 possent
2238 1644 2368 1714 ipsis
2404 1647 2459 1701 in
2504 1646 2609 1703 [ide
2634 1649 3018 1710 conﬁrmandis
3057 1671 3181 1713 esse
3208 1638 3409 1730 utiles;

1858 1727 2019 1799 idque
2047 1745 2169 1786 cum
2223 1742 2275 1788 et
2303 1734 2449 1804 digni
2487 1735 2657 1792 habiti
2705 1750 2889 1797 essent
2915 1743 3005 1811 qui
3038 1727 3408 1806 testimonium

186 1813 292 1867 τῶν
342 1818 764 1889 περιφέροντεςθ
815 1822 931 1888 πῶς
979 1826 1264 1899 ἀρχιερεὺς
1302 1829 1394 1883 καὶ
1439 1831 1656 1903 ποιμὴν,
1696 1833 1747 1897 ὃς

1855 1821 2369 1889 perhiberentlidei,
2400 1833 2452 1881 et
2484 1825 2737 1899 stigmata
2783 1830 2987 1890 Christi
3012 1835 3069 1891 in
3108 1854 3208 1895 sua
3237 1855 3407 1899 carne

186 1902 389 1970 ὀφείλει
413 1906 621 1962 τιθέναι
642 1908 739 1981 τὴν
764 1910 938 1985 ψυχὴν
967 1915 1104 1988 ὑπὲρ
1127 1916 1233 1970 τῶν
1267 1917 1567 1988 προϐάτων,
1589 1902 1754 1975 κατα-

184 1993 358 2051 λιπὼν
384 1997 486 2069 τὴν
515 1999 960 2070 ἐμπιστευθεῖσαν
987 2007 1216 2080 ποίμνην
1247 2008 1413 2081 αὐτῷ,
1442 2011 1535 2065 καὶ
1556 2028 1752 2086 παραι-

183 2089 493 2159 τησάμενος
530 2093 630 2164 τὴν
670 2096 838 2167 αὐτῆς
875 2100 1128 2170 φροντίδα
1168 2103 1262 2156 καὶ
1299 2102 1629 2175 ἐπιμέλειαν,
1658 2103 1753 2160 καὶ

182 2183 302 2234 ὅσον
353 2182 420 2235 τὸ
466 2187 589 2238 κατ’
629 2187 789 2242 αὐτὸν
829 2194 940 2254 τοῖς
981 2191 1164 2258 λύκοις
1192 2193 1392 2267 ταύτην
1424 2193 1750 2261 ἐκδεδωκὼς,

181 2272 508 2342 ἀντέχεσθαι
537 2277 634 2347 τῆς
661 2277 993 2351 λειτουργίας
1015 2282 1220 2349 δίκαιος
1239 2285 1636 2358 λογισθήσεται,
1660 2287 1753 2340 καὶ⁹

181 2363 235 2415 ού
273 2362 482 2432 μᾶλλον
538 2366 849 2439 βαρυτάτων
892 2373 1177 2444 ἐπιτιμίων
1219 2376 1534 2449 κριθήσεται
1583 2376 1749 2443 ἄξιος,

180 2458 259 2513 διὰ
294 2463 400 2534 τὴν
444 2462 540 2517 τοῦ
584 2463 927 2529 ἀνατεθέντος
971 2468 1117 2538 αὐτῷ
1163 2468 1291 2523 λαοῦ
1344 2472 1747 2546 ἐγκατάλειψινς

193 2552 352 2605 mm
376 2554 477 2607 καὶ
500 2555 667 2625 γέρας
696 2555 833 2627 ὑπὲρ
875 2557 1075 2628 ταύτης
1101 2561 1330 2632 αἰτήσει,
1357 2563 1389 2635 ἢ
1428 2565 1624 2635 μᾶλλον
1655 2568 1752 2620 αύ-

182 2641 264 2704 τὺς
290 2644 478 2714 ἐαυτῷ
510 2646 767 2718 παρέξειν
806 2647 868 2700 τὸ
916 2649 1014 2718 μὲν
1058 2651 1223 2704 κόπον
1274 2654 1561 2726 προξενῶν
1603 2657 1749 2730 αύτῷ

185 2736 636 2807 παραιτούμενος,
669 2738 768 2807 τὴν
793 2738 1133 2796 διδασκαλίαν
1175 2745 1314 2815 φημὶ
1362 2748 1455 2801 καὶ
1499 2748 1596 2821 τὴν
1639 2750 1750 2804 τῶν

184 2830 568 2901 σφαλλομένων
595 2831 894 2905 διόρθωσιν,
920 2835 979 2889 τὸ
1013 2835 1068 2889 δέ
1100 2835 1254 2901 δόξαν
1286 2840 1379 2893 καὶ
1407 2843 1568 2914 τιμὴν
1592 2861 1748 2917 περι-

179 2923 366 2979 ποιοῦν
417 2926 827 2996 παρακατέχων,
874 2928 968 2980 καὶ
1010 2928 1391 3000 οίκειούμενος,
1441 2933 1535 2987 καὶ
1560 2935 1749 2990 τούτου

178 3018 348 3091 ἀπρὶξ
378 3018 655 3089 ἐχόμενος,
680 3018 774 3072 καὶ
809 3019 970 3090 μηδὲν
1002 3021 1405 3093 μεθιστάμενος.
1436 3026 1499 3079 Εἰ
1525 3027 1632 3100 γὰρ
1656 3030 1748 3083 ἐπὶ

177 3108 459 3182 κληρικῶν
509 3110 815 3182 παράλογος
856 3111 1143 3184 ὠνομάσθη
1186 3115 1398 3185 πρᾶξις,
1435 3117 1495 3170 τὸ
1536 3120 1747 3177 καταλι-
1772 3160 1811 3185 ,.

175 3204 295 3255 πεῖν
314 3202 413 3255 τὸν
460 3202 604 3266 λαὸν,
638 3205 732 3255 καὶ
769 3194 905 3273 πρὸς
935 3202 1025 3257 τὸν
1053 3204 1191 3276 ὑπὲρ
1211 3206 1486 3271 εὐσεϐείας
1521 3209 1747 3280 αὐτομο-

172 3292 324 3362 λῆσαι
354 3292 553 3362 ἀγῶνα
570 3311 584 3324 ·
612 3295 762 3364 πόσῳ
788 3293 946 3348 πλέον
971 3295 1420 3369 παραλογώτερον
1443 3300 1507 3353 ἂν
1535 3300 1743 3374 κριθείη

174 3384 260 3437 ἐπὶ
303 3384 621 3438 ἐπισκόπου
664 3387 1048 3451 καταλιπόντος
1100 3387 1192 3441 τὸν
1234 3391 1428 3444 οἰκεῖον
1460 3390 1605 3456 λαὸν,
1650 3394 1746 3448 καὶ

172 3476 227 3527 ού
256 3476 403 3546 πρὸς
455 3473 640 3543 ἀγῶνα
689 3475 1006 3546 χωροῦντος,
1062 3476 1194 3549 πρὸς
1234 3478 1512 3552 ῥᾳστώνην
1552 3482 1610 3535 δὲ
1653 3484 1746 3537 καὶ

172 3566 500 3629 ἀνάπαυσιν,
520 3567 613 3620 καὶ
632 3566 923 3638 φροντίδων
948 3568 1086 3640 ὑπὲρ
1105 3568 1367 3639 ὠφελείας
1394 3571 1579 3644 ψυχῶν
1612 3575 1745 3629 ἀπό-

170 3655 308 3710 θεσιν
335 3659 450 3712 καὶ
472 3657 799 3728 ἀπόδρασιν;
824 3659 934 3713 Καὶ
965 3661 994 3714 ό
1019 3666 1092 3725 ις’
1118 3660 1174 3715 δέ
1198 3662 1375 3716 κανὼν
1393 3665 1491 3735 τῆς
1512 3665 1741 3739 ἑϐδόμης

167 3751 559 3823 οίκουμενικῆς
605 3751 818 3806 συνόδου
859 3752 1056 3825 ⁸πολλὴν
1086 3755 1410 3827 ἀϐελτηρίαν
1455 3762 1744 3832 κατηγορεῖ

165 3840 265 3894 τῶν
292 3840 695 3915 ψηφιζομένων
717 3843 970 3898 δύνασθαι
1019 3846 1144 3909 τοὺς
1194 3848 1467 3918 ἀρχιερεῖς
1504 3850 1599 3914 τάς
1632 3853 1745 3904 ἐπιο

166 3937 369 4001 σκοπάς
398 3934 805 4006 ⁴ιίεαραιτεῖσθαι,
828 3936 926 4008 τὴν
948 3938 1004 3992 δέ
1033 3939 1328 4012 ἱερωσύνην
1352 3948 1736 4014 παρακρατεῖν.

166 4029 220 4083 Et
244 4031 353 4104 γὰρ
378 4030 535 4085 κατά
560 4031 651 4085 τὸν
673 4033 792 4104 είρη
801 4034 956 4104 μένον
982 4036 1179 4091 κανόνα
1206 4039 1235 4091 ό
1257 4039 1566 4106 ἐπίσκοπος,
1601 4042 1741 4115 ὑπὲρ

163 4119 217 4173 τὸ
244 4122 531 4194 ἑξάμηνον
563 4122 662 4192 τῆς
692 4123 898 4189 οἰκείας
933 4125 1283 4201 ἀποδημήσας
1324 4131 1623 4203 ἐπισκοπῆς
1651 4130 1739 4204 [ἂν

164 4212 254 4285 μὴ]
290 4216 441 4285 μιᾶς
477 4214 585 4267 τῶν
621 4216 1084 4290 ἀπηριθμημένων
1122 4222 1180 4274 ἐν
1216 4220 1363 4293 αὐτῷ
1408 4224 1613 4290 αἰτιῶν,
1645 4226 1739 4280 καὶ

161 4305 251 4376 τῆς
278 4309 604 4380 ἐπισκοπῆς
634 4310 729 4363 καὶ
758 4311 855 4383 τῆς
898 4313 1301 4386 ἀρχιερωσύνης
1342 4318 1614 4385 ἐκπίπτει,
1644 4322 1738 4373 καὶ

160 4396 357 4465 ἀμφοῖν
383 4396 781 4469 ἠλλοτρίωται·
810 4400 925 4464 πῶς
946 4403 975 4454 ό
997 4405 1463 4476 παραιτησάμενος
1490 4407 1591 4479 τὴν
1620 4409 1739 4462 ἐπι-

1853 1911 2263 1970 circumfer-rent
2292 1934 2305 1971 :
2337 1931 2571 1986 quonam
2605 1920 2764 1981 modo
2794 1937 3043 1999 summus
3071 1931 3329 1990 sacerdos
3349 1944 3410 1991 et

1851 2013 2056 2073 pastor,
2087 2006 2179 2077 qui
2225 2023 2323 2083 pro
2364 2012 2556 2067 ovibus
2590 2011 2748 2068 debet
2777 2017 3011 2072 animam
3043 2034 3268 2091 ponere,
3307 2026 3404 2083 de-

1852 2104 1998 2150 serto
2028 2112 2188 2169 grege
2224 2100 2329 2155 sibi
2366 2106 2681 2174 commisso,
2716 2108 2942 2180 ejusque
2982 2125 3114 2168 cura
3140 2123 3197 2171 et
3224 2118 3405 2175 admi-v'

1852 2187 2173 2258 nistratione
2215 2194 2516 2264 repudiata,
2550 2206 2606 2254 et
2635 2208 2898 2270 quantum
2937 2204 3156 2275 quidem
3193 2209 3251 2265 in
3279 2211 3407 2285 ipso

1850 2288 1932 2334 est
1957 2294 2024 2335 eo
2048 2282 2188 2352 lupis
2213 2286 2447 2354 prodito,
2483 2289 2675 2361 dignus
2699 2294 2976 2363 putabitur
3000 2297 3092 2368 qui
3124 2303 3270 2358 sacri
3297 2282 3402 2358 mi-

1849 2372 2062 2428 nisterii
2114 2373 2430 2446 dignitatem
2488 2385 2753 2451 retineat,
2800 2401 2865 2443 ac
2900 2404 3012 2446 non
3060 2394 3407 2464 gravissimis

1849 2465 2029 2533 potius
2058 2469 2234 2537 pmnis
2261 2471 2406 2538 quod
2436 2473 2539 2527 sibi
2559 2478 2994 2537 commendatum
3021 2486 3280 2555 populum
3302 2487 3400 2544 de-

1850 2556 2102 2623 seruerit,
2135 2558 2480 2618 mulctandus
2508 2578 2630 2621 esse
2651 2565 3021 2635 judicabitur?
3050 2573 3194 2641 Quin
3216 2579 3406 2648 potius

1847 2646 1916 2701 ob
1947 2662 2065 2703 eam
2111 2665 2225 2705 rem
2260 2657 2540 2724 praemium
2581 2657 2860 2730 deposcet,
2891 2664 3001 2719 imo
3032 2667 3136 2722 sibi
3159 2646 3408 2739 ipsemet

1848 2738 2244 2809 suppeditabit;
2286 2746 2430 2816 quod
2454 2747 2671 2818 quidem
2713 2751 2951 2810 laborem
2981 2755 3087 2827 ipsi
3114 2738 3269 2815 alien
3309 2776 3400 2816 re-

1848 2841 2068 2895 cusans,
2123 2831 2350 2890 docendi
2396 2837 2647 2896 videlicet
2696 2857 2897 2901 munus
2939 2846 3179 2919 vitiaque
3223 2852 3403 2906 corri—

1848 2919 2041 2987 gendi;
2089 2923 2233 2992 quod
2258 2939 2388 2980 vero
2419 2927 2647 2999 gloriam
2688 2945 2753 2987 ac
2783 2933 2951 2990 decus
2983 2937 3255 3002 conciliat,
3281 2954 3404 2996 ama

1846 3012 2107 3081 plectens,
2139 3014 2351 3087 sibique
2399 3019 2695 3088 asciscens,
2743 3026 3127 3099 mordicusque
3170 3030 3227 3087 id
3268 3035 3401 3089 reti-

1848 3118 2004 3168 nens,
2050 3119 2226 3177 neque
2254 3108 2340 3164 vel
2364 3111 2638 3169 tantillum
2685 3117 2997 3177 remittens-.-
3028 3119 3087 3177 Si
3115 3124 3262 3179 enim
3306 3126 3405 3181 ubi

1844 3193 1911 3250 de
1941 3196 2156 3277 clericis
2194 3207 2279 3255 est
2323 3215 2523 3268 sermo,
2560 3207 2706 3263 actio
2749 3210 2949 3269 rationi
2987 3214 3193 3270 absona
3223 3219 3401 3274 nomia

1844 3292 1967 3339 nata
1995 3286 2068 3341 sit
2090 3285 2337 3344 deserere
2376 3293 2656 3362 populum,
2688 3304 2852 3370 atque
2879 3300 2948 3356 ad
2979 3311 3252 3362 certamen
3281 3309 3401 3378 pica

1842 3374 1969 3429 tatis
1999 3390 2167 3430 causa
2210 3380 2626 3451 transmigrare;
2665 3397 2873 3456 quanto
2916 3390 2969 3446 id
3010 3393 3182 3464 magis
3225 3374 3400 3452 avrai

1842 3464 1988 3522 tione
2018 3466 2254 3524 alienum
2299 3471 2359 3526 in
2391 3474 2647 3546 episcopo
2678 3478 3035 3551 judicabitur,
3080 3486 3172 3561 qui
3223 3502 3396 3559 popu-v

1842 3557 1953 3613 lum
1979 3574 2139 3615 suum
2178 3561 2400 3632 deserit,
2432 3581 2541 3621 non
2571 3576 2634 3623 ut
2663 3570 2732 3625 ad
2757 3579 3032 3630 certamen
3061 3557 3266 3642 ten-dat,
3297 3557 3397 3636 sed

1841 3654 1902 3701 ut
1928 3649 2097 3720 quieti
2118 3667 2178 3708 se
2213 3668 2277 3709 ac
2317 3656 2622 3723 remissioni
2654 3660 2854 3725 tradat,
2885 3676 3155 3734 curasque
3179 3682 3278 3737 pro
3305 3683 3395 3722 sa-

1842 3743 1957 3800 lute
1984 3744 2287 3802 animarum
2315 3746 2548 3818 deponat
2571 3765 2636 3806 ac
2661 3750 2901 3823 eﬂ'ugiat.
2928 3752 3400 3816 Decimussextus

1841 3851 2057 3907 quoque
2086 3852 2262 3899 canon
2308 3840 2551 3909 septimae
2583 3843 2933 3899 (ecumeniras
2968 3847 3182 3917 synodi,
3213 3849 3394 3921 stulti—

1844 3929 1934 3983 tia‘.
1956 3928 2192 3999 graviter
2224 3940 2442 3987 accusat
2464 3947 2561 3988 eos
2586 3933 2680 4004 qui
2712 3935 2780 3990 ab
2801 3935 3078 4008 episeopo,
3109 3940 3399 4011 repudiato

1841 4020 2180 4090 episcopatu,
2205 4021 2346 4077 sacri
2365 4024 2651 4079 ministerii
2672 4025 2986 4096 dignitatem
3002 4029 3222 4088 retineri
3233 4048 3395 4104 posse

1838 4112 2155 4167 decernunt.
2193 4110 2251 4166 Si
2286 4128 2521 4185 namque
2553 4130 2620 4171 ex
2648 4117 2888 4175 canonis
2918 4119 3069 4186 allati
3097 4125 3393 4190 sententia,

1838 4202 2125 4274 episcopus
2154 4204 2248 4275 qui
2276 4205 2416 4259 ultra
2449 4215 2709 4264 semestre
2740 4214 2954 4281 tempus
2990 4227 3023 4266 a
3052 4228 3154 4269 suo
3177 4215 3393 4286 episco—

1838 4303 1964 4365 patu
1999 4296 2253 4362 abfuerit,
2289 4300 2393 4354 nisi
2429 4314 2539 4354 una
2584 4300 2767 4372 aliqua
2791 4318 2859 4358 ex
2901 4303 2970 4360 iis
3003 4320 3124 4376 qum
3169 4307 3244 4363 ibi
3286 4324 3395 4363 nu-

1838 4398 2137 4453 merantur,
2191 4405 2358 4446 causa
2415 4391 2830 4474 intercesserit,
2861 4403 2917 4451 et
2972 4399 3289 4470 episcopatu
3334 4409 3392 4456 et

162 4489 387 4561 σκοπὴν,
417 4489 521 4543 καὶ
546 4490 923 4562 ἀπαγορεύσας
955 4493 1145 4565 μηκέτι
1175 4495 1475 4564 ποιμαίνειν
1575 4498 1736 4569 ἐμπι-

1847 4477 2035 4531 summi
2057 4479 2349 4535 sacerdotii
2380 4480 2644 4553 dignitate
2670 4483 2894 4551 excidit,
2935 4502 2999 4543 ac
3027 4495 3258 4560 utroque
3276 4492 3394 4562 pri-

160 4582 378 4636 muOtv
449 4581 596 4652 αὐτῷ
650 4583 913 4653 ποίμνιον,
946 4585 1039 4639 καί⁵
1085 4585 1182 4655 τῆς
1226 4585 1414 4639 τούτου
1463 4589 1740 4660 φροντίδος

158 4668 239 4725 διὰ
271 4672 396 4744 βίου
446 4675 876 4746 καταφρονήσας,
905 4675 988 4747 εἵη
1031 4675 1097 4730 ἂν
1135 4677 1450 4750 ἀρχιερεύςς
1487 4681 1550 4733 Et
1576 4680 1736 4753 γάρό

157 4761 214 4814 τὸ
238 4759 409 4835 ἦττον
444 4763 791 4834 ἁμαρτάνων,
820 4764 880 4818 τὸ
911 4767 1001 4819 ἐπὶ⁸
1039 4766 1196 4820 πλέον
1230 4767 1576 4839 ἐξαμηνιαίου
1617 4788 1736 4825 και-

167 4853 253 4923 ροῦ
291 4854 628 4908 καταλιπεῖν
671 4854 762 4909 τὸν
814 4857 904 4910 ὑπ’
939 4856 1098 4910 αὑτὸν
1143 4857 1269 4927 λαὸν
1310 4858 1638 4931 ἀποίμαντόν
1675 4880 1734 4915 τε

163 4947 637 5018 καὶάτημέλητον,
656 4947 923 5002 ἐκπτώσει
969 4950 1061 5003 καὶ
1083 4949 1181 5019 τῆς
1204 4951 1506 5024 ἐπισκοπῆς
1534 4954 1741 5024 καὶτῆς

165 5034 469 5112 ιερωσύνης
493 5041 787 5109 ἀφίσταται
819 5058 832 5072 ο
860 5044 888 5096 ὁ
915 5042 976 5096 τὸ
1000 5041 1193 5113 μᾶλλον
1221 5044 1313 5097 καὶ
1352 5044 1414 5098 τὸ
1436 5044 1737 5099 πολλαπλάσ-

163 5144 273 5181 σιον
307 5130 679 5201 πλημμελῶν,
727 5131 790 5185 τὸ
829 5132 894 5187 δι’
922 5133 1042 5186 ὅλου
1074 5132 1388 5188 καταλιπεῖν
1429 5134 1501 5187 τάν
1535 5136 1733 5213 πλήθη,

163 5215 304 5289 άπερ
336 5219 500 5290 αὐτῷ
524 5223 835 5277 ἐπισκοπεῖν
860 5240 919 5277 τε
943 5224 1035 5278 καὶ
1058 5225 1188 5297 όρᾷν
1212 5225 1245 5296 ή
1272 5224 1365 5277 τοῦ
1395 5225 1534 5280 θείου
1563 5227 1738 5283 Πνεῦ-

165 5329 332 5380 ματος
378 5314 546 5385 χάρις
591 5315 827 5382 ἀνέθετο,
882 5316 1076 5388 μᾶλλον
1108 5315 1174 5369 ἂν
1221 5315 1306 5386 εἴη
1351 5315 1557 5382 δίκαιος
1605 5331 1736 5387 σφο-

162 5399 417 5472 ὂρότερον
448 5400 893 5473 κολασθήσεσθαι,
926 5404 1019 5457 καὶ
1067 5402 1285 5474 μείζονα
1332 5402 1595 5475 τιμωρίαν
1632 5403 1734 5473 ὐφ-

164 5488 302 5556 ἐξειν
319 5493 432 5562 τῆς
450 5494 573 5546 ὅσον
602 5493 688 5545 ἐπ’
711 5493 898 5565 ἐκείνῳ
923 5493 1192 5579 ἀπωλείας
1221 5493 1490 5580 ποιμνίου,
1523 5487 1584 5548 οὗ
1611 5511 1736 5566 προ-

170 5576 446 5655 εχειρίσθη
481 5578 676 5656 ποιμήν
701 5584 851 5659 παρά
868 5570 960 5640 τού
1005 5574 1218 5659 πρώτου
1241 5572 1335 5640 καί
1366 5584 1596 5679 μεγάλου
1631 5589 1733 5679 cipe.

176 5676 394 5750 γιερὲως
413 5668 519 5730 κιύ⁹
547 5677 939 5749 ἀρχιποιμὲνοςζ
965 5679 1026 5731 0i
1055 5678 1110 5731 δέ
1140 5678 1234 5731 καὶ
1258 5679 1423 5750 γέρας
1458 5678 1605 5750 αὐτῷ
1640 5668 1733 5733 καῖ

192 5765 414 5841 ὶιιοιϐὴν
428 5765 538 5838 τῆς
564 5769 934 5840 παραιτήσεως
965 5767 1412 5840 ἐπιψηφιζόμενοι
1451 5769 1549 5853 τὴν
1580 5770 1731 5843 ίερω-

1838 4579 2032 4624 vatur:
2059 4586 2292 4640 quonam
2324 4576 2484 4632 modo
2514 4580 2607 4648 qui
2648 4579 2953 4649 repudiavit
2994 4581 3397 4654 episcopatum,

1836 4662 2208 4735 creditumque
2234 4668 2337 4722 sibi
2363 4685 2579 4742 gregem
2608 4672 2785 4727 adhuc
2804 4686 3027 4743 pascere
3043 4676 3265 4731 omnino
3291 4676 3392 4731 ais-
3436 4752 3444 4762 ‘

1836 4757 1975 4823 nuit,
2004 4757 2233 4829 ejusque
2259 4775 2445 4817 curam
2478 4764 2669 4821 inertis
2694 4766 2813 4821 vita:
2846 4766 3028 4822 studio
3065 4771 3387 4835 contemnit,

1837 4848 2015 4906 adhuc
2051 4852 2106 4908 in
2139 4856 2519 4926 episcoporum
2554 4873 2786 4912 numero
2823 4858 3146 4915 habebitur?
3170 4859 3386 4918 Etenim

1837 4940 1882 4995 si
1915 4942 2009 5010 qui
2046 4943 2226 5000 minus
2267 4945 2552 5015 delinquit,
2594 4955 2654 5001 ut
2701 4949 2842 5004 ultra
2871 4956 3132 5007 semestre
3172 4956 3390 5022 tempus

1837 5034 2136 5099 subiectum
2186 5023 2288 5093 sibi
2333 5037 2586 5108 populum
2627 5039 2858 5109 pastoris
2901 5056 3035 5096 cura
3063 5050 3118 5098 et
3155 5040 3391 5098 admini—r

1836 5125 2096 5181 stratione
2125 5126 2444 5182 destitutum
2488 5129 2779 5199 relinquat,
2813 5132 3161 5204 episcopatus
3204 5141 3260 5190 et
3295 5149 3390 5199 sae

1834 5229 1942 5271 crae
1967 5212 2247 5288 dignitatis
2274 5219 2626 5289 privationem
2650 5221 2911 5290 incurrit;
2942 5225 3037 5295 qui
3063 5224 3119 5279 in
3154 5226 3383 5296 eoquod

1834 5306 2013 5377 majus
2052 5316 2105 5365 et
2142 5310 2332 5367 multis
2370 5312 2617 5383 partibus
2661 5314 2885 5385 gravius
2926 5322 3032 5379 est,
3070 5318 3279 5386 peccat,
3325 5326 3386 5373 ut

1835 5402 2235 5460 multitudinem
2258 5420 2420 5476 quam
2440 5408 2543 5478 ipsi
2572 5407 2866 5464 curandam
2895 5416 2948 5464 et
2968 5409 3381 5466 custodiendam

1836 5492 2008 5547 sancti
2034 5491 2283 5564 Spiritus
2322 5492 2495 5566 gratia
2540 5496 2831 5558 commisit.
2875 5497 3100 5552 omnino
3136 5495 3382 5563 deserat;

1833 5583 2027 5639 merito
2055 5585 2212 5657 plane
2252 5588 2506 5657 punietur
2530 5587 2926 5652 Vehementius,
2972 5587 3387 5659 gravioremque

1832 5681 2048 5746 poenam
2076 5679 2368 5748 persolvet,
2392 5678 2608 5750 perditi,
2638 5680 2782 5755 quod
2809 5680 2864 5735 in
2896 5680 3017 5753 ipso
3045 5686 3152 5746 est,
3181 5678 3381 5751 gregis.

1833 5768 1990 5841 cujus
2015 5770 2129 5841 ipse
2154 5781 2340 5842 pastor
2359 5786 2389 5827 a
2415 5773 2681 5844 primario
2712 5773 2804 5830 illo
2826 5787 2891 5831 ac
2916 5787 3177 5848 supremo
3199 5784 3389 5829 sacer-
