3906 6194
700 319 806 376 496
1671 317 1728 373 S.
1771 317 1974 372 PETRI
2009 317 2468 373 ALEXANDRINI
2503 319 2808 376 EPISCOPI
3654 330 3709 384 49¢

700 440 826 496 dole
872 446 924 496 et
955 437 1176 491 Pastore
1225 445 1442 491 creatus
1489 443 1593 491 est.
1636 436 1738 500 Qui
1787 451 1916 490 vero
1964 436 2066 505 ipsi
2113 452 2242 506 prae-

2166 452 2246 492 m.
2272 446 2316 503 Α
2347 437 2528 507 σύνηυ,
2555 433 2724 508 οἶμαι,
2758 436 2852 490 καὶ
2883 436 3102 499 ἑαυτοὺς
3130 435 3355 489 κάκεῖνον
3373 436 3608 506 ὑπευθύνους
3630 451 3706 498 ml

697 530 863 583 mium
908 528 1128 595 insuper
1166 539 1228 578 ac
1265 525 1547 580 detrectati
1584 526 1824 580 muneris
1867 526 2239 593 honorarium,

1613 526 1824 580 uuneris
1867 526 2239 593 honorarium,
2351 545 2498 582 σουσι
2532 527 2608 599 τῷ
2636 527 2859 599 κρίματι
2884 527 2975 580 τοῦ
3004 525 3155 579 Θεοῦ.

698 620 981 677 sacerdotii
1033 619 1350 692 dignitatem
1399 620 1727 680 decernunt;
1780 630 1834 675 et
1884 621 2035 676 illum
2091 631 2145 680 et
2187 639 2243 680 se
2273 625 2442 696 ipsos,
2496 640 2614 680 mea
2670 625 2883 694 quidem
2922 625 3210 687 sententia,
3251 622 3332 679 Dei
3369 625 3523 695 judicio
3557 628 3709 683 obuoxic

697 707 1050 766 constituent.

1291 801 1524 857 CANON
1563 801 1654 856 XI.

2947 801 3182 854 ΚΛΝΩΝ
3212 801 3306 854 IA'.

768 915 786 946 ι
829 894 931 962 Qui
955 893 1099 951 enim
1129 896 1362 964 primum
1391 895 1443 948 in
1466 893 1860 966 persecutionis
1888 894 2100 952 fervore
2121 912 2246 967 pro-

2167 912 2246 951 πο-
2425 919 2443 949 ε
2482 900 2542 951 υἱ
2573 901 2681 970 γὰρ
2724 898 2924 969 πρῶτοι
2959 895 3034 967 (8)
3063 893 3558 966 παραπηδήσαντεςὲν
3584 898 3639 967 τῷ
3667 900 3709 970 βρ

696 1007 716 1040 ι
764 989 1013 1043 silierunt
1035 986 1299 1056 judicium
1326 986 1768 1051 circumstantes,
1788 994 1843 1041 et
1867 995 2084 1042 sanctos
2103 1003 2238 1043 mar-

2165 1003 2245 1043 ar-
2353 1011 2374 1042 ο
2416 1009 2576 1063 σματι
2619 989 2710 1044 τοῦ
2757 989 3012 1060 διωγμοῦ,
3044 987 3377 1058 περιεστῶτες
3400 990 3465 1051 εἰς
3499 990 3544 1042 τὸ
3577 990 3707 1044 δικαοτ

696 1101 715 1134 ι
763 1090 910 1152 tyres
945 1080 1036 1150 qui
1072 1079 1140 1134 ad
1172 1079 1410 1133 brabium
1452 1095 1690 1150 superna:
1721 1082 2008 1136 vocationis
2034 1093 2057 1122 ⁸
2093 1080 2238 1136 festi-

2166 1081 2246 1135 ;ti-
2351 1103 2370 1134 ι
2421 1101 2550 1154 ριον,
2578 1084 2668 1137 καί
2699 1080 3022 1154 θεωροῦντες
3058 1081 3181 1144 τοὺς
3224 1078 3388 1148 ἁγίους
3415 1081 3630 1152 μάρτυρας
3653 1101 3708 1136 στι

696 1191 714 1225 ι
763 1173 987 1234 nabant,
1045 1171 1389 1242 aspicientes,
1447 1172 1673 1227 honesta
1718 1174 2058 1228 aemulatione
2109 1175 2238 1228 inci-

2155 1175 2244 1228 ιοί-
2352 1195 2367 1229 ι
2409 1177 2592 1239 δοντας
2644 1175 2740 1228 ἐπὶ
2792 1174 2856 1227 τὸ
2890 1171 3170 1242 βραϐεῖον
3207 1172 3311 1241 τῆς
3347 1172 3445 1225 ἂνω
3481 1173 3697 1241 κλήσεως,

696 1283 714 1316 ι
760 1265 878 1330 tati,
911 1280 968 1320 se
995 1265 1142 1335 ipsos
1169 1265 1236 1318 ad
1264 1264 1367 1318 hoc
1396 1262 1754 1326 tradiderunt,
1780 1278 1975 1335 magna
1999 1265 2238 1320 libertate

2165 1274 2244 1320 ate
2351 1286 2370 1318 ι
2413 1267 2558 1338 καλῷ
2607 1266 2683 1337 τῷ
2719 1266 2864 1337 ζήλῳ
2905 1263 3328 1336 προθυμούμενοι
3356 1263 3581 1317 ἐπεδίδουν
3616 1267 3707 1318 ὲαντ

693 1374 717 1410 ι
763 1364 999 1420 utentes,
1045 1353 1278 1408 maxime
1305 1353 1550 1409 videntes
1587 1369 1681 1409 eos
1715 1355 1808 1424 qui
1851 1354 2235 1409 subtraheban-

2167 1371 2245 1408 m-
2349 1377 2368 1408 ι
2408 1359 2488 1420 είς
2521 1356 2696 1419 τοῦτο,
2734 1354 2898 1426 πολλῇ
2932 1357 2994 1425 τῇ
3034 1353 3309 1426 παρρησίᾳ
3347 1353 3584 1424 χρώμενοι,
3618 1355 3709 1424 βλέπ

692 1466 711 1498 ι
757 1457 866 1511 tur,
899 1445 1027 1509 labi,
1069 1452 1290 1514 prapter
1318 1457 1457 1513 quos
1490 1443 1724 1498 interius
1755 1443 1996 1509 excitati,
2025 1449 2080 1498 et
2109 1457 2234 1512 quo-

2167 1457 2244 1496 ιο-
2351 1467 2370 1501 ι
2410 1466 2498 1512 τες
2526 1449 2570 1480 ⁸ο
2604 1448 2831 1520 μάλιστα
2859 1447 2981 1509 τοὺς
3023 1445 3431 1516 ὑποσυρομένους
3459 1447 3538 1499 καὶ
3570 1447 3709 1500 ὲκπίπτ

691 1558 710 1590 ι
754 1539 877 1592 dam
901 1536 1070 1592 veluti
1111 1550 1246 1590 sono
1275 1535 1495 1605 impulsi
1534 1534 1601 1589 ad
1625 1533 2003 1590 debellandum
2036 1550 2093 1590 se
2115 1533 2233 1591 eﬁe-

2167 1533 2245 1591 ie-
2351 1560 2368 1592 ι
2410 1558 2524 1604 τας,
2554 1540 2618 1593 δι’
2649 1538 2742 1603 οὓς
2769 1537 3281 1608 ὑποθερμαινόμενοι
3321 1536 3490 1590 ἔσωθεν
3519 1538 3593 1592 καὶ
3623 1539 3709 1607 ἔνη)

689 1648 709 1679 ι
757 1634 964 1682 rentem
996 1632 1050 1680 et
1082 1624 1474 1692 adversarium,
1517 1623 1584 1679 ad
1616 1625 1669 1678 id
1715 1625 2136 1691 contendebant,
2172 1641 2231 1681 ne

2172 1641 2241 1681 ne
2273 1626 2312 1680 Β
2345 1653 2362 1682 ι
2407 1648 2553 1703 μενοι
2582 1627 3030 1698 καταπολεμῆσαι
3057 1628 3144 1680 τὸν
3181 1626 3566 1696 ὑπεραιρόμενον
3593 1626 3709 1679 καλὰ

689 1739 706 1770 ι
755 1718 893 1788 apud
924 1733 977 1772 se
1023 1716 1249 1787 prudens
1279 1733 1389 1772 esse
1411 1717 1439 1757 ιι
1471 1716 1766 1782 videretur,
1814 1718 1884 1772 ob
1927 1733 1991 1772 ea
2024 1717 2080 1772 in
2120 1717 2231 1787 qui-

2167 1717 2241 1772 ui-
2347 1742 2364 1773 ι
2405 1722 2651 1792 κείμενον
2685 1721 2751 1784 ⁸¹,
2793 1719 3050 1774 ἔσπευδον
3095 1721 3174 1781 είς
3222 1716 3399 1779 τοῦτο,
3449 1717 3523 1770 ἴνα
3570 1715 3629 1786 μὴ
3666 1734 3709 1768 κο

688 1832 705 1864 ι
751 1811 853 1866 bus
907 1809 1025 1880 ejus
1074 1808 1370 1864 calliditate
1430 1807 1718 1866 inferiores
1765 1824 1887 1865 esse
1934 1808 2037 1863 visi
2091 1817 2230 1872 sunt,

2167 1817 2238 1872 ηι,
2345 1834 2363 1866 ι
2400 1815 2526 1885 δοκῇ
2575 1815 2709 1882 παρ’
2755 1812 2945 1878 ἑαυτῷ
2989 1813 3275 1880 φρόνιμος
3311 1805 3448 1862 εἶναι
3492 1808 3560 1878 ἐφ’
3603 1802 3667 1871 οἷς
3700 1826 3709 1859 1

686 1923 706 1954 ι
753 1901 962 1958 etiamsi
1008 1917 1067 1958 se
1119 1901 1296 1971 ipsum
1339 1900 1484 1955 vinci
1533 1901 1600 1956 ab
1633 1902 1720 1966 iis,
1756 1901 1849 1972 qui
1906 1901 2228 1957 scuticarum

2167 1916 2238 1954 tm
2345 1927 2362 1956 ι
2402 1906 2730 1977 πανουργίαν
2764 1904 2938 1971 ἔδοξεν
2966 1905 3151 1974 ήττᾷν,
3186 1904 3234 1956 εί
3287 1903 3372 1955 καὶ
3399 1900 3643 1954 ἐλάνθανεν
3664 1901 3709 1952 ia

688 2013 706 2045 ι
750 1993 1188 2065 ﬂagellorumque
1240 1998 1548 2057 tormenta,
1604 1999 1658 2046 et
1704 1991 1867 2064 gladii
1925 1991 2130 2056 aciem,
2186 1999 2230 2046 el

2186 1999 2240 2046 et
2344 2017 2362 2048 ι
2401 1997 2690 2068 νικώμενον
2717 1995 2934 2049 ὑπδτῶν
2957 1993 3420 2066 ἐγκαρτερούντων
3447 1993 3534 2055 τὰς
3553 1992 3643 2044 τῶν
3669 1989 3709 2054 ξι

685 2109 704 2140 ς
753 2089 891 2160 ignis
946 2087 1358 2150 ustulatiouem,
1422 2095 1474 2141 et
1529 2101 1792 2156 aquarum
1860 2085 2227 2142 immersiones

2164 2101 2237 2142 les
2341 2111 2358 2142 ι
2405 2109 2509 2164 ρων
2537 2092 2628 2144 καὶ
2660 2090 2932 2162 μαστίγων
2978 2088 3261 2159 βασάνους,
3290 2088 3382 2158 τήν
3421 2103 3473 2138 τε
3515 2084 3706 2154 ὀξύτητα

686 2201 702 2229 ο
751 2185 1067 2234 constanter
1098 2178 1362 2243 tulerunt,
1394 2191 1516 2231 eum
1550 2177 1705 2232 latuit
1738 2195 1750 2232 :
1787 2176 1855 2233 iis
1883 2192 2099 2248 quoque
2120 2177 2228 2246 qui,

2167 2177 2233 2242 ui,
2342 2199 2358 2230 ι
2405 2179 2694 2249 μαχαίρας,
2728 2177 2821 2231 καὶ
2856 2176 2950 2240 τὰς
2973 2172 3328 2244 καταφλέξεις
3356 2173 3442 2227 τοῦ
3461 2172 3630 2244 πυρὸς,
3655 2172 3709 2223 κο

683 2293 701 2325 ι
751 2281 807 2326 ιιι
837 2289 902 2328 ex
935 2270 1038 2325 ﬁde
1072 2285 1262 2340 preces
1312 2277 1363 2323 et
1393 2270 1670 2325 orationes
1710 2268 1861 2333 ﬁant,
1899 2285 2225 2340 persequunl

2173 2286 2238 2323 n-
2341 2289 2358 2322 ι
2400 2271 2505 2324 τῶν
2534 2269 2738 2323 ὑδάτων
2767 2266 3200 2330 καταποντὼσεις
3221 2282 3236 2296 ·
3287 2266 3376 2319 καὶ
3402 2268 3506 2330 τοῖς
3543 2262 3664 2317 κατὰ
3691 2281 3709 2315 τ

684 2387 702 2416 ‹
752 2375 860 2432 tur,
885 2363 968 2417 vel
999 2377 1096 2433 pro
1123 2361 1191 2416 iis
1220 2359 1313 2430 qui
1344 2361 1399 2416 in
1442 2361 1687 2418 custodia
1720 2361 1897 2433 puniti
1945 2367 2090 2428 sunt,
2125 2369 2177 2416 et
2204 2375 2226 2413 a

2167 2369 2177 2415 L
2204 2375 2235 2413 a
2339 2381 2356 2414 ‹
2398 2362 2799 2430 ὑπεξουσιοῦσιν
2829 2361 2988 2432 εὐχὰς
3016 2361 3062 2393 ⁸³
3092 2363 3184 2414 καὶ
3210 2361 3420 2433 δεήσεις
3443 2360 3664 2430 γίνεσθαι
3683 2360 3709 2390 δ’

689 2480 704 2508 ι
758 2458 896 2512 fame
927 2465 982 2511 et
1029 2456 1119 2510 siti
1165 2453 1352 2508 traditi
1407 2462 1555 2517 sunt,
1597 2455 1679 2509 vel
1709 2468 1807 2523 pro
1833 2455 1900 2508 iis
1939 2453 2032 2524 qui
2081 2461 2231 2510 extra

2166 2467 2234 2507 .ra
2340 2474 2357 2506 ι
2399 2456 2538 2528 ὑπὲρ
2562 2455 2671 2508 τῶν
2708 2457 2764 2508 ὲν
2802 2453 3012 2525 φυλακῇ
3054 2453 3600 2528 κατατιμωρηθέντων
3633 2454 3708 2506 καί

687 2571 699 2600 ι
745 2547 1048 2604 custodiam
1104 2545 1327 2600 sculicis
1376 2554 1429 2599 et
1480 2547 1702 2616 llagellis
1752 2545 1805 2599 in
1852 2545 2061 2614 judicio
2103 2546 2229 2600 torti

2167 2546 2230 2599 rti
2337 2562 2356 2596 ι
2396 2545 2692 2615 δεδομένων
2710 2544 2777 2576 δι’
2806 2543 2908 2597 ὑπὸ
2940 2543 3095 2614 λιμοῦ
3118 2547 3211 2600 καὶ
3230 2546 3388 2618 δίψης
3409 2547 3474 2611 ⁸⁸,
3496 2547 3607 2617 ἦτοι
3625 2543 3709 2596 (δπὲ

683 2659 699 2688 ι
749 2647 898 2705 sunt,
929 2644 1114 2708 postea
1162 2643 1339 2689 autem
1385 2651 1416 2688 a
1449 2638 1630 2693 carnis
1682 2637 2053 2692 imbecillitate
2102 2637 2225 2692 victi

2167 2637 2230 2692 cti
2338 2653 2356 2685 ι
2398 2633 2590 2698 ἔξωθεν
2617 2635 2717 2704 τῆς
2743 2634 2985 2705 φυλακῆς
3017 2636 3107 2688 ἐπὶ
3143 2635 3240 2689 τοῦ
3283 2635 3621 2706 δικαστηρίου
3652 2650 3709 2685 κα

684 2754 700 2783 ο
743 2733 912 2800 fuere,
939 2748 1151 2803 aequum
1177 2740 1261 2788 est
1295 2746 1556 2785 anuuere.
1588 2729 1723 2784 Cum
1754 2730 1822 2784 iis
1849 2731 1993 2784 enim
2029 2730 2120 2800 qui
2146 2731 2226 2784 lu-

2167 2746 2230 2784 u-
2337 2744 2355 2775 ι
2397 2725 2752 2778 σανισθέντων
2781 2725 2870 2779 διὰ
2895 2725 3170 2798 ξυστήρων
3205 2729 3304 2782 καὶ
3344 2728 3634 2799 μαστίγων,
3668 2724 3709 2778 i3:

683 2844 701 2876 ι
746 2833 871 2896 gent
917 2832 971 2881 et
1004 2832 1253 2889 manent,
1288 2838 1387 2895 pro
1418 2823 1486 2877 iis
1538 2821 1628 2892 qui
1675 2821 1731 2875 in
1779 2822 2074 2877 certamine
2101 2823 2225 2877 victi

2166 2823 2230 2877 :ti
2336 2835 2352 2866 ι
2396 2817 2453 2870 δὲ
2503 2816 2841 2888 ἡττηθέντων
2895 2818 2998 2872 ὑπὸ
3045 2819 3142 2890 τῆς
3194 2820 3488 2883 ἀσθενείας
3537 2819 3630 2889 τῆς
3678 2834 3708 2869 ση

680 2933 699 2967 ι
748 2923 876 2971 sunt
907 2930 937 2968 a
979 2917 1191 2987 magnis
1228 2913 1449 2985 maligni
1489 2910 1692 2966 diaboli
1728 2910 1956 2977 viribus,
1993 2913 2106 2968 sive
2131 2927 2222 2984 pro

2170 2927 2229 2967 ro
2263 2975 2297 2987 Α
2337 2927 2354 2958 ι
2393 2908 2538 2972 ἄξιόν
2583 2909 2729 2964 ἐστιν
2772 2910 3068 2964 ἐπινεῦσαι.
3115 2912 3472 2982 Συμπάσχειν
3505 2910 3606 2982 γὰρ
3643 2909 3709 2962 κα

680 3023 699 3056 ι
746 2975 1099 3074 parentibus:
1133 3003 1216 3060 vel
1270 2975 1553 3065 trait—ibus,
1608 3000 1691 3056 vel
1727 2975 1950 3065 liberis,
1979 3017 2086 3055 una
2131 2975 2222 3056 eo.

2171 3016 2231 3056 0-
2257 2975 2298 3032 δ
2341 3019 2357 3050 ι
2399 2999 2582 3069 αλγεῖν
2604 3003 2712 3064 τοῖς
2743 3001 3081 3072 ὀδυρομένοις
3113 2975 3206 3055 καί
3254 2975 3606 3068 στενάζουσιν
3640 3001 3708 3052 ὑπ

678 3116 696 3148 ι
745 3097 876 3161 lere,
912 3103 966 3152 et
1005 3095 1226 3152 tristitia
1273 3094 1409 3149 afﬁci
1445 3094 1710 3148 neminem
1743 3092 2038 3163 quidquam
2071 3090 2220 3163 peni-

2161 3090 2226 3146 ti-
2339 3117 2356 3148 ι
2397 3100 2452 3150 ἐν
2502 3098 2672 3167 ἀγῶνι
2712 3099 3049 3170 ἡττηθέντων
3099 3099 3202 3152 ὑπὸ
3250 3099 3356 3169 τῆς
3412 3097 3611 3168 πολλῆς
3657 3095 3703 3166 β(

677 3209 696 3241 ι
744 3199 832 3244 tus
877 3190 1039 3244 lmdit.
1094 3187 1310 3244 Scimus
1357 3188 1501 3244 enim
1529 3187 1691 3242 etiam
1741 3196 1960 3258 propter
1999 3187 2219 3241 aliorum

2164 3201 2224 3239 1m
2339 3211 2355 3240 ι
2397 3191 2774 3262 κακομηχάνου
2821 3190 3088 3255 διαϐόλου,
3117 3192 3239 3262 ἦτοι
3294 3192 3442 3263 ὑπὲρ
3477 3190 3674 3259 γονέων

679 3303 695 3333 ι
745 3282 922 3357 fidem,
946 3280 1211 3352 quosdam
1243 3295 1364 3336 esse
1396 3278 1489 3334 Dei
1512 3277 1809 3333 bonitatem
1836 3287 2137 3342 assecutos,
2173 3288 2221 3332 et

2173 3288 2226 3332 et
2337 3302 2352 3333 ο
2397 3281 2510 3351 φῶν
2547 3282 2579 3354 ἢ
2622 3283 2842 3347 τέκνων,
2871 3281 3060 3336 οὐδένα
3104 3281 3259 3334 οὐδὲν
3312 3280 3707 3336 καταδλάπτει.

677 3393 694 3423 ι
743 3375 794 3427 in
827 3380 1177 3444 peccatorum
1211 3371 1567 3443 _remissione,
1598 3376 1651 3424 et
1682 3369 1928 3440 corporis
1969 3369 2219 3434 sanitate,

2163 3381 2222 3434 ιθ,
2336 3394 2354 3424 ι
2395 3373 2500 3445 γὰρ
2529 3373 2624 3427 καὶ
2653 3373 2720 3426 δι’
2754 3373 2950 3442 ἐτέρων
2983 3372 3163 3426 πίστιν
3189 3373 3634 3435 ἀπολαύσαντας
3663 3389 3705 3424 τι

677 3485 695 3514 ι
737 3474 790 3518 et
845 3471 1182 3519 mortuorum
1239 3460 1660 3518 resurrectione.
1717 3459 1981 3516 Mcmores
2040 3461 2219 3529 itaque

2163 3474 2222 3514 ue
2335 3484 2353 3515 ο
2395 3464 2486 3517 τοῦ
2515 3463 2649 3516 Θεοῦ
2680 3463 3028 3534 ἀγαθότητος,
3063 3465 3154 3517 ὲπί
3185 3481 3252 3517 τε
3287 3466 3495 3536 ἀφέσει
3527 3466 3705 3535 ἁμαρτ

677 3577 693 3608 ι
741 3557 1033 3612 multorum
1089 3556 1334 3611 laborum
1390 3563 1444 3610 et
1498 3553 1878 3618 miseriarum,
1930 3566 2066 3622 quas
2125 3566 2219 3620 pro

2163 3566 2223 3605 ro
2335 3573 2351 3604 ι
2392 3554 2546 3626 ὑγεία
2573 3551 2839 3625 σώματος,
2867 3555 2960 3607 καὶ
2986 3553 3286 3608 ἀναστάσει
3313 3554 3563 3628 νεκρῶν.
3589 3556 3705 3622 May

677 3669 693 3700 ι
741 3646 943 3703 Christi
1007 3646 1225 3701 nomine
1276 3645 1669 3706 sustinuerunt,
1725 3655 1848 3696 cum
1900 3641 2002 3710 ipsi
2059 3640 2219 3695 etiam

2161 3655 2220 3693 Lm
2334 3668 2351 3700 ι
2391 3647 2565 3702 τοίνυν
2607 3647 2714 3702 τῶν
2747 3647 2954 3702 πολλῶν
3000 3646 3176 3702 αὐτῶν
3225 3648 3550 3718 καμάτων,
3585 3639 3703 3698 ὧντ

675 3760 692 3792 ο
740 3737 1110 3810 pmnitentiam
1141 3736 1369 3807 egerint,
1406 3744 1460 3789 et
1489 3732 1631 3803 quod
1659 3747 1690 3785 a
1718 3747 1778 3787 se
1800 3731 2001 3786 factum
2019 3737 2102 3786 est
2124 3746 2217 3801 per

2161 3746 2221 3785 ω’
2333 3761 2350 3791 ι
2393 3757 2590 3809 νεγκαν
2627 3743 2684 3794 ὲν
2715 3739 2935 3811 ὀνόματι
2961 3738 3051 3792 τοῦ
3089 3739 3367 3810 Χριστοῦ,
3406 3739 3513 3793 καὶ
3549 3738 3663 3792 τῶν
3696 3756 3703 3768 ·

675 3848 696 3882 ι
739 3829 1093 3900 proditionem
1113 3827 1166 3880 in
1184 3826 1429 3896 corporis
1450 3825 1708 3895 languore
1728 3829 1782 3877 et
1806 3821 2217 3877 mortiﬁcatioue

2161 3836 2221 3877 ne
2331 3851 2349 3883 ι
2394 3831 2543 3902 σμῶν
2576 3831 2642 3897 ³⁸,
2666 3831 2727 3884 οὐ
2759 3832 2864 3903 μὴν
2895 3829 3028 3884 ἀλλὰ
3060 3831 3153 3884 καὶ
3188 3832 3609 3901 μεταγνόντων
3643 3829 3703 3882 αὖ

680 3939 698 3972 ι
749 3919 1084 3982 deﬂeverint,
1113 3926 1166 3974 et
1197 3933 1255 3973 se
1287 3926 1544 3987 praeterea
1580 3923 1864 3979 testentur,
1898 3916 1952 3969 in
1980 3915 2086 3970 vita
2120 3930 2218 3970 sua

2159 3931 2218 3970 lla
2331 3941 2350 3975 ι
2391 3923 2804 3995 ἀποδυρομένων
2834 3922 2893 3975 τὸ
2921 3923 3322 3993 πεπραγμένον
3373 3925 3586 3988 αὐτοῖς
3640 3940 3701 3976 κο

675 4031 693 4064 ι
741 4012 907 4068 fuisse
930 4026 960 4065 a
982 4013 1201 4066 civitate
1220 4011 1449 4075 alienos,
1482 4009 1644 4065 simul
1679 4022 1920 4072 oremus,
1952 4014 2004 4061 et
2030 4015 2217 4076 postu-

2159 4024 2220 4061 υ·
2330 4034 2348 4066 ο
2385 4017 2564 4070 δοσίαν
2604 4017 2660 4069 ἐν
2701 4015 2887 4087 ἀτονία
2922 4017 3016 4069 καὶ
3047 4015 3350 4086 νεκρότητι
3405 4015 3515 4069 τοῦ
3565 4013 3701 4083 σώμε

673 4123 692 4154 ι
741 4105 912 4159 lemus
956 4119 1054 4174 pro
1092 4118 1280 4158 eorum
1321 4100 1762 4157 reconciliatione
1797 4114 1918 4156 cum
1951 4099 2071 4155 aliis
2101 4113 2215 4169 qum

2159 4113 2220 4152 ιω
2329 4126 2348 4161 ς
2389 4127 2445 4162 τε
2489 4109 2580 4162 καὶ
2629 4109 3078 4182 μαρτυρουμένων
3121 4108 3548 4163 ἀπολιτεύτων
3578 4107 3622 4141 ⁸⁷
3657 4125 3701 4173 γέ

673 4213 691 4246 ι
740 4195 894 4250 decet
915 4211 1012 4266 per
1046 4210 1169 4249 eum
1199 4193 1294 4264 qui
1323 4201 1407 4250 est
1436 4193 1594 4249 nobis
1625 4192 1908 4246 advocatus
1951 4189 2088 4258 apud
2113 4190 2215 4244 Pa-

2159 4208 2219 4244 a—
2330 4215 2347 4248 ι
2388 4199 2445 4249 ἐν
2477 4197 2552 4268 τῷ
2597 4197 2695 4268 βίῳ
2739 4198 2933 4264 αὐτῶν,
2980 4199 3376 4270 συνευχόμεθα
3431 4202 3541 4253 καὶ
3593 4214 3699 4264 συμ

671 4304 690 4338 ι
739 4295 888 4352 trem,
922 4301 981 4340 se
1020 4286 1224 4341 nostris
1262 4287 1499 4356 peccatis
1528 4285 1819 4354 propitium
1851 4283 2213 4339 exhibentem.

2156 4298 2214 4338 η.
2252 4335 2294 4390 D
2330 4309 2346 4340 ι
2387 4289 2580 4360 λοῦμεν
2609 4291 2746 4361 ὑπὲρ
2774 4291 2998 4361 ἱλασμοῦ
3014 4291 3189 4345 αὐτῶν
3223 4291 3399 4362 μετὰ
3425 4293 3554 4348 τῶν
3596 4290 3698 4346 ιω.

672 4397 691 4431 ι
741 4378 808 4432 Et
834 4381 881 4434 si
903 4380 1038 4451 quis,
1070 4378 1266 4450 inquit,
1297 4380 1602 4449 peccauerit,
1635 4377 1880 4431 habemus
1907 4376 2214 4431 advocatum

2155 4393 2218 4430 tm
2252 4376 2292 4390 ⁵’
2329 4401 2346 4434 ι
2386 4383 2606 4447 κάντων,
2635 4383 2822 4437 διὰτοῦ
2849 4385 3137 4455 γενομένου
3166 4384 3234 4416 ⁸⁷⁸
3256 4385 3435 4458 ὑπὲρ
3457 4387 3637 4458 ἡμῶν
3673 4401 3697 4436 ε

671 4491 692 4524 ι
735 4472 872 4540 apud
905 4471 1118 4526 Patrem
1149 4470 1332 4524 Jesum
1375 4469 1644 4525 Christum
1684 4468 1892 4537 justum
1927 4478 2010 4522 :et
2059 4470 2102 4524 is
2140 4479 2213 4524 est

2154 4479 2219 4524 est
2328 4493 2346 4525 ι
2386 4491 2490 4529 του
2522 4477 2666 4544 πρὸς
2692 4477 2797 4529 τὸν
2819 4476 3049 4546 Πατέρα
3079 4477 3491 4549 ίλασκομένου
3528 4483 3664 4544 ταῖς

670 4582 690 4615 ι
733 4564 1032 4632 propitiatio
1061 4579 1153 4633 pro
1175 4562 1398 4628 peccatis
1423 4563 1616 4616 nostris
1639 4572 1685 4616 ο.
1740 4581 1757 4614 ι

2327 4583 2346 4617 ι
2385 4567 2559 4638 ἡμῶν.
2592 4569 2697 4622 Καὶ
2725 4568 2832 4621 ἐάν
2855 4586 2942 4634 τις
2962 4569 3090 4640 γὰρ,
3116 4572 3319 4641 φησὶν,
3351 4573 3664 4642 ἁμάρτῃ,
3692 4610 3697 4622 .

670 4678 687 4708 ο
729 4675 832 4710 τον
868 4658 1082 4726 ἔχομεν
1140 4657 1287 4726 πρὸς
1353 4657 1461 4710 τὸν
1499 4655 1749 4724 Πατέρα,
1802 4656 2033 4723 Ἰησοῦν
2075 4659 2328 4726 Χριστὸν
2381 4663 2631 4718 δίκαιον·
2677 4665 2776 4719 καὶ
2818 4665 3000 4730 αὐτὸς
3049 4668 3325 4736 ιιιασμός
3397 4670 3620 4724 ἐστιν
3677 4672 3696 4723 1'

669 4769 687 4801 ι
723 4748 1016 4818 ἁμαρτιῶν
1046 4748 1227 4818 ἡμῶν.
1272 4768 1289 4799 ι
2142 4786 2148 4792 .

737 4844 894 4898 ΒΑιε.
931 4842 1067 4898 Cum
1117 4845 1365 4914 superius
1403 4844 1629 4900 dixisset
1662 4842 1910 4911 Sanctus,
1943 4843 2086 4914 quod
2119 4843 2210 4914 qui

2125 4843 2210 4914 qui
2389 4843 2578 4896 ΒΛΛΣ.
2611 4843 2788 4898 Εἰπὼν
2820 4844 3073 4915 ἀνωτέρω
3098 4843 3127 4893 ὁ
3147 4842 3403 4912 Ἄγιος,
3444 4847 3556 4901 ὃτι
3603 4849 3667 4900 οἱ

665 4951 762 4990 sua
793 4945 984 5005 sponte
1023 4935 1382 5006 confugerunt
1420 4945 1472 4990 et
1501 4937 1634 5006 lapsi
1661 4943 1806 5002 sunt,
1839 4935 2207 5006 penitentiam

2151 4952 2212 4988 un
2320 4951 2506 4996 σαντες
2553 4933 2646 4987 καὶ
2697 4934 3014 4997 ἐκπεσόντες
3046 4933 3160 5004 μὲν,
3207 4932 3301 5006 μὴ
3352 4938 3693 5008 μεταμελι

665 5035 843 5083 autem
874 5043 982 5082 non
1013 5037 1258 5098 egerunt,
1295 5047 1394 5084 nec
1426 5047 1582 5084 suum
1614 5031 1823 5101 lapsum
1865 5037 2207 5092 revocarunt,

2151 5037 2210 5092 tt,
2319 5027 2410 5080 καὶ
2445 5027 2540 5099 τὴν
2569 5027 2836 5081 ἔκπτωσιν
2876 5027 3413 5098 ἀνακαλεσάμενοι,
3457 5031 3588 5086 ἐπὶ
3626 5033 3693 5086 πῖ

663 5126 783 5190 plus
809 5119 1090 5176 dedecoris
1115 5121 1390 5186 subibunt,
1437 5130 1497 5175 ut
1530 5124 1623 5193 qui
1653 5138 1758 5176 non
1805 5138 1969 5193 supra
2021 5119 2205 5175 funda-

2156 5137 2213 5174 ιι·
2317 5136 2413 5190 νην
2437 5118 2664 5186 ἕξουσιν,
2686 5121 2760 5186 ὡς
2785 5121 2858 5194 μὴ
2881 5123 2972 5176 ἐπὶ
2998 5122 3074 5195 τῷ
3102 5119 3380 5194 θεμελίῳ
3411 5127 3543 5179 καὶ
3583 5127 3693 5197 ὄρ(

731 5287 756 5318 ι
793 5274 1013 5345 Philipp.
1046 5291 1128 5341 ιιι,
1169 5277 1250 5332 Η.
1326 5277 1526 5334 ινιίοηι.
1564 5294 1660 5343 xu,
1690 5277 1774 5333 i6.
1844 5291 1865 5317 ε
1900 5276 2098 5331 IJoan.
2133 5293 2192 5339 ιι,
2230 5275 2279 5330 l.

1887 5396 2116 5452 VARUS
2155 5397 2549 5454 LECTIONES.

734 5529 775 5559 ‘°
801 5531 1177 5608 ἐμφιέποντες.
1256 5536 1487 5608 {verba
1514 5537 1958 5608 καταπολεμῆσαι
1987 5555 2036 5590 τ.
2067 5537 2159 5589 ὑπ.
2183 5538 2274 5589 καὶ
2305 5539 2479 5591 ἀντικ.
2511 5553 2620 5592 om.
2703 5539 2748 5571 δ’
2779 5541 2870 5592 καί
2894 5555 3002 5593 om.
3091 5540 3136 5574 ⁸³
3161 5539 3633 5606 ὑπεξιοῦσιν,

662 5600 727 5629 ⁸⁵·
775 5598 1184 5668 προδιδομένων.
1273 5605 1318 5636 ⁵⁸
1339 5606 1537 5675 δίψους.
1618 5608 1662 5638 ⁸⁸⁵
1698 5598 2058 5678 ταλανισμών.
2136 5609 2176 5638 ⁵⁷
2214 5609 2716 5680 μεμαρτυρημένων
2743 5610 3153 5668 εὐπολιτεὺτων.
3208 5610 3266 5640 ⁸⁷
3308 5598 3348 5635 ⁷·
3390 5598 3689 5691 γωδ-μέ

699 5763 704 5768 ·
734 5755 810 5823 (8)
843 5759 906 5810 Ui
933 5757 1038 5822 rt'Ip
1083 5758 1314 5823 πρῶτοι.
1350 5760 1567 5816 Scilicet
1605 5764 1640 5816 ii
1675 5763 1743 5817 de
1777 5763 1976 5831 quibus
2006 5763 2208 5820 dictum
2247 5773 2332 5821 est
2354 5780 2478 5821 can.
2499 5766 2553 5834 9,
2579 5766 2679 5824 hoc
2716 5773 2803 5827 est
2825 5764 3295 5825 laici.‘Hsnnmx.
