3956 6198
263 311 370 368 ιοτ

1480 313 1816 373 EPISTOLA
1847 317 2212 377 CANONICA.

3356 335 3460 394 £98

257 428 506 497 νάμενοι,
537 427 651 496 ἦτοι
698 427 771 498 μὴ
813 427 1188 492 τελειώσαντες
1237 427 1296 482 τὸ
1346 429 1536 484 καλόνο
1587 428 1772 486 νῦν-κε

1874 435 1894 490 l
1919 439 2157 488 mentum
2189 441 2387 490 tectum
2409 451 2624 509 quoque
2649 439 3046 512 fabricaverint,
3065 451 3166 503 'seu
3187 449 3333 520 quod
3362 451 3458 510 bo-

261 518 599 589 κατασκευὴν
626 519 812 572 τούτου
838 537 898 573 τε
919 521 1140 575 καὶτῶν
1167 521 1366 576 λοιπῶν
1389 522 1815 592 ἐπάγει,-,λέγων·

1917 537 2044 577 num
2077 531 2162 580 est
2209 541 2317 582 non
2360 526 2722 598 perfecerint:
2752 549 2898 590 nunc
2931 535 3094 606 hujus
3137 550 3192 595 et
3219 540 3456 613 reliquo-

265 613 331 666 Οἱ
359 609 463 682 γὰρ
487 613 543 666 ἐν
574 612 651 684 τῷ
681 614 968 685 βράσματι,
999 617 1162 687 ῆγουν
1207 619 1263 672 ἐν
1306 620 1369 689 τῇ
1402 619 1550 690 ἀκμῇ
1579 617 1673 671 τοῦ
1697 619 1772 672 διο

1917 625 2037 665 rum
2066 613 2528 672 conﬁrmationem
2567 618 2793 687 inducit,
2829 623 3014 682 dicens
3041 644 3053 680 :
3077 625 3180 693 Qui
3219 609 3363 684 enim
3398 631 3456 688 in

264 703 406 774 γμοῦ
429 706 717 776 ἱστάμενοι,
739 707 833 760 καὶ
859 708 1086 779 ὁρῶντες
1108 709 1174 762 τά
1205 709 1473 780 μαρτύρια
1495 710 1602 764 τῶν
1628 711 1814 779 ἁγίων,

257 795 355 848 καὶ
410 796 558 860 ὅπως
617 798 898 853 σπεύδουσι
947 801 1071 865 τούς
1125 801 1183 867 ἐξ
1238 803 1475 874 οὐρανῶν
1527 806 1815 875 στεφάνους

251 885 439 940 λαϐεῖν
486 890 624 943 κατά
650 890 811 960 ζῆλον
859 891 1018 958 θεῖον,
1070 893 1340 948 ἐπεδίδουν
1388 895 1611 959 ἑαυτοὺς
1639 898 1718 960 εἰς
1754 898 1813 952 τὺ

254 979 556 1050 μαρτύρια
607 981 742 1052 μετά
781 984 1086 1054 παρρησίας
1147 984 1378 1056 πολλῆς,
1441 986 1535 1040 καὶ
1584 988 1814 1060 μάλιστα

248 1066 334 1122 δτι
356 1067 582 1123 ἐδλεπόν
594 1087 745 1135 τινας
767 1072 1212 1144 ὐποσυρομένους,
1237 1075 1355 1129 ἀντὶ
1381 1076 1496 1144 τοῦ,
1521 1077 1812 1150 κλεπτομέ-

245 1176 374 1224 νους
399 1161 495 1213 καὶ
535 1162 922 1234 ἀπατωμένους
953 1165 1056 1219 ὑπὸ
1097 1167 1187 1220 τοῦ
1233 1167 1496 1234 διαϐόλου,
1533 1172 1624 1225 καὶ
1653 1173 1808 1226 ἐκπί-

248 1269 501 1317 πτοντας,
537 1255 652 1324 ἢτοι
686 1256 1043 1328 ἀρνουμένους
1075 1260 1170 1332 τὴν
1203 1260 1511 1315 εὐσέϐειαν⁸
1539 1257 1613 1316 ὧν
1651 1264 1808 1336 χάριν

242 1345 765 1418 ὐτοοθερμαινόμενοι
786 1349 1002 1416 ἔσωθεν,
1028 1351 1143 1422 ἦτοι
1163 1353 1259 1423 τὴν
1285 1354 1504 1425 καρδίαν
1531 1355 1804 1426 πυρούμε-

243 1453 344 1499 νοι,
371 1436 447 1498 ὡς
487 1439 579 1490 καὶ
619 1440 902 1506 ἀκούοντες
944 1443 1541 1517 καταπολεμῆσαι,ἢτοι
1587 1448 1804 1519 νικῆσαι

237 1526 329 1579 διὰ
359 1526 550 1580 τούτου
593 1529 683 1583 τὸν
733 1531 961 1595 ἀλαζόνα
1004 1536 1097 1588 καὶ
1134 1536 1502 1606 ἀντικείμενον
1540 1537 1798 1606 διάϐολον,

1914 703 2306 771 persecutionis
2349 704 2579 774 fervore,
2629 725 2725 767 seu
2758 711 3094 769 vehementia
3135 727 3360 785 stantes,
3402 729 3457 777 et

1914 791 2153 849 videntes
2181 803 2490 853 sanctorum
2517 802 2794 872 martyria,
2829 810 2882 859 et
2911 807 3180 875 quomodo
3208 811 3456 869 cmlestes

1911 897 2140 939 coronas
2169 885 2350 942 divino
2382 889 2496 945 zelo
2538 893 2779 962 accipere
2827 899 3171 966 contendant,
3216 916 3276 958 se
3307 903 3455 975 ipsos

1911 971 2114 1027 dabant
2167 977 2424 1049 martyrio
2453 995 2578 1036 cum
2627 985 2794 1040 multa
2835 986 3101 1055 libertate,
3133 1000 3187 1046 et
3222 971 3456 1051 maiime

1909 1066 2036 1136 quia
2060 1067 2310 1124 videbant
2341 1072 2602 1141 quosdam
2630 1077 2955 1145 subtractos,
2986 1080 3088 1136 hoc
3115 1091 3200 1139 est
3227 1084 3452 1145 eductos

1908 1164 1962 1212 et
1993 1156 2247 1230 deceptos
2277 1175 2308 1216 a
2351 1162 2588 1232 diabolo,
2621 1174 2674 1222 et
2707 1168 2887 1240 lapsos
2925 1186 3021 1228 seu
3051 1184 3307 1246 negantes
3338 1179 3452 1249 pie-

1907 1256 2113 1309 tatem:
2146 1253 2492 1324 qua‘mobrem
2525 1257 2753 1318 interius
2794 1265 3008 1323 accensi
3037 1283 3130 1324 seu
3169 1275 3331 1329 corde
3361 1274 3448 1330 in-

1906 1338 2182 1410 ﬂammati,
2211 1351 2270 1400 ut
2295 1347 2387 1417 qui
2425 1349 2672 1407 audirent
2703 1369 2761 1410 se
2787 1369 2881 1424 per
2917 1355 3020 1412 hoc
3060 1357 3358 1421 debellasse
3384 1381 3448 1422 ac

1903 1431 2096 1489 vicisse
2145 1438 2438 1508 superbum
2481 1441 2849 1502 adversarium
2888 1447 3181 1516 diabolum,
3220 1456 3444 1514 studue-

1903 1535 2029 1581 runt
2058 1527 2241 1586 subire
2262 1534 2598 1604 martyrium,
2632 1553 2698 1592 ne
2720 1538 2980 1610 glorietur
2998 1541 3245 1600 diabolus
3268 1553 3322 1601 et
3345 1548 3446 1604 sibi

237 1615 577 1672 ἐσπούδασαν
608 1619 860 1674 ὑποδῦναι
891 1622 951 1675 τὺ
979 1624 1292 1696 μαρτύριον,
1319 1627 1402 1680 ἶνα
1431 1626 1504 1699 μὴ
1527 1629 1770 1702 καυχήση

1901 1618 2139 1689 prudens
2169 1636 2290 1678 esse
2319 1624 2585 1693 videatur,
2617 1638 2676 1684 ut
2698 1630 2788 1701 qui
2815 1631 3109 1690 calliditate
3139 1651 3237 1692 sua
3257 1645 3310 1694 et
3331 1655 3447 1694 ma-

235 1725 325 1761 ται
357 1710 385 1762 ό
421 1709 662 1776 διάϐολος
712 1713 805 1766 καὶ
850 1714 974 1787 δόξῃ
1022 1717 1194 1788 ἐαυτῷ
1238 1716 1494 1790 φρόνιμος
1538 1717 1692 1787 εἶναι,
1723 1723 1772 1776 ώη

1899 1710 2010 1765 litia
2039 1727 2132 1769 eos
2160 1714 2352 1771 vicerit
2383 1719 2473 1788 qui
2514 1735 2612 1776 sua
2636 1729 2828 1792 sponte
2867 1725 2933 1779 ad
2971 1728 3292 1800 martyrium
3313 1744 3445 1786 con-

233 1803 466 1871 νικήσας
480 1802 618 1856 κατά
633 1806 963 1877 πανουργίαν
982 1809 1106 1872 τοὺς
1125 1811 1592 1883 αὐτομολήσαντας
1607 1831 1619 1846 ’
1638 1817 1684 1868 ει
1705 1833 1772 1869 κα

1896 1801 2188 1874 fugerunt:
2226 1787 2482 1866 etiamisi
2510 1827 2631 1867 eum
2666 1787 2833 1870 latuit
2872 1832 2930 1872 se
2975 1787 3146 1889 magis
3191 1819 3335 1876 vinci
3375 1822 3443 1877 ab

230 1893 491 1947 ἐλάνθανε
514 1896 709 1966 μᾶλλον
736 1899 984 1954 νικᾶσθαι
1012 1901 1114 1954 ὑπὸ
1142 1901 1247 1956 τῶν
1281 1903 1524 1976 ἀθλητῶν
1543 1907 1646 1961 τῶν
1671 1925 1772 1979 καρ

1895 1893 2131 1959 athletis,
2163 1897 2256 1966 qui
2289 1907 2554 1955 tormenta
2585 1900 2798 1960 fortiter
2829 1908 3068 1976 perpessi
3097 1917 3244 1965 sunt.
3285 1908 3444 1968 Fide-

224 1987 577 2057 τερησάντων
616 1990 712 2054 τὰς
758 1991 1036 2062 βασάνους.
1081 1995 1204 2059 Τοῖς
1249 1995 1376 2065 γοῦν
1407 2001 1614 2064 πιστοῖς
1649 1999 1794 2067 ἀξιόν
1893 1983 2038 2039 libus
2070 1997 2198 2058 (⁵⁸³80
2221 1990 2502 2047 οτθηῑίδυε
2532 2007 2745 2064 παυιιω
2776 2004 2859 2050 εει
2887 2012 2986 2067 Pro
3016 1998 3146 2068 ίΡείε
3175 2001 3441 2072 supplic“)

222 2077 401 2142 ἑστιν,
437 2079 746 2151 εὐχομένοις
763 2082 902 2155 ὑπὲρ
931 2084 1106 2138 αὐτῶν
1130 2085 1236 2141 τῶν
1262 2089 1674 2162 τιμωρηθέντων
1701 2091 1792 2146 καὶ

217 2167 589 2239 ἡττηθέντων,
617 2174 900 2240 ἐπινεύειν,
934 2178 1050 2247 ἢτοι
1082 2178 1405 2250 συντρέχειν,
1439 2181 1466 2234 ὃ
1499 2200 1551 2235 τι
1592 2185 1682 2236 καὶ
1704 2185 1790 2238 δέ·

215 2259 436 2325 δοκται,
466 2262 558 2315 καὶ
588 2265 728 2318 κατά
761 2283 814 2318 τι
852 2267 910 2321 οὐ
940 2267 1163 2338 βλάπτει
1214 2271 1552 2344 συμπάσχειν
1583 2275 1676 2328 καὶ
1703 2274 1790 2328 λυ-

219 2349 448 2405 πεῖσθαι
477 2353 615 2423 μετὰ
644 2355 752 2409 τῶν
773 2359 968 2426 γονέων
991 2360 1023 2430 ἦ
1049 2361 1154 2414 τῶν
1182 2362 1353 2427 ἄλλως
1381 2367 1789 2436 προσῳκειωμέ-

215 2459 334 2494 νων
365 2441 506 2514 ὑπὲρ
554 2446 661 2500 τῶν
694 2451 1176 2522 μαρτυρησάντων,
1221 2455 1314 2509 καὶ
1359 2457 1786 2513 ἐκπεπτωκότων

216 2532 336 2585 ἀπὸ
364 2535 616 2606 μηχανῆς
642 2537 734 2591 τοῦ
753 2539 1016 2596 διαϐόλου.
1049 2541 1384 2614 Γινώσκομεν
1407 2544 1532 2615 γὰρ,
1564 2546 1637 2610 ὼς
1663 2546 1786 2600 πολ-

214 2624 309 2678 λοὶ
340 2627 659 2697 ἀπήλαυσαν
703 2631 794 2686 τοῦ
828 2632 1008 2698 ἐλέους
1050 2635 1272 2707 καὶτῆς
1319 2637 1646 2709 ἀγαθότητος
1689 2639 1782 2693 τοῦ

213 2716 358 2769 Θεοῦ
387 2717 476 2772 διὰ
507 2721 669 2793 εὐχῆς
715 2723 934 2797 ἐτέρων.
966 2727 1063 2780 Διά
1089 2745 1166 2780 τοι
1199 2726 1352 2781 τοῦτο
1394 2731 1575 2793 αὐτοῖς
1604 2747 1663 2784 τε
1695 2731 1782 2784 δο-

214 2807 377 2876 Θῆναι
413 2808 606 2878 ἄφεσιν
651 2814 798 2884 παρά
840 2813 932 2867 τοῦ
981 2817 1116 2869 Θεοῦ
1146 2817 1516 2890 ἐξαιτήσομεν,
1543 2822 1636 2874 καὶ
1671 2825 1782 2886 τοῖς

215 2897 400 2962 ἄλλοις
422 2903 538 2964 τοῖς
569 2903 962 2970 ἐκπεπτωκόσι,
992 2908 1082 2960 καὶ
1105 2910 1238 2979 μετά
1265 2911 1433 2965 ταῦτα
1460 2912 1556 2984 τὴν
1578 2912 1781 2984 πλάνην

213 2991 710 3062 ἀνακαλεσαμένοις
763 2996 858 3049 καὶ
911 2998 1270 3070 ὁμολογήσασι
1318 3003 1416 3073 τὴν
1467 3003 1776 3068 εὐσέϐειαν,

217 3085 721 3156 συγκοινωνήσομεν
739 3126 752 3150 ,
801 3105 865 3158 με
873 3106 974 3159 μνη
985 3091 1129 3160 μένοι
1153 3091 1261 3162 τῶν
1305 3093 1408 3164 πρὸ
1455 3093 1552 3163 τῆς
1577 3093 1780 3147 ἐκπτώ-

211 3189 355 3236 σεως
405 3175 628 3242 ἀγώνων
659 3178 854 3242 αὐτῶν,
905 3173 979 3234 ὧν
1012 3181 1322 3251 ὑπήνεγκαν
1360 3183 1449 3238 διὰ
1475 3186 1566 3239 τὸν
1615 3186 1772 3251 Θεὸν,

208 3262 349 3316 ἀλλά
378 3265 486 3336 μὴν
513 3265 607 3318 καὶ
639 3267 730 3320 τοῦ
759 3269 897 3338 μετά
922 3270 1088 3325 ταῦτα
1110 3274 1310 3342 ἀγαθοῦ
1336 3277 1633 3347 μεταμέλου
1661 3277 1776 3332 τού-

204 3369 337 3417 των,
372 3355 469 3408 καὶ
503 3356 582 3409 ὅτι
616 3359 1023 3431 μεμαρτύρηται
1067 3364 1442 3430 ἀπολιτεύτους
1470 3367 1773 3436 λογίζεσθαι

206 3445 436 3509 ἑαυτοὺς
468 3446 554 3500 διά
585 3443 910 3521 ἁμάρτημαο
950 3455 1126 3508 καὶού
1160 3457 1315 3525 μόνον
1351 3461 1772 3532 συγκοινωνήσο-

209 3554 309 3606 μεν
336 3538 544 3602 αὐτοῖς,
576 3539 709 3592 ἀλλά
737 3541 830 3594 καὶ
856 3544 1217 3616 συνευξόμεθα
1245 3547 1381 3618 ὑπὲρ
1417 3547 1641 3620 ἱλασμοῦ
1674 3553 1770 3605 αύ-

203 3628 316 3680 τῶν
354 3630 492 3697 μετά
517 3630 622 3683 τῶν
664 3631 836 3686 ἄλλων
867 3635 972 3688 τῶν
1015 3637 1388 3708 καθηκόντων,
1435 3641 1600 3711 ἤγουν
1631 3643 1768 3712 μετά

196 3718 314 3770 τῶν
343 3720 667 3788 όςςειλουσῶν
691 3723 929 3792 γίνεσθαι
950 3727 1200 3781 εὐποιιῶν
1233 3732 1358 3801 περὶ
1387 3732 1623 3797 τούτους,
1684 3753 1768 3805 νη-

197 3810 390 3872 στείας
419 3810 678 3879 δηλονότι,
726 3814 1085 3887 ἐλεημοσύνης
1114 3821 1206 3872 καὶ
1251 3822 1531 3890 μετανοίας
1553 3841 1565 3853 ·
1603 3824 1670 3877 δι’
1692 3819 1764 3879 ὧν

190 3901 224 3954 ὀ
258 3903 549 3971 γινόμενος
597 3907 938 3978 παράκλητος
983 3911 1120 3981 ὑπὲρ
1167 3913 1318 3982 ἡμῶν
1368 3913 1762 3985 ἐξευμενίζεται

193 3995 339 4062 ἡμῖν
370 3995 464 4046 τὸν
507 3995 738 4067 Πατέρα.
784 3996 916 4053 Εἶτα
963 4001 1054 4053 καὶ
1099 4005 1290 4073 χρήσει
1327 4005 1586 4076 κέχρηται
1629 4023 1762 4079 γρα-

192 4086 360 4152 φικῇ.
410 4085 473 4136 Ἡ
509 4085 565 4138 δέ
597 4089 742 4139 ἐστιν
787 4089 848 4141 ἐκ
891 4091 989 4160 τῆς
1035 4091 1254 4163 πρώτης
1301 4094 1589 4165 ωθολικῆς
1645 4098 1761 4149 ἐπι-

192 4178 394 4248 στολῆς
421 4178 514 4231 τοῦ
546 4181 698 4248 ἀγίου
728 4183 1018 4236 ἀποστόλου
1049 4187 1140 4237 καὶ
1166 4186 1543 4255 εὐαγγελιστοῦ
1586 4190 1758 4243 Ἰωάν-

189 4287 311 4323 νου.

263 4363 513 4418 ΖΩΝΛΡ.
563 4365 621 4418 '0
661 4367 782 4430 νοῦς
821 4367 912 4420 τοῦ
955 4369 1217 4438 παρόντος
1255 4372 1471 4434 κανόνος
1519 4371 1754 4435 τοιοῦτός

1893 2073 2096 2132 affectis
2116 2086 2168 2132 et
2194 2080 2420 2149 punitis,
2453 2096 2711 2150 annuere,
2747 2087 2860 2142 sive
2887 2088 2941 2142 in
2967 2087 3070 2145 hoc
3094 2105 3437 2157 concurrere.

1889 2166 2032 2237 quod
2061 2168 2223 2224 etiam
2254 2171 2427 2226 visum
2468 2181 2570 2238 est,
2617 2184 2670 2230 et
2702 2177 2884 2246 aliquo
2916 2179 3076 2236 modo
3107 2183 3241 2238 nihil
3272 2185 3435 2250 laedit,

1888 2272 1993 2310 una
2023 2273 2145 2313 cum
2173 2263 2490 2331 parentibus
2516 2264 2600 2320 vel
2625 2266 2748 2322 aliis
2778 2271 3178 2330 necessitudine
3209 2275 3438 2347 conjun-

1886 2350 2011 2415 ctis,
2040 2366 2139 2421 pro
2172 2351 2241 2408 iis
2267 2354 2359 2425 qui
2389 2355 2760 2414 testimonium
2797 2360 3061 2418 dederunt
3088 2367 3435 2438 martyrium-

1886 2455 1992 2511 que
2018 2444 2327 2512 subierunt,
2361 2449 2452 2506 sed
2496 2450 2634 2522 lapsi
2669 2463 2798 2509 sunt
2828 2454 3025 2512 diaboli
3056 2465 3172 2514 arte
3207 2470 3259 2516 et
3299 2461 3436 2518 insi-

1884 2531 2008 2597 diis,
2055 2534 2237 2593 dolere
2279 2547 2332 2594 et
2382 2542 2602 2598 tristitia
2654 2543 2809 2600 allici.
2847 2544 3060 2604 Scimus
3103 2551 3246 2606 enim
3289 2555 3432 2624 quod

1884 2622 2037 2677 multi
2086 2624 2380 2685 bonitatem
2428 2638 2481 2687 et
2528 2633 2955 2692 miscricordiam
3017 2638 3113 2697 Dei
3151 2622 3430 2700 consecuti

1883 2722 2010 2768 sunt
2037 2731 2136 2786 per
2163 2719 2391 2776 aliorum
2419 2725 2712 2782 orationes.
2749 2726 2978 2800 Ideoque
3005 2741 3058 2787 et
3086 2733 3220 2804 ipsis
3251 2734 3367 2791 dari
3398 2751 3429 2791 ιι

1880 2803 1989 2860 1)εο
2017 2817 2361 2877 peccatorum
2392 2816 2762 2873 remissionem
2785 2803 3201 2890 postulabimus,
3231 2833 3284 2880 et
3305 2826 3425 2883 aliis

1879 2900 1972 2971 qui
2003 2902 2138 2972 lapsi
2178 2914 2324 2972 sunt,
2354 2914 2406 2962 et
2435 2917 2620 2978 postea
2653 2925 2896 2969 errorem
2939 2927 3329 2974 revocaverunt
3375 2927 3428 2975 et

1878 2990 2128 3059 pietatem
2164 2994 2401 3051 confessi
2433 3006 2582 3064 sunt,
2633 3002 3175 3073 communicabimus,
3217 3022 3424 3065 memo-

1878 3096 1966 3136 res
1992 3099 2179 3139 eorum
2215 3103 2334 3157 quae
2382 3097 2505 3146 ante
2541 3091 2750 3161 lapsum
2782 3103 3002 3167 propter
3035 3097 3203 3154 Deum
3254 3101 3423 3155 susti—

1875 3184 2111 3232 nuerunt
2145 3181 2519 3253 certaminum,
2549 3193 2601 3243 et
2628 3187 2789 3244 etiam
2825 3190 2976 3247 bona:
3004 3207 3190 3248 eorum
3233 3205 3421 3264 postea

1874 3269 2226 3338 poenitentiae,
2271 3283 2324 3327 et
2369 3275 2512 3346 quod
2535 3291 2593 3332 se
2636 3278 2782 3348 ipsos
2829 3283 3007 3338 testati
3058 3292 3185 3340 sunt
3227 3301 3348 3342 esse
3390 3303 3420 3342 ι

1871 3360 2090 3416 civitate
2131 3363 2335 3420 alienos
2365 3373 2584 3436 propter
2613 3380 2888 3438 peccatum
2925 3392 2937 3429 :
2989 3383 3042 3430 et
3089 3391 3196 3431 non
3242 3377 3417 3433 solum

1872 3450 2003 3522 ipsis
2033 3457 2572 3524 communicabimus,
2620 3464 2712 3518 sed
2739 3476 2787 3520 et
2819 3481 2916 3536 pro
2944 3482 3130 3522 eorum
3169 3471 3416 3527 reconci-

1871 3543 2088 3600 liatione
2126 3549 2425 3617 orabimus,
2461 3567 2582 3606 cum
2635 3556 2753 3612 aliis
2783 3573 2902 3628 qua:
2931 3558 3104 3625 decet,
3150 3576 3244 3617 seu
3289 3578 3413 3616 cum

1868 3637 2024 3692 bonis
2069 3639 2322 3710 operibus
2372 3657 2491 3712 qua:
2529 3644 2726 3700 debent
2775 3646 2842 3700 ab
2883 3648 3015 3718 ipsis
3046 3648 3180 3714 ﬂeri,
3209 3649 3417 3719 jejunio

1867 3729 2094 3794 scilicet,
2145 3731 2484 3807 eleemosyna
2535 3744 2587 3790 et
2617 3739 2960 3808 paenitentia;
3001 3756 3096 3810 per
3135 3757 3272 3812 quae,
3320 3743 3413 3812 qui

1865 3835 1962 3890 pro
2007 3823 2162 3877 nobis
2195 3833 2276 3878 est
2312 3825 2623 3892 advocatus,
2658 3827 2868 3884 Patrem
2919 3830 3074 3886 nobis
3117 3832 3408 3902 propitium

1864 3910 2286 3985 benevolumque
2327 3916 2504 3973 efﬁcit.
2549 3917 2750 3976 Deinde
2795 3929 2848 3976 et
2890 3938 3058 3978 sacra:
3112 3922 3408 3994 Scripturaz

1863 4005 2126 4058 sententia
2164 4023 2295 4062 usus
2325 4017 2426 4064 est.
2467 4009 2539 4064 Ea
2571 4028 2698 4067 vero
2726 4021 2894 4069 estex
2927 4016 3098 4086 prima
3125 4018 3396 4073 catholica

1859 4095 2083 4164 epistola
2113 4099 2286 4152 sancti
2314 4102 2539 4169 apostoli
2573 4112 2625 4157 et
2648 4106 2987 4176 evangelista:
3014 4104 3260 4164 Joannis.

1927 4359 2124 4413 Zosan.
2164 4360 2332 4432 llujus
2385 4368 2610 4423 canonis
2665 4373 2928 4426 sententia
2982 4375 3245 4443 ejusmodi
3299 4386 3402 4434 est.

187 4458 341 4507 ἐστιν
361 4472 374 4484 ·
405 4457 466 4508 Οἱ
498 4457 553 4507 ἐν
581 4456 658 4526 τῷ
689 4456 978 4528 βράσματι,
1004 4461 1155 4530 φησὶ,
1178 4460 1271 4512 τοῦ
1300 4462 1560 4534 διωγμοῦ,
1585 4465 1749 4533 ἤγουν

1874 4449 1959 4515 Qui
1992 4451 2046 4504 in
2099 4451 2332 4520 fervore,
2377 4457 2572 4527 inquit,
2620 4466 3032 4531 persecutionis,
3065 4468 3167 4521 hoc
3215 4478 3298 4522 est
3349 4471 3402 4523 in

184 4549 248 4599 ἐν
282 4551 348 4617 τῇ
386 4548 578 4618 ἀκμῇ,
621 4551 685 4618 τῇ
729 4550 872 4613 ζέσει
917 4552 1226 4620 ἱστάμενοι,
1275 4554 1368 4605 καὶ
1406 4555 1638 4625 ὁρῶντες
1683 4557 1749 4609 τὰ

188 4638 470 4709 μαρτύρια
496 4639 605 4691 τῶν
634 4640 836 4708 ἁγίων,
880 4643 972 4694 καὶ
1012 4642 1159 4705 ὅπως
1199 4645 1482 4697 σπεύδουσι
1532 4648 1656 4711 τοὺς
1690 4648 1748 4712 ἐξ

182 4730 421 4799 οὐρανοῦ
451 4731 746 4798 στεφάνους
774 4731 953 4784 λαϐεῖν
977 4771 992 4795 ,
1019 4733 1157 4786 κατά
1192 4733 1350 4805 ζῆλον
1398 4735 1537 4789 θεῖον
1569 4738 1748 4791 ἐπεδέ-

181 4823 311 4873 ὺσυν
345 4823 574 4885 ἑαυτοὺς
600 4825 678 4886 εἰς
696 4823 763 4875 τὰ
793 4824 1081 4895 μαρτύρια,
1118 4825 1255 4894 μετά
1285 4829 1588 4899 παρρησίας
1616 4829 1742 4882 πολ-

179 4912 286 4980 λῆς
329 4915 670 4984 ὁρμήσαντες
718 4917 796 4977 εἰς
839 4916 929 4968 τὸν
975 4916 1190 4983 ἀγῶνα,
1239 4915 1574 4988 ζηλώσαντες
1621 4923 1745 4985 τοὺς

181 5003 377 5066 ἁγίους
400 5003 705 5072 πάσχοντας
725 5047 738 5068 ,
771 5005 863 5056 καὶ
897 5005 1165 5069 ἐπιδόντες
1189 5009 1414 5071 ἐαυτους
1450 5010 1743 5082 προθύμως

179 5097 248 5161 τῇ
306 5095 581 5164 μαρτυρὶα
605 5135 620 5158 ,
671 5098 760 5148 καὶ
795 5096 1021 5166 μάλιστα
1053 5097 1132 5149 ὅτι
1173 5097 1393 5150 ἓὸλεπόν
1421 5117 1571 5163 τινας
1615 5101 1742 5154 ὐπο-

182 5186 545 5255 σσρομένους,
594 5188 713 5240 ἀντὶ
745 5188 856 5250 τοῦ,
877 5188 1266 5258 κλεπτομένους
1285 5229 1299 5252 ,
1345 5191 1739 5261 ἀπατωμένους

177 5278 275 5328 καὶ
321 5278 685 5349 ἀρνουμένους
718 5281 812 5349 τὴν
842 5279 1113 5333 εὐσὲὅειαν
1136 5320 1150 5343 ,
1183 5281 1696 5353 ὐποθερμαινόμενοι
1721 5329 1734 5352 ,

180 5371 298 5436 ἦτοι
346 5371 672 5439 πυρούμενοι
713 5373 808 5442 τὴν
857 5371 1112 5441 καρδίαν,
1144 5372 1399 5425 ἔσπευδον
1435 5376 1735 5428 καταπολε-

187 5460 357 5526 μῆσαι
381 5459 473 5512 τδιν
503 5462 699 5524 αὐτοὺς
722 5462 1055 5532 ὐποσύροντα
1090 5465 1341 5534 πονηρὸν,
1370 5466 1455 5518 ἵνα
1491 5466 1563 5536 μὴ
1598 5485 1734 5519 καυ-

187 5553 369 5618 litat,
402 5552 480 5615 ὡς
508 5555 682 5622 ήττῶν
730 5558 853 5619 τοὺς
899 5557 1142 5620 εὐσεϐεῖς
1167 5573 1180 5587 ’
1227 5560 1273 5609 εξ
1310 5559 1401 5611 καὶ
1449 5559 1732 5614 ἐλάνθανεν

192 5640 364 5697 ιιι-,τὸν
393 5646 604 5712 ἀγνοῶν
623 5687 637 5707 ,
676 5648 753 5699 δτι
797 5648 992 5717 μᾶλλον
1035 5650 1293 5718 ἡττᾶται,
1326 5649 1533 5704 πολλῶν
1572 5653 1730 5723 μέχρι

195 5730 408 5788 θανάτου
443 5737 540 5807 τὴν
572 5737 708 5812 ὑπὲρ
755 5740 848 5810 τῆς
887 5741 1116 5805 πίστεως
1150 5741 1394 5796 ἔνστασιν
1428 5741 1731 5814 ἐνδειξαμέ-

1853 4553 2064 4595 summo
2099 4542 2244 4598 illius
2272 4544 2585 4604 discrimine
2625 4552 3202 4627 vebementissimaque
3243 4559 3404 4615 dimi-

1850 4632 2061 4688 catione
2109 4637 2410 4702 constituti,
2453 4656 2516 4695 ac
2547 4644 2802 4714 martyr-ia
2844 4655 3152 4703 sanctorum
3185 4652 3402 4707 intuen-

1849 4730 1950 4788 tes,
1987 4737 2038 4780 et
2064 4741 2224 4797 quam
2280 4731 2622 4788 vehementer
2666 4735 2730 4790 ad
2761 4738 3106 4808 accipiendas
3146 4742 3400 4797 cmlestes

1847 4831 2076 4874 coronas
2127 4820 2475 4888 festinarent,
2522 4826 2704 4881 divina
2755 4830 3096 4888 aemulatione
3144 4848 3203 4888 se
3251 4834 3400 4904 ipsos

1845 4911 2103 4981 martyrio
2129 4915 2416 4982 tradidere,
2435 4919 2601 4972 multa
2629 4933 2750 4974 cum
2771 4922 3016 4978 libertate
3043 4924 3096 4980 in
3119 4934 3393 4983 certamen

1843 5000 2171 5071 desilientes,
2203 5020 2511 5065 sanctorum
2551 5013 2642 5082 qui
2689 5015 3032 5084 patiebantur
3072 5019 3394 5084 imitatione,

1843 5109 2005 5164 seque
2030 5110 2308 5167 promptos
2338 5101 2401 5155 ad
2432 5103 2587 5158 fidem
2628 5107 2937 5161 testimonio
2967 5110 3391 5166 confirmandam

1840 5189 2104 5254 obtulere,
2144 5200 2255 5246 tum
2286 5195 2356 5248 ob
2387 5194 2437 5248 id
2461 5197 2694 5252 maxime
2718 5199 2843 5268 quia
2876 5201 3076 5256 multos
3107 5212 3392 5257 cernerent

1839 5281 1928 5354 qui
1965 5281 2444 5353 subtrahebantur,
2476 5287 2578 5342 hoc
2629 5297 2711 5344 est
2766 5289 3205 5359 traducebantur,
3241 5294 3389 5351 deci-

1838 5375 2139 5444 piebantur,
2164 5379 2415 5448 pietatem
2465 5382 2750 5451 negabant,
2788 5382 3074 5450 ferventes,
3129 5387 3229 5440 hoc
3281 5395 3383 5451 est,

1836 5467 2107 5523 flammato
2131 5472 2313 5538 corde,
2351 5471 2606 5528 infestum
2635 5475 2766 5544 ipsis
2797 5476 3164 5532 adversarium
3205 5479 3386 5535 debel-

1836 5560 1947 5615 lare
1975 5562 2317 5632 studuerunt,
2352 5580 2420 5620 ne
2459 5565 2618 5620 veluti
2665 5566 2873 5636 piorum
2917 5570 3088 5624 victor
3128 5572 3385 5641 gloriare--

1836 5662 1951 5719 tur;
1987 5658 2241 5725 quamvis
2290 5673 2412 5714 eum
2465 5662 2700 5726 latuerit,
2734 5664 2872 5718 vinci
2921 5679 2978 5721 se
3024 5664 3226 5736 potius,
3259 5682 3382 5721 cum

1840 5747 1990 5800 multi
2025 5745 2090 5802 ad
2120 5756 2346 5807 mortem
2376 5767 2547 5823 usque
2579 5769 2676 5822 pro
2735 5754 2836 5809 [ide
2881 5758 3239 5812 constantiam
3278 5772 3384 5838 prie
