3956 6198
231 230 355 314 5M.

1453 257 1785 315 EPISTOLA
1813 254 2183 315 CANONICA.

3330 251 3436 312 502

230 373 328 429 καὶ
352 371 582 445 διάφορα
601 372 844 444 γραφικά
868 373 961 426 καὶ
992 372 1400 444 παραδείγματα
1431 373 1494 426 ὲκ
1524 371 1630 425 τῶν
1649 373 1786 428 ἀπο-

1896 370 2182 442 Scripturae
2232 367 2474 439 exempla
2528 383 2595 424 ex
2653 364 2878 424 Actibus
2935 365 3303 440 apostolorum
3370 367 3436 423 de

231 463 499 518 στολικῶν
537 463 793 534 Πράξεων
833 465 961 536 περὶ
1008 463 1101 518 τοῦ
1153 463 1419 534 μάκαρίοδ
1487 463 1782 517 ἀποστόλου

236 551 453 607 Παύλου
480 550 569 604 καὶ
593 552 812 623 ἑτέρων.

305 642 546 697 ΖΩΝΛΡ.
606 644 667 695 Ol
721 643 780 697 δὲ
823 646 1110 716 χρήματα,
1161 649 1326 719 φησὶ,
1369 645 1656 711 δεδωκότες
1689 648 1783 701 καὶ

233 734 593 802 ἔκφυγόντες,
632 735 726 788 καὶ
756 735 939 801 αὐτοῖς
968 739 1301 810 τηρήσαντες
1347 739 1442 811 τὴν
1471 739 1746 793 εὐσέϐειαν
1766 777 1780 805 ,

232 823 326 875 οὐκ
352 823 756 896 αἰτιαθήσονται
773 865 787 889 ,
817 828 934 881 οὐδὲ
960 827 1211 901 ἔγκλημά
1237 847 1319 894 τις
1348 830 1589 884 ιπεῦθεν
1620 849 1805 906 προσῇ

227 916 356 984 άψει
387 917 591 981 αὐτοῖς.
622 919 839 973 Εῖλοντο
865 921 972 994 γὰρ
1003 923 1256 994 χρήματα
1285 918 1622 994 ζημιωθῆναι
1641 963 1656 985 ,
1690 923 1784 976 καὶ

227 1006 309 1079 μὴ
343 1007 441 1070 τάς
467 1009 672 1062 ἑαυτῶν
695 1004 890 1080 ψυχὰς,
939 1012 1032 1066 καὶ
1078 1013 1349 1086 ἐφάνησαν
1393 1013 1470 1084 τῷ
1500 1011 1616 1084 Θεῷ
1663 1015 1784 1068 δου-

229 1099 408 1153 λεύειν
445 1099 789 1174 βουλόμενοι,
821 1103 913 1156 καὶ
954 1104 1014 1158 οὐ
1043 1104 1120 1174 τῷ
1162 1107 1470 1176 μαμμωνᾷ,
1515 1106 1631 1176 ’ήτοι
1676 1108 1785 1170 τοῖς

229 1189 496 1260 χρήμασι.
557 1191 832 1264 Ἐπιφέρει
877 1193 933 1245 δὲ
979 1196 1072 1247 καὶ
1115 1196 1332 1266 ῥήματα
1375 1195 1652 1265 γραφικὰ,
1692 1197 1786 1250 καὶ

227 1281 583 1352 παράδειγμα
629 1285 694 1336 ἐκ
752 1283 861 1337 τῶν
893 1284 1146 1356 Πράξεων
1199 1287 1325 1358 περὶ
1369 1286 1461 1340 τοῦ
1519 1286 1786 1357 μακαρίου

229 1371 530 1425 ἀποστόλου
571 1373 782 1427 Παύλου
835 1375 928 1428 καὶ
960 1375 1182 1449 ἑτέρων.
1216 1379 1289 1430 Τὸ
1316 1378 1370 1430 δὲ
1404 1378 1785 1451 ἀνενοχλήτους

227 1463 484 1532 γενέσθαι
511 1465 620 1519 ἀπὸ
644 1467 823 1537 πάσης
853 1469 1078 1534 κακίας,
1120 1469 1154 1540 ἢ
1184 1471 1245 1523 τὸ
1286 1471 1359 1542 μὴ
1383 1471 1672 1544 ὀχληθῆναι
1706 1475 1786 1537 εἰς

228 1554 463 1626 ἄρνησιν
493 1557 591 1627 τῆς
620 1556 898 1623 εὐσεϐείας
949 1561 1133 1624 ἐστὶν,
1183 1563 1326 1633 ἤπερ
1371 1565 1548 1616 πᾶσαν
1592 1564 1786 1617 κακίαν

229 1645 393 1714 νικᾷ,
441 1645 474 1716 ἢ
509 1645 705 1712 κακίας
735 1648 833 1714 τάς
864 1650 1135 1716 κακώσεις
1171 1652 1418 1723 ὠνόμασε
1450 1653 1546 1717 τὰς
1577 1655 1640 1706 ὲκ
1680 1653 1785 1708 τῶν

229 1733 528 1788 κολάσεων.

826 1833 1063 1888 ΚΑΝΩΝ
1100 1835 1198 1890 Il".

303 1935 328 1968 s
373 1917 536 1972 Ὅθεν
559 1920 679 1975 οὐδὲ
709 1925 822 1987 τοῖς
875 1926 1226 1996 καταλείψασι
1253 1929 1426 1984 πάντα
1455 1928 1541 1983 διΞι
1569 1930 1667 2001 τὴν
1690 1930 1788 2000 τῆς

229 2024 251 2056 ι
298 2007 480 2078 ψυχῆς
505 2012 774 2082 σωτηρίαν
794 2014 884 2067 καὶ
909 2015 1318 2088 ἀναχωρήσασιν
1342 2017 1488 2072 ἐστιν
1518 2021 1785 2090 ἐγκαλεῖν,

229 2116 251 2148 ι
300 2096 378 2160 ὡς
409 2099 475 2152 ἂν
506 2101 704 2173 ἑτέρων
743 2103 809 2157 δι’
837 2105 1030 2171 αὐτοὺς
1059 2110 1516 2179 κατασχεθέντων.
1548 2113 1656 2166 Καὶ
1681 2115 1788 2186 γὰρ

229 2208 251 2240 ι
303 2190 398 2243 καὶ
454 2193 513 2245 ἑν
563 2195 628 2264 τῇ
683 2195 890 2268 Ἐφέσῳ
935 2197 1056 2252 ἀντὶ
1119 2200 1330 2254 Παύλου
1347 2203 1394 2234 ⁸³
1445 2205 1789 2276 συνήρπασαν

232 2299 253 2332 ι
305 2280 470 2336 Γάϊον
513 2285 593 2348 είς
638 2285 698 2338 τὸ
727 2285 950 2359 θέατρον
983 2289 1076 2342 καὶ
1113 2291 1495 2364 Ἀρίσταρχον,
1532 2297 1787 2369 συνεκδή-

231 2391 254 2424 ‹
308 2391 442 2445 μους
452 2375 682 2441 Παύλου,
704 2375 1022 2450 βουλομένου
1041 2380 1109 2412 ³³⁸
1123 2381 1380 2438 εἰσελθεῖν
1399 2385 1476 2448 είς
1497 2385 1586 2439 τὸν
1599 2386 1784 2459 δῆμον·

232 2483 253 2514 σ
305 2466 429 2519 ἐπεὶ
457 2467 551 2520 καὶ
572 2467 638 2520 δι’
667 2469 828 2522 αὑτὸν
853 2469 1111 2526 πείσαντα
1139 2474 1232 2527 καὶ
1261 2478 1670 2550 μεταστήσαντα
1694 2498 1788 2534 πο-

232 2573 256 2607 ι
304 2554 401 2609 λὺν
446 2557 736 2628 ὄχλον“’ὲπὶ
771 2563 869 2634 τήν
899 2563 1200 2620 θεοσέϐειαν
1252 2569 1286 2638 ή
1323 2569 1507 2632 στάσις
1535 2566 1602 2641 ἦν
1644 2589 1791 2640 γενο-

234 2665 256 2696 σ
306 2646 443 2718 μέν-η
459 2649 752 2707 ⁸³⁸·.⁸⁸ωὺκ
775 2654 912 2708 εἴων
938 2657 1123 2711 αὐτὸν
1139 2659 1476 2728 οἱμαθηταὶ,
1497 2663 1678 2732 φησίν.
1715 2663 1787 2716 Οὐ

236 2754 260 2786 ο
309 2736 418 2808 μὴν
451 2737 586 2793 ἀλλά
615 2741 708 2794 καί
739 2759 880 2807 τινες
922 2744 1029 2799 τῶν
1064 2747 1359 2820 Ἀσιαρχῶν
1393 2749 1542 2815 ὅντες
1587 2751 1789 2822 αὐτῷ’⁵⁸

236 2848 259 2879 ς
307 2831 472 2898 φίλοι,
499 2833 810 2904 πέμψαντες
837 2839 969 2909 πρὸς
996 2840 1176 2905 αὐτὸν,
1212 2841 1548 2914 παρεκάλουν
1572 2844 1645 2916 μὴ
1667 2845 1782 2899 δοῦ-

237 2938 262 2969 ‹
307 2938 397 2974 ναι
428 2922 617 2978 ἑαυτὸν
663 2928 740 2990 είς
769 2928 829 2981 τὸ
869 2929 1112 3000 θέατρον.
1150 2931 1212 2985 El
1233 2932 1290 2985 δὲ
1321 2933 1624 3004 ὲπιμένοιέν
1651 2953 1790 3000 τινες

235 3031 260 3062 ι
309 3014 720 3084 ὲρεσχελοῦντες
747 3022 857 3083 τοῖς
889 3021 1192 3093 είλικρινῶς
1224 3023 1545 3094 προσέχουσι
1585 3026 1662 3097 τῷ
1702 3027 1788 3082 λέ-

245 3120 264 3152 σ
312 3107 521 3170 Tom"
547 3106 680 3177 (Η),
709 3109 910 3170 Σώζων
937 3111 1084 3172 σῶζε
1113 3111 1227 3182 τὴν
1259 3115 1515 3170 σεαυτοῦ
1559 3118 1788 3188 ψυχὴν,

241 3213 261 3246 ι
312 3197 413 3250 καὶ
444 3199 512 3230 ⁸⁵·
540 3199 626 3268 μὴ
665 3201 1026 3273 περιϐλέψῃς
1058 3205 1147 3236 ⁸⁶⁶⁶
1175 3207 1262 3272 είς
1291 3207 1363 3261 τὰ
1395 3207 1606 3276 ὀπίσω,
1634 3227 1636 3229 ’
1664 3211 1794 3264 ὐπο-

237 3305 262 3339 s
305 3304 414 3359 μνη
423 3288 698 3360 σθήτωσαν
714 3294 804 3346 καὶ
815 3295 942 3362 περὶ
953 3295 1046 3349 τοῦ
1064 3296 1172 3368 (12)
1189 3299 1603 3370 προκρίτου.τῶν
1657 3304 1793 3360 ἀπο-

243 3397 261 3429 ι
312 3379 518 3435 στόλων
529 3381 1144 3458 Πέτρου,,ϐεϐληιιένου
1160 3405 1225 3444 τε
1245 3390 1360 3460 ἤδη
1377 3395 1463 3459 είς
1473 3393 1756 3464 φυλακὴν
1777 3435 1792 3460 ,

239 3491 263 3524 ι
313 3472 418 3526 καὶ
439 3479 870 3547 παραδοθέντος
895 3479 1166 3552 τέτταρσι
1195 3486 1516 3556 τετραδίοις
1536 3490 1581 3521 ⁸⁷
1615 3505 1793 3558 στρα-

239 3582 259 3613 ι
311 3565 552 3630 τιωτῶν,
585 3569 925 3636 φυλάσσειν
948 3575 1151 3628 αὐτόν.
1175 3568 1248 3628 Οὗ
1271 3578 1328 3630 ὲν
1360 3579 1512 3632 νυκτὶ
1539 3579 1795 3648 φυγόντος

235 3673 257 3705 ε
310 3655 404 3707 καὶ
438 3657 500 3708 ὲκ
527 3660 705 3730 χειρὸς
737 3661 1019 3731 ρυσθέντος
1056 3665 1161 3719 τῶν
1204 3667 1464 3722 Ἰουδαίων
1497 3672 1615 3723 κατ’
1653 3672 1796 3724 ἐντο-

239 3763 260 3794 ι
310 3744 412 3816 λὴν
444 3748 674 3816 ἀγγέλου
697 3791 711 3814 ,
746 3752 877 3822 φησὶ
898 3793 912 3818 ,
952 3755 1155 3826 Κυρίου
1174 3795 1189 3819 ,
1221 3758 1544 3828 γενομένης
1574 3759 1795 3828 ἡμέρας

241 3853 261 3884 σ
314 3831 395 3905 ἦν
419 3836 674 3906 τάραχος
702 3843 812 3895 οὐκ
838 3844 1038 3913 ὀλίγος
1061 3847 1131 3899 ἐν
1159 3847 1281 3913 τοῖς
1307 3847 1707 3918 στρατιώταις,
1741 3852 1798 3904 τί

249 3945 269 3976 ι
322 3925 440 3994 ἄρα
464 3931 497 3982 ό
524 3930 742 3999 Πέτρος
772 3931 1024 4002 ἐγένετο.
1060 3936 1310 4006 Ἡρώδης
1332 3938 1419 4003 δὲ,
1443 3937 1796 4008 ἐπιζητήσας

242 4036 267 4070 ς
318 4021 508 4073 αὑτὸν
531 4023 626 4076 καὶ
649 4023 733 4093 μὴ
755 4027 962 4093 εὑρὼν,
987 4029 1310 4098 ἀνακρίνας
1338 4030 1478 4098 τοὺς
1502 4033 1794 4100 φύλακας,

243 4135 264 4165 ι
312 4114 640 4171 ἐκέλευσεν
699 4119 1072 4190 ἀπατχθῆναι
1125 4123 1267 4195 (15),
1329 4124 1396 4176 δι’
1441 4123 1535 4188 οὓς
1573 4125 1798 4197 οὐδεμία

241 4226 267 4259 ς
315 4207 468 4260 αἰτία
488 4209 566 4280 τῷ
584 4209 771 4282 Πέτρῳ
793 4213 1194 4284 προσάτιεσιτείιιαι.¹
1215 4215 1370 4286 Ἐξῆν
1418 4216 1524 4288 γὰρ
1543 4257 1558 4280 ,
1593 4218 1686 4270 καὶ
1709 4219 1798 4272 αύ-

243 4318 265 4350 c
312 4300 442 4362 τοὺς
471 4301 778 4372 ἑωρακότας
808 4305 867 4357 τὸ
897 4306 1174 4376 γινόμενον
1204 4308 1270 4369 ⁸⁸,
1295 4309 1570 4376 ἐκφυγεῖν,
1603 4309 1678 4373 ὡς
1706 4310 1800 4362 καὶ

1891 463 2047 518 beato
2071 459 2242 516 Paulo
2269 459 2514 532 apostolo
2539 467 2591 514 et
2619 457 2758 513 aliis.

1959 639 2164 695 Zousn.
2201 637 2303 704 Qui
2362 652 2513 702 vero,
2541 635 2737 707 inquit,
2791 637 3073 707 pecuniam
3127 647 3436 709 erogarunt,

1871 717 2061 803 'eoque
2087 729 2284 800 effugio
2317 728 2569 800 pietatem
2604 733 3015 792 conservarunt,
3051 742 3158 783 non
3195 735 3323 785 sunt
3348 743 3439 785 re-

1889 820 2292 893 prehendendi,‘
2313 834 2414 876 nec
2444 820 2514 876 ob
2541 834 2659 874 eam
2694 834 2805 874 rem
2837 817 2959 873 illos
2987 818 3235 888 quisnam
3279 834 3439 875 accu-

1890 921 1994 969 set.
2048 911 2354 968 Maluerunt
2403 925 2635 981 namque
2682 911 2959 980 pecunias,
2990 926 3152 981 quam
3197 911 3438 981 ipsorum

1889 1005 2100 1060 animas
2117 1004 2362 1075 perdere,
2383 1002 2842 1072 ostenderuntque
2876 1016 2934 1057 se
2962 1001 3071 1056 Deo
3101 1003 3302 1058 servire
3325 1005 3439 1060 vel-

1889 1098 1959 1162 le,
1989 1111 2100 1152 non
2125 1109 2468 1159 mammonae,
2501 1094 2601 1148 hoc
2625 1100 2709 1148 est
2737 1092 2958 1148 divitiis.
3006 1091 3218 1149 Profert
3261 1104 3439 1151 autem

1889 1196 1944 1242 et
1994 1185 2287 1258 Scriptum
2321 1184 2506 1248 verba,
2562 1190 2675 1237 tum
2730 1178 2796 1237 ex
2845 1182 2996 1237 Actis
3049 1186 3436 1254 apostolorum,

1889 1279 2034 1334 beati
2058 1277 2209 1332 Pauli
2243 1287 2296 1333 et
2323 1277 2552 1331 aliorum
2586 1273 2850 1345 exempla.
2880 1272 3034 1340 Quod
3063 1291 3189 1331 vero
3216 1277 3434 1344 dicitur,

1889 1369 2308 1440 imperturbatos
2341 1367 2510 1424 fuisse
2543 1367 2611 1422 ab
2649 1367 2794 1421 omni
2843 1366 3209 1434 improbitate,
3241 1370 3320 1424 sic
3350 1386 3442 1426 ao-

1891 1463 2199 1534 eipiendum
2229 1469 2334 1527 est,
2379 1469 2474 1517 aut
2510 1460 2927 1532 imperturbatos
2969 1459 3158 1528 fuisse,
3196 1463 3338 1532 quod
3373 1463 3440 1518 ad

1890 1555 2108 1625 pietatis
2157 1555 2564 1625 abnegationem
2613 1553 2806 1609 attinet
2837 1568 2957 1623 quae
3008 1553 3316 1610 universam
3350 1571 3442 1611 su-

1891 1656 2044 1718 perat
2074 1646 2493 1718 improbitatem,
2533 1646 2614 1701 vel
2646 1645 2842 1710 κακίας
2866 1647 3178 1702 vexationes
3203 1655 3440 1703 tormen-

1819 1733 1866 1794 Β
1893 1745 2068 1792 torum
2101 1738 2418 1792 nominavit.

2462 1826 2691 1884 CANON
2729 1826 2865 1885 XIII.

1965 1940 1982 1972 ι
2033 1919 2186 1976 Unde
2230 1935 2331 1975 nec
2377 1934 2472 1975 eos
2513 1919 2604 1990 qui
2655 1921 2836 1975 omnia
2864 1921 3197 1991 reliquerunt
3224 1931 3441 1992 propter

1895 2031 1912 2062 ι
1959 2013 2186 2068 salutem
2231 2011 2425 2066 anima:
2481 2019 2534 2066 ct
2585 2021 2957 2078 secesserunt,
3004 2013 3129 2068 licet
3183 2027 3441 2070 accusare

1896 2124 1913 2155 ι
1961 2112 2216 2175 tanquam
2267 2105 2390 2159 aliis
2433 2113 2651 2174 propter
2700 2103 2846 2173 ipsos
2895 2103 3150 2159 detentis.
3200 2103 3332 2157 Nam
3385 2112 3440 2159 et

1895 2215 1913 2248 ι
1960 2195 2154 2266 Ephesi
2185 2209 2283 2266 pro
2302 2193 2471 2250 Paulo
2497 2192 2688 2266 Gajum
2723 2203 2778 2251 et
2806 2193 3180 2250 Aristarchum
3209 2195 3262 2250 in
3297 2195 3443 2250 thea-

1895 2307 1912 2339 ι
1962 2295 2046 2342 tro
2069 2282 2636 2358 comprehenderunt,
2665 2301 2769 2341 una
2818 2301 2940 2342 cum
2990 2285 3159 2341 Paulo
3203 2289 3442 2358 pcregri-

1895 2397 1913 2432 ι
1955 2387 2146 2435 nantes
2163 2380 2318 2450 ‘,qui
2347 2379 2558 2434 volebat
2591 2379 2655 2433 ad
2685 2379 2936 2449 populum
2967 2379 3152 2433 adire:
3183 2379 3439 2450 quoniam

1896 2490 1911 2521 ι
1959 2474 2378 2544 propter'ipsum
2409 2471 2500 2543 qui
2525 2479 2887 2542 persuaserat,
2905 2479 2957 2526 et
2984 2471 3206 2524 multam
3228 2470 3439 2525 turbam

1895 2585 1913 2617 ι
1959 2565 2024 2620 ad
2054 2563 2146 2620 Dei
2183 2566 2390 2620 cultum
2437 2550 2782 2629 traduxerat,
2814 2562 3007 2618 seditio
3054 2561 3196 2616 facta
3241 2561 3438 2615 fuerat.

1895 2678 1912 2710 ι
1959 2657 2079 2712 Non
2106 2658 2365 2713 sciuerunt
2391 2673 2529 2721 eum,
2580 2656 2778 2726 inquit,
2810 2654 3072 2723 discipuli.
3109 2652 3250 2728 Quin
3277 2652 3441 2708 etiam

1895 2770 1914 2803 ι
1959 2741 2205 2805 nonnulli
2227 2765 2292 2805 ex
2319 2747 2600 2804 Asiarchis
2644 2749 2738 2819 qui
2778 2745 2826 2802 el
2872 2752 3028 2802 erant
3059 2746 3241 2810 amici,
3279 2746 3442 2802 mise-

1895 2862 1913 2895 ι
1954 2851 2083 2898 runt
2113 2842 2178 2897 ad
2207 2856 2330 2897 eum
2353 2849 2407 2897 et
2434 2847 2748 2904 suaserunt,
2772 2855 2838 2895 ne
2864 2855 2922 2896 se
2943 2839 3155 2896 theatro
3179 2838 3348 2896 daret.
3381 2837 3440 2893 Si

1896 2955 1913 2986 ι
1957 2937 2049 3006 qui
2091 2943 2270 2990 autem
2315 2949 2438 2989 cum
2487 2933 2555 2990 iis
2591 2932 2916 2990 contendere
2948 2931 3304 3002 perrexerint,
3346 2934 3442 3002 qui

1897 3047 1915 3079 ι
1961 3028 2197 3104 animum
2232 3029 2503 3085 sincerum
2534 3028 2582 3083 ei
2627 3015 2903 3104 adhibent,
2932 3025 3022 3096 qui
3042 3025 3221 3080 dicith
3256 3041 3270 3079 :
3303 3023 3445 3079 Dili-

1899 3137 1916 3169 ι
1959 3129 2136 3190 genter
2171 3137 2316 3174 serva
2340 3121 2570 3175 animam
2611 3103 2774 3182 tuam,
2799 3127 2847 3172 et
2888 3134 2948 3172 ue
2987 3126 3126 3173 retro
3156 3119 3441 3186 aspexeris.

1900 3228 1917 3260 ι
1963 3207 2158 3265 Petrus
2179 3225 2394 3281 quoque
2424 3198 2788 3279 apostolorum
2822 3209 3074 3278 princeps
3105 3207 3187 3264 eis
3217 3208 3272 3262 in
3295 3224 3444 3263 men-

1901 3319 1919 3352 ι
1966 3308 2072 3356 tem
2104 3309 2406 3366 revocetur,
2447 3302 2539 3373 qui
2574 3293 2773 3370 jam'in
2797 3299 3087 3354 custodiam
3133 3307 3250 3354 erat
3317 3311 3439 3351 con-

1902 3409 1920 3441 ι
1955 3391 2150 3460 jectus,
2185 3399 2234 3446 et
2261 3390 2486 3445 traditus
2518 3381 2741 3461 quatuor
2760 3389 3186 3460 quaternionibus
3216 3390 3443 3444 militum

1901 3499 1918 3532 ι
1966 3482 2033 3536 ad
2059 3499 2177 3536 eum
2205 3482 2515 3537 servandum
2543 3484 2606 3532 ει
2628 3467 2737 3553 ’(ιυί
2768 3495 2890 3535 cum
2924 3489 3086 3536 noctu
3115 3480 3362 3551 fugisset,
3393 3489 3447 3537 ct

1901 3593 1918 3625 ι
1964 3590 2030 3629 ex
2064 3573 2372 3630 Iudaeorum
2403 3589 2565 3628 manu
2613 3581 2860 3628 servatus
2887 3579 3053 3637 esset,
3080 3572 3236 3642 jussu
3271 3574 3441 3642 angeli

1901 3682 1919 3714 ι
1960 3661 2212 3718 Domini:
2247 3661 2436 3726 Facto,
2473 3663 2667 3734 inquit,
2709 3665 2946 3717 die-erat
2991 3677 3092 3714 non
3134 3676 3323 3729 parvus
3365 3671 3448 3712 tu-

1902 3773 1919 3805 ι
1967 3755 2163 3809 multus
2196 3756 2329 3809 inter
2355 3755 2566 3820 milites,
2602 3755 2850 3825 quidnam
2881 3753 3078 3823 factum
3102 3761 3233 3807 esset
3267 3751 3442 3807 Petro.

1902 3865 1918 3896 ι
1966 3829 2198 3900 Herodes
2233 3855 2406 3898 autem
2426 3860 2541 3898 cum
2573 3860 2688 3898 eum
2721 3843 3066 3913 quwsivisset,
3094 3850 3143 3896 et
3179 3857 3282 3895 non
3311 3841 3446 3895 inve-

1901 3955 1919 3988 ι
1957 3939 2503 4007 nisset,interrogatos
2527 3933 2765 3990 custodes
2781 3934 2946 4004 jussit
2971 3932 3224 4001 suﬂ‘ocari
3245 3930 3298 3996 δ,
3328 3945 3450 4001 pro-

1902 4047 1919 4078 ι
1963 4038 2082 4099 pter
2103 4045 2242 4099 quos
2271 4030 2417 4083 nulla
2442 4028 2600 4098 culpa
2635 4027 2690 4082 in
2720 4026 2936 4083 Petrum
2961 4023 3239 4080 confertur
3273 4044 3284 4078 :
3319 4025 3449 4078 lice-

1901 4141 1918 4172 ι
1964 4123 2056 4177 bat
2083 4122 2228 4192 enim
2258 4123 2336 4190 eis
2359 4121 2452 4176 illo
2487 4121 2606 4175 viso
2642 4119 2787 4190 quod
2819 4117 3019 4173 factum
3055 4117 3228 4172 fuerat
3255 4116 3448 4187 effuge-

1903 4231 1920 4264 ‹
1966 4229 2063 4277 re;
2095 4212 2235 4270 sicut
2263 4221 2536 4269 et-omnes
2577 4210 2812 4266 infantes
2840 4209 2932 4280 qui
2962 4209 3199 4265 erantin
3237 4207 3448 4264 Bethle-

1903 4323 1920 4356 ι
1968 4306 2089 4362 hem
2115 4316 2138 4346 ο
2165 4315 2217 4361 et
2244 4306 2298 4360 in
2343 4304 2598 4361 omnibus
2647 4303 2766 4374 ejus
2806 4302 3024 4368 finibus,
3060 4302 3108 4358 si
3161 4301 3448 4358 scivisscnt

246 4409 268 4440 c
316 4392 496 4444 πάντα
525 4392 594 4446 τὰ
628 4393 812 4448 παιδία
843 4395 908 4448 τὰ
946 4397 1004 4448 ὲν
1042 4395 1287 4467 Βηθλεὲμ
1319 4398 1410 4450 καὶ
1439 4399 1497 4450 ἐν
1525 4401 1658 4452 πᾶσι
1690 4403 1790 4463 τοῖς

1906 4416 1923 4448 ι
1969 4410 2156 4451 eorum
2187 4405 2440 4466 parentes
2483 4394 2625 4465 quod
2657 4402 2773 4449 erat
2825 4391 3064 4448 futurum
3101 4411 3113 4446 :
3150 4391 3243 4463 qui
3273 4405 3304 4444 a
3331 4405 3451 4444 cru-

248 4499 269 4530 σ
312 4482 484 4553 ὁρίοις
527 4483 728 4556 αὐτῆς,
777 4488 824 4539 εί
859 4486 1185 4554 ὲγνὼκεισαν
1221 4488 1270 4540 οἱ
1310 4493 1483 4558 γονεῖς
1529 4491 1702 4545 αὐτῶν
1738 4491 1790 4544 τὸ

1907 4505 1924 4537 ι
1971 4485 2076 4541 deli
2099 4485 2368 4541 homicida
2399 4483 2610 4541 Herode
2629 4485 2828 4544 sublati
2851 4492 2997 4549 sunt,
3025 4489 3083 4537 ut
3101 4495 3242 4535 unus
3264 4479 3357 4551 qui
3382 4477 3451 4532 ab

243 4587 268 4621 ς
316 4571 510 4642 μέλλον
542 4574 755 4630 ἔσεσθαι
773 4595 787 4608 ·
821 4578 960 4651 ἅπερ
984 4579 1320 4650 ἀνῃρέθησαν
1347 4580 1449 4634 ὑπὸ
1467 4581 1556 4634 τοῦ
1583 4583 1799 4652 μιαιφό-

250 4679 269 4710 ι
315 4678 410 4714 νου
433 4662 666 4735 Ἡρώδου
683 4665 770 4718 διὰ
784 4665 844 4719 τὸ
858 4667 945 4719 ὑπ’
962 4668 1122 4722 αὐτοῦ
1156 4667 1480 4739 ζητούμενον
1505 4669 1796 4724 ἀπολέσθαι

244 4772 265 4803 ι
312 4753 380 4807 ιν
409 4756 634 4820 παιδίον,
660 4759 794 4829 ὅπερ
819 4759 913 4840 ,καὶ
941 4760 1072 4813 αὐτὸ
1092 4763 1208 4813 κατ’
1234 4761 1450 4833 ἐντολὴν
1478 4760 1702 4830 ἀγγέλου
1725 4763 1792 4794 ⁸⁸⁸

316 4903 345 4932 ι
378 4892 498 4946 Λα.
533 4909 646 4956 ιιι,
677 4893 860 4948 26-50.
938 4892 1110 4948 hGen.
1137 4912 1248 4959 ιιι,
1284 4896 1370 4950 I7.

1449 4908 1470 4936 ε
1505 4897 1734 4960 Αεωιιι,
1766 4897 1818 4950 ιι.
1893 4895 1918 4934 ἀ
1945 4896 2073 4951 ibid.
2109 4897 2193 4963 18,
2230 4897 2314 4953 19.

1906 4596 1924 4628 ι
1974 4591 2038 4632 eo
2068 4578 2411 4648 quaerebatur
2454 4576 2632 4632 infans
2681 4577 2901 4648 periret,
2929 4574 3100 4645 quiet
3137 4573 3253 4643 ipse
3290 4571 3449 4642 jussu

1905 4689 1923 4720 ι
1970 4670 2143 4741 angeli
2173 4668 2264 4726 Dei
2299 4669 2501 4742 effugit,
2531 4669 2623 4740 qui
2651 4667 3026 4738 celeriterjam
3058 4669 3299 4736 cmperat
3324 4675 3450 4734 spo-

1909 4781 1925 4812 ι
1972 4763 2046 4815 lia
2102 4763 2370 4832 accipere,
2399 4770 2452 4818 et
2496 4763 2694 4816 acriter
2740 4774 3094 4832 praepasccre,
3150 4753 3446 4814 secundum

2388 4910 2410 4937 ο
2443 4896 2637 4954 Matth.
2669 4914 2730 4962 II,
2757 4898 3009 4960 IIS—16.

1503 5010 1734 5070 VARIE
1766 5011 2161 5070 LECTIONES.

319 5127 368 5158 ⁸³
396 5126 556 5178 πάλιν
601 5126 726 5180 add.
800 5127 870 5158 ³³⁹
902 5127 1107 5181 Παύλου
1135 5130 1194 5182 οὑ

242 5212 363 5250 oin.
446 5198 530 5227 ““
565 5196 884 5270 περιϐλέψῃ.
947 5199 991 5230 ⁸⁷
1019 5196 1340 5270 τετραδύοις.

323 5309 437 5378 (Η)
464 5310 832 5386 Πρρσέχουσι
856 5311 935 5378 τῷ
955 5312 1207 5386 λέγοντι.
1225 5311 1303 5368 Id.
1324 5311 1444 5386 cod.
1471 5327 1596 5378 ms.,
1631 5332 1797 5386 προσ-

245 5379 586 5451 ῃουσιητῷ
629 5380 833 5448 λέγοντι
884 5379 1281 5451 πεισθήτωσανυ
1329 5382 1542 5448 Σώζων,
1578 5401 1633 5439 κ.
1664 5379 1714 5438 τ.
1745 5384 1792 5443 λ.

299 5448 441 5504 ecte.
478 5448 567 5522 Sic
599 5451 741 5504 enim
770 5448 1273 5522 legendum'suadet
1301 5467 1424 5507 mox
1457 5453 1797 5522 subsequens

247 5519 764 5594 ὑπομνησθήτωσαντ
795 5519 931 5594 Huic
970 5523 1212 5594 geminus
1260 5522 1412 5580 locus
1451 5519 1799 5579 exsul—infra

250 5593 351 5644 sub
379 5589 538 5642 finem
559 5589 798 5645 canonis
820 5591 906 5644 Η.

322 5659 438 5730 (12)
469 5658 574 5712 Καί
609 5661 735 5728 περὶ
775 5661 895 5718 τοῦ.
949 5659 1108 5726 Deest
1157 5661 1464 5736 praepositio
1518 5663 1572 5724 in
1613 5665 1799 5720 eodem

1228 5129 1376 5202 βουλ.
1423 5129 1524 5202 ff“
1556 5131 1829 5202 γινομένη.

1902 5131 1946 5162 ⁵⁸
1971 5133 2062 5185 καί
2103 5133 2225 5186 add.
2305 5133 2350 5164 "
2383 5132 2563 5188 αὑτοῦ.
2643 5130 2687 5162 ³⁸
2715 5131 2792 5201 τῷ
2828 5130 3034 5196 λέγοντι
3061 5143 3173 5185 om.
3259 5127 3326 5161 “‘
3358 5124 3453 5182 καί

1419 5199 1465 5231 u
1487 5199 1807 5271 γενόμενον(
1858 5202 1925 5233 ⁸⁸·
1959 5201 2185 5270 ἀγγέλου
2217 5202 2383 5258 deest.

1901 5328 2001 5393 ms.
2036 5313 2726 5403 Ubipaulonpos‘t‘legitur,
2758 5317 2849 5400 καὶ
2879 5313 3452 5403 ῥιζσθέντοςβὲκιχειρὸέ

1901 5383 1991 5436 τοῦ
2037 5381 2299 5453 φονώδους
2334 5381 2684 5455 Ἠρὼδουᾏιαὶ
2702 5381 2992 5457 πάσηςτῆς
3011 5381 3333 5455 προσδοκίας
3356 5381 3451 5439 τοῦ

1901 5453 2027 5506 λαοῦ
2050 5455 2156 5507 τῶν
2199 5453 2481 5516 Ἰουδαίων,
2509 5456 2626 5506 κατ’
2653 5454 2843 5516 sum)“,
2884 5463 2943 5508 ut
2986 5457 3214 5506 habetur
3241 5453 3295 5506 in
3325 5459 3448 5511 Aci.
3481 5488 3486 5494 υ

1901 5526 2537 5666 ειϊίέἶιἊπαγχθῆνςμ,
2593 5593 2667 5648 Id.
2703 5610 2826 5660 ius.
2875 5595 3202 5649 ἀποκτεῖναι.
3247 5594 3452 5659 Tcxtus

1902 5663 2016 5722 Act.
2055 5663 2148 5733 till,
2191 5663 2286 5733 l9,—
2307 5663 2636 5739 ἀπαχθῆναι.
