3906 6194
728 179 831 235 sos
1013 141 1016 144 λ
1746 181 1802 234 s.
1840 177 2040 235 parm
2081 173 2538 232 ALEXANDRIN!
2576 171 2877 228 EPISCOPI

731 315 754 350 ι
799 295 1210 368 appellationem
1241 294 1495 360 nominis,
1525 293 1971 366 quemadmodum
2001 294 2258 364 scriptum

2097 294 2258 364 iptum
2290 301 2335 359 Α
2365 308 2386 341 c
2427 289 2624 360 Κυρίου
2663 287 2917 358 ἐξέφυγεν
2952 285 3082 358 (ιι),
3113 287 3204 358 ήδη
3244 287 3482 359 ἀρξάμενον
3518 294 3639 362 ταχέα

733 406 754 440 σ
796 395 878 444 est
906 400 933 430 ι
969 407 982 442 :
1022 387 1159 440 Voca
1193 401 1374 439 nomen
1401 387 1536 456 ejus,
1558 387 1791 440 celeriter
1811 385 1997 456 spolia,
2032 383 2268 440 velociter

2097 383 2268 440 lociter
2373 401 2391 433 ι
2438 380 2711 434 σκυλεύειν
2746 381 2838 432 καὶ
2875 378 3037 444 ὀξέως
3069 379 3378 449 προνομεύειν
3398 419 3409 441 ,
3429 381 3540 434 κατὰ
3569 385 3639 451 τὴν

733 499 750 528 ‹
797 477 1129 547 depopulare,
1157 492 1215 530 eo
1235 475 1370 546 quod
1395 479 1696 546 priusquam
1718 476 1892 545 infans
1919 477 2054 530 sciat
2087 489 2267 529 vocare

2097 489 2267 529 vocare
2373 490 2390 520 ι
2438 469 2625 540 κλησιν
2651 468 2743 521 τοῦ
2777 469 3053 539 ὀνόματος,
3079 465 3244 528 καθὼς
3270 466 3537 537 γέγραπταιο
3555 470 3639 523 Κὰλ

733 586 748 618 ι
795 577 994 636 patrem
1040 577 1086 620 et
1119 577 1356 631 matrem,
1383 569 1548 635 capiet
1577 576 1883 636 potestatem
1933 565 2177 620 Damasci
2217 577 2265 618 et

2097 565 2177 620 :sci
2217 577 2265 618 et
2373 578 2391 612 ι
2437 559 2502 612 τὸ
2550 559 2733 626 ὄνομα
2777 557 2992 621 αὑτοῦ,
3035 554 3247 624 ταχέως
3293 557 3596 621 σκύλευσογ,
3631 578 3639 612 ‹

669 658 685 692 ί
731 678 749 710 ι
795 657 966 727 spolia
1024 655 1305 722 Samaria,
1343 674 1520 712 coram
1566 674 1680 728 rege
1719 658 2077 728 Assyriorum.
2130 655 2211 709 Ma

2130 655 2266 724 Magi
2371 672 2390 706 ι
2436 649 3575 721 προνόμευσονβιότιπρὶνἣ⁸⁸·⁶⁶τνῶναιτὸ
3594 667 3639 702 at

731 768 750 800 c
796 764 925 819 ergo
954 757 1011 803 ut
1051 747 1161 819 jam
1202 748 1414 818 spoliati
1467 755 1519 801 et
1564 747 1979 817 praedationibus
2028 744 2267 800 intestati

2097 744 2267 800 iestati
2373 762 2392 796 ι
2435 743 2642 798 καλεῖν
2667 741 2885 809 πατέρα
2910 741 2947 808 ἢ
2976 741 3217 810 μητέρα,
3243 738 3461 807 λήψεται
3481 740 3639 808 cura,“

733 859 750 890 ‹
797 839 1057 895 infantem
1101 839 1376 894 humiliter
1411 848 1465 893 et
1507 839 1820 908 suppliciter
1866 838 2116 902 adorant,
2157 837 2270 892 the-

2083 846 2116 902 ι,
2157 837 2270 892 tbe-
2372 857 2390 889 ι
2425 836 2686 906 μασκοῦ,
2710 835 2806 888 καὶ
2840 835 2912 888 τὰ
2939 834 3138 888 σκῦλα
3161 833 3447 902 Σαμαρείας
3471 833 3625 886 ἔναντι

732 949 747 979 ι
797 943 990 984 sauros
1019 943 1148 984 suos
1186 929 1513 1000 aperientes,
1543 938 1596 984 et
1627 931 1676 984 ei
1717 929 2004 992 oll'erentes
2036 929 2267 983 maxime

2096 929 2267 983 axime
2371 946 2390 978 ι
2433 927 2582 993 λέως
2630 927 2964 994 Ἀσσυρίων.
2999 928 3062 978 Οἱ
3091 924 3216 993 γοῦν
3244 925 3401 995 μάγοι,
3428 923 3490 985 ὡς
3509 921 3594 994 ήδη
3616 940 3638 975 ε

731 1041 748 1072 ι
796 1030 1097 1092 opportuna
1125 1030 1179 1078 et
1209 1021 1491 1091 magniﬁca
1521 1023 1681 1084 dona,
1718 1037 1908 1077 aurum
1944 1029 1997 1077 et
2039 1021 2165 1076 thus
2214 1029 2267 1075 et

2079 1037 2165 1076 tus
2214 1029 2267 1075 et
2373 1040 2391 1073 ι
2437 1021 2614 1084 θέντες
2647 1020 2739 1074 καὶ
2764 1013 3621 1089 προνομευθέντες,ὑποτεταγμένως

734 1133 749 1163 σ
799 1113 1070 1185 myrrham
1091 1113 1140 1174 ι),
1173 1119 1231 1167 ut
1263 1113 1372 1182 regi
1415 1122 1464 1167 et
1510 1111 1616 1168 Deo
1650 1121 1705 1168 et
1735 1113 1936 1168 homini
1971 1113 2154 1168 :unde
2200 1111 2268 1166 ad

2092 1113 2154 1167 de
2200 1111 2268 1166 ad
2371 1131 2390 1166 ι
2439 1111 2680 1183 μητικῶς
2730 1108 3086 1181 προσκυνοῦσι
3145 1107 3223 1178 τῷ
3262 1107 3433 1176 παιδίῳ
3453 1107 3511 1169 ³³,
3563 1106 3634 1157 avo

733 1223 752 1255 ι
794 1218 970 1275 regem
1006 1203 1289 1274 Assyrium
1324 1218 1430 1258 non
1474 1204 1706 1273 amplius
1739 1203 1932 1258 reverti
1959 1203 2264 1265 voluerunt,

2097 1213 2264 1265 erunt,
2373 1224 2391 1256 ι
2432 1205 2555 1265 τοὺς
2577 1203 2875 1273 θησαυροὺς
2908 1201 3082 1256 αὐτῶν
3105 1201 3197 1254 καὶ
3219 1198 3562 1270 προσφέροντες
3579 1199 3639 1250 αὖε

733 1313 752 1337 ι
800 1309 829 1348 a
854 1292 1194 1350 Providentia
1222 1293 1392 1350 vetiti.
1431 1292 1687 1348 Divinitus
1711 1296 1855 1349 enim
1889 1295 2164 1359 admoniti,
2189 1297 2272 1350 in-

2097 1297 2164 1359 ti,
2189 1297 2272 1350 in-
2375 1314 2393 1347 ‹
2441 1293 2668 1366 ριώτατα
2693 1295 2785 1350 καὶ
2816 1293 3238 1365 πρεπωδέστατα
3255 1293 3294 1323 ⁶⁰
3315 1290 3465 1362 δῶρα,
3485 1288 3639 1359 χρυσον

733 1403 750 1434 ι
796 1383 934 1452 quit,
965 1385 1018 1436 in
1037 1385 1238 1438 somnio
1276 1402 1339 1440 ne
1373 1394 1744 1458 reverterentur
1765 1385 1832 1440 ad
1869 1385 2146 1448 Herodem,
2181 1403 2272 1454 per

2071 1404 2146 1448 tm,
2181 1403 2272 1454 per
2375 1405 2394 1438 ι
2438 1387 2593 1440 ϐανον
2624 1389 2716 1440 καὶ
2750 1387 2989 1457 σμύρναν
3013 1427 3027 1450 ,
3069 1385 3143 1448 ὡς
3179 1385 3372 1455 βασιλεί
3398 1381 3480 1435 καὶ
3519 1381 3613 1451 θεῷ

733 1494 748 1524 ι
797 1475 960 1529 aliam
980 1476 1117 1531 vian't
1141 1478 1361 1547 regressi
1387 1488 1509 1534 sunt
1547 1480 1600 1533 in
1638 1480 1892 1549 regionem
1923 1496 2092 1534 suam.
2120 1479 2272 1535 Unde

2081 1523 2092 1534 .
2120 1479 2272 1535 Unde
2375 1497 2394 1532 ι
2438 1478 2668 1551 θρώπῳ·
2699 1477 2818 1531 ὃθεν
2846 1478 3027 1531 οὐκέτι
3074 1477 3208 1549 πρὸς
3256 1475 3338 1528 τὸν
3387 1471 3619 1543 ’Δσσύριον

734 1585 751 1616 ι
797 1581 919 1621 eum
950 1567 1174 1624 vidisset
1204 1571 1648 1640 sanguinolentus
1684 1568 1921 1625 Herodes
1957 1584 2015 1625 se
2043 1584 2074 1624 a
2103 1571 2271 1641 magis

2103 1571 2271 1641 magis
2377 1590 2396 1622 ι
2441 1568 2742 1640 ἠξιώθησαν
2791 1568 3157 1639 ὑποστρέψαι,
3204 1564 3584 1638 συνεργούμενοι
3627 1563 3639 1615 ι

733 1675 752 1709 ι
799 1659 1036 1724 illusum,
1064 1660 1219 1715 valde
1248 1660 1349 1714 fuit
1370 1670 1692 1717 commotus.
1721 1660 1789 1714 Et
1822 1663 2050 1726 mittens,
2075 1663 2268 1733 inquit,

2097 1663 2268 1733 nquit,
2303 1661 2343 1715 Β
2377 1682 2394 1714 ‹
2438 1662 2718 1734 Προνοίας·
2746 1661 3256 1730 Χρηματισθέντες
3275 1659 3402 1730 γὰρ,
3427 1656 3570 1726 φησὶ,
3595 1670 3639 1708 xc

735 1769 752 1798 ς
795 1748 1053 1818 interfecit
1079 1767 1254 1806 omnes
1284 1751 1513 1821 infantes
1543 1752 1796 1822 quierant
1821 1753 1874 1806 in
1909 1753 2202 1808 Bcthleliem
2223 1761 2272 1808 et

2097 1753 2202 1808 item
2223 1761 2272 1808 et
2379 1773 2396 1806 ι
2435 1754 2520 1824 μὴ
2559 1753 2903 1824 ἀνακάμψαι
2951 1753 3101 1822 πρὸς
3133 1751 3403 1822 Ἡρώδην,
3441 1748 3504 1801 δι’
3531 1747 3639 1800 ἆλλὴ

735 1858 752 1889 ‹
803 1839 857 1894 in
903 1841 1045 1895 omni
1084 1841 1196 1910 ejus
1242 1843 1488 1911 confinio,
1530 1859 1562 1895 a
1597 1841 1794 1896 bimatu
1828 1851 1878 1896 et
1929 1843 2095 1914 infra,
2125 1844 2275 1905 iuxta

2125 1844 2275 1905 iuxta
2379 1864 2397 1897 ‹
2442 1845 2829 1915 ἀνεχώρησαν
2845 1847 2932 1911 είς
2957 1845 3069 1912 τὴν
3106 1844 3308 1914 χώραν
3332 1839 3525 1895 αὐτῶν.
3546 1837 3639 1891 Ὀθε

735 1949 754 1982 α
801 1940 998 2000 tempus
1040 1931 1175 2002 quod
1207 1949 1239 1985 a
1268 1931 1438 2002 Magis
1473 1931 1746 2004 diligenter
1773 1925 2034 1987 didicerat
2064 1945 2111 1987 ε.
2137 1933 2272 1988 Cum

2082 1947 2111 1987 ε.
2137 1933 2272 1988 Cum
2381 1955 2401 1988 σ
2444 1940 2472 1991 ὁ
2504 1938 2791 2010 αίμοῦόρος
2826 1936 3064 2009 Ἡρώδης
3096 1937 3178 1989 ὅτι
3210 1932 3498 2003 ἐνεπαίχθη
3535 1929 3624 1983 ὑπὸ

735 2041 754 2075 ι
800 2023 1017 2093 quibus,
1053 2030 1106 2079 et
1128 2023 1290 2078 alium
1323 2025 1472 2094 prius
1511 2032 1694 2078 natum
1725 2024 2008 2088 infantem,
2044 2040 2167 2080 cum
2199 2026 2277 2080 in-

2087 2041 2167 2079 um
2199 2026 2278 2080 in-
2379 2047 2397 2078 ι
2445 2045 2589 2097 γων,
2638 2027 2890 2098 ἐθυμώθη
2933 2027 3074 2083 λίαν.
3133 2028 3250 2081 Καὶ
3297 2024 3629 2086 ἀποστείλας

737 2132 754 2165 ι
801 2113 1126 2171 terfeeturus
1141 2116 1474 2185 quaesivisset
1504 2122 1558 2170 et
1589 2129 1696 2169 non
1733 2114 2047 2182 invenisset,
2069 2124 2274 2186 patrem

2097 2124 2274 2172 latrem
2380 2135 2397 2168 ι
2443 2117 2641 2172 ἀνεῖλε
2669 2116 2896 2183 πάντας
2921 2115 3062 2182 τοὺς
3101 2113 3325 2179 παῖδας
3356 2111 3490 2176 τοὺς
3519 2111 3581 2162 ἐν
3612 2111 3639 2160 Ε

738 2221 756 2254 σ
799 2205 916 2274 ejus
945 2199 1262 2262 Zachariam
1293 2205 1562 2260 interfecit
1594 2206 1733 2260 inter
1761 2205 2019 2276 templum
2061 2215 2114 2262 et
2142 2208 2278 2260 alta-

2095 2215 2114 2260 t
2142 2208 2278 2260 alta-
2378 2225 2396 2258 c
2442 2208 2536 2261 καὶ
2565 2209 2635 2260 ἐν
2657 2206 2802 2262 πᾶσι
2831 2206 2954 2272 τοῖς
2971 2207 3154 2275 ὁρίοις
3178 2203 3397 2272 αὐτῆς,
3429 2200 3536 2256 ἀπὸ
3560 2197 3634 2250 διε

737 2315 755 2346 ‹
802 2311 879 2362 re,
910 2309 1034 2350 cum
1063 2295 1340 2364 elTugisset
1384 2293 1523 2348 ﬁlius
1579 2309 1700 2348 cum
1756 2303 1926 2349 matre
1976 2291 2272 2349 Elisabetb.

2097 2294 2272 2349 abetb.
2384 2318 2402 2350 ι
2448 2298 2765 2367 κατωτέρω,
2794 2298 2941 2352 κατὰ
2964 2298 3068 2351 τὸν
3100 2298 3330 2366 χρόνον
3361 2294 3431 2347 ὃν
3461 2290 3639 2359 ἡκρίόι

736 2405 752 2436 ι
803 2384 954 2442 Unde
988 2402 1087 2442 nec
1121 2387 1230 2440 ullo
1261 2385 1421 2440 modo
1451 2383 1935 2454 reprehenduntur.
1983 2403 2004 2437 ι

2388 2408 2405 2440 ι
2450 2389 2566 2443 τῶν
2601 2389 2835 2460 Μάγων.
2891 2390 3022 2445 Μεθ’
3056 2385 3130 2442 ὧν
3163 2390 3267 2441 καὶ
3301 2386 3358 2440 τὸ
3405 2384 3504 2455 πρὸ
3535 2382 3639 2435 αὖτε

736 2501 754 2533 ι
798 2481 888 2537 θὲν
931 2481 1116 2553 ἕτερον
1160 2480 1366 2534 παιδίον
1412 2481 1642 2550 ζητήσας
1676 2480 2007 2545 ἀποκτεῖναι,
2050 2482 2142 2534 καὶ
2188 2482 2260 2554 μὴ
2298 2483 2506 2556 εὑρὼν,
2564 2487 2654 2539 τὸν
2711 2486 2918 2555 πατέρα
2947 2484 3104 2538 αὐτοῦ
3133 2481 3418 2554 Ζαχαρίαν
3455 2476 3639 2546 ὲφὸνευ

736 2595 753 2625 ι
798 2575 891 2630 τοῦ
920 2576 1045 2629 ναοῦ
1085 2575 1177 2629 καὶ
1216 2573 1308 2628 τοῦ
1341 2575 1716 2646 θυσιαστηρίου
1737 2615 1752 2641 ,
1780 2575 2102 2644 ἐκφυγόντος
2130 2576 2222 2635 τοῦ
2275 2580 2457 2648 παιδὸς
2488 2581 2554 2613 ⁶¹⁶
2578 2583 2711 2652 μετὰ
2742 2582 2841 2650 τῆς
2869 2579 3069 2652 μητρὸς
3107 2575 3396 2630 Ἐλισάϐετ
3415 2589 3428 2602 ·
3461 2571 3549 2639 ἀφ’
3579 2561 3640 2621 ὧν

739 2687 755 2718 ι
801 2668 1001 2739 μέμψιν
1032 2667 1242 2738 ἔχουσιν
1260 2669 1303 2700 ⁸³
1337 2669 1468 2739 (l5).
1510 2687 1529 2720 ι

801 2764 958 2818 Bas.
987 2759 1046 2817 Si
1077 2762 1166 2832 qui
1202 2769 1400 2826 autem,
1441 2762 1634 2832 inquit,
1691 2762 1896 2818 relictis
1928 2761 2042 2817 suis
2106 2761 2279 2817 facul-

2106 2761 2279 2817 l'acul-
2451 2766 2642 2821 ΒΑΛΣ,
2683 2765 2745 2818 Ei
2787 2763 2844 2817 δέ
2891 2779 3060 2827 τινες,
3102 2761 3238 2832 φησὶ
3267 2800 3281 2824 ,
3326 2757 3608 2812 κατέλιπον

733 2855 936 2910 tatibus
961 2861 1322 2918 secesserunt,
1358 2869 1425 2908 ne
1453 2851 1649 2908 detenti
1675 2853 1727 2907 in
1759 2854 2057 2923 perieulum
2080 2869 2275 2908 vocen-

2097 2869 2278 2908 tocen-
2382 2858 2565 2921 ουσίας
2590 2856 2767 2910 αὐτῶν
2801 2856 2892 2909 καὶ
2925 2855 3308 2927 ἀνεχώρησαν,
3347 2853 3438 2905 ἵνα
3481 2851 3554 2923 μὴ
3591 2866 3639 2903 κι

735 2957 842 3012 tur,
868 2954 926 3000 ut
954 2946 1045 3018 qui
1079 2945 1216 3001 forte
1239 2962 1347 3000 non
1369 2945 1579 3016 possint
1597 2944 1660 2998 ad
1686 2949 1844 3001 tinem
1883 2961 2054 3015 usque
2073 2947 2126 3000 in
2151 2961 2277 3000 con-

2097 2962 2126 3000 n
2151 2961 2282 3000 con-
2308 2985 2350 3046 α
2382 2966 2473 3013 τες
2499 2949 2942 3009 κινδυνεύσωσιν,
2975 2947 3105 3009 ἴσως
3137 2945 3211 3018 μὴ
3263 2945 3556 3014 δυνάμενοι
3586 2942 3639 3011 μὲ

737 3037 972 3094 fessione
1001 3039 1308 3108 persistere,
1341 3048 1557 3108 propter
1583 3044 1842 3093 Iortorum
1867 3038 2144 3102 saevitiam,
2173 3053 2279 3092 non

2097 3053 2144 3102 η,
2173 3053 2281 3092 non
2311 3033 2349 3046 ”’
2382 3042 2633 3112 ἐμμεῖναι
2687 3042 2752 3111 τῇ
2798 3037 3054 3110 ὁμολογίᾳ
3093 3037 3181 3090 διὰ
3209 3038 3318 3108 τὴν
3348 3036 3460 3090 τῶν
3493 3033 3639 3095 κολαξ

734 3129 1114 3200 eulpabuntnr,
1147 3129 1357 3185 etiamsi
1413 3129 1502 3182 alii
1549 3129 1753 3184 detenti
1805 3137 1930 3185 sunt
1965 3129 2276 3200 prepterip-

2083 3135 2182 3184 )ter
2201 3129 2282 3200 ip-
2384 3132 2586 3203 ήνειαν,
2605 3131 2702 3184 οὐκ
2732 3130 3174 3201 ὲγκληθήσονται,
3191 3128 3305 3182 κᾶν
3331 3130 3428 3182 καὶ
3451 3127 3625 3198 ’ἕτεροι

735 3238 844 3285 σος,
879 3223 942 3278 Et
969 3223 1188 3279 adducit
1215 3223 1266 3278 in
1296 3223 1596 3292 exemplum
1619 3221 1736 3292 ejus
1757 3221 1832 3278 rei
1862 3223 2054 3292 gratia,
2089 3220 2277 3291 Gajum

2097 3220 2279 3291 Gajum
2385 3239 2484 3276 σαν
2516 3223 2580 3276 δι’
2611 3223 2820 3286 αὐτούς.
2856 3223 2964 3275 Καὶ
2991 3222 3224 3293 παράγει
3251 3221 3425 3294 χάριν
3459 3218 3639 3275 τούτοι

735 3319 788 3364 et
836 3309 1233 3374 Aristarchum,
1283 3311 1374 3380 qui
1436 3325 1532 3380 pro
1567 3309 1734 3363 Paulo
1771 3311 1970 3365 delenti
2020 3310 2276 3366 fuerunt:

2097 3320 2276 3366 erunt:
2385 3313 2580 3384 δειγμα
2630 3314 2720 3366 τὸν
2761 3313 2916 3366 Γάϊον
2962 3313 3052 3364 καὶ
3093 3311 3183 3364 τὸν
3231 3313 3639 3384 Ἀρίσταρχον,

739 3400 937 3454 milites
987 3400 1081 3472 qui
1135 3401 1351 3456 Petrum
1409 3399 1741 3456 servabant:
1799 3401 2032 3457 infantes
2094 3402 2185 3474 qui
2215 3401 2281 3456 ab

2097 3402 2185 3474 qui
2215 3401 2282 3456 ab
2388 3405 2595 3458 Παύλου
2617 3403 3039 3473 κατασχεθέντας
3059 3419 3073 3433 ο
3097 3404 3220 3466 τοὺς
3253 3400 3639 3474 στρατιώταςα

738 3490 948 3546 llerode
997 3492 1264 3555 interiecti
1309 3500 1437 3549 sunt
1481 3500 1701 3563 propter
1751 3493 2073 3548 Christum:
2124 3504 2176 3548 et
2199 3509 2280 3549 ve-

2124 3504 2176 3548 et
2199 3509 2284 3549 ve-
2385 3514 2575 3560 τοντας
2598 3495 2688 3553 τὸν
2713 3496 2915 3567 Πέτρον
2937 3512 2950 3526 ·
2987 3496 3054 3549 τὰ
3085 3496 3255 3564 νήπια
3298 3497 3373 3548 τὰ
3409 3494 3568 3564 παρὰ
3600 3509 3629 3544 τ

738 3584 994 3641 nerabilis
1057 3586 1340 3656 sanctique
1389 3584 1750 3648 Praecursoris
1801 3593 2007 3655 patrem
2077 3584 2267 3640 Zacha-

2077 3584 2267 3640 Zacha-
2388 3587 2737 3660 ἀναιρεθέντα
2779 3586 2866 3640 διὰ
2904 3587 2993 3642 τὸν
3043 3587 3322 3658 Χριστόν·
3371 3587 3478 3640 καὶ
3508 3584 3602 3638 τὸν

741 3678 897 3736 riam.
2387 3679 2538 3750 ἁγίου
2565 3677 2879 3751 Προδρόμου
2907 3678 3112 3748 πατέρα
3138 3680 3463 3750 Ζαχαρίαν.

811 3768 1012 3824 Ζοιωι.
1068 3769 1125 3826 Si
1157 3771 1248 3841 qui
1298 3780 1497 3839 autem,
1536 3772 1730 3845 inquit,
1776 3787 1904 3829 suas
1952 3772 2286 3842 reliquerunt

2097 3774 2286 3826 uerunt
2459 3772 2698 3824 ΖΩΝΑΡ.
2741 3771 2801 3823 Εἰ
2827 3769 2882 3822 δέ
2915 3787 3056 3833 τινες
3078 3811 3092 3833 ,
3131 3770 3265 3839 φησί
3289 3811 3306 3836 ,
3347 3770 3639 3823 κατέλιπο

741 3863 1111 3931 possessiones
1161 3879 1224 3918 ac
1258 3875 1620 3932 secesserunt,
1670 3883 1738 3922 ne
1784 3864 1986 3922 detenti
2022 3864 2283 3936 periclita-

2097 3864 2289 3919 riclita-
2390 3863 2574 3925 θυσίας
2603 3859 2782 3914 αὐτῶν
2806 3863 2899 3914 καὶ
2925 3861 3300 3933 ἀνεχώρησαν,
3323 3863 3425 3916 ἴνα
3462 3863 3544 3934 μὴ
3569 3880 3639 3914 κα

744 3963 947 4018 rentur,
973 3957 1096 4025 quia
1131 3957 1265 4012 forte
1288 3959 1356 4014 ob
1390 3965 1652 4014 tortorum
1687 3959 1942 4013 saevitiam
1996 3959 2048 4012 in
2073 3956 2286 4011 confes-

2095 3956 2287 4011 ronl‘es-
2393 3952 2820 4017 κινδυνεύσωσιν,
2858 3952 2986 4015 ἴσως
3019 3951 3091 4022 μὴ
3123 3951 3438 4022 δυνάμενοι
3486 3953 3637 4024 μέχρ

745 4043 896 4100 sione
951 4045 1016 4100 ad
1077 4046 1230 4102 ﬁnem
1284 4065 1455 4119 usque
1502 4050 1792 4120 persistere
1856 4051 1996 4105 haud
2055 4051 2284 4120 possint,

2097 4051 2284 4109 assint,
2398 4050 2574 4118 μεῖναι
2592 4048 2656 4116 τῇ
2679 4045 2933 4116 ὁμολογίᾳ
2952 4044 3036 4098 διὰ
3053 4045 3149 4112 τὴν
3174 4043 3283 4096 τῶν
3317 4044 3639 4108 κολαζόντι

743 4135 954 4191 etiamsi
983 4136 1221 4208 ipsorum
1253 4154 1417 4194 causa
1447 4141 1538 4195 alii
1567 4143 1770 4196 detenti
1823 4158 1885 4196 ae
1919 4143 2093 4212 poenis
2115 4139 2285 4195 affecti

2115 4139 2288 4195 affecti
2394 4138 2492 4191 οὐκ
2527 4136 2981 4208 ἐγκληθήσονται,
3034 4138 3151 4190 οὐδὲ
3186 4138 3232 4188 εἰ
3271 4135 3351 4188 δι’
3410 4137 3636 4198 αὐτοὺς

747 4225 963 4290 fuerint,
991 4229 1210 4284 minime
1232 4243 1357 4288 sunt
1386 4235 1697 4289 accusandi.
1750 4233 2092 4302 Rursumque
2113 4248 2289 4287 exem-

2113 4248 2290 4287 cxem-
2395 4230 2691 4302 εσχέθησαν
2743 4231 2836 4283 καὶ
2881 4228 3266 4298 ἐκολάσθησαν.
3319 4229 3452 4281 Καὶ
3523 4228 3639 4282 πάλ

744 4321 890 4388 plum
938 4335 1001 4375 ex
1050 4323 1358 4390 apostolicis
1392 4324 1542 4382 Actis
1575 4326 1810 4388 adducit,
1857 4326 2044 4380 (licens
2095 4325 2286 4393 Ephesi

2095 4325 2289 4393 Ephesi
2323 4388 2354 4393 _
2397 4320 2652 4392 Ιιράξεων
2695 4320 2887 4388 ἐπάγει
2945 4319 3290 4390 παράδειγμα
3371 4319 3580 4386 λέγων
3606 4358 3620 4380 ,

747 4426 959 4480 quoque
981 4388 1272 4481 pro—Paulo
1316 4417 1735 4486 comprehensos
1795 4416 1963 4471 fuisse
2005 4388 2195 4484 Gajnin
2238 4420 2289 4468 et

2097 4417 2195 4478 ium
2238 4420 2290 4468 et
2323 4388 2363 4442 θ
2405 4413 2612 4483 Ἐφέσῳ
2657 4412 2773 4464 ἀντὶ
2813 4410 2906 4464 τοῦ
2952 4408 3159 4462 Παύλου
3195 4411 3639 4480 συνηρπάγησε

745 4502 1156 4571 Aristarchum;
1190 4521 1288 4561 nec
1329 4517 1503 4561 tamen
1559 4509 1627 4562 ob
1676 4509 1727 4561 id
1783 4514 2097 4562 accusatum
2147 4503 2287 4558 Pau-

2096 4549 2097 4555 η
2147 4503 2257 4558 Pau
2277 4535 2290 4544 -
2407 4503 2787 4574 ’Λρίσταρχοςο
2823 4503 2936 4556 ἀλλ’
2965 4505 2993 4555 ὁ
3017 4501 3225 4562 Παῦλος
3257 4499 3358 4552 διὰ
3399 4500 3593 4553 τοῦτο

748 4593 854 4645 lum
884 4610 897 4646 :
933 4607 1106 4664 neque
1127 4593 1345 4650 Petrum
1380 4597 1448 4654 ab
1468 4599 1657 4667 angelo
1685 4613 1713 4651 e
1737 4597 1982 4651 custodia
2011 4594 2286 4656 eductum,

2101 4604 2286 4656 Ictum,
2393 4592 2514 4646 οὔτε
2543 4596 2570 4647 ὁ
2600 4594 2801 4664 Πέτρος
2836 4593 2939 4646 ὑπὸ
2967 4592 3197 4660 ἀγγέλου
3227 4590 3336 4654 τῆς
3377 4592 3639 4660 cpulari

745 4698 866 4738 cum
902 4683 948 4739 is
987 4685 1201 4754 quidem
1235 4686 1418 4757 eﬂttgit
1469 4688 1801 4758 periculum;
1850 4688 1941 4756 qui
1991 4701 2117 4741 vero
2141 4685 2287 4738 illum

2062 4701 2117 4738 ro
2141 4685 2288 4738 illum
2393 4685 2480 4737 ὅτε
2513 4673 2717 4746 ἐκεῖνος
2745 4683 2842 4753 μὲν
2872 4683 3052 4754 διέδρα
3090 4683 3178 4735 τὸν
3203 4680 3510 4746 κίνδυνον,
3545 4685 3604 4735 oi

746 4777 1119 4833 custodiebant
1149 4779 1364 4842 milites,
1398 4781 1467 4834 ob
1488 4781 1635 4834 illum
1654 4779 1916 4850 supplicio
1941 4777 2112 4831 allecti
2141 4783 2285 4832 sunt.

2101 4777 2285 4832 isunt.
2390 4793 2481 4838 τες
2526 4777 2686 4830 αὑτὸν
2738 4775 3062 4846 στρατιῶται
3095 4775 3158 4827 δι’
3191 4777 3426 4828 ἐκεῖνον
3463 4777 3639 4829 ὲκολε

747 4867 868 4922 Mox
897 4869 1041 4923 aliud
1068 4886 1279 4941 quoque
1307 4872 1603 4942 exemplum
1639 4887 1703 4925 ex
1728 4869 2015 4940 Evangelio
2051 4868 2288 4934 adhibet,

2097 4868 2288 4934 illibel,
2396 4867 2502 4920 ἀπὸ
2535 4867 2625 4919 τοῦ
2655 4867 2981 4936 Εὐαγγελίου
3010 4867 3380 4937 ὑποδείγματι
3453 4868 3639 4938 κέχρ·

746 4971 932 5016 corum
961 4960 1055 5030 qui
1115 4961 1182 5016 ab
1238 4961 1444 5016 Herode
1483 4962 1750 5018 interfecti
1809 4969 1936 5015 sunt
1962 4972 2285 5030 puerorum;

2096 4972 2285 5025 orum;
2392 4959 2483 5021 τοῦ
2535 4958 2768 5031 Ἡρώδου
2813 4960 3140 5031 ἀναιρεθεῖσι
3191 4959 3386 5012 παισίο
3447 4959 3539 5012 δι’
3582 4960 3638 5013 ἃ

819 5107 847 5140 ι
873 5092 985 5159 Isa,
1021 5113 1136 5162 vin,
1172 5098 1232 5164 5,
1269 5099 1322 5154 4.
1398 5100 1425 5138 ιι
1450 5097 1641 5160 Matth.
1680 5097 1943 5164 11,5145,
2050 5106 2070 5134 ε
2098 5093 2224 5152 ibid.
2252 5095 2336 5149 16.

2012 5215 2239 5272 VARIAE
2269 5209 2659 5269 LECTIONES.

753 5396 777 5448 ἔ
808 5331 898 5363 ⁸⁸⁵*
919 5333 1102 5400 ὀξέως.
1199 5335 1309 5366 ⁸⁸⁶⁶⁶
1333 5335 1365 5404 ἦ
1392 5350 1498 5388 om.
1556 5335 1600 5366 "9
1624 5335 1682 5388 τὸ
1712 5334 1940 5388 παιδίον.
2019 5332 2062 5362 ⁶⁰
2099 5327 2425 5402 καιριώτερα
2449 5329 2540 5382 καὶ
2573 5319 3007 5402 πρεπωδέστερα.
3076 5328 3117 5359 ⁶¹
3143 5325 3307 5380 ἔνθεν.
3357 5320 3387 5350 ⁸

755 5447 758 5448 ,
785 5415 926 5448 σνον-

753 5415 926 5470 ἔσχον.

823 5517 949 5593 (Η)Δ
977 5519 1310 5589 Ἐξέφυγεν.
1359 5519 1480 5577 Με..
1525 5519 1776 5588 ἐξέφυγεο
1811 5506 2054 5593 μεθ’·ιῖλν
2090 5512 2183 5567 καὶ
2225 5509 2286 5564 τὸ
2403 5509 2847 5593 sanenBalsam'on
2878 5514 2929 5560 et
2955 5504 3193 5593 ζοιιιιτιιε
3216 5501 3592 5593 οηιιξιεὶξες
3626 5519 3640 5588 ξ

755 5571 1333 5661 προ-αὐέοῦῖγένείηθὲν
1361 5571 1667 5661 animai.
1697 5571 1744 5642 τ.
1881 5584 2157 5661 subﬂttetn
2194 5597 2285 5636 ca-
2462 5581 2568 5652 (15)
2618 5579 2729 5654 Ἀφ’
2755 5572 2840 5631 ὧν
2961 5576 3226 5647 ἔχουσιν.
3267 5571 3379 5628 his,
3400 5611 3417 5636 ,
3463 5572 3582 5640 ἐφ’
3616 5571 3640 5640 (ζ

756 5653 934 5723 nonis.
969 5653 1190 5721 Reliqua
1223 5653 1534 5712 intermedia
1563 5659 1754 5711 desunt
1787 5657 1839 5711 in
1869 5655 2069 5711 codice.
2103 5653 2281 5721 Neque

3397 5321 3418 5350 ι

3435 5321 3451 5338 ⁵
3483 5325 3640 5378 παιὲ
