3956 6198
271 257 383 314 565

1494 251 1825 303 LPIb’l'ULA
1863 245 2228 302 LANJNICA.

3365 232 3468 284 δυο

268 372 476 446 ᾐτιάθη
509 373 537 425 ό
555 370 754 442 Κύριος
778 388 792 401 ⁸
827 373 920 425 καὶ
947 372 1042 441 τῆς
1081 369 1354 424 Ἐλισάὸετ
1379 367 1653 439 φυγούσης
1681 363 1819 437 μετὰ

1921 377 2079 432 quam
2103 362 2174 418 ob
2198 375 2334 424 rem,
2367 357 2562 429 inquit,
2591 353 2735 411 baud
2765 357 3052 408 accusatus
3082 353 3168 405 est
3184 344 3469 402 Dominus.

287 463 560 526 Ἰωάννου,
587 463 678 515 καὶ
708 459 1163 532 παραφυλαξάσης
1189 459 1369 524 αὑτὸν,
1397 460 1426 510 ὁ
1451 459 1631 529 πατὴρ
1660 455 1821 510 αὐτοῦ

277 553 554 624 Ζαχαρίας
601 552 860 624 ἀνῃρέθη,
884 552 974 604 τὸν
1020 551 1135 605 υίδν
1180 549 1599 620 ἀπαιτούμενος,
1633 547 1749 602 ἀλλ’
1795 551 1824 602 ό

294 645 540 715 Ἰωάννης
569 644 656 697 διὰ
679 643 834 696 τοῦτο
862 645 960 696 οὐκ
984 642 1195 714 ᾐτιάθη.

869 795 1105 848 ΚΑΝΩΝ
1143 796 1239 848 1Δ’.

343 905 364 936 ε
417 886 480 938 El
509 885 564 941 δέ
589 903 732 948 τινες
760 885 878 955 βίαν
900 885 1094 957 πολλὴν
1124 887 1216 938 καὶ
1239 884 1480 954 ἀνάγκην
1507 881 1821 947 πεπόνθασι,

273 995 296 1030 ι
341 977 507 1049 χάνον
539 977 604 1007 ⁶¹⁹
648 977 894 1040 λαϐόντες
926 979 982 1030 ὲν
1013 977 1090 1048 τῷ
1108 977 1331 1048 στόματι
1363 978 1454 1030 καί
1467 975 1712 1046 δεσμοὺς,
1731 975 1825 1028 καὶ⁵

279 1089 300 1120 ι
349 1067 725 1139 ἐπιμείναντες
759 1068 1038 1140 καρτερῶς
1068 1072 1131 1140 τῇ
1161 1067 1389 1121 διαθέσει
1433 1068 1529 1138 τῆς
1558 1068 1788 1129 πίστεως
1807 1105 1820 1130 ,

272 1180 294 1212 ‹
341 1161 437 1214 καὶ
465 1160 564 1223 τὰς
587 1163 772 1231 χεῖρας
802 1160 979 1213 αὐτῶν
1005 1160 1094 1192 ⁶¹¹¹
1126 1161 1319 1230 καῆναι
1346 1158 1754 1231 προσαγομὲνας
1781 1156 1824 1188 ⁸³

270 1271 293 1305 e
339 1253 530 1307 ἀκοντὶ
553 1251 757 1322 (16)τῷ
791 1253 986 1322 ἀνιέρῳ
1027 1250 1243 1321 θύματι·
1284 1249 1563 1321 ῶσπεροῦν
1583 1247 1824 1320 ἔγραψάν

272 1366 291 1397 ι
343 1363 437 1418 μοι
450 1347 500 1398 οἱ
517 1345 623 1398 ἀπὸ
639 1344 736 1415 τῆς
759 1343 1000 1414 φυλακῆς
1013 1344 1394 1416 τρισμακάριοι
1419 1343 1685 1414 μάρτυρες
1699 1341 1824 1412 περὶ

268 1457 289 1488 ι
342 1438 522 1490 τῶνέν
538 1436 730 1510 Λιϐύῃ,
751 1436 845 1490 καὶ
863 1435 1038 1506 ἕτεροι
1053 1436 1108 1488 δὲ
1143 1435 1558 1507 συλλειτουργοί·
1579 1437 1626 1488 ol
1653 1432 1825 1487 τοιοῦ-

269 1549 289 1580 σ
341 1547 460 1593 τοι,
494 1525 1015 1599 συμμαρτυρούντων
1039 1528 1220 1590 αὐτοῖς
1262 1526 1306 1558 ⁸⁸
1337 1525 1566 1596 μάλιστα
1601 1525 1694 1578 καὶ⁵
1722 1523 1824 1577 τῶν

267 1643 288 1672 e
339 1621 516 1677 ἄλλων
545 1620 786 1690 ἀδελφῶν
809 1621 874 1685 ⁸⁸,
897 1618 1147 1674 δύνανται
1178 1617 1314 1674 εῖναι
1343 1622 1400 1673 ὲν
1427 1623 1490 1691 τῇ
1523 1601 1824 1691 λειτουργίᾳ

269 1734 290 1764 ι
338 1712 629 1782 ταχθέντες
659 1714 716 1765 έν
755 1715 865 1777 τοῖς
904 1713 1276 1784 ὁμολογηταῖς,
1313 1711 1388 1775 ὼς
1433 1712 1525 1765 καὶ
1567 1713 1615 1764 οἱ
1660 1728 1824 1765 κατα·
1855 1700 1895 1755 Β

267 1828 292 1858 ι
344 1807 706 1878 νεκρωθέντες
729 1809 786 1858 ἐν
803 1809 923 1870 ταῖς
952 1805 1174 1870 πολλαῖς
1204 1803 1474 1876 βασάνοις,
1505 1807 1598 1860 καὶ
1628 1805 1820 1877 μηκέτι

269 1917 290 1950 ι
345 1896 722 1967 ὲξισχύσαντες
764 1895 1053 1967 λαλῆσαιῆ
1097 1892 1424 1965 φθέγξασθαι
1461 1894 1493 1965 ἦ
1541 1895 1822 1967 κινηθῆναι

266 2011 290 2042 e
342 1993 422 2055 είς
452 1990 516 2043 τὸ
552 1990 862 2060 ἀντιστῆναι
913 1990 1025 2053 τοῖς
1064 1990 1142 2049 είς
1178 1990 1351 2059 μάτην
1393 1987 1724 2060 βιαζομένοις
1754 1987 1818 2019 ⁸⁵·

267 2101 288 2133 ι
339 2079 460 2134 οὐδὲ
489 2080 596 2153 γὰρ
622 2079 1010 2149 συγκατέθεντο
1031 2082 1097 2150 τῇ
1117 2077 1366 2150 βδελυρίᾳ
1387 2077 1582 2142 αὐτῶν,
1612 2077 1824 2148 ὠσπερ-

265 2194 288 2225 e
335 2172 430 2227 οὖν
449 2173 599 2243 παρὰ
613 2171 1027 2242 συλλειτουργῶν
1061 2172 1220 2226 πάλιν
1242 2172 1448 2242 ἥκουσα
1467 2171 1597 2242 (f7).
1612 2171 1822 2244 Ταχθή-

266 2283 288 2313 ι
347 2279 498 2317 σεται
538 2263 593 2317 δὲ
624 2263 682 2316 ὲν
721 2262 788 2294 ⁸⁸·
821 2265 932 2327 τοῖς
945 2262 1300 2335 ὁμολογηταῖς
1341 2263 1433 2316 καὶ
1454 2265 1559 2326 πᾶς
1578 2261 1824 2316 ὁστισοῦν

265 2371 288 2402 ι
336 2351 476 2404 κατὰ
504 2351 765 2422 Τιμόθεον
792 2350 1159 2415 πολιτεύεται,
1198 2350 1513 2422 πειθόμενος
1540 2351 1632 2405 καὶ
1660 2352 1822 2416 αὐτὸς

264 2463 286 2495 e
334 2443 411 2512 τῷ
434 2442 664 2511 λέγοντι·
701 2443 880 2497 Alam
917 2443 1005 2474 ““
1039 2442 1446 2512 δικαιοσύνην,
1491 2443 1818 2509 εὐσέϐειαν,

268 2557 291 2588 ι
339 2536 564 2600 πίστιν,
625 2535 885 2606 ἀγάπην,
944 2537 1280 2607 ὑπομονὴν,
1339 2537 1636 2605 πραότητα
1669 2537 1814 2568 “m-

271 2645 292 2675 e
338 2626 628 2696 ἀγωνίζου
657 2627 762 2680 τὸν
793 2625 985 2681 καλὸν
1023 2627 1222 2697 ἀγῶνα
1253 2627 1362 2696 τῆς
1388 2629 1666 2694 πίστεως·
1696 2631 1821 2683 ἐπι-

271 2737 292 2768 ε
335 2719 524 2773 λαϐοῦ
576 2718 690 2786 τῆς
754 2720 994 2774 αἰωνίου
1049 2719 1194 2787 ζωῆς
1249 2723 1336 2788 εἰς
1391 2719 1472 2788 ἣν
1529 2721 1817 2789 ἐκλήθης,

266 2827 288 2859 ς
333 2808 713 2878 ὁμολογήσας
736 2809 870 2841 ⁶⁶⁶⁶·“
896 2809 1009 2879 τὴν
1027 2811 1225 2880 καλὴν
1239 2813 1556 2893 ομολογίαν
1567 2811 1822 2868 ἐνώπιον

262 2921 286 2955 ι
330 2901 574 2954 πολλῶν
581 2901 906 2970 μαρτύρων.
955 2920 976 2954 ι
1589 2933 1596 2940 -

1923 453 2165 524 Cumque
2199 450 2425 521 fugisset
2451 445 2723 502 Elisabetb
2750 458 2874 498 eum
2901 439 3126 504 Joanne,
3183 436 3479 507 ipsumque

1923 552 2214 608 servasset,
2247 539 2565 597 interfectus
2601 545 2685 592 est
2714 533 3025 595 Zacharias,
3065 545 3095 584 a
3117 544 3226 600 quo
3255 526 3461 596 efﬂagi—

1923 635 2138 688 tabatur
2175 645 2344 702 puer,
2389 642 2566 699 neque
2608 625 2664 681 id
2714 621 2908 678 Joanni
2970 617 3187 676 crimini
3232 625 3316 673 est
3371 617 3470 672 da-

1923 733 2056 781 tum.

2497 807 2724 867 CANON
2761 804 2899 862 XIV.

1995 924 2016 958 ι
2052 906 2107 960 Si
2135 906 2227 976 qui
2253 913 2431 960 autem
2460 904 2565 956 vim
2597 902 2817 956 multam
2846 905 2900 954 et
2923 894 3296 954 necessitatem
3323 891 3468 964 passi

1931 1018 1950 1051 ι
1982 1007 2128 1062 sunt,
2157 999 2357 1069 quique
2383 1007 2438 1052 et
2467 996 2520 1051 in
2550 1011 2645 1051 ore
2675 995 2877 1049 ferrum
2915 999 2970 1046 et
3009 988 3222 1043 vincula
3249 1000 3470 1058 accepe-

1933 1111 1952 1145 ι
1993 1099 2139 1155 runt,
2173 1097 2228 1148 et
2247 1100 2467 1162 propter
2519 1089 2715 1144 bonam
2774 1084 2894 1141 fidei
2951 1082 3308 1146 affectionem,
3340 1093 3469 1135 suas

1931 1205 1949 1239 ι
1988 1201 2204 1257 quoque
2257 1199 2451 1239 manus
2483 1184 2565 1238 uri
2603 1182 2814 1237 fortiter
2846 1179 3204 1251 pertulerunt,
3249 1175 3314 1229 ad
3343 1189 3470 1246 pro.

1929 1297 1948 1332 ι
1985 1277 2169 1332 fanum
2205 1276 2536 1332 sacrificium
2567 1275 2648 1330 eis
2677 1271 2860 1328 invitis
2886 1269 3166 1326 adductas.
3195 1262 3468 1334 Quemad-

1928 1387 1948 1422 ι
1977 1368 2193 1424 modum
2252 1367 2417 1437 igitur
2449 1366 2581 1421 mihi
2619 1365 2955 1436 scripserunt
2984 1377 3048 1417 ex
3073 1360 3319 1418 custodia
3341 1359 3468 1414 bea-

1929 1480 1948 1514 ι
1994 1459 2191 1516 tissimi
2226 1467 2490 1531 martyres
2514 1457 2580 1513 de
2602 1457 2670 1512 iis
2699 1456 2792 1528 qui
2831 1462 2958 1512 sunt
2989 1453 3043 1508 in
3071 1451 3260 1523 Libya,
3298 1456 3352 1504 et
3378 1447 3466 1503 alii

1929 1571 1948 1606 ‹
1987 1553 2150 1608 etiam
2170 1552 2224 1605 in
2247 1550 2418 1606 sacris
2447 1547 2833 1614 comministri;
2860 1546 2897 1602 ii
2937 1543 3098 1602 simul
3131 1540 3469 1598 testificanti-

1929 1663 1948 1697 ι
1979 1645 2080 1700 bus
2115 1643 2337 1715 reliquis
2386 1657 2602 1713 quoque
2648 1639 2929 1704 fratribus,
2981 1642 3210 1709 possunt
3272 1647 3395 1690 esse
3415 1631 3468 1686 in

1928 1762 1948 1798 ι
1989 1759 2146 1800 sacro
2187 1741 2486 1798 ministerio
2525 1741 2668 1796 inter
2715 1735 3057 1793 confessores
3102 1729 3370 1793 collocati,
3411 1736 3473 1784 ut

1927 1854 1945 1889 ι
1973 1845 2028 1892 et
2050 1835 2145 1905 qui
2166 1835 2218 1889 in
2247 1833 2434 1889 multis
2482 1830 2773 1887 tormentis
2800 1825 3074 1884 fortifieati
3105 1823 3326 1895 fuerint,
3360 1835 3469 1876 non

1926 1946 1945 1980 ι
1977 1927 2210 1998 amplius
2240 1924 2534 1995 potuerint,
2561 1923 2644 1976 vel
2684 1920 2852 1990 loqui,
2881 1919 2964 1974 vel
2992 1917 3192 1980 dicere,
3219 1913 3304 1970 vel
3353 1925 3472 1967 mo-

1925 2039 1944 2072 ι
1989 2018 2121 2084 veri,
2164 2024 2225 2072 ut
2250 2016 2566 2071 resisterent
2617 2014 2684 2069 iis
2733 2012 2823 2084 qui
2856 2012 2962 2066 vim
3017 2009 3219 2064 frustra
3281 2003 3471 2062 affere-

1927 2127 1945 2160 ‹
1985 2109 2136 2163 bant.
2168 2105 2352 2176 Neque
2373 2106 2515 2160 enim
2529 2118 2714 2158 eorum
2737 2099 3064 2172 improbitati
3089 2095 3297 2154 assensi
3319 2099 3468 2150 sunt.

1924 2218 1944 2254 ι
1979 2195 2442 2267 Quemadmodum
2469 2209 2597 2266 ergo
2649 2208 2680 2247 a
2718 2191 3110 2250 comministris
3152 2203 3345 2244 rursus
3373 2202 3472 2241 au-

1925 2309 1944 2343 c
1976 2291 2106 2356 divi,
2139 2287 2641 2344 annumerabuntur
2675 2285 2815 2339 inter
2845 2281 3226 2346 confessores;
3256 2285 3310 2334 et
3346 2276 3471 2350 qui-

1925 2403 1945 2435 ‹
1979 2399 2191 2454 cunque
2243 2381 2539 2438 secundum
2601 2377 2942 2434 Timotheum
2987 2376 3154 2430 vitam
3210 2371 3467 2440 instituit,

1925 2495 1944 2529 σ
1979 2491 2175 2548 parens
2197 2475 2245 2532 ei
2297 2489 2514 2546 quoque
2537 2472 2632 2544 qui
2682 2470 2816 2527 dicit
2847 2482 2913 2525 ιι
2951 2467 3264 2539 Perseqnere
3304 2466 3470 2537 justi.

1924 2591 1944 2623 ‹
1976 2572 2124 2636 tiam,
2155 2568 2422 2638 pietatem,
2462 2566 2640 2637 ﬁdem,
2701 2563 3050 2628 dilectionem,
3111 2559 3467 2624 tolerantiam,

1923 2680 1943 2714 ι
1968 2661 2230 2716 lenitatem
2278 2676 2295 2714 :
2346 2668 2487 2714 certa
2513 2657 2787 2726 pulchrum
2815 2664 3071 2710 certamen
3103 2651 3226 2722 ﬁdei
3246 2667 3265 2706 :
3287 2665 3472 2720 appre-

1923 2771 1942 2805 c
1981 2753 2142 2808 [tende
2169 2755 2328 2807 vitam
2375 2751 2628 2806 aelestem
2658 2750 2712 2803 in
2738 2763 2896 2818 quam
2919 2754 3129 2801 uocatus
3151 2761 3204 2799 es
3227 2759 3247 2809 ,°
3274 2751 3323 2798 et
3347 2758 3471 2798 con-

1923 2865 1945 2899 ‹
1970 2845 2138 2916 fessus
2166 2861 2343 2900 coram
2369 2844 2545 2898 multis
2572 2841 2784 2897 testibus
2814 2839 3208 2910 confessionem.
3246 2857 3268 2890 ι

333 2993 530 3097 ιβΑΛΣ.
559 2993 694 3056 Τοὺς
719 2992 826 3047 ἀπὸ
856 2993 975 3063 βίας
1002 2995 1327 3067 τυραννικῆς
1346 2996 1599 3062 δόξαντας
1626 2999 1814 3068 φαγεῖν

1989 3029 2147 3084 Βλιε.
2180 3027 2287 3082 Eos
2315 3026 2406 3096 qui
2432 3023 2481 3080 vi
2502 3022 2782 3095 tyrannica
2811 3020 2914 3076 visi
2943 3025 3070 3076 sunt
3097 3032 3163 3073 ex
3211 3015 3470 3088 idolothy-

258 3083 432 3155 κρέας
465 3084 527 3135 ὲκ
564 3083 671 3136 τῶν
701 3083 1099 3150 είδωλοθύτων,
1147 3087 1178 3158 ἢ
1224 3090 1366 3140 πιεῖν
1416 3083 1555 3142 οἶνον
1599 3091 1664 3142 ὲκ
1708 3088 1813 3144 τῶν

275 3174 600 3246 Ἑλληνικῶν
628 3176 863 3230 σπονδῶν
919 3178 1101 3250 (τυχὸν
1125 3179 1232 3251 γὰρ
1261 3181 1398 3234 κατὰ
1426 3183 1529 3253 γῆς
1555 3185 1604 3236 οί
1627 3201 1818 3256 τυραν-

261 3266 480 3330 νοῦντες
524 3267 736 3337 θέμενοι
775 3269 1023 3336 τούτους,
1069 3273 1162 3324 καὶ
1195 3273 1408 3343 χάνους,
1444 3274 1560 3344 ἤτοι
1606 3275 1817 3347 σιδήρια

259 3360 516 3430 βαλόντες
549 3361 629 3423 είς
668 3359 735 3412 τὰ
769 3361 1009 3431 στόματα
1040 3362 1245 3427 αὐτῶν,
1296 3363 1436 3418 ὥστε
1466 3366 1636 3420 διόλου
1678 3363 1815 3422 εἶναι

257 3453 580 3523 ἠνεῳγμένα
599 3491 613 3516 ,
642 3451 862 3522 ἐπέχεον
892 3454 970 3516 είς
1000 3453 1090 3506 τὸν
1125 3455 1377 3527 φάρυγγα
1422 3456 1623 3512 τούτοιν
1654 3454 1812 3524 οῐνον,

261 3544 358 3598 καὶ
386 3543 522 3615 κρέα
555 3543 914 3615 ὲπέρῤιπτον,
958 3545 991 3616 ἢ
1027 3547 1116 3598 καὶ
1158 3549 1276 3611 ταῖς
1305 3548 1487 3619 χερσὶν
1521 3549 1697 3605 αὐτῶν
1723 3551 1817 3604 ἀν-

259 3633 491 3703 θρακιὰς
519 3634 652 3704 μετὰ
683 3634 976 3689 λιϐανωτοῦ
1018 3635 1264 3706 θέμενοι,
1302 3640 1704 3710 παρεσκεύαζον
1729 3643 1815 3714 δῆ-

257 3724 352 3777 Θεν
377 3723 523 3777 θύειν
549 3725 801 3796 αὐτοὺς),
839 3727 1129 3799 κληρικοὺς
1180 3730 1275 3799 μὲν
1313 3731 1502 3795 ὄντας,
1543 3731 1680 3787 εἶναι
1720 3735 1813 3788 καὶ

254 3811 420 3868 πάλιν
452 3815 509 3867 ἐν
539 3814 615 3884 τῷ
649 3816 834 3887 οίκείῳ
880 3815 1070 3887 βαθμῷ
1099 3820 1127 3870 ὁ
1168 3815 1343 3872 κανὼν
1380 3819 1703 3891 διορίζεται,
1739 3824 1812 3886 ὡς

255 3901 623 3972 τεταγμένους
658 3904 795 3974 μετὰ
822 3905 928 3963 τῶν
964 3905 1322 3978 ὁμολογητῶν·
1347 3908 1566 3973 λαῖκοὺς
1609 3912 1684 3978 δὲ,
1729 3912 1813 3966 λο-

252 3992 503 4061 γίζεσθαι
538 3994 611 4058 ὡς
643 3996 952 4068 μάρτυρας,
994 3997 1079 4052 διὰ
1123 3999 1182 4053 τὸ
1213 4001 1286 4072 μὴ
1321 4001 1457 4056 κατὰ
1500 4004 1811 4076 προαίρεσιν

252 4083 469 4136 οἰκείαν
503 4085 722 4155 ποιῆσαι
748 4084 917 4138 ταῦτα
945 4086 1183 4153 τούτους,
1221 4090 1353 4160 μηδὲ
1383 4094 1810 4160 συγκαταθέσθαι

250 4177 392 4232 ὅλως
420 4179 488 4248 τῇ
522 4175 749 4248 πράξει·
782 4178 966 4251 ὥσπερ
995 4183 1104 4244 τοῖς
1131 4183 1483 4254 όμολογηταίς
1515 4189 1809 4261 συνταχθή-

253 4285 438 4320 σονται
476 4269 569 4320 καὶ
605 4269 654 4320 oi
681 4271 744 4340 τῇ
767 4270 872 4324 τῶν
903 4270 1150 4340 βασάνων
1174 4275 1382 4348 ἀνάγκη
1410 4279 1807 4352 παραλυθέντες

1916 3121 1987 3176 tis
2016 3134 2209 3175 carnes
2271 3116 2573 3177 comedere,
2640 3112 2724 3168 vel
2752 3127 2817 3166 ex
2870 3107 3070 3164 Graecis
3118 3105 3470 3162 libationibus

1914 3211 2098 3266 vinum
2133 3208 2318 3264 bibere
2341 3206 2501 3276 (forte
2528 3203 2670 3259 enim
2700 3203 2766 3257 iis
2816 3202 2870 3255 in
2919 3208 3118 3256 terram
3148 3195 3395 3268 deiectis,
3415 3203 3470 3251 et

1914 3302 1968 3357 in
1992 3316 2176 3356 eorum
2215 3314 2309 3352 ora
2345 3296 2518 3351 hamis
2578 3309 2673 3349 seu
2727 3289 3072 3347 ferramentis
3121 3287 3360 3358 injectis,
3408 3294 3470 3343 ut

1914 3404 2128 3460 semper
2155 3393 2340 3458 aperta
2382 3391 2584 3450 essent,
2639 3381 2856 3454 tyranni
2892 3382 2944 3435 in
2975 3395 3162 3436 eorum
3185 3378 3371 3436 fauces
3391 3379 3470 3434 vi-

1913 3499 2044 3539 num
2082 3479 2460 3542 infundebant,
2493 3484 2546 3532 et
2591 3491 2783 3532 carnes
2828 3472 3166 3543 injiciebant,
3200 3472 3281 3527 vel
3304 3472 3466 3528 etiam

1913 3576 2178 3644 ineorum
2206 3571 2457 3626 manibus
2487 3566 2814 3622 carbonibus
2843 3579 2964 3620 cum
2998 3563 3156 3618 thure
3200 3563 3475 3633 impositis

1913 3667 2218 3724 sacrificare
2249 3661 2532 3734 cogebant)
2567 3680 2580 3716 :
2613 3661 2659 3715 si
2693 3664 2878 3714 essent
2915 3654 3128 3726 quidem
3173 3653 3378 3718 clerici,
3411 3654 3466 3707 in

1912 3766 2012 3816 suo
2039 3773 2252 3830 quoque
2284 3771 2475 3811 rursus
2506 3753 2674 3825 gradu
2719 3765 2840 3806 esse
2890 3747 3132 3804 decernit
3184 3759 3383 3809 canon,
3409 3753 3467 3798 ut

1911 3851 2002 3923 qui
2027 3849 2274 3906 collocati
2301 3848 2410 3903 sint
2457 3860 2580 3900 cum
2608 3839 3037 3900 confessoribus.
3092 3836 3239 3891 Laici
3285 3842 3463 3890 autem

1911 3949 2230 4013 reputentur
2265 3947 2324 3993 ut
2355 3945 2642 4008 martyres,
2675 3933 2818 4005 quod
2849 3932 2884 3986 ii
2920 3931 3032 3984 haec
3061 3943 3159 3984 sua
3189 3928 3466 3990 voluntate

1912 4051 2020 4092 non
2081 4031 2330 4096 fecerint,
2367 4044 2469 4085 nec
2515 4028 2714 4083 actioni
2768 4024 2990 4079 omnino
3025 4020 3233 4077 assensi
3284 4019 3396 4074 sint
3447 4038 3462 4073 :

1911 4123 2359 4199 quemadmodum
2399 4121 2539 4174 inter
2578 4117 2920 4174 confessor-es
2977 4127 3194 4184 quoque
3213 4124 3466 4166 numera-

1907 4223 2129 4285 buntur,
2159 4217 2249 4286 qui
2282 4220 2500 4285 propter
2534 4216 2922 4264 tormentorum
2945 4205 3321 4261 necessitatem
3348 4201 3466 4257 dis-

1910 4313 2086 4369 soluta
2115 4308 2359 4378 corporis
2388 4304 2660 4367 firmitate,
2690 4316 2798 4356 non
2822 4300 3063 4353 valent-es
3092 4297 3160 4352 iis
3185 4295 3461 4356 resistere,

248 4362 339 4414 τὸν
372 4361 525 4415 τόνον
547 4361 640 4414 τοῦ
674 4361 939 4433 σώματος,
962 4367 1054 4418 καὶ
1085 4367 1157 4437 μὴ
1183 4367 1462 4440 δυνάμενοι
1496 4373 1806 4444 ἀντιστῆναι

252 4458 362 4476 --9-
395 4453 670 4476 ι----ι--.---.
704 4457 779 4476 ,2,
817 4455 877 4476 -1.
919 4457 1104 4476 -..Ιηηκ
1237 4460 1248 4476 1
1302 4460 1326 4472 ι·
1427 4459 1446 4476 1
1583 4465 1594 4476 ς
1651 4465 1664 4476 ι
1744 4465 1768 4476 α-

1921 4406 2000 4476 qui
2035 4405 2090 4457 in
2133 4416 2228 4457 ora
2252 4414 2436 4455 eorum
2487 4396 2670 4450 vinum
2721 4409 2785 4448 ex
2831 4389 3178 4446 libaminibus
3219 4387 3463 4443 effunde-

248 4458 362 4517 τοῖς
391 4453 670 4524 ἐκχέουσιν
700 4457 779 4516 εἰς
813 4455 879 4507 τὰ
913 4457 1152 4526 στόματα
1191 4460 1366 4514 αὐτῶν
1398 4459 1533 4514 οἶνον
1571 4465 1676 4518 ἀπὸ
1701 4465 1809 4518 τῶν

253 4542 517 4597 σπονδῶν.
558 4542 710 4614 Ἑξῆς
741 4542 796 4595 δὲ
835 4544 961 4614 περὶ
990 4546 1095 4599 τῶν
1131 4546 1450 4605 διανυόντων
1472 4552 1532 4604 τὸ
1569 4555 1665 4626 τῆς
1697 4573 1810 4611 συν-

250 4631 516 4701 ειδήσεως
551 4633 848 4704 μαρτύριον
886 4634 1071 4704 λέγει,
1111 4638 1392 4704 κάκείνους
1423 4646 1531 4708 τοῖς
1557 4646 1811 4720 ὁμολογη-

248 4725 372 4784 ταίς
402 4725 623 4794 συναριθ
632 4727 739 4794 μεῖ.

319 4813 564 4867 ΖΩΝΑΡ.
627 4817 690 4867 Ol
738 4818 863 4880 τοὺς
912 4818 1096 4887 ἁγίους
1138 4821 1451 4890 κολάζοντες
1504 4829 1800 4903 μάρτυρας,

250 4904 394 4975 μετὰ
427 4905 691 4973 βασάνους
725 4908 923 4973 πολλὰς
952 4911 1042 4963 ἐπί
1075 4930 1251 4980 τινων,
1291 4916 1380 4988 βίᾳ
1399 4922 1508 4984 τοῖς
1547 4924 1802 4995 στόμασιν

324 5029 350 5057 ³
379 5016 405 5069 Ι
448 5017 586 5071 Tim.
619 5035 694 5084 vt,
724 5019 809 5083 11,
847 5020 927 5073 f2.

1915 4499 2065 4553 bant.
2101 4493 2362 4562 Deinceps
2390 4497 2571 4543 autem
2626 4485 2691 4541 de
2727 4485 2793 4540 iis
2819 4484 2909 4555 qui
2938 4481 3283 4537 conscientiae
3316 4493 3465 4534 mar-

1915 4589 2112 4660 tyrium
2141 4592 2427 4657 peragunt,
2477 4579 2631 4644 dicit,
2661 4585 2715 4634 et
2760 4577 2881 4632 illos
2909 4589 3031 4629 cum
3058 4571 3463 4630 confessoribus

1908 4696 2009 4736 COII
2017 4686 2278 4734 numerat.

1977 4838 2181 4914 Zomn.
2214 4833 2316 4900 Qui
2344 4836 2561 4887 sanctos
2617 4832 2881 4896 martyres
2936 4822 3213 4893 suppliciis
3245 4820 3463 4877 divexa-

1906 4912 2057 4993 bant,
2092 4935 2214 4999 post
2253 4930 2517 4980 tormenta
2537 4919 2704 4974 multa
2727 4917 3000 4974 nonnullis
3046 4930 3140 4986 per
3174 4916 3280 4969 vim
3313 4912 3462 4966 adhi-

1501 5117 1731 5176 vanma
1771 5111 2172 5181 LECTIONES.

308 5203 636 5298 15:]??th
1190 5211 1727 5298 ίξτρξττξπιγξλμένων...Δ
1769 5216 1813 5247 ⁸⁵
1836 5219 2014 5298 αὐτοῖς
2039 5234 2146 5272 om.
2213 5218 2255 5298 εξ
2282 5218 2374 5269 καὶ
2399 5213 2762 5298 τῶνοὰδελφῶν
2781 5213 2890 5266 τῶν
2916 5211 3132 5268 λοιπῶν.
3216 5212 3260 5242 ⁸⁸
3278 5209 3432 5264 έκόια

240 5271 516 5342 ζομένοις.
566 5274 636 5306 ⁶⁶⁶
665 5275 1022 5346 ταχθήσονται
1050 5279 1127 5332 ἐν.
1197 5271 1531 5337 ⁶⁶¹⁶ἀ(1ι1.’δέ.
1619 5285 1727 5314 ⁶⁶··⁹
1756 5271 2147 5358 προσπάθειαν.
2227 5287 2361 5318 ⁶⁶““
2387 5285 2478 5339 καὶ
2501 5271 2873 5355 ὡμολόγησας.

256 5457 271 5471 ⁸
320 5385 581 5471 (ΙϐλΤῆς
607 5389 862 5471 πίστεως
994 5390 1379 5471 ἀξιοντί.“Μς.,
1405 5394 1506 5462 τῆς
1545 5395 1796 5471 πίστεως,

239 5458 322 5540 ῶς
365 5458 461 5509 καὶ
519 5458 617 5540 τᾲς
674 5463 858 5540 χεῖρας
915 5461 1105 5540 αὐτῶν
1146 5463 1360 5533 καῆναι,
1411 5458 1799 5535 προσαγόμενοι

237 5529 524 5603 ἄκοντεςζ
538 5527 770 5603 Etmos,
797 5531 853 5581 ὲν
883 5533 946 5600 τῇ
975 5531 1168 5603 Λιϐύῃ.

321 5598 435 5667 (i7)
470 5600 634 5666 Παρὰ
665 5598 1147 5668 canentium-(31'?
1169 5601 1420 5667 ἥκουσα,
1447 5621 1500 5657 κ.
1527 5623 1574 5658 τ,
1601 5604 1649 5658 λ.
1679 5605 1799 5662 Με..

249 5669 400 5740 παρὰ
455 5668 875 5740 συλλειτουργῶν
925 5670 1083 5723 πάλιν
1114 5672 1338 5740 ἦ-κουσα,
1387 5674 1706 5746 ταχθὴσεται
1748 5677 1806 5730 ἔοι

1903 5401 2011 5462 τοῖς
2038 5398 2408 5468 όμολογηταῖς,
2436 5397 2529 5468 καὶ
2569 5398 2694 5468 πᾶς,
2721 5415 2774 5450 κ.
2804 5413 2855 5448 τ.
2879 5395 2928 5449 λ.
2962 5395 3124 5468 (Bene
3151 5393 3456 5468 ms.,_1rap‘t

1907 5463 2326 5540 συλλείτουργῶν
2356 5467 2514 5520 πάλιν
2558 5467 2783 5540 ἥκουσα,
2798 5463 2999 5540 quippe
3025 5466 3149 5536 quia
3173 5463 3454 5540 paulo_su-

1907 5540 2088 5622 perius
2107 5531 2308 5622 .tliie'rit
2336 5545 2556 5622 sanctus
2580 5531 2764 5605 Pater,
2793 5531 3215 5609 ἔγραῷάνμοι...
3250 5531 3453 5587 συλλει-

1906 5609 2138 5680 τουργοί.
2171 5609 2351 5677 Enn.)
