3956 6198
293 239 404 300 '09
1654 248 2090 308 FRAGMENTA.
3401 257 3505 317 510

297 401 3470 436 ww

1499 567 1640 683 S.
1715 570 2280 685 PETRI

1041 783 1426 850 EPISTOLA
1467 785 1573 847 AD
1601 739 2047 848 ECCLESIAM
2081 784 2751 852 ALEXANDRINAM.

1704 949 1798 1003 (Ex
1821 945 2112 1012 Gallandio.)

360 1227 564 1286 Petrus
601 1229 658 1285 in
687 1228 791 1286 ﬁde
827 1229 921 1286 Dei
951 1231 1204 1286 stabilitis
1230 1231 1444 1288 dilectis
1481 1230 1745 1290 fratribus
1791 1232 1846 1289 in
1932 1234 2135 1306 quibus
2179 1237 2505 1307 permissum
2541 1247 2657 1294 erat
2685 1246 2902 1310 egentes
2927 1239 3148 1296 visitare
3171 1281 3184 1305 ,
3218 1249 3505 1299 conaretur

287 1319 524 1376 Domino
565 1322 814 1378 salutem.
850 1322 1114 1388 Quoniam
1145 1324 1372 1394 cognovi
1407 1322 1676 1380 Meletium
1705 1325 1840 1399 nihil
1944 1342 2226 1398 separare;
2261 1336 2314 1384 et
2338 1329 2596 1385 indicium
2621 1346 2734 1386 suae
2758 1331 3071 1404 cupiditatis
3093 1333 3147 1387 in
3177 1333 3501 1406 principatu,

283 1428 384 1482 per
416 1412 711 1466 utilitatem
738 1411 847 1482 (20)
881 1413 990 1483 (cui
1037 1429 1139 1470 nec
1171 1413 1608 1471 beatissimorum
1633 1417 1844 1487 episco-
1944 1419 2208 1490 quosdam
2261 1421 2363 1476 sibi
2422 1423 2707 1479 ordinasse
2761 1425 2816 1479 in
2864 1439 3126 1480 carcere:
3167 1426 3326 1480 modo
3371 1426 3502 1481 illud

284 1517 486 1574 porum
523 1518 584 1559 ac
613 1511 908 1586 martyrum
933 1505 1160 1576 epistola
1197 1505 1445 1580 placuit),
1479 1507 1573 1562 sed
1625 1508 1844 1580 insuper
1945 1512 2265 1580 observate,
2306 1529 2373 1568 ne
2410 1514 2457 1569 ei
2502 1515 2947 1582 communicetis,
3005 1515 3179 1573 donec
3215 1531 3498 1572 occurram

282 1595 600 1664 ingressum
629 1603 870 1652 nostram
901 1597 1215 1666 parmciam,
1239 1605 1445 1653 tantum
1480 1599 1581 1654 sibi
1603 1613 1848 1671 assump—
1947 1603 2023 1658 illi
2059 1619 2182 1659 cum
2216 1603 2555 1674 sapientibus
2577 1608 2731 1673 vtris,
2754 1615 2809 1664 et
2836 1606 3046 1664 videam
3077 1624 3198 1680 qua:
3225 1619 3351 1666 sunt
3377 1620 3497 1680 qua

281 1685 453 1751 sisne,
488 1693 546 1740 ut
576 1685 737 1740 etiam
785 1702 850 1740 ex
891 1701 1008 1742 mea
1034 1687 1360 1743 auctoritate
1381 1689 1724 1760 presbyteros
1745 1733 1760 1758 ,
1791 1697 1848 1745 et
1949 1693 2225 1765 cogitavit.
2251 1693 2457 1752 Valete.

303 1838 3410 1871 ._._______________________________________

1596 2004 2190 2121 ΠΕΤΡΟΥ

867 2211 1003 2266 ΤΟΥ
1030 2212 1411 2269 ΛΓΙΩΤΔΤΟΥ
1449 2214 1841 2270 ΕΠῘΣΚΟΠΟΥ
1869 2216 2380 2272 ΑΛΕΞΑΝΔΡΕΙΔΣ
2412 2219 2530 2275 ΚΔι
2566 2219 2932 2278 ΜΑΡΤΥΡΟΣ

1792 2370 1886 2423 Ἐκ
1913 2371 2005 2425 τοῦ

1194 2508 1444 2621 IIE'PI
1515 2535 2100 2624 ΘΕΟΤΗΤΟΣ
2174 2531 2605 2629 ΒΙΒΛΙΟΥ

567 2805 918 2896 PETRI
998 2805 1733 2900 SANCTISSIMI
1805 2809 2614 2901 ALEXANDRUE
2695 2809 3241 2906 EPISCOPI

1528 2996 1532 3000 ἢ
1588 3002 1690 3063 ΕΤ
1749 3001 2163 3063 MARTYRIS
2907 2995 2910 2999 ’

1076 3166 1267 3281 EX
1338 3146 1754 3282 LIBRO
1830 3169 2008 3282 DE
2097 3169 2718 3285 DEITATE

290 3385 601 3453 anterprete
621 3388 769 3438 Mario
793 3386 1062 3438 Mercatore
1088 3386 1280 3451 (21).—
1298 3387 1373 3439 Ex
1395 3385 1852 3510 actisgeopbciaﬁxgieis

1487 3485 1498 3498 .
1559 3485 1572 3511 ,
1701 3486 1732 3510 .,
1793 3486 1804 3498 .

1948 3385 2531 3514 ,οἳὲἓξηὸᾞῗοηείιη
2550 3403 2599 3453 p.
2625 3389 2742 3442 1051
2770 3392 2850 3442 ed.
2876 3391 3053 3442 Venet.
3072 3393 3207 3456 1728,
3230 3399 3284 3446 et
3303 3399 3394 3446 act.
3423 3405 3510 3458 tu,

376 3715 593 3786 Ἐπειδὴ
621 3715 714 3769 καὶ
735 3713 946 3786 ἀληθῶς
975 3713 1002 3785 ἡ
1033 3719 1188 3786 χάρις
1213 3715 1307 3767 καὶ
1331 3716 1364 3786 ἡ
1391 3713 1610 3785 ἀλήθεια
1632 3716 1718 3770 διὰ
1749 3719 1849 3786 Ἰη-
1878 3723 1921 3779 Α

2019 3713 2284 3782 Quoniam
2323 3721 2467 3769 certe
2503 3713 2674 3784 gratia
2702 3722 2755 3768 ct
2781 3711 2984 3766 veritas
3023 3726 3116 3782 per
3140 3710 3323 3766 Jesum
3347 3711 3502 3768 Cini-

294 3811 392 3865 σοῦ
419 3806 653 3882 Χριστοῦ
673 3807 886 3876 ἐγένετο
905 3817 930 3836 ο·
950 3806 1067 3860 ὅθεν
1086 3807 1178 3860 καὶ
1196 3805 1375 3878 χάριτί
1397 3807 1559 3877 ἐσμεν
1581 3808 1852 3879 σεσωσμέ-

1957 3816 2098 3860 stum
2157 3805 2298 3860 facta
2329 3815 2412 3860 est
2446 3807 2461 3837 ³
2510 3822 2522 3858 :
2577 3805 2720 3858 unde
2770 3810 2823 3858 et
2852 3804 3022 3873 gratia
3060 3819 3248 3858 sumus
3291 3804 3502 3870 salvati,

290 3918 396 3963 νοι,
435 3897 572 3951 κατὰ
602 3896 664 3950 τὸ
697 3894 1044 3949 ἀποστολικὸν
1075 3895 1233 3964 ῥητόν
1252 3911 1264 3924 ·
1299 3893 1409 3948 Καὶ
1441 3895 1634 3958 τοῦτο,
1669 3897 1850 3968 φησὶν,

1953 3898 2106 3966 juxta
2141 3897 2494 3967 apostolicum
2548 3894 2750 3949 dictum
2780 3896 2801 3926 ¹¹
2838 3913 2852 3948 :
2902 3893 2968 3947 Et
3000 3896 3116 3956 hoc.
3161 3894 3353 3964 inquit,
3396 3913 3499 3950 non

293 3995 407 4046 οὐκ
437 3989 506 4055 ἐξ
530 3988 722 4059 ὑμῶν·
761 3987 907 4042 Θεοῦ
940 3987 1005 4041 τὸ
1037 3986 1226 4054 δῶρον
1251 3986 1380 4058 (‘22)°
1417 3990 1526 4042 οὐκ
1553 3989 1621 4054 ἐξ
1647 3989 1850 4058 ἔργων,

1955 4004 2023 4042 ex
2046 3987 2386 4058 vobis,neque
2417 4003 2479 4041 ex
2507 3986 2766 4056 operibus,
2809 4003 2870 4040 ne
2927 3988 3043 4055 quis
3093 3987 3359 4056 glorietur.
3397 3985 3501 4042 Vo-

293 4083 398 4137 Ira
426 4082 510 4152 μή
544 4100 632 4147 τις
665 4079 1056 4148 καυχήσηται·
1094 4077 1354 4149 θελήματι
1380 4079 1511 4132 Θεοῦ
1546 4079 1656 4150 (25)
1698 4081 1725 4132 ὁ
1754 4080 1854 4132 Λόο

1959 4080 2163 4134 luntate
2192 4077 2426 4133 Verbum
2462 4092 2589 4133 caro
2619 4077 2818 4132 factum
2845 4077 2992 4140 est’,
3021 4084 3075 4131 et
3103 4078 3288 4132 habitu
3315 4078 3501 4134 inven-

294 4188 393 4241 τος
422 4170 555 4244 σὰρξ
578 4169 882 4240 γενόμενος,
912 4168 1008 4223 καὶ
1037 4170 1270 4238 σχήματι
1300 4167 1538 4240 εὑρεθεὶς
1556 4169 1630 4233 ὡς
1649 4168 1854 4241 ἄνθρω-

1957 4179 2069 4228 tum
2095 4177 2151 4224 ut
2176 4169 2337 4224 homo
2365 4168 2406 4223 ‘.
2439 4165 2556 4222 Non
2587 4176 2668 4223 est
2695 4175 2916 4224 tamena
2935 4167 3132 4223 deitate
3160 4168 3499 4226 destitutum.

295 4283 418 4330 πος,
448 4265 510 4317 οὐ
537 4263 854 4334 κατελείφθη
890 4261 1000 4332 (24)
1033 4263 1129 4333 τῆς
1167 4262 1432 4333 θεότητος.
1471 4262 1604 4315 Οὐδὲ
1629 4261 1737 4335 γὰρ
1769 4262 1852 4316 ἵνα

1958 4262 2139 4332 Neque
2173 4259 2316 4314 enim
2352 4265 2412 4312 ut
2464 4273 2496 4311 a
2535 4273 2631 4314 sua
2661 4259 2850 4328 gloria
2875 4268 2928 4314 et
2960 4259 3158 4315 virtute
3196 4259 3500 4324 desisteret,

294 4357 394 4426 τῆς
439 4356 716 4426 δύναμεως
768 4353 930 4407 αὐτοῦ
983 4353 1016 4423 ἦ
1068 4352 1222 4422 δόξης
1249 4353 1427 4405 τέλεον
1452 4353 1679 4424 ἀποστῇ,
1715 4371 1856 4411 πτω-

1959 4369 2082 4407 cum
2134 4360 2278 4408 esset
2333 4351 2506 4415 dives,
2566 4365 2770 4420 pauper
2797 4357 2879 4405 est
2932 4349 3181 4418 factus“;
3236 4351 3330 4406 sed
3365 4359 3498 4406 etut

297 4447 495 4517 χεύσας
521 4445 770 4508 πλούσιος
794 4443 886 4510 ὢν,
911 4443 1066 4497 τοῦτο
1089 4443 1300 4511 ἐγένετο
1319 4461 1330 4473 ·
1359 4442 1494 4497 ἀλλὰ
1533 4444 1618 4497 ἵνα
1645 4444 1735 4497 κο.)⁵
1765 4444 1851 4497 τὸν

1961 4451 2187 4499 mortem
2217 4457 2315 4514 pro
2346 4443 2507 4499 nobis
2538 4442 2914 4513 peccatoribus
2944 4443 3057 4513 ipse
3078 4441 3386 4510 sustineret,
3405 4443 3497 4513 ju-

295 4537 524 4592 θάνατον
552 4535 692 4606 ὑπὲρ
720 4534 874 4606 ἡμῶν
901 4532 1006 4586 τῶν
1035 4531 1370 4603 ἁμαρτωλῶν
1409 4532 1743 4604 ἀναδέξηται,
1777 4533 1854 4586 δί-

1957 4543 2074 4590 stus
2101 4551 2199 4606 pro
2231 4535 2467 4605 injustis,
2492 4544 2545 4590 et
2573 4544 2632 4589 ut
2671 4551 2772 4591 nos
2829 4534 3043 4590 oﬂ‘erret
3096 4534 3227 4597 Deo,
3259 4546 3503 4592 mortuus

298 4646 451 4692 καιος
480 4628 620 4698 ὑπὲρ
644 4626 861 4691 ἀδίκων,
895 4625 1040 4688 ὅπως
1072 4625 1216 4695 ἡμᾶς
1249 4624 1572 4695 προσαγάγῃ
1613 4624 1690 4694 τῷ
1717 4624 1853 4696 Θεῷ,

1957 4625 2174 4696 quidem
2207 4640 2391 4689 carne,
2430 4628 2730 4682 viviticatus
2769 4633 2946 4680 autem
2976 4624 3172 4694 spiritu
3201 4625 3240 4679 ⁸.
3285 4623 3347 4677 Et
3388 4634 3504 4692 post

292 4713 626 4786 ﬁuntsed;
653 4713 749 4784 μὲν
775 4711 954 4783 σαρκὶ,
984 4710 1330 4781 ζωοποιηθεὶς
1353 4711 1407 4764 δὲ
1436 4712 1721 4784 πνεύματι.
1745 4713 1854 4769 Καὶ

1959 4717 2067 4769 alia
2093 4715 2274 4772 :Unde
2299 4725 2352 4772 et
2375 4718 2699 4788 evangelista
2727 4718 2922 4773 asserit
2953 4715 3233 4771 veritatem
3271 4716 3457 4771 dicens
3485 4737 3499 4772 :

293 4808 423 4876 μεθ’
454 4804 809 4874 ἑτερα”Ὀθεν
845 4803 940 4856 καὶ
984 4803 1012 4856 ὁ
1058 4803 1446 4875 εὐαγγελιστὴς
1489 4804 1740 4876 ἀληθεύει
1771 4805 1855 4857 λέ-

1969 4805 2191 4862 Verbum
2224 4824 2347 4863 caro
2406 4808 2602 4878 factum
2646 4818 2743 4871 est,
2799 4819 2847 4860 et
2881 4805 3131 4860 habitavit
3185 4807 3238 4858 in
3288 4805 3434 4859 nobis
3458 4806 3500 4858 ⁷.

287 4909 423 4958 γων·
498 4898 550 4950 Ὁ
585 4899 773 4968 Λόγος
811 4895 964 4964 σὰρξ
1001 4895 1252 4965 ἐγένετο,
1288 4895 1383 4948 καὶ
1410 4896 1757 4962 ἐσκήνωσεν·
1792 4897 1849 4949 ἐν

1965 4897 2182 4955 Scilicet
2211 4915 2275 4956 ex
2309 4916 2415 4970 quo
2439 4900 2660 4971 angelus
2689 4899 2962 4971 Virginem
2989 4898 3264 4961 salutavit,
3284 4897 3500 4954 dicens:

373 5052 390 5084 ¹
413 5049 573 5106 Joan.
606 5067 644 5106 ι.
677 5051 760 5105 17.
869 5053 888 5082 ⁸
914 5018 1099 5121 Ephes.
1131 5065 1190 5114 ll,
1227 5051 1280 5117 8,
1309 5050 1359 5104 9.
1463 5051 1664 5107 'Jomt.
1701 5068 1736 5114 ι,
1775 5054 1854 5109 1-1.

301 5125 322 5156 ’
349 5120 508 5175 Joan.
541 5138 580 5186 t,
610 5121 694 5174 M.

1940 5053 2195 5124 ‘Pliilipp.
2231 5071 2290 5122 ιι,
2320 5054 2370 5110 7.
2445 5048 2542 5104 ⁵11
2559 5049 2810 5116 ϐοίκγιιι,
2839 5055 2891 5112 9.
3032 5054 3053 5082 '
3097 5051 3116 5085 '
3159 5052 3295 5106 Patr.
3323 5066 3384 5118 ιι,
3419 5052 3502 5106 18.

373 5236 482 5309 (ἓθ)
509 5234 820 5309 l_]_lilila_tem.
851 5235 1224 5309 Sttppl.agere.
1287 5305 1330 5309 η
1952 5236 2184 5309 fortasse
2213 5235 2438 5309 deerant
2470 5237 2523 5291 in
2547 5254 2645 5292 suo
2666 5238 2978 5309 exemplari,
3009 5247 3068 5291 ut
3090 5236 3410 5308 conjicimus
3436 5252 3504 5293 ex

372 5306 486 5370 (21)
522 5305 644 5360 Hac
684 5305 1051 5375 interpretatio
1099 5305 1632 5361 blanuhlsncnoms
1673 5314 1849 5360 exstat
1948 5307 2067 5373 ejus
2096 5307 2363 5361 versione.

302 5392 429 5446 pag.
460 5376 580 5439 175,
610 5375 739 5430 edit.
766 5375 946 5446 Italuz.
980 5376 1188 5444 Integer
1217 5377 1507 5446 auteniihic
1537 5377 1687 5430 locus
1710 5378 1843 5430 reci-
2018 5375 2129 5446 (23)
2164 5377 2452 5444 Θελήματι
2489 5379 2548 5428 Θ.
2581 5377 2684 5446 [sla
2714 5385 2768 5431 et
2797 5379 3074 5445 sequentia
3113 5375 3344 5432 Grabius
3377 5377 3502 5446 illu-

300 5443 446 5499 iatur
490 5446 648 5500 etiam
684 5446 736 5498 iu
773 5443 939 5499 Cone.
967 5443 1152 5499 Chalc.
1187 5453 1299 5516 act.
1331 5461 1365 5498 ι.
1403 5445 1593 5516 Latine
1639 5455 1843 5499 tantum
1948 5455 2080 5502 strat
2111 5443 2164 5500 in
2195 5443 2391 5500 Aunnt.
2425 5447 2489 5498 ad
2514 5446 2576 5499 G.
2613 5445 2744 5499 Bulli
2772 5443 3098 5516 Dareum/td.
3132 5446 3252 5502 Nic.
3283 5462 3334 5516 p.
3374 5445 3492 5516 173.

298 5516 502 5588 exalia
529 5523 709 5588 vetem
730 5516 997 5588 versione,
1013 5523 1160 5588 _t_om.
1188 5513 1276 5577 IV,
1307 5529 1361 5588 p_.
1397 5515 1548 5570 1158.
1616 5584 1647 5588 _
1735 5585 1762 5588 __

2018 5517 2127 5588 (24)
2165 5519 2246 5588 οὐ
2291 5517 2658 5586 κατελείφθη.
2716 5521 2771 5571 In
2824 5513 2924 5572 ms.
2981 5513 3347 5588 Seguieriano.
3396 5514 3500 5574 οὐκ

372 5583 484 5658 (22)
516 5583 663 5658 0801:)
683 5583 748 5637 τὸ
775 5583 979 5652 δῶρον.
1011 5582 1133 5638 Haec
1174 5582 1394 5658 saneiu
1437 5592 1582 5638 textu
1616 5584 1842 5658 Paulino

697 5583 748 5637 ro
775 5583 979 5652 δῶρον.
1011 5582 1133 5638 Haec
1174 5582 1394 5658 saneiu
1437 5592 1582 5638 textu
1616 5584 1842 5658 Paulino
1947 5582 2259 5658 ἀπελέεφθη.

302 5655 492 5723 Ephes.
535 5668 595 5719 Il,
627 5653 680 5720 8,
712 5669 829 5724 quae
873 5662 1047 5710 tamen
1091 5653 1269 5710 omisit
1314 5653 1591 5725 interpres.
1639 5655 1739 5709 Sed
1779 5670 1841 5708 ca
