  <div class='ocr_page' id='page_1' title='image "/cluster/home/n/w/nwhite01/storage/ocr_20150623/18/hvd.32044073501207/262.png"; bbox 0 0 3956 6198; ppageno 0'>
   <div class='ocr_carea' id='block_1_1' title="bbox 260 261 363 320">
    <p class='ocr_par' dir='ltr' id='par_1_1' title="bbox 260 261 363 320">
     <span class='ocr_line' id='line_1_1' title="bbox 260 261 363 320; baseline -0.058 1"><span class='ocrx_word' id='word_1_1' title='bbox 260 261 363 320; x_wconf 76' lang='grc'><strong>515</strong></span> 
     </span>
    </p>
   </div>
   <div class='ocr_carea' id='block_1_2' title="bbox 1697 270 2137 324">
    <p class='ocr_par' dir='ltr' id='par_1_2' title="bbox 1697 270 2137 324">
     <span class='ocr_line' id='line_1_2' title="bbox 1697 270 2137 324; baseline 0.005 -6"><span class='ocrx_word' id='word_1_2' title='bbox 1697 270 1724 318; x_wconf 80' lang='grc' dir='ltr'><strong>Ι·</strong></span> <span class='ocrx_word' id='word_1_3' title='bbox 1737 270 2137 324; x_wconf 70' lang='lat' dir='ltr'><strong>ﬂAGMLNl‘A.</strong></span> 
     </span>
    </p>
   </div>
   <div class='ocr_carea' id='block_1_3' title="bbox 3377 274 3481 327">
    <p class='ocr_par' dir='ltr' id='par_1_3' title="bbox 3377 274 3481 327">
     <span class='ocr_line' id='line_1_3' title="bbox 3377 274 3481 327; baseline -0.01 0"><span class='ocrx_word' id='word_1_4' title='bbox 3377 274 3481 327; x_wconf 74' lang='lat' dir='ltr'><strong>5M</strong></span> 
     </span>
    </p>
   </div>
   <div class='ocr_carea' id='block_1_4' title="bbox 253 372 1809 451">
    <p class='ocr_par' dir='ltr' id='par_1_4' title="bbox 253 372 1809 448">
     <span class='ocr_line' id='line_1_4' title="bbox 253 372 1809 448; baseline 0.004 -23"><span class='ocrx_word' id='word_1_5' title='bbox 253 388 375 427; x_wconf 86' lang='grc' dir='ltr'>σαν.</span> <span class='ocrx_word' id='word_1_6' title='bbox 423 372 524 426; x_wconf 73' lang='grc' dir='ltr'>Δια</span> <span class='ocrx_word' id='word_1_7' title='bbox 563 375 672 446; x_wconf 79' lang='grc' dir='ltr'><strong>γὰρ</strong></span> <span class='ocrx_word' id='word_1_8' title='bbox 704 373 858 427; x_wconf 79' lang='grc' dir='ltr'>τοῦτο</span> <span class='ocrx_word' id='word_1_9' title='bbox 895 374 986 427; x_wconf 77' lang='grc' dir='ltr'>καὶ</span> <span class='ocrx_word' id='word_1_10' title='bbox 1014 374 1042 426; x_wconf 90' lang='lat'><strong>6</strong></span> <span class='ocrx_word' id='word_1_11' title='bbox 1067 374 1547 447; x_wconf 87' lang='grc' dir='ltr'>νενομοθετημένος</span> <span class='ocrx_word' id='word_1_12' title='bbox 1582 377 1685 448; x_wconf 76' lang='grc' dir='ltr'><strong>μὴν</strong></span> <span class='ocrx_word' id='word_1_13' title='bbox 1713 377 1809 432; x_wconf 71' lang='grc' dir='ltr'><strong>τῶι</strong></span> 
     </span>
    </p>
   </div>
   <div class='ocr_carea' id='block_1_5' title="bbox 1908 372 3479 451">
    <p class='ocr_par' dir='ltr' id='par_1_5' title="bbox 1925 376 3479 451">
     <span class='ocr_line' id='line_1_5' title="bbox 1925 376 3479 451; baseline 0.005 -20"><span class='ocrx_word' id='word_1_14' title='bbox 1925 385 2108 432; x_wconf 89' lang='lat' dir='ltr'><strong>tatem.</strong></span> <span class='ocrx_word' id='word_1_15' title='bbox 2142 376 2266 432; x_wconf 93' lang='lat' dir='ltr'><strong>ldeo</strong></span> <span class='ocrx_word' id='word_1_16' title='bbox 2287 378 2484 448; x_wconf 90' lang='lat' dir='ltr'><strong>quippe</strong></span> <span class='ocrx_word' id='word_1_17' title='bbox 2510 378 2712 434; x_wconf 85' lang='lat' dir='ltr'><strong>mensis</strong></span> <span class='ocrx_word' id='word_1_18' title='bbox 2736 392 3000 433; x_wconf 88' lang='lat' dir='ltr'><strong>novorum</strong></span> <span class='ocrx_word' id='word_1_19' title='bbox 3025 393 3056 434; x_wconf 86' lang='lat' dir='ltr'><strong>a</strong></span> <span class='ocrx_word' id='word_1_20' title='bbox 3077 379 3192 451; x_wconf 88' lang='lat' dir='ltr'><strong>lege</strong></span> <span class='ocrx_word' id='word_1_21' title='bbox 3221 378 3479 439; x_wconf 89' lang='lat' dir='ltr'><strong>inductus</strong></span> 
     </span>
    </p>
   </div>
   <div class='ocr_carea' id='block_1_6' title="bbox 253 465 1815 538">
    <p class='ocr_par' dir='ltr' id='par_1_6' title="bbox 253 465 1815 538">
     <span class='ocr_line' id='line_1_6' title="bbox 253 465 1815 538; baseline 0.002 -20"><span class='ocrx_word' id='word_1_22' title='bbox 253 466 395 519; x_wconf 83' lang='grc' dir='ltr'>νέων</span> <span class='ocrx_word' id='word_1_23' title='bbox 423 465 560 538; x_wconf 77' lang='grc' dir='ltr'>ἁρχὴ</span> <span class='ocrx_word' id='word_1_24' title='bbox 591 466 792 536; x_wconf 91' lang='grc' dir='ltr'>μηνῶν,</span> <span class='ocrx_word' id='word_1_25' title='bbox 837 468 927 520; x_wconf 72' lang='grc' dir='ltr'><strong>καὶ</strong></span> <span class='ocrx_word' id='word_1_26' title='bbox 956 466 1166 537; x_wconf 89' lang='grc' dir='ltr'>πρῶτος</span> <span class='ocrx_word' id='word_1_27' title='bbox 1195 469 1252 520; x_wconf 87' lang='grc' dir='ltr'><strong>ἐν</strong></span> <span class='ocrx_word' id='word_1_28' title='bbox 1279 469 1390 531; x_wconf 90' lang='grc' dir='ltr'>τοῖς</span> <span class='ocrx_word' id='word_1_29' title='bbox 1426 469 1558 538; x_wconf 73' lang='grc' dir='ltr'>μησὶ</span> <span class='ocrx_word' id='word_1_30' title='bbox 1585 467 1676 520; x_wconf 77' lang='grc' dir='ltr'>τοῦ</span> <span class='ocrx_word' id='word_1_31' title='bbox 1708 470 1785 521; x_wconf 83' lang='grc' dir='ltr'><strong>ἐνι</strong></span> <span class='ocrx_word' id='word_1_32' title='bbox 1803 498 1815 506; x_wconf 94' lang='grc'><strong><em>-</em></strong></span> 
     </span>
    </p>
   </div>
   <div class='ocr_carea' id='block_1_7' title="bbox 255 557 1816 630">
    <p class='ocr_par' dir='ltr' id='par_1_7' title="bbox 255 557 1816 630">
     <span class='ocr_line' id='line_1_7' title="bbox 255 557 1816 630; baseline 0.001 -19"><span class='ocrx_word' id='word_1_33' title='bbox 255 557 425 612; x_wconf 77' lang='grc' dir='ltr'><strong>αυτοῦ</strong></span> <span class='ocrx_word' id='word_1_34' title='bbox 470 557 767 630; x_wconf 74' lang='grc' dir='ltr'><strong>ἐγνωρίσθη</strong></span> <span class='ocrx_word' id='word_1_35' title='bbox 801 560 926 629; x_wconf 77' lang='grc' dir='ltr'>ἡμῖν</span> <span class='ocrx_word' id='word_1_36' title='bbox 947 575 960 588; x_wconf 88' lang='grc'><strong>·</strong></span> <span class='ocrx_word' id='word_1_37' title='bbox 993 560 1086 612; x_wconf 80' lang='grc' dir='ltr'><strong>καὶ</strong></span> <span class='ocrx_word' id='word_1_38' title='bbox 1118 559 1220 611; x_wconf 82' lang='grc' dir='ltr'>ὑπὸ</span> <span class='ocrx_word' id='word_1_39' title='bbox 1264 559 1370 611; x_wconf 89' lang='grc' dir='ltr'><strong>τῶν</strong></span> <span class='ocrx_word' id='word_1_40' title='bbox 1413 559 1652 612; x_wconf 88' lang='grc' dir='ltr'>παλαιῶν</span> <span class='ocrx_word' id='word_1_41' title='bbox 1686 577 1816 628; x_wconf 84' lang='grc' dir='ltr'>συγ-</span> 
     </span>
    </p>
   </div>
   <div class='ocr_carea' id='block_1_8' title="bbox 257 651 1818 724">
    <p class='ocr_par' dir='ltr' id='par_1_8' title="bbox 257 651 1818 724">
     <span class='ocr_line' id='line_1_8' title="bbox 257 651 1818 724; baseline 0.002 -21"><span class='ocrx_word' id='word_1_42' title='bbox 257 652 513 722; x_wconf 67' lang='grc' dir='ltr'>γραφέων</span> <span class='ocrx_word' id='word_1_43' title='bbox 543 651 649 704; x_wconf 81' lang='grc' dir='ltr'><strong>τῶν</strong></span> <span class='ocrx_word' id='word_1_44' title='bbox 670 652 773 723; x_wconf 76' lang='grc' dir='ltr'><strong>πρὸ</strong></span> <span class='ocrx_word' id='word_1_45' title='bbox 797 653 892 724; x_wconf 85' lang='grc' dir='ltr'>τῆς</span> <span class='ocrx_word' id='word_1_46' title='bbox 913 651 1162 716; x_wconf 78' lang='grc' dir='ltr'><strong>ἁλώσεως</strong></span> <span class='ocrx_word' id='word_1_47' title='bbox 1194 653 1292 722; x_wconf 77' lang='grc' dir='ltr'>τῆς</span> <span class='ocrx_word' id='word_1_48' title='bbox 1335 653 1704 724; x_wconf 79' lang='grc' dir='ltr'>Ἰερουσαλὴμ,</span> <span class='ocrx_word' id='word_1_49' title='bbox 1727 655 1818 706; x_wconf 73' lang='grc' dir='ltr'>καὶ</span> 
     </span>
    </p>
   </div>
   <div class='ocr_carea' id='block_1_9' title="bbox 255 740 1817 816">
    <p class='ocr_par' dir='ltr' id='par_1_9' title="bbox 255 740 1817 816">
     <span class='ocr_line' id='line_1_9' title="bbox 255 740 1817 816; baseline 0.003 -24"><span class='ocrx_word' id='word_1_50' title='bbox 255 741 362 793; x_wconf 77' lang='grc' dir='ltr'>ὑπὸ</span> <span class='ocrx_word' id='word_1_51' title='bbox 393 740 500 794; x_wconf 89' lang='grc' dir='ltr'><strong>τῶν</strong></span> <span class='ocrx_word' id='word_1_52' title='bbox 530 741 666 794; x_wconf 85' lang='grc' dir='ltr'>νέων</span> <span class='ocrx_word' id='word_1_53' title='bbox 709 741 818 794; x_wconf 90' lang='grc' dir='ltr'><strong>τῶν</strong></span> <span class='ocrx_word' id='word_1_54' title='bbox 865 742 999 812; x_wconf 86' lang='grc' dir='ltr'>μετὰ</span> <span class='ocrx_word' id='word_1_55' title='bbox 1021 742 1117 813; x_wconf 80' lang='grc' dir='ltr'><strong>τὴν</strong></span> <span class='ocrx_word' id='word_1_56' title='bbox 1149 743 1344 796; x_wconf 74' lang='grc' dir='ltr'>ἅλωσιν</span> <span class='ocrx_word' id='word_1_57' title='bbox 1383 743 1594 815; x_wconf 78' lang='grc' dir='ltr'><strong>ἐδείχθη</strong></span> <span class='ocrx_word' id='word_1_58' title='bbox 1634 743 1817 816; x_wconf 85' lang='grc' dir='ltr'>ὁροθε-</span> 
     </span>
    </p>
   </div>
   <div class='ocr_carea' id='block_1_10' title="bbox 249 833 1818 908">
    <p class='ocr_par' dir='ltr' id='par_1_10' title="bbox 249 833 1818 908">
     <span class='ocr_line' id='line_1_10' title="bbox 249 833 1818 908; baseline 0.004 -24"><span class='ocrx_word' id='word_1_59' title='bbox 249 833 374 886; x_wconf 81' lang='grc' dir='ltr'>σίαν</span> <span class='ocrx_word' id='word_1_60' title='bbox 404 835 550 902; x_wconf 73' lang='grc' dir='ltr'>ἔχειν</span> <span class='ocrx_word' id='word_1_61' title='bbox 577 833 1052 906; x_wconf 82' lang='grc' dir='ltr'>εἰλικρινεστάτην,</span> <span class='ocrx_word' id='word_1_62' title='bbox 1089 836 1182 888; x_wconf 59' lang='grc' dir='ltr'><strong>καὶ⁹</strong></span> <span class='ocrx_word' id='word_1_63' title='bbox 1209 837 1710 908; x_wconf 79' lang='grc' dir='ltr'><strong>καταφανεστάτην,</strong></span> <span class='ocrx_word' id='word_1_64' title='bbox 1733 836 1818 891; x_wconf 80' lang='grc' dir='ltr'><strong>διὰ</strong></span> 
     </span>
    </p>
   </div>
   <div class='ocr_carea' id='block_1_11' title="bbox 245 923 1816 1000">
    <p class='ocr_par' dir='ltr' id='par_1_11' title="bbox 245 923 1816 1000">
     <span class='ocr_line' id='line_1_11' title="bbox 245 923 1816 1000; baseline 0.004 -24"><span class='ocrx_word' id='word_1_65' title='bbox 245 925 308 977; x_wconf 72' lang='grc' dir='ltr'>τὸ</span> <span class='ocrx_word' id='word_1_66' title='bbox 339 923 578 996; x_wconf 84' lang='grc' dir='ltr'>μάλιστα</span> <span class='ocrx_word' id='word_1_67' title='bbox 618 924 727 978; x_wconf 79' lang='grc' dir='ltr'>ἔσθ’</span> <span class='ocrx_word' id='word_1_68' title='bbox 760 927 846 979; x_wconf 80' lang='grc' dir='ltr'><strong>ὅτε</strong></span> <span class='ocrx_word' id='word_1_69' title='bbox 891 927 988 996; x_wconf 80' lang='grc' dir='ltr'><strong>μὲν</strong></span> <span class='ocrx_word' id='word_1_70' title='bbox 1017 927 1085 980; x_wconf 76' lang='grc' dir='ltr'><strong>τὰ</strong></span> <span class='ocrx_word' id='word_1_71' title='bbox 1125 927 1218 980; x_wconf 91' lang='grc' dir='ltr'><strong>νέα</strong></span> <span class='ocrx_word' id='word_1_72' title='bbox 1250 927 1306 982; x_wconf 79' lang='grc' dir='ltr'><strong>έν</strong></span> <span class='ocrx_word' id='word_1_73' title='bbox 1336 945 1444 981; x_wconf 86' lang='grc' dir='ltr'>τισι</span> <span class='ocrx_word' id='word_1_74' title='bbox 1470 929 1654 992; x_wconf 85' lang='grc' dir='ltr'><strong>τόποις</strong></span> <span class='ocrx_word' id='word_1_75' title='bbox 1683 946 1816 1000; x_wconf 80' lang='grc' dir='ltr'>προ-</span> 
     </span>
    </p>
   </div>
   <div class='ocr_carea' id='block_1_12' title="bbox 247 1015 1818 1092">
    <p class='ocr_par' dir='ltr' id='par_1_12' title="bbox 247 1015 1818 1092">
     <span class='ocr_line' id='line_1_12' title="bbox 247 1015 1818 1092; baseline 0.003 -23"><span class='ocrx_word' id='word_1_76' title='bbox 247 1015 552 1087; x_wconf 77' lang='grc' dir='ltr'>λαμϐάνειν</span> <span class='ocrx_word' id='word_1_77' title='bbox 571 1056 585 1079; x_wconf 93' lang='grc'><strong>,</strong></span> <span class='ocrx_word' id='word_1_78' title='bbox 613 1015 719 1069; x_wconf 77' lang='grc' dir='ltr'>ἔσθ’</span> <span class='ocrx_word' id='word_1_79' title='bbox 751 1018 837 1070; x_wconf 84' lang='grc' dir='ltr'><strong>ὅτε</strong></span> <span class='ocrx_word' id='word_1_80' title='bbox 859 1017 914 1070; x_wconf 84' lang='grc' dir='ltr'><strong>δέ</strong></span> <span class='ocrx_word' id='word_1_81' title='bbox 944 1019 1184 1089; x_wconf 80' lang='grc' dir='ltr'>ὑστερεῖν</span> <span class='ocrx_word' id='word_1_82' title='bbox 1210 1019 1270 1072; x_wconf 83' lang='grc' dir='ltr'><strong>τὸ</strong></span> <span class='ocrx_word' id='word_1_83' title='bbox 1301 1021 1428 1072; x_wconf 83' lang='grc' dir='ltr'>ποτὲ</span> <span class='ocrx_word' id='word_1_84' title='bbox 1458 1019 1699 1092; x_wconf 81' lang='grc' dir='ltr'><strong>πρώϊμα,</strong></span> <span class='ocrx_word' id='word_1_85' title='bbox 1724 1038 1818 1073; x_wconf 77' lang='grc' dir='ltr'>πο-</span> 
     </span>
    </p>
   </div>
   <div class='ocr_carea' id='block_1_13' title="bbox 247 1107 1816 1184">
    <p class='ocr_par' dir='ltr' id='par_1_13' title="bbox 247 1107 1816 1184">
     <span class='ocr_line' id='line_1_13' title="bbox 247 1107 1816 1184; baseline 0.003 -23"><span class='ocrx_word' id='word_1_86' title='bbox 247 1111 304 1162; x_wconf 73' lang='grc' dir='ltr'>τὲ</span> <span class='ocrx_word' id='word_1_87' title='bbox 356 1108 529 1180; x_wconf 74' lang='grc' dir='ltr'>ὄψιμα</span> <span class='ocrx_word' id='word_1_88' title='bbox 577 1107 859 1177; x_wconf 67' lang='grc' dir='ltr'>γενέσθαι*</span> <span class='ocrx_word' id='word_1_89' title='bbox 917 1109 1194 1181; x_wconf 83' lang='grc' dir='ltr'>ὡσπεροῦν</span> <span class='ocrx_word' id='word_1_90' title='bbox 1239 1112 1330 1164; x_wconf 76' lang='grc' dir='ltr'><strong>καὶ</strong></span> <span class='ocrx_word' id='word_1_91' title='bbox 1375 1113 1489 1166; x_wconf 83' lang='grc' dir='ltr'>κατ’</span> <span class='ocrx_word' id='word_1_92' title='bbox 1521 1112 1684 1184; x_wconf 79' lang='grc' dir='ltr'>αὐτὴν</span> <span class='ocrx_word' id='word_1_93' title='bbox 1720 1112 1816 1184; x_wconf 86' lang='grc' dir='ltr'><strong>τὴν</strong></span> 
     </span>
    </p>
   </div>
   <div class='ocr_carea' id='block_1_14' title="bbox 245 1202 1816 1276">
    <p class='ocr_par' dir='ltr' id='par_1_14' title="bbox 245 1202 1816 1276">
     <span class='ocr_line' id='line_1_14' title="bbox 245 1202 1816 1276; baseline 0.003 -22"><span class='ocrx_word' id='word_1_94' title='bbox 245 1202 422 1276; x_wconf 77' lang='grc' dir='ltr'>ἀρχὴν</span> <span class='ocrx_word' id='word_1_95' title='bbox 442 1202 546 1271; x_wconf 75' lang='grc' dir='ltr'>τῆς</span> <span class='ocrx_word' id='word_1_96' title='bbox 571 1202 673 1274; x_wconf 83' lang='grc' dir='ltr'><strong>πρὸ</strong></span> <span class='ocrx_word' id='word_1_97' title='bbox 700 1202 792 1255; x_wconf 75' lang='grc' dir='ltr'><strong>τοῦ</strong></span> <span class='ocrx_word' id='word_1_98' title='bbox 821 1203 1011 1274; x_wconf 83' lang='grc' dir='ltr'>Πάσχα</span> <span class='ocrx_word' id='word_1_99' title='bbox 1039 1203 1355 1274; x_wconf 79' lang='grc' dir='ltr'>νομοθεσίας</span> <span class='ocrx_word' id='word_1_100' title='bbox 1382 1205 1606 1274; x_wconf 82' lang='grc' dir='ltr'>ἐγίνετο,</span> <span class='ocrx_word' id='word_1_101' title='bbox 1635 1205 1816 1270; x_wconf 84' lang='grc' dir='ltr'>καθὼς</span> 
     </span>
    </p>
   </div>
   <div class='ocr_carea' id='block_1_15' title="bbox 244 1292 1813 1368">
    <p class='ocr_par' dir='ltr' id='par_1_15' title="bbox 244 1292 1813 1368">
     <span class='ocr_line' id='line_1_15' title="bbox 244 1292 1813 1368; baseline 0.016 -24"><span class='ocrx_word' id='word_1_102' title='bbox 244 1295 557 1364; x_wconf 86' lang='grc' dir='ltr'>γέγραπται</span> <span class='ocrx_word' id='word_1_103' title='bbox 577 1311 589 1324; x_wconf 70' lang='grc' dir='ltr'><strong>ι</strong></span> <span class='ocrx_word' id='word_1_104' title='bbox 624 1294 675 1346; x_wconf 90' lang='grc' dir='ltr'><strong><em>Ὀ</em></strong></span> <span class='ocrx_word' id='word_1_105' title='bbox 704 1292 771 1347; x_wconf 84' lang='grc' dir='ltr'>δὲ</span> <span class='ocrx_word' id='word_1_106' title='bbox 797 1294 985 1362; x_wconf 75' lang='grc' dir='ltr'>πυρὸς</span> <span class='ocrx_word' id='word_1_107' title='bbox 1013 1295 1108 1348; x_wconf 74' lang='grc' dir='ltr'><strong>καὶ</strong></span> <span class='ocrx_word' id='word_1_108' title='bbox 1142 1296 1178 1363; x_wconf 75' lang='grc' dir='ltr'><strong><em>ἡ</em></strong></span> <span class='ocrx_word' id='word_1_109' title='bbox 1211 1295 1396 1364; x_wconf 77' lang='grc' dir='ltr'>ὄλυρα</span> <span class='ocrx_word' id='word_1_110' title='bbox 1424 1299 1533 1350; x_wconf 75' lang='grc' dir='ltr'><strong>οὐκ</strong></span> <span class='ocrx_word' id='word_1_111' title='bbox 1558 1296 1813 1368; x_wconf 66' lang='grc' dir='ltr'>ἐπλήγην</span> 
     </span>
    </p>
   </div>
   <div class='ocr_carea' id='block_1_16' title="bbox 244 1382 1815 1460">
    <p class='ocr_par' dir='ltr' id='par_1_16' title="bbox 244 1382 1815 1460">
     <span class='ocr_line' id='line_1_16' title="bbox 244 1382 1815 1460; baseline 0.003 -23"><span class='ocrx_word' id='word_1_112' title='bbox 244 1387 432 1454; x_wconf 65' lang='grc' dir='ltr'>ἱψιμα</span> <span class='ocrx_word' id='word_1_113' title='bbox 617 1382 880 1459; x_wconf 79' lang='grc' dir='ltr'>ἦν.”Οθεν</span> <span class='ocrx_word' id='word_1_114' title='bbox 907 1385 1082 1450; x_wconf 87' lang='grc' dir='ltr'>καλῶς</span> <span class='ocrx_word' id='word_1_115' title='bbox 1115 1387 1528 1460; x_wconf 80' lang='grc' dir='ltr'>νενομοθέτηται</span> <span class='ocrx_word' id='word_1_116' title='bbox 1565 1389 1672 1442; x_wconf 77' lang='grc' dir='ltr'>ἀπὸ</span> <span class='ocrx_word' id='word_1_117' title='bbox 1718 1390 1815 1460; x_wconf 83' lang='grc' dir='ltr'>τῆς</span> 
     </span>
    </p>
   </div>
   <div class='ocr_carea' id='block_1_17' title="bbox 242 1477 1814 1556">
    <p class='ocr_par' dir='ltr' id='par_1_17' title="bbox 242 1477 1814 1556">
     <span class='ocr_line' id='line_1_17' title="bbox 242 1477 1814 1556; baseline 0.004 -27"><span class='ocrx_word' id='word_1_118' title='bbox 242 1477 470 1556; x_wconf 68' lang='grc' dir='ltr'>ἐαρινῆς</span> <span class='ocrx_word' id='word_1_119' title='bbox 498 1477 799 1550; x_wconf 78' lang='grc' dir='ltr'>ἰσημερίας,</span> <span class='ocrx_word' id='word_1_120' title='bbox 828 1480 906 1542; x_wconf 83' lang='grc' dir='ltr'><strong>είς</strong></span> <span class='ocrx_word' id='word_1_121' title='bbox 932 1479 1121 1533; x_wconf 83' lang='grc' dir='ltr'>ὁποίαν</span> <span class='ocrx_word' id='word_1_122' title='bbox 1151 1479 1194 1532; x_wconf 80' lang='grc' dir='ltr'>δ’</span> <span class='ocrx_word' id='word_1_123' title='bbox 1221 1480 1284 1533; x_wconf 87' lang='grc' dir='ltr'><strong>ἂν</strong></span> <span class='ocrx_word' id='word_1_124' title='bbox 1310 1481 1572 1552; x_wconf 80' lang='grc' dir='ltr'>ἑϐδομάδα</span> <span class='ocrx_word' id='word_1_125' title='bbox 1601 1482 1814 1555; x_wconf 81' lang='grc' dir='ltr'>ἐμπέσῃ</span> 
     </span>
    </p>
   </div>
   <div class='ocr_carea' id='block_1_18' title="bbox 244 1568 1812 1643">
    <p class='ocr_par' dir='ltr' id='par_1_18' title="bbox 244 1568 1812 1643">
     <span class='ocr_line' id='line_1_18' title="bbox 244 1568 1812 1643; baseline 0.002 -23"><span class='ocrx_word' id='word_1_126' title='bbox 244 1569 276 1637; x_wconf 79' lang='grc' dir='ltr'><strong>ἡ</strong></span> <span class='ocrx_word' id='word_1_127' title='bbox 307 1568 928 1640; x_wconf 84' lang='grc' dir='ltr'>τεσσαρεσκαιδεκαταία</span> <span class='ocrx_word' id='word_1_128' title='bbox 966 1568 1058 1622; x_wconf 77' lang='grc' dir='ltr'>τοῦ</span> <span class='ocrx_word' id='word_1_129' title='bbox 1099 1569 1313 1641; x_wconf 81' lang='grc' dir='ltr'>πρώτου</span> <span class='ocrx_word' id='word_1_130' title='bbox 1349 1571 1531 1642; x_wconf 77' lang='grc' dir='ltr'>μηνὸς,</span> <span class='ocrx_word' id='word_1_131' title='bbox 1564 1573 1620 1623; x_wconf 84' lang='grc' dir='ltr'><strong>ἐν</strong></span> <span class='ocrx_word' id='word_1_132' title='bbox 1678 1571 1812 1643; x_wconf 76' lang='grc' dir='ltr'>αὐτῇ</span> 
     </span>
    </p>
   </div>
   <div class='ocr_carea' id='block_1_19' title="bbox 241 1660 1816 1735">
    <p class='ocr_par' dir='ltr' id='par_1_19' title="bbox 241 1660 1816 1735">
     <span class='ocr_line' id='line_1_19' title="bbox 241 1660 1816 1735; baseline 0.003 -22"><span class='ocrx_word' id='word_1_133' title='bbox 241 1661 517 1713; x_wconf 77' lang='grc' dir='ltr'>ἐπιτελεῖν</span> <span class='ocrx_word' id='word_1_134' title='bbox 551 1661 608 1714; x_wconf 79' lang='grc' dir='ltr'><strong>τὸ</strong></span> <span class='ocrx_word' id='word_1_135' title='bbox 639 1660 847 1732; x_wconf 80' lang='grc' dir='ltr'>Πάσχα,</span> <span class='ocrx_word' id='word_1_136' title='bbox 883 1661 1017 1732; x_wconf 74' lang='grc' dir='ltr'>μετὰ</span> <span class='ocrx_word' id='word_1_137' title='bbox 1049 1661 1141 1716; x_wconf 81' lang='grc' dir='ltr'>τοῦ</span> <span class='ocrx_word' id='word_1_138' title='bbox 1187 1663 1278 1716; x_wconf 79' lang='grc' dir='ltr'><strong>καὶ</strong></span> <span class='ocrx_word' id='word_1_139' title='bbox 1317 1663 1563 1734; x_wconf 85' lang='grc' dir='ltr'>ἐγκώμια</span> <span class='ocrx_word' id='word_1_140' title='bbox 1598 1681 1816 1735; x_wconf 82' lang='grc' dir='ltr'>πρεπω-</span> 
     </span>
    </p>
   </div>
   <div class='ocr_carea' id='block_1_20' title="bbox 1921 469 3480 541">
    <p class='ocr_par' dir='ltr' id='par_1_20' title="bbox 1921 469 3480 541">
     <span class='ocr_line' id='line_1_20' title="bbox 1921 469 3480 541; baseline 0.005 -19"><span class='ocrx_word' id='word_1_141' title='bbox 1921 469 2185 523; x_wconf 90' lang='lat' dir='ltr'><strong>mensium</strong></span> <span class='ocrx_word' id='word_1_142' title='bbox 2212 469 2529 534; x_wconf 79' lang='lat' dir='ltr'><strong>exordium,</strong></span> <span class='ocrx_word' id='word_1_143' title='bbox 2565 484 2629 522; x_wconf 90' lang='lat' dir='ltr'><strong>ac</strong></span> <span class='ocrx_word' id='word_1_144' title='bbox 2673 470 2878 541; x_wconf 88' lang='lat' dir='ltr'><strong>primus</strong></span> <span class='ocrx_word' id='word_1_145' title='bbox 2906 470 3048 524; x_wconf 92' lang='lat' dir='ltr'><strong>inter</strong></span> <span class='ocrx_word' id='word_1_146' title='bbox 3091 471 3219 525; x_wconf 88' lang='lat' dir='ltr'><strong>anni</strong></span> <span class='ocrx_word' id='word_1_147' title='bbox 3265 488 3480 530; x_wconf 85' lang='lat' dir='ltr'><strong>menses</strong></span> 
     </span>
    </p>
   </div>
   <div class='ocr_carea' id='block_1_21' title="bbox 1920 557 3479 631">
    <p class='ocr_par' dir='ltr' id='par_1_21' title="bbox 1920 557 3479 631">
     <span class='ocr_line' id='line_1_21' title="bbox 1920 557 3479 631; baseline 0.004 -19"><span class='ocrx_word' id='word_1_148' title='bbox 1920 559 2076 615; x_wconf 89' lang='lat' dir='ltr'><strong>nobis</strong></span> <span class='ocrx_word' id='word_1_149' title='bbox 2105 568 2268 615; x_wconf 87' lang='lat' dir='ltr'><strong>notus</strong></span> <span class='ocrx_word' id='word_1_150' title='bbox 2301 557 2476 614; x_wconf 87' lang='lat' dir='ltr'><strong>factus</strong></span> <span class='ocrx_word' id='word_1_151' title='bbox 2502 567 2584 614; x_wconf 89' lang='lat' dir='ltr'><strong>est</strong></span> <span class='ocrx_word' id='word_1_152' title='bbox 2613 578 2623 612; x_wconf 91' lang='lat'><strong>:</strong></span> <span class='ocrx_word' id='word_1_153' title='bbox 2657 567 2710 614; x_wconf 90' lang='lat' dir='ltr'><strong>et</strong></span> <span class='ocrx_word' id='word_1_154' title='bbox 2743 561 2810 614; x_wconf 88' lang='lat' dir='ltr'><strong>ab</strong></span> <span class='ocrx_word' id='word_1_155' title='bbox 2849 560 3086 631; x_wconf 77' lang='lat' dir='ltr'><strong>antiquis</strong></span> <span class='ocrx_word' id='word_1_156' title='bbox 3122 561 3479 631; x_wconf 76' lang='lat' dir='ltr'><strong>scriptoribus</strong></span> 
     </span>
    </p>
   </div>
   <div class='ocr_carea' id='block_1_22' title="bbox 1918 639 3476 724">
    <p class='ocr_par' dir='ltr' id='par_1_22' title="bbox 1918 639 3476 724">
     <span class='ocr_line' id='line_1_22' title="bbox 1918 639 3476 724; baseline 0.002 -21"><span class='ocrx_word' id='word_1_157' title='bbox 1918 650 2010 719; x_wconf 89' lang='lat' dir='ltr'><strong>qui</strong></span> <span class='ocrx_word' id='word_1_158' title='bbox 2040 657 2185 713; x_wconf 86' lang='lat' dir='ltr'><strong>ante,</strong></span> <span class='ocrx_word' id='word_1_159' title='bbox 2211 656 2263 704; x_wconf 90' lang='lat' dir='ltr'><strong>et</strong></span> <span class='ocrx_word' id='word_1_160' title='bbox 2293 665 2322 702; x_wconf 90' lang='lat' dir='ltr'><strong>a</strong></span> <span class='ocrx_word' id='word_1_161' title='bbox 2352 649 2743 720; x_wconf 77' lang='lat' dir='ltr'><strong>posterioribus</strong></span> <span class='ocrx_word' id='word_1_162' title='bbox 2785 649 2877 720; x_wconf 90' lang='lat' dir='ltr'><strong>qui</strong></span> <span class='ocrx_word' id='word_1_163' title='bbox 2908 661 3026 720; x_wconf 85' lang='lat' dir='ltr'><strong>post</strong></span> <span class='ocrx_word' id='word_1_164' title='bbox 3065 639 3476 724; x_wconf 79' lang='lat' dir='ltr'><strong>Hierosolymo-</strong></span> 
     </span>
    </p>
   </div>
   <div class='ocr_carea' id='block_1_23' title="bbox 1918 740 3476 806">
    <p class='ocr_par' dir='ltr' id='par_1_23' title="bbox 1918 740 3476 806">
     <span class='ocr_line' id='line_1_23' title="bbox 1918 740 3476 806; baseline 0.002 -12"><span class='ocrx_word' id='word_1_165' title='bbox 1918 756 2038 794; x_wconf 87' lang='lat' dir='ltr'><strong>rum</strong></span> <span class='ocrx_word' id='word_1_166' title='bbox 2063 740 2331 796; x_wconf 82' lang='lat' dir='ltr'><strong>excidium</strong></span> <span class='ocrx_word' id='word_1_167' title='bbox 2367 741 2547 795; x_wconf 77' lang='lat' dir='ltr'><strong>vixere</strong></span> <span class='ocrx_word' id='word_1_168' title='bbox 2570 782 2582 806; x_wconf 86' lang='lat'>.</span> <span class='ocrx_word' id='word_1_169' title='bbox 2619 741 3051 797; x_wconf 90' lang='lat' dir='ltr'><strong>sincerissimum</strong></span> <span class='ocrx_word' id='word_1_170' title='bbox 3086 757 3149 796; x_wconf 92' lang='lat' dir='ltr'><strong>ac</strong></span> <span class='ocrx_word' id='word_1_171' title='bbox 3179 742 3476 802; x_wconf 85' lang='lat' dir='ltr'><strong>evidentis-</strong></span> 
     </span>
    </p>
   </div>
   <div class='ocr_carea' id='block_1_24' title="bbox 1918 831 3474 904">
    <p class='ocr_par' dir='ltr' id='par_1_24' title="bbox 1918 831 3474 904">
     <span class='ocr_line' id='line_1_24' title="bbox 1918 831 3474 904; baseline 0.003 -20"><span class='ocrx_word' id='word_1_172' title='bbox 1918 831 2115 886; x_wconf 86' lang='lat' dir='ltr'><strong>simum</strong></span> <span class='ocrx_word' id='word_1_173' title='bbox 2143 832 2344 886; x_wconf 85' lang='lat' dir='ltr'><strong>habere</strong></span> <span class='ocrx_word' id='word_1_174' title='bbox 2379 833 2666 886; x_wconf 87' lang='lat' dir='ltr'><strong>terminum</strong></span> <span class='ocrx_word' id='word_1_175' title='bbox 2700 833 3127 888; x_wconf 88' lang='lat' dir='ltr'><strong>demonstratum</strong></span> <span class='ocrx_word' id='word_1_176' title='bbox 3169 840 3254 889; x_wconf 86' lang='lat' dir='ltr'><strong>est</strong></span> <span class='ocrx_word' id='word_1_177' title='bbox 3287 853 3300 889; x_wconf 92' lang='lat'>:</span> <span class='ocrx_word' id='word_1_178' title='bbox 3333 849 3474 904; x_wconf 69' lang='lat' dir='ltr'><strong>prae-</strong></span> 
     </span>
    </p>
   </div>
   <div class='ocr_carea' id='block_1_25' title="bbox 1917 922 3477 995">
    <p class='ocr_par' dir='ltr' id='par_1_25' title="bbox 1917 922 3477 995">
     <span class='ocr_line' id='line_1_25' title="bbox 1917 922 3477 995; baseline 0.003 -19"><span class='ocrx_word' id='word_1_179' title='bbox 1917 922 2137 987; x_wconf 90' lang='lat' dir='ltr'><strong>sertim,</strong></span> <span class='ocrx_word' id='word_1_180' title='bbox 2181 922 2323 992; x_wconf 91' lang='lat' dir='ltr'><strong>quod</strong></span> <span class='ocrx_word' id='word_1_181' title='bbox 2355 938 2492 978; x_wconf 91' lang='lat' dir='ltr'><strong>nova</strong></span> <span class='ocrx_word' id='word_1_182' title='bbox 2533 923 2802 980; x_wconf 88' lang='lat' dir='ltr'><strong>interdum</strong></span> <span class='ocrx_word' id='word_1_183' title='bbox 2850 925 3173 995; x_wconf 84' lang='lat' dir='ltr'><strong>quibusdam</strong></span> <span class='ocrx_word' id='word_1_184' title='bbox 3223 925 3280 979; x_wconf 92' lang='lat' dir='ltr'><strong>in</strong></span> <span class='ocrx_word' id='word_1_185' title='bbox 3339 925 3477 981; x_wconf 90' lang='lat' dir='ltr'><strong>locis</strong></span> 
     </span>
    </p>
   </div>
   <div class='ocr_carea' id='block_1_26' title="bbox 1916 1014 3475 1088">
    <p class='ocr_par' dir='ltr' id='par_1_26' title="bbox 1916 1014 3475 1088">
     <span class='ocr_line' id='line_1_26' title="bbox 1916 1014 3475 1088; baseline 0.002 -19"><span class='ocrx_word' id='word_1_186' title='bbox 1916 1014 2164 1088; x_wconf 65' lang='lat' dir='ltr'><strong>praeverti</strong></span> <span class='ocrx_word' id='word_1_187' title='bbox 2215 1033 2229 1069; x_wconf 92' lang='lat'>:</span> <span class='ocrx_word' id='word_1_188' title='bbox 2283 1015 2554 1070; x_wconf 87' lang='lat' dir='ltr'><strong>interdum</strong></span> <span class='ocrx_word' id='word_1_189' title='bbox 2589 1016 2751 1072; x_wconf 89' lang='lat' dir='ltr'><strong>etiam</strong></span> <span class='ocrx_word' id='word_1_190' title='bbox 2804 1017 2984 1079; x_wconf 82' lang='lat' dir='ltr'><strong>reﬁci,</strong></span> <span class='ocrx_word' id='word_1_191' title='bbox 3036 1018 3117 1072; x_wconf 90' lang='lat' dir='ltr'><strong>vel</strong></span> <span class='ocrx_word' id='word_1_192' title='bbox 3150 1018 3328 1074; x_wconf 87' lang='lat' dir='ltr'><strong>serius</strong></span> <span class='ocrx_word' id='word_1_193' title='bbox 3359 1019 3475 1074; x_wconf 74' lang='lat' dir='ltr'><strong>fieri</strong></span> 
     </span>
    </p>
   </div>
   <div class='ocr_carea' id='block_1_27' title="bbox 1915 1107 3475 1181">
    <p class='ocr_par' dir='ltr' id='par_1_27' title="bbox 1915 1107 3475 1181">
     <span class='ocr_line' id='line_1_27' title="bbox 1915 1107 3475 1181; baseline 0.003 -21"><span class='ocrx_word' id='word_1_194' title='bbox 1915 1107 2180 1178; x_wconf 58' lang='lat' dir='ltr'><strong>praecocia</strong></span> <span class='ocrx_word' id='word_1_195' title='bbox 2222 1108 2536 1178; x_wconf 79' lang='lat' dir='ltr'><strong>contingat,</strong></span> <span class='ocrx_word' id='word_1_196' title='bbox 2588 1109 2858 1178; x_wconf 89' lang='lat' dir='ltr'><strong>quomodo</strong></span> <span class='ocrx_word' id='word_1_197' title='bbox 2902 1116 3018 1163; x_wconf 89' lang='lat' dir='ltr'><strong>erat</strong></span> <span class='ocrx_word' id='word_1_198' title='bbox 3060 1109 3113 1163; x_wconf 91' lang='lat' dir='ltr'><strong>in</strong></span> <span class='ocrx_word' id='word_1_199' title='bbox 3171 1110 3291 1181; x_wconf 91' lang='lat' dir='ltr'><strong>ipso</strong></span> <span class='ocrx_word' id='word_1_200' title='bbox 3348 1117 3475 1165; x_wconf 90' lang='lat' dir='ltr'><strong>ante</strong></span> 
     </span>
    </p>
   </div>
   <div class='ocr_carea' id='block_1_28' title="bbox 1914 1198 3474 1274">
    <p class='ocr_par' dir='ltr' id='par_1_28' title="bbox 1914 1198 3474 1274">
     <span class='ocr_line' id='line_1_28' title="bbox 1914 1198 3474 1274; baseline 0.003 -22"><span class='ocrx_word' id='word_1_201' title='bbox 1914 1198 2124 1254; x_wconf 83' lang='lat' dir='ltr'><strong>Pascha</strong></span> <span class='ocrx_word' id='word_1_202' title='bbox 2175 1199 2532 1269; x_wconf 88' lang='lat' dir='ltr'><strong>legislationis</strong></span> <span class='ocrx_word' id='word_1_203' title='bbox 2593 1199 2747 1254; x_wconf 91' lang='lat' dir='ltr'><strong>initio</strong></span> <span class='ocrx_word' id='word_1_204' title='bbox 2784 1219 2796 1254; x_wconf 88' lang='lat'><strong>:</strong></span> <span class='ocrx_word' id='word_1_205' title='bbox 2827 1200 2981 1271; x_wconf 78' lang='lat' dir='ltr'><strong>juxta</strong></span> <span class='ocrx_word' id='word_1_206' title='bbox 3027 1203 3168 1271; x_wconf 90' lang='lat' dir='ltr'><strong>quod</strong></span> <span class='ocrx_word' id='word_1_207' title='bbox 3205 1203 3474 1274; x_wconf 87' lang='lat' dir='ltr'><strong>scriptum</strong></span> 
     </span>
    </p>
   </div>
   <div class='ocr_carea' id='block_1_29' title="bbox 1913 1290 3474 1366">
    <p class='ocr_par' dir='ltr' id='par_1_29' title="bbox 1913 1290 3474 1366">
     <span class='ocr_line' id='line_1_29' title="bbox 1913 1290 3474 1366; baseline 0.004 -22"><span class='ocrx_word' id='word_1_208' title='bbox 1913 1299 1997 1345; x_wconf 85' lang='lat' dir='ltr'><strong>est</strong></span> <span class='ocrx_word' id='word_1_209' title='bbox 2023 1290 2079 1345; x_wconf 74' lang='lat' dir='ltr'><strong>‘z</strong></span> <span class='ocrx_word' id='word_1_210' title='bbox 2117 1291 2373 1344; x_wconf 80' lang='lat' dir='ltr'><strong>Triticum</strong></span> <span class='ocrx_word' id='word_1_211' title='bbox 2417 1301 2588 1344; x_wconf 86' lang='lat' dir='ltr'><strong>autem</strong></span> <span class='ocrx_word' id='word_1_212' title='bbox 2631 1301 2677 1345; x_wconf 87' lang='lat' dir='ltr'><strong>et</strong></span> <span class='ocrx_word' id='word_1_213' title='bbox 2713 1292 2800 1360; x_wconf 78' lang='lat' dir='ltr'><strong>far</strong></span> <span class='ocrx_word' id='word_1_214' title='bbox 2831 1310 2933 1346; x_wconf 91' lang='lat' dir='ltr'><strong>non</strong></span> <span class='ocrx_word' id='word_1_215' title='bbox 2983 1290 3112 1346; x_wconf 72' lang='lat' dir='ltr'><strong>sunt</strong></span> <span class='ocrx_word' id='word_1_216' title='bbox 3143 1294 3300 1357; x_wconf 78' lang='lat' dir='ltr'><strong>lresa,</strong></span> <span class='ocrx_word' id='word_1_217' title='bbox 3348 1296 3474 1366; x_wconf 82' lang='lat' dir='ltr'><strong>quia</strong></span> 
     </span>
    </p>
   </div>
   <div class='ocr_carea' id='block_1_30' title="bbox 1914 1383 3470 1457">
    <p class='ocr_par' dir='ltr' id='par_1_30' title="bbox 1914 1383 3470 1457">
     <span class='ocr_line' id='line_1_30' title="bbox 1914 1383 3470 1457; baseline 0.004 -21"><span class='ocrx_word' id='word_1_218' title='bbox 1914 1384 2142 1437; x_wconf 85' lang='lat' dir='ltr'><strong>serotina</strong></span> <span class='ocrx_word' id='word_1_219' title='bbox 2179 1392 2349 1436; x_wconf 86' lang='lat' dir='ltr'><strong>erant.</strong></span> <span class='ocrx_word' id='word_1_220' title='bbox 2411 1383 2564 1439; x_wconf 90' lang='lat' dir='ltr'><strong>Unde</strong></span> <span class='ocrx_word' id='word_1_221' title='bbox 2595 1393 2739 1439; x_wconf 91' lang='lat' dir='ltr'><strong>recte</strong></span> <span class='ocrx_word' id='word_1_222' title='bbox 2763 1399 2791 1438; x_wconf 90' lang='lat' dir='ltr'><strong>a</strong></span> <span class='ocrx_word' id='word_1_223' title='bbox 2825 1386 2938 1456; x_wconf 91' lang='lat' dir='ltr'><strong>lege</strong></span> <span class='ocrx_word' id='word_1_224' title='bbox 2971 1388 3342 1457; x_wconf 65' lang='lat' dir='ltr'><strong>prmscriptum</strong></span> <span class='ocrx_word' id='word_1_225' title='bbox 3365 1397 3470 1452; x_wconf 89' lang='lat' dir='ltr'><strong>est,</strong></span> 
     </span>
    </p>
   </div>
   <div class='ocr_carea' id='block_1_31' title="bbox 1916 1476 3470 1548">
    <p class='ocr_par' dir='ltr' id='par_1_31' title="bbox 1916 1476 3470 1548">
     <span class='ocr_line' id='line_1_31' title="bbox 1916 1476 3470 1548; baseline 0.003 -21"><span class='ocrx_word' id='word_1_226' title='bbox 1916 1485 2019 1529; x_wconf 92' lang='lat' dir='ltr'><strong>uta</strong></span> <span class='ocrx_word' id='word_1_227' title='bbox 2044 1490 2210 1529; x_wconf 90' lang='lat' dir='ltr'><strong>verno</strong></span> <span class='ocrx_word' id='word_1_228' title='bbox 2226 1476 2570 1545; x_wconf 77' lang='lat' dir='ltr'><strong>a-quinoctio,</strong></span> <span class='ocrx_word' id='word_1_229' title='bbox 2597 1479 2648 1532; x_wconf 92' lang='lat' dir='ltr'><strong>in</strong></span> <span class='ocrx_word' id='word_1_230' title='bbox 2675 1493 3053 1548; x_wconf 85' lang='lat' dir='ltr'><strong>quamcunque</strong></span> <span class='ocrx_word' id='word_1_231' title='bbox 3082 1478 3470 1534; x_wconf 86' lang='lat' dir='ltr'><strong>hebdomadem</strong></span> 
     </span>
    </p>
   </div>
   <div class='ocr_carea' id='block_1_32' title="bbox 1916 1565 3471 1641">
    <p class='ocr_par' dir='ltr' id='par_1_32' title="bbox 1916 1565 3471 1641">
     <span class='ocr_line' id='line_1_32' title="bbox 1916 1565 3471 1641; baseline 0.005 -22"><span class='ocrx_word' id='word_1_232' title='bbox 1916 1565 2120 1620; x_wconf 80' lang='lat' dir='ltr'><strong>incidat</strong></span> <span class='ocrx_word' id='word_1_233' title='bbox 2170 1567 2574 1639; x_wconf 90' lang='lat' dir='ltr'><strong>decimaquarta</strong></span> <span class='ocrx_word' id='word_1_234' title='bbox 2610 1570 2768 1641; x_wconf 83' lang='lat' dir='ltr'><strong>primi</strong></span> <span class='ocrx_word' id='word_1_235' title='bbox 2805 1570 3028 1632; x_wconf 87' lang='lat' dir='ltr'><strong>mensis,</strong></span> <span class='ocrx_word' id='word_1_236' title='bbox 3062 1569 3115 1624; x_wconf 90' lang='lat' dir='ltr'><strong>in</strong></span> <span class='ocrx_word' id='word_1_237' title='bbox 3149 1570 3238 1624; x_wconf 93' lang='lat' dir='ltr'><strong>illa</strong></span> <span class='ocrx_word' id='word_1_238' title='bbox 3265 1569 3471 1626; x_wconf 85' lang='lat' dir='ltr'><strong>Pascha</strong></span> 
     </span>
    </p>
   </div>
   <div class='ocr_carea' id='block_1_33' title="bbox 1916 1661 3472 1731">
    <p class='ocr_par' dir='ltr' id='par_1_33' title="bbox 1916 1661 3472 1731">
     <span class='ocr_line' id='line_1_33' title="bbox 1916 1661 3472 1731; baseline 0.006 -20"><span class='ocrx_word' id='word_1_239' title='bbox 1916 1666 2127 1729; x_wconf 84' lang='lat' dir='ltr'><strong>agatur,</strong></span> <span class='ocrx_word' id='word_1_240' title='bbox 2160 1661 2391 1730; x_wconf 88' lang='lat' dir='ltr'><strong>sumptis</strong></span> <span class='ocrx_word' id='word_1_241' title='bbox 2419 1662 2571 1731; x_wconf 90' lang='lat' dir='ltr'><strong>prius</strong></span> <span class='ocrx_word' id='word_1_242' title='bbox 2605 1661 2672 1716; x_wconf 93' lang='lat' dir='ltr'><strong>ad</strong></span> <span class='ocrx_word' id='word_1_243' title='bbox 2705 1661 2835 1716; x_wconf 92' lang='lat' dir='ltr'><strong>illud</strong></span> <span class='ocrx_word' id='word_1_244' title='bbox 2859 1663 3242 1718; x_wconf 83' lang='lat' dir='ltr'><strong>celebrandum</strong></span> <span class='ocrx_word' id='word_1_245' title='bbox 3273 1663 3472 1720; x_wconf 85' lang='lat' dir='ltr'><strong>decen-</strong></span> 
     </span>
    </p>
   </div>
   <div class='ocr_carea' id='block_1_34' title="bbox 238 1749 1809 1828">
    <p class='ocr_par' dir='ltr' id='par_1_34' title="bbox 238 1752 1809 1828">
     <span class='ocr_line' id='line_1_34' title="bbox 238 1752 1809 1828; baseline 0.003 -23"><span class='ocrx_word' id='word_1_246' title='bbox 238 1752 478 1808; x_wconf 84' lang='grc' dir='ltr'>δέστατα</span> <span class='ocrx_word' id='word_1_247' title='bbox 505 1755 596 1807; x_wconf 75' lang='grc' dir='ltr'><strong>καὶ</strong></span> <span class='ocrx_word' id='word_1_248' title='bbox 620 1753 1065 1826; x_wconf 84' lang='grc' dir='ltr'>άρμοστικώτατα</span> <span class='ocrx_word' id='word_1_249' title='bbox 1111 1757 1189 1820; x_wconf 89' lang='grc' dir='ltr'><strong>είς</strong></span> <span class='ocrx_word' id='word_1_250' title='bbox 1218 1755 1372 1809; x_wconf 84' lang='grc' dir='ltr'>τοῦτο</span> <span class='ocrx_word' id='word_1_251' title='bbox 1407 1755 1809 1828; x_wconf 76' lang='grc' dir='ltr'>παρειληφέναι.</span> 
     </span>
    </p>
   </div>
   <div class='ocr_carea' id='block_1_35' title="bbox 1908 1749 3470 1828">
    <p class='ocr_par' dir='ltr' id='par_1_35' title="bbox 1920 1749 3470 1818">
     <span class='ocr_line' id='line_1_35' title="bbox 1920 1749 3470 1818; baseline 0.006 -17"><span class='ocrx_word' id='word_1_252' title='bbox 1920 1749 2062 1806; x_wconf 92' lang='lat' dir='ltr'><strong>tibus</strong></span> <span class='ocrx_word' id='word_1_253' title='bbox 2097 1765 2160 1805; x_wconf 85' lang='lat' dir='ltr'><strong>ac</strong></span> <span class='ocrx_word' id='word_1_254' title='bbox 2191 1753 2568 1808; x_wconf 85' lang='lat' dir='ltr'><strong>consentaneis</strong></span> <span class='ocrx_word' id='word_1_255' title='bbox 2593 1753 2874 1807; x_wconf 86' lang='lat' dir='ltr'><strong>encomiis.</strong></span> <span class='ocrx_word' id='word_1_256' title='bbox 2923 1751 3130 1808; x_wconf 78' lang='lat' dir='ltr'><strong>Primus</strong></span> <span class='ocrx_word' id='word_1_257' title='bbox 3160 1755 3297 1808; x_wconf 87' lang='lat' dir='ltr'><strong>enim</strong></span> <span class='ocrx_word' id='word_1_258' title='bbox 3323 1795 3338 1818; x_wconf 90' lang='lat'><strong>,</strong></span> <span class='ocrx_word' id='word_1_259' title='bbox 3381 1755 3470 1811; x_wconf 61' lang='lat' dir='ltr'><strong>in»</strong></span> 
     </span>
    </p>
   </div>
   <div class='ocr_carea' id='block_1_36' title="bbox 235 1843 1812 1918">
    <p class='ocr_par' dir='ltr' id='par_1_36' title="bbox 235 1843 1812 1918">
     <span class='ocr_line' id='line_1_36' title="bbox 235 1843 1812 1918; baseline 0.002 -18"><span class='ocrx_word' id='word_1_260' title='bbox 235 1844 484 1911; x_wconf 86' lang='grc' dir='ltr'>Πρῶτος</span> <span class='ocrx_word' id='word_1_261' title='bbox 526 1844 654 1916; x_wconf 67' lang='grc' dir='ltr'>γὰρ,</span> <span class='ocrx_word' id='word_1_262' title='bbox 682 1847 866 1918; x_wconf 72' lang='grc' dir='ltr'>φησὶν,</span> <span class='ocrx_word' id='word_1_263' title='bbox 894 1843 1069 1913; x_wconf 86' lang='grc' dir='ltr'>οὗτος</span> <span class='ocrx_word' id='word_1_264' title='bbox 1088 1846 1213 1917; x_wconf 83' lang='grc' dir='ltr'><strong>μὴν</strong></span> <span class='ocrx_word' id='word_1_265' title='bbox 1242 1846 1379 1918; x_wconf 80' lang='grc' dir='ltr'>ὑμῖν</span> <span class='ocrx_word' id='word_1_266' title='bbox 1409 1887 1422 1901; x_wconf 94' lang='grc'><strong>.</strong></span> <span class='ocrx_word' id='word_1_267' title='bbox 1450 1889 1462 1901; x_wconf 96' lang='grc'><strong><em>.</em></strong></span> <span class='ocrx_word' id='word_1_268' title='bbox 1491 1889 1504 1900; x_wconf 94' lang='grc'><strong>.</strong></span> <span class='ocrx_word' id='word_1_269' title='bbox 1539 1849 1636 1902; x_wconf 81' lang='grc' dir='ltr'><strong>καί</strong></span> <span class='ocrx_word' id='word_1_270' title='bbox 1657 1848 1812 1918; x_wconf 80' lang='grc' dir='ltr'>ἁρχὴ</span> 
     </span>
    </p>
   </div>
   <div class='ocr_carea' id='block_1_37' title="bbox 229 1937 1813 2010">
    <p class='ocr_par' dir='ltr' id='par_1_37' title="bbox 229 1937 1813 2010">
     <span class='ocr_line' id='line_1_37' title="bbox 229 1937 1813 2010; baseline 0.002 -19"><span class='ocrx_word' id='word_1_271' title='bbox 229 1937 454 2008; x_wconf 77' lang='grc' dir='ltr'>μηνῶν</span> <span class='ocrx_word' id='word_1_272' title='bbox 472 1938 542 1991; x_wconf 86' lang='grc' dir='ltr'><strong>ἐν</strong></span> <span class='ocrx_word' id='word_1_273' title='bbox 571 1939 692 2005; x_wconf 86' lang='grc' dir='ltr'>τοῖς</span> <span class='ocrx_word' id='word_1_274' title='bbox 707 1939 899 2009; x_wconf 80' lang='grc' dir='ltr'>μησίν</span> <span class='ocrx_word' id='word_1_275' title='bbox 917 1940 1020 1994; x_wconf 86' lang='grc' dir='ltr'>τοῦ</span> <span class='ocrx_word' id='word_1_276' title='bbox 1041 1940 1316 1995; x_wconf 79' lang='grc' dir='ltr'><strong>ἐνιαυτοῦ</strong></span> <span class='ocrx_word' id='word_1_277' title='bbox 1338 1939 1654 2010; x_wconf 75' lang='grc' dir='ltr'>γέγραπται</span> <span class='ocrx_word' id='word_1_278' title='bbox 1673 1957 1686 1972; x_wconf 75' lang='grc' dir='ltr'><strong>ο</strong></span> <span class='ocrx_word' id='word_1_279' title='bbox 1725 1942 1813 1994; x_wconf 79' lang='grc' dir='ltr'><strong>ὅτε</strong></span> 
     </span>
    </p>
   </div>
   <div class='ocr_carea' id='block_1_38' title="bbox 233 2029 1812 2104">
    <p class='ocr_par' dir='ltr' id='par_1_38' title="bbox 233 2029 1812 2104">
     <span class='ocr_line' id='line_1_38' title="bbox 233 2029 1812 2104; baseline 0.002 -21"><span class='ocrx_word' id='word_1_280' title='bbox 233 2032 267 2083; x_wconf 83' lang='lat'><strong>6</strong></span> <span class='ocrx_word' id='word_1_281' title='bbox 309 2029 410 2101; x_wconf 80' lang='grc' dir='ltr'>μὲν</span> <span class='ocrx_word' id='word_1_282' title='bbox 441 2031 588 2101; x_wconf 70' lang='grc' dir='ltr'>ἥλιος</span> <span class='ocrx_word' id='word_1_283' title='bbox 620 2032 674 2084; x_wconf 84' lang='grc' dir='ltr'>ὲν</span> <span class='ocrx_word' id='word_1_284' title='bbox 708 2032 852 2102; x_wconf 79' lang='grc' dir='ltr'>θέρει</span> <span class='ocrx_word' id='word_1_285' title='bbox 885 2033 1170 2104; x_wconf 84' lang='grc' dir='ltr'>γενόμενος</span> <span class='ocrx_word' id='word_1_286' title='bbox 1197 2032 1265 2087; x_wconf 86' lang='grc' dir='ltr'>τὰ</span> <span class='ocrx_word' id='word_1_287' title='bbox 1292 2033 1443 2104; x_wconf 79' lang='grc' dir='ltr'>φῶτα</span> <span class='ocrx_word' id='word_1_288' title='bbox 1477 2033 1691 2087; x_wconf 75' lang='grc' dir='ltr'>πλείονα</span> <span class='ocrx_word' id='word_1_289' title='bbox 1721 2034 1812 2086; x_wconf 77' lang='grc' dir='ltr'><strong>καὶ</strong></span> 
     </span>
    </p>
   </div>
   <div class='ocr_carea' id='block_1_39' title="bbox 235 2118 1808 2196">
    <p class='ocr_par' dir='ltr' id='par_1_39' title="bbox 235 2118 1808 2196">
     <span class='ocr_line' id='line_1_39' title="bbox 235 2118 1808 2196; baseline 0.005 -26"><span class='ocrx_word' id='word_1_290' title='bbox 235 2118 599 2190; x_wconf 83' lang='grc' dir='ltr'>λαμπρότερα</span> <span class='ocrx_word' id='word_1_291' title='bbox 621 2120 941 2174; x_wconf 82' lang='grc' dir='ltr'>ἀποδίδωσιν</span> <span class='ocrx_word' id='word_1_292' title='bbox 961 2138 972 2151; x_wconf 76' lang='grc' dir='ltr'><strong><em>ο</em></strong></span> <span class='ocrx_word' id='word_1_293' title='bbox 1008 2123 1040 2192; x_wconf 75' lang='grc' dir='ltr'>ἡ</span> <span class='ocrx_word' id='word_1_294' title='bbox 1064 2121 1119 2175; x_wconf 82' lang='grc' dir='ltr'>δὲ</span> <span class='ocrx_word' id='word_1_295' title='bbox 1165 2123 1340 2195; x_wconf 77' lang='grc' dir='ltr'>ἡμέρα</span> <span class='ocrx_word' id='word_1_296' title='bbox 1375 2125 1808 2196; x_wconf 84' lang='grc' dir='ltr'>ἐπεκτεινομένη,</span> 
     </span>
    </p>
   </div>
   <div class='ocr_carea' id='block_1_40' title="bbox 239 2210 1812 2285">
    <p class='ocr_par' dir='ltr' id='par_1_40' title="bbox 239 2210 1812 2285">
     <span class='ocr_line' id='line_1_40' title="bbox 239 2210 1812 2285; baseline 0.002 -22"><span class='ocrx_word' id='word_1_297' title='bbox 239 2211 625 2280; x_wconf 77' lang='grc' dir='ltr'>μεγεθύνεται,</span> <span class='ocrx_word' id='word_1_298' title='bbox 654 2210 752 2282; x_wconf 77' lang='grc' dir='ltr'>τῆς</span> <span class='ocrx_word' id='word_1_299' title='bbox 781 2211 970 2276; x_wconf 82' lang='grc' dir='ltr'>νυκτὸς</span> <span class='ocrx_word' id='word_1_300' title='bbox 1011 2213 1476 2285; x_wconf 84' lang='grc' dir='ltr'>ὑποστελλομένης</span> <span class='ocrx_word' id='word_1_301' title='bbox 1502 2214 1594 2268; x_wconf 72' lang='grc' dir='ltr'><strong>καὶ</strong></span> <span class='ocrx_word' id='word_1_302' title='bbox 1633 2231 1812 2284; x_wconf 84' lang='grc' dir='ltr'>μειου-</span> 
     </span>
    </p>
   </div>
   <div class='ocr_carea' id='block_1_41' title="bbox 238 2300 1810 2374">
    <p class='ocr_par' dir='ltr' id='par_1_41' title="bbox 238 2300 1810 2374">
     <span class='ocr_line' id='line_1_41' title="bbox 238 2300 1810 2374; baseline 0.001 -23"><span class='ocrx_word' id='word_1_303' title='bbox 238 2300 450 2371; x_wconf 81' lang='grc' dir='ltr'>μένης·</span> <span class='ocrx_word' id='word_1_304' title='bbox 480 2300 551 2353; x_wconf 83' lang='grc' dir='ltr'>τὰ</span> <span class='ocrx_word' id='word_1_305' title='bbox 574 2300 629 2352; x_wconf 83' lang='grc' dir='ltr'>δὲ</span> <span class='ocrx_word' id='word_1_306' title='bbox 657 2301 749 2353; x_wconf 88' lang='grc' dir='ltr'><strong>νέα</strong></span> <span class='ocrx_word' id='word_1_307' title='bbox 783 2300 1070 2372; x_wconf 88' lang='grc' dir='ltr'>σπέρματα</span> <span class='ocrx_word' id='word_1_308' title='bbox 1117 2301 1492 2374; x_wconf 82' lang='grc' dir='ltr'>ἐπανθήσαντα</span> <span class='ocrx_word' id='word_1_309' title='bbox 1533 2301 1810 2355; x_wconf 81' lang='grc' dir='ltr'>διακαθαί-</span> 
     </span>
    </p>
   </div>
   <div class='ocr_carea' id='block_1_42' title="bbox 239 2391 1811 2466">
    <p class='ocr_par' dir='ltr' id='par_1_42' title="bbox 239 2391 1811 2466">
     <span class='ocr_line' id='line_1_42' title="bbox 239 2391 1811 2466; baseline 0.003 -22"><span class='ocrx_word' id='word_1_310' title='bbox 239 2409 401 2463; x_wconf 85' lang='grc' dir='ltr'>ρεται</span> <span class='ocrx_word' id='word_1_311' title='bbox 436 2393 517 2455; x_wconf 89' lang='grc' dir='ltr'><strong>είς</strong></span> <span class='ocrx_word' id='word_1_312' title='bbox 560 2391 656 2456; x_wconf 83' lang='grc' dir='ltr'>τὰς</span> <span class='ocrx_word' id='word_1_313' title='bbox 699 2392 908 2457; x_wconf 77' lang='grc' dir='ltr'>ἅλωνας</span> <span class='ocrx_word' id='word_1_314' title='bbox 949 2393 1399 2464; x_wconf 77' lang='grc' dir='ltr'>συγκομιζόμενα.</span> <span class='ocrx_word' id='word_1_315' title='bbox 1430 2394 1502 2446; x_wconf 86' lang='grc' dir='ltr'><strong>Οὐ</strong></span> <span class='ocrx_word' id='word_1_316' title='bbox 1535 2393 1641 2466; x_wconf 84' lang='grc' dir='ltr'>μὴν</span> <span class='ocrx_word' id='word_1_317' title='bbox 1675 2394 1811 2448; x_wconf 80' lang='grc' dir='ltr'>ἀλλὰ</span> 
     </span>
    </p>
   </div>
   <div class='ocr_carea' id='block_1_43' title="bbox 236 2481 1807 2556">
    <p class='ocr_par' dir='ltr' id='par_1_43' title="bbox 236 2481 1807 2556">
     <span class='ocr_line' id='line_1_43' title="bbox 236 2481 1807 2556; baseline 0.002 -22"><span class='ocrx_word' id='word_1_318' title='bbox 236 2485 337 2534; x_wconf 76' lang='grc' dir='ltr'>καὶ</span> <span class='ocrx_word' id='word_1_319' title='bbox 370 2482 548 2535; x_wconf 86' lang='grc' dir='ltr'>πάντα</span> <span class='ocrx_word' id='word_1_320' title='bbox 583 2481 653 2535; x_wconf 81' lang='grc' dir='ltr'>τὰ</span> <span class='ocrx_word' id='word_1_321' title='bbox 699 2483 967 2556; x_wconf 80' lang='grc' dir='ltr'>ἀκρόδρυα</span> <span class='ocrx_word' id='word_1_322' title='bbox 1009 2483 1292 2554; x_wconf 86' lang='grc' dir='ltr'>βλαστάνει</span> <span class='ocrx_word' id='word_1_323' title='bbox 1325 2485 1416 2537; x_wconf 70' lang='grc' dir='ltr'><strong>καὶ</strong></span> <span class='ocrx_word' id='word_1_324' title='bbox 1443 2484 1662 2538; x_wconf 78' lang='grc' dir='ltr'>ἐπανθεῖ</span> <span class='ocrx_word' id='word_1_325' title='bbox 1685 2486 1807 2538; x_wconf 86' lang='grc' dir='ltr'>ἐπι-</span> 
     </span>
    </p>
   </div>
   <div class='ocr_carea' id='block_1_44' title="bbox 241 2573 1810 2648">
    <p class='ocr_par' dir='ltr' id='par_1_44' title="bbox 241 2573 1810 2648">
     <span class='ocr_line' id='line_1_44' title="bbox 241 2573 1810 2648; baseline 0.004 -23"><span class='ocrx_word' id='word_1_326' title='bbox 241 2573 434 2644; x_wconf 80' lang='grc' dir='ltr'>χωρῆσ</span> <span class='ocrx_word' id='word_1_327' title='bbox 467 2614 480 2626; x_wconf 93' lang='grc'><strong>.</strong></span> <span class='ocrx_word' id='word_1_328' title='bbox 511 2613 523 2627; x_wconf 95' lang='grc'><strong>.</strong></span> <span class='ocrx_word' id='word_1_329' title='bbox 549 2612 562 2626; x_wconf 94' lang='grc'><strong>.</strong></span> <span class='ocrx_word' id='word_1_330' title='bbox 595 2575 924 2644; x_wconf 85' lang='grc' dir='ltr'>ἐπαγόμενα.</span> <span class='ocrx_word' id='word_1_331' title='bbox 951 2575 1168 2638; x_wconf 81' lang='grc' dir='ltr'>Εὐθέως</span> <span class='ocrx_word' id='word_1_332' title='bbox 1193 2574 1322 2644; x_wconf 78' lang='grc' dir='ltr'>γοῦν</span> <span class='ocrx_word' id='word_1_333' title='bbox 1367 2575 1810 2648; x_wconf 79' lang='grc' dir='ltr'>ἐπικαταλαμϐά-</span> 
     </span>
    </p>
   </div>
   <div class='ocr_carea' id='block_1_45' title="bbox 239 2664 1806 2740">
    <p class='ocr_par' dir='ltr' id='par_1_45' title="bbox 239 2664 1806 2740">
     <span class='ocr_line' id='line_1_45' title="bbox 239 2664 1806 2740; baseline 0.003 -24"><span class='ocrx_word' id='word_1_334' title='bbox 239 2681 426 2717; x_wconf 77' lang='grc' dir='ltr'>νονται</span> <span class='ocrx_word' id='word_1_335' title='bbox 475 2664 534 2717; x_wconf 82' lang='grc' dir='ltr'><strong>ἐν</strong></span> <span class='ocrx_word' id='word_1_336' title='bbox 566 2664 883 2736; x_wconf 83' lang='grc' dir='ltr'>παραλλαγῇ</span> <span class='ocrx_word' id='word_1_337' title='bbox 921 2666 1186 2736; x_wconf 65' lang='grc' dir='ltr'>διαφόρων</span> <span class='ocrx_word' id='word_1_338' title='bbox 1234 2665 1327 2720; x_wconf 72' lang='grc' dir='ltr'>καὶ</span> <span class='ocrx_word' id='word_1_339' title='bbox 1373 2667 1628 2720; x_wconf 82' lang='grc' dir='ltr'>ποικίλων</span> <span class='ocrx_word' id='word_1_340' title='bbox 1670 2683 1806 2740; x_wconf 90' lang='grc' dir='ltr'>καρ-</span> 
     </span>
    </p>
   </div>
   <div class='ocr_carea' id='block_1_46' title="bbox 238 2757 1807 2831">
    <p class='ocr_par' dir='ltr' id='par_1_46' title="bbox 238 2757 1807 2831">
     <span class='ocr_line' id='line_1_46' title="bbox 238 2757 1807 2831; baseline 0.003 -21"><span class='ocrx_word' id='word_1_341' title='bbox 238 2758 362 2810; x_wconf 80' lang='grc' dir='ltr'><strong>πῶν</strong></span> <span class='ocrx_word' id='word_1_342' title='bbox 380 2775 395 2787; x_wconf 86' lang='grc'><strong>·</strong></span> <span class='ocrx_word' id='word_1_343' title='bbox 429 2757 506 2822; x_wconf 81' lang='grc' dir='ltr'>ὡς</span> <span class='ocrx_word' id='word_1_344' title='bbox 545 2758 639 2811; x_wconf 78' lang='grc' dir='ltr'>καὶ</span> <span class='ocrx_word' id='word_1_345' title='bbox 681 2759 952 2830; x_wconf 79' lang='grc' dir='ltr'>σταφυλήν</span> <span class='ocrx_word' id='word_1_346' title='bbox 977 2776 1103 2812; x_wconf 82' lang='grc' dir='ltr'>ποτε</span> <span class='ocrx_word' id='word_1_347' title='bbox 1131 2760 1470 2831; x_wconf 80' lang='grc' dir='ltr'>εὑρίσκεσθαι</span> <span class='ocrx_word' id='word_1_348' title='bbox 1499 2763 1620 2815; x_wconf 81' lang='grc' dir='ltr'>κατ’</span> <span class='ocrx_word' id='word_1_349' title='bbox 1647 2761 1807 2816; x_wconf 78' lang='grc' dir='ltr'>αὑτὸν</span> 
     </span>
    </p>
   </div>
   <div class='ocr_carea' id='block_1_47' title="bbox 234 2846 1806 2924">
    <p class='ocr_par' dir='ltr' id='par_1_47' title="bbox 234 2846 1806 2924">
     <span class='ocr_line' id='line_1_47' title="bbox 234 2846 1806 2924; baseline 0.006 -25"><span class='ocrx_word' id='word_1_350' title='bbox 234 2849 331 2900; x_wconf 72' lang='grc' dir='ltr'><strong>τὸν</strong></span> <span class='ocrx_word' id='word_1_351' title='bbox 376 2849 585 2920; x_wconf 81' lang='grc' dir='ltr'>καιρὸν,</span> <span class='ocrx_word' id='word_1_352' title='bbox 621 2846 802 2912; x_wconf 87' lang='grc' dir='ltr'>καθὼς</span> <span class='ocrx_word' id='word_1_353' title='bbox 845 2850 938 2902; x_wconf 77' lang='grc' dir='ltr'>καὶ</span> <span class='ocrx_word' id='word_1_354' title='bbox 980 2851 1009 2902; x_wconf 97' lang='lat'><strong>6</strong></span> <span class='ocrx_word' id='word_1_355' title='bbox 1052 2849 1345 2924; x_wconf 84' lang='grc' dir='ltr'>νομοθέτης</span> <span class='ocrx_word' id='word_1_356' title='bbox 1391 2853 1556 2923; x_wconf 73' lang='grc' dir='ltr'>φησὶ,</span> <span class='ocrx_word' id='word_1_357' title='bbox 1603 2853 1711 2907; x_wconf 81' lang='grc' dir='ltr'><strong>Καὶ</strong></span> <span class='ocrx_word' id='word_1_358' title='bbox 1747 2856 1806 2908; x_wconf 82' lang='grc' dir='ltr'>αι</span> 
     </span>
    </p>
   </div>
   <div class='ocr_carea' id='block_1_48' title="bbox 236 2927 1804 3015">
    <p class='ocr_par' dir='ltr' id='par_1_48' title="bbox 236 2927 1804 3015">
     <span class='ocr_line' id='line_1_48' title="bbox 236 2927 1804 3015; baseline 0.004 -22"><span class='ocrx_word' id='word_1_359' title='bbox 236 2941 458 3010; x_wconf 69' lang='grc' dir='ltr'>ἡμέραι</span> <span class='ocrx_word' id='word_1_360' title='bbox 507 2941 700 3010; x_wconf 76' lang='grc' dir='ltr'>ἔαρος,</span> <span class='ocrx_word' id='word_1_361' title='bbox 748 2927 1067 3013; x_wconf 71' lang='grc' dir='ltr'>πρόδρομοι</span> <span class='ocrx_word' id='word_1_362' title='bbox 1109 2943 1444 3013; x_wconf 71' lang='grc' dir='ltr'>σταφυλῆς,</span> <span class='ocrx_word' id='word_1_363' title='bbox 1497 2945 1658 3015; x_wconf 85' lang='grc' dir='ltr'>ἡνίκα</span> <span class='ocrx_word' id='word_1_364' title='bbox 1697 2946 1804 2999; x_wconf 84' lang='grc' dir='ltr'>άπ-</span> 
     </span>
    </p>
   </div>
   <div class='ocr_carea' id='block_1_49' title="bbox 246 3032 1804 3108">
    <p class='ocr_par' dir='ltr' id='par_1_49' title="bbox 246 3032 1804 3108">
     <span class='ocr_line' id='line_1_49' title="bbox 246 3032 1804 3108; baseline 0.004 -24"><span class='ocrx_word' id='word_1_365' title='bbox 246 3032 456 3084; x_wconf 80' lang='grc' dir='ltr'>ἐστειλε</span> <span class='ocrx_word' id='word_1_366' title='bbox 488 3033 613 3096; x_wconf 81' lang='grc' dir='ltr'>τοὺς</span> <span class='ocrx_word' id='word_1_367' title='bbox 641 3033 1173 3098; x_wconf 85' lang='grc' dir='ltr'>κατασκοπεύσοντας</span> <span class='ocrx_word' id='word_1_368' title='bbox 1201 3035 1297 3108; x_wconf 77' lang='grc' dir='ltr'>τὴν</span> <span class='ocrx_word' id='word_1_369' title='bbox 1313 3035 1433 3107; x_wconf 85' lang='grc' dir='ltr'>γῆν,</span> <span class='ocrx_word' id='word_1_370' title='bbox 1449 3037 1683 3108; x_wconf 67' lang='grc' dir='ltr'>ἡνεγκαν</span> <span class='ocrx_word' id='word_1_371' title='bbox 1713 3037 1804 3091; x_wconf 79' lang='grc' dir='ltr'>τὸν</span> 
     </span>
    </p>
   </div>
   <div class='ocr_carea' id='block_1_50' title="bbox 239 3103 1873 3200">
    <p class='ocr_par' dir='ltr' id='par_1_50' title="bbox 239 3103 1873 3200">
     <span class='ocr_line' id='line_1_50' title="bbox 239 3103 1873 3200; baseline 0.003 -23"><span class='ocrx_word' id='word_1_372' title='bbox 239 3123 419 3195; x_wconf 79' lang='grc' dir='ltr'>μέγαν</span> <span class='ocrx_word' id='word_1_373' title='bbox 453 3123 644 3198; x_wconf 85' lang='grc' dir='ltr'>βότρυν</span> <span class='ocrx_word' id='word_1_374' title='bbox 683 3127 738 3180; x_wconf 92' lang='grc' dir='ltr'><strong>ἐν</strong></span> <span class='ocrx_word' id='word_1_375' title='bbox 773 3126 1118 3199; x_wconf 78' lang='grc' dir='ltr'>ἀναφορεῦσι,</span> <span class='ocrx_word' id='word_1_376' title='bbox 1153 3103 1386 3182; x_wconf 31' lang='grc' dir='ltr'>καὶνάπδ</span> <span class='ocrx_word' id='word_1_377' title='bbox 1413 3103 1520 3182; x_wconf 82' lang='grc' dir='ltr'><strong>τῶν</strong></span> <span class='ocrx_word' id='word_1_378' title='bbox 1550 3103 1687 3200; x_wconf 69' lang='grc' dir='ltr'>ροῶν</span> <span class='ocrx_word' id='word_1_379' title='bbox 1713 3131 1806 3183; x_wconf 60' lang='grc' dir='ltr'><strong>καὶ⁵</strong></span> <span class='ocrx_word' id='word_1_380' title='bbox 1831 3103 1873 3161; x_wconf 74' lang='lat' dir='ltr'><strong><em>C</em></strong></span> 
     </span>
    </p>
   </div>
   <div class='ocr_carea' id='block_1_51' title="bbox 236 3213 1806 3288">
    <p class='ocr_par' dir='ltr' id='par_1_51' title="bbox 236 3213 1806 3288">
     <span class='ocr_line' id='line_1_51' title="bbox 236 3213 1806 3288; baseline 0.003 -20"><span class='ocrx_word' id='word_1_381' title='bbox 236 3214 351 3268; x_wconf 69' lang='grc' dir='ltr'><strong>ἀπὸ</strong></span> <span class='ocrx_word' id='word_1_382' title='bbox 391 3213 501 3269; x_wconf 88' lang='grc' dir='ltr'><strong>τῶν</strong></span> <span class='ocrx_word' id='word_1_383' title='bbox 547 3215 741 3270; x_wconf 89' lang='grc' dir='ltr'>συκῶν.</span> <span class='ocrx_word' id='word_1_384' title='bbox 769 3217 900 3270; x_wconf 87' lang='grc' dir='ltr'>Τότε</span> <span class='ocrx_word' id='word_1_385' title='bbox 939 3216 1066 3288; x_wconf 86' lang='grc' dir='ltr'>γὰρ,</span> <span class='ocrx_word' id='word_1_386' title='bbox 1096 3217 1169 3282; x_wconf 86' lang='grc' dir='ltr'>ὥς</span> <span class='ocrx_word' id='word_1_387' title='bbox 1209 3233 1360 3286; x_wconf 83' lang='grc' dir='ltr'>φασι,</span> <span class='ocrx_word' id='word_1_388' title='bbox 1387 3219 1482 3272; x_wconf 64' lang='grc' dir='ltr'><strong>κα)⁸</strong></span> <span class='ocrx_word' id='word_1_389' title='bbox 1520 3221 1549 3272; x_wconf 90' lang='lat'><strong>6</strong></span> <span class='ocrx_word' id='word_1_390' title='bbox 1586 3218 1806 3288; x_wconf 85' lang='grc' dir='ltr'>κτίστης</span> 
     </span>
    </p>
   </div>
   <div class='ocr_carea' id='block_1_52' title="bbox 238 3307 1802 3380">
    <p class='ocr_par' dir='ltr' id='par_1_52' title="bbox 238 3307 1802 3380">
     <span class='ocr_line' id='line_1_52' title="bbox 238 3307 1802 3380; baseline 0.001 -20"><span class='ocrx_word' id='word_1_391' title='bbox 238 3309 335 3361; x_wconf 66' lang='grc' dir='ltr'><strong>καὶ</strong></span> <span class='ocrx_word' id='word_1_392' title='bbox 377 3311 406 3361; x_wconf 91' lang='lat'><strong>6</strong></span> <span class='ocrx_word' id='word_1_393' title='bbox 451 3308 777 3380; x_wconf 82' lang='grc' dir='ltr'>δημιουργὸς</span> <span class='ocrx_word' id='word_1_394' title='bbox 805 3308 913 3362; x_wconf 87' lang='grc' dir='ltr'><strong>τῶν</strong></span> <span class='ocrx_word' id='word_1_395' title='bbox 955 3309 1206 3364; x_wconf 81' lang='grc' dir='ltr'>ἁπάντων</span> <span class='ocrx_word' id='word_1_396' title='bbox 1230 3311 1360 3372; x_wconf 81' lang='grc' dir='ltr'>Θεὸς</span> <span class='ocrx_word' id='word_1_397' title='bbox 1385 3308 1538 3380; x_wconf 79' lang='grc' dir='ltr'>ἡμῶν</span> <span class='ocrx_word' id='word_1_398' title='bbox 1570 3307 1802 3374; x_wconf 77' lang='grc' dir='ltr'>αἰώνιος,</span> 
     </span>
    </p>
   </div>
   <div class='ocr_carea' id='block_1_53' title="bbox 237 3401 1806 3474">
    <p class='ocr_par' dir='ltr' id='par_1_53' title="bbox 237 3401 1806 3474">
     <span class='ocr_line' id='line_1_53' title="bbox 237 3401 1806 3474; baseline 0.001 -20"><span class='ocrx_word' id='word_1_399' title='bbox 237 3401 306 3454; x_wconf 77' lang='grc' dir='ltr'>τὰ</span> <span class='ocrx_word' id='word_1_400' title='bbox 342 3403 519 3456; x_wconf 78' lang='grc' dir='ltr'>πάντα</span> <span class='ocrx_word' id='word_1_401' title='bbox 553 3402 934 3474; x_wconf 85' lang='grc' dir='ltr'>συνεστήσατο,</span> <span class='ocrx_word' id='word_1_402' title='bbox 965 3405 1044 3467; x_wconf 86' lang='grc' dir='ltr'>εἰς</span> <span class='ocrx_word' id='word_1_403' title='bbox 1071 3402 1213 3474; x_wconf 76' lang='grc' dir='ltr'>ἅπερ</span> <span class='ocrx_word' id='word_1_404' title='bbox 1239 3401 1512 3467; x_wconf 81' lang='grc' dir='ltr'>κατέλεξεο</span> <span class='ocrx_word' id='word_1_405' title='bbox 1539 3405 1806 3470; x_wconf 77' lang='grc' dir='ltr'>Βλαστη·</span> 
     </span>
    </p>
   </div>
   <div class='ocr_carea' id='block_1_54' title="bbox 237 3492 1802 3564">
    <p class='ocr_par' dir='ltr' id='par_1_54' title="bbox 237 3492 1802 3564">
     <span class='ocr_line' id='line_1_54' title="bbox 237 3492 1802 3564; baseline 0.001 -18"><span class='ocrx_word' id='word_1_406' title='bbox 237 3494 401 3547; x_wconf 82' lang='grc' dir='ltr'>σάτω</span> <span class='ocrx_word' id='word_1_407' title='bbox 428 3493 466 3560; x_wconf 72' lang='lat'><strong>1&#39;;</strong></span> <span class='ocrx_word' id='word_1_408' title='bbox 495 3492 572 3563; x_wconf 76' lang='grc' dir='ltr'>γῆ</span> <span class='ocrx_word' id='word_1_409' title='bbox 591 3493 862 3562; x_wconf 75' lang='grc' dir='ltr'>βοτάνην</span> <span class='ocrx_word' id='word_1_410' title='bbox 889 3494 1124 3563; x_wconf 86' lang='grc' dir='ltr'>χόρτου,</span> <span class='ocrx_word' id='word_1_411' title='bbox 1164 3494 1412 3563; x_wconf 73' lang='grc' dir='ltr'>σπεῖρον</span> <span class='ocrx_word' id='word_1_412' title='bbox 1436 3497 1670 3564; x_wconf 80' lang='grc' dir='ltr'>σπέρμα</span> <span class='ocrx_word' id='word_1_413' title='bbox 1695 3512 1802 3550; x_wconf 82' lang='grc' dir='ltr'>κα-</span> 
     </span>
    </p>
   </div>
   <div class='ocr_carea' id='block_1_55' title="bbox 237 3582 1805 3654">
    <p class='ocr_par' dir='ltr' id='par_1_55' title="bbox 237 3582 1805 3654">
     <span class='ocr_line' id='line_1_55' title="bbox 237 3582 1805 3654; baseline 0.002 -19"><span class='ocrx_word' id='word_1_414' title='bbox 237 3583 312 3636; x_wconf 77' lang='grc' dir='ltr'>τὰ</span> <span class='ocrx_word' id='word_1_415' title='bbox 338 3583 511 3651; x_wconf 74' lang='grc' dir='ltr'>γένος</span> <span class='ocrx_word' id='word_1_416' title='bbox 550 3582 647 3636; x_wconf 81' lang='grc' dir='ltr'><strong>καί</strong></span> <span class='ocrx_word' id='word_1_417' title='bbox 673 3583 800 3637; x_wconf 84' lang='grc' dir='ltr'>καθ’</span> <span class='ocrx_word' id='word_1_418' title='bbox 823 3585 1155 3653; x_wconf 77' lang='grc' dir='ltr'>ὁμοιότητα,</span> <span class='ocrx_word' id='word_1_419' title='bbox 1179 3585 1272 3638; x_wconf 81' lang='grc' dir='ltr'><strong>καί</strong></span> <span class='ocrx_word' id='word_1_420' title='bbox 1302 3585 1490 3649; x_wconf 77' lang='grc' dir='ltr'>ξύλον</span> <span class='ocrx_word' id='word_1_421' title='bbox 1514 3583 1805 3654; x_wconf 80' lang='grc' dir='ltr'>κάρπιμον</span> 
     </span>
    </p>
   </div>
   <div class='ocr_carea' id='block_1_56' title="bbox 236 3667 1804 3746">
    <p class='ocr_par' dir='ltr' id='par_1_56' title="bbox 236 3667 1804 3746">
     <span class='ocr_line' id='line_1_56' title="bbox 236 3667 1804 3746; baseline 0.003 -22"><span class='ocrx_word' id='word_1_422' title='bbox 236 3671 456 3726; x_wconf 74' lang='grc' dir='ltr'>ποιοῦν</span> <span class='ocrx_word' id='word_1_423' title='bbox 479 3672 728 3740; x_wconf 78' lang='grc' dir='ltr'>καρπὸν,</span> <span class='ocrx_word' id='word_1_424' title='bbox 753 3667 826 3728; x_wconf 87' lang='grc' dir='ltr'>οὗ</span> <span class='ocrx_word' id='word_1_425' title='bbox 867 3673 933 3727; x_wconf 88' lang='grc' dir='ltr'>τὸ</span> <span class='ocrx_word' id='word_1_426' title='bbox 975 3676 1209 3744; x_wconf 83' lang='grc' dir='ltr'>σπέρμα</span> <span class='ocrx_word' id='word_1_427' title='bbox 1245 3675 1428 3730; x_wconf 82' lang='grc' dir='ltr'>αὐτοῦ</span> <span class='ocrx_word' id='word_1_428' title='bbox 1455 3677 1604 3730; x_wconf 79' lang='grc' dir='ltr'>κατὰ</span> <span class='ocrx_word' id='word_1_429' title='bbox 1634 3675 1804 3746; x_wconf 74' lang='grc' dir='ltr'>γένος</span> 
     </span>
    </p>
   </div>
   <div class='ocr_carea' id='block_1_57' title="bbox 233 3762 1804 3837">
    <p class='ocr_par' dir='ltr' id='par_1_57' title="bbox 233 3762 1804 3837">
     <span class='ocr_line' id='line_1_57' title="bbox 233 3762 1804 3837; baseline 0.003 -20"><span class='ocrx_word' id='word_1_430' title='bbox 233 3765 334 3817; x_wconf 71' lang='grc' dir='ltr'>ἐπὶ</span> <span class='ocrx_word' id='word_1_431' title='bbox 359 3763 473 3832; x_wconf 77' lang='grc' dir='ltr'>τῆς</span> <span class='ocrx_word' id='word_1_432' title='bbox 492 3762 624 3833; x_wconf 77' lang='grc' dir='ltr'>γῆς.</span> <span class='ocrx_word' id='word_1_433' title='bbox 669 3764 778 3818; x_wconf 76' lang='grc' dir='ltr'><strong>Καὶ</strong></span> <span class='ocrx_word' id='word_1_434' title='bbox 803 3766 1122 3837; x_wconf 83' lang='grc' dir='ltr'>ἐπήνεγκεν,</span> <span class='ocrx_word' id='word_1_435' title='bbox 1152 3767 1252 3830; x_wconf 88' lang='grc' dir='ltr'>ὃτι,</span> <span class='ocrx_word' id='word_1_436' title='bbox 1285 3767 1392 3821; x_wconf 75' lang='grc' dir='ltr'><strong>Καὶ</strong></span> <span class='ocrx_word' id='word_1_437' title='bbox 1433 3766 1666 3836; x_wconf 78' lang='grc' dir='ltr'>ἐγένετο</span> <span class='ocrx_word' id='word_1_438' title='bbox 1706 3767 1804 3821; x_wconf 86' lang='grc' dir='ltr'><strong>οὒ-</strong></span> 
     </span>
    </p>
   </div>
   <div class='ocr_carea' id='block_1_58' title="bbox 233 3855 1802 3929">
    <p class='ocr_par' dir='ltr' id='par_1_58' title="bbox 233 3855 1802 3929">
     <span class='ocr_line' id='line_1_58' title="bbox 233 3855 1802 3929; baseline 0 -19"><span class='ocrx_word' id='word_1_439' title='bbox 233 3875 333 3912; x_wconf 77' lang='grc' dir='ltr'>τω.</span> <span class='ocrx_word' id='word_1_440' title='bbox 363 3857 477 3911; x_wconf 76' lang='grc' dir='ltr'><strong>Καὶ</strong></span> <span class='ocrx_word' id='word_1_441' title='bbox 513 3856 656 3928; x_wconf 84' lang='grc' dir='ltr'>μάλα</span> <span class='ocrx_word' id='word_1_442' title='bbox 691 3855 869 3921; x_wconf 89' lang='grc' dir='ltr'>καλῶς</span> <span class='ocrx_word' id='word_1_443' title='bbox 900 3855 992 3911; x_wconf 76' lang='grc' dir='ltr'><strong>καὶ</strong></span> <span class='ocrx_word' id='word_1_444' title='bbox 1033 3857 1253 3921; x_wconf 86' lang='grc' dir='ltr'>δικαίως</span> <span class='ocrx_word' id='word_1_445' title='bbox 1287 3857 1510 3927; x_wconf 79' lang='grc' dir='ltr'>ἐξέφανε</span> <span class='ocrx_word' id='word_1_446' title='bbox 1550 3856 1640 3910; x_wconf 83' lang='grc' dir='ltr'><strong>τὸν</strong></span> <span class='ocrx_word' id='word_1_447' title='bbox 1674 3859 1802 3929; x_wconf 76' lang='grc' dir='ltr'>παρ’</span> 
     </span>
    </p>
   </div>
   <div class='ocr_carea' id='block_1_59' title="bbox 244 3948 1802 4021">
    <p class='ocr_par' dir='ltr' id='par_1_59' title="bbox 244 3948 1802 4021">
     <span class='ocr_line' id='line_1_59' title="bbox 244 3948 1802 4021; baseline 0.001 -20"><span class='ocrx_word' id='word_1_448' title='bbox 244 3949 521 4020; x_wconf 75' lang='grc' dir='ltr'>Ἑϐραίοις</span> <span class='ocrx_word' id='word_1_449' title='bbox 558 3948 983 4020; x_wconf 84' lang='grc' dir='ltr'>νομοθετηθέντα</span> <span class='ocrx_word' id='word_1_450' title='bbox 1015 3949 1228 4020; x_wconf 87' lang='grc' dir='ltr'>πρῶτον</span> <span class='ocrx_word' id='word_1_451' title='bbox 1261 3950 1404 4021; x_wconf 84' lang='grc' dir='ltr'>μῆνα</span> <span class='ocrx_word' id='word_1_452' title='bbox 1426 3967 1440 3981; x_wconf 74' lang='grc' dir='ltr'><strong><em>ο</em></strong></span> <span class='ocrx_word' id='word_1_453' title='bbox 1468 3950 1526 4003; x_wconf 83' lang='grc' dir='ltr'>ὃν</span> <span class='ocrx_word' id='word_1_454' title='bbox 1559 3949 1802 4021; x_wconf 73' lang='grc' dir='ltr'>ἔγνωμεν</span> 
     </span>
    </p>
   </div>
   <div class='ocr_carea' id='block_1_60' title="bbox 233 4039 1801 4114">
    <p class='ocr_par' dir='ltr' id='par_1_60' title="bbox 233 4039 1801 4114">
     <span class='ocr_line' id='line_1_60' title="bbox 233 4039 1801 4114; baseline 0.003 -22"><span class='ocrx_word' id='word_1_455' title='bbox 233 4039 650 4110; x_wconf 70' lang='grc' dir='ltr'>πεφυλαγμένον</span> <span class='ocrx_word' id='word_1_456' title='bbox 701 4040 850 4112; x_wconf 81' lang='grc' dir='ltr'>παρά</span> <span class='ocrx_word' id='word_1_457' title='bbox 898 4040 1164 4104; x_wconf 88' lang='grc' dir='ltr'>Ἰουδαίοις</span> <span class='ocrx_word' id='word_1_458' title='bbox 1207 4041 1369 4114; x_wconf 85' lang='grc' dir='ltr'>μέχρι</span> <span class='ocrx_word' id='word_1_459' title='bbox 1409 4041 1509 4112; x_wconf 86' lang='grc' dir='ltr'><strong>τῆς</strong></span> <span class='ocrx_word' id='word_1_460' title='bbox 1551 4043 1801 4106; x_wconf 82' lang='grc' dir='ltr'>ἁλώσεως</span> 
     </span>
    </p>
   </div>
   <div class='ocr_carea' id='block_1_61' title="bbox 243 4131 1803 4206">
    <p class='ocr_par' dir='ltr' id='par_1_61' title="bbox 243 4131 1803 4206">
     <span class='ocr_line' id='line_1_61' title="bbox 243 4131 1803 4206; baseline 0.001 -21"><span class='ocrx_word' id='word_1_461' title='bbox 243 4131 618 4203; x_wconf 77' lang='grc' dir='ltr'>Ἰερουσαλὴμ,</span> <span class='ocrx_word' id='word_1_462' title='bbox 650 4131 738 4186; x_wconf 76' lang='grc' dir='ltr'>διὰ</span> <span class='ocrx_word' id='word_1_463' title='bbox 782 4133 843 4186; x_wconf 79' lang='grc' dir='ltr'>τὸ</span> <span class='ocrx_word' id='word_1_464' title='bbox 890 4132 1119 4203; x_wconf 89' lang='grc' dir='ltr'>μάλιστα</span> <span class='ocrx_word' id='word_1_465' title='bbox 1159 4132 1424 4201; x_wconf 78' lang='grc' dir='ltr'>Ἑϐραίοις</span> <span class='ocrx_word' id='word_1_466' title='bbox 1447 4132 1586 4187; x_wconf 76' lang='grc' dir='ltr'>οὕτω</span> <span class='ocrx_word' id='word_1_467' title='bbox 1625 4151 1803 4206; x_wconf 88' lang='grc' dir='ltr'>παρα-</span> 
     </span>
    </p>
   </div>
   <div class='ocr_carea' id='block_1_62' title="bbox 231 4223 1802 4298">
    <p class='ocr_par' dir='ltr' id='par_1_62' title="bbox 231 4223 1802 4298">
     <span class='ocr_line' id='line_1_62' title="bbox 231 4223 1802 4298; baseline 0.003 -22"><span class='ocrx_word' id='word_1_468' title='bbox 231 4223 556 4277; x_wconf 82' lang='grc' dir='ltr'>δεδωκέναι·</span> <span class='ocrx_word' id='word_1_469' title='bbox 609 4223 746 4295; x_wconf 79' lang='grc' dir='ltr'>μετά</span> <span class='ocrx_word' id='word_1_470' title='bbox 795 4224 853 4278; x_wconf 80' lang='grc' dir='ltr'>δὲ</span> <span class='ocrx_word' id='word_1_471' title='bbox 896 4227 992 4296; x_wconf 80' lang='grc' dir='ltr'><strong>τὴν</strong></span> <span class='ocrx_word' id='word_1_472' title='bbox 1029 4225 1224 4279; x_wconf 75' lang='grc' dir='ltr'>ἅλωσιν</span> <span class='ocrx_word' id='word_1_473' title='bbox 1260 4225 1621 4298; x_wconf 81' lang='grc' dir='ltr'>λεληρημένον</span> <span class='ocrx_word' id='word_1_474' title='bbox 1661 4227 1802 4280; x_wconf 88' lang='grc' dir='ltr'>κατά</span> 
     </span>
    </p>
   </div>
   <div class='ocr_carea' id='block_1_63' title="bbox 230 4313 1800 4388">
    <p class='ocr_par' dir='ltr' id='par_1_63' title="bbox 230 4313 1800 4388">
     <span class='ocr_line' id='line_1_63' title="bbox 230 4313 1800 4388; baseline 0.002 -21"><span class='ocrx_word' id='word_1_475' title='bbox 230 4332 355 4368; x_wconf 80' lang='grc' dir='ltr'>τινα</span> <span class='ocrx_word' id='word_1_476' title='bbox 397 4315 490 4368; x_wconf 73' lang='grc' dir='ltr'><strong>καὶ</strong></span> <span class='ocrx_word' id='word_1_477' title='bbox 521 4315 578 4367; x_wconf 89' lang='grc' dir='ltr'><strong>ἐν</strong></span> <span class='ocrx_word' id='word_1_478' title='bbox 612 4315 784 4386; x_wconf 85' lang='grc' dir='ltr'>τούτῳ</span> <span class='ocrx_word' id='word_1_479' title='bbox 809 4313 1094 4386; x_wconf 83' lang='grc' dir='ltr'>πώρωσιν·</span> <span class='ocrx_word' id='word_1_480' title='bbox 1125 4317 1290 4388; x_wconf 81' lang='grc' dir='ltr'>ὅνπερ</span> <span class='ocrx_word' id='word_1_481' title='bbox 1330 4318 1488 4388; x_wconf 77' lang='grc' dir='ltr'>ἡμεῖς</span> <span class='ocrx_word' id='word_1_482' title='bbox 1527 4315 1800 4388; x_wconf 83' lang='grc' dir='ltr'>ἐνθέσμως</span> 
     </span>
    </p>
   </div>
   <div class='ocr_carea' id='block_1_64' title="bbox 234 4405 1875 4501">
    <p class='ocr_par' dir='ltr' id='par_1_64' title="bbox 234 4405 1875 4501">
     <span class='ocr_line' id='line_1_64' title="bbox 234 4405 1875 4501; baseline 0 -41"><span class='ocrx_word' id='word_1_483' title='bbox 234 4407 333 4460; x_wconf 71' lang='grc' dir='ltr'><strong>καὶ</strong></span> <span class='ocrx_word' id='word_1_484' title='bbox 381 4405 681 4475; x_wconf 77' lang='grc' dir='ltr'>εἰλικρινῶς</span> <span class='ocrx_word' id='word_1_485' title='bbox 729 4408 1108 4479; x_wconf 85' lang='grc' dir='ltr'>ἐπιτηροῦντες</span> <span class='ocrx_word' id='word_1_486' title='bbox 1162 4406 1552 4478; x_wconf 81' lang='grc' dir='ltr'>παρελάϐομεν.</span> <span class='ocrx_word' id='word_1_487' title='bbox 1587 4409 1694 4462; x_wconf 79' lang='grc' dir='ltr'>Καὶ</span> <span class='ocrx_word' id='word_1_488' title='bbox 1741 4408 1797 4460; x_wconf 82' lang='grc' dir='ltr'><strong>ἐν</strong></span> <span class='ocrx_word' id='word_1_489' title='bbox 1831 4447 1875 4501; x_wconf 80' lang='lat' dir='ltr'><strong>D</strong></span> 
     </span>
    </p>
   </div>
   <div class='ocr_carea' id='block_1_65' title="bbox 231 4497 1794 4573">
    <p class='ocr_par' dir='ltr' id='par_1_65' title="bbox 231 4497 1794 4573">
     <span class='ocr_line' id='line_1_65' title="bbox 231 4497 1794 4573; baseline 0.003 -22"><span class='ocrx_word' id='word_1_490' title='bbox 231 4499 414 4568; x_wconf 77' lang='grc' dir='ltr'>τούτῳ</span> <span class='ocrx_word' id='word_1_491' title='bbox 451 4497 591 4552; x_wconf 77' lang='grc' dir='ltr'>κατὰ</span> <span class='ocrx_word' id='word_1_492' title='bbox 621 4539 634 4552; x_wconf 93' lang='grc'>.</span> <span class='ocrx_word' id='word_1_493' title='bbox 664 4539 679 4553; x_wconf 95' lang='grc'><strong>.</strong></span> <span class='ocrx_word' id='word_1_494' title='bbox 706 4539 719 4552; x_wconf 93' lang='grc'><em>.</em></span> <span class='ocrx_word' id='word_1_495' title='bbox 749 4501 928 4571; x_wconf 80' lang='grc' dir='ltr'>ῥητὸν,</span> <span class='ocrx_word' id='word_1_496' title='bbox 953 4500 1124 4569; x_wconf 87' lang='grc' dir='ltr'>λέγων</span> <span class='ocrx_word' id='word_1_497' title='bbox 1154 4539 1170 4555; x_wconf 92' lang='grc'><strong>.</strong></span> <span class='ocrx_word' id='word_1_498' title='bbox 1198 4541 1212 4554; x_wconf 93' lang='grc'><strong>.</strong></span> <span class='ocrx_word' id='word_1_499' title='bbox 1241 4541 1254 4554; x_wconf 93' lang='grc'><strong>.</strong></span> <span class='ocrx_word' id='word_1_500' title='bbox 1281 4500 1562 4573; x_wconf 77' lang='grc' dir='ltr'>διζομένην</span> <span class='ocrx_word' id='word_1_501' title='bbox 1590 4504 1669 4566; x_wconf 89' lang='grc' dir='ltr'><strong>είς</strong></span> <span class='ocrx_word' id='word_1_502' title='bbox 1698 4543 1710 4556; x_wconf 94' lang='grc'><strong>.</strong></span> <span class='ocrx_word' id='word_1_503' title='bbox 1739 4542 1754 4556; x_wconf 93' lang='grc'><strong>.</strong></span> <span class='ocrx_word' id='word_1_504' title='bbox 1781 4543 1794 4556; x_wconf 94' lang='grc'><strong>.</strong></span> 
     </span>
    </p>
   </div>
   <div class='ocr_carea' id='block_1_66' title="bbox 231 4590 1795 4665">
    <p class='ocr_par' dir='ltr' id='par_1_66' title="bbox 231 4590 1795 4665">
     <span class='ocr_line' id='line_1_66' title="bbox 231 4590 1795 4665; baseline 0 -20"><span class='ocrx_word' id='word_1_505' title='bbox 231 4608 294 4645; x_wconf 78' lang='grc' dir='ltr'><strong>ον</strong></span> <span class='ocrx_word' id='word_1_506' title='bbox 324 4590 536 4662; x_wconf 75' lang='grc' dir='ltr'>ἡμέραν</span> <span class='ocrx_word' id='word_1_507' title='bbox 575 4591 674 4661; x_wconf 77' lang='grc' dir='ltr'>τῆς</span> <span class='ocrx_word' id='word_1_508' title='bbox 711 4592 868 4660; x_wconf 81' lang='grc' dir='ltr'>ἁγίας</span> <span class='ocrx_word' id='word_1_509' title='bbox 905 4593 1095 4664; x_wconf 80' lang='grc' dir='ltr'>ἑορτῆς</span> <span class='ocrx_word' id='word_1_510' title='bbox 1133 4593 1304 4664; x_wconf 82' lang='grc' dir='ltr'>ήμῶν,</span> <span class='ocrx_word' id='word_1_511' title='bbox 1335 4594 1568 4665; x_wconf 79' lang='grc' dir='ltr'>ἥνπερή</span> <span class='ocrx_word' id='word_1_512' title='bbox 1601 4595 1795 4663; x_wconf 69' lang='grc' dir='ltr'>ἐκλογὴ</span> 
     </span>
    </p>
   </div>
   <div class='ocr_carea' id='block_1_67' title="bbox 232 4681 1791 4756">
    <p class='ocr_par' dir='ltr' id='par_1_67' title="bbox 232 4681 1791 4756">
     <span class='ocr_line' id='line_1_67' title="bbox 232 4681 1791 4756; baseline 0.005 -23"><span class='ocrx_word' id='word_1_513' title='bbox 232 4683 499 4752; x_wconf 74' lang='grc' dir='ltr'>ἐπέτυχεν</span> <span class='ocrx_word' id='word_1_514' title='bbox 520 4699 534 4712; x_wconf 87' lang='grc'><strong>·</strong></span> <span class='ocrx_word' id='word_1_515' title='bbox 565 4683 614 4736; x_wconf 80' lang='lat' dir='ltr'><strong>oi</strong></span> <span class='ocrx_word' id='word_1_516' title='bbox 654 4681 713 4735; x_wconf 82' lang='grc' dir='ltr'>δὲ</span> <span class='ocrx_word' id='word_1_517' title='bbox 752 4682 924 4736; x_wconf 78' lang='grc' dir='ltr'>λοιποὶ</span> <span class='ocrx_word' id='word_1_518' title='bbox 954 4683 1342 4756; x_wconf 82' lang='grc' dir='ltr'>ἐπωρώθησαν,</span> <span class='ocrx_word' id='word_1_519' title='bbox 1377 4683 1559 4750; x_wconf 87' lang='grc' dir='ltr'>καθὼς</span> <span class='ocrx_word' id='word_1_520' title='bbox 1583 4681 1732 4741; x_wconf 76' lang='grc' dir='ltr'>εἶπεν</span> <span class='ocrx_word' id='word_1_521' title='bbox 1758 4687 1791 4740; x_wconf 72' lang='grc' dir='ltr'><strong>ἢ</strong></span> 
     </span>
    </p>
   </div>
   <div class='ocr_carea' id='block_1_68' title="bbox 237 4774 963 4845">
    <p class='ocr_par' dir='ltr' id='par_1_68' title="bbox 237 4774 963 4845">
     <span class='ocr_line' id='line_1_68' title="bbox 237 4774 963 4845; baseline 0 -17"><span class='ocrx_word' id='word_1_522' title='bbox 237 4774 452 4845; x_wconf 75' lang='grc' dir='ltr'><strong>Γραφή.</strong></span> <span class='ocrx_word' id='word_1_523' title='bbox 485 4775 590 4830; x_wconf 83' lang='grc' dir='ltr'>Καί</span> <span class='ocrx_word' id='word_1_524' title='bbox 615 4777 742 4845; x_wconf 79' lang='grc' dir='ltr'>μεθ’</span> <span class='ocrx_word' id='word_1_525' title='bbox 771 4777 963 4845; x_wconf 78' lang='grc' dir='ltr'>ἕτερα·</span> 
     </span>
    </p>
   </div>
   <div class='ocr_carea' id='block_1_69' title="bbox 308 4886 1787 4960">
    <p class='ocr_par' dir='ltr' id='par_1_69' title="bbox 308 4886 1787 4960">
     <span class='ocr_line' id='line_1_69' title="bbox 308 4886 1787 4960; baseline -0.001 -18"><span class='ocrx_word' id='word_1_526' title='bbox 308 4889 378 4942; x_wconf 84' lang='grc' dir='ltr'><strong>Π.</strong></span> <span class='ocrx_word' id='word_1_527' title='bbox 418 4887 526 4940; x_wconf 73' lang='grc' dir='ltr'>Καὶ</span> <span class='ocrx_word' id='word_1_528' title='bbox 556 4888 726 4942; x_wconf 84' lang='grc' dir='ltr'>ταῦτα</span> <span class='ocrx_word' id='word_1_529' title='bbox 755 4890 862 4960; x_wconf 85' lang='grc' dir='ltr'><strong>γάρ</strong></span> <span class='ocrx_word' id='word_1_530' title='bbox 901 4905 1057 4959; x_wconf 71' lang='grc' dir='ltr'>φησν</span> <span class='ocrx_word' id='word_1_531' title='bbox 1098 4886 1297 4942; x_wconf 78' lang='grc' dir='ltr'>Πάντα</span> <span class='ocrx_word' id='word_1_532' title='bbox 1321 4887 1684 4956; x_wconf 81' lang='grc' dir='ltr'>ποιήσουσιν</span> <span class='ocrx_word' id='word_1_533' title='bbox 1710 4889 1787 4954; x_wconf 66' lang='grc' dir='ltr'><strong>είς</strong></span> 
     </span>
    </p>
   </div>
   <div class='ocr_carea' id='block_1_70' title="bbox 236 4979 1796 5052">
    <p class='ocr_par' dir='ltr' id='par_1_70' title="bbox 236 4979 1796 5052">
     <span class='ocr_line' id='line_1_70' title="bbox 236 4979 1796 5052; baseline -0.002 -15"><span class='ocrx_word' id='word_1_534' title='bbox 236 4980 424 5052; x_wconf 72' lang='grc' dir='ltr'>ιὀμᾶςο</span> <span class='ocrx_word' id='word_1_535' title='bbox 472 4981 560 5034; x_wconf 84' lang='grc' dir='ltr'>ὅτι</span> <span class='ocrx_word' id='word_1_536' title='bbox 601 4983 711 5035; x_wconf 86' lang='grc' dir='ltr'>οὐκ</span> <span class='ocrx_word' id='word_1_537' title='bbox 751 4982 1022 5051; x_wconf 80' lang='grc' dir='ltr'>ἔγνωσαν</span> <span class='ocrx_word' id='word_1_538' title='bbox 1051 4980 1159 5034; x_wconf 81' lang='grc' dir='ltr'>τόν</span> <span class='ocrx_word' id='word_1_539' title='bbox 1189 4979 1507 5051; x_wconf 72' lang='grc' dir='ltr'>πέμψαντὰ</span> <span class='ocrx_word' id='word_1_540' title='bbox 1529 4998 1622 5049; x_wconf 83' lang='grc' dir='ltr'>με.</span> <span class='ocrx_word' id='word_1_541' title='bbox 1653 4981 1714 5033; x_wconf 82' lang='lat' dir='ltr'><strong>Ei</strong></span> <span class='ocrx_word' id='word_1_542' title='bbox 1741 4980 1796 5034; x_wconf 84' lang='grc' dir='ltr'>δὲ</span> 
     </span>
    </p>
   </div>
   <div class='ocr_carea' id='block_1_71' title="bbox 234 5072 1798 5144">
    <p class='ocr_par' dir='ltr' id='par_1_71' title="bbox 234 5072 1798 5144">
     <span class='ocr_line' id='line_1_71' title="bbox 234 5072 1798 5144; baseline -0.001 -18"><span class='ocrx_word' id='word_1_543' title='bbox 234 5075 333 5127; x_wconf 74' lang='grc' dir='ltr'><strong>τὸν</strong></span> <span class='ocrx_word' id='word_1_544' title='bbox 384 5073 688 5144; x_wconf 78' lang='grc' dir='ltr'>πέμψαντα,</span> <span class='ocrx_word' id='word_1_545' title='bbox 728 5074 820 5127; x_wconf 74' lang='grc' dir='ltr'>καὶ</span> <span class='ocrx_word' id='word_1_546' title='bbox 869 5072 958 5126; x_wconf 72' lang='grc' dir='ltr'>τὸν</span> <span class='ocrx_word' id='word_1_547' title='bbox 1005 5073 1321 5143; x_wconf 81' lang='grc' dir='ltr'>πεμφθέντα</span> <span class='ocrx_word' id='word_1_548' title='bbox 1363 5072 1652 5143; x_wconf 80' lang='grc' dir='ltr'>ἠγνόησαν,</span> <span class='ocrx_word' id='word_1_549' title='bbox 1700 5072 1798 5125; x_wconf 80' lang='grc' dir='ltr'><strong>οὐκ</strong></span> 
     </span>
    </p>
   </div>
   <div class='ocr_carea' id='block_1_72' title="bbox 233 5163 1796 5237">
    <p class='ocr_par' dir='ltr' id='par_1_72' title="bbox 233 5163 1796 5237">
     <span class='ocr_line' id='line_1_72' title="bbox 233 5163 1796 5237; baseline -0.003 -17"><span class='ocrx_word' id='word_1_550' title='bbox 233 5168 385 5220; x_wconf 75' lang='grc' dir='ltr'>εστιν</span> <span class='ocrx_word' id='word_1_551' title='bbox 410 5165 782 5237; x_wconf 76' lang='grc' dir='ltr'>άμφιὸάλλειν,</span> <span class='ocrx_word' id='word_1_552' title='bbox 809 5167 890 5219; x_wconf 84' lang='grc' dir='ltr'><strong>δτι</strong></span> <span class='ocrx_word' id='word_1_553' title='bbox 917 5165 1010 5219; x_wconf 71' lang='grc' dir='ltr'><strong>καὶ</strong></span> <span class='ocrx_word' id='word_1_554' title='bbox 1030 5165 1126 5236; x_wconf 84' lang='grc' dir='ltr'>τῆς</span> <span class='ocrx_word' id='word_1_555' title='bbox 1150 5163 1466 5236; x_wconf 88' lang='grc' dir='ltr'>νομοθεσίας</span> <span class='ocrx_word' id='word_1_556' title='bbox 1487 5163 1578 5217; x_wconf 81' lang='grc' dir='ltr'>τοῦ</span> <span class='ocrx_word' id='word_1_557' title='bbox 1608 5163 1796 5233; x_wconf 86' lang='grc' dir='ltr'>Πάσχα</span> 
     </span>
    </p>
   </div>
   <div class='ocr_carea' id='block_1_73' title="bbox 232 5254 1797 5328">
    <p class='ocr_par' dir='ltr' id='par_1_73' title="bbox 232 5254 1797 5328">
     <span class='ocr_line' id='line_1_73' title="bbox 232 5254 1797 5328; baseline 0 -22"><span class='ocrx_word' id='word_1_558' title='bbox 232 5256 336 5326; x_wconf 84' lang='grc' dir='ltr'><strong>τὴν</strong></span> <span class='ocrx_word' id='word_1_559' title='bbox 374 5255 643 5324; x_wconf 82' lang='grc' dir='ltr'>ἀγνωσίαν</span> <span class='ocrx_word' id='word_1_560' title='bbox 687 5255 912 5328; x_wconf 78' lang='grc' dir='ltr'>έσχοσαν</span> <span class='ocrx_word' id='word_1_561' title='bbox 931 5272 944 5286; x_wconf 77' lang='grc' dir='ltr'><strong>ο</strong></span> <span class='ocrx_word' id='word_1_562' title='bbox 973 5254 1048 5319; x_wconf 84' lang='grc' dir='ltr'>ὡς</span> <span class='ocrx_word' id='word_1_563' title='bbox 1086 5255 1157 5325; x_wconf 86' lang='grc' dir='ltr'><strong>μὴ</strong></span> <span class='ocrx_word' id='word_1_564' title='bbox 1198 5255 1355 5326; x_wconf 87' lang='grc' dir='ltr'>μόνον</span> <span class='ocrx_word' id='word_1_565' title='bbox 1385 5255 1483 5326; x_wconf 82' lang='grc' dir='ltr'>τῆς</span> <span class='ocrx_word' id='word_1_566' title='bbox 1509 5255 1624 5308; x_wconf 78' lang='grc' dir='ltr'>κατ’</span> <span class='ocrx_word' id='word_1_567' title='bbox 1648 5254 1797 5306; x_wconf 85' lang='grc' dir='ltr'>ἐκλο-</span> 
     </span>
    </p>
   </div>
   <div class='ocr_carea' id='block_1_74' title="bbox 232 5345 1797 5417">
    <p class='ocr_par' dir='ltr' id='par_1_74' title="bbox 232 5345 1797 5417">
     <span class='ocr_line' id='line_1_74' title="bbox 232 5345 1797 5417; baseline 0.001 -20"><span class='ocrx_word' id='word_1_568' title='bbox 232 5349 342 5417; x_wconf 71' lang='grc' dir='ltr'>γὴν</span> <span class='ocrx_word' id='word_1_569' title='bbox 383 5347 694 5412; x_wconf 75' lang='grc' dir='ltr'>τοποθεσίας</span> <span class='ocrx_word' id='word_1_570' title='bbox 739 5348 1008 5407; x_wconf 78' lang='grc' dir='ltr'>ἐκπεσεῖν,</span> <span class='ocrx_word' id='word_1_571' title='bbox 1050 5347 1184 5400; x_wconf 79' lang='grc' dir='ltr'>ἀλλὰ</span> <span class='ocrx_word' id='word_1_572' title='bbox 1231 5346 1449 5415; x_wconf 79' lang='grc' dir='ltr'>καὶτῆς</span> <span class='ocrx_word' id='word_1_573' title='bbox 1480 5346 1652 5416; x_wconf 78' lang='grc' dir='ltr'>ἀρχῆς</span> <span class='ocrx_word' id='word_1_574' title='bbox 1690 5345 1797 5398; x_wconf 86' lang='grc' dir='ltr'><strong>τῶν</strong></span> 
     </span>
    </p>
   </div>
   <div class='ocr_carea' id='block_1_75' title="bbox 235 5429 1795 5506">
    <p class='ocr_par' dir='ltr' id='par_1_75' title="bbox 235 5429 1795 5506">
     <span class='ocr_line' id='line_1_75' title="bbox 235 5429 1795 5506; baseline -0.001 -17"><span class='ocrx_word' id='word_1_575' title='bbox 235 5435 429 5506; x_wconf 79' lang='grc' dir='ltr'>μηνῶν</span> <span class='ocrx_word' id='word_1_576' title='bbox 458 5435 548 5489; x_wconf 80' lang='grc' dir='ltr'>τοῦ</span> <span class='ocrx_word' id='word_1_577' title='bbox 579 5435 792 5506; x_wconf 86' lang='grc' dir='ltr'>πρώτου</span> <span class='ocrx_word' id='word_1_578' title='bbox 819 5438 877 5490; x_wconf 83' lang='grc' dir='ltr'><strong>ἐν</strong></span> <span class='ocrx_word' id='word_1_579' title='bbox 901 5438 1011 5499; x_wconf 87' lang='grc' dir='ltr'>τοῖς</span> <span class='ocrx_word' id='word_1_580' title='bbox 1045 5436 1175 5506; x_wconf 76' lang='grc' dir='ltr'>μησὶ</span> <span class='ocrx_word' id='word_1_581' title='bbox 1203 5433 1294 5488; x_wconf 81' lang='grc' dir='ltr'>τοῦ</span> <span class='ocrx_word' id='word_1_582' title='bbox 1322 5434 1585 5497; x_wconf 81' lang='grc' dir='ltr'>ἐνιαυτοῦ,</span> <span class='ocrx_word' id='word_1_583' title='bbox 1608 5429 1668 5488; x_wconf 72' lang='grc' dir='ltr'>οὗ</span> <span class='ocrx_word' id='word_1_584' title='bbox 1699 5435 1795 5505; x_wconf 71' lang='grc' dir='ltr'>τὴν</span> 
     </span>
    </p>
   </div>
   <div class='ocr_carea' id='block_1_76' title="bbox 239 5525 1792 5599">
    <p class='ocr_par' dir='ltr' id='par_1_76' title="bbox 239 5525 1792 5599">
     <span class='ocr_line' id='line_1_76' title="bbox 239 5525 1792 5599; baseline -0.001 -19"><span class='ocrx_word' id='word_1_585' title='bbox 239 5528 880 5599; x_wconf 82' lang='grc' dir='ltr'>τεσσαρεσκαιδεκαταίαν</span> <span class='ocrx_word' id='word_1_586' title='bbox 898 5529 946 5580; x_wconf 81' lang='grc' dir='ltr'>οἱ</span> <span class='ocrx_word' id='word_1_587' title='bbox 971 5528 1132 5582; x_wconf 83' lang='grc' dir='ltr'>πάλαι</span> <span class='ocrx_word' id='word_1_588' title='bbox 1154 5525 1452 5599; x_wconf 78' lang='grc' dir='ltr'>εἰλικρινῶς</span> <span class='ocrx_word' id='word_1_589' title='bbox 1477 5530 1630 5598; x_wconf 81' lang='grc' dir='ltr'>ἐπιτη</span> <span class='ocrx_word' id='word_1_590' title='bbox 1641 5525 1729 5597; x_wconf 65' lang='lat' dir='ltr'><strong>poi</strong></span> <span class='ocrx_word' id='word_1_591' title='bbox 1740 5545 1792 5579; x_wconf 77' lang='grc' dir='ltr'>ν-</span> 
     </span>
    </p>
   </div>
   <div class='ocr_carea' id='block_1_77' title="bbox 1916 1841 3470 1914">
    <p class='ocr_par' dir='ltr' id='par_1_77' title="bbox 1916 1841 3470 1914">
     <span class='ocr_line' id='line_1_77' title="bbox 1916 1841 3470 1914; baseline 0.005 -20"><span class='ocrx_word' id='word_1_592' title='bbox 1916 1841 2033 1912; x_wconf 89' lang='lat' dir='ltr'><strong>quit</strong></span> <span class='ocrx_word' id='word_1_593' title='bbox 2071 1845 2114 1906; x_wconf 80' lang='lat'><strong>&#39;,</strong></span> <span class='ocrx_word' id='word_1_594' title='bbox 2164 1842 2247 1896; x_wconf 84' lang='lat' dir='ltr'><strong>hic</strong></span> <span class='ocrx_word' id='word_1_595' title='bbox 2303 1844 2497 1898; x_wconf 77' lang='lat' dir='ltr'><strong>mensis</strong></span> <span class='ocrx_word' id='word_1_596' title='bbox 2553 1843 2696 1898; x_wconf 81' lang='lat' dir='ltr'><strong>vobis</strong></span> <span class='ocrx_word' id='word_1_597' title='bbox 2745 1845 3056 1914; x_wconf 82' lang='lat' dir='ltr'><strong>principium</strong></span> <span class='ocrx_word' id='word_1_598' title='bbox 3115 1847 3368 1901; x_wconf 79' lang='lat' dir='ltr'><strong>mensium</strong></span> <span class='ocrx_word' id='word_1_599' title='bbox 3415 1848 3470 1902; x_wconf 84' lang='lat' dir='ltr'><strong>in</strong></span> 
     </span>
    </p>
   </div>
   <div class='ocr_carea' id='block_1_78' title="bbox 1914 1932 3470 2002">
    <p class='ocr_par' dir='ltr' id='par_1_78' title="bbox 1914 1932 3470 2002">
     <span class='ocr_line' id='line_1_78' title="bbox 1914 1932 3470 2002; baseline 0.003 -16"><span class='ocrx_word' id='word_1_600' title='bbox 1914 1932 2176 1987; x_wconf 80' lang='lat' dir='ltr'><strong>mensibus</strong></span> <span class='ocrx_word' id='word_1_601' title='bbox 2206 1934 2332 1987; x_wconf 88' lang='lat' dir='ltr'><strong>anni</strong></span> <span class='ocrx_word' id='word_1_602' title='bbox 2357 1934 2582 2002; x_wconf 85' lang='lat' dir='ltr'><strong>scriptus</strong></span> <span class='ocrx_word' id='word_1_603' title='bbox 2619 1941 2740 1988; x_wconf 87' lang='lat' dir='ltr'><strong>est:</strong></span> <span class='ocrx_word' id='word_1_604' title='bbox 2775 1950 2897 1988; x_wconf 86' lang='lat' dir='ltr'><strong>cum</strong></span> <span class='ocrx_word' id='word_1_605' title='bbox 2929 1936 3008 1990; x_wconf 90' lang='lat' dir='ltr'><strong>sol</strong></span> <span class='ocrx_word' id='word_1_606' title='bbox 3034 1935 3240 1992; x_wconf 90' lang='lat' dir='ltr'><strong>scilicet</strong></span> <span class='ocrx_word' id='word_1_607' title='bbox 3281 1937 3470 1992; x_wconf 67' lang='lat' dir='ltr'><strong>aestivo</strong></span> 
     </span>
    </p>
   </div>
   <div class='ocr_carea' id='block_1_79' title="bbox 1912 2025 3465 2096">
    <p class='ocr_par' dir='ltr' id='par_1_79' title="bbox 1912 2025 3465 2096">
     <span class='ocr_line' id='line_1_79' title="bbox 1912 2025 3465 2096; baseline 0.003 -17"><span class='ocrx_word' id='word_1_608' title='bbox 1912 2033 2156 2096; x_wconf 90' lang='lat' dir='ltr'><strong>tempore</strong></span> <span class='ocrx_word' id='word_1_609' title='bbox 2203 2025 2358 2096; x_wconf 90' lang='lat' dir='ltr'><strong>plura</strong></span> <span class='ocrx_word' id='word_1_610' title='bbox 2400 2026 2558 2096; x_wconf 90' lang='lat' dir='ltr'><strong>longe</strong></span> <span class='ocrx_word' id='word_1_611' title='bbox 2588 2027 2791 2081; x_wconf 81' lang='lat' dir='ltr'><strong>lumina</strong></span> <span class='ocrx_word' id='word_1_612' title='bbox 2837 2035 2890 2082; x_wconf 92' lang='lat' dir='ltr'><strong>et</strong></span> <span class='ocrx_word' id='word_1_613' title='bbox 2937 2027 3165 2082; x_wconf 87' lang='lat' dir='ltr'><strong>clariora</strong></span> <span class='ocrx_word' id='word_1_614' title='bbox 3217 2029 3465 2083; x_wconf 87' lang='lat' dir='ltr'><strong>emittit:</strong></span> 
     </span>
    </p>
   </div>
   <div class='ocr_carea' id='block_1_80' title="bbox 1911 2118 3469 2189">
    <p class='ocr_par' dir='ltr' id='par_1_80' title="bbox 1911 2118 3469 2189">
     <span class='ocr_line' id='line_1_80' title="bbox 1911 2118 3469 2189; baseline 0.003 -17"><span class='ocrx_word' id='word_1_615' title='bbox 1911 2118 2028 2172; x_wconf 91' lang='lat' dir='ltr'><strong>dies</strong></span> <span class='ocrx_word' id='word_1_616' title='bbox 2058 2133 2186 2172; x_wconf 90' lang='lat' dir='ltr'><strong>vero</strong></span> <span class='ocrx_word' id='word_1_617' title='bbox 2214 2118 2554 2189; x_wconf 85' lang='lat' dir='ltr'><strong>producitur,</strong></span> <span class='ocrx_word' id='word_1_618' title='bbox 2591 2118 2758 2188; x_wconf 84' lang='lat' dir='ltr'><strong>ﬁtque</strong></span> <span class='ocrx_word' id='word_1_619' title='bbox 2788 2119 2982 2189; x_wconf 89' lang='lat' dir='ltr'><strong>major,</strong></span> <span class='ocrx_word' id='word_1_620' title='bbox 3035 2119 3162 2174; x_wconf 92' lang='lat' dir='ltr'><strong>dum</strong></span> <span class='ocrx_word' id='word_1_621' title='bbox 3195 2136 3301 2175; x_wconf 80' lang='lat' dir='ltr'><strong>nox</strong></span> <span class='ocrx_word' id='word_1_622' title='bbox 3334 2136 3469 2176; x_wconf 88' lang='lat' dir='ltr'><strong>con-</strong></span> 
     </span>
    </p>
   </div>
   <div class='ocr_carea' id='block_1_81' title="bbox 1912 2211 3468 2280">
    <p class='ocr_par' dir='ltr' id='par_1_81' title="bbox 1912 2211 3468 2280">
     <span class='ocr_line' id='line_1_81' title="bbox 1912 2211 3468 2280; baseline 0.002 -16"><span class='ocrx_word' id='word_1_623' title='bbox 1912 2211 2147 2264; x_wconf 87' lang='lat' dir='ltr'><strong>trahitur</strong></span> <span class='ocrx_word' id='word_1_624' title='bbox 2168 2225 2231 2264; x_wconf 90' lang='lat' dir='ltr'><strong>ac</strong></span> <span class='ocrx_word' id='word_1_625' title='bbox 2259 2211 2526 2265; x_wconf 91' lang='lat' dir='ltr'><strong>minuitur</strong></span> <span class='ocrx_word' id='word_1_626' title='bbox 2557 2229 2572 2266; x_wconf 88' lang='lat'><strong><em>:</em></strong></span> <span class='ocrx_word' id='word_1_627' title='bbox 2606 2225 2746 2264; x_wconf 89' lang='lat' dir='ltr'><strong>nova</strong></span> <span class='ocrx_word' id='word_1_628' title='bbox 2777 2225 2941 2280; x_wconf 90' lang='lat' dir='ltr'><strong>porro</strong></span> <span class='ocrx_word' id='word_1_629' title='bbox 2972 2213 3178 2266; x_wconf 86' lang='lat' dir='ltr'><strong>semina</strong></span> <span class='ocrx_word' id='word_1_630' title='bbox 3213 2227 3334 2266; x_wconf 90' lang='lat' dir='ltr'><strong>cum</strong></span> <span class='ocrx_word' id='word_1_631' title='bbox 3370 2212 3468 2268; x_wconf 82' lang='lat' dir='ltr'><strong>ilo-</strong></span> 
     </span>
    </p>
   </div>
   <div class='ocr_carea' id='block_1_82' title="bbox 1909 2301 3460 2372">
    <p class='ocr_par' dir='ltr' id='par_1_82' title="bbox 1909 2301 3460 2372">
     <span class='ocr_line' id='line_1_82' title="bbox 1909 2301 3460 2372; baseline 0.001 -16"><span class='ocrx_word' id='word_1_632' title='bbox 1909 2303 2148 2366; x_wconf 88' lang='lat' dir='ltr'><strong>rucrint,</strong></span> <span class='ocrx_word' id='word_1_633' title='bbox 2215 2309 2648 2372; x_wconf 89' lang='lat' dir='ltr'><strong>perpurgantur,</strong></span> <span class='ocrx_word' id='word_1_634' title='bbox 2700 2309 2755 2357; x_wconf 91' lang='lat' dir='ltr'><strong>et</strong></span> <span class='ocrx_word' id='word_1_635' title='bbox 2807 2302 2874 2356; x_wconf 83' lang='lat' dir='ltr'><strong>ad</strong></span> <span class='ocrx_word' id='word_1_636' title='bbox 2913 2317 3070 2358; x_wconf 87' lang='lat' dir='ltr'><strong>areas</strong></span> <span class='ocrx_word' id='word_1_637' title='bbox 3123 2301 3460 2358; x_wconf 84' lang='lat' dir='ltr'><strong>deferuntur.</strong></span> 
     </span>
    </p>
   </div>
   <div class='ocr_carea' id='block_1_83' title="bbox 1905 2390 3466 2463">
    <p class='ocr_par' dir='ltr' id='par_1_83' title="bbox 1905 2390 3466 2463">
     <span class='ocr_line' id='line_1_83' title="bbox 1905 2390 3466 2463; baseline 0.001 -17"><span class='ocrx_word' id='word_1_638' title='bbox 1905 2392 2088 2463; x_wconf 83' lang='lat' dir='ltr'><strong>Neque</strong></span> <span class='ocrx_word' id='word_1_639' title='bbox 2117 2401 2297 2446; x_wconf 90' lang='lat' dir='ltr'><strong>tamen</strong></span> <span class='ocrx_word' id='word_1_640' title='bbox 2331 2393 2432 2448; x_wconf 91' lang='lat' dir='ltr'><strong>ista</strong></span> <span class='ocrx_word' id='word_1_641' title='bbox 2480 2390 2761 2456; x_wconf 79' lang='lat' dir='ltr'><strong>duntaxat,</strong></span> <span class='ocrx_word' id='word_1_642' title='bbox 2789 2390 2881 2445; x_wconf 88' lang='lat' dir='ltr'><strong>sed</strong></span> <span class='ocrx_word' id='word_1_643' title='bbox 2911 2400 2964 2446; x_wconf 91' lang='lat' dir='ltr'><strong>et</strong></span> <span class='ocrx_word' id='word_1_644' title='bbox 3002 2393 3252 2448; x_wconf 89' lang='lat' dir='ltr'><strong>universa</strong></span> <span class='ocrx_word' id='word_1_645' title='bbox 3287 2394 3466 2462; x_wconf 90' lang='lat' dir='ltr'><strong>pullu-</strong></span> 
     </span>
    </p>
   </div>
   <div class='ocr_carea' id='block_1_84' title="bbox 1901 2480 3463 2552">
    <p class='ocr_par' dir='ltr' id='par_1_84' title="bbox 1901 2480 3463 2552">
     <span class='ocr_line' id='line_1_84' title="bbox 1901 2480 3463 2552; baseline 0 -12"><span class='ocrx_word' id='word_1_646' title='bbox 1901 2486 2016 2540; x_wconf 87' lang='lat' dir='ltr'><strong>lant</strong></span> <span class='ocrx_word' id='word_1_647' title='bbox 2033 2485 2276 2550; x_wconf 91' lang='lat' dir='ltr'><strong>arbusta,</strong></span> <span class='ocrx_word' id='word_1_648' title='bbox 2293 2493 2348 2540; x_wconf 86' lang='lat' dir='ltr'><strong>et</strong></span> <span class='ocrx_word' id='word_1_649' title='bbox 2368 2483 2421 2538; x_wconf 91' lang='lat' dir='ltr'><strong>in</strong></span> <span class='ocrx_word' id='word_1_650' title='bbox 2439 2481 2598 2538; x_wconf 81' lang='lat' dir='ltr'><strong>ﬂores</strong></span> <span class='ocrx_word' id='word_1_651' title='bbox 2612 2483 2861 2538; x_wconf 86' lang='lat' dir='ltr'><strong>evadunt.</strong></span> <span class='ocrx_word' id='word_1_652' title='bbox 2884 2480 3077 2536; x_wconf 88' lang='lat' dir='ltr'><strong>Statim</strong></span> <span class='ocrx_word' id='word_1_653' title='bbox 3103 2483 3264 2552; x_wconf 79' lang='lat' dir='ltr'><strong>igitur</strong></span> <span class='ocrx_word' id='word_1_654' title='bbox 3283 2485 3463 2540; x_wconf 86' lang='lat' dir='ltr'><strong>varios</strong></span> 
     </span>
    </p>
   </div>
   <div class='ocr_carea' id='block_1_85' title="bbox 1908 2573 3466 2644">
    <p class='ocr_par' dir='ltr' id='par_1_85' title="bbox 1908 2573 3466 2644">
     <span class='ocr_line' id='line_1_85' title="bbox 1908 2573 3466 2644; baseline -0.001 -14"><span class='ocrx_word' id='word_1_655' title='bbox 1908 2574 2258 2643; x_wconf 60' lang='lat' dir='ltr'><strong>diversosﬂne</strong></span> <span class='ocrx_word' id='word_1_656' title='bbox 2291 2573 2502 2630; x_wconf 89' lang='lat' dir='ltr'><strong>fructus</strong></span> <span class='ocrx_word' id='word_1_657' title='bbox 2537 2573 2843 2628; x_wconf 84' lang='lat' dir='ltr'><strong>alternatim</strong></span> <span class='ocrx_word' id='word_1_658' title='bbox 2889 2573 3135 2629; x_wconf 88' lang='lat' dir='ltr'><strong>emittere</strong></span> <span class='ocrx_word' id='word_1_659' title='bbox 3165 2573 3466 2644; x_wconf 84' lang='lat' dir='ltr'><strong>deprehen-</strong></span> 
     </span>
    </p>
   </div>
   <div class='ocr_carea' id='block_1_86' title="bbox 1906 2664 3465 2732">
    <p class='ocr_par' dir='ltr' id='par_1_86' title="bbox 1906 2664 3465 2732">
     <span class='ocr_line' id='line_1_86' title="bbox 1906 2664 3465 2732; baseline -0.001 -10"><span class='ocrx_word' id='word_1_660' title='bbox 1906 2667 2140 2732; x_wconf 88' lang='lat' dir='ltr'><strong>duntur;</strong></span> <span class='ocrx_word' id='word_1_661' title='bbox 2172 2667 2246 2720; x_wconf 88' lang='lat' dir='ltr'><strong>ita</strong></span> <span class='ocrx_word' id='word_1_662' title='bbox 2281 2672 2339 2720; x_wconf 92' lang='lat' dir='ltr'><strong>ut</strong></span> <span class='ocrx_word' id='word_1_663' title='bbox 2367 2665 2634 2720; x_wconf 89' lang='lat' dir='ltr'><strong>interdum</strong></span> <span class='ocrx_word' id='word_1_664' title='bbox 2679 2664 2868 2720; x_wconf 89' lang='lat' dir='ltr'><strong>botrus</strong></span> <span class='ocrx_word' id='word_1_665' title='bbox 2892 2703 2907 2728; x_wconf 95' lang='lat'><strong>,</strong></span> <span class='ocrx_word' id='word_1_666' title='bbox 2953 2665 3224 2720; x_wconf 88' lang='lat' dir='ltr'><strong>interdum</strong></span> <span class='ocrx_word' id='word_1_667' title='bbox 3253 2664 3465 2720; x_wconf 85' lang='lat' dir='ltr'><strong>fructus</strong></span> 
     </span>
    </p>
   </div>
   <div class='ocr_carea' id='block_1_87' title="bbox 1907 2755 3465 2827">
    <p class='ocr_par' dir='ltr' id='par_1_87' title="bbox 1907 2755 3465 2827">
     <span class='ocr_line' id='line_1_87' title="bbox 1907 2755 3465 2827; baseline 0.001 -16"><span class='ocrx_word' id='word_1_668' title='bbox 1907 2758 2047 2812; x_wconf 89' lang='lat' dir='ltr'><strong>alius</strong></span> <span class='ocrx_word' id='word_1_669' title='bbox 2087 2772 2196 2812; x_wconf 88' lang='lat' dir='ltr'><strong>uno</strong></span> <span class='ocrx_word' id='word_1_670' title='bbox 2223 2755 2522 2826; x_wconf 89' lang='lat' dir='ltr'><strong>eodemque</strong></span> <span class='ocrx_word' id='word_1_671' title='bbox 2561 2765 2802 2827; x_wconf 89' lang='lat' dir='ltr'><strong>tempore</strong></span> <span class='ocrx_word' id='word_1_672' title='bbox 2836 2755 3156 2825; x_wconf 83' lang='lat' dir='ltr'><strong>reperiatur,</strong></span> <span class='ocrx_word' id='word_1_673' title='bbox 3203 2757 3465 2826; x_wconf 80' lang='lat' dir='ltr'><strong>quemad-</strong></span> 
     </span>
    </p>
   </div>
   <div class='ocr_carea' id='block_1_88' title="bbox 1905 2845 3463 2919">
    <p class='ocr_par' dir='ltr' id='par_1_88' title="bbox 1905 2845 3463 2919">
     <span class='ocr_line' id='line_1_88' title="bbox 1905 2845 3463 2919; baseline -0.001 -15"><span class='ocrx_word' id='word_1_674' title='bbox 1905 2849 2123 2904; x_wconf 89' lang='lat' dir='ltr'><strong>modum</strong></span> <span class='ocrx_word' id='word_1_675' title='bbox 2159 2849 2235 2904; x_wconf 92' lang='lat' dir='ltr'><strong>ait</strong></span> <span class='ocrx_word' id='word_1_676' title='bbox 2275 2849 2551 2919; x_wconf 86' lang='lat' dir='ltr'><strong>legislator</strong></span> <span class='ocrx_word' id='word_1_677' title='bbox 2575 2847 2597 2880; x_wconf 90' lang='grc'><strong><em>⁸</em></strong></span> <span class='ocrx_word' id='word_1_678' title='bbox 2626 2866 2639 2903; x_wconf 91' lang='lat'>:</span> <span class='ocrx_word' id='word_1_679' title='bbox 2674 2845 2744 2902; x_wconf 84' lang='lat' dir='ltr'><strong>Et</strong></span> <span class='ocrx_word' id='word_1_680' title='bbox 2786 2847 2899 2902; x_wconf 82' lang='lat' dir='ltr'><strong>dies</strong></span> <span class='ocrx_word' id='word_1_681' title='bbox 2934 2850 3068 2903; x_wconf 77' lang='lat' dir='ltr'><strong>veris</strong></span> <span class='ocrx_word' id='word_1_682' title='bbox 3116 2863 3463 2918; x_wconf 72' lang='lat' dir='ltr'><strong>praeursorss</strong></span> 
     </span>
    </p>
   </div>
   <div class='ocr_carea' id='block_1_89' title="bbox 1905 2939 3459 3012">
    <p class='ocr_par' dir='ltr' id='par_1_89' title="bbox 1905 2939 3459 3012">
     <span class='ocr_line' id='line_1_89' title="bbox 1905 2939 3459 3012; baseline 0 -16"><span class='ocrx_word' id='word_1_683' title='bbox 1905 2943 2074 3006; x_wconf 88' lang='lat' dir='ltr'><strong>botri,</strong></span> <span class='ocrx_word' id='word_1_684' title='bbox 2133 2939 2352 3012; x_wconf 89' lang='lat' dir='ltr'><strong>quando</strong></span> <span class='ocrx_word' id='word_1_685' title='bbox 2405 2941 2554 2997; x_wconf 85' lang='lat' dir='ltr'><strong>misit</strong></span> <span class='ocrx_word' id='word_1_686' title='bbox 2609 2940 2702 3012; x_wconf 92' lang='lat' dir='ltr'><strong>qui</strong></span> <span class='ocrx_word' id='word_1_687' title='bbox 2753 2940 3164 3012; x_wconf 88' lang='lat' dir='ltr'><strong>specularentur</strong></span> <span class='ocrx_word' id='word_1_688' title='bbox 3223 2950 3459 3007; x_wconf 88' lang='lat' dir='ltr'><strong>terram,</strong></span> 
     </span>
    </p>
   </div>
   <div class='ocr_carea' id='block_1_90' title="bbox 1906 3031 3464 3103">
    <p class='ocr_par' dir='ltr' id='par_1_90' title="bbox 1906 3031 3464 3103">
     <span class='ocr_line' id='line_1_90' title="bbox 1906 3031 3464 3103; baseline 0.001 -17"><span class='ocrx_word' id='word_1_689' title='bbox 1906 3033 2205 3089; x_wconf 91' lang='lat' dir='ltr'><strong>attulerunt</strong></span> <span class='ocrx_word' id='word_1_690' title='bbox 2235 3032 2507 3103; x_wconf 77' lang='lat' dir='ltr'><strong>ingentem</strong></span> <span class='ocrx_word' id='word_1_691' title='bbox 2547 3032 2762 3087; x_wconf 89' lang='lat' dir='ltr'><strong>botrum</strong></span> <span class='ocrx_word' id='word_1_692' title='bbox 2811 3033 2866 3086; x_wconf 88' lang='lat' dir='ltr'><strong>in</strong></span> <span class='ocrx_word' id='word_1_693' title='bbox 2895 3031 3174 3098; x_wconf 80' lang='lat' dir='ltr'><strong>vectibus,</strong></span> <span class='ocrx_word' id='word_1_694' title='bbox 3209 3031 3277 3088; x_wconf 87' lang='lat' dir='ltr'><strong>de</strong></span> <span class='ocrx_word' id='word_1_695' title='bbox 3305 3032 3464 3088; x_wconf 86' lang='lat' dir='ltr'><strong>malis</strong></span> 
     </span>
    </p>
   </div>
   <div class='ocr_carea' id='block_1_91' title="bbox 1905 3121 3464 3196">
    <p class='ocr_par' dir='ltr' id='par_1_91' title="bbox 1905 3121 3464 3196">
     <span class='ocr_line' id='line_1_91' title="bbox 1905 3121 3464 3196; baseline -0.001 -17"><span class='ocrx_word' id='word_1_696' title='bbox 1905 3139 2122 3196; x_wconf 90' lang='lat' dir='ltr'><strong>quoque</strong></span> <span class='ocrx_word' id='word_1_697' title='bbox 2137 3125 2376 3195; x_wconf 84' lang='lat' dir='ltr'><strong>grauatis</strong></span> <span class='ocrx_word' id='word_1_698' title='bbox 2394 3132 2449 3179; x_wconf 90' lang='lat' dir='ltr'><strong>et</strong></span> <span class='ocrx_word' id='word_1_699' title='bbox 2491 3123 2558 3179; x_wconf 90' lang='lat' dir='ltr'><strong>de</strong></span> <span class='ocrx_word' id='word_1_700' title='bbox 2584 3121 2965 3178; x_wconf 83' lang='lat' dir='ltr'><strong>iicubus.&#39;l&#39;um</strong></span> <span class='ocrx_word' id='word_1_701' title='bbox 2996 3123 3138 3178; x_wconf 91' lang='lat' dir='ltr'><strong>enim</strong></span> <span class='ocrx_word' id='word_1_702' title='bbox 3181 3123 3257 3178; x_wconf 87' lang='lat' dir='ltr'><strong>ait</strong></span> <span class='ocrx_word' id='word_1_703' title='bbox 3277 3122 3464 3179; x_wconf 88' lang='lat' dir='ltr'><strong>condi-</strong></span> 
     </span>
    </p>
   </div>
   <div class='ocr_carea' id='block_1_92' title="bbox 1906 3212 3461 3286">
    <p class='ocr_par' dir='ltr' id='par_1_92' title="bbox 1906 3212 3461 3286">
     <span class='ocr_line' id='line_1_92' title="bbox 1906 3212 3461 3286; baseline -0.001 -16"><span class='ocrx_word' id='word_1_704' title='bbox 1906 3225 1992 3270; x_wconf 88' lang='lat' dir='ltr'><strong>tor</strong></span> <span class='ocrx_word' id='word_1_705' title='bbox 2025 3217 2514 3286; x_wconf 84' lang='lat' dir='ltr'><strong>universorumque</strong></span> <span class='ocrx_word' id='word_1_706' title='bbox 2561 3213 2742 3284; x_wconf 77' lang='lat' dir='ltr'><strong>opifex</strong></span> <span class='ocrx_word' id='word_1_707' title='bbox 2784 3212 2928 3270; x_wconf 85' lang='lat' dir='ltr'><strong>Deus</strong></span> <span class='ocrx_word' id='word_1_708' title='bbox 2971 3221 3154 3269; x_wconf 88' lang='lat' dir='ltr'><strong>noster</strong></span> <span class='ocrx_word' id='word_1_709' title='bbox 3187 3223 3461 3279; x_wconf 66' lang='lat' dir='ltr'><strong>aeternus,</strong></span> 
     </span>
    </p>
   </div>
   <div class='ocr_carea' id='block_1_93' title="bbox 1904 3303 3464 3377">
    <p class='ocr_par' dir='ltr' id='par_1_93' title="bbox 1904 3303 3464 3377">
     <span class='ocr_line' id='line_1_93' title="bbox 1904 3303 3464 3377; baseline -0.001 -15"><span class='ocrx_word' id='word_1_710' title='bbox 1904 3306 2087 3362; x_wconf 90' lang='lat' dir='ltr'><strong>omnia</strong></span> <span class='ocrx_word' id='word_1_711' title='bbox 2129 3305 2339 3362; x_wconf 82' lang='lat' dir='ltr'><strong>confert</strong></span> <span class='ocrx_word' id='word_1_712' title='bbox 2381 3306 2449 3359; x_wconf 91' lang='lat' dir='ltr'><strong>ad</strong></span> <span class='ocrx_word' id='word_1_713' title='bbox 2495 3320 2558 3360; x_wconf 85' lang='lat' dir='ltr'><strong>ea</strong></span> <span class='ocrx_word' id='word_1_714' title='bbox 2603 3321 2724 3375; x_wconf 64' lang='lat' dir='ltr'><strong>quae</strong></span> <span class='ocrx_word' id='word_1_715' title='bbox 2762 3305 2966 3377; x_wconf 82' lang='lat' dir='ltr'><strong>elegit:</strong></span> <span class='ocrx_word' id='word_1_716' title='bbox 3001 3303 3268 3361; x_wconf 85' lang='lat' dir='ltr'><strong>Germinet</strong></span> <span class='ocrx_word' id='word_1_717' title='bbox 3321 3315 3464 3362; x_wconf 86' lang='lat' dir='ltr'><strong>terra</strong></span> 
     </span>
    </p>
   </div>
   <div class='ocr_carea' id='block_1_94' title="bbox 1905 3394 3462 3467">
    <p class='ocr_par' dir='ltr' id='par_1_94' title="bbox 1905 3394 3462 3467">
     <span class='ocr_line' id='line_1_94' title="bbox 1905 3394 3462 3467; baseline 0.001 -16"><span class='ocrx_word' id='word_1_718' title='bbox 1905 3394 2116 3451; x_wconf 81' lang='lat' dir='ltr'><strong>herbam</strong></span> <span class='ocrx_word' id='word_1_719' title='bbox 2137 3398 2384 3451; x_wconf 76' lang='lat' dir='ltr'><strong>virentem</strong></span> <span class='ocrx_word' id='word_1_720' title='bbox 2415 3404 2464 3450; x_wconf 86' lang='lat' dir='ltr'><strong>et</strong></span> <span class='ocrx_word' id='word_1_721' title='bbox 2493 3395 2693 3464; x_wconf 78' lang='lat' dir='ltr'><strong>faciens</strong></span> <span class='ocrx_word' id='word_1_722' title='bbox 2725 3412 2896 3450; x_wconf 84' lang='lat' dir='ltr'><strong>semen</strong></span> <span class='ocrx_word' id='word_1_723' title='bbox 2925 3395 3087 3465; x_wconf 73' lang='lat' dir='ltr'><strong>juxta</strong></span> <span class='ocrx_word' id='word_1_724' title='bbox 3111 3412 3273 3467; x_wconf 83' lang='lat' dir='ltr'><strong>genus</strong></span> <span class='ocrx_word' id='word_1_725' title='bbox 3307 3413 3462 3452; x_wconf 69' lang='lat' dir='ltr'><strong>suum</strong></span> 
     </span>
    </p>
   </div>
   <div class='ocr_carea' id='block_1_95' title="bbox 1903 3487 3462 3558">
    <p class='ocr_par' dir='ltr' id='par_1_95' title="bbox 1903 3487 3462 3558">
     <span class='ocr_line' id='line_1_95' title="bbox 1903 3487 3462 3558; baseline 0.001 -16"><span class='ocrx_word' id='word_1_726' title='bbox 1903 3497 1950 3542; x_wconf 84' lang='lat' dir='ltr'><strong>et</strong></span> <span class='ocrx_word' id='word_1_727' title='bbox 1977 3487 2376 3544; x_wconf 79' lang='lat' dir='ltr'><strong>similitudinem</strong></span> <span class='ocrx_word' id='word_1_728' title='bbox 2398 3503 2571 3550; x_wconf 87' lang='lat' dir='ltr'><strong>suam,</strong></span> <span class='ocrx_word' id='word_1_729' title='bbox 2596 3495 2644 3540; x_wconf 88' lang='lat' dir='ltr'><strong>et</strong></span> <span class='ocrx_word' id='word_1_730' title='bbox 2674 3487 2870 3557; x_wconf 80' lang='lat' dir='ltr'><strong>lignum</strong></span> <span class='ocrx_word' id='word_1_731' title='bbox 2901 3487 3232 3557; x_wconf 78' lang='lat' dir='ltr'><strong>fructiferum</strong></span> <span class='ocrx_word' id='word_1_732' title='bbox 3264 3487 3462 3558; x_wconf 76' lang='lat' dir='ltr'><strong>faciens</strong></span> 
     </span>
    </p>
   </div>
   <div class='ocr_carea' id='block_1_96' title="bbox 1905 3579 3460 3649">
    <p class='ocr_par' dir='ltr' id='par_1_96' title="bbox 1905 3579 3460 3649">
     <span class='ocr_line' id='line_1_96' title="bbox 1905 3579 3460 3649; baseline 0.002 -16"><span class='ocrx_word' id='word_1_733' title='bbox 1905 3579 2170 3649; x_wconf 77' lang='lat' dir='ltr'><strong>fructum,</strong></span> <span class='ocrx_word' id='word_1_734' title='bbox 2207 3580 2355 3648; x_wconf 78' lang='lat' dir='ltr'><strong>cujus</strong></span> <span class='ocrx_word' id='word_1_735' title='bbox 2401 3595 2572 3634; x_wconf 86' lang='lat' dir='ltr'><strong>semen</strong></span> <span class='ocrx_word' id='word_1_736' title='bbox 2613 3580 2666 3633; x_wconf 88' lang='lat' dir='ltr'><strong>in</strong></span> <span class='ocrx_word' id='word_1_737' title='bbox 2697 3595 2752 3633; x_wconf 86' lang='lat' dir='ltr'><strong>se</strong></span> <span class='ocrx_word' id='word_1_738' title='bbox 2782 3579 2894 3648; x_wconf 86' lang='lat' dir='ltr'><strong>ipso</strong></span> <span class='ocrx_word' id='word_1_739' title='bbox 2924 3579 2993 3632; x_wconf 86' lang='lat' dir='ltr'><strong>sit</strong></span> <span class='ocrx_word' id='word_1_740' title='bbox 3017 3594 3170 3648; x_wconf 83' lang='lat' dir='ltr'><strong>super</strong></span> <span class='ocrx_word' id='word_1_741' title='bbox 3191 3590 3383 3634; x_wconf 86' lang='lat' dir='ltr'><strong>terram</strong></span> <span class='ocrx_word' id='word_1_742' title='bbox 3416 3580 3460 3636; x_wconf 75' lang='grc'><strong>⁸.</strong></span> 
     </span>
    </p>
   </div>
   <div class='ocr_carea' id='block_1_97' title="bbox 1903 3669 3462 3741">
    <p class='ocr_par' dir='ltr' id='par_1_97' title="bbox 1903 3669 3462 3741">
     <span class='ocr_line' id='line_1_97' title="bbox 1903 3669 3462 3741; baseline -0.001 -14"><span class='ocrx_word' id='word_1_743' title='bbox 1903 3671 2042 3727; x_wconf 88' lang='lat' dir='ltr'><strong>Tum</strong></span> <span class='ocrx_word' id='word_1_744' title='bbox 2083 3673 2268 3728; x_wconf 87' lang='lat' dir='ltr'><strong>subdit</strong></span> <span class='ocrx_word' id='word_1_745' title='bbox 2305 3672 2367 3728; x_wconf 75' lang='grc' dir='ltr'>’τ</span> <span class='ocrx_word' id='word_1_746' title='bbox 2429 3669 2498 3726; x_wconf 86' lang='lat' dir='ltr'><strong>Et</strong></span> <span class='ocrx_word' id='word_1_747' title='bbox 2552 3671 2753 3741; x_wconf 81' lang='lat' dir='ltr'><strong>factum</strong></span> <span class='ocrx_word' id='word_1_748' title='bbox 2799 3679 2878 3726; x_wconf 78' lang='lat' dir='ltr'><strong>est</strong></span> <span class='ocrx_word' id='word_1_749' title='bbox 2919 3671 2996 3724; x_wconf 85' lang='lat' dir='ltr'><strong>ita</strong></span> <span class='ocrx_word' id='word_1_750' title='bbox 3021 3681 3111 3725; x_wconf 89' lang='lat' dir='ltr'><strong>:et</strong></span> <span class='ocrx_word' id='word_1_751' title='bbox 3154 3671 3279 3726; x_wconf 81' lang='lat' dir='ltr'><strong>vidit</strong></span> <span class='ocrx_word' id='word_1_752' title='bbox 3319 3671 3462 3725; x_wconf 88' lang='lat' dir='ltr'><strong>Deus</strong></span> 
     </span>
    </p>
   </div>
   <div class='ocr_carea' id='block_1_98' title="bbox 1901 3761 3460 3836">
    <p class='ocr_par' dir='ltr' id='par_1_98' title="bbox 1901 3761 3460 3836">
     <span class='ocr_line' id='line_1_98' title="bbox 1901 3761 3460 3836; baseline -0.002 -17"><span class='ocrx_word' id='word_1_753' title='bbox 1901 3764 2039 3836; x_wconf 86' lang='lat' dir='ltr'><strong>quod</strong></span> <span class='ocrx_word' id='word_1_754' title='bbox 2064 3775 2198 3820; x_wconf 83' lang='lat' dir='ltr'><strong>esset</strong></span> <span class='ocrx_word' id='word_1_755' title='bbox 2231 3764 2444 3820; x_wconf 86' lang='lat' dir='ltr'><strong>bonum.</strong></span> <span class='ocrx_word' id='word_1_756' title='bbox 2469 3761 2612 3830; x_wconf 87' lang='lat' dir='ltr'><strong>Quin</strong></span> <span class='ocrx_word' id='word_1_757' title='bbox 2641 3763 2803 3818; x_wconf 87' lang='lat' dir='ltr'><strong>etiam</strong></span> <span class='ocrx_word' id='word_1_758' title='bbox 2831 3761 3070 3818; x_wconf 79' lang='lat' dir='ltr'><strong>ostendit</strong></span> <span class='ocrx_word' id='word_1_759' title='bbox 3109 3762 3342 3834; x_wconf 89' lang='lat' dir='ltr'><strong>primum</strong></span> <span class='ocrx_word' id='word_1_760' title='bbox 3367 3762 3460 3833; x_wconf 92' lang='lat' dir='ltr'><strong>qui</strong></span> 
     </span>
    </p>
   </div>
   <div class='ocr_carea' id='block_1_99' title="bbox 1901 3854 3459 3929">
    <p class='ocr_par' dir='ltr' id='par_1_99' title="bbox 1901 3854 3459 3929">
     <span class='ocr_line' id='line_1_99' title="bbox 1901 3854 3459 3929; baseline -0.001 -17"><span class='ocrx_word' id='word_1_761' title='bbox 1901 3856 2044 3929; x_wconf 89' lang='lat' dir='ltr'><strong>apud</strong></span> <span class='ocrx_word' id='word_1_762' title='bbox 2091 3855 2348 3912; x_wconf 79' lang='lat' dir='ltr'><strong>Hebraeos</strong></span> <span class='ocrx_word' id='word_1_763' title='bbox 2399 3856 2517 3927; x_wconf 85' lang='lat' dir='ltr'><strong>lege</strong></span> <span class='ocrx_word' id='word_1_764' title='bbox 2554 3854 2808 3910; x_wconf 90' lang='lat' dir='ltr'><strong>inductus</strong></span> <span class='ocrx_word' id='word_1_765' title='bbox 2851 3863 2935 3910; x_wconf 88' lang='lat' dir='ltr'><strong>est</strong></span> <span class='ocrx_word' id='word_1_766' title='bbox 2978 3869 3249 3920; x_wconf 85' lang='lat' dir='ltr'><strong>mensem,</strong></span> <span class='ocrx_word' id='word_1_767' title='bbox 3300 3870 3459 3926; x_wconf 89' lang='lat' dir='ltr'><strong>quem</strong></span> 
     </span>
    </p>
   </div>
   <div class='ocr_carea' id='block_1_100' title="bbox 1901 3944 3459 4018">
    <p class='ocr_par' dir='ltr' id='par_1_100' title="bbox 1901 3944 3459 4018">
     <span class='ocr_line' id='line_1_100' title="bbox 1901 3944 3459 4018; baseline -0.001 -14"><span class='ocrx_word' id='word_1_768' title='bbox 1901 3949 2247 4004; x_wconf 89' lang='lat' dir='ltr'><strong>observatum</strong></span> <span class='ocrx_word' id='word_1_769' title='bbox 2310 3946 2479 4003; x_wconf 87' lang='lat' dir='ltr'><strong>fuisse</strong></span> <span class='ocrx_word' id='word_1_770' title='bbox 2534 3961 2566 4001; x_wconf 90' lang='lat' dir='ltr'><strong>a</strong></span> <span class='ocrx_word' id='word_1_771' title='bbox 2614 3944 2816 4002; x_wconf 67' lang='lat' dir='ltr'><strong>Judaais</strong></span> <span class='ocrx_word' id='word_1_772' title='bbox 2858 3945 3108 4002; x_wconf 79' lang='lat' dir='ltr'><strong>novimus</strong></span> <span class='ocrx_word' id='word_1_773' title='bbox 3167 3961 3340 4018; x_wconf 85' lang='lat' dir='ltr'><strong>usque</strong></span> <span class='ocrx_word' id='word_1_774' title='bbox 3392 3947 3459 4002; x_wconf 89' lang='lat' dir='ltr'><strong>ad</strong></span> 
     </span>
    </p>
   </div>
   <div class='ocr_carea' id='block_1_101' title="bbox 1900 4039 3461 4116">
    <p class='ocr_par' dir='ltr' id='par_1_101' title="bbox 1900 4039 3461 4116">
     <span class='ocr_line' id='line_1_101' title="bbox 1900 4039 3461 4116; baseline -0.001 -18"><span class='ocrx_word' id='word_1_775' title='bbox 1900 4042 2398 4116; x_wconf 82' lang='lat' dir='ltr'><strong>Hierosolymorum</strong></span> <span class='ocrx_word' id='word_1_776' title='bbox 2453 4041 2763 4104; x_wconf 58' lang='lat' dir='ltr'><strong>excidium;</strong></span> <span class='ocrx_word' id='word_1_777' title='bbox 2816 4040 2942 4110; x_wconf 83' lang='lat' dir='ltr'><strong>quia</strong></span> <span class='ocrx_word' id='word_1_778' title='bbox 2994 4039 3049 4094; x_wconf 88' lang='lat' dir='ltr'><strong>id</strong></span> <span class='ocrx_word' id='word_1_779' title='bbox 3098 4042 3329 4096; x_wconf 74' lang='lat' dir='ltr'><strong>maxime</strong></span> <span class='ocrx_word' id='word_1_780' title='bbox 3381 4041 3461 4097; x_wconf 89' lang='lat' dir='ltr'><strong>sic</strong></span> 
     </span>
    </p>
   </div>
   <div class='ocr_carea' id='block_1_102' title="bbox 1900 4130 3458 4192">
    <p class='ocr_par' dir='ltr' id='par_1_102' title="bbox 1900 4130 3458 4192">
     <span class='ocr_line' id='line_1_102' title="bbox 1900 4130 3458 4192; baseline -0.003 -2"><span class='ocrx_word' id='word_1_781' title='bbox 1900 4135 2136 4192; x_wconf 84' lang='lat' dir='ltr'><strong>Hebraeis</strong></span> <span class='ocrx_word' id='word_1_782' title='bbox 2175 4135 2430 4191; x_wconf 89' lang='lat' dir='ltr'><strong>traditum</strong></span> <span class='ocrx_word' id='word_1_783' title='bbox 2479 4140 2583 4188; x_wconf 89' lang='lat' dir='ltr'><strong>est.</strong></span> <span class='ocrx_word' id='word_1_784' title='bbox 2629 4133 2762 4188; x_wconf 88' lang='lat' dir='ltr'><strong>Post</strong></span> <span class='ocrx_word' id='word_1_785' title='bbox 2817 4130 3086 4186; x_wconf 81' lang='lat' dir='ltr'><strong>excidium</strong></span> <span class='ocrx_word' id='word_1_786' title='bbox 3133 4147 3263 4186; x_wconf 90' lang='lat' dir='ltr'><strong>vero</strong></span> <span class='ocrx_word' id='word_1_787' title='bbox 3316 4131 3458 4186; x_wconf 90' lang='lat' dir='ltr'><strong>idem</strong></span> 
     </span>
    </p>
   </div>
   <div class='ocr_carea' id='block_1_103' title="bbox 1900 4221 3455 4294">
    <p class='ocr_par' dir='ltr' id='par_1_103' title="bbox 1900 4221 3455 4294">
     <span class='ocr_line' id='line_1_103' title="bbox 1900 4221 3455 4294; baseline -0.001 -13"><span class='ocrx_word' id='word_1_788' title='bbox 1900 4226 2134 4282; x_wconf 89' lang='lat' dir='ltr'><strong>ludibrio</strong></span> <span class='ocrx_word' id='word_1_789' title='bbox 2163 4233 2246 4282; x_wconf 90' lang='lat' dir='ltr'><strong>est</strong></span> <span class='ocrx_word' id='word_1_790' title='bbox 2269 4225 2485 4280; x_wconf 88' lang='lat' dir='ltr'><strong>habitus</strong></span> <span class='ocrx_word' id='word_1_791' title='bbox 2513 4239 2578 4280; x_wconf 82' lang='lat' dir='ltr'><strong>ex</strong></span> <span class='ocrx_word' id='word_1_792' title='bbox 2604 4222 2837 4294; x_wconf 87' lang='lat' dir='ltr'><strong>quadam</strong></span> <span class='ocrx_word' id='word_1_793' title='bbox 2869 4221 3050 4278; x_wconf 90' lang='lat' dir='ltr'><strong>cordis</strong></span> <span class='ocrx_word' id='word_1_794' title='bbox 3079 4221 3455 4289; x_wconf 88' lang='lat' dir='ltr'><strong>obduratione,</strong></span> 
     </span>
    </p>
   </div>
   <div class='ocr_carea' id='block_1_104' title="bbox 1900 4315 3458 4390">
    <p class='ocr_par' dir='ltr' id='par_1_104' title="bbox 1900 4315 3458 4390">
     <span class='ocr_line' id='line_1_104' title="bbox 1900 4315 3458 4390; baseline 0 -18"><span class='ocrx_word' id='word_1_795' title='bbox 1900 4334 2058 4389; x_wconf 92' lang='lat' dir='ltr'><strong>quem</strong></span> <span class='ocrx_word' id='word_1_796' title='bbox 2085 4334 2187 4374; x_wconf 91' lang='lat' dir='ltr'><strong>nos</strong></span> <span class='ocrx_word' id='word_1_797' title='bbox 2217 4319 2454 4390; x_wconf 87' lang='lat' dir='ltr'><strong>legitime</strong></span> <span class='ocrx_word' id='word_1_798' title='bbox 2502 4332 2566 4374; x_wconf 93' lang='lat' dir='ltr'><strong>ac</strong></span> <span class='ocrx_word' id='word_1_799' title='bbox 2621 4317 2835 4372; x_wconf 86' lang='lat' dir='ltr'><strong>sincere</strong></span> <span class='ocrx_word' id='word_1_800' title='bbox 2869 4317 3224 4373; x_wconf 81' lang='lat' dir='ltr'><strong>observantes</strong></span> <span class='ocrx_word' id='word_1_801' title='bbox 3257 4315 3458 4387; x_wconf 89' lang='lat' dir='ltr'><strong>recepi-</strong></span> 
     </span>
    </p>
   </div>
   <div class='ocr_carea' id='block_1_105' title="bbox 1899 4404 3458 4480">
    <p class='ocr_par' dir='ltr' id='par_1_105' title="bbox 1899 4404 3458 4480">
     <span class='ocr_line' id='line_1_105' title="bbox 1899 4404 3458 4480; baseline -0.004 -16"><span class='ocrx_word' id='word_1_802' title='bbox 1899 4425 2044 4474; x_wconf 87' lang='lat' dir='ltr'><strong>mus,</strong></span> <span class='ocrx_word' id='word_1_803' title='bbox 2078 4417 2133 4465; x_wconf 91' lang='lat' dir='ltr'><strong>et</strong></span> <span class='ocrx_word' id='word_1_804' title='bbox 2165 4412 2217 4466; x_wconf 92' lang='lat' dir='ltr'><strong>in</strong></span> <span class='ocrx_word' id='word_1_805' title='bbox 2250 4410 2352 4465; x_wconf 91' lang='lat' dir='ltr'><strong>hoc</strong></span> <span class='ocrx_word' id='word_1_806' title='bbox 2379 4409 2674 4480; x_wconf 79' lang='lat' dir='ltr'><strong>juxta......</strong></span> <span class='ocrx_word' id='word_1_807' title='bbox 2695 4404 3293 4470; x_wconf 89' lang='lat' dir='ltr'><strong>verbum,cumait......</strong></span> <span class='ocrx_word' id='word_1_808' title='bbox 3316 4405 3458 4461; x_wconf 90' lang='lat' dir='ltr'><strong>diem</strong></span> 
     </span>
    </p>
   </div>
   <div class='ocr_carea' id='block_1_106' title="bbox 1903 4499 3458 4572">
    <p class='ocr_par' dir='ltr' id='par_1_106' title="bbox 1903 4499 3458 4572">
     <span class='ocr_line' id='line_1_106' title="bbox 1903 4499 3458 4572; baseline -0.005 -15"><span class='ocrx_word' id='word_1_809' title='bbox 1903 4511 2104 4558; x_wconf 66' lang='lat' dir='ltr'><strong>sanctae</strong></span> <span class='ocrx_word' id='word_1_810' title='bbox 2125 4502 2439 4558; x_wconf 82' lang='lat' dir='ltr'><strong>festivitatis</strong></span> <span class='ocrx_word' id='word_1_811' title='bbox 2472 4509 2702 4564; x_wconf 60' lang='lat' dir='ltr'><strong>nostra,</strong></span> <span class='ocrx_word' id='word_1_812' title='bbox 2746 4515 2906 4572; x_wconf 86' lang='lat' dir='ltr'><strong>quem</strong></span> <span class='ocrx_word' id='word_1_813' title='bbox 2935 4499 3131 4555; x_wconf 91' lang='lat' dir='ltr'><strong>electio</strong></span> <span class='ocrx_word' id='word_1_814' title='bbox 3165 4504 3458 4554; x_wconf 86' lang='lat' dir='ltr'><strong>consecuta</strong></span> 
     </span>
    </p>
   </div>
   <div class='ocr_carea' id='block_1_107' title="bbox 1902 4581 3458 4664">
    <p class='ocr_par' dir='ltr' id='par_1_107' title="bbox 1902 4581 3458 4664">
     <span class='ocr_line' id='line_1_107' title="bbox 1902 4581 3458 4664; baseline -0.004 -16"><span class='ocrx_word' id='word_1_815' title='bbox 1902 4603 1987 4650; x_wconf 88' lang='lat' dir='ltr'><strong>est</strong></span> <span class='ocrx_word' id='word_1_816' title='bbox 2009 4595 2028 4625; x_wconf 83' lang='lat'>&#39;</span> <span class='ocrx_word' id='word_1_817' title='bbox 2048 4613 2060 4648; x_wconf 93' lang='lat'>:</span> <span class='ocrx_word' id='word_1_818' title='bbox 2085 4581 2266 4650; x_wconf 62' lang='lat' dir='ltr'><strong>caeteri</strong></span> <span class='ocrx_word' id='word_1_819' title='bbox 2295 4609 2425 4650; x_wconf 88' lang='lat' dir='ltr'><strong>vero</strong></span> <span class='ocrx_word' id='word_1_820' title='bbox 2441 4593 2797 4648; x_wconf 89' lang='lat' dir='ltr'><strong>occalueruut</strong></span> <span class='ocrx_word' id='word_1_821' title='bbox 2813 4633 2829 4661; x_wconf 94' lang='lat'><strong>,</strong></span> <span class='ocrx_word' id='word_1_822' title='bbox 2852 4589 3307 4664; x_wconf 87' lang='lat' dir='ltr'><strong>quemadmodum</strong></span> <span class='ocrx_word' id='word_1_823' title='bbox 3322 4589 3458 4646; x_wconf 79' lang='lat' dir='ltr'><strong>dixit</strong></span> 
     </span>
    </p>
   </div>
   <div class='ocr_carea' id='block_1_108' title="bbox 1903 4683 2642 4756">
    <p class='ocr_par' dir='ltr' id='par_1_108' title="bbox 1903 4683 2642 4756">
     <span class='ocr_line' id='line_1_108' title="bbox 1903 4683 2642 4756; baseline -0.001 -15"><span class='ocrx_word' id='word_1_824' title='bbox 1903 4685 2207 4756; x_wconf 83' lang='lat' dir='ltr'><strong>Scriptura.</strong></span> <span class='ocrx_word' id='word_1_825' title='bbox 2240 4683 2309 4738; x_wconf 81' lang='lat' dir='ltr'><strong>Et</strong></span> <span class='ocrx_word' id='word_1_826' title='bbox 2335 4693 2450 4754; x_wconf 88' lang='lat' dir='ltr'><strong>post</strong></span> <span class='ocrx_word' id='word_1_827' title='bbox 2483 4685 2591 4740; x_wconf 87' lang='lat' dir='ltr'><strong>alia</strong></span> <span class='ocrx_word' id='word_1_828' title='bbox 2623 4700 2642 4740; x_wconf 91' lang='lat'><strong><em>:</em></strong></span> 
     </span>
    </p>
   </div>
   <div class='ocr_carea' id='block_1_109' title="bbox 1967 4877 3460 4954">
    <p class='ocr_par' dir='ltr' id='par_1_109' title="bbox 1967 4877 3460 4954">
     <span class='ocr_line' id='line_1_109' title="bbox 1967 4877 3460 4954; baseline -0.005 -15"><span class='ocrx_word' id='word_1_829' title='bbox 1967 4884 2034 4939; x_wconf 86' lang='grc' dir='ltr'><strong>Π.</strong></span> <span class='ocrx_word' id='word_1_830' title='bbox 2067 4882 2192 4938; x_wconf 64' lang='lat' dir='ltr'><strong>Haec</strong></span> <span class='ocrx_word' id='word_1_831' title='bbox 2225 4884 2423 4954; x_wconf 87' lang='lat' dir='ltr'><strong>quippe</strong></span> <span class='ocrx_word' id='word_1_832' title='bbox 2451 4882 2526 4936; x_wconf 89' lang='lat' dir='ltr'><strong>ait</strong></span> <span class='ocrx_word' id='word_1_833' title='bbox 2559 4901 2572 4938; x_wconf 90' lang='lat'>:</span> <span class='ocrx_word' id='word_1_834' title='bbox 2608 4880 2800 4938; x_wconf 86' lang='lat' dir='ltr'><strong>Omnia</strong></span> <span class='ocrx_word' id='word_1_835' title='bbox 2828 4878 3020 4949; x_wconf 83' lang='lat' dir='ltr'><strong>facient</strong></span> <span class='ocrx_word' id='word_1_836' title='bbox 3045 4879 3188 4934; x_wconf 78' lang='lat' dir='ltr'><strong>vobis</strong></span> <span class='ocrx_word' id='word_1_837' title='bbox 3217 4877 3460 4948; x_wconf 82' lang='lat' dir='ltr'><strong>(propter</strong></span> 
     </span>
    </p>
   </div>
   <div class='ocr_carea' id='block_1_110' title="bbox 1898 4970 3458 5048">
    <p class='ocr_par' dir='ltr' id='par_1_110' title="bbox 1898 4970 3458 5048">
     <span class='ocr_line' id='line_1_110' title="bbox 1898 4970 3458 5048; baseline -0.007 -15"><span class='ocrx_word' id='word_1_838' title='bbox 1898 4993 2084 5033; x_wconf 86' lang='lat' dir='ltr'><strong>nomen</strong></span> <span class='ocrx_word' id='word_1_839' title='bbox 2118 4975 2325 5048; x_wconf 86' lang='lat' dir='ltr'><strong>meum)</strong></span> <span class='ocrx_word' id='word_1_840' title='bbox 2369 4976 2616 5046; x_wconf 88' lang='lat' dir='ltr'><strong>quoniam</strong></span> <span class='ocrx_word' id='word_1_841' title='bbox 2655 4989 2758 5028; x_wconf 88' lang='lat' dir='ltr'><strong>non</strong></span> <span class='ocrx_word' id='word_1_842' title='bbox 2801 4979 3143 5041; x_wconf 83' lang='lat' dir='ltr'><strong>cognoverunt</strong></span> <span class='ocrx_word' id='word_1_843' title='bbox 3181 4971 3270 5038; x_wconf 86' lang='lat' dir='ltr'><strong>qui</strong></span> <span class='ocrx_word' id='word_1_844' title='bbox 3317 4970 3458 5024; x_wconf 85' lang='lat' dir='ltr'><strong>misit</strong></span> 
     </span>
    </p>
   </div>
   <div class='ocr_carea' id='block_1_111' title="bbox 1899 5061 3459 5136">
    <p class='ocr_par' dir='ltr' id='par_1_111' title="bbox 1899 5061 3459 5136">
     <span class='ocr_line' id='line_1_111' title="bbox 1899 5061 3459 5136; baseline -0.006 -12"><span class='ocrx_word' id='word_1_845' title='bbox 1899 5087 1980 5126; x_wconf 87' lang='lat' dir='ltr'><strong>me</strong></span> <span class='ocrx_word' id='word_1_846' title='bbox 1999 5071 2043 5124; x_wconf 82' lang='grc'><strong>⁷.</strong></span> <span class='ocrx_word' id='word_1_847' title='bbox 2075 5069 2134 5124; x_wconf 90' lang='lat' dir='ltr'><strong>Si</strong></span> <span class='ocrx_word' id='word_1_848' title='bbox 2163 5075 2342 5124; x_wconf 88' lang='lat' dir='ltr'><strong>autem</strong></span> <span class='ocrx_word' id='word_1_849' title='bbox 2374 5077 2430 5122; x_wconf 92' lang='lat' dir='ltr'><strong>et</strong></span> <span class='ocrx_word' id='word_1_850' title='bbox 2459 5081 2582 5122; x_wconf 91' lang='lat' dir='ltr'><strong>eum</strong></span> <span class='ocrx_word' id='word_1_851' title='bbox 2604 5065 2698 5136; x_wconf 91' lang='lat' dir='ltr'><strong>qui</strong></span> <span class='ocrx_word' id='word_1_852' title='bbox 2728 5063 2915 5130; x_wconf 90' lang='lat' dir='ltr'><strong>misit,</strong></span> <span class='ocrx_word' id='word_1_853' title='bbox 2942 5069 2996 5118; x_wconf 89' lang='lat' dir='ltr'><strong>et</strong></span> <span class='ocrx_word' id='word_1_854' title='bbox 3018 5061 3115 5132; x_wconf 91' lang='lat' dir='ltr'><strong>qui</strong></span> <span class='ocrx_word' id='word_1_855' title='bbox 3147 5061 3350 5116; x_wconf 87' lang='lat' dir='ltr'><strong>missus</strong></span> <span class='ocrx_word' id='word_1_856' title='bbox 3374 5068 3459 5116; x_wconf 90' lang='lat' dir='ltr'><strong>est</strong></span> 
     </span>
    </p>
   </div>
   <div class='ocr_carea' id='block_1_112' title="bbox 1898 5149 3456 5225">
    <p class='ocr_par' dir='ltr' id='par_1_112' title="bbox 1898 5149 3456 5225">
     <span class='ocr_line' id='line_1_112' title="bbox 1898 5149 3456 5225; baseline -0.007 -10"><span class='ocrx_word' id='word_1_857' title='bbox 1898 5161 2245 5225; x_wconf 88' lang='lat' dir='ltr'><strong>nescierunt,</strong></span> <span class='ocrx_word' id='word_1_858' title='bbox 2306 5156 2557 5212; x_wconf 88' lang='lat' dir='ltr'><strong>dubitare</strong></span> <span class='ocrx_word' id='word_1_859' title='bbox 2604 5156 2748 5211; x_wconf 87' lang='lat' dir='ltr'><strong>baud</strong></span> <span class='ocrx_word' id='word_1_860' title='bbox 2781 5157 2944 5222; x_wconf 89' lang='lat' dir='ltr'><strong>licet;</strong></span> <span class='ocrx_word' id='word_1_861' title='bbox 3001 5152 3133 5223; x_wconf 91' lang='lat' dir='ltr'><strong>quin</strong></span> <span class='ocrx_word' id='word_1_862' title='bbox 3184 5149 3394 5206; x_wconf 83' lang='lat' dir='ltr'><strong>Pascha</strong></span> <span class='ocrx_word' id='word_1_863' title='bbox 3423 5164 3456 5204; x_wconf 68' lang='grc' dir='ltr'><strong>α</strong></span> 
     </span>
    </p>
   </div>
   <div class='ocr_carea' id='block_1_113' title="bbox 1897 5235 3455 5322">
    <p class='ocr_par' dir='ltr' id='par_1_113' title="bbox 1897 5235 3455 5322">
     <span class='ocr_line' id='line_1_113' title="bbox 1897 5235 3455 5322; baseline -0.005 -16"><span class='ocrx_word' id='word_1_864' title='bbox 1897 5252 2015 5322; x_wconf 88' lang='lat' dir='ltr'><strong>lege</strong></span> <span class='ocrx_word' id='word_1_865' title='bbox 2054 5235 2383 5322; x_wconf 77' lang='lat' dir='ltr'><strong>praeceptum</strong></span> <span class='ocrx_word' id='word_1_866' title='bbox 2413 5248 2814 5319; x_wconf 88' lang='lat' dir='ltr'><strong>ignoraverint,</strong></span> <span class='ocrx_word' id='word_1_867' title='bbox 2860 5256 2920 5301; x_wconf 91' lang='lat' dir='ltr'><strong>ut</strong></span> <span class='ocrx_word' id='word_1_868' title='bbox 2963 5261 3074 5300; x_wconf 89' lang='lat' dir='ltr'><strong>non</strong></span> <span class='ocrx_word' id='word_1_869' title='bbox 3113 5246 3169 5300; x_wconf 89' lang='lat' dir='ltr'><strong>in</strong></span> <span class='ocrx_word' id='word_1_870' title='bbox 3209 5244 3316 5299; x_wconf 88' lang='lat' dir='ltr'><strong>loci</strong></span> <span class='ocrx_word' id='word_1_871' title='bbox 3345 5243 3455 5299; x_wconf 89' lang='lat' dir='ltr'><strong>ele-</strong></span> 
     </span>
    </p>
   </div>
   <div class='ocr_carea' id='block_1_114' title="bbox 1895 5335 3454 5407">
    <p class='ocr_par' dir='ltr' id='par_1_114' title="bbox 1895 5335 3454 5407">
     <span class='ocr_line' id='line_1_114' title="bbox 1895 5335 3454 5407; baseline -0.003 -11"><span class='ocrx_word' id='word_1_872' title='bbox 1895 5343 2076 5396; x_wconf 88' lang='lat' dir='ltr'><strong>ctione</strong></span> <span class='ocrx_word' id='word_1_873' title='bbox 2108 5340 2410 5402; x_wconf 84' lang='lat' dir='ltr'><strong>duntaxat,</strong></span> <span class='ocrx_word' id='word_1_874' title='bbox 2461 5339 2556 5394; x_wconf 81' lang='lat' dir='ltr'><strong>sed</strong></span> <span class='ocrx_word' id='word_1_875' title='bbox 2589 5339 2751 5392; x_wconf 83' lang='lat' dir='ltr'><strong>etiam</strong></span> <span class='ocrx_word' id='word_1_876' title='bbox 2790 5337 2845 5390; x_wconf 92' lang='lat' dir='ltr'><strong>in</strong></span> <span class='ocrx_word' id='word_1_877' title='bbox 2878 5336 3081 5392; x_wconf 89' lang='lat' dir='ltr'><strong>mensis</strong></span> <span class='ocrx_word' id='word_1_878' title='bbox 3122 5335 3216 5406; x_wconf 92' lang='lat' dir='ltr'><strong>qui</strong></span> <span class='ocrx_word' id='word_1_879' title='bbox 3246 5335 3454 5407; x_wconf 80' lang='lat' dir='ltr'><strong>primus</strong></span> 
     </span>
    </p>
   </div>
   <div class='ocr_carea' id='block_1_115' title="bbox 1893 5428 3452 5500">
    <p class='ocr_par' dir='ltr' id='par_1_115' title="bbox 1893 5428 3452 5500">
     <span class='ocr_line' id='line_1_115' title="bbox 1893 5428 3452 5500; baseline -0.002 -12"><span class='ocrx_word' id='word_1_880' title='bbox 1893 5443 1976 5489; x_wconf 89' lang='lat' dir='ltr'><strong>est</strong></span> <span class='ocrx_word' id='word_1_881' title='bbox 2011 5434 2154 5488; x_wconf 87' lang='lat' dir='ltr'><strong>inter</strong></span> <span class='ocrx_word' id='word_1_882' title='bbox 2185 5433 2314 5486; x_wconf 87' lang='lat' dir='ltr'><strong>anni</strong></span> <span class='ocrx_word' id='word_1_883' title='bbox 2373 5448 2590 5488; x_wconf 86' lang='lat' dir='ltr'><strong>menses</strong></span> <span class='ocrx_word' id='word_1_884' title='bbox 2612 5474 2626 5500; x_wconf 91' lang='lat'><strong>,</strong></span> <span class='ocrx_word' id='word_1_885' title='bbox 2659 5430 2887 5487; x_wconf 75' lang='lat' dir='ltr'><strong>exordio</strong></span> <span class='ocrx_word' id='word_1_886' title='bbox 2919 5429 3250 5495; x_wconf 87' lang='lat' dir='ltr'><strong>erraverint,</strong></span> <span class='ocrx_word' id='word_1_887' title='bbox 3297 5428 3452 5486; x_wconf 81' lang='lat' dir='ltr'><strong>cuius</strong></span> 
     </span>
    </p>
   </div>
   <div class='ocr_carea' id='block_1_116' title="bbox 1895 5520 3460 5595">
    <p class='ocr_par' dir='ltr' id='par_1_116' title="bbox 1895 5520 3460 5595">
     <span class='ocr_line' id='line_1_116' title="bbox 1895 5520 3460 5595; baseline -0.001 -16"><span class='ocrx_word' id='word_1_888' title='bbox 1895 5524 2107 5579; x_wconf 90' lang='lat' dir='ltr'><strong>decima</strong></span> <span class='ocrx_word' id='word_1_889' title='bbox 2129 5533 2322 5595; x_wconf 90' lang='lat' dir='ltr'><strong>quarta</strong></span> <span class='ocrx_word' id='word_1_890' title='bbox 2344 5524 2556 5580; x_wconf 88' lang='lat' dir='ltr'><strong>sincere</strong></span> <span class='ocrx_word' id='word_1_891' title='bbox 2581 5525 2886 5590; x_wconf 87' lang='lat' dir='ltr'><strong>observata,</strong></span> <span class='ocrx_word' id='word_1_892' title='bbox 2917 5529 3039 5594; x_wconf 91' lang='lat' dir='ltr'><strong>post</strong></span> <span class='ocrx_word' id='word_1_893' title='bbox 3066 5520 3378 5593; x_wconf 71' lang='lat' dir='ltr'><strong>aequinoct&#39;t</strong></span> <span class='ocrx_word' id='word_1_894' title='bbox 3454 5529 3460 5534; x_wconf 89' lang='lat'><strong><em>&#39;</em></strong></span> 
     </span>
    </p>
   </div>
   <div class='ocr_carea' id='block_1_117' title="bbox 310 5699 1809 5790">
    <p class='ocr_par' dir='ltr' id='par_1_117' title="bbox 310 5704 1787 5781">
     <span class='ocr_line' id='line_1_117' title="bbox 310 5704 1787 5781; baseline -0.002 -17"><span class='ocrx_word' id='word_1_895' title='bbox 310 5704 518 5764; x_wconf 74' lang='lat' dir='ltr'><strong>&#39;Ezod.</strong></span> <span class='ocrx_word' id='word_1_896' title='bbox 554 5723 631 5777; x_wconf 80' lang='lat' dir='ltr'><strong>Ix,</strong></span> <span class='ocrx_word' id='word_1_897' title='bbox 655 5707 745 5763; x_wconf 78' lang='grc'><strong>52.</strong></span> <span class='ocrx_word' id='word_1_898' title='bbox 819 5709 840 5742; x_wconf 82' lang='grc'>³</span> <span class='ocrx_word' id='word_1_899' title='bbox 863 5705 1035 5763; x_wconf 75' lang='lat' dir='ltr'><strong>Exod.</strong></span> <span class='ocrx_word' id='word_1_900' title='bbox 1061 5707 1234 5776; x_wconf 73' lang='lat' dir='ltr'><strong>xu,2.</strong></span> <span class='ocrx_word' id='word_1_901' title='bbox 1302 5704 1508 5781; x_wconf 76' lang='lat' dir='ltr'><strong>&#39;_Num.</strong></span> <span class='ocrx_word' id='word_1_902' title='bbox 1534 5720 1630 5774; x_wconf 80' lang='lat' dir='ltr'><strong>nt,</strong></span> <span class='ocrx_word' id='word_1_903' title='bbox 1663 5704 1750 5761; x_wconf 72' lang='grc'><strong>24.</strong></span> <span class='ocrx_word' id='word_1_904' title='bbox 1782 5774 1787 5778; x_wconf 28' lang='grc' dir='ltr'><em>ι</em></span> 
     </span>
    </p>
   </div>
   <div class='ocr_carea' id='block_1_118' title="bbox 1908 5699 3472 5790">
    <p class='ocr_par' dir='ltr' id='par_1_118' title="bbox 1908 5699 3472 5790">
     <span class='ocr_line' id='line_1_118' title="bbox 1908 5699 3472 5790; baseline -0.001 -33"><span class='ocrx_word' id='word_1_905' title='bbox 1908 5703 2068 5760; x_wconf 61' lang='lat' dir='ltr'><strong>Senes.</strong></span> <span class='ocrx_word' id='word_1_906' title='bbox 2102 5721 2140 5774; x_wconf 85' lang='lat' dir='ltr'><strong>I,</strong></span> <span class='ocrx_word' id='word_1_907' title='bbox 2169 5703 2586 5763; x_wconf 67' lang='lat' dir='ltr'><strong>li.&#39;ibid.12.‘</strong></span> <span class='ocrx_word' id='word_1_908' title='bbox 2616 5705 2764 5762; x_wconf 78' lang='lat' dir='ltr'><strong>liam.</strong></span> <span class='ocrx_word' id='word_1_909' title='bbox 2794 5721 2870 5774; x_wconf 78' lang='lat' dir='ltr'><strong>xi,</strong></span> <span class='ocrx_word' id='word_1_910' title='bbox 2901 5705 2954 5758; x_wconf 84' lang='grc'><strong>7.</strong></span> <span class='ocrx_word' id='word_1_911' title='bbox 3026 5702 3222 5759; x_wconf 81' lang='lat' dir='ltr'><strong>&#39;Joan.</strong></span> <span class='ocrx_word' id='word_1_912' title='bbox 3257 5699 3472 5790; x_wconf 23' lang='lat'><strong>“,21.‘</strong></span> 
     </span>
    </p>
   </div>
  </div>
