3906 6194
822 295 928 351 515

1882 291 1938 345 S.
1983 284 2181 345 Ρετῐιι
2211 283 2677 344 ALEXANDRINI
2718 281 3021 341 EPISCOPI

822 409 1032 469 Pascha
1083 420 1290 468 veteres
1340 393 1684 468 celebrarunt
1731 411 1887 483 juxta
1938 413 2180 468 divinum
2237 427 2364 483 prae-

2083 429 2180 468 uum
2237 427 2374 483 prae-
2409 416 2448 470 Α
2477 427 2566 473 τες
2619 407 2755 481 μετὰ
2797 407 2892 479 τὴν
2940 407 3224 479 ἰσημερίαν
3244 405 3378 460 ἔθυον
3409 403 3455 458 τδ
3477 399 3625 473 Πάσχα

823 513 1038 575 ceptum
1061 543 1076 568 ,
1128 517 1252 557 cum
1277 502 1409 558 illud
1450 503 1610 560 hodie
1639 511 1765 558 ante
1817 503 2203 574 aequinoctium
2232 516 2376 556 nunc

824 603 1117 669 peragant,
1165 610 1227 649 ac
1266 597 1600 668 negligenter
1627 595 1845 667 quidem
1899 604 1953 651 et
1982 611 2212 652 erronee
2265 610 2382 649 om-

825 689 990 754 nino;
1043 687 1354 757 ignorantes
1413 687 1868 759 quemadmodum
1921 703 2021 743 sua
2079 687 2116 743 ii
2173 695 2380 758 tempe-

823 787 965 834 state
1018 777 1302 844 fecerunt,
1358 788 1418 834 ut
1473 781 1700 850 ipsemet
1757 779 1957 834 fatetur
2007 779 2103 852 qui
2152 782 2206 836 in
2262 779 2381 837 istis

823 870 1134 941 descriptus
1163 879 1267 926 est.

896 985 983 1040 Ill.
1019 985 1145 1041 Sive
1199 986 1362 1056 igitur
1409 996 1653 1042 errantes
1702 985 1873 1042 Judaei
1923 988 2079 1056 juxta
2133 989 2379 1044 lunarem

825 1093 1046 1134 cursum
1091 1094 1277 1136 mense
1326 1077 1664 1134 Phameuoth
1711 1096 1867 1134 suum
1901 1080 2177 1136 interdum
2218 1091 2379 1153 agant

825 1168 1055 1234 Pascha,
1090 1170 1203 1226 sive
1225 1169 1380 1238 juxta
1412 1185 1654 1225 mensem
1703 1171 2082 1228 intercalarem
2129 1188 2380 1243 unoquo-

826 1277 932 1332 que
962 1262 1193 1318 triennio
1218 1277 1405 1317 mense
1431 1259 1770 1329 Pharmuthi,
1789 1271 1976 1318 nostra
1999 1279 2108 1319 non
2131 1265 2378 1320 interest.

823 1349 972 1406 Nihil
1004 1350 1202 1421 quippe
1241 1349 1387 1404 aliud
1425 1350 1582 1405 nobis
1612 1353 1948 1422 propositum
1978 1361 2093 1420 est,
2127 1370 2288 1425 quam
2323 1364 2383 1410 ut

826 1443 946 1514 ejus
976 1443 1245 1513 passionis
1276 1441 1593 1498 memoriam
1614 1458 1868 1513 agamus,
1914 1452 2076 1515 atque
2115 1445 2247 1501 adeo
2281 1445 2383 1501 hoc

829 1537 948 1606 ipso
977 1542 1250 1605 tempore;
1281 1535 1553 1604 quomodo
1582 1536 1673 1605 qui
1700 1536 1816 1591 suis
1840 1537 1942 1606 ipsi
1970 1538 2147 1592 oculis
2163 1547 2380 1608 specta-

825 1639 954 1680 vere
1016 1624 1390 1691 tradiderunt,
1437 1627 1752 1695 priusquam
1796 1624 2029 1697 Egyptii
2078 1628 2379 1685 crederent.

826 1714 1012 1787 Neque
1031 1716 1174 1771 enim
1210 1716 1497 1772 observato
1525 1715 1702 1770 lunari
1739 1731 1940 1784 cursu,
1972 1718 2104 1774 illud
2129 1734 2380 1776 necessa-

795 1809 908 1868 ,rio
958 1814 1222 1878 peragunt
1281 1823 1368 1862 xv:
1437 1807 1526 1863 die
1581 1805 1917 1863 Phamenoth
1949 1849 1965 1873 ,
2019 1811 2184 1865 semel
2254 1826 2379 1866 vero

827 1901 1073 1972 quolibet
1139 1902 1376 1956 triennio
1423 1919 1609 1960 mense
1662 1903 1982 1960 Pharmuthi
2041 1923 2054 1960 :
2113 1905 2180 1960 ab
2226 1906 2383 1960 initio

827 1994 1026 2064 quippe
1061 2001 1114 2048 et
1154 2002 1281 2052 ante
1309 1994 1513 2050 Christi
1551 1996 1980 2052 incarnationem
2011 1997 2085 2050 ita
2134 1997 2385 2052 videntur

826 2087 1022 2155 egisse.
1056 2083 1206 2140 Unde
1253 2100 1377 2140 cum
1414 2086 1536 2142 illos
1585 2089 1761 2158 arguit
1811 2087 2069 2143 Dominus
2113 2103 2210 2158 per
2252 2087 2384 2144 Pro-

828 2177 1080 2246 phetam,
1138 2178 1213 2231 ait
1248 2196 1262 2232 :
1303 2176 1368 2230 Et
1415 2178 1527 2232 dixi
1566 2194 1583 2232 :
1623 2195 1822 2247 semper
1865 2178 1920 2232 hi
1963 2179 2143 2232 errant
2194 2179 2380 2244 corde,

826 2277 876 2323 et
934 2269 1114 2340 juravi
1173 2270 1225 2324 in
1283 2271 1366 2323 ira
1426 2287 1539 2324 mea
1587 2270 1634 2324 si
1688 2270 1982 2325 introibant
2043 2273 2100 2324 in
2156 2272 2382 2342 requiem

827 2376 995 2414 meam
1042 2361 1082 2414 ¹.

899 2473 988 2530 ιν.
1023 2474 1177 2540 Quod
1227 2473 1479 2542 quidem,
1535 2479 1594 2527 ut
1640 2472 1824 2539 vides,
1861 2475 1948 2529 vel
1999 2476 2054 2529 in
2099 2490 2166 2531 eo
2218 2476 2381 2531 etiam

829 2567 1062 2623 maxime
1094 2565 1310 2620 mentiri
1359 2573 1611 2634 apparet,
1655 2580 1763 2619 non
1809 2566 1864 2620 in
1898 2565 2146 2621 homines
2181 2568 2378 2632 modo,

827 2654 1106 2711 sedetiam
1150 2653 1206 2706 in
1234 2651 1423 2707 Deum.
1478 2655 1555 2708 Ac
1593 2653 1798 2722 primo,
1829 2670 1953 2708 cum
1997 2656 2051 2710 in
2097 2657 2198 2711 hoc
2241 2673 2384 2712 nun-

828 2758 990 2815 quam
1020 2743 1320 2799 erraverint
1368 2742 1575 2808 Judaei,
1629 2751 1688 2796 ut
1719 2745 1822 2814 qui
1855 2760 1978 2800 cum
2023 2747 2092 2802 iis
2121 2748 2214 2818 qui
2266 2751 2382 2808 suis

828 2836 932 2906 ipsi
959 2835 1134 2888 oculis
1165 2833 1413 2889 viderunt
1437 2845 1490 2889 et
1525 2834 1761 2890 ministri
1803 2834 2058 2904 fuerunt,
2091 2854 2383 2896 conversa-

827 2931 1044 2994 liantur,
1099 2927 1268 2982 multo
1314 2929 1487 2998 magis
1537 2944 1712 2999 neque
1765 2931 1835 2987 ab
1884 2931 2040 2988 initio
2091 2940 2380 3004 antequam

823 3023 1076 3077 Christus
1108 3029 1444 3076 nasceretur.
1487 3021 1671 3094 Neque
1711 3025 1855 3079 enim
1891 3033 2113 3096 propter
2138 3027 2274 3098 legis
2313 3028 2382 3084 de

2483 501 2630 554 θείαν
2662 498 3033 570 παραγγελίαν
3054 515 3066 530 ⁸
3117 498 3166 552 oi
3201 496 3304 567 γὰρ
3327 495 3405 550 νῦν
3431 495 3513 567 πρὸ
3539 499 3630 565 iant

2483 591 2712 656 ποιοῦσι,
2747 593 2887 646 πάνυ
2918 587 3129 662 ἀμελῶς
3162 589 3255 643 καὶ
3283 585 3629 657 κατεσφαλμένω

2481 703 2589 748 τες·
2626 683 2908 756 ὼσπεροῦν
2957 684 3050 737 καὶ
3079 682 3267 745 ὲπὲτος
3306 681 3537 749 ἐποίησαν,
3561 678 3621 740 ὡς

2487 773 2857 845 συνομολογῶν
2881 777 2910 828 ὁ
2941 774 2998 826 tv
3029 771 3237 835 τούτοις
3265 765 3478 841 γραφείς.

2552 985 2638 1036 llf.
2665 982 2772 1052 (29)
2791 979 2913 1035 Εἴτε
2930 975 3021 1033 οὖν
3056 975 3390 1047 σφαλλόμενοι
3401 971 3601 1025 Ἰουδαῖοι
3624 987 3630 1022 τ

2480 1075 2730 1146 ληνιακὸν
2744 1074 2959 1146 δρόμον,
2985 1072 3114 1124 ποτὲ
3136 1069 3232 1138 μὲν
3252 1063 3479 1136 Φαμενὼθ
3497 1064 3630 1132 ἄγους

2481 1168 2687 1237 Πάσχα·
2708 1166 2816 1219 εἴτε
2835 1163 2973 1218 κατὰ
2990 1163 3078 1216 τὸν
3093 1158 3402 1232 ἐμϐολισμὸν
3415 1155 3528 1226 (ιρι)
3548 1155 3630 1225 μῆι

2479 1259 2597 1312 τίαν
2641 1257 2720 1328 τῷ
2768 1255 3063 1329 Φαρμουθὶ,
3109 1251 3258 1306 οὐδὲν
3284 1251 3402 1320 ⁴ᾗμῖν
3439 1245 3629 1318 διαφέρε

2481 1349 2584 1421 γὰρ
2617 1351 2743 1420 ἡμῖν
2770 1348 2952 1418 ἕτερον
2999 1346 3032 1417 ἢ
3070 1345 3166 1415 τὴν
3196 1342 3470 1412 ἀνάμνησιν
3492 1337 3571 1392 τοῦ
3597 1354 3630 1389 π

2485 1441 2766 1504 ποιεῖσθαι,
2797 1440 2891 1492 καὶ
2919 1436 3056 1490 κατὰ
3074 1435 3256 1488 τοῦτον
3280 1433 3364 1485 τὸν
3396 1429 3585 1501 καιρόν·
3613 1427 3630 1479 ί

2481 1536 2580 1604 χῆς
2613 1533 2872 1585 αὐτόπται
2901 1527 3326 1600 παραδεδώκασι,
3349 1524 3461 1594 πρὶν
3492 1520 3630 1588 Αίγὺι

2484 1643 2589 1679 σαι.
2623 1625 2695 1678 Οὐ
2723 1623 2828 1695 γὰρ
2849 1622 2942 1676 νῦν
2973 1619 3185 1692 πρῶτον
3209 1613 3558 1686 ἐπιτηροῦντες
3577 1612 3630 1665 τὸ

2480 1717 2675 1788 δρόμον
2708 1715 2947 1781 ἄγουσιν·
2970 1709 3100 1763 αὐτὸ
3147 1706 3205 1774 ἐξ
3241 1704 3465 1772 ἀνάγκης
3493 1707 3557 1765 ις’
3588 1699 3630 1770 μὶ

2481 1807 2608 1872 νὼθ,
2642 1803 2786 1868 ἆπαξ
2809 1803 2863 1856 δὲ
2891 1801 3029 1856 κατὰ
3058 1796 3294 1871 τριετίαν
3313 1795 3383 1866 τῷ
3401 1791 3628 1864 Φαρμουο

2482 1901 2589 1971 γὰρ
2634 1898 2727 1952 καὶ
2770 1894 2876 1968 πρὸ
2916 1894 3014 1964 τῆς
3039 1887 3272 1964 Χριστοῦ
3313 1885 3582 1959 παρουσίας
3613 1901 3630 1935 1

2484 1992 2802 2060 ποιήσαντες
2835 1981 3298 2056 φαίνονται.’οθεν
3343 1980 3430 2035 καὶ
3469 1975 3630 2046 utrubi

2481 2088 2509 2139 ὁ
2561 2084 2690 2147 Θεὸς
2727 2082 2813 2135 διά
2848 2078 2938 2132 τοῦ
2974 2077 3249 2150 Προφήτου
3297 2073 3465 2142 ἐλεγε-
3515 2071 3614 2126 Καὶ

2483 2175 2819 2232 πλανῶνται
2845 2170 2917 2241 τῇ
2940 2171 3180 2239 καρδίᾳο
3215 2167 3294 2234 ὡς
3312 2166 3504 2237 ὤμοσα
3533 2164 3596 2218 ἐν
3625 2183 3630 2208 τ

2483 2274 2531 2326 ει
2557 2269 2998 2324 εἰσελεύσονται
3025 2267 3111 2331 είς
3137 2261 3251 2331 τὴν
3275 2257 3630 2314 κατάπαυσίν

2555 2466 2643 2522 ιν.
2687 2467 2879 2535 Ὅπερ,
2903 2464 2976 2526 ὡς
2995 2462 3142 2532 ὁρᾷς,
3172 2459 3265 2512 καὶ
3286 2459 3341 2510 tv
3368 2455 3535 2526 τούτῳ
3557 2472 3630 2524 φα

2481 2556 2850 2632 ψευδηγορῶν,
2873 2556 2932 2608 οὑ
2971 2554 3127 2624 μόνον
3156 2551 3296 2604 κατὰ
3327 2547 3629 2618 ἀνθρώπων

2481 2652 2548 2705 τὰ
2582 2651 2673 2704 τοῦ
2715 2648 2870 2703 Θεοῦ.
2919 2645 3136 2720 Πρῶτον
3173 2643 3292 2714 μὲν,
3343 2640 3462 2692 ἐπεὶ
3508 2637 3628 2690 οὺδὲ

2481 2743 2790 2797 ἐπλανῶντο
2829 2739 3087 2800 Ἰουδαῖοι,
3105 2735 3265 2806 ἡνίκα
3287 2731 3519 2800 συνῆσαν
3558 2729 3623 2781 αίι

2480 2835 2579 2905 χῆς
2625 2831 2882 2885 αὐτόπται
2931 2829 3022 2880 καὶ
3075 2822 3363 2897 ὑπηρέται,
3396 2818 3574 2889 πολλῴ
3601 2818 3629 2870 δ

2480 2927 2575 2980 ἀπ’
2597 2923 2770 2995 ἀρχῆς
2793 2921 2897 2991 πρὸ
2923 2920 3021 2989 τῆς
3047 2915 3279 2990 Χριστοῦ
3307 2911 3626 2986 παρουσίας.

2480 3015 2795 3088 νομοθεσίαν
2836 3011 2930 3065 τοῦ
2973 3010 3162 3080 Πάσχα
3183 3008 3333 3074 λέγει
3364 3003 3564 3064 αὐτοὺς
3591 3003 3619 3054 ὁ

825 3114 1088 3170 Paschate
1117 3123 1445 3185 praeceptum
1480 3093 1602 3172 illos
1653 3117 1730 3171 ait
1775 3093 1917 3174 Deus
1961 3093 2176 3189 semper
2194 3093 2367 3177 icordt

2087 3134 2176 3189 per
2194 3093 2381 3177 icorde
2407 3116 2448 3174 C
2479 3109 2751 3182 νωμένους
2782 3108 2847 3176 τῇ
2871 3104 3086 3176 καρδίᾳ,
3107 3101 3292 3172 ὥσπερ
3323 3097 3482 3189 συνέγ
3494 3093 3629 3189 ραψε

825 3223 1068 3272 errasse,
1135 3207 1588 3278 quemadmodum
1641 3211 1954 3281 scripsisti,
2008 3212 2103 3268 sed
2163 3220 2382 3284 propter

823 3301 987 3355 aliam
1031 3301 1453 3356 inobedientiam
1505 3310 1558 3358 et
1609 3312 1830 3375 propter
1879 3305 2022 3360 mala
2075 3320 2140 3360 ac
2203 3306 2383 3375 turpia

821 3407 1010 3448 eorum
1060 3409 1257 3464 opera,
1304 3408 1428 3449 cum
1485 3394 1694 3450 scilicet
1741 3395 1808 3451 ad
1855 3395 2128 3451 idolorum
2175 3397 2381 3451 cultum

823 3491 880 3538 et
941 3483 1008 3538 ad
1057 3483 1440 3540 fornicationes
1484 3500 1606 3541 sese
1643 3485 1764 3541 illos
1805 3487 2140 3542 convertisse
2183 3486 2382 3542 adver-

827 3582 986 3630 teret.

899 3685 961 3744 V.
1003 3687 1070 3742 Et
1097 3698 1212 3756 post
1240 3685 1562 3756 pauca:Vel
1602 3687 1656 3742 in
1684 3687 1787 3742 hoc
1817 3689 2046 3744 multum
2068 3727 2083 3754 ,
2117 3690 2376 3745 multum~

824 3795 932 3851 que
988 3779 1247 3840 omnino,
1299 3779 1345 3833 si
1395 3778 1617 3849 quidem
1675 3779 2045 3848 dormitabas,
2101 3789 2154 3835 te
2202 3780 2380 3852 ipsum

826 3867 1166 3924 Ecclesiastze
1207 3866 1430 3939 ﬂagellis
1488 3871 1736 3927 excitasti
1767 3912 1782 3935 ,
1838 3885 2044 3926 memor
2082 3873 2381 3942 praesertim

826 3960 932 4017 loci
963 3961 1139 4028 illius,
1192 3961 1282 4015 ubi
1332 3961 1442 4024 ait,
1473 3962 1652 4031 lapsus
1695 3980 1726 4016 a
1760 3971 1900 4016 terra
1937 3963 2014 4017 vel
2061 3980 2092 4016 α
2129 3964 2308 4034 lingua
2334 3965 2377 4020 '.

825 4057 1036 4128 Quippe
1056 4099 1070 4123 ,
1106 4065 1166 4109 ut
1195 4071 1410 4110 rursum
1443 4056 1594 4110 vides
1616 4097 1631 4123 ,
1664 4056 1935 4126 objectum
1958 4071 1987 4110 a
2011 4063 2064 4111 te
2093 4057 2298 4112 crimen
2325 4057 2380 4112 in

826 4150 1042 4205 illorum
1087 4149 1254 4204 duces
1301 4147 1596 4204 reﬂectitur
1647 4166 1661 4203 :
1724 4149 1857 4218 quin
1907 4149 2072 4204 etiam
2125 4164 2379 4220 magnum

827 4240 1164 4308 subsequens
1206 4237 1502 4307 periculum
1537 4237 1663 4292 licet
1695 4238 1998 4308 suspicari,
2032 4246 2217 4308 utpote
2255 4253 2380 4292 cum

825 4331 1143 4394 audiamus,
1173 4329 1402 4399 lapidem
1441 4341 1600 4396 quem
1638 4329 1762 4398 quis
1809 4330 1864 4382 in
1895 4329 2061 4383 altum
2091 4329 2380 4398 projecerit

827 4426 884 4480 in
906 4425 1051 4479 illius
1097 4430 1261 4493 caput
1313 4420 1574 4476 recidere.
1617 4419 1784 4476 Multo
1826 4421 1999 4492 magis
2056 4420 2378 4475 temerarius

825 4524 944 4581 est,
979 4516 1073 4587 qui
1099 4516 1155 4570 in
1193 4515 1297 4570 hoc
1323 4511 1574 4584 Moysen,
1600 4512 1761 4567 talem
1797 4510 1890 4567 Dei
1924 4527 2172 4576 servum,
2212 4511 2374 4568 audet

825 4608 1138 4672 criminari,
1172 4607 1256 4663 vel
1280 4606 1372 4676 qui
1402 4605 1452 4660 ei
1485 4604 1752 4658 successit
1788 4602 1973 4659 Jesum
2005 4603 2172 4658 filium
2197 4603 2373 4671 Nave,

825 4701 910 4756 vel
929 4701 1022 4770 qui
1046 4699 1242 4756 exinde
1280 4699 1380 4754 hos
1405 4703 1552 4751 recte
1578 4705 1703 4750 sunt
1729 4696 1953 4759 sectati,
1994 4698 2079 4751 vel
2114 4697 2205 4766 qui
2252 4697 2377 4768 ipsi-

827 4794 936 4843 met
956 4787 1233 4856 incepere;
1256 4784 1468 4854 judices
1490 4824 1505 4849 ,
1538 4783 1758 4852 inquam
1775 4823 1790 4844 ,
1815 4797 1879 4837 ac
1909 4798 2063 4854 reges
2087 4823 2102 4849 ,
2133 4784 2219 4838 vel
2239 4800 2376 4856 quos

830 4877 1064 4949 Spiritus
1085 4884 1309 4932 sanctus
1337 4875 1620 4945 inspiravit
1648 4874 1942 4944 prophetas
1961 4913 1978 4939 ,
2012 4875 2241 4946 illosque
2284 4877 2375 4947 qui

828 4971 970 5024 inter
992 4981 1233 5024 summos
1263 4966 1546 5037 pontifices
1569 4966 1828 5037 inculpati
1859 4967 2144 5034 exsistere,
2177 4969 2377 5039 quique

824 5058 1148 5113 traditiones
1203 5059 1376 5114 secuti
1440 5058 1576 5112 nihil
1624 5059 2013 5123 immutarunt,
2071 5075 2258 5116 verum
2322 5061 2374 5113 in

825 5157 1128 5220 opportuna
1167 5149 1446 5206 Paschalis
1483 5151 1892 5217 observatione,
1945 5159 2005 5206 ut
2052 5159 2106 5207 et
2157 5152 2211 5206 in
2252 5152 2378 5206 aliis

827 5239 942 5295 suis
966 5238 1352 5298 festivitatibus
1369 5281 1384 5308 ,
1412 5253 1824 5300 consenserunt.

897 5448 914 5478 '
938 5447 1091 5504 Psal.
1112 5465 1258 5518 xciv,
1289 5451 1380 5518 10,
1416 5451 1504 5508 Η.
1581 5454 1601 5486 ³
1627 5451 1793 5507 Eccli.
1825 5467 1917 5517 xx,
1942 5453 2032 5507 20.

956 5662 1032 5735 Ψ)
1055 5662 1485 5735 λῃἘμδολισμόν.
1511 5664 1677 5735 Forte
1697 5666 2008 5735 ὶμεόλιμον.
2035 5662 2194 5719 sm.

920 5731 1008 5800 ὅθ)
1054 5731 1287 5786 "War.
1322 5731 1446 5802 Leg.
1475 5733 1664 5795 άλλως.

2409 4456 2456 4517 D

2481 3204 2581 3276 τὴν
2625 3200 2787 3271 ἄλλην
2828 3199 3004 3251 πᾶσαν
3031 3192 3332 3265 παρακοὴν,
3367 3188 3462 3242 καὶ
3489 3184 3581 3238 διὰ
3622 3202 3630 3216 ι

2483 3293 2635 3363 ἀειδῆ
2667 3290 2845 3347 αὐτῶν
2868 3288 3022 3361 ἔργα,
3046 3286 3140 3340 ἆτε
3164 3282 3229 3353 δὴ
3255 3279 3400 3354 ὁρῶν
3443 3278 3630 3337 αὐτοὺς

2482 3385 2686 3458 τρείαις
2714 3384 2808 3437 καὶ
2837 3378 3110 3452 πορνείαις
3140 3371 3629 3447 ἀναστρεφομένου

2554 3679 2616 3734 ν.
2657 3678 2766 3734 Καὶ
2795 3675 2919 3746 μετ’
2944 3672 3145 3741 ὀλίγα·
3175 3667 3338 3720 Ὥστε
3373 3664 3474 3718 καὶ
3507 3665 3568 3716 ὲν
3594 3678 3629 3712 τι

2483 3773 2620 3826 πάνυ
2661 3788 2724 3840 γε
2769 3767 2920 3831 πολὺ,
2954 3764 3076 3820 ἐπεὶ
3125 3759 3532 3818 καθύπνωσας,
3567 3753 3629 3806 δι

2481 3867 2591 3929 τοῖς
2633 3860 2726 3914 τοῦ
2798 3850 3220 3928 Ἐκκλησιαστοῦ
3275 3847 3630 3919 βουκέντροις

2485 3955 2714 4029 μάλιστα
2765 3950 2858 4004 τοῦ
2903 3949 3178 4017 λέγοντος·
3221 3941 3545 4029 ὀλίσθημα
3586 3936 3629 3988 ὰ.

2480 4027 2598 4103 ἀπὸ
2633 4041 2932 4115 γλώσσης.
2975 4039 3084 4092 Καὶ
3109 4035 3238 4106 γὰρ,
3271 4034 3350 4095 ὡς
3392 4027 3570 4083 πάλιν
3619 4029 3630 4078 ί

2481 4135 2968 4210 καθηγησαμένους
2999 4127 3174 4184 αὐτῶν
3200 4125 3398 4195 φθάνει
3429 4123 3497 4176 τὸ
3526 4122 3630 4173 tne

2481 4231 2757 4306 ἔγκλημα·
2795 4228 2888 4280 καὶ
2923 4226 3068 4278 ἐστιν
3093 4217 3401 4290 ὑφορᾶσθαι
3436 4214 3540 4268 τὸν
3572 4229 3630 4306 πε

2483 4305 2653 4392 μέγαν
2682 4317 2921 4372 κίνδυνον
2941 4357 2953 4371 .
2984 4313 3077 4367 ἅτε
3120 4309 3183 4380 δὴ
3211 4306 3541 4361 ἀκουόντων
3582 4305 3629 4372 ἡ;

2479 4413 2585 4467 λων
2612 4410 2755 4464 λίθον
2785 4410 2864 4470 είς
2896 4404 3024 4474 ὕψος
3055 4404 3147 4456 ἐ.πὶ
3182 4397 3431 4469 κεφαλὴν
3464 4392 3630 4448 αὑτοί

2484 4506 2580 4580 ρης
2605 4505 2661 4557 δὲ
2690 4502 2845 4557 ἄλλον
2862 4498 2995 4570 (30),
3014 4495 3106 4550 καὶ
3131 4494 3237 4556 πᾶς
3267 4492 3430 4552 ὅστις
3452 4486 3630 4555 τολμέ

2481 4595 2710 4665 Μωῦσῆ,
2742 4592 2833 4646 τὸν
2862 4585 3174 4659 τηλικοῦτον
3196 4582 3533 4654 θεράποντα
3580 4593 3630 4628 τι

2484 4686 2626 4752 σθαι,
2656 4687 2689 4757 ἢ
2715 4684 2807 4737 τὸν
2829 4679 3202 4748 διαδεξάμενον
3223 4672 3397 4727 αὑτὸν
3435 4667 3630 4739 Ἰησοῦ

2480 4779 2512 4850 ἢ
2559 4777 2682 4840 τοὺς
2729 4773 2959 4842 καθεξῆς
3001 4771 3124 4832 τοὺς
3162 4762 3221 4820 εὗ
3268 4761 3629 4834 παρηκολου

2482 4871 2576 4922 καὶ
2606 4866 2870 4939 ἄρξαντας
2892 4881 2906 4895 ο
2936 4863 3084 4930 λέγω
3109 4859 3187 4913 ἔτι
3216 4859 3344 4920 τοὺς
3373 4852 3621 4927 κριτὰς,

2485 4965 2674 5034 μένους
2719 4958 2992 5030 βασιλέας,
3034 4955 3068 5026 ἢ
3116 4951 3217 5024 [δὲ]
3266 4948 3368 5004 καὶ
3420 4947 3569 5009 τοὺς
3619 4963 3630 4996 τ

2483 5054 2794 5126 προφήτας·
2821 5051 2914 5104 καὶ
2945 5048 3023 5101 ἐτι
3059 5047 3182 5108 τοὺς
3211 5040 3575 5112 γενομένους
3617 5038 3630 5088 ἐ

2479 5163 2644 5208 πτους
2667 5143 2953 5216 ἀρχιερέας
2973 5140 3108 5193 οίσει
3123 5155 3135 5168 ο
3159 5136 3253 5191 καὶ
3273 5136 3410 5205 μη·⁶
3433 5148 3532 5184 σιν
3568 5127 3630 5181 ἐπ

2477 5255 2561 5306 γε,
2613 5239 2671 5288 tv
2718 5238 2784 5306 τῇ
2835 5232 2928 5287 τοῦ
2980 5233 3168 5301 Πάσχα
3207 5220 3630 5296 εὐκαιριμωτά

2483 5328 2835 5399 συνεφώνουν,
2855 5327 2930 5392 ὡς
2954 5326 3011 5381 tv
3034 5325 3152 5388 ταῖς
3177 5320 3373 5382 ἄλλαις
3413 5313 3630 5370 αὐτῶν

953 5596 1005 5663 9)
1036 5595 1234 5649 Eadem
1264 5596 1747 5664 profertPelavius
1773 5597 1826 5650 in
1863 5595 2200 5663 Uranotogia,
2232 5608 2352 5665 pag.
2378 5591 2485 5648 815
2507 5606 2624 5662 seq.

896 5593 1032 5804 ἷξεν)
1054 5664 1485 5786 ,Εὔολισμόη
1517 5664 1677 5763 Forte
1697 5666 2008 5735 ὶμεόλιμον.
2035 5665 2194 5719 Eon.

920 5731 1008 5800 3Q)
1195 5747 1287 5784 or.
1322 5732 1446 5802 Leg.
1475 5733 1664 5795 άλλως.
