3956 6198
325 199 427 256 5H

1715 201 2156 258 FRAGMENTA.

3445 217 3548 274 518

398 317 494 373 γι.
536 318 639 373 Καὶ
672 320 800 388 μεθ’
823 321 988 388 ἔτερα
1011 339 1022 351 ⁸
1053 323 1210 375 Ὥστε
1253 323 1344 376 ἐπὶ
1391 323 1448 375 τὸ
1493 321 1884 393 ἀκινδυνότερον

2065 319 2154 376 Vl.
2194 321 2258 374 Ιιι
2285 331 2398 390 post
2431 323 2540 376 alia
2561 335 2579 372 .'
2603 323 2707 378 Sed
2730 317 2796 378 et
2823 325 2994 382 tutius
3026 328 3355 401 suaviusque
3389 331 3548 407 longe

335 412 552 481 μᾶλλον,
583 411 675 463 καὶ
702 413 1070 485 εὐφημότερον
1102 415 1264 486 ἐχρῆν
1287 415 1669 485 καταδραμεῖν,
1697 415 1788 466 κα)⁸
1816 415 1888 485 μὴ

335 501 712 573 ῥιψοκινδύνως
745 505 839 557 καὶ
865 504 1155 576 δυσφήμως
1188 506 1437 575 γράφειν,
1480 507 1561 560 ὅτι
1602 506 1694 559 ἀπ’
1717 507 1889 576 ἀρχῆς

331 598 424 648 καὶ
465 595 551 648 ἀεὶ
581 595 854 664 φαίνονται
887 599 1014 670 περὶ
1040 597 1099 651 τὺ
1131 599 1318 668 Πάσχα
1346 598 1712 669 πλανώμενοι·
1752 600 1888 667 ὅπερ

325 685 425 736 οὐκ
453 684 598 753 ἔχεις
640 683 828 751 δεῖξαι,
874 686 1045 739 ὁπόσα
1090 686 1190 740 κᾶν
1223 686 1380 757 Θέλῃς
1421 686 1750 759 δημηγορεῖν
1777 691 1887 751 τοῖς

322 774 441 825 νυνὶ
489 776 630 828 κατὰ
673 776 872 847 πολλὴν
921 776 1147 847 πλάνην,
1193 778 1289 848 τῆς
1333 795 1390 830 τε
1441 771 1756 849 νομοθεσίας
1793 779 1885 832 τοῦ

321 864 517 935 Πάσχα
558 869 651 920 καὶ
693 868 801 921 τῶν
843 869 1015 923 ἄλλων
1053 868 1445 923 ἐκπεπτωκόσι.
1474 869 1752 923 Φαίνονται
1781 868 1887 942 γὰρ

318 958 371 1008 ot
417 957 585 1011 πάλαι
641 959 775 1029 μετὰ
818 961 1035 1032 ἐαρινὴν
1087 960 1370 1032 ἰσημερίαν
1401 960 1530 1014 αὐτὸ
1570 961 1844 1025 ποιοῦντες
1869 980 1881 992 ·

320 1053 459 1124 ὅπερ
512 1052 732 1107 δύνασαι
771 1055 971 1122 γνῶναι
1018 1053 1251 1125 ἐντυχὼν
1311 1056 1727 1128 συγγράμμασιν
1791 1059 1886 1129 ἀρ-

321 1145 520 1214 χαίοις,
567 1139 648 1209 οἷς
696 1145 927 1216 μάλιστα
973 1146 1340 1218 άνεγράψαντο
1387 1149 1433 1201 oi
1460 1148 1586 1220 παρ’
1622 1148 1886 1220 Ἑϐραίοις

320 1236 477 1305 σοφοί
511 1236 646 1307 (ει).

391 1329 512 1382 VII.
556 1330 677 1381 Ὅτι
704 1330 798 1399 μὲν
820 1325 914 1382 οὖν
943 1331 1099 1403 μέχρι
1131 1332 1222 1385 τοῦ
1251 1332 1526 1403 Κυριακοῦ
1552 1331 1770 1396 πάθους,
1793 1333 1884 1386 ἀλ-

315 1419 385 1473 λὰ
418 1421 515 1474 καὶ
545 1421 636 1474 ἐπὶ
663 1421 760 1491 τῆς
797 1422 1030 1494 ὑστάτης
1063 1423 1314 1487 ἁλώσεως
1355 1423 1754 1496 Ἰεροσολύμων,
1785 1424 1883 1493 τῆς

314 1513 618 1582 γενομένης
665 1512 754 1564 ἐπὶ
804 1514 1209 1568 Οὐεσπασιανοῦ
1281 1515 1540 1586 βασιλέως
1577 1514 1879 1584 Ῥωμαίων,

315 1604 575 1666 ἀπλανῶς
601 1603 804 1657 τάττων
835 1604 932 1674 τὴν
960 1604 1016 1657 ιδ’
1048 1605 1141 1658 τοῦ
1171 1606 1385 1678 πρώτου
1416 1608 1583 1678 μηνὸς
1606 1609 1700 1680 τῆς
1734 1608 1883 1680 σελή-

1995 413 2165 483 magis
2189 413 2516 468 currendum
2547 421 2692 480 erat,
2720 429 2828 470 non
2871 432 3001 472 vero
3030 425 3231 477 temere
3256 437 3320 477 ac
3357 439 3547 496 perpo-

1993 517 2109 557 ram
2140 503 2516 569 scribendum,
2554 505 2622 559 ab
2652 505 2806 560 initio
2836 516 2888 561 et
2926 522 3138 579 semper
3166 511 3310 566 circa
3335 512 3544 571 Pascha

1992 607 2206 650 errasse
2237 595 2440 660 videri,
2473 611 2597 651 cum
2647 596 2702 652 id
2744 598 2965 654 minime
3011 602 3189 670 possis
3223 606 3540 670 ostendere,

1993 686 2254 755 quidquid
2287 687 2529 758 ingerere
2559 689 2692 744 velis
2717 689 2817 755 iis,
2848 692 2939 760 qui
2963 707 3108 748 nunc
3153 709 3278 748 cum
3311 697 3542 767 plurimo

1991 789 2174 829 errore
2207 791 2238 828 a
2264 777 2396 846 legis
2439 788 2707 850 praecepto
2737 780 2803 836 de
2831 779 3095 838 Paschate
3135 791 3191 840 et
3231 787 3353 843 aliis
3392 789 3542 844 aber-

1992 875 2132 922 rant.
2165 865 2430 923 Videntur
2456 873 2599 926 enim
2640 882 2849 928 veteres
2883 875 3014 928 illud
3051 877 3226 946 egisse
3262 889 3386 948 post
3421 896 3540 937 ver-

1992 974 2121 1012 num
2169 960 2585 1030 aequinoctium,
2633 964 2777 1033 quod
2828 980 2989 1020 nosse
3018 966 3114 1021 tibi
3148 968 3328 1024 licebit
3370 971 3539 1029 libros

1990 1057 2198 1104 veteres
2233 1051 2463 1121 legenti,
2491 1051 2719 1121 illosque
2747 1055 2979 1110 maxime
3013 1057 3104 1126 qui
3133 1072 3164 1111 a
3201 1058 3538 1129 sapientibus

1991 1138 2229 1197 Hebraeis
2259 1151 2386 1198 sunt
2404 1143 2719 1212 conscripti.

2062 1309 2170 1368 VII.
2219 1310 2492 1366 Hactenus
2544 1311 2708 1380 igitur
2753 1327 2924 1383 usque
2955 1313 3020 1368 ad
3049 1313 3382 1372 Dominicam
3410 1335 3537 1393 pas-

1987 1401 2225 1465 sionem,
2261 1409 2424 1471 atque
2457 1401 2590 1455 adeo
2630 1403 2684 1455 in
2726 1409 2998 1471 postremo
3050 1402 3537 1476 Hierosolymitano

1985 1492 2224 1556 excidio,
2252 1492 2396 1561 quod
2420 1493 2522 1548 sub
2549 1489 2879 1562 Vespasiano
2910 1492 3277 1549 Romanorum
3310 1496 3535 1566 impera-

1986 1595 2102 1642 tore
2133 1586 2389 1655 eontigit,
2421 1586 2673 1656 populum
2702 1584 2992 1640 lsraelitam
3026 1602 3117 1642 xtv
3146 1588 3305 1657 primi
3331 1590 3534 1644 mensis

314 1712 416 1767 νης
457 1696 486 1747 6
525 1695 858 1767 ’Ῑσραηλίτης
885 1695 1100 1760 λαὺς¹τὸ
1144 1677 1361 1768 νομικὸν
1403 1677 1639 1771 ἑώρταζε
1659 1677 1877 1772 Πάσχα,

1984 1678 2124 1732 lunae
2150 1687 2296 1732 recte
2330 1685 2562 1740 statuta,
2611 1677 2779 1747 legale
2830 1677 3134 1735 celebrasse
3165 1678 3373 1735 Pascha
3407 1681 3531 1736 bre-

315 1786 407 1840 διὰ
432 1786 634 1840 τούτων
659 1787 933 1859 συντόμως
962 1789 1354 1844 ἀποδέδεικται.
1376 1791 1494 1845 Τῶν
1524 1792 1683 1861 ἱερῶν
1703 1794 1881 1846 τοίνυν

315 1880 634 1948 προφητῶν,
668 1879 762 1934 καὶ
783 1880 1015 1944 πάντων,
1039 1881 1112 1944 ὼς
1137 1881 1290 1954 ἔφην,
1320 1884 1453 1955 ὁμοῦ
1478 1885 1583 1938 τῶν
1612 1887 1770 1951 ὁσίως
1791 1887 1881 1940 καὶ

313 1967 542 2033 δικαίως
593 1971 652 2022 ὲν
700 1969 776 2038 τῷ
824 1970 974 2041 νόμῳ
1024 1973 1226 2042 Κυρίου
1272 1973 1735 2046 πολιτευσαμένων
1786 1978 1882 2031 σὺν

317 2058 483 2111 παντὶ
508 2057 586 2128 τῷ
615 2058 724 2128 λαῷ
751 2058 811 2112 τὸ
844 2059 1069 2112 τυπικδν
1099 2061 1192 2113 καὶ
1227 2062 1448 2126 σκιῶδες
1480 2065 1670 2134 Πάσχα
1698 2067 1882 2138 ἑορτα-

319 2149 542 2226 ζόντων,
569 2151 597 2202 6
641 2149 818 2219 πάσης
858 2151 1087 2222 ἀοράτου
1141 2151 1233 2204 καὶ⁴
1275 2153 1475 2224 ὁρατῆς
1522 2153 1746 2220 κτίσεως
1791 2157 1884 2229 δη-

323 2240 580 2313 μιουργὸς
609 2241 701 2295 καὶ
727 2241 1008 2313 δεσπότης,
1043 2243 1070 2295 6
1103 2244 1390 2316 μονογενὴς
1421 2243 1567 2311 Υἱὸς,
1595 2247 1687 2299 καὶ
1713 2248 1881 2316 Λόγος

318 2330 348 2381 6
391 2330 468 2400 τῷ
512 2331 687 2402 Πατρὶ
735 2333 827 2385 καὶ
876 2331 956 2403 τῷ
992 2331 1132 2402 ἁγίῳ
1165 2331 1440 2402 Πνεύματι
1473 2335 1756 2398 συναῖδιος,
1790 2337 1882 2389 καὶ

318 2418 599 2489 όμοούσιος
643 2419 784 2473 κατὰ
832 2421 930 2489 τὴν
969 2421 1213 2491 θεότητα,
1254 2423 1282 2473 6
1323 2421 1522 2493 Κύριος
1568 2417 1740 2494 ἡμῶν,
1789 2427 1882 2480 καὶ

318 2508 452 2572 Θεὸς
488 2508 691 2580 Ἰησοῦς
715 2511 744 2563 6
786 2511 1034 2582 Χριστὸς,
1088 2513 1178 2564 ἐπὶ
1222 2511 1497 2583 συντελείᾳ
1542 2513 1647 2566 τῶν
1675 2513 1880 2570 αἰώνων

318 2601 459 2654 κατὰ
494 2602 670 2674 σάρκα
697 2603 905 2673 τεχθεὶς
933 2606 995 2656 ἐκ
1021 2604 1120 2673 τῆς
1153 2604 1314 2672 ἁγίας
1359 2603 1566 2671 ἐνδόξου
1599 2603 1880 2676 δεσποίνης

315 2693 474 2763 ἡμῶν
506 2694 764 2747 Θεοτόκου
797 2695 888 2748 καὶ
923 2693 1318 2765 Ἀειπαρθένου,
1350 2695 1600 2748 καὶκατὰ
1627 2694 1878 2766 ἀλήθειαν

315 2785 578 2840 Θεοτόκου
613 2785 844 2858 Μαρίας,
878 2787 970 2839 καὶ
1010 2786 1101 2839 ἐπὶ
1143 2787 1240 2855 τῆς
1271 2785 1375 2856 γῆς
1406 2786 1608 2855 ὀφθεὶς,
1643 2786 1736 2840 καὶ
1769 2789 1880 2851 τοῖς

313 2876 620 2946 ὁμοουσίοις
646 2877 785 2931 κατὰ
826 2875 920 2949 τὴν
944 2876 1328 2949 ἁνθρωπότητα
1352 2876 1654 2950 ἀνθρώποις
1687 2879 1760 2941 ὡς
1790 2879 1882 2931 ἄν-

316 2964 535 3036 Θρωπος
563 2966 775 3039 ἀληθῶς
805 2967 1281 3038 συναναστραφεὶς,
1329 2967 1421 3021 καὶ
1470 2969 1630 3032 αὐτὸς
1674 2971 1769 3024 σὺν
1803 2970 1878 3040 τῷ

1980 1770 2119 1824 viter
2185 1769 2613 1824 demonstratum
2658 1779 2759 1825 est.
2839 1769 3021 1824 Sacris
3075 1785 3204 1840 ergo
3254 1771 3532 1842 prophetis

1979 1861 2371 1930 omnibusque,
2403 1867 2461 1913 ut
2490 1859 2633 1923 dixi,
2667 1867 2854 1915 sancte
2884 1861 3045 1915 simul
3078 1869 3132 1915 et
3149 1861 3296 1930 juste
3335 1863 3388 1916 in
3418 1863 3534 1935 lege

1980 1952 2190 2008 Domini
2219 1953 2586 2016 versantibus,
2621 1968 2741 2008 cum
2769 1953 3023 2008 universo
3047 1954 3265 2023 populo,
3290 1954 3531 2025 typicum

1979 2053 2032 2098 et
2061 2046 2344 2100 umbratile
2397 2044 2606 2100 Pascha
2647 2045 3049 2102 celebrantibus
3075 2085 3090 2110 ,
3141 2047 3429 2104 invisibilis
3476 2056 3532 2104 et

1977 2136 2206 2192 visibilis
2227 2137 2403 2192 omnis
2433 2144 2696 2191 creatura:
2716 2135 2980 2191 Conditor
3005 2152 3068 2191 ac
3105 2136 3382 2202 Dominus,
3409 2139 3533 2193 uni-

1979 2225 2194 2294 genitus
2222 2223 2414 2290 Filius,
2462 2236 2516 2280 et
2547 2224 2783 2281 Verbum
2815 2224 2962 2278 Patri
2999 2232 3053 2279 et
3087 2224 3310 2296 Spiritui
3341 2236 3532 2282 sancto

1979 2325 2341 2384 comternum,
2379 2317 2732 2386 ejusdemque
2776 2319 3072 2372 secundum
3109 2318 3362 2372 deitatem
3395 2320 3528 2373 sub-

1979 2411 2190 2464 stantia:
2210 2449 2224 2474 ,
2255 2408 2515 2464 Dominus
2541 2420 2725 2464 noster
2753 2417 2806 2463 et
2837 2408 2980 2464 Deus
3005 2406 3162 2464 Iesus
3187 2409 3438 2464 Christus
3472 2409 3528 2464 in

1979 2504 2301 2558 szeculorum
2336 2503 2802 2560 consummatione
2829 2501 3129 2558 secundum
3169 2517 3386 2557 carnem
3429 2517 3529 2556 na-

1978 2603 2086 2661 tus,
2107 2610 2173 2649 ex
2204 2602 2389 2650 sancta
2412 2595 2645 2664 gloriosa
2674 2594 2891 2649 domina
2921 2601 3107 2648 nostra
3133 2591 3225 2648 Dei
3258 2592 3529 2649 Genitrice

1977 2694 2030 2738 et
2061 2699 2272 2754 semper
2306 2684 2514 2754 virgine
2535 2723 2548 2747 ,
2583 2699 2648 2738 ac
2683 2698 2869 2736 revera
2900 2681 2992 2737 Dei
3021 2680 3294 2736 Genitrice
3319 2681 3486 2736 Maria
3507 2720 3525 2746 ,

1977 2783 2029 2830 et
2063 2775 2115 2829 in
2140 2783 2281 2829 terra
2314 2777 2464 2830 visus
2490 2815 2504 2838 ,
2536 2782 2589 2830 et
2615 2773 2858 2843 ejusdem
2885 2774 3201 2827 substantiae
3231 2773 3529 2828 secundum

1982 2866 2370 2920 humanitatem
2401 2881 2524 2920 cum
2557 2863 2867 2918 hominibus
2890 2903 2904 2926 ,
2938 2870 2998 2917 ut
3027 2863 3188 2917 homo
3209 2901 3228 2929 ,
3249 2879 3374 2919 vere
3394 2879 3529 2918 con-

1979 2967 2246 3026 versatus,
2277 2959 2499 3028 ipseque
2521 2971 2642 3011 cum
2679 2957 2878 3026 p0pulo
2910 2955 3068 3011 annis
3107 2965 3232 3011 ante
3269 2956 3532 3026 praedica-

315 3057 434 3128 λαῷ
460 3060 519 3111 ὲν
543 3061 654 3122 τοῖς
677 3058 816 3112 ἔτεσι
841 3062 950 3124 τοῖς
984 3061 1088 3131 πρὸ
1119 3056 1211 3111 τοῦ
1239 3059 1606 3132 κηρύγματος,
1641 3061 1734 3115 καὶ
1770 3064 1878 3124 τοῖς

1982 3050 2199 3113 tionem,
2229 3058 2281 3103 et
2311 3049 2365 3102 in
2393 3046 2774 3118 praedicatione
2802 3045 2968 3115 legale
2989 3051 3043 3098 et
3070 3045 3306 3116 typicum
3324 3044 3533 3101 Pascha

315 3151 379 3204 ἐν
406 3151 486 3221 τῷ
519 3151 828 3223 κηρύγματι
853 3152 913 3204 τὸ
936 3154 1156 3222 νομικὸν
1179 3156 1270 3208 καὶ
1297 3153 1520 3217 σκιῶδες
1548 3153 1736 3222 Πάσχα
1785 3155 1880 3205 ὲπ-

319 3241 589 3307 ετέλεσεν,
628 3242 821 3295 ἐσθίων
841 3242 932 3295 τὸν
963 3244 1189 3297 τυπικὺν
1216 3245 1411 3316 ιΙιμνὸν⁹
1449 3245 1560 3298 Οὐκ
1583 3239 1743 3315 ἦλθον
1773 3243 1880 3316 γὰρ

317 3331 622 3386 καταλῦσαι
645 3333 736 3385 τὸν
760 3331 940 3404 Νόμον
963 3333 996 3404 ἢ
1024 3333 1150 3398 τοὺς
1179 3336 1480 3406 προφήτας,
1504 3334 1638 3388 ἀλλὰ
1666 3334 1880 3406 πληρῶ-

319 3437 431 3483 σαι,
467 3424 624 3487 αὐτὸς
651 3427 708 3477 ὲν
735 3423 1080 3493 Εύαγγελίοις
1121 3426 1339 3499 εἴρηκεν
1368 3429 1396 3481 6
1424 3429 1630 3500 Σωτήρ.
1650 3430 1798 3483 Ἐπεὶ
1825 3430 1880 3483 δὲ

318 3515 414 3584 ὲκή
425 3514 600 3586 ρυξεν,
624 3517 721 3569 οὐκ
748 3515 914 3585 ἔφαγε
937 3516 1026 3570 τὸν
1046 3518 1211 3588 ἀμνόν
1229 3535 1242 3548 ο
1270 3518 1382 3571 ἀλλ’
1406 3520 1563 3582 αὐτὸς
1585 3519 1781 3572 ἔπαθεν
1807 3520 1881 3583 ώς

317 3599 570 3675 ἀληθινὸς
596 3607 762 3677 ἀμνὸς
792 3609 849 3661 ὲν
879 3610 946 3679 τῇ
974 3608 1066 3661 τοῦ
1101 3610 1288 3680 Πάσχα
1313 3612 1492 3681 ἑορτῇ,
1533 3611 1714 3674 καθὼς
1736 3611 1880 3664 διδά-

318 3712 439 3748 σκει
486 3699 515 3749 6
562 3696 803 3766 θεολόγος
852 3700 948 3753 καὶ
996 3701 1383 3772 εύαγγελιστὴς
1426 3703 1674 3772 Ἰωάννης
1704 3705 1760 3755 ὲν
1805 3703 1881 3773 τῷ

322 3788 443 3840 κατ’
466 3787 624 3840 αὑτὸν
652 3789 982 3861 Εὑαγγελίῳ,
1005 3789 1176 3860 λέγων
1199 3789 1369 3856 οὕτως
1388 3809 1401 3822 ·
1450 3795 1728 3863 Ἄγουσιν
1771 3790 1882 3848 οὖν

317 3877 428 3931 τὸν
468 3878 700 3945 Ἰησοῦν
730 3881 847 3935 ἀπὸ
896 3881 1002 3935 τοῦ
1031 3883 1262 3952 Καῖάςοα
1292 3886 1378 3950 εὶς
1411 3883 1476 3937 τὸ
1499 3884 1876 3954 πραιτώριον·

318 3964 400 4038 ἦν
428 3968 495 4022 δὲ
515 3973 681 4039 πρωῒ,
719 3973 813 4026 καὶ
851 3974 1016 4028 αὐτοὶ
1049 3976 1160 4029 οὐκ
1184 3976 1470 4045 είσῆλθον
1498 3980 1585 4043 εἰς
1619 3977 1685 4030 τὸ
1716 3994 1881 4045 πραι-

318 4060 549 4129 τώριον,
587 4063 685 4117 ἵνα
729 4062 814 4132 μὴ
841 4064 1190 4133 μιανθῶσιν,
1237 4067 1373 4120 ἀλλ’
1403 4067 1502 4119 ἵνα
1546 4066 1776 4136 φάγωσι
1815 4067 1880 4121 τὸ

318 4155 557 4224 Πάσχα.
598 4156 706 4209 Καὶ
741 4157 854 4227 μετ’
893 4157 1075 4226 ὀλίγα·
1122 4158 1174 4210 '0
1213 4154 1326 4213 οὖν
1375 4159 1648 4225 Πιλᾶτος,
1699 4160 1874 4213 ἁκού-

319 4260 439 4310 σας
465 4244 678 4298 τοῦτον
711 4245 815 4298 τὸν
839 4247 1042 4316 λόγον,
1083 4245 1305 4316 ἤγαγεν
1335 4247 1448 4312 ἔξω
1479 4246 1585 4300 τὸν
1628 4246 1878 4314 Ἰησοῦν,

319 4335 422 4388 καὶ
447 4335 724 4390 ἐκάθισεν
754 4337 850 4390 ἐπὶ
884 4337 986 4391 τοῦ
1009 4336 1280 4407 ,βήματος
1311 4341 1394 4405 εις
1427 4341 1613 4393 τόπον
1641 4339 1880 4408 λεγόμε-

319 4445 436 4482 νον
471 4429 892 4496 Λιθόστρωτον,
921 4429 1208 4497 Ἐϐραϊστὶ
1253 4429 1322 4482 δὲ
1367 4431 1657 4485 Γαϐϐαθίῐ.
1673 4426 1783 4484 Ἦν
1815 4429 1882 4483 δὲ

1982 4430 2110 4483 liora
2138 4427 2290 4499 quasi
2330 4425 2486 4479 tertia
2537 4440 2554 4478 :

315 4521 670 4589 Παρασκευὴ
689 4519 791 4573 τοῦ
810 4519 1042 4589 Πάσχαο
1071 4518 1190 4588 ὥρα
1213 4517 1291 4591 ἦν
1311 4521 1450 4575 ὡσεὶ
1474 4523 1637 4590 τρίτη
1657 4562 1672 4586 ,
1703 4519 1882 4582 καθὼς

322 4615 398 4667 τὰ
422 4615 617 4687 άκριύῆ
647 4614 822 4686 βιϐλία
850 4614 1125 4686 περιέχει,
1153 4615 1284 4668 αύτό
1313 4633 1372 4669 τε
1401 4616 1461 4668 τὸ
1494 4615 1768 4686 ίδιόχειρον
1787 4612 1878 4666 τοῦ

326 4702 724 4772 εὐαγγελιστοῦ,
745 4704 880 4774 ὅπερ
913 4704 1074 4774 μέχρι
1097 4702 1192 4756 τοῦ
1217 4703 1314 4760 νῦν
1339 4703 1673 4775 πεφύλακται
1701 4703 1880 4774 χάριτι

327 4795 461 4847 Θεοῦ
506 4797 561 4848 ὲν
606 4797 671 4867 τῇ
711 4794 969 4864 Ἐφεσίων
1003 4794 1279 4867 ἁγιωτάτῃ
1309 4794 1621 4866 Ἐκκλησία,
1643 4795 1736 4847 καὶ
1777 4794 1881 4847 ὑπὸ

329 4885 436 4938 τῶν
463 4887 662 4938 πιστῶν
701 4889 876 4940 ἐκεῖσε
915 4888 1312 4957 προσκυνεῖται.
1340 4885 1448 4938 Kal.
1478 4885 1635 4939 πάλιν
1665 4888 1693 4938 6
1721 4885 1882 4948 αὑτός

331 4994 492 5046 φησιν
555 4978 938 5048 εὐαγγελιστής
965 4994 980 5009 ο
1039 4981 1102 5030 Οἱ
1150 4973 1262 5032 οὖν
1299 4976 1578 5040 Ἰουδαῖοι,
1636 4978 1735 5030 ἵνα
1792 4977 1877 5045 μὴ
1921 4968 1923 4970 ’

325 5068 498 5139 μείνῃ
539 5069 634 5122 ἐπὶ
679 5070 784 5123 τοῦ
824 5070 1083 5138 σταυροῦ
1119 5070 1190 5124 τὰ
1211 5067 1452 5138 σώματα
1472 5069 1542 5122 ἐν
1561 5068 1638 5134 τῷ
1660 5067 1877 5123 σαϐϐά-

331 5173 411 5220 τῳ
449 5156 592 5228 (ἐπεὶ
616 5159 975 5227 Παρασκευὴ
998 5155 1102 5228 ἦν·
1137 5156 1214 5228 ἦν
1250 5160 1356 5228 γὰρ
1380 5158 1609 5228 μεγάλη
1631 5160 1668 5226 ἡ
1693 5158 1878 5227 ἡμέρα

331 5248 526 5317 ἐκείνη
553 5250 661 5303 τοῦ
685 5249 1024 5319 σαϐϐάτου),
1039 5251 1352 5318 ἠρώτησαν
1377 5250 1482 5304 τὸν
1502 5249 1758 5304 Πιλάτον
1783 5250 1882 5302 ἵνα

334 5340 695 5410 κατεαγῶσιν
742 5341 936 5396 αὐτῶν
982 5344 1054 5396 τὰ
1096 5341 1307 5410 σκέλη,
1355 5344 1454 5397 καὶ
1501 5341 1777 5412 ἀρθῶσιν.
1795 5343 1881 5397 Ἐν

333 5435 470 5504 αὐτῇ
515 5431 606 5488 οὖν
656 5438 720 5505 τῇ
764 5435 966 5506 ἡμέρᾳ,
994 5435 1051 5486 ὲν
1141 5434 1359 5505 ἔμελλον
1393 5436 1442 5489 οἱ
1483 5436 1718 5489 Ἰουδαῖοι
1747 5434 1880 5505 πρὸς

1979 3141 2292 3201 celebravit,
2323 3138 2612 3192 comedens
2645 3151 2840 3205 agnum
2874 3136 3110 3205 typicum
3145 3155 3158 3190 :
3196 3152 3368 3206 neque
3387 3139 3532 3190 enim

1981 3247 2038 3287 se
2060 3231 2272 3287 venisse
2302 3236 2359 3283 ut
2387 3228 2580 3299 Legem
2617 3230 2848 3282 solveret
2875 3227 2954 3281 vel
2982 3225 3308 3297 Prophetas,
3353 3228 3446 3283 sed
3470 3235 3531 3282 ut

1981 3322 2329 3392 adimpleret,
2369 3320 2594 3389 ipsemet
2636 3318 2691 3372 in
2728 3317 3034 3388 Evangeliis
3080 3319 3216 3372 dixit
3263 3316 3528 3378 Salvator.

1981 3415 2271 3484 Postquam
2297 3425 2428 3466 vero
2471 3408 2812 3480 praedicavit,
2860 3425 2967 3464 non
3014 3409 3250 3463 comedit
3291 3422 3529 3478 agnum,

1980 3507 2072 3564 sed
2125 3507 2241 3576 ipse
2291 3507 2606 3574 passus-est
2651 3509 2708 3553 ut
2754 3514 2919 3554 verus
2960 3513 3128 3568 agnus
3176 3497 3234 3551 in
3280 3498 3532 3553 Paschali

1981 3599 2292 3660 festivitate,
2319 3591 2771 3665 quemadmodum
2799 3590 2955 3646 docet
2978 3590 3260 3661 theologus
3287 3597 3341 3644 et
3365 3603 3535 3644 evan-

1979 3691 2165 3762 gelista
2192 3687 2428 3743 Joannes
2456 3685 2512 3739 in
2542 3683 2831 3755 Evangelia
2860 3683 2957 3738 abs
2988 3698 3046 3738 se
3075 3682 3406 3752 conscripto,
3438 3682 3532 3738 ubi

1981 3786 2059 3840 sic
2088 3783 2162 3835 ait
2195 3782 2210 3811 ι
2248 3798 2260 3833 :
2298 3776 2580 3832 Adducunt
2609 3792 2730 3846 ergo
2761 3773 2944 3829 Iesum
2968 3791 3001 3828 a
3027 3773 3226 3843 Caipha
3259 3775 3313 3827 in
3340 3783 3534 3842 prasto-

1981 3878 2138 3928 rium.
2196 3871 2329 3926 Erat
2376 3878 2548 3922 autem
2598 3883 2781 3932 mane,
2821 3876 2871 3921 et
2914 3867 3016 3936 ipsi
3062 3881 3163 3919 non
3222 3865 3534 3920 introierunt

1980 3966 2307 4035 prwtorium,
2336 3970 2395 4014 ut
2431 3977 2534 4014 non
2555 3959 3058 4020 contaminarentur,
3103 3956 3192 4010 sed
3225 3965 3282 4009 ut
3310 3955 3534 4010 mandu-

1979 4066 2154 4113 carent
2192 4055 2422 4109 Pascha.
2466 4051 2530 4106 Et
2558 4058 2679 4121 post
2705 4047 3158 4120 pauca’:Pilatus
3206 4054 3379 4100 autem
3414 4063 3533 4100 cum

1981 4152 2210 4207 audisset
2232 4149 2324 4202 hos
2357 4161 2640 4208 sermones,
2667 4141 2888 4196 adduxit
2925 4139 3069 4209 foras
3092 4137 3298 4202 Jesum,
3331 4146 3381 4192 et
3401 4137 3534 4192 sedit

1978 4260 2070 4313 pro
2091 4240 2344 4296 tribunali
2359 4241 2411 4293 in
2429 4239 2540 4292 loco
2563 4235 2651 4307 qui
2680 4233 2872 4288 dicitur
2885 4230 3251 4293 Lithostrotos,
3281 4227 3535 4285 Hebraicc

1983 4345 2154 4391 autem
2203 4333 2493 4388 Gabbatha.
2547 4329 2678 4384 Erat
2729 4337 2901 4381 autem
2946 4325 3234 4379 Parasceue
3279 4324 3529 4386 Paschaa,

2603 4429 2663 4477 ut
2720 4418 2962 4474 accurati
3026 4417 3148 4472 libri
3201 4417 3529 4487 praeferunt,

1983 4519 2268 4588 ipsumque
2301 4512 2643 4584 evangelista
2669 4524 2831 4563 manu
2873 4507 3204 4576 descriptum
3236 4507 3530 4577 exemplar,

1981 4609 2126 4681 quod
2155 4609 2339 4662 divina
2381 4605 2551 4676 gratia
2581 4602 2647 4655 ad
2677 4604 2789 4655 haec
2819 4614 2991 4669 usque
3022 4607 3264 4667 tempora
3310 4599 3363 4651 in
3406 4614 3533 4653 san-

1982 4701 2223 4756 ctissima
2249 4696 2606 4769 Ephesiorum
2637 4690 2879 4746 Ecclesia
2925 4695 3256 4752 asservatur,
3305 4695 3359 4743 et
3401 4703 3431 4742 a
3474 4689 3533 4742 ll-

1981 4793 2192 4846 delibus
2221 4791 2293 4845 ibi
2324 4788 2542 4843 colitur.
2569 4783 2806 4837 Rursum
2838 4794 3000 4849 porro
3022 4778 3097 4832 ait
3127 4777 3266 4833 idem
3297 4794 3534 4851 evange-

1981 4879 2524 4948 lista':Judwiergo,
2555 4875 2801 4946 quoniam
2836 4869 3127 4924 Parasceve
3155 4879 3302 4935 erat,
3340 4878 3397 4922 ut
3429 4885 3530 4923 non

1985 4979 2305 5028 remanerent
2333 4970 2386 5022 in
2408 4981 2558 5020 cruce
2588 4978 2808 5031 corpora
2823 4959 3051 5015 Sabbato
3069 4975 3087 5023 ;
3108 4967 3220 5012 erat
3252 4959 3387 5012 enim
3413 4975 3532 5012 ma-

1983 5084 2113 5136 gnus
2143 5065 2234 5119 ille
2255 5063 2362 5116 dies
2398 5057 2646 5118 Sabbati;
2679 5061 2988 5124 rogaverunt
3024 5051 3260 5128 Pilatum
3296 5058 3353 5103 ut
3382 5049 3534 5118 [ran—

1981 5167 2220 5230 gerentur
2249 5169 2429 5210 eorum
2453 5166 2611 5205 crura
2650 5156 2699 5202 et
2745 5145 3068 5200 tollerentur.
3114 5141 3227 5198 isto
3257 5142 3423 5230 igitur
3444 5140 3532 5196 die

1984 5229 2092 5320 quo
2132 5246 2300 5302 Judaai
2346 5239 2725 5299 manducaturi
2759 5243 2915 5293 erant
2950 5232 3191 5297 Pascha,
3238 5229 3532 5287 cruciﬁxus

1981 5349 2067 5398 est
2100 5339 2360 5394 Dominus
2403 5344 2590 5392 noster
2633 5337 2688 5387 et
2749 5327 2996 5382 Salvator
3047 5321 3205 5377 Jesus
3247 5320 3530 5387 Christus.

1982 5432 2160 5487 hostia
2189 5430 2364 5484 factus
2395 5428 2461 5482 iis
2486 5426 2580 5497 qui
2621 5417 2891 5490 sumpturi
2938 5422 3090 5470 erant
3135 5410 3293 5478 ﬁdei,
3337 5427 3533 5469 secun-

475 5547 669 5602 ‘Joan.
694 5564 847 5612 xvm,
875 5547 966 5604 28.
1040 5546 1060 5575 ¹
1088 5541 1249 5600 Joan.
1279 5556 1390 5611 XIX,
1421 5540 1510 5607 15,
1542 5540 1629 5597 ιι.
1705 5540 1725 5573 ³
1755 5541 1880 5596 ibid.
1909 5543 1996 5596 5i.

405 5642 513 5712 (‘5!)
540 5640 678 5708 Ilap‘
710 5639 992 5708 Ἑϐραίοις
1025 5636 1353 5714 onychino
1377 5635 1651 5692 interserit
1689 5643 1876 5690 auctor
1912 5632 2155 5690 Chronici
2204 5630 2477 5686 Paschalis
2521 5628 2718 5683 locum.
2741 5641 2810 5682 ex
2842 5621 3138 5680 Athanasio
3163 5620 3533 5692 desumptum.
