3906 6194
771 267 876 323 519
1742 268 1798 323 S.
1843 265 2046 324 PETRI
2082 266 2550 324 ALEXANDRINI
2587 264 2893 322 EPISCOPI

769 389 896 444 dum
928 389 1110 452 illum,
1153 389 1500 462 mysterium,
1533 388 1686 458 juxta
1736 390 1880 459 quod
1923 391 2185 460 scriptum
2233 407 2291 446 es

1586 397 1686 443 ixta
1736 390 1880 459 quod
1923 391 2185 460 scriptum
2233 400 2317 446 est
2345 397 2388 452 Α
2418 390 2651 462 ἑσπέραν
2667 388 2863 442 ἐσθίειν
2885 389 2944 442 τὸ
2967 388 3175 459 Πάσχα,
3205 389 3641 466 ἐσταυρώθηόΚύριο

764 499 797 538 a
845 483 1002 539 beato
1042 481 1287 536 Paulo‘:
1321 479 1529 536 Pascha
1573 483 1708 535 enim
1750 492 1983 536 nostrum
2028 498 2123 551 pro
2169 485 2297 536 nebit

1586 483 1708 535 anim
1750 492 1983 536 nostrum
2028 498 2123 551 pro
2169 485 2313 536 nobis
2415 483 2508 535 καὶ
2551 481 2739 552 Σωτὴρ
2781 479 2983 550 Ἰησοῦς
3034 481 3278 550 Χριστὸς,
3319 483 3441 552 θῦμα
3481 485 3642 553 γενὸμε

766 575 1064 628 immolatus
1094 585 1170 626 est
1191 571 1464 636 Christus;
1495 589 1601 628 non
1627 589 1774 635 vero,
1801 575 1878 626 uti
1909 573 2000 642 qui
2032 588 2143 642 prae
2175 574 2297 642 igno

1586 591 1601 628 ι
1627 589 1774 635 vero,
1801 575 1878 626 uti
1909 573 2000 642 qui
2032 588 2143 642 prae
2175 574 2317 642 igno-
2417 574 2663 644 μέλλουσι
2694 571 3088 642 μεταλήψεσθαι
3130 573 3224 643 τῆς
3265 575 3460 637 πίστεως
3493 575 3566 627 τοῦ
3590 593 3641 628 κα

765 668 939 722 rantia
961 666 1236 729 labuntur,
1259 675 1540 731 asserunt,
1568 682 1690 720 eum
1711 664 1917 720 Pascha
1939 665 2292 719 manducarct

1586 682 1690 720 :um
1711 664 1917 720 Pascha
1939 665 2312 729 manducarct,
2417 664 2730 734 μυστηρίου,
2769 664 2906 716 κατὰ
2941 663 3000 716 τὸ
3031 664 3379 733 γεγραμμένον
3404 663 3469 733 τῷ
3500 682 3643 735 μακαρ

763 754 995 810 traditus
1028 763 1112 810 est
1142 773 1156 810 :
1186 753 1326 824 quod
1361 771 1535 825 neque
1565 769 1632 808 ex
1665 753 1868 808 sanctis
1898 751 2206 823 Evangeliis
2232 753 2297 805 di-

1586 770 1632 808 :x
1665 753 1868 808 sanctis
1898 751 2206 823 Evangeliis
2232 753 2315 805 di-
2411 755 2519 824 λῳο
2560 753 2671 808 Καὶ
2707 757 2816 824 γὰρ
2859 755 2920 808 τὸ
2956 755 3166 825 Πάσχα
3195 754 3341 823 ήμῶν
3377 755 3504 822 ὑπὲρ
3541 756 3643 824 ήμῶ

761 845 1014 910 dicimus,
1044 861 1218 916 neque
1249 846 1533 916 quisquam
1567 861 1630 900 ex
1670 845 1841 898 beatis
1873 845 2133 914 apostolis
2157 844 2297 897 nobis

1586 862 1630 899 ut
1670 845 1841 898 beatis
1873 845 2133 914 apostolis
2157 844 2313 898 nobis
2411 847 2692 914 Χριστός·
2750 848 2841 900 καὶ
2889 849 2984 918 οὐχ
3041 847 3114 911 ὧς
3187 865 3314 910 τινες
3375 847 3574 917 ἀμαθεὶα
3617 865 3644 915 φ

761 938 1004 994 tradidit.
1057 939 1176 1004 Quo
1206 937 1370 1008 igitur
1401 945 1642 1006 tempore
1683 951 1875 1005 passus
1911 944 1993 990 est
2028 950 2124 1006 pro
2154 936 2297 988 nobis

1587 952 1642 990 re
1683 951 1875 1005 passus
1911 944 1993 990 est
2028 950 2124 1006 pro
2154 936 2310 988 nobis
2408 937 2855 1003 διαϐεϐαιοῦνται,
2887 939 2960 1003 ὡς
2988 938 3173 1008 φαγὼν
3196 940 3250 991 τὸ
3286 940 3449 1009 Πάσχα
3473 939 3644 1008 παρεδόσ

759 1032 1060 1087 secundum
1104 1046 1320 1086 carnem
1368 1028 1629 1084 Dominus
1663 1036 1846 1083 noster
1879 1036 1934 1083 et
1971 1028 2112 1083 Deus
2151 1026 2297 1082 Jesus

1586 1046 1629 1083 Is
1663 1036 1846 1083 noster
1879 1036 1934 1083 et
1971 1028 2112 1083 Deus
2151 1026 2310 1082 Jesus
2407 1029 2529 1082 οὔτε
2581 1033 2728 1103 παρὰ
2775 1032 2881 1084 τῶν
2929 1031 3096 1099 ἁγίων
3146 1030 3456 1098 Εὑαγγελίων
3497 1029 3643 1098 pepuli

760 1122 1044 1187 Christus,
1076 1117 1241 1192 legale
1288 1136 1394 1175 non
1429 1119 1770 1174 manducavit
1811 1118 2040 1182 Pascha,
2081 1117 2203 1179 sed,
2253 1126 2297 1170 ul

1595 1121 1770 1174 ucavit
1811 1118 2040 1182 PaSCha,
2081 1117 2203 1179 sed,
2253 1125 2310 1170 υι
2408 1121 2529 1175 οὕτε
2581 1140 2663 1186 τις
2707 1123 2812 1176 τῶν
2859 1124 3139 1194 μακαρίων
3171 1124 3292 1194 ἡμῖν
3321 1121 3585 1174 ἀποστόλων
3605 1136 3643 1170 πὲ

760 1215 911 1282 dixi,
938 1216 1052 1285 ipse
1080 1223 1136 1268 ut
1165 1229 1322 1268 verus
1348 1227 1518 1282 agnus
1563 1211 1871 1264 immolatus
1904 1216 1987 1264 est
2028 1223 2125 1278 pro
2155 1208 2310 1262 nobis

760 1308 817 1364 in
847 1307 1150 1363 umbratilis
1182 1306 1460 1361 Paschalis
1489 1303 1778 1360 festivitate
1806 1343 1821 1367 ,
1863 1303 1949 1358 die
1983 1302 2310 1359 Parasceves

761 1413 852 1452 xlv
883 1397 1041 1469 primi
1090 1396 1293 1450 mensis
1337 1396 1496 1449 lunae.
1532 1393 1702 1448 Desiit
1745 1408 1872 1462 ergo
1901 1395 2134 1462 typicum
2180 1389 2310 1445 Pas-

759 1493 901 1554 cha,
949 1503 1076 1544 vero
1116 1495 1378 1558 praesente
1407 1486 1669 1540 Paschate
1721 1503 1733 1538 :
1784 1484 1990 1536 Pascha
2041 1484 2177 1536 enim
2225 1497 2311 1534 no-

759 1594 925 1636 strum
972 1597 1065 1650 pro
1108 1580 1254 1633 nobis
1307 1578 1605 1632 immolatus
1652 1584 1726 1629 est
1763 1574 2043 1636 Christus,
2104 1581 2160 1626 ut
2213 1589 2306 1627 su-

759 1674 941 1744 perius
965 1673 1168 1727 dictum
1214 1678 1330 1736 est,
1372 1671 1634 1739 docetque
1659 1683 1753 1722 vas
1785 1665 2064 1722 electionis
2105 1663 2306 1720 Paulus

2409 1231 2520 1266 κεν.
2559 1214 2644 1267 Ἐν
2678 1207 2722 1282 ᾧ
2767 1210 2856 1268 οὖν
2889 1213 3060 1285 καιρῷ
3087 1213 3195 1284 ('59.)
3237 1213 3413 1264 ἔπαθεν
3446 1212 3567 1282 ὑπὲρ
3595 1213 3646 1280 ῆι

2410 1305 2583 1374 σάρκα
2638 1307 2666 1357 ὁ
2708 1305 2908 1377 Κύριος
2947 1307 3100 1376 ἡμῶν
3137 1307 3228 1360 καὶ
3257 1305 3375 1367 Θεὸς
3406 1301 3630 1371 Ἰησοῦςὸ

2407 1393 2468 1446 τὸ
2497 1395 2637 1448 κατὰ
2663 1395 2822 1465 νόμον
2850 1398 2947 1450 οὐκ
2973 1397 3139 1466 ἔφαγε
3170 1398 3346 1466 Πάσχα
3365 1411 3376 1424 ·
3407 1393 3528 1454 ἁλλ’,
3550 1393 3612 1453 ὡς
3636 1393 3646 1442 1

2406 1485 2495 1549 τὸς
2539 1485 2614 1550 ὡς
2661 1487 2863 1558 ἀληθὴς
2906 1490 3072 1559 ἀμνὸς
3101 1488 3261 1559 ἐτύθη
3301 1485 3429 1556 ὑπὲρ
3468 1484 3602 1555 ἡμῶν
3636 1483 3646 1532 l

2410 1574 2664 1639 σκιώδους
2697 1578 2887 1649 Πάσχα
2912 1581 3092 1651 ἑορτῇ,
3118 1581 3173 1633 ὲν
3201 1579 3370 1650 ἡμέρᾳ
3406 1592 3646 1648 παρασκει

2407 1665 2499 1718 τοῦ
2530 1666 2741 1737 πρώτου
2773 1669 2939 1740 μηνὸς
2976 1669 3073 1740 τῆς
3109 1669 3350 1740 σελήνης.
3383 1667 3542 1736 Πέρας
3563 1662 3638 1718 οὖν

755 1765 1050 1836 apostolus.

2332 1754 2372 1808 Β
2399 1757 2460 1810 τὺ
2481 1758 2708 1811 τυπικὸν
2738 1760 2944 1829 Πάσχα,
2967 1760 3060 1814 τοῦ
3093 1761 3342 1832 ἀληθινοῦ
3369 1759 3543 1829 Πάσχα
3572 1773 3645 1824 mi

756 1877 866 1914 νου·
886 1861 957 1915 Τὸ
985 1861 1092 1930 γὰρ
1114 1857 1324 1928 Πάσχα
1359 1855 1526 1926 ἡμῶν
1544 1854 1692 1924 ὑπὲρ
1709 1853 1876 1925 ἡμῶν
1889 1853 2066 1921 ἐτύθη
2083 1851 2352 1924 Χριστὸς,
2375 1852 2449 1917 ὡς
2490 1853 2792 1925 πρόκειται,
2847 1855 2940 1909 καὶ
2982 1853 3222 1910 διδάσκει
3263 1855 3319 1909 τὸ
3344 1852 3519 1914 σκεῦος
3537 1852 3621 1920 τῆς

755 1955 1046 2019 ἀπόστολος
1077 1953 1304 2015 Παῦλος.

2322 2056 2391 2114 ll.

2075 2170 2219 2225 Ibid.
2262 2186 2382 2242 pag.
2419 2169 2523 2224 175
2573 2167 2637 2224 D.

824 2293 954 2351 Erat
974 2306 1152 2352 autem
1182 2295 1479 2352 Parasceve
1497 2334 1514 2360 ,
1555 2295 1685 2351 hora
1711 2295 1863 2366 quasi
1899 2293 2055 2349 tertia
2074 2334 2090 2360 ,
2115 2309 2297 2364 quem-

1586 2311 1685 2351 iora
1711 2295 1863 2366 quasi
1899 2293 2055 2349 tertia
2074 2334 2090 2360 ,
2115 2309 2302 2364 quem-
2469 2286 2574 2344 Ἦν
2603 2289 2658 2343 δὲ
2688 2285 3009 2361 Παρασκευὴ
3033 2285 3168 2356 (55),
3191 2283 3318 2358 ὥρα
3343 2280 3410 2356 ἦν
3434 2282 3554 2335 ὡσεὶ
3576 2281 3648 2350 rp!

754 2385 1046 2442 admodum
1073 2389 1312 2444 accurati
1343 2386 1466 2442 libri
1495 2388 1807 2451 continent,
1832 2387 2116 2457 ipsumque
2139 2400 2297 2440 evan-

1586 2388 1807 2451 itinent,
1832 2387 2116 2457 ipsumque
2139 2400 2301 2440 evan-
2400 2383 2467 2437 τὰ
2495 2381 2692 2453 ἀκριϐῆ
2725 2379 2899 2450 βιϐλία
2938 2378 3198 2450 περιέχει,
3228 2377 3368 2430 αὐτό
3395 2391 3453 2428 τε
3483 2371 3648 2474 τδ⁴ἱδιέ

755 2479 960 2548 gelistne
975 2478 1200 2536 Joannis
1228 2480 1618 2551 autographum
1641 2522 1655 2546 ,
1681 2479 1823 2548 quod
1845 2492 2015 2547 usque
2035 2475 2102 2530 ad
2125 2476 2297 2530 hancce

1586 2496 1618 2533 n
1641 2522 1655 2546 ,
1681 2479 1823 2548 quod
1845 2492 2015 2547 usque
2035 2475 2102 2530 ad
2125 2476 2301 2530 haecce
2401 2472 2782 2545 εὐαγγελιστοῦ
2828 2470 3092 2532 Ἰωάννου,
3121 2471 3255 2540 ὅπερ
3303 2468 3462 2539 μέχρι
3500 2468 3589 2517 νῦν
3619 2480 3650 2514 τε

754 2579 996 2643 tempora
1014 2609 1031 2636 ,
1057 2571 1235 2627 divina
1259 2572 1429 2643 gratia
1449 2611 1463 2636 ,
1501 2573 1556 2626 in
1579 2571 1921 2626 sanctissima
1949 2567 2297 2639 Ephesiorum

1586 2571 1921 2626 sanctissima
1949 2567 2300 2639 Ephesiorum
2402 2568 2584 2640 χάριτι
2607 2565 2698 2618 τοῦ
2724 2563 2856 2617 Θεοῦ
2895 2563 2950 2614 ὲν
2978 2557 3043 2626 τῇ
3071 2557 3325 2627 Ἐφεσῖον
3344 2560 3614 2631 ἁγιωτάτῃ
3646 2557 3650 2570 ’

753 2659 993 2719 Ecclesia
1022 2671 1289 2728 servatur,
1320 2670 1374 2720 et
1403 2677 1434 2718 a
1465 2661 1714 2718 ﬁdelibus
1743 2662 1816 2716 ibi
1842 2662 2057 2716 colitur.

1586 2663 1714 2718 ibus
1743 2662 1816 2716 ibi
1842 2662 2057 2716 colitur.
2404 2658 2497 2711 καὶ
2526 2657 2630 2710 ὑπὸ
2648 2657 2756 2709 τῶν
2782 2653 2986 2708 πιστῶν
3010 2654 3183 2706 ἐκεῖσε
3207 2651 3614 2722 προσκυνεῖται.

753 2833 3650 2862 .___.——————__—.——_—————-——-—-————_——————

1586 2985 1734 3073 DE
1804 2983 2188 3075 ANIMA
2260 2984 2409 3073 ET
2483 2982 3083 3077 CORPOBE.

1322 3175 1418 3240 (Ex
1442 3174 1640 3226 Leontii
1661 3180 1715 3225 et
1737 3175 1936 3226 Joannis
1970 3177 2081 3227 Her.
2105 3189 2232 3228 sacr.
2259 3175 2348 3226 lib.
2376 3189 2427 3239 ιι,
2455 3189 2532 3240 ap.
2557 3176 2670 3240 Mn,
2701 3176 2876 3240 Script.
2904 3184 2992 3227 ret.
3021 3181 3055 3226 t.
3075 3174 3182 3235 VII,
3207 3189 3253 3239 p.
3285 3176 3403 3238 85.)

753 3415 979 3495 Sancti_
998 3414 1136 3469 Petri
1180 3415 1403 3495 episcopi
1459 3414 1834 3495 Alexandriae,
1893 3427 1943 3472 et
1999 3420 2247 3489 martyris
2277 3459 2297 3495 ,_

1586 3414 1795 3495 tandrim
1818 3456 1834 3480 ,
1893 3427 1943 3472 et
1999 3420 2247 3489 martyris
2277 3459 2297 3495 ,_
2323 3424 2368 3488 C
2400 3416 2722 3495 Τοῦρτίου
2750 3414 2985 3495 Πέτροτί
3009 3414 3353 3495 extendsz
3387 3415 3652 3495 ᾍλεξαν.

821 3504 886 3542 ea:
933 3483 1385 3567 Demonstratione
1465 3486 1602 3554 quod
1674 3488 1858 3542 anima
1929 3504 2033 3543 non
2089 3483 2297 3559 corpori

1586 3486 1602 3538 l
1674 3488 1858 3542 anima
1929 3504 2033 3543 non
2089 3483 2297 3559 corpori
2336 3483 2367 3488 ’
2463 3483 2758 3567 μάρτυρος
2781 3483 3002 3567 bet.th
3031 3483 3110 3554 μὴ
3151 3485 3582 3557 προϋπάρχειν
3621 3506 3652 3541 τ

819 3557 1202 3628 praeastiterit.
2181 3555 2190 3559 ⁷
2397 3612 2415 3630 ι
2463 3555 2572 3612 τοῦ
2599 3557 2868 3626 σώματος
2899 3555 3031 3627 (34).
3317 3595 3319 3597 -

824 3669 957 3736 Quae
986 3668 1052 3722 ad
1079 3668 1415 3724 divinitatem
1451 3668 1944 3740 humanitatemque
1972 3673 2198 3728 secundi
2232 3673 2300 3728 de

752 3762 893 3818 caelo
919 3761 1155 3818 hominis
1183 3768 1464 3830 spectant,
1495 3761 1549 3816 in
1576 3762 1976 3832 suprascriptis,
2002 3765 2298 3822 secundum

751 3855 964 3910 beatum
1003 3853 1340 3923 Apostolum,
1384 3854 1767 3925 exposuimus;
1841 3871 1982 3911 nunc
2041 3872 2296 3915 necessa-

749 3945 890 4001 rium
921 3945 1194 4009 duximus,
1219 3959 1338 4016 quae
1359 3945 1423 4001 ad
1475 3947 1708 4018 primum
1740 3946 2008 4002 hominem
2054 3949 2121 4005 de
2154 3958 2297 4006 terra

749 4045 1024 4092 terrenum
1064 4039 1357 4108 pertinent,
1383 4053 1674 4108 exponere,
1709 4039 1811 4094 hoc
1850 4055 2043 4112 nempe
2075 4041 2296 4097 demon-

749 4127 994 4193 straturi,
1026 4144 1194 4184 unum
1218 4129 1574 4201 eumdemque
1618 4131 1802 4186 eodem
1852 4140 2094 4204 tempore
2130 4133 2298 4191 fuisse

751 4227 1014 4285 creatum,
1039 4221 1284 4290 quamvis
1326 4222 1614 4291 aliquando
1643 4222 1931 4293 separatim
1987 4221 2297 4293 designetur

752 4309 915 4366 homo
941 4312 1179 4365 exterior
1198 4318 1253 4365 et
1296 4311 1456 4367 homo
1483 4313 1726 4368 interior.
1761 4312 1818 4368 Si
1840 4313 2003 4378 enim,
2023 4314 2174 4383 juxta
2205 4330 2294 4370 sa-

755 4400 934 4455 lutare
961 4398 1219 4467 Verbum,
1254 4401 1346 4471 qui
1375 4399 1502 4456 fecit
1535 4416 1598 4456 ea
1631 4417 1750 4472 quae
1783 4411 1909 4459 sunt
1939 4404 2292 4474 extrinsecus,

752 4489 869 4560 ipse
896 4487 1021 4545 fecit
1072 4489 1214 4560 quod
1247 4497 1332 4545 est
1389 4491 1748 4559 intrinsecus;
1779 4501 1926 4548 certe
1976 4509 2084 4548 una
2111 4511 2296 4566 opera-

754 4577 900 4633 tione
919 4582 1214 4652 eodemque
1235 4592 1471 4653 tempore
1501 4595 1790 4657 utrumque
1823 4587 1970 4654 fecit,
1992 4587 2080 4643 illa
2102 4587 2306 4644 scilicet

751 4664 868 4736 ipsa
888 4668 974 4724 die
991 4686 1095 4740 qua
1122 4672 1255 4728 dixit
1279 4673 1420 4730 Deus
1441 4677 1462 4707 ⁸
1491 4692 1504 4730 :
1535 4674 1820 4730 Faciamus
1841 4677 2099 4732 hominem
2121 4695 2305 4736 secun-

2466 3689 2546 3746 Τὰ
2575 3691 2703 3762 περὶ
2728 3689 2829 3759 τῆς
2857 3688 3104 3760 θεότητος
3141 3689 3235 3743 καὶ⁵
3274 3691 3652 3764 ἀνθρωπότητ

2397 3777 2552 3850 τέρου
2607 3777 2665 3844 ἐξ
2715 3775 2940 3846 οὐρανοῦ
2982 3775 3286 3848 ἀνθρώπου,
3350 3780 3512 3836 κατὰ
3565 3781 3652 3833 τὸν.

2408 3867 2719 3922 Ἀπόστολον
2751 3870 2809 3921 ὲν
2833 3866 3064 3939 πρώτοις
3088 3867 3498 3942 παραθέμενοι,
3526 3873 3652 3927 ἀνα·

2399 3958 2606 4031 σάμεθα
2653 3958 2745 4012 καὶ
2789 3957 2858 4012 τὰ
2888 3959 3014 4028 περὶ
3040 3957 3134 4012 τοῦ
3166 3955 3394 4031 πρώτου
3433 3965 3509 4018 ὲκ
3544 3963 3652 4033 γῆς

2395 4048 2720 4120 γεννημένου
2767 4046 3050 4119 ἀνθρώπου
3093 4050 3486 4121 παραθέσθαι,
3525 4053 3651 4124 πρὸι

2394 4141 2490 4194 ἕνα
2515 4140 2607 4193 καὶ
2633 4140 2723 4193 τὸν
2747 4139 2906 4192 αὑτὸν
2935 4140 2993 4192 ἐν
3024 4139 3101 4210 τῷ
3126 4139 3268 4211 αὐτῷ
3299 4143 3503 4214 καιρῷ
3540 4161 3651 4213 γενι

2399 4229 2633 4301 μερικῶς
2674 4246 2802 4284 ποτε
2829 4229 2858 4282 ὁ
2882 4229 2988 4282 ἔσω
3014 4231 3105 4284 καὶ
3128 4232 3155 4282 ὁ
3179 4231 3282 4295 ἔξω
3306 4234 3636 4306 ἄνθρωπος

2394 4320 2522 4397 γὰρ,
2549 4320 2689 4374 κατὰ
2717 4320 2807 4374 τὸν
2841 4321 3102 4392 σωτήριον
3134 4323 3320 4391 Λόγον,
3350 4327 3386 4377 ὁ
3423 4329 3652 4397 ποιήσει

2393 4413 2486 4466 καὶ
2509 4412 2571 4465 τὸ
2605 4412 2711 4466 ἔσω
2736 4411 2895 4476 αὐτὸς
2925 4412 3192 4484 ἐποίησεν,
3222 4413 3333 4467 ἀλλ’
3361 4412 3477 4471 οὖν
3505 4436 3580 4487 γε
3621 4422 3650 4472 ὲ

2393 4505 2450 4558 ὲν
2481 4503 2639 4574 (forte
2663 4503 2786 4559 add.
2817 4503 2896 4575 τῷ
2922 4503 3086 4574 αὐτῷ)
3119 4505 3312 4577 καιρῷ,
3334 4511 3652 4564 τουτέστιι

2392 4595 2593 4668 ἡμέρᾳ,
2620 4597 2707 4650 ὅτε
2759 4593 2909 4650 εἶπεν
2956 4601 2985 4652 ὀ
3037 4598 3201 4662 Θεόςο
3250 4599 3652 4672 Ποιήσωμεν

2393 4687 2517 4741 κατ’
2542 4687 2744 4742 εἰκόνα
2785 4687 3073 4757 ἡμετέραν
3113 4690 3209 4743 καὶ
3256 4693 3385 4745 καθ’
3425 4696 3651 4763 ὁμοίω

749 4757 877 4814 dum
899 4761 1178 4832 imaginem
1203 4775 1436 4822 nostram
1467 4776 1514 4822 et
1535 4768 1818 4824 secundum
1851 4769 2252 4827 similitudinem
2280 4793 2297 4830 :

1586 4768 1818 4824 cundum
1851 4769 2252 4827 similitudinem
2280 4793 2300 4830 :
2322 4770 2366 4826 D
2390 4777 2574 4831 τούτου
2603 4776 2818 4848 εὔδηλον
2847 4775 2983 4833 εἶναι
3020 4781 3102 4835 ὅτι
3135 4780 3231 4834 οὐκ
3251 4781 3360 4835 ἀπὸ
3395 4757 3652 4838 σῦνόδοι

823 4918 840 4950 ¹
872 4915 906 4974 1
935 4917 1060 4975 Cor.
1101 4937 1153 4988 ν,
1188 4920 1239 4976 7.
1303 4922 1325 4953 ’
1357 4919 1483 4975 Gen.
1515 4933 1558 4985 ι,
1590 4921 1682 4978 26.

826 5076 957 5151 (32)_
982 5078 1083 5132 Ἐν
1112 5069 1167 5151 ᾧΔ
1192 5073 1304 5134 οὖν
1328 5077 1575 5151 καιρῷ...
1605 5077 1679 5147 τῇ
1717 5077 1782 5132 ιδ’
1808 5079 1912 5134 τοῦ
1935 5079 2161 5148 πρώτου
2183 5099 2297 5151 μη-

753 5146 860 5214 νὸζ-
885 5146 994 5214 τῆς
1019 5147 1303 5216 σελήνης.
1328 5146 1482 5202 Hunc
1505 5146 1678 5203 locum
1709 5165 1771 5204 ex
1792 5146 2090 5206 veterems.
2113 5146 2294 5206 exem-

754 5217 892 5287 plari
925 5218 1120 5287 recitat
1140 5219 1493 5274 Casaubonus
1525 5221 1578 5273 in
1604 5218 1830 5274 Exercit.
1858 5237 1968 5283 xvr,
1991 5221 2059 5276 ad
2093 5223 2283 5277 Annal.

754 5286 880 5340 εδει.
916 5286 1138 5359 Darem,
1171 5287 1198 5359 δ
1230 5288 1315 5350 12.
1346 5305 1467 5359 pag.
1509 5289 1632 5355 ΗΟ,
1673 5291 1765 5343 ubi
1797 5291 1908 5344 lucc
1928 5291 2165 5349 babetu
2191 5293 2289 5348 Pe-

755 5363 872 5409 trus
922 5357 1316 5431 Alexandrinus
1346 5357 1652 5431 cpiscopus
1699 5367 1753 5414 et
1800 5370 2024 5431 martyr,
2071 5363 2124 5415 in
2161 5362 2288 5431 fra-

756 5434 972 5499 gmento
1002 5429 1220 5499 egregio
1257 5429 1398 5499 quod
1437 5439 1626 5485 nactus
1667 5443 1795 5499 sum_
1815 5431 1881 5484 ab
1915 5429 2128 5485 Andron
2159 5430 2291 5485 Dar-

757 5497 942 5617 mariol
991 5491 1178 5554 0;ch
1226 5491 1521 5555 mercatore
1559 5519 1572 5553 :
1617 5500 1704 5553 Ἐν
1759 5491 1804 5566 ᾧ
1851 5500 2025 5572 καιρῷ
2071 5501 2287 5565 ἔπαθεν,

757 5580 809 5616 κ.
835 5580 886 5616 τ.
948 5607 960 5617 .
999 5580 1020 5612 ι

755 5580 809 5616 κ.
835 5580 886 5616 τ.
913 5580 960 5620 Α.
999 5580 1020 5612 ³

825 5634 935 5704 (63)
970 5628 1343 5710 Tagastzap.
1371 5637 1483 5694 Hoc
1515 5638 1645 5710 item
1681 5647 1988 5710 excerptum
2028 5657 2092 5696 ea:
2143 5641 2288 5694 Petri

759 5701 1100 5761 Alexandrini
1128 5701 1474 5766 dimiatione
1502 5708 1580 5766 De
1609 5701 1890 5773 Paschat'e,
1916 5711 2051 5767 idem
2081 5712 2285 5766 Casau-

2391 5083 2562 5140 bonus
2603 5082 2765 5140 refert
2805 5088 2857 5141 in
2889 5086 3116 5144 Eaercit.
3160 5107 3246 5146 xv:
3295 5091 3478 5146 modo
3534 5096 3649 5151 lau

2393 5169 2516 5231 pag.
2547 5154 2759 5231 590,‘ex
2798 5159 2920 5231 ipso
2964 5162 3186 5229 antiquo
3235 5163 3576 5231 exemplari

2389 5225 2550 5301 cujus
2577 5225 2737 5301 modo
2767 5225 3128 5301 meminimus.
3169 5232 3322 5296 Quod
3353 5225 3638 5301 quidem

2389 5294 2621 5364 Cangius
2655 5297 2707 5350 in
2741 5300 2882 5352 notis
2927 5301 2991 5354 ad
3025 5294 3315 5356 Chronicon
3372 5294 3649 5360 Pascha

2390 5363 2449 5418 D.
2489 5363 2647 5441 quem
2687 5376 2864 5441 tamen
2919 5371 3047 5440 fugit
3105 5373 3333 5426 alterum
3377 5375 3645 5441 lragmc

2389 5436 2630 5507 saubono
2672 5437 2918 5507 superius
2969 5436 3212 5496 relatum.
3243 5442 3322 5494 Ad
3356 5436 3539 5498 hunc
3615 5465 3652 5499 ει

2389 5504 2613 5583 digitum
2664 5504 2909 5583 iniendit
2955 5509 3363 5583 Wesselingius,
3430 5513 3604 5568 licet

2391 5573 2938 5652 cili-cethin‘Probabll.
2967 5580 3055 5633 lib.
3099 5573 3259 5652 sing;
3284 5573 3411 5651 «ap.
3437 5583 3463 5632 1
3486 5621 3507 5642 ,
3563 5600 3652 5652 pa

2461 5644 2570 5714 (54)
2610 5645 2836 5724 Constat
2889 5649 2940 5702 id
2984 5664 3118 5719 opus
3164 5644 3201 5706 ἑ
3241 5644 3407 5708 Ροιιῖο
3441 5644 3652 5710 εοιίιι

2390 5713 2559 5771 fuisse
2585 5715 2968 5776 conscriptum.
