3956 6198
240 236 335 291 εει
1271 296 1279 303 ,
1615 222 1802 279 FRAG

1922 219 2066 278 ms.
3379 205 3484 261 5382

237 362 327 421 τὰ
376 356 522 421 τινος
554 355 739 427 ἐτέρου
776 354 939 408 τόπου
974 353 1102 421 (ῐσ.
1130 349 1343 421 τῦπου)
1379 346 1799 419 συνεληλυθότος.

1922 342 2060 397 unde
2109 336 2453 394 manifestum
2505 340 2608 398 est,
2649 330 2924 387 hominem
2969 344 3079 384 non
3130 343 3196 383 ex
3239 340 3484 397 comun-

239 418 534 521 γεγένηται
555 464 569 479 ·
619 418 668 500 ei
716 446 824 518 γὰρ
855 445 924 499 τὰ
953 418 1089 499 ἀλλα
1121 442 1235 508 ζῶα
1269 418 1410 496 κατὰ
1451 418 1696 493 κέλευσιν
1719 437 1801 509 ἒμ-

1986 434 2100 487 ione
2125 429 2369 499 corporis
2392 441 2514 480 cum
2533 433 2662 496 typo
2683 422 2916 494 quodam
2937 422 3347 492 praeexsistcnte
3378 418 3487 473 fur-
3544 486 3548 491 η

245 511 397 615 tif/uia
428 511 690 612 ἐξήγαγεν
776 511 869 610 γῆ,
903 536 1082 607 πολλῷ
1118 535 1313 606 μᾶλλον
1333 532 1555 603 ληφθεὶς
1587 530 1690 584 ὑπὸ
1719 529 1807 582 τοῦ

1922 531 2127 579 matum
2171 517 2361 574 fuisse.
2418 516 2629 572 Etenim
2664 515 2710 572 si
2762 523 2908 569 terra
2961 522 3155 568 caetera
3198 511 3484 576 animalia,

248 606 385 689 δεδῦ
414 606 548 705 χοῦς
569 606 677 687 eam
836 606 959 700 γῆς,
987 628 1212 707 δυναμιν
1231 627 1468 698 ἔμψυχον
1493 624 1647 707 ἔσχεν
1675 621 1810 676 κατὰ

1918 617 2073 686 juxta
2094 612 2397 684 jussionem
2421 608 2719 671 Creatoris,
2760 607 2998 661 animata
3027 606 3305 677 produxit,
3337 606 3480 661 mul-

255 698 508 795 βούλησιν
540 724 634 776 καὶ
665 698 939 793 ἐνέργειαν
961 698 1131 774 Θέοῦς
1182 714 1187 719 ’
1578 698 1591 707 ’

1926 717 1975 763 ιο
2006 707 2187 777 potius
2218 701 2397 772 pulvis
2414 716 2574 771 quem
2597 717 2628 755 e
2652 710 2795 756 terra
2819 700 3053 770 sumpsit
3088 698 3252 765 Deus,
3308 699 3488 753 virtu-

1859 839 1866 847 .
1919 808 2024 854 tem
2072 797 2290 852 vitalem
2347 808 2379 847 a
2428 793 2706 847 voluntate
2753 801 2807 846 et
2832 791 3147 860 operatione
3187 789 3369 844 divina
3390 803 3489 843 ac-

1915 889 2081 959 cepit.

265 1075 3471 1112 ww.—

783 1246 885 1297 EK
920 1243 1061 1297 ΤΗΣ
1104 1247 1243 1298 ΤΟΥ
1272 1246 1481 1299 ΑΙἾΟΥ
1514 1245 1809 1301 ΠΕΤΡΟΥ
1842 1244 2398 1299 ΑΛΕΞΑΝΔΡΕΙΑΣ
2437 1241 2921 1296 ΔΙΔᾼΣΚΑΛΙΑΣ.

1245 1405 1330 1460 EX
1377 1365 1723 1461 DOCTRINA
1763 1403 1964 1459 PETRI
2000 1400 2487 1458 ALEXANDRIM.

819 1558 911 1621 (Ex
939 1558 1148 1609 Leontio
1168 1564 1219 1607 et
1237 1560 1423 1607 Joanne
1454 1558 1564 1607 Iter.
1594 1569 1720 1607 ερον.
1744 1554 1907 1615 lib.'n,
1934 1569 1995 1617 ap
2033 1555 2146 1617 Mn,
2174 1555 2350 1620 Script.
2375 1561 2463 1607 vel.
2492 1563 2526 1605 t.
2554 1556 2661 1617 νη,
2694 1569 2745 1618 p.
2771 1555 2873 1619 96.)

320 1811 510 1872 Τάλας
554 1807 664 1876 ἐγὼ
708 1806 826 1886 οὐδὲ
853 1807 1127 1879 ἐμνήσθην
1157 1808 1237 1862 ὅτι
1260 1811 1288 1862 6
1317 1808 1448 1872 Θεδς
1477 1808 1598 1863 νοῦν
1634 1812 1822 1882 ἐπιτη-

2002 1811 2164 1866 Miser
2190 1827 2313 1881 ego,
2346 1826 2453 1865 non
2494 1811 2735 1878 memini,
2759 1810 2923 1866 Deum
2955 1815 3190 1868 scrutari
3230 1822 3487 1883 mentem,

250 1907 344 1977 ρεί
374 1904 471 1956 καὶ
495 1900 672 1972 ψυχῆς
694 1900 879 1977 ἀκούει
904 1903 1113 1973 φωνήν·
1140 1903 1408 1972 συνέγνων
1426 1906 1505 1968 εἰς
1528 1905 1812 1976 ἁμαρτίαν,

1926 1910 1981 1956 et
2012 1900 2200 1955 audire
2233 1915 2417 1955 vocem
2478 1900 2702 1967 animae;
2731 1916 2857 1955 cum
2895 1902 3234 1958 conscientia
3268 1920 3388 1960 mea
3416 1905 3488 1960 de

255 1995 399 2067 πρὸς
424 1993 656 2066 ἐμαυτὸν
683 1992 852 2062 λέγων
869 2010 883 2023 ·
908 2012 927 2045 ι
950 1993 1100 2066 Ἐλεή
1110 2012 1223 2065 μων
1240 1995 1387 2047 ἐστὶν
1403 1997 1431 2048 6
1459 1994 1589 2060 Θεὸς
1614 1998 1709 2050 καὶ
1736 1998 1817 2050 ἀν-

1929 2001 2150 2063 peccato
2172 2000 2365 2063 pactus
2395 2007 2535 2058 sum,
2565 1992 2633 2046 ad
2658 2007 2743 2046 me
2764 1993 2942 2061 ipsum
2967 1993 3154 2048 dicens
3185 2012 3199 2048 :
3224 2013 3242 2045 ι
3278 1994 3490 2051 Miseri-

256 2086 442 2153 ἐξεταί
472 2102 593 2157 μου·
618 2105 637 2137 ι
654 2086 747 2139 καὶ
764 2085 837 2157 μὴ
855 2085 1083 2156 πληγεὶς
1098 2088 1456 2159 παραχρῆμα,
1475 2089 1574 2141 οὐκ
1595 2090 1818 2144 ἐπαυσά-

1929 2102 2055 2144 cors
2108 2096 2193 2143 est
2241 2086 2384 2144 Deus
2426 2095 2480 2143 et
2532 2088 2826 2145 suStinebit
2872 2103 2993 2151 me;
3050 2107 3070 2141 ι
3100 2100 3155 2144 et
3188 2103 3313 2143 cum
3344 2090 3491 2145 illico

257 2194 396 2247 μην,
419 2176 556 2230 ἀλλὰ
581 2175 776 2247 μᾶλλον
803 2177 1178 2249 κατεφρόνησα
1211 2178 1553 2249 συγγνώμης,
1583 2180 1676 2232 καὶ
1704 2179 1819 2233 ἐδα-

1928 2193 2038 2233 non
2090 2192 2266 2233 essem
2300 2192 2617 2248 percussus,
2646 2192 2757 2232 non
2781 2179 3016 2242 cessavi,
3059 2179 3155 2234 sed
3205 2180 3378 2250 magis
3401 2183 3490 2237 di-

252 2269 484 2340 ⁴παίινησα
508 2267 642 2321 Θεοῦ
672 2267 1067 2340 μακροθυμίαν.

1930 2271 2106 2324 vinam
2123 2270 2463 2326 tolerantiam
2490 2272 2792 2340 contempsi
2816 2277 2872 2325 et
2900 2272 3364 2343 longanimitatem
3395 2272 3492 2330 Dei

1931 2358 2178 2412 exhausL

297 2548 3481 2588 ———'————-—_————_———-———

1369 2715 1493 2803 IN
1550 2715 2299 2806 MATTH/EUM.

709 2906 801 2970 (Ex
822 2907 1083 2958 Iustiniani
1107 2911 1220 2972 imp.
1256 2914 1463 2957 tractatu
1490 2916 1656 2961 contra
1680 2909 2055 2975 Honophysilas,
2080 2925 2156 2973 ap.
2185 2911 2296 2972 Mn,
2322 2911 2499 2975 Script.
2536 2918 2645 2973 νει,
2670 2915 2776 2974 VII,
2806 2916 2914 2977 306,
2938 2916 3075 2975 507.)

1871 3065 1941 3076 ——

337 3168 451 3224 Καὶ
476 3170 534 3221 ὲν
562 3166 639 3238 τῷ
664 3165 802 3219 κατὰ
828 3164 1104 3220 Ματθαίον
1136 3166 1164 3218 6
1191 3163 1393 3236 Κύριος
1421 3164 1567 3233 λέγει
1594 3164 1727 3235 πρὸς
1748 3163 1836 3217 τὸν

2018 3164 2083 3218 Et
2115 3166 2168 3219 in
2198 3164 2489 3238 Evangelio
2512 3172 2809 3225 secundum
2865 3171 3196 3240 Matthaaum,
3221 3176 3297 3231 ait
3319 3177 3503 3234 Domi-

262 3259 635 3333 παραδιδόντα
667 3256 847 3310 αὐτόν’
880 3256 1166 3327 Φιλήματι
1190 3258 1294 3311 τὸν
1328 3258 1463 3310 Υιὸν
1492 3255 1599 3310 τοῦ
1621 3256 1824 3324 ἀνθρώ

1944 3272 2048 3312 nus
2078 3255 2144 3311 ad
2170 3273 2292 3312 eum
2319 3258 2410 3328 qui
2435 3258 2609 3329 ipsum
2646 3262 2890 3318 tradebat
2915 3284 2929 3318 :
2966 3264 3158 3319 Oscula
3193 3266 3238 3318 F
3242 3268 3388 3322 ilium
3412 3269 3504 3324 ho-

266 3374 387 3413 που
414 3353 753 3423 παραδίδως
771 3354 792 3405 !
821 3352 989 3406 Τοῦτο
1014 3353 1069 3405 δὲ
1094 3353 1295 3425 Πέτρος
1318 3356 1346 3406 6
1376 3353 1584 3425 μάρτυς
1615 3352 1708 3407 καὶ
1736 3352 1828 3425 ἀρ-

1946 3351 2098 3404 minis
2134 3350 2338 3405 tradis!
2369 3352 2521 3417 Quod
2556 3369 2833 3423 exponens
2880 3357 3074 3413 Petrus
3103 3370 3308 3432 martyr
3337 3370 3389 3416 et
3412 3377 3503 3416 ar~

266 3448 626 3519 xta-nimam;
660 3445 1056 3517 Ἀλεξανδρείας
1094 3444 1451 3517 ἐξηγούμενος
1489 3444 1636 3513 λέγει
1670 3442 1828 3497 ταῦτα

1945 3441 2326 3514 chiepiscopus
2372 3445 2732 3511 Alexandriae,
2794 3448 2904 3503 ha’c
2958 3460 3011 3503 et
3044 3449 3128 3505 his
3154 3452 3353 3506 similia
3382 3469 3506 3524 pro-

266 3538 456 3592 καὶτὰ
470 3536 678 3601 τούτοις
692 3538 870 3617 ὅμοιαξ
897 3557 915 3588 ‹
939 3538 1020 3592 Τά
1042 3554 1099 3590 τε
1122 3540 1319 3608 σημεῖα
1340 3537 1514 3591 πάντα
1544 3536 1644 3590 ὅσα
1669 3535 1828 3604 ὲποίη·

1949 3533 2053 3589 t‘ert
2087 3555 2098 3588 :
2131 3554 2151 3587 ί
2194 3535 2357 3608 Signa
2380 3541 2587 3603 omnia,
2611 3556 2946 3610 quaecunque
2978 3541 3123 3605 fecit,
3165 3551 3218 3597 ct
3254 3545 3502 3611 virtutes,

268 3647 385 3697 σεν,
413 3631 511 3685 καὶ
525 3634 578 3684 αἱ
592 3630 863 3701 δυνάμεις,
878 3631 1142 3685 δείκνυσιν
1165 3629 1323 3685 αὐτὸν
1340 3628 1471 3682 θεὸν
1492 3628 1830 3698 ὲνανθρωπή-

1950 3625 2017 3680 de
2040 3626 2130 3681 illo
2161 3635 2431 3683 testantur
2467 3629 2610 3700 quod
2648 3628 2790 3685 Deus
2808 3630 2879 3685 sit
2907 3630 3222 3686 incarnatus
3247 3650 3260 3684 :
3293 3637 3505 3685 utrum-

266 3739 466 3776 σαντα’
497 3721 566 3776 τὰ
592 3724 971 3795 συναμφότερα
994 3722 1169 3776 τοίνυν
1202 3722 1492 3788 δείκνυται,
1514 3721 1594 3774 ὅτι
1618 3720 1750 3783 Θεὸς
1777 3714 1828 3791 ip

1951 3736 2058 3791 que
2089 3735 2218 3791 ergo
2248 3722 2408 3776 simul
2438 3722 2864 3788 demonstratur,
2915 3724 3063 3776 illum
3093 3738 3286 3794 nempe
3314 3730 3508 3776 natura

266 3813 463 3881 φύσει,
494 3816 587 3867 καὶ
610 3814 825 3882 ἐγένετο
848 3814 1128 3887 ἄνθρωπος
1157 3814 1335 3883 φύσει.
1378 3833 1397 3864 ι

1954 3811 2119 3866 Deum
2148 3829 2291 3876 esse,
2325 3821 2378 3868 et
2408 3814 2608 3868 factum
2641 3815 2808 3872 fuisse
2831 3824 3023 3877 natura
3062 3816 3354 3871 hominem.
3380 3835 3398 3868 ι

340 4112 628 4168 δΑΝσΤι
651 4112 877 4168 PETRI
904 4110 1489 4187 ARCIIIEPISCOPI
1533 4111 1624 4165 ET
2067 4108 2165 4161 EX
2196 4108 2553 4164 SERMONE
2593 4110 2761 4179 (VEL
2792 4110 3035 4183 LIBRO)
3084 4112 3182 4165 DE
3216 4113 3442 4170 ΤΗΕο-

345 4418 584 4476 lntcrim
624 4419 955 4489 evangelista
999 4416 1226 4472 ﬁrmiter
1259 4418 1335 4470 ait
1368 4435 1381 4470 :
1426 4416 1648 4469 Verbum
1683 4430 1806 4468 caro
1839 4414 2039 4483 factum
2077 4419 2176 4478 est,
2210 4419 2259 4461 et
2295 4409 2550 4464 habitavit
2572 4410 2625 4462 in
2656 4408 2826 4461 nobis.
2856 4406 2930 4460 Ex
2963 4404 3067 4459 hoc
3101 4402 3507 4471 cognoscimus,

270 4515 543 4584 angelum
571 4526 698 4567 cum
744 4512 1006 4580 virginem
1043 4509 1301 4565 salutavit
1337 4508 1527 4563 dicens
1560 4507 1811 4570 :Gaude,
1846 4506 2043 4576 gaudio
2091 4504 2280 4573 plena,
2310 4502 2574 4557 Dominus
2611 4508 2832 4564 tecum;
2875 4498 3184 4569 significare
3220 4494 3463 4549 voluisse
3492 4510 3507 4544 :

277 4611 432 4664 Deus
462 4605 703 4661 Verbum
732 4612 909 4659 tecum
941 4610 1026 4659 est
1055 4622 1068 4657 :
1114 4604 1353 4671 itemque
1399 4601 1683 4666 denotare,
1711 4599 1843 4655 illud
1871 4599 1937 4652 de
1987 4598 2111 4652 sinu
2140 4597 2260 4666 ejus
2303 4597 2593 4657 oriturum,
2628 4603 2681 4648 et
2714 4609 2932 4648 carnem
2963 4593 3167 4647 factum
3216 4590 3304 4651 iri,
3350 4597 3515 4659 prout

272 4707 556 4775 scriptum
585 4709 670 4758 est
701 4717 715 4755 :
742 4701 972 4770 Spiritus
1000 4709 1213 4755 sanctus
1244 4698 1565 4766 superveniet
1589 4697 1644 4749 in
1676 4703 1742 4760 te,
1774 4705 1823 4749 et
1858 4694 2023 4748 virtus
2052 4692 2312 4745 Altissimi
2346 4708 2400 4743 ιη
2441 4702 2487 4745 te
2515 4691 2785 4744 descendet
2812 4705 2832 4754 ;
2863 4690 3077 4758 ideoque
3100 4694 3148 4739 et
3174 4684 3310 4756 quod
3333 4699 3515 4738 nasce-

272 4812 371 4853 tur
389 4813 460 4853 ea:
486 4800 792 4851 te'sanctum
817 4795 1086 4849 vocabitur
1107 4792 1281 4847 Fitius
1312 4791 1428 4846 Dei.

623 5729 896 5791 PATIOL.
940 5728 1057 5789 Gn.
1089 5727 1321 5791 XVIII.

2904 5702 2910 5710 ’
3182 5720 3259 5787 1':
