3906 6194
1712 501 1850 542 ΔΙ(Νο
1877 501 2063 543 υοιιιιυ
2102 503 2304 544 CCCXIII
2316 504 2500 544 CCCX!
2511 506 2580 544 γι.

974 627 978 630 “
1164 677 1371 892 s.
1538 673 3132 953 ALEXANDEB

803 1035 1829 1197 EPISCOPUS
1964 1033 3182 1196 ALEXANDRIN
3199 1040 3422 1200 US

1841 1483 2441 1601 NOTI-TIA

1323 1712 1608 1773 (Gnatam,
1635 1710 1865 1761 Veterum
1884 1709 2091 1757 Patrum
2118 1706 2343 1772 Biblioh.,
2373 1711 2452 1772 ιν,
2479 1712 2697 1776 Proleg.,
2721 1728 2769 1776 p.
2796 1717 2918 1780 xix.)

517 1942 555 1996 I.
590 1939 888 1995 Alexander
933 1940 985 1992 in
1008 1937 1123 1994 sede
1149 1937 1509 1992 Alexandrina
1558 1953 1826 1990 successor
1880 1935 2118 1992 Achillae.
2155 1935 2284 2007 Ejus
2335 1936 2543 1989 eximia:
2590 1935 2756 1990 dotes.
2811 1934 3025 1991 Primus
3065 1937 3255 1990 Arium
3304 1935 3482 1990 detexit
3514 1934 3685 1992 damno-

584 2014 772 2080 aitque.

514 2105 580 2158 Il.
613 2102 906 2157 Alexandri
925 2102 1162 2157 studium
1193 2101 1250 2154 in
1275 2099 1460 2154 hceresi
1486 2099 1688 2153 Ariona
1713 2098 2069 2170 proﬂiganda.
2102 2097 2232 2168 Ejus
2265 2098 2373 2153 dies
2394 2109 2445 2152 et
2471 2115 2639 2152 annus
2667 2097 2976 2152 emortualis
3009 2099 3288 2153 statuitur.

512 2183 602 2254 ῙΙΙ.
642 2198 772 2266 Quae
811 2198 1078 2263 scripserit
1118 2193 1417 2248 Alexander
1467 2193 1535 2245 ad
1567 2193 1812 2247 Ita'resim
1844 2193 2105 2247 Arianam
2145 2192 2566 2263 oppugnandam.
2607 2191 2795 2245 Exstat
2832 2192 2946 2260 ejus
2992 2194 3243 2261 epistola,
3285 2190 3562 2246 Alexandro
3593 2187 3681 2242 (ΣΡ.

581 2273 818 2340 episcopo
857 2269 1130 2335 inscripta.

512 2362 601 2418 IV.
649 2361 720 2417 De
739 2361 835 2414 hac
863 2359 1086 2428 epistola
1126 2356 1388 2411 Ilolstenii
1425 2357 1701 2410 sententia.

511 2459 578 2514 ν.
613 2459 802 2528 Agitur
840 2455 904 2508 de
944 2454 1181 2528 oratione
1222 2449 1510 2503 Alexandri
1546 2451 1613 2502 ad
1653 2455 2076 2528 presbyteros-et
2115 2452 2364 2528 diaconos
2417 2453 2799 2507 Alexandrinos
2850 2461 2898 2505 et
2935 2450 3282 2506 Mareoticos.
3330 2452 3454 2506 Item
3489 2453 3544 2506 de
3575 2451 3688 2505 illius

565 2521 798 2597 epistola
835 2525 1120 2594 encyclica,
1157 2537 1272 2590 quae
1311 2536 1391 2573 res
1429 2530 1601 2590 gestas
1641 2521 1842 2574 exhibet
1882 2523 1935 2574 in
1979 2523 2196 2576 Ariana:
2233 2524 2487 2578 hwreseos
2527 2534 2732 2576 exortu.

580 2666 622 2722 I.
662 2664 886 2720 Achilla:
913 2664 1007 2734 qui
1035 2661 1231 2730 exiguo
1258 2670 1499 2730 tempore
1534 2673 1563 2711 a
1618 2657 1762 2714 Petri
1815 2661 2076 2731 martyrio
2105 2675 2149 2728 Α
2179 2679 2431 2733 magnum
2453 2665 2768 2730 concilium,
2803 2664 2855 2717 in
2888 2679 2997 2734 quo
3020 2664 3128 2734 imp
3152 2666 3235 2720 ius
3283 2666 3370 2720 ille
3400 2665 3464 2720 ab
3491 2664 3685 2720 Ecclesia

509 2758 930 2816 Alexandrinam
981 2753 1274 2808 Ecclesiam
1325 2750 1767 2814 administravit,
1817 2751 2077 2809 sull‘ectus

501 2859 592 2908 est
641 2845 948 2904 Alexander
991 2845 1138 2900 circa
1197 2858 1402 2896 annum
1460 2841 1664 2896 Christi
1721 2843 1845 2900 5l2.
1901 2843 2076 2913 Ilujus

510 2941 759 3014 praesulis
793 2937 1022 2994 eximias
1053 2935 1281 2990 virtutes
1331 2948 1469 3003 quas
1516 2935 1744 2988 omnino
1796 2936 2077 3005 prteterire

509 3034 669 3090 libuit
702 3028 961 3095 Eusebio,
994 3027 1130 3082 alios
1160 3025 1458 3095 scriptores
1485 3025 1890 3082 ecclesiasticos
1927 3029 2075 3082 omni

509 3126 668 3184 laude
697 3128 1032 3196 prosecutos
1080 3133 1203 3173 esse
1251 3117 1629 3189 intelligimus.
1664 3116 1876 3174 Passim
1929 3119 2074 3174 enim

509 3218 662 3274 audit
699 3235 718 3268 ‹
764 3213 1091 3283 evangelica:
1123 3210 1387 3266 doctrinae
1440 3218 1815 3282 propugnator
1874 3213 2076 3268 acerri-

509 3324 630 3364 mus
661 3306 760 3380 ta),
804 3326 822 3358 ι
865 3307 893 3358 ὁ
919 3306 1161 3374 γενναῖος
1201 3302 1569 3357 ἀποστολικῶν
1606 3300 1887 3372 δογμάτων
1926 3303 2076 3372 γενὸο

511 3417 668 3472 μενος
702 3398 983 3471 πρόμαχος
1018 3414 1031 3428 ο
1073 3416 1092 3449 ‹
1139 3397 1563 3468 apostolicorum
1607 3393 1922 3465 dogmatum
1955 3396 2075 3450 vin-

509 3494 613 3549 dex
641 3499 695 3548 et
718 3499 980 3563 patronus
1011 3488 1110 3562 (bi,
1148 3509 1166 3541 ι
1199 3490 1227 3542 ὁ
1258 3489 1363 3542 τῶν
1389 3485 1752 3542 ἀποπολικιῦν
1795 3487 2075 3558 δογμάτων

509 3588 809 3659 συνήγορος
832 3602 845 3615 ·
882 3593 1045 3654 atque
1078 3583 1146 3654 (c)
1180 3582 1371 3637 divinae
1421 3580 1545 3651 ﬁdei
1591 3581 1926 3650 episcopus...
1959 3581 2070 3651 ple-

506 3695 604 3731 nus
637 3677 920 3747 sapientia,
969 3685 1017 3730 et
1053 3672 1257 3744 Spiritu
1303 3680 1486 3727 sancto
1536 3671 1762 3740 fervens.
1803 3669 2072 3726 Nimirum

504 3770 810 3825 Alexander
831 3769 1019 3822 Arium
1057 3767 1264 3838 primus
1310 3774 1364 3820 ct
1405 3764 1608 3820 detexit
1650 3773 1705 3820 et
1753 3763 2070 3831 damnavit;

505 3877 894 3932 sacrarumque
947 3861 1246 3914 litterarum
1295 3857 1539 3927 vestigiis
1583 3856 1865 3920 insistens,
1898 3864 1958 3909 ut
1997 3855 2073 3911 ait

2180 2756 2500 2810 exturbatus
2551 2755 2653 2809 nm
2696 2765 2858 2827 atque
2911 2758 3281 2828 proscriptus.
3311 2759 3373 2812 Et
3399 2761 3578 2815 multas
3602 2761 3690 2831 qui-

2178 2845 2299 2900 dem
2353 2846 2732 2902 alllictationes
2795 2849 3102 2919 multosque
3178 2851 3383 2906 labores
3440 2851 3490 2905 in
3535 2851 3685 2905 heresi

2177 2936 2377 2990 Ariana
2415 2935 2746 3006 proﬂiganda
2771 2939 3014 3006 pertulit,
3045 2941 3306 3008 quamvis
3332 2956 3504 3002 senex,
3527 2940 3687 2995 beatis-

2177 3026 2349 3082 simus
2371 3025 2708 3093 Alexander;
2737 3028 2936 3098 quibus
2962 3028 3190 3084 demum
3225 3031 3522 3101 perfunctus
3545 3029 3593 3082 in
3614 3043 3685 3083 ex-

2177 3129 2346 3173 trema
2392 3127 2671 3174 senectute
2722 3121 3008 3190 appositus
3039 3130 3122 3177 est
3175 3123 3242 3177 ad
3293 3132 3465 3194 patres
3489 3138 3617 3185 suos,
3639 3127 3686 3174 ut

2177 3209 2367 3266 scribit
2413 3217 2637 3266 sanctus
2680 3209 3011 3268 Athanasius
3067 3214 3180 3282 (e);
3231 3216 3322 3287 qui
3377 3224 3428 3270 et
3461 3212 3681 3283 alibi“):

2181 3318 2200 3352 ι
2239 3299 2518 3357 Mensibus
2545 3305 2808 3374 quinque,
2841 3305 2916 3358 ait
2945 3307 2998 3372 (a
3028 3304 3216 3361 reditu
3254 3305 3463 3377 Nicem),
3490 3303 3686 3360 nondum

2175 3393 2405 3453 exactis,
2438 3409 2751 3462 supremum
2783 3396 2924 3450 diem
2957 3397 3091 3452 obiit
3128 3399 3304 3454 beata:
3332 3399 3579 3454 memoriae
3593 3397 3686 3450 Aie

2183 3485 2387 3538 xander
2416 3501 2429 3534 ε
2463 3503 2490 3535 ἰ
2525 3483 2676 3539 οὔπω
2720 3485 2827 3557 γὰρ
2863 3485 3023 3540 πέντε
3057 3487 3245 3559 μῆνες
3288 3491 3566 3564 παρῆλθον,
3589 3493 3696 3547 καὶό

2183 3575 2282 3646 μὲν
2331 3577 2638 3650 μακαρίτης
2687 3577 3028 3651 Ἀλέξανδρος
3052 3582 3455 3658 τετελεύτηκεν.
3482 3589 3628 3654 Atque
3654 3585 3694 3636 in

2173 3666 2418 3721 eamdem
2453 3670 2778 3723 sententiam
2810 3667 3182 3727 Theodoritus
3218 3673 3290 3745 lg)
3335 3692 3347 3726 :
3386 3691 3403 3723 ‹
3440 3670 3578 3733 Cum,
3616 3667 3683 3722 in—

2172 3757 2313 3827 quit,
2349 3759 2688 3816 admirabilis
2723 3762 2814 3816 ille
2842 3763 3137 3833 episc0pus
3172 3765 3470 3820 Alexander
3491 3763 3570 3833 qui
3594 3757 3685 3812 Arii

2173 3849 2567 3919 blasphemiam
2615 3856 2965 3924 expugnavit,
3006 3865 3132 3926 post
3169 3859 3410 3930 quinque
3453 3868 3637 3911 menses
3661 3865 3687 3902 a

505 3954 868 4010 Theodoritus
892 3952 993 4023 (ά),
1027 3949 1224 4004 Filium
1252 3947 1366 4012 Dei,
1395 3964 1556 4019 quem
1587 3947 1874 4004 haereticus
1907 3946 2070 4003 homo
2099 4015 2138 4023 _
2174 3942 2381 4012 synodo
2410 3941 2624 3998 Nica'na
2645 3945 2857 3999 vivendi
2888 3944 3050 4001 finem
3083 3948 3330 4013 fecisset,
3359 3944 3687 4004 Alexandrina:

502 4055 813 4102 creaturam
847 4053 900 4100 et
945 4043 1209 4098 facturam
1239 4040 1491 4104 vocabat,
1553 4039 1797 4109 ejusdem
1826 4055 1951 4095 esse
1977 4038 2064 4094 di-
2099 4015 2142 4069 Β
2172 4033 2430 4090 Ecclesia:
2469 4038 2818 4106 praesulatum
2861 4039 3204 4097 Athanasius
3241 4042 3489 4112 suscepit.
3525 4057 3540 4089 ι
3582 4034 3685 4088 Harc

501 4140 724 4212 gnitatis
751 4153 873 4192 cum
893 4135 1074 4200 Patre,
1108 4133 1462 4202 eamdemque
1486 4147 1608 4187 cum
1633 4132 1742 4188 Deo
1768 4132 1860 4202 qui
1887 4132 2066 4202 ipsum

501 4231 709 4301 genuit,
751 4228 949 4282 habere
972 4224 1333 4282 substantiam
1356 4222 1595 4278 edocuit.

571 4316 637 4372 II.
677 4315 742 4369 Et
773 4315 1009 4386 primum
1061 4311 1280 4382 quidem
1332 4311 1554 4367 monitis
1602 4321 1656 4366 et
1693 4312 1940 4368 consiliis
1969 4311 2068 4366 bo.

498 4407 698 4462 minem
726 4407 794 4460 ab
839 4405 1090 4460 instituto
1134 4418 1394 4458 revocare
1441 4404 1671 4458 studuit.
1716 4404 1786 4458 At
1815 4404 1908 4458 ubi
1934 4420 2064 4459 eum

501 4499 740 4555 insanire
759 4511 1037 4567 suamque
1066 4495 1395 4566 impietatem
1427 4495 1602 4564 palam
1627 4496 1926 4565 prazdicare
1948 4496 2066 4549 ani-

497 4589 786 4646 madvertit
805 4599 1028 4645 sanctus
1057 4588 1284 4642 antistes
1305 4625 1320 4651 ,
1364 4586 1705 4642 Alexandria:
1743 4598 1928 4640 coacta
1957 4602 2064 4641 una

494 4691 549 4738 et
579 4683 750 4736 altera
785 4679 994 4752 synodo
1022 4679 1404 4750 episcoriorum
1437 4676 1679 4749 Egypti,
1726 4693 1792 4732 ex
1824 4678 2062 4750 presby-

501 4784 745 4830 terorum
776 4772 966 4827 ordine
1000 4771 1150 4824 illum
1197 4770 1467 4840 dejectum
1507 4768 1766 4823 Ecclesiae
1818 4783 2061 4822 commu-

499 4865 662 4919 nione
703 4861 954 4932 privavit.
996 4859 1135 4914 Tum
1177 4874 1308 4914 vero
1356 4858 1669 4928 bujusmodi
1721 4858 2062 4913 anathemate

493 4955 778 5025 perculsus
809 4951 1193 5014 haeresiarcha,
1226 4965 1352 5004 cum
1383 4949 1556 5018 magis
1580 4947 1756 5002 adhuc
1782 4947 2062 5017 magisque

487 5047 676 5100 furere
725 5049 991 5115 pergeret,
1037 5055 1180 5095 anno
1213 5040 1432 5095 tandem
1488 5039 1593 5093 325
1642 5037 1834 5092 Nicaea:
1865 5037 1921 5092 in
1972 5036 2061 5091 Bi-

482 5139 678 5210 thynia
703 5151 780 5191 rex
805 5135 1064 5190 universo
1090 5132 1405 5190 Christiano
1433 5131 1564 5188 orbe
1582 5138 1948 5187 convocatum
1967 5137 2060 5186 est

561 5315 639 5398 la)
673 5313 947 5398 Theudor.
989 5312 1136 5369 Hist.
1166 5313 1318 5379 eccl.,
1342 5312 1438 5386 lib.
1475 5327 1515 5377 ι,
1543 5327 1664 5383 cap.
1694 5312 1749 5369 2.

663 5384 984 5510 et
1013 5453 1202 5510 Faust.
1233 5453 1418 5509 Libell.
1443 5469 1608 5523 prec.,
1637 5452 1739 5508 sub
1763 5451 1883 5508 init.

560 5524 638 5596 (ά)
669 5525 944 5596 Theodor.
975 5526 1012 5580 l.
1041 5541 1092 5581 c.

557 5590 628 5667 (ei
657 5597 859 5651 Athan.
883 5591 1055 5666 Epist.
1088 5595 1156 5650 ad
1184 5594 1346 5665 episc.
1369 5593 1609 5668 Egypt,
1659 5593 1684 5664 ς
1716 5593 1806 5660 2i,
1839 5600 1972 5648 tom.
2007 5590 2048 5660 I,

490 5668 794 5748 ικπερθὶξὶῑη
833 5729 850 5738 _

2171 4128 2280 4183 ille.
2316 4128 2488 4195 Quam
2512 4130 2731 4200 quidem
2755 4132 3014 4200 temporis
3047 4135 3410 4199 notationem,
3456 4139 3505 4186 ut
3527 4128 3686 4182 adver-

2169 4220 2234 4274 tit
2276 4221 2522 4278 eruditus
2568 4220 2898 4293 Lequienius
2931 4223 3028 4294 (It),
3084 4226 3138 4279 in
3187 4226 3444 4297 singulari
3483 4217 3681 4292 quadam

2167 4311 2642 4369 dissertatiuncula
2663 4315 2968 4371 edisserens
2997 4317 3358 4373 doctissimus
3398 4313 3684 4369 Montfaucov

2167 4407 2312 4470 nius,
2343 4407 2582 4462 ostendit
2606 4407 2968 4462 Alexandrum
2997 4409 3204 4466 obiisse
3249 4412 3339 4466 die
3357 4409 3423 4464 22
3443 4401 3685 4461 Barmudte

2167 4514 2264 4554 seu
2313 4497 2655 4560 Pharmuthi,
2696 4496 2832 4552 feria
2873 4515 2933 4563 tt,
2984 4499 3189 4571 Aprilis
3241 4504 3414 4558 nostri
3447 4499 3526 4561 ΓΙ,
3561 4508 3687 4550 anno

2166 4590 2394 4660 proinde
2444 4591 2616 4646 altero
2679 4599 2804 4661 post
2857 4589 3128 4647 Nicaznatn
3199 4593 3504 4664 synodum,
3563 4585 3688 4642 scili-

2155 4689 2251 4736 cet
2281 4681 2406 4738 326.

2233 4771 2322 4829 Ill.
2368 4772 2600 4845 Scripsit
2649 4773 2955 4830 Alexander
3007 4777 3318 4846 encyclicas
3369 4775 3436 4830 ad
3475 4769 3686 4842 singulos

2161 4864 2446 4934 episcopos
2501 4865 2729 4930 litteras,
2773 4868 2884 4930 τοῖς
2928 4867 3240 4937 ἁπανταχοῦ
3277 4867 3417 4921 κατὰ
3447 4865 3600 4923 πόλιν,
3641 4868 3686 4912 ιιι

2161 4953 2478 5010 exSocrate
2503 4957 2870 5026 comperimus
2905 4957 2991 5029 (i),
3025 4959 3228 5028 quibus
3274 4959 3516 5014 hatresim
3558 4951 3686 5006 Aria-
3716 4969 3721 5012 γ

2160 5061 2285 5100 nam
2321 5048 2701 5118 Oppugnabat;
2737 5065 2939 5120 easque
2965 5049 3135 5107 ferme
3179 5052 3519 5122 septuaginta
3546 5045 3683 5100 fuisse

2153 5135 2325 5192 refert
2349 5135 2688 5207 Epiphanius
2717 5139 2802 5211 υ).
2838 5139 2976 5196 Suas
3007 5156 3168 5211 porro
3197 5142 3461 5211 epistolas
3492 5135 3682 5206 vigilan-

2235 5313 2303 5389 (Γ)
2340 5312 2416 5389 l_d_.
2462 5314 2695 5389 Apolog;
2711 5326 2882 5389 contr.
2922 5318 3136 5389 Arian.,
3172 5317 3319 5389 §59,
3352 5333 3467 5388 pag.
3500 5311 3601 5366 178.

2256 5388 2308 5506 Ζ)
2341 5383 2611 5466 Theodor.
2633 5383 2790 5441 'Hist.
2822 5387 2972 5470 eccl.,
3005 5389 3102 5443 lib.
3127 5383 3307 5458 t,'cap.
3339 5383 3431 5444 26.

2296 5458 2311 5506 i
2344 5453 2604 5506 Lenmen.
2648 5455 2743 5506 0r.
2779 5456 3002 5506 Christ--
3035 5469 3168 5506 tom-
3193 5457 3260 5506 ll-
3282 5474 3412 5506 nan-

2293 5393 2308 5450 )
2341 5393 2611 5440 'l'heodor.
2649 5393 2790 5441 Hist.
2822 5393 2972 5452 eccl.,
3005 5393 3102 5443 lib.
3127 5405 3164 5454 ι,
3186 5403 3307 5458 cap.
3339 5393 3431 5444 26.

2234 5393 2311 5530 ii)
2332 5453 2604 5530 _Lequie_t_t_.
2648 5455 2743 5511 0r.
2779 5456 3003 5530 Christ.,
3035 5469 3168 5514 tom.
3193 5457 3261 5530 Il,
3282 5474 3412 5530 pag.
3434 5451 3546 5511 599-

2232 5525 2296 5601 (ξ)
2329 5524 2485 5601 §ocr_.
2524 5525 2668 5601 Hist.
2701 5529 2828 5584 eccl.
2867 5528 2961 5601 lib.
2997 5545 3033 5592 ι,
3061 5545 3180 5601 cap.
3215 5529 3271 5584 6.

2227 5598 2294 5667 (j)
2331 5595 2526 5666 Epiph.
2556 5596 2686 5653 haer.
2723 5614 2873 5667 uix,
2905 5597 2932 5670 §
2964 5601 3018 5655 4.
