3956 6198
263 334 370 391 525

1253 341 1308 395 S.
1353 337 1769 396 ALEXANDER
1808 337 2014 396 ALEX.
2043 373 2112 382 —
2133 336 2434 396 NOTITIA.

3391 348 3492 404 526

265 453 540 507 tissimum
587 453 874 523 prasulem
920 470 1043 508 cum
1089 455 1156 510 iis
1203 470 1340 525 quas
1395 455 1461 508 ad
1517 456 1692 525 ipsum
1743 471 1831 510 re-
1861 463 1910 520 Α
1937 455 2202 509 circulum
2233 456 2400 511 missa
2429 455 2734 510 ostendam.
2775 455 2960 526 Neque
2999 473 3099 528 ego
3131 460 3216 514 hic
3248 461 3496 519 Theodo-

270 544 608 612 scripserunt
632 545 872 614 episc0pi
905 560 1000 614 per
1049 546 1290 615 singulas
1330 545 1494 600 urbes
1524 547 1830 610 constituti,

273 651 372 706 pro
399 636 677 690 catholica
700 637 982 691 sententia
1014 636 1329 691 defensione
1369 639 1422 692 in
1474 653 1640 691 unum
1673 638 1830 690 volu-

271 743 393 782 men
424 727 790 797 congessisse.
821 738 1014 799 prater
1046 728 1323 784 Socratem
1360 729 1436 800 (α)
1471 737 1702 782 testatur
1731 728 1833 783 So-

268 835 534 875 zomenus
559 820 659 891 (ὁ).
687 822 755 875 At
776 834 842 875 e'-x
881 822 1135 878 omnibus
1162 823 1406 892 epistolis
1428 838 1566 892 quas
1595 823 1832 877 Alexan-

265 912 427 965 drum
463 914 850 983 perscripsisse
883 914 1051 968 tradit
1078 916 1398 986 antiquitas,
1441 916 1560 970 dua
1590 923 1831 969 tantum-

264 1007 430 1062 modo
443 1009 664 1078 integra
681 1007 841 1064 hodie
858 1018 1138 1079 superant;
1153 1010 1349 1080 quibus
1367 1008 1573 1064 accedit
1587 1010 1831 1079 ejusdem

265 1097 564 1153 Alexandri
595 1101 777 1155 brevis
805 1101 1062 1156 allocutio
1091 1101 1158 1156 de
1186 1101 1300 1155 Arii
1334 1111 1388 1157 et
1417 1101 1688 1155 sociorum
1734 1102 1831 1157 de-

264 1191 541 1260 positione
562 1193 630 1244 ad
658 1193 1006 1263 presbyteros
1039 1200 1093 1247 ct
1125 1193 1388 1248 diaconos
1412 1192 1748 1248 Alexandria
1779 1199 1832 1246 et

265 1282 541 1338 Hareota.
591 1285 952 1355 Epistolarum
988 1284 1169 1354 itaque
1204 1285 1351 1354 prior
1379 1299 1539 1354 quam
1582 1283 1832 1339 Theodo-

265 1375 372 1430 rito
395 1385 675 1446 acceptam
705 1377 994 1432 referimus
1040 1378 1134 1447 (ο),
1167 1377 1494 1446 homonymo
1525 1375 1831 1430 Alexandro

263 1467 871 1540 ConstantinOpolitano
896 1471 1152 1540 episcopo
1174 1469 1512 1524 inscribitur.
1539 1467 1686 1522 Hanc
1707 1482 1830 1522 vero

265 1562 560 1631 epistolam
593 1570 713 1632 post
737 1563 1065 1618 celebratam
1117 1561 1381 1632 synodum
1411 1561 1828 1641 Alexandrinam

266 1650 443 1705 fuisse
489 1659 791 1715 exaratam,
830 1668 895 1706 ex
939 1653 1005 1706 iis
1046 1657 1380 1722 compertum
1415 1651 1678 1704 habemus
1711 1665 1830 1718 qua

257 1743 369 1797 sub
398 1744 611 1797 initium
640 1752 955 1800 occurrunt.
991 1745 1083 1799 Sic
1111 1745 1254 1800 enim
1281 1752 1502 1800 sanctus
1526 1742 1687 1796 Pater
1707 1741 1784 1812 (ά)
1812 1761 1824 1795 :

1939 547 2045 601 rito
2085 547 2294 602 futilem
2333 547 2534 603 Gelasii
2580 549 2832 620 Cyziceni
2881 551 3187 609 Diobolaris
3249 557 3496 628 ῥαψῳδσῦ

1935 640 2316 693 auctoritatem
2363 641 2730 710 opposuerim,
2781 644 2873 714 qui
2909 645 3275 701 Alexandrum
3329 652 3494 706 istum

1935 730 2038 785 hoc
2069 734 2312 801 tempore
2339 731 2444 786 (ΖΡ.
2483 731 2738 790 Ecclesia
2771 735 3004 790 necdum
3046 739 3330 808 praefuisse
3356 744 3498 796 allir-

1933 832 2084 890 mat;
2109 839 2382 894 quemque
2409 826 2572 896 paulo
2625 835 2748 897 post
2793 827 3014 884 Nicano
3043 833 3278 887 concilio
3317 836 3499 904 priva-

1933 921 2048 968 tum
2083 915 2261 970 adhuc
2291 918 2667 989 presbyterum
2717 937 2814 992 pro
2864 923 3213 994 Metrophane
3251 937 3496 985 extrema

1934 1014 2214 1063 senectute
2249 1009 2500 1066 confecto
2545 1011 2860 1070 interfuisse
2893 1016 3105 1074 scribit.
3133 1017 3305 1087 Cujus
3339 1020 3494 1076 fidem

1935 1097 2129 1153 incerti
2156 1115 2372 1171 quoque
2396 1105 2901 1161 auctoris-narratio
2927 1108 2994 1163 de
3021 1124 3253 1166 cccxvm
3290 1111 3495 1168 Nicani

1933 1190 2149 1245 concilii
2184 1190 2436 1248 Patribus
2466 1195 2733 1266 sequitur,
2763 1214 2884 1268 qua
2913 1199 2966 1252 in
3015 1199 3259 1256 Historia
3286 1215 3498 1258 sancto-

1933 1298 2050 1336 rum
2078 1279 2364 1354 Lipomani
2392 1297 2603 1355 exstat;
2633 1290 2793 1359 cujus
2820 1293 3098 1363 exemplar
3127 1311 3195 1351 ex
3231 1299 3378 1368 regio
3399 1289 3496 1353 co-

1932 1371 2054 1427 dice
2079 1373 2133 1427 in
2165 1372 2356 1431 Galliis
2386 1377 2680 1448 aliquando
2700 1395 2785 1435 me
2808 1381 3226 1453 transcripsisse
3250 1388 3491 1443 memini.

1932 1462 2080 1532 Hac,
2113 1465 2357 1537 inquam,
2389 1470 2524 1524 tanti
2557 1485 2663 1524 non
2696 1479 2844 1535 sunt,
2885 1480 2946 1526 ut
2990 1472 3306 1530 Theodoriti
3354 1478 3492 1532 alio-

1932 1571 2164 1629 rumque
2192 1562 2478 1616 meliorum
2531 1571 2818 1618 auctorum
2871 1566 3030 1620 fidem
3063 1569 3206 1637 apud
3249 1584 3349 1624 nos
3382 1571 3493 1624 ele-

1931 1657 2078 1706 vent.
2119 1672 2138 1704 ι
2171 1651 2446 1709 Hactenus
2478 1652 2811 1712 l-lolstenius.
2854 1656 3041 1728 Neque
3086 1661 3183 1717 abs
3225 1676 3285 1716 re
3333 1662 3494 1717 fuerit

1933 1747 2218 1802 consulere
2270 1747 2754 1815 Montfauconium,
2805 1751 2899 1820 qui
2942 1753 3154 1807 erudite
3202 1754 3490 1809 admodum

257 1856 288 1885 ί
331 1839 412 1891 Ac
446 1854 546 1893 nos
582 1840 818 1909 quidem,
851 1841 1047 1910 inquit,
1079 1855 1206 1894 cum
1236 1855 1298 1893 ea
1349 1854 1469 1908 qua
1515 1837 1636 1891 vita
1682 1837 1828 1905 ipso-
1862 1855 1901 1907 Β
1937 1834 2167 1905 inquirit
2196 1836 2282 1907 (i),
2325 1837 2454 1906 quid
2487 1839 2558 1892 sit
2597 1839 2699 1893 hac
2731 1841 2847 1910 ipsa
2881 1840 2936 1894 in
2967 1842 3197 1911 epistola
3232 1843 3295 1914 (j)
3329 1844 3493 1914 τόμος

257 1947 389 1985 rum
421 1931 790 2002 (Arianorum)
819 1949 880 1986 ac
911 1934 1134 1988 nefariis
1167 1931 1456 1987 conatibus
1488 1938 1823 2000 compelunl.

259 2026 444 2081 serius
475 2035 692 2098 propter
725 2027 965 2096 ipsorum
990 2027 1220 2080 latebras
1245 2025 1824 2096 deprehendissennis;

262 2120 545 2174 communi
575 2120 818 2174 omnium
849 2118 1108 2189 sutTragio
1137 2135 1204 2173 ex
1229 2127 1373 2173 cmtu
1414 2117 1671 2171 Ecclesia
1709 2131 1828 2185 qua

264 2212 471 2268 Christi
501 2213 834 2268 divinitatem
866 2212 1074 2277 adorat,
1106 2227 1201 2266 eos
1227 2211 1507 2281 ejecimus.
1543 2229 1560 2260 ι
1599 2209 1827 2263 Prater-

267 2322 352 2371 ea,
382 2315 441 2361 ut
477 2307 730 2362 observat
759 2307 829 2361 cl.
856 2303 1129 2370 Valesius,
1157 2321 1221 2361 ex
1270 2305 1378 2360 alio
1417 2303 1662 2373 ejusdem
1713 2301 1828 2372 epi-

269 2399 422 2453 stola
451 2399 575 2453 loco
607 2398 674 2471 (e)
698 2397 960 2454 discimus
989 2415 1108 2452 eam
1141 2397 1432 2469 scripsisse
1459 2398 1824 2453 Alexandrum

267 2498 392 2547 ante
427 2491 576 2546 illam
606 2507 766 2562 quam
793 2490 858 2545 ad
895 2506 1084 2546 omnes
1113 2490 1387 2546 Ecclesias
1405 2490 1620 2546 direxit.
1647 2488 1828 2558 Siqui-

262 2582 388 2637 dem
422 2597 490 2638 eo
518 2583 624 2637 loci
664 2584 741 2638 sic
774 2583 1013 2652 loquitur
1043 2583 1235 2638 beatus
1272 2583 1537 2638 antistes:
1575 2601 1594 2634 ι
1633 2581 1828 2637 Nescio

255 2691 374 2748 quo
403 2677 568 2731 modo
595 2677 827 2733 ordinati
849 2677 903 2731 in
929 2675 1083 2748 Syria
1105 2684 1215 2732 tres
1236 2676 1497 2746 episcOpi,
1528 2675 1636 2730 illis
1660 2674 1828 2740 (Aria-

259 2767 374 2834 nis)
413 2767 829 2830 consentiendo,
857 2782 953 2822 eos
978 2766 1045 2821 ad
1069 2767 1253 2838 pejora
1280 2765 1526 2821 incitant.
1571 2786 1588 2814 ι
1624 2765 1828 2819 Intelli-

255 2857 334 2927 git
363 2857 652 2919 nimirum,
684 2859 758 2911 ait
781 2859 862 2911 vir
884 2859 1108 2913 criticus
1132 2858 1220 2927 (Γ),
1250 2857 1540 2913 Eusebium
1569 2855 1828 2911 Caesarea

257 2948 574 3004 Palastina
625 2949 980 3020 episcopum,
1049 2948 1385 3005 Theodotum
1438 2947 1720 3003 Laodicea
1773 2957 1827 3003 et

254 3041 555 3097 Paulinum
587 3041 715 3114 Tyri
759 3061 772 3097 :
826 3043 924 3098 hos
967 3044 1111 3097 enim
1156 3043 1497 3097 anathemate
1542 3042 1826 3095 damnatos

257 3135 436 3190 fuisse
469 3151 500 3187 a
533 3144 721 3190 nostro
753 3135 984 3206 prasule
1005 3134 1375 3190 Alexandrino
1403 3142 1634 3188 testatur
1664 3133 1827 3186 Arius

253 3229 315 3282 in
336 3227 575 3297 epistola
601 3227 666 3280 ad
691 3225 981 3282 Eusebium
1005 3225 1468 3282 Nicomediensem
1487 3228 1825 3296 episcopum,

253 3336 426 3390 quam
458 3319 652 3374 recitat
684 3317 1047 3375 Theodoritus
1075 3319 1172 3390 (9).
1204 3320 1371 3390 Cujus
1414 3320 1635 3391 quidem
1670 3319 1830 3374 Nico-

255 3411 564 3466 mediensis
587 3411 828 3482 episc0pi
865 3411 1193 3466 mentionem
1228 3409 1406 3467 facere
1438 3412 1582 3467 haud
1608 3413 1830 3468 omisis-

255 3512 344 3558 set
377 3503 686 3560 Alexander
715 3504 769 3557 in
806 3504 912 3572 hac
950 3503 1018 3558 ad
1057 3505 1431 3574 cognominem
1465 3504 1828 3560 Alexandrum

253 3597 519 3666 epistola,
555 3601 601 3651 si
625 3613 744 3652 eam
773 3597 894 3650 loco
916 3598 1216 3667 posteriore
1246 3597 1582 3668 scripsisset.

334 3688 424 3742 ιν.
462 3687 728 3745 Caterum
756 3689 824 3744 ad
849 3689 1092 3760 ejusdem
1128 3691 1370 3761 epistola
1417 3690 1827 3760 inscriptionem

251 3788 410 3857 quod
447 3787 660 3850 attinet,
711 3775 905 3858 prater
935 3803 997 3843 ea
1026 3803 1147 3858 quae
1193 3789 1261 3842 ad
1305 3788 1452 3842 illam
1485 3804 1548 3843 ex
1583 3787 1750 3860 Pagio
1776 3797 1830 3842 et

253 3880 492 3935 Baluzio
527 3882 927 3944 adnotavimus,
953 3882 1276 3936 sententiam
1303 3880 1572 3936 Holstenii
1601 3883 1702 3935 viri
1727 3881 1825 3934 do-

253 3971 500 4027 ctissimi
539 3973 643 4027 huc
675 3974 945 4029 adducere
971 3974 1194 4044 juverit.
1235 3973 1325 4028 Sic
1359 3975 1522 4044 igitur
1566 3975 1655 4028 ille
1692 3974 1768 4044 (h)
1813 3995 1823 4028 :

259 4082 279 4114 ι
320 4062 465 4117 Cum
515 4063 566 4116 in
621 4064 722 4119 hac
755 4064 1005 4134 epistola,
1060 4081 1168 4119 non
1216 4080 1382 4118 unum
1435 4064 1690 4134 aliquem.
1734 4065 1826 4119 scd

255 4155 452 4224 plures
483 4156 713 4210 subinde
740 4157 1052 4227 alloquatur
1071 4157 1501 4222 Alexander;....
1557 4156 1686 4210 mihi
1722 4156 1827 4209 fixa

255 4247 383 4301 hac
429 4247 579 4303 sedet
608 4249 896 4316 sententia,
948 4266 1058 4304 non
1111 4249 1372 4320 privatam
1423 4249 1660 4318 aliquam
1717 4248 1829 4303 sive

256 4341 642 4395 uaetatoriam
689 4341 830 4396 hanc
873 4342 1156 4413 epistolam
1204 4357 1347 4406 esse,
1379 4341 1471 4396 sed
1504 4340 1826 4395 circularem

256 4447 327 4486 ac
361 4431 692 4500 generalem,
732 4433 955 4486 missam
981 4431 1047 4486 ad
1073 4431 1320 4486 diversos
1355 4429 1583 4499 Europa
1613 4428 1828 4498 episco-

1855 3193 1904 3254 C

1931 1930 2047 1985 sive
2077 1937 2258 1986 tomus
2300 1932 2410 1996 ille,
2433 1947 2592 2002 quem
2613 1935 2881 2004 episcopis
2912 1950 3006 2003 per
3036 1936 3222 1990 orbem
3250 1938 3493 1992 subscri-

1929 2022 2169 2077 bendum
2213 2023 2520 2080 Alexander
2557 2027 2954 2082 Alexandrinus
3005 2028 3071 2082 ad
3121 2029 3491 2084 Alexandrum

1929 2114 2248 2186 Byzantium
2278 2118 2445 2173 misit.

2002 2207 2064 2261 ν.
2108 2208 2181 2263 De
2230 2209 2456 2280 reliquis
2501 2210 2716 2267 duobus
2769 2214 3072 2268 litterarum
3124 2217 3489 2269 monumentis

1927 2315 2050 2369 qua
2097 2301 2347 2370 superius
2388 2303 2689 2372 excipiunt,
2723 2321 2847 2360 cum
2877 2321 2940 2360 ea
2977 2307 3089 2361 sint
3122 2322 3188 2362 ex
3231 2309 3490 2377 praclara

1928 2391 2424 2447 Athanasianorum
2464 2394 2702 2452 editione
2745 2396 3040 2468 descripta,
3097 2407 3318 2467 prastat
3364 2413 3490 2468 pro-

1930 2491 2116 2551 pterea
2143 2485 2434 2554 ipsummet
2460 2488 2874 2544 celeberrimum
2901 2491 3165 2546 editorem
3211 2494 3283 2546 ita
3311 2492 3380 2548 de
3422 2495 3491 2548 iis

1929 2576 2349 2646 praloquentem
2377 2579 2566 2635 audire
2589 2580 2662 2652 (k)
2689 2599 2706 2637 :
2740 2600 2760 2634 ι
2789 2582 3036 2647 Edimus,
3067 2585 3261 2652 inquit,
3286 2586 3492 2638 Καθαί-

1921 2683 2098 2734 ρεσιν
2124 2683 2220 2722 seu
2254 2667 2643 2739 Depositionem
2675 2673 2784 2727 Arii
2813 2683 2867 2728 et
2885 2675 3184 2740 sociorum,
3219 2677 3292 2730 ita
3342 2677 3492 2732 scili-

1929 2769 2015 2817 cet
2043 2772 2409 2832 nuncupatam
2439 2763 2494 2818 in
2519 2764 2711 2820 codice
2730 2767 2891 2836 Regio
2921 2767 3065 2821 unde
3113 2775 3176 2821 e'a
3207 2767 3492 2835 desumpta

1928 2860 2053 2918 est;
2086 2853 2210 2908 licet
2244 2855 2460 2924 preprie
2483 2855 2618 2910 nihil
2647 2857 2738 2910 illa
2769 2858 2841 2910 sit
2871 2857 3018 2911 aliud
3049 2858 3155 2912 nisi
3185 2859 3358 2912 oratio
3385 2874 3493 2928 qua

1929 2940 2238 2997 Alexander
2303 2945 2751 3016 archiepiscopus
2819 2947 3026 3002 accitos
3095 2947 3492 3006 Alexandrinos

1929 3031 2359 3105 Mareoticosque
2399 3037 2746 3108 presbyteros
2792 3050 2953 3108 atque
2981 3040 3263 3105 diaconos,
3308 3055 3493 3096 coram

1929 3124 2200 3190 hortatur,
2236 3135 2295 3180 ut
2325 3128 2655 3199 encyclicam
2686 3143 2841 3182 suam
2871 3129 3157 3199 epistolam
3209 3147 3316 3201 qua
3365 3149 3494 3187 nar-

1934 3223 2088 3270 ratur
2133 3216 2248 3272 Arii
2280 3219 2663 3288 sociorumque
2687 3218 2986 3284 damnatio,
3017 3223 3268 3276 muniant
3299 3222 3496 3278 suffra-

1933 3307 2022 3377 gio
2055 3323 2154 3362 suo
2187 3319 2349 3379 atque
2372 3311 2793 3380 subscriptione.
2830 3311 2944 3366 Hoc
2980 3315 3302 3382 opusculum
3335 3325 3493 3371 antea

1935 3401 2200 3456 ineditum
2231 3401 2295 3457 ν.
2325 3402 2385 3459 C.
2416 3401 2720 3460 Cotelerius
2751 3405 2866 3460 suis
2889 3405 2956 3458 ad
2984 3405 3088 3460 PP.
3111 3407 3270 3478 primi
3307 3411 3494 3465 saculi

1935 3498 2081 3553 notis
2115 3496 2343 3552 inseruit
2375 3496 2459 3566 (ι),
2494 3513 2563 3552 ne
2591 3498 2798 3553 scilicet
2824 3514 3048 3568 prorsus
3083 3501 3348 3559 interiret.
3385 3503 3492 3558 Sed

1933 3605 2056 3643 cum
2088 3595 2241 3643 extra
2285 3588 2564 3657 pmprium
2619 3589 2798 3643 locum
2853 3590 2926 3644 ibi
2977 3591 3214 3661 positum
3258 3594 3350 3657 sit,
3384 3596 3492 3649 huc

1933 3683 2107 3735 visum
2136 3687 2219 3733 est
2252 3680 2510 3749 adjicere.
2542 3695 2665 3734 cum
2700 3683 3000 3751 prasertim
3047 3683 3494 3752 implicatissimis

1932 3775 2258 3829 Arianorum
2289 3774 2529 3828 exordiis
2564 3775 2704 3828 haud
2736 3791 2922 3844 parum
2955 3776 3092 3830 lucis
3115 3778 3320 3831 afferat.

2003 3865 2140 3918 Huic
2174 3865 2522 3936 adjungimus
2551 3867 2886 3936 encyclicam
2935 3867 3223 3922 Alexandri
3281 3870 3487 3939 episto-

1931 3958 2061 4019 lam,
2109 3973 2230 4026 qua
2279 3958 2353 4011 ita
2402 3957 2725 4027 praecedenti
2779 3957 3103 4027 Depositioni
3135 3961 3388 4025 coharet,
3432 3972 3490 4016 ut

1932 4049 2242 4104 nullatenus
2282 4049 2474 4104 debeat
2505 4050 2571 4104 ab
2604 4065 2666 4104 ea
2719 4052 2989 4122 segregari
3037 4071 3049 4106 :
3103 4070 3271 4124 quare
3315 4071 3491 4124 opera

1931 4140 2163 4208 pretium
2210 4139 2312 4192 fuit
2349 4140 2471 4195 illas
2497 4140 2728 4196 invicem
2780 4143 3059 4212 sejunctas
3091 4145 3177 4200 hic
3209 4148 3488 4215 copulare,

1931 4241 2089 4301 prout
2120 4232 2173 4285 in
2199 4232 2388 4286 eodem
2407 4230 2566 4302 Regio
2605 4234 2799 4289 codice
2833 4235 3037 4303 jacent.
3090 4235 3328 4291 Habetur
3375 4239 3490 4296 hac

1929 4323 2158 4393 epistola
2192 4323 2332 4392 apud
2361 4321 2642 4378 Socratem
2677 4325 2797 4396 (m),
2827 4326 2920 4380 sed
2951 4328 3139 4382 multis
3163 4331 3372 4385 mendis
3399 4346 3489 4386 re-

1931 4429 2142 4483 spersa,
2203 4415 2691 4486 desideranturque
2721 4417 2794 4471 ibi
2821 4418 3169 4474 Alexandrini
3201 4421 3330 4476 cleri
3357 4423 3488 4478 sub-

258 4539 386 4593 νος,
417 4522 574 4590 Quod
602 4539 760 4579 nemo
790 4524 946 4579 facile
983 4524 1278 4594 negaverit,
1309 4524 1402 4593 qui
1432 4522 1596 4592 huius
1620 4520 1821 4591 ερίειο.
1857 4549 1905 4602 D
1933 4507 2288 4579 scriptiones.
2313 4507 2446 4564 Item
2476 4510 2776 4580 legiturilla
2795 4510 2938 4581 apud
2961 4511 3234 4568 Gelasium
3265 4515 3341 4585 (η)
3365 4531 3490 4570 cum

261 4618 332 4670 la
363 4624 570 4685 partem
603 4626 920 4680 extremam,
955 4625 1008 4671 et
1028 4615 1524 4671 ecclesiasticarum
1569 4613 1827 4684 epistola-

260 4723 391 4762 rum
424 4707 654 4761 formam
676 4709 1003 4778 modumque
1025 4724 1133 4763 non
1169 4709 1326 4778 plane
1356 4707 1685 4778 ignoret.....
1707 4703 1826 4757 Non

263 4809 328 4853 ut
385 4800 690 4855 Alexandro
742 4798 1326 4870 Constantinopolitano
1376 4799 1634 4868 episc0po
1686 4799 1828 4851 hanc

263 4893 554 4964 epistolam
593 4893 855 4964 scriptam
889 4909 1110 4964 negem;
1140 4893 1233 4948 sed
1263 4900 1322 4946 ut
1358 4892 1426 4946 ad
1454 4893 1590 4946 alios
1614 4904 1831 4960 quoque

266 4988 482 5042 vicinos
533 4988 841 5057 episcopos,
886 4987 969 5041 vel
1010 4987 1064 5040 in
1117 4986 1263 5055 regia
1304 4985 1441 5039 urbe
1490 4982 1828 5053 negotiorum

268 5092 437 5132 causa
463 5087 577 5132 tum
613 5086 916 5142 versantes,
946 5077 1188 5147 ejusdem
1215 5093 1429 5146 quoque
1459 5075 1705 5144 exempla
1737 5087 1831 5141 per

343 5257 423 5324 (α)
457 5254 610 5310 Socr.
643 5256 681 5310 ι.
713 5272 759 5308 c.
794 5235 898 5310 sub
927 5255 1016 5308 fin.

342 5321 420 5394 (bl
452 5326 669 5380 Sozom.
701 5325 841 5379 llist.
875 5327 999 5379 εισι.
1027 5327 1116 5380 lib.
1147 5343 1184 5378 ι.
1213 5341 1332 5393 cap.
1363 5325 1411 5386 l,
1437 5322 1540 5394 sub
1562 5321 1650 5374 fin.

341 5393 416 5464 (ε)
447 5395 718 5450 Theodor.
755 5396 894 5451 Hist.
928 5397 1054 5450 eccl.
1086 5396 1180 5450 lib.
1213 5412 1250 5457 ι,
1281 5412 1401 5464 cap.
1427 5393 1482 5448 4.

340 5465 421 5536 (ιι)
452 5467 606 5521 Alex.
641 5467 808 5535 Epist.
846 5469 896 5531 1,
929 5465 955 5536 §
986 5465 1039 5519 2.

346 5541 418 5607 (ε)
453 5536 530 5589 Id.
570 5537 725 5598 ibid.,
755 5538 858 5606 ξε).

343 5609 410 5695 φ
442 5605 712 5695 Χξιιεῖξ.ιξά
736 5592 1004 5695 ihnenodor.
1032 5603 1173 5659 Hist.
1201 5607 1351 5670 eccl.,
1369 5619 1492 5674 pag.
1516 5601 1604 5669 16,
1630 5610 1757 5658 note
1775 5603 1832 5669 2,

281 5680 407 5736 edit.
441 5677 704 5733 Cantabr.
732 5677 888 5733 1720.

347 5753 398 5818 (g
451 5747 722 5801 Thcodor.
755 5749 893 5802 Hist.
925 5746 1050 5801 eccl.
1085 5746 1178 5800 lib.
1213 5761 1251 5808 I,
1275 5759 1396 5807 cap.
1421 5745 1474 5798 5.

350 5750 425 5890 (In;
459 5817 701 5874 llolsten.
729 5820 794 5873 ad
823 5815 1309 5890 calcemfl‘heodor.
1336 5814 1516 5872 Vales.
1540 5814 1590 5870 di

350 5814 425 5892 (in)
459 5817 701 5874 llolsten.
729 5820 794 5873 ad
823 5815 1309 5890 calcemfl‘heodor.
1336 5814 1516 5872 Vales.
1540 5814 1757 5870 dissert.
1790 5830 1830 5880 ι,

1935 4602 2457 4673 subscriptionibus,
2491 4603 2586 4658 sed
2621 4604 2833 4659 mendis
2864 4605 3027 4658 etiam
3079 4605 3254 4660 obsita
3292 4623 3306 4658 :
3357 4607 3490 4660 sub-

1933 4694 2370 4764 scriptionesque
2423 4693 2559 4748 adeo
2615 4694 2823 4749 mutila
2891 4701 3040 4754 sunt.
3089 4703 3149 4747 ut
3184 4711 3490 4750 necessum

1933 4801 2160 4857 prorsus
2213 4786 2374 4842 fuerit
2435 4799 2628 4839 novam
2673 4785 2792 4854 ejus
2839 4784 3132 4839 editionem
3190 4799 3400 4854 parare,
3433 4796 3488 4838 ut

1934 4877 2243 4949 inspicienti
2275 4876 2474 4948 cuique
2502 4876 2676 4946 palam
2704 4875 2826 4928 erit.
2858 4872 3051 4926 Narrat
3075 4873 3165 4927 hic
3189 4873 3487 4929 Alexander

1936 4985 2023 5025 res
2046 4979 2228 5042 gestas
2260 4970 2315 5023 in
2341 4976 2534 5024 exortu
2578 4966 2794 5021 Ariana
2834 4964 3080 5028 haresis,
3107 4964 3270 5033 inque
3298 4965 3411 5017 Arii
3439 4975 3486 5018 et

1935 5068 2267 5116 sectatorum
2319 5059 2702 5122 damnatione;
2755 5067 3041 5127 monetque
3087 5056 3375 5124 episcopos
3423 5070 3486 5112 ne

1937 5257 2059 5312 pag.
2092 5239 2217 5312 606,
2254 5239 2386 5312 edit.
2415 5239 2671 5295 Cantabr.

1972 5305 2065 5396 .(i)
2094 5310 2386 5396 Montfauc.
2444 5314 2653 5396 praefat.
2688 5307 2784 5396 [εει
2839 5317 2972 5363 tom.
3037 5305 3079 5358 ll
3118 5305 3337 5367 Collect,
3370 5305 3488 5362 PP.

1937 5378 2130 5446 (iraa,
2155 5381 2425 5434 animadv.
2446 5378 2509 5440 ‘6.
2541 5395 2664 5448 pag.
2688 5378 2779 5431 20.

2007 5453 2071 5522 (j)
2101 5453 2254 5506 Alex.
2291 5449 2440 5520 Epist
2473 5453 2550 5522 il.
2582 5449 2609 5521 ᾗ
2650 5450 2730 5502 li.

1974 5517 2081 5648 9g)
2115 5517 2434 5587 Montfauc.,
2457 5517 2601 5592 Opp.
2631 5522 2856 5579 Athan.,
2885 5526 3017 5570 tom.
3050 5517 3091 5580 l,
3124 5523 3266 5586 part.
3301 5533 3339 5580 ι,
3365 5532 3484 5587 μηδ,

1937 5596 2074 5734 593)
2103 5663 2278 5722 Cotel.
2311 5661 2376 5716 ad
2418 5661 2602 5716 Const.
2638 5668 2809 5728 apost.
2849 5657 2944 5712 lib.
2973 5673 3090 5724 vin,
3123 5674 3243 5728 cap.
3277 5657 3368 5713 28.

2011 5737 2104 5806 (m)
2136 5733 2294 5809 Socr.
2326 5732 2466 5809 ﬂist.
2497 5731 2623 5809 eral.
2660 5731 2753 5787 lib.
2781 5744 2820 5794 ι,
2844 5745 2964 5809 cap.
3364 5797 3368 5809 Ι

2013 5797 2099 5878 (ιη’
2127 5803 2305 5861 Gelas.
2330 5803 2460 5875 Cyz.
2494 5803 2637 5856 Hist.
2667 5817 2812 5856 conc.
2850 5797 2970 5855 Nic.
3005 5800 3099 5857 lib.
3131 5816 3189 5867 ιι,
3216 5814 3336 5867 cap.
3364 5797 3418 5852 ἒ.
