3906 6194
518 266 620 322 521
1400 332 1405 343 ε
1576 258 1633 323 s'.
1670 268 2088 327 ALEXANDER
2117 275 2681 345 wasnonmus.
3584 276 3663 331 δὴ

515 383 752 439 Eusebio
778 382 1174 438 Nicomediensi
1204 381 1322 436 Arii
1353 392 1583 454 patrono
1624 402 1830 443 morem
1859 401 2070 460 gerant,
2103 400 2148 457 Α
2176 397 2475 468 politanum
2506 400 2847 470 episcopum,
2894 414 3015 470 qua:
3067 400 3200 470 apud
3252 409 3475 456 sanctum
3516 403 3656 459 nui.

511 475 559 530 si
586 475 803 546 quidem
834 475 890 564 in
920 473 1295 529 haeresiarchas
1316 476 1546 546 gratiam
1571 478 1777 535 litteras
1809 480 1899 536 ille
1935 484 2073 537 scri-
2180 505 2329 545 mum
2358 491 2730 548 confessorem
2758 492 3011 562 leguntur
3032 492 3128 564 (ὁ),

511 568 699 636 pserit.
754 584 774 617 ι
829 562 947 619 Huc
1006 578 1180 633 usque
1225 565 1308 619 vir
1366 566 1585 624 doctus.
1653 568 1760 636 Qui
1815 572 2053 645 deincep:

2241 578 2528 637 Postremo
2572 582 2692 638 loco
2737 582 2992 638 lectorem
3027 562 3282 638 monitum
3327 585 3563 653 volumus,
3606 583 3658 641 ad

513 666 801 725 ιιιτιιιικιιιθ
831 655 1161 724 0l’usculum
1193 656 1391 713 iterum
1442 659 1741 717 illustravit
1772 663 1850 733 (a)
1881 665 2071 722 adver.
2174 672 2379 728 calcem
2411 672 2731 729 Theodoriti
2758 672 3033 729 Valesiani
3078 674 3208 731 duas
3250 684 3450 731 exstare
3492 677 3662 733 disser-

509 763 603 804 sus
625 747 825 817 placita
854 745 1211 816 Tillemontii,
1244 751 1339 820 qui
1368 760 1492 806 acta
1541 753 1901 825 depositionis
1953 759 2070 814 Arii
2175 762 2408 818 taliones
2473 763 2761 828 llolstenii,
2826 764 3025 835 quibus
3086 764 3168 818 vir
3235 764 3319 819 ille
3366 765 3659 821 doctissimus

506 848 565 894 et
588 839 860 896 sociorum
894 854 1055 897 secus
1087 842 1422 898 intellexisse
1448 844 1678 900 videtur.
2174 858 2465 924 utramque
2515 852 2808 908 Alexandri
2856 852 3098 923 episcopi
3127 851 3455 907 Alexandrini
3491 854 3658 924 episto-

574 930 672 989 His
700 946 865 1003 porro
900 934 1079 989 sancti
1109 933 1288 989 Patris
1342 936 1562 1007 scriptis
1614 938 1913 1009 fragmenta
1958 944 2066 998 duo
2174 945 2304 1010 lam,
2329 955 2390 1002 ut
2411 949 2576 1015 paulo
2597 958 2722 1004 ante
2748 948 3048 1013 innuimus,
3076 948 3281 1020 egregie
3303 948 3530 1004 illustrat.

502 1024 836 1094 subjecimns
868 1041 935 1082 ex
959 1024 1202 1096 ejusdem
1232 1027 1460 1098 epistola
1491 1029 1557 1082 ad
1579 1029 1865 1102 Aiglonem
1896 1034 2065 1106 Cyno-

501 1245 545 1300 G
572 1177 648 1247 (α)
680 1175 969 1231 ﬂontfanc.
1019 1178 1241 1304 gnem.
1286 1179 1353 1234 ad
1400 1186 1533 1235 tom.
1588 1181 1631 1236 ll
1669 1182 1888 1240 Collect.
1941 1183 2057 1242 PP.
2238 1188 2487 1314 §b%Max.
2512 1190 2649 1278 Opp.
2698 1200 2832 1251 tom.
2865 1188 2932 1257 ll,
2967 1206 3089 1263 pag.
3120 1191 3367 1256 152-155,
3389 1189 3505 1245 edit.
3531 1185 3662 1243 Com-

550 1264 695 1312 rwc.,
722 1247 992 1301 animadv.
1059 1289 1072 1314 ,
1099 1264 1219 1314 pag.
1250 1248 1435 1303 16-20.
2168 1258 2234 1314 be
2264 1301 2276 1314 .
2346 1275 2477 1314 aris.
2516 1264 2673 1314 1675.

550 1264 695 1312 rma,
722 1247 992 1301 animadv.
1019 1247 1072 1314 5,
1099 1264 1219 1320 pag.
1250 1248 1435 1303 16-20.
2168 1247 2276 1315 hei.
2298 1247 2477 1327 Paris,
2516 1247 2673 1319 167's.

519 1402 3651 1443 .____._____________________________________

1465 1562 1882 1677 LUCZE
1978 1564 2747 1683 HOLSTENII

830 1782 1510 1847 DISSERTATIONES
1543 1784 1727 1846 DU1E
1759 1787 1867 1849 DE
1894 1786 2127 1851 LOCIS
2172 1789 2630 1864 QUIBUSDAM
2661 1790 3009 1856 CONCILII
3040 1788 3339 1855 NlCJENl

1404 1972 2193 2067 DISSERTATIO
2267 1959 2833 2075 ΡΒΙΜΑίί³¹).⁸

490 2275 506 2289 .
585 2278 598 2292 .
679 2278 691 2291 .
779 2277 793 2290 .
874 2276 887 2290 .
966 2278 979 2292 .
1059 2277 1073 2291 .
1153 2279 1167 2292 .
1255 2277 1269 2291 .
1354 2278 1368 2293 .
1446 2279 1461 2294 .
1541 2279 1557 2294 .
1637 2281 1651 2296 .
1743 2282 1756 2296 .
1836 2284 1848 2297 .
1929 2285 1941 2297 .
2022 2236 3661 2315 .uquedivinitatismovere,etCreatoremincreaturaecenb

487 2329 671 2401 Itaque
701 2329 771 2385 ab
829 2343 952 2392 ovo.
980 2330 1123 2401 quod
1187 2331 1360 2397 aiunt,
1403 2348 1515 2386 rem
1553 2334 1813 2399 exordiri,
1844 2344 1897 2390 et
1925 2352 2045 2407 qua:
2151 2351 2271 2391 sum
2304 2334 2539 2405 dejicere
2572 2331 2891 2386 conabatur.
2934 2329 2992 2384 In
3046 2332 3253 2401 quibus
3300 2333 3533 2388 nonnulla
3559 2335 3659 2387 sunt

485 2430 778 2493 supersunt
819 2423 1020 2478 Nicaeni
1057 2424 1278 2478 concilii
1319 2425 1746 2495 ἀποσπασμάτια
1783 2428 1884 2481 sub
1916 2444 2045 2482 exa-
2150 2442 2339 2498 parum
2374 2436 2520 2479 recte
2559 2422 2851 2478 constituta
2896 2421 2950 2477 in
2990 2420 3188 2479 Graeco
3218 2432 3377 2488 textu,
3409 2424 3481 2479 vel
3516 2422 3659 2478 minus

485 2530 609 2570 men
653 2529 907 2570 revocare
935 2516 1139 2585 placuit
1167 2534 1180 2570 :
1207 2515 1366 2587 cujus
1396 2517 1591 2587 privati
1623 2518 1823 2572 laboris
1849 2534 1913 2572 ac
1934 2529 2045 2573 stu-
2148 2523 2401 2571 accurate
2427 2514 2496 2569 ab
2526 2513 2818 2581 interprete
2845 2512 3160 2582 observata,
3190 2516 3273 2570 vel
3302 2516 3352 2569 in
3380 2514 3555 2585 quibus
3577 2528 3655 2564 an-

482 2608 558 2663 dii
590 2609 861 2679 specimen
904 2607 960 2662 in
993 2608 1212 2678 publico
1259 2609 1363 2664 hoc
1397 2623 1659 2665 consessu
1703 2610 1858 2666 vobis
1887 2610 2043 2665 exlti-
2146 2609 2329 2678 tiquus
2362 2607 2626 2676 interpres
2646 2603 2975 2676 Epiphanius
3002 2603 3396 2671 Scholasticus,
3424 2605 3562 2660 aliam
3580 2615 3655 2657 suo

481 2701 717 2758 hendum
746 2700 895 2764 duxi,
936 2700 1375 2771 quandoquidem
1415 2702 1718 2758 disserendi
1744 2703 2042 2758 necessita-
2143 2709 2386 2771 tempore
2415 2700 2701 2755 lectionem
2735 2706 2955 2755 secutus
2985 2699 3225 2757 videtur.
3257 2700 3382 2767 Qum
3407 2714 3516 2755 cum
3534 2712 3654 2770 pres

480 2802 588 2849 tem
614 2800 794 2848 vestra
822 2791 1132 2863 benignitas
1156 2793 1285 2847 mihi
1308 2793 1583 2863 imposuit.
1608 2792 1695 2850 Eae
1714 2802 1893 2850 autem
1913 2805 2040 2851 sunt
2145 2794 2308 2849 sioris
2349 2791 2459 2846 sint
2500 2790 2973 2853 considerationis.
3019 2806 3441 2848 commemorare
3484 2788 3652 2859 singula

474 2886 598 2941 duae
628 2884 915 2939 Alexandri
934 2884 1275 2939 Alexandriae
1292 2884 1533 2957 episc0pi
1556 2885 1816 2956 epistola,
1838 2903 2040 2958 quaex
2145 2883 2277 2938 nihil
2305 2883 2513 2937 attinet.
2550 2880 2684 2936 Illud
2722 2882 3097 2948 indicandum,
3145 2884 3487 2953 interrogatos
3501 2882 3650 2935 Arium

481 2977 717 3033 Socratis
732 2986 784 3032 et
804 2974 1128 3032 Theodoreti
1157 2976 1509 3031 ecclesiastica
1526 2975 1769 3033 Historia
1783 2978 2040 3050 deprom-
2088 2995 2095 3002 ·
2143 2990 2209 3029 ac
2233 2973 2431 3038 socios,
2461 2972 2705 3042 nunquid
2731 2987 2860 3044 ergo
2881 2970 3125 3029 Verbum
3152 2973 3266 3037 Dei,
3293 2973 3425 3044 quod
3448 2971 3515 3026 illi
3534 2983 3651 3025 crea-

480 3076 581 3139 ptae
643 3059 1095 3140 προπαρασκευὴ)
1161 3065 1377 3122 concilii
1432 3065 1636 3123 Nica-ni
1676 3068 2035 3127 constituunt.
2143 3078 2256 3125 tum
2287 3066 2621 3130 asserebant,
2658 3065 2856 3120 mutari
2884 3070 3088 3135 posset,
3119 3062 3545 3135 quemadmodum
3566 3059 3649 3114 dia-

476 3159 701 3230 Egregie
734 3175 866 3214 sane
904 3159 1008 3212 illae
1031 3169 1083 3213 et
1110 3158 1297 3223 δεινῶς
1335 3159 1572 3230 scriptae,
1608 3161 1808 3231 quibus
1845 3160 2038 3217 Latina
2140 3160 2298 3215 holus
2320 3166 2556 3213 mutatus
2574 3155 2768 3225 fuerat,
2787 3170 2897 3211 non
2925 3156 3136 3212 veritos
3156 3155 3481 3228 respondere,
3502 3165 3645 3224 posse.

470 3250 954 3320 Christophorsoni
987 3252 1167 3304 versin
1195 3251 1546 3320 adjnngitur;
1596 3253 1690 3305 sed
1720 3267 1749 3305 a
1770 3250 2033 3308 Romanis
2143 3251 2360 3307 Addunt
2411 3251 2676 3304 rationem
2719 3247 2799 3303 sic
2831 3249 2886 3303 in
2921 3246 3175 3303 Romana
3207 3249 3430 3305 editione
3468 3257 3647 3313 expres-

472 3339 776 3397 editoribus
806 3341 1085 3397 nonnullis
1111 3341 1167 3395 in
1187 3341 1321 3396 locis
1350 3342 1691 3411 interpolata.
1719 3342 1797 3396 lta
1826 3344 2010 3400 scilice

2141 3358 2256 3400 sam
2284 3361 2299 3398 :
2321 3342 2572 3415 Τρεπτῆς
2594 3340 2699 3411 γὰρ
2716 3338 2926 3410 φύσεώς
2944 3342 3059 3394 ἐστι
3079 3342 3329 3414 γενητὸς,
3352 3340 3440 3394 καὶ
3461 3334 3643 3406 τρετπδς

475 3446 583 3486 non
614 3430 788 3486 solum
818 3431 1083 3486 versionis
1115 3429 1489 3493 Conciliorum,
1532 3428 1627 3485 sed
1660 3431 1926 3487 universae
1951 3432 2036 3486 hi-
2140 3435 2416 3509 ὑπάρχων.
2450 3431 2605 3501 Quod
2638 3440 2853 3488 vertunt
2888 3451 2903 3487 :
2940 3431 3086 3487 Nam
3122 3445 3175 3491 et
3210 3432 3460 3489 mutabili:
3483 3437 3643 3484 natura

471 3519 657 3575 storias
683 3520 1066 3577 ecclesiastica:
1093 3527 1308 3591 gustum
1339 3521 1571 3590 aliquem
1599 3536 1686 3576 me
1711 3523 1868 3578 vobis
1895 3539 2034 3593 ωδ·
2139 3527 2310 3598 factus
2337 3536 2435 3595 est,
2480 3537 2531 3582 et
2564 3527 2833 3582 mutabilis
2862 3526 3091 3583 exsistit.
3135 3526 3252 3594 Qua
3283 3527 3336 3581 in
3364 3540 3419 3579 re
3441 3530 3489 3580 et
3515 3522 3642 3575 inter.

473 3614 710 3670 biturum
745 3614 948 3683 putavi.
984 3612 1088 3667 Sed
1121 3613 1251 3667 mihi
1275 3623 1452 3667 vestra
1480 3613 1749 3684 principio
1774 3616 2035 3684 patientia
2063 3609 2105 3667 C
2140 3620 2309 3691 prelis
2337 3619 2577 3674 Britanni
2618 3628 2672 3676 et
2702 3619 3073 3674 Romanorum
3105 3620 3394 3677 editionem
3424 3612 3639 3687 judicium

471 3706 745 3761 exoranda
776 3713 878 3770 est,
914 3714 973 3760 ut
1003 3720 1158 3776 aequo
1187 3704 1367 3759 animo
1401 3721 1497 3775 per
1525 3704 1857 3777 confragosae
1910 3721 2035 3761 ora-
2134 3712 2375 3781 requiro.
2399 3708 2536 3765 Nam
2561 3720 2619 3765 ut
2648 3720 2853 3765 taceam
2875 3725 3100 3765 sensum
3128 3711 3231 3765 loci
3253 3712 3360 3781 jam
3384 3707 3498 3762 olim
3523 3719 3547 3757 a
3572 3715 3640 3753 ve-

473 3798 637 3854 tionis
669 3800 909 3854 salebras
938 3799 1267 3869 aspirantem
1303 3797 1559 3868 subsequi
1606 3813 1717 3853 non
1749 3808 2028 3869 gravetur.
2132 3804 2236 3859 teri
2258 3803 2551 3875 interprete
2581 3811 2728 3858 recte
2751 3816 3094 3873 expressum,
3127 3806 3252 3875 quis
3281 3798 3488 3857 rationis
3511 3793 3640 3862 huius

464 3891 605 3945 Cum
637 3892 750 3947 sive
781 3905 963 3956 casus,
991 3891 1107 3947 sive
1138 3888 1426 3945 consilium
1459 3905 1579 3946 eam
1606 3891 1739 3945 mihi
1769 3891 2031 3959 objecerit
2130 3894 2371 3964 pondera
2404 3908 2468 3948 ac
2510 3900 2782 3948 momenta
2835 3893 3183 3963 perpendens
3203 3933 3218 3958 ,
3261 3893 3337 3948 vel
3379 3889 3636 3945 Graecorum

469 3984 769 4048 materiam,
803 3999 921 4054 quae
954 3984 1214 4040 orationis
1243 3984 1449 4039 cultum
1475 3982 1893 4055 haudquaquam
1927 3987 2026 4043 ad-
2128 3985 2355 4042 lectione
2388 3987 2550 4057 paulo
2574 3986 2942 4051 exercitatior,
2970 4001 3083 4041 non
3114 3986 3273 4042 facile
3310 3976 3636 4039 animadvertit

464 4076 652 4141 mittit,
682 4086 736 4131 et
761 4077 904 4146 quod
935 4085 1212 4131 oratorum
1243 4077 1495 4147 princeps
1522 4076 1590 4132 de
1621 4076 1784 4134 rebus
1808 4093 2029 4150 geogra-
2124 4092 2190 4133 ex
2228 4078 2342 4148 ipsa
2387 4076 2640 4149 loquendi
2682 4077 3097 4143 consuetudine,
3128 4078 3309 4132 minus
3340 4082 3515 4131 rectam
3538 4067 3635 4121 dis-

457 4168 642 4240 .phieis
670 4168 865 4230 aiebat,
888 4167 1431 4240 ἀνθηρογραφεῖσθαι,
1454 4171 1605 4225 nullo
1632 4170 1793 4224 modo
1823 4178 1999 4240 potest

2127 4168 2445 4223 tinctionem
2485 4169 2732 4225 vitiosam
2766 4169 3041 4240 peperisse
3069 4166 3413 4225 versionem?
3433 4159 3632 4215 ΔΠίηυιο

534 4259 616 4314 Ad
645 4260 758 4313 hate
784 4275 907 4312 cum
940 4259 994 4312 in
1018 4260 1194 4313 alieno
1227 4260 1410 4316 labore
1438 4260 1638 4331 ingenii
1664 4274 1889 4315 acumen
1921 4275 2017 4313 ex-
2120 4260 2211 4313 bat
2237 4259 2398 4315 Arius
2426 4258 2621 4315 Filium
2653 4259 2766 4326 Dei,
2802 4261 2893 4314 τὸν
2922 4260 3113 4330 Λόγον,
3144 4276 3307 4331 posse
3328 4252 3516 4317 mutari;
3546 4246 3627 4301 ad“

454 4350 628 4420 periri
660 4357 710 4406 et
734 4349 922 4420 judicii
952 4363 1239 4403 censuram
1268 4364 1522 4405 exercere
1566 4349 1914 4414 instituerim,
1961 4365 1991 4401 u

2113 4348 2347 4419 iungens
2388 4350 2673 4413 rationem,
2708 4349 2947 4421 τρεπτῆς
2985 4348 3096 4420 γὰρ
3130 4348 3344 4419 φύσεώς
3369 4347 3486 4397 ἐστι.
3516 4335 3629 4390 Nam

463 4457 564 4514 ego
611 4457 867 4513 germano
912 4444 1149 4496 candore
1196 4455 1259 4495 ac
1302 4440 1405 4495 ﬁde
1433 4439 1639 4511 optima
1684 4440 2015 4495 calumniam
2117 4450 2323 4496 naturae
2351 4442 2624 4496 mutabilis
2655 4451 2758 4505 est,
2794 4442 2877 4496 vel
2907 4449 3159 4494 naturam
3193 4435 3488 4500 mutabilem
3512 4426 3629 4483 obti-

463 4537 636 4607 ejnro,
673 4535 746 4589 ita
772 4533 1026 4588 invidiam
1052 4532 1333 4601 deprecor.
1356 4547 1424 4587 ne
1447 4531 1571 4600 quis
1604 4530 1796 4585 alienis
1821 4529 2005 4585 erratis

2115 4541 2227 4597 net,
2264 4531 2487 4605 γενητὸς
2512 4532 2846 4604 καὶτρεπτὸς
2860 4531 3141 4602 ὑπάρχων,
3166 4532 3362 4601 quippe
3382 4524 3464 4596 qui
3485 4520 3627 4575 iactus

462 4625 798 4695 exagitandis
831 4625 1091 4679 doctrina:
1129 4628 1222 4674 aut
1253 4620 1533 4676 industria:
1568 4620 1779 4676 laudem
1810 4636 1895 4674 me
1920 4635 2017 4673 au-
2115 4623 2230 4679 sive
2276 4638 2513 4689 creatus,
2560 4639 2624 4679 ac
2656 4623 2880 4694 proinde
2923 4624 3204 4678 mutabilis
3259 4628 3358 4677 est.
3399 4612 3624 4683 Quod?“

460 4718 645 4789 cupari
669 4717 959 4772 existimet.
993 4713 1212 4768 Publica
1261 4713 1375 4768 ltazc
1410 4713 1586 4769 studia
1621 4721 1769 4778 sunt,
1815 4713 2014 4783 quibus
2114 4714 2532 4785 haudquaquam
2569 4714 2887 4786 negligenda
2919 4714 3021 4769 hoc
3051 4717 3173 4770 loco
3203 4731 3305 4769 vox
3335 4708 3551 4781 γενητόςν
3580 4703 3624 4755 δη

460 4811 840 4884 promovendis
900 4805 1167 4879 pub'icam
1216 4808 1527 4873 utilitatem,
1588 4820 1695 4862 non
1746 4808 2012 4878 privatam
2111 4821 2215 4876 qua
2247 4805 2330 4861 vis
2363 4807 2540 4860 omnis
2595 4821 2658 4859 ac
2705 4821 2899 4862 nervus
2939 4806 3114 4875 impia:
3158 4806 3305 4860 illius
3350 4791 3620 4857 assel'lionis

459 4883 668 4962 jaudem
695 4895 999 4975 (ιυωτὶιηυε.
1047 4896 1158 4953 Vos
1185 4916 1332 4963 vero,
1364 4900 1774 4955 eminentissimi
1802 4900 2006 4969 princi-
2110 4898 2361 4953 consistit
2391 4918 2402 4952 :
2439 4913 2602 4969 quam
2636 4898 2763 4977 ipse
2803 4898 3106 4954 Alexander
3146 4895 3390 4968 sequenti
3431 4883 3620 4961 epistola

457 5014 569 5066 pes,
587 4996 854 5052 submisse
878 5006 1011 5062 rogo
1035 4999 1095 5047 ut
1121 5008 1242 5046 cum
1265 4994 1514 5048 voluntas
1537 5000 1696 5062 atque
1715 4992 2011 5050 auctoritas
2043 4979 2088 5036 Β
2111 4990 2305 5060 repetit
2329 5028 2343 5053 ,
2395 4989 2488 5044 sed
2537 4990 2718 5045 verbis
2778 4991 2948 5059 magis
2998 4991 3302 5060 perspicuis
3351 4983 3615 5041 deducllmo

446 5098 629 5145 vestra
656 5087 707 5139 in
731 5083 874 5139 hunc
895 5099 979 5140 me
998 5085 1326 5154 protraxerit
1349 5085 1545 5149 locum,
1571 5084 1919 5140 humanitatis
1943 5099 2007 5140 ac
2115 5083 2302 5147 Aiunt,
2337 5083 2530 5153 inquit,
2564 5082 2757 5139 Filium
2802 5084 2897 5141 Dei
2931 5101 3053 5140 cum
3093 5092 3253 5139 antea
3288 5097 3390 5136 non
3437 5074 3611 5131 fuisset.

458 5175 836 5229 oenevolentize
866 5182 1061 5231 vestra:
1097 5188 1260 5239 aura,
1296 5174 1560 5229 orationis
1599 5189 1820 5229 cursum
1863 5175 2003 5231 inter
2107 5181 2297 5244 postea
2344 5173 2566 5241 factum,
2612 5174 2924 5247 factumque
2956 5177 3137 5239 talem,
3181 5176 3274 5230 ubi
3327 5173 3487 5227 factus
3514 5160 3606 5218 fuit.

453 5273 627 5336 syrtes
650 5273 705 5324 et
745 5266 926 5322 brevia
957 5272 1274 5322 aestuantem
1309 5266 1615 5320 sublevetis.

2101 5266 2289 5335 quales
2330 5265 2507 5320 caeteri
2536 5273 2663 5321 sunt
2700 5266 2967 5322 homines.
2998 5249 3604 5336 Συναναλαμὸάνοντεςτῇ

516 5354 713 5412 Narrat
742 5358 1046 5414 Alexander
1086 5357 1201 5412 Arii
1246 5357 1573 5427 apostasiam
1612 5365 1665 5413 et
1694 5358 2001 5427 blaspliema

2099 5358 2208 5411 τῶν
2240 5359 2491 5413 ἁπάντων
2519 5362 2690 5414 κτίσει
2718 5362 2928 5419 καὶτὸν
2959 5362 3083 5415 Υἱὸν
3109 5359 3203 5413 τοῦ
3235 5357 3387 5421 Θεοῦ,
3423 5357 3602 5413 comP'“

449 5443 696 5515 dogmata
733 5452 933 5520 quibus
977 5450 1253 5505 Christum
1284 5447 1570 5502 Dominum
1615 5456 1759 5502 statu
1795 5448 1997 5519 gradu-
2100 5449 2373 5505 [tendentes
2399 5453 2555 5507 etiam
2586 5452 2780 5507 Filium
2833 5455 2929 5509 Dei
2980 5455 3300 5524 reliquarum
3358 5446 3599 5503 mam”

512 5618 590 5687 (a)
624 5617 816 5673 Habita
865 5619 1050 5677 Romae
1106 5621 1159 5675 in
1205 5619 1488 5675 Academia
1543 5618 1831 5685 Basiliana,
1876 5618 1988 5675 165!

446 5689 633 5760 philio,
662 5687 749 5744 Fr.
777 5689 1090 5756 Barberino,
1122 5691 1473 5747 Brancaccio.

2074 5621 2420 5682 audientibus
2442 5627 2886 5686 eminentissimis
2928 5624 3373 5697 cardinalibushl.
3400 5623 3449 5679 Β.
3473 5617 3599 5672 PII“
