3956 6198
289 271 392 328 59.9

1731 256 2030 331 nornis.

3415 267 3516 329 5‘5},

289 387 472 438 rerum
499 399 732 438 numero.
763 384 955 439 Statim
981 384 1259 457 subjungit
1282 404 1298 441 :
1329 382 1423 451 Οἷς
1443 388 1744 452 ἀκολούθως
1765 390 1854 442 καί

1961 388 2202 456 adeoque
2242 383 2376 454 πρὸς
2426 382 2522 454 τὴν
2565 379 2954 450 ὁμοουαιότητα
2991 375 3084 433 καὶ
3125 377 3516 449 συναῖδιότητα,

293 495 462 549 φασιν
495 477 650 530 αὑτὸν
697 479 930 549 τρεπτῆς
969 474 1105 534 εἶναι
1153 479 1387 548 φύσεως,
1442 481 1639 552 ἀρετῆς
1673 498 1729 533 τε
1763 483 1856 534 καὶ

295 571 494 631 κακίας
523 568 785 621 δεκτικόν·
819 569 1020 634 Quibus
1048 571 1205 624 etiam
1235 581 1600 641 consequenter
1633 573 1854 636 addunt,

295 679 414 715 eum
447 660 714 714 mutabilis
745 677 855 714 esse
886 671 1111 726 natura,
1147 671 1195 716 et
1227 664 1434 717 virtutis
1462 673 1511 718 et
1553 666 1668 718 uitii
1694 657 1855 733 capa-

291 766 426 803 cem.
464 748 670 804 Videtis
704 749 983 819 supposito
1018 751 1140 816 hoc,
1189 750 1383 805 Filium
1414 751 1504 808 Dei
1544 753 1742 808 laetum
1773 757 1856 810 vel

287 844 539 893 creatum
571 853 713 901 esse,
744 846 803 891 ut
847 841 1212 894 necessarium
1262 842 1388 897 inde
1425 841 1618 898 deduci
1659 859 1856 900 conse-

287 931 596 1000 quentiam,
624 932 870 986 eumdem
908 948 1122 1003 quoque
1150 937 1378 1005 τρεπτόν
1404 936 1518 991 sive
1545 939 1853 992 mutabilem

287 1039 435 1078 esse.
461 1023 637 1093 Atque
687 1024 768 1078 sic
799 1025 1153 1078 ratiocinatur
1185 1026 1550 1083 Damascenus
1607 1028 1702 1082 lib.
1739 1045 1752 1081 ι
1785 1029 1858 1083 De

287 1115 500 1168 orthod.
539 1116 660 1184 ﬁde,
683 1131 802 1184 cap.
835 1116 867 1168 5
895 1134 909 1169 :
935 1117 1013 1170 Τὰ
1043 1117 1253 1180 κτιστὰ,
1279 1118 1492 1182 πάντως
1514 1119 1606 1172 καὶ
1627 1122 1852 1192 τρεπτὰ.

286 1197 391 1258 Ὧν
444 1206 553 1274 γὰρ
595 1205 654 1258 τὸ
703 1202 840 1260 εἶναι
888 1207 994 1260 ἀπὸ
1060 1208 1265 1279 τροπῆς
1306 1209 1526 1278 ἧρξατο,
1569 1210 1740 1264 ταῦτα
1790 1215 1854 1282 τῇ

288 1298 467 1366 τροπῇ
529 1295 872 1350 ὑποκείσεται
916 1297 1151 1363 πάντως,
1193 1299 1225 1369 ἢ
1263 1301 1607 1372 φθειρόμενα,
1649 1298 1680 1368 ἤ
1719 1304 1856 1357 κατὰ

288 1385 612 1456 προαιρεσιν
671 1386 1042 1458 ἀλλοιούμενα.
1101 1387 1323 1454 Creata,
1383 1393 1590 1461 inquit,
1647 1396 1854 1448 omnino

284 1477 450 1530 etiam
484 1478 762 1530 mutationi
801 1479 1043 1532 obnoxia.
1080 1479 1314 1545 Quorum
1353 1484 1490 1536 enim
1526 1501 1637 1541 esse
1667 1503 1698 1538 a
1738 1503 1854 1539 mu-

297 1568 499 1622 tatione
529 1569 731 1637 incipit,
763 1586 826 1623 ea
863 1573 1156 1626 necessario
1180 1575 1460 1628 mutationi
1493 1577 1852 1647 subjacebunt,

285 1661 415 1712 dum
440 1660 518 1714 vel
544 1661 826 1724 intereunt,
858 1662 934 1715 vel
968 1665 1228 1718 voluntate
1256 1666 1568 1723 alterantur.
1600 1668 1676 1723 lta
1706 1671 1855 1724 scili-

284 1758 379 1804 cet
409 1749 574 1806 Arius
600 1749 793 1804 Filium
817 1751 908 1806 Dei
943 1753 1141 1824 ἀρετῆς
1160 1755 1252 1807 καὶ
1275 1756 1470 1821 κακίας
1485 1758 1731 1814 δεκτικὸν
1767 1775 1856 1816 as-
1887 1734 1930 1793 Β

285 1842 508 1898 serebat
531 1861 543 1897 :
567 1842 1021 1914 quandoquidem,
1036 1853 1094 1899 ut
1113 1845 1355 1903 Justinus
1369 1849 1569 1922 Martyr
1589 1853 1782 1908 alicubi
1802 1857 1855 1908 in

289 1932 679 1998 Quiestionibus
714 1935 900 1989 scribit
925 1955 936 1990 :
964 1937 1181 2009 Τροπῆς
1209 1939 1514 2013 γνώρισμα,
1536 1944 1597 1995 τὸ
1614 1944 1682 1996 τὸ.
1721 1946 1858 1999 καλὰ

289 2026 386 2078 καὶ
433 2025 501 2078 τὰ
546 2026 690 2079 κακὰ
732 2026 1022 2097 λαμϐάνειν
1067 2031 1146 2092 εἰς
1186 2031 1410 2086 ἔννοιαν·
1449 2033 1761 2089 Mutationis
1785 2039 1859 2090 si-

286 2126 450 2186 gnem
496 2133 559 2170 ac
590 2127 715 2172 nota
749 2129 859 2185 est,
892 2123 1026 2175 bona
1076 2139 1140 2176 ac
1187 2125 1330 2178 mala
1373 2125 1430 2178 in
1479 2127 1712 2182 animum
1758 2130 1860 2184 sibi

285 2206 550 2263 inducere.

358 2297 632 2369 Expositis
662 2299 773 2354 Arii
803 2300 1164 2373 dogmatibus,
1191 2307 1468 2365 catholica:
1484 2309 1738 2368 Ecclesiae
1769 2328 1858 2368 or-

281 2390 584 2446 thodoxam
620 2395 943 2449 sententiam
975 2398 1284 2454 Alexander
1324 2403 1568 2471 opponit,
1615 2413 1674 2459 ut
1719 2407 1860 2462 veri-

285 2485 417 2539 tatis
453 2483 573 2539 luce
606 2486 817 2555 prolata
865 2486 1046 2560 Stygis
1088 2491 1340 2548 tenebras
1382 2493 1659 2551 discutiat.
1695 2496 1859 2570 Urget

280 2573 699 2646 Χριστομάχους
727 2578 848 2634 illos
879 2578 940 2634 D.
969 2579 1194 2637 Joannis
1215 2585 1538 2643 auctoritate
1567 2607 1580 2643 :
1617 2591 1709 2659 qui
1727 2590 1856 2646 Ver—

281 2667 418 2722 bum
451 2667 508 2724 in
554 2669 821 2741 principio
861 2672 1064 2740 fuisse,
1109 2682 1271 2745 atque
1316 2679 1497 2734 omnia
1533 2697 1629 2752 per
1676 2683 1854 2758 ipsum

277 2758 430 2815 facta
463 2761 737 2830 praedicat.
773 2763 900 2820 inde
942 2767 1244 2825 rationibus
1290 2769 1458 2826 instat
1487 2793 1499 2827 :
1537 2775 1584 2829 si
1616 2774 1853 2832 Verbum

277 2860 368 2906 est
401 2851 712 2924 uuigenitus
739 2856 908 2912 Filius
927 2856 1038 2925 Dei,
1071 2863 1340 2929 quomodo
1367 2866 1744 2931 asseruntisti,
1775 2867 1854 2920 ὅτι

279 2939 364 3007 εἷς
396 2945 516 2998 ἐστι
544 2945 650 2999 τῶν
677 2949 1029 3019 ποιημάτων;
1063 2951 1232 3020 ipsum
1273 2970 1431 3007 unum
1469 2973 1580 3011 esse
1617 2973 1680 3010 ex
1704 2975 1851 3012 crea-

1962 487 2150 534 contra
2194 477 2426 530 Arianos
2481 473 2882 544 exprimendam
2920 480 3004 527 est
3058 471 3516 541 percommodum.

1961 572 2084 626 llzec
2113 585 2283 640 pauca
2318 567 2384 622 ad
2423 569 2655 638 priorem
2701 564 2991 620 Alexandri
3039 563 3322 633 epistolam
3355 579 3516 633 ency-

1960 663 2150 718 clieam
2201 661 2345 716 illam
2388 662 2502 715 sive
2540 659 2859 712 catholicam
2914 657 3234 713 observasse
3267 656 3512 714 sulIiciet.

2033 754 2288 825 Sequitur
2333 768 2477 808 nunc
2519 753 2686 806 altera
2731 750 3006 819 ejusdem,
3056 749 3422 818 ἀνεπίγραφος
3462 750 3513 803 in

1960 845 2203 899 Romana
2233 845 2490 906 editione,
2540 841 2682 912 quod
2717 841 2901 895 nescio
2929 855 3037 911 qua
3068 841 3277 894 incuria
3309 840 3362 893 in
3407 850 3514 894 tam

1959 936 2200 1009 diligenti
2236 953 2398 1007 opere
2422 936 2717 992 admissum
2743 934 2904 988 fuerit
2935 952 2947 986 :
2975 948 3096 986 eum
3128 943 3179 988 et
3207 931 3515 987 Theodore.

1960 1039 2050 1085 tus
2109 1037 2166 1086 et
2216 1029 2496 1097 Tripartita
2558 1028 2860 1082 Alexandro
2916 1024 3514 1093 Constantinopolitano

1958 1121 2214 1190 episeopo
2238 1119 2551 1188 inscriptam
2580 1119 2908 1188 missamque
2934 1124 3218 1172 testentur.
3250 1115 3512 1186 Equidem

1959 1227 2082 1266 cum
2117 1213 2352 1282 perlecta
2380 1209 2611 1280 primum
2653 1209 2754 1262 hac
2783 1208 3032 1277 epistola,
3077 1223 3186 1261 non
3214 1223 3380 1262 unum
3413 1207 3512 1258 ali-

1958 1320 2140 1374 quem,
2192 1304 2284 1359 sed
2317 1303 2499 1373 plures
2523 1299 2750 1356 subinde
2780 1299 3142 1354 Alexandrum
3187 1298 3385 1368 alloqui
3415 1298 3515 1353 ob-

1959 1412 2281 1460 servassem,
2331 1395 2493 1451 subiit
2531 1393 2798 1464 suspicio,
2837 1400 2986 1447 certo
3015 1392 3242 1446 consilio
3286 1395 3514 1462 ἐπιγρα-

1959 1492 2084 1561 φήν,
2117 1491 2169 1544 in
2195 1488 2436 1543 Romana
2467 1488 2701 1543 editione
2730 1489 3010 1542 omissam.
3046 1484 3200 1550 Quod
3243 1485 3514 1554 negligen-

1956 1587 2031 1639 tia
2053 1584 2272 1645 factum,
2292 1591 2477 1652 postea
2499 1597 2562 1635 ex
2587 1589 2884 1635 erratorum
2903 1577 3141 1631 indiculo
3163 1576 3509 1646 deprehendi.

1958 1674 2229 1746 Quidquid
2279 1674 2369 1736 sit,
2416 1673 2548 1727 mihi
2592 1673 2694 1727 lixa
2728 1673 2840 1726 hac
2892 1668 3044 1725 sedet
3091 1669 3380 1730 sententia,
3403 1683 3510 1722 non

1957 1768 2218 1839 privatam
2249 1767 2484 1836 aliquam
2514 1765 2626 1819 sive
2659 1764 3026 1818 tractatoriam
3059 1760 3202 1814 hanc
3229 1759 3509 1830 epistolam

1956 1876 2097 1923 esse,
2127 1861 2220 1915 sed
2249 1868 2304 1915 et
2331 1860 2501 1928 ipsam
2527 1840 2742 1928 quoque
2759 1855 3074 1911 circularem
3097 1869 3159 1906 ae
3185 1852 3507 1922 generalem,

1958 1951 2178 2006 missam
2209 1949 2274 2003 ad
2308 1950 2552 2004 diversos
2583 1949 2808 2018 Europ:e
2836 1947 3139 2017 episcopos.
3169 1943 3323 2010 Quod
3353 1957 3510 1998 nemo

1961 2038 2116 2095 facile
2159 2041 2454 2110 negaverit,
2485 2041 2576 2110 qui
2610 2047 2662 2094 et
2705 2039 2867 2107 hujus
2899 2037 3138 2106 epistola:
3182 2045 3385 2104 partem
3416 2050 3512 2089 ex-

1957 2140 2185 2187 tremam
2226 2149 2348 2187 cum
2390 2147 2521 2186 cura
2549 2131 2757 2202 legerit,
2786 2137 2840 2186 et
2874 2129 3366 2184 ecclesiasticarum
3397 2128 3512 2197 epi-

1957 2225 2220 2279 stolarum
2268 2225 2493 2280 formam
2545 2223 2870 2294 modumque
2925 2237 3034 2276 non
3076 2221 3233 2291 plane
3279 2220 3508 2290 ignoret.

1957 2313 2091 2369 Nam
2117 2323 2171 2369 et
2197 2315 2438 2370 clausula
2466 2315 2656 2369 harum
2692 2313 2996 2368 litterarum
3034 2312 3193 2382 plane
3217 2310 3402 2365 eadem
3429 2320 3510 2365 est

1957 2422 2077 2477 qua:
2104 2407 2517 2478 praecedentium
2545 2405 2963 2477 encyclicarum,
2997 2418 3105 2474 qua
3132 2403 3339 2473 reliquo
3367 2402 3514 2456 clero

1958 2513 2054 2568 per
2081 2498 2366 2568 episcopos
2410 2497 2639 2554 salutem
2686 2494 2993 2566 imper-titur
3028 2513 3044 2549 :
3085 2502 3196 2547 tum
3228 2500 3286 2546 ut
3314 2492 3510 2561 saepius

1957 2585 2012 2639 in
2046 2585 2255 2655 reliquo
2285 2584 2523 2654 epistola:
2551 2591 2826 2646 contextu,
2860 2583 2936 2636 ita
2965 2583 3016 2636 in
3048 2580 3155 2637 line
3176 2581 3357 2650 plures
3388 2595 3512 2635 ora-

1957 2674 2102 2729 tione
2131 2688 2190 2729 se
2208 2671 2360 2727 aﬂari
2388 2672 2646 2728 ostendit.
2673 2670 2826 2726 Unde
2850 2671 2915 2725 ad
2938 2672 3122 2742 plures
3150 2686 3364 2741 quoque
3383 2672 3513 2726 seri-

1955 2777 2099 2835 ptam
2130 2765 2287 2820 fateri
2316 2780 2600 2821 necessum
2631 2772 2731 2819 est.
2761 2763 2899 2818 Cum
2928 2762 3210 2818 verissime
3243 2762 3372 2816 illud
3403 2778 3507 2816 non

1957 2859 2136 2912 minus
2164 2873 2325 2928 quam
2369 2857 2525 2912 docte
2557 2872 2586 2910 a
2632 2854 2925 2910 Francisco
2954 2853 3288 2909 Bernardino
3321 2851 3512 2908 Ferra-

1957 2952 2040 3005 rio
2067 2951 2158 3005 lib.
2193 2966 2252 3004 ιιι
2307 2949 2384 3005 De
2415 2951 2628 3020 antiquo
2670 2948 3009 3024 epistolarum
3041 2945 3508 3000 ecclesiasticarum

283 3037 467 3092 “fit?
495 3036 562 3091 Ει
595 3040 636 3093 si
663 3041 846 3094 omnia
874 3057 969 3110 per
999 3042 1172 3112 ipsum
1205 3043 1342 3099 facta
1375 3054 1523 3114 sunt,
1556 3051 1671 3113 πῶς
1693 3049 1850 3106 δύνα-
1879 3074 1923 3134 C
1956 3059 2153 3113 genere,
2180 3043 2527 3098 observatum
2563 3042 2654 3105 sit,
2689 3056 2892 3095 morem
2926 3040 3224 3109 antiquitus
3255 3037 3511 3092 invaluis-

281 3145 377 3182 ται
413 3128 528 3194 ἶσος
559 3127 696 3186 εἶναι
726 3132 833 3186 τῶν
868 3134 937 3186 δι’
969 3136 1128 3189 αὐτοῦ
1166 3140 1501 3210 γενομένων;
1542 3142 1630 3211 qui
1664 3146 1851 3212 poterit

282 3221 399 3290 ipse
425 3239 526 3290 par
567 3240 676 3277 esse
704 3225 854 3279 rebus
886 3241 1000 3296 qua:
1025 3243 1117 3296 per
1145 3229 1314 3298 ipsum
1354 3231 1509 3300 facta
1537 3243 1657 3286 sunt
1681 3236 1705 3288 ?
1736 3233 1853 3300 Quo

284 3322 567 3383 postremo
600 3315 718 3369 loco
761 3315 1010 3375 Gelasius
1053 3319 1385 3392 Cyzicenus,
1434 3335 1487 3377 et
1515 3322 1852 3394 Epiphanius

285 3403 562 3475 interpres
601 3407 803 3462 rectius
829 3409 939 3477 jam
970 3411 1096 3464 olim
1135 3413 1329 3478 legere,
1367 3413 1482 3476 πῶς
1525 3413 1745 3468 δύναται
1774 3413 1852 3478 εἷς

279 3489 464 3559 εἶναις
503 3495 760 3564 quomodo
789 3507 954 3565 potest
985 3516 1118 3554 unus
1148 3517 1256 3554 esse
1280 3501 1485 3567 horum,
1511 3520 1626 3574 quae
1651 3520 1742 3572 per
1773 3506 1852 3574 ip-

286 3601 410 3638 sum
451 3583 596 3655 facta
641 3591 968 3644 noscuntur?
996 3587 1167 3654 Quam
1197 3591 1484 3647 lectionem
1533 3593 1705 3650 Graeci
1736 3609 1851 3649 ser-

285 3677 471 3732 monis
506 3681 842 3735 constructio
870 3689 1055 3751 aperte
1083 3685 1328 3754 requirit.
1355 3685 1612 3750 Quamvis
1639 3687 1704 3740 ad
1727 3701 1851 3741 sen-

289 3784 416 3823 sum
447 3769 550 3824 loci
581 3771 717 3826 mhil
750 3759 984 3836 intersit,
1018 3782 1195 3828 utrum
1219 3775 1330 3839 ἴσος
1353 3792 1475 3830 cum
1511 3779 1750 3847 vulgato,
1781 3793 1847 3831 an

287 3856 375 3924 εἷς
413 3876 538 3916 cum
571 3865 737 3919 veteri
763 3864 1054 3935 interprete
1089 3867 1256 3936 legas.
1300 3867 1356 3920 Si
1397 3875 1575 3922 tamen
1618 3869 1728 3933 ἴσος
1768 3885 1851 3923 re-

283 3955 552 4019 tineatur,
573 3955 830 4008 mutanda
845 3957 948 4011 hoc
973 3958 1132 4012 modo
1152 3959 1514 4013 constructio:
1542 3960 1664 4023 Πῶς
1689 3960 1744 4015 δὲ
1763 3960 1851 4012 δύ-

284 4060 453 4098 ναται
482 4045 592 4108 ῐσος
631 4040 764 4098 εἶναι
813 4050 924 4110 τοῖς
952 4047 1018 4101 δι’
1061 4048 1221 4101 αὑτοῦ
1254 4051 1582 4120 γενομένοις,
1619 4067 1722 4105 non
1756 4067 1852 4104 au-

285 4145 424 4202 tem,
458 4136 562 4188 τῶν
585 4136 649 4188 δι’
693 4137 852 4190 αὑτοῦ
883 4140 1203 4210 γενομένων.
1239 4139 1314 4193 Ita
1378 4141 1438 4195 D.
1485 4139 1684 4198 Paulus
1710 4140 1848 4196 Phil.

289 4243 361 4290 ll,
389 4228 446 4290 6,
478 4227 753 4283 Christum
787 4231 860 4284 ait
885 4246 993 4286 non
1025 4232 1368 4287 existimasse
1390 4233 1654 4304 rapinam,
1689 4234 1749 4286 τὸ
1773 4230 1848 4286 εἴα

285 4337 381 4375 ναι
411 4317 503 4374 ἶσα
537 4321 672 4392 Θεῷ,
704 4339 813 4376 esse
841 4341 896 4378 se
923 4325 1329 4394 aequalem«‘1)eo.
1360 4325 1435 4380 lta
1470 4331 1582 4396 ipse
1618 4326 1854 4382 Alexan-

1955 3152 2032 3198 se,
2071 3145 2128 3189 ut
2165 3135 2324 3191 iidem
2355 3135 2621 3190 honorum
2653 3133 2791 3186 tituli
2825 3132 2927 3187 sub
2967 3133 3127 3186 linem
3158 3131 3508 3200 epistolarum

1954 3229 2299 3289 iterarentur,
2352 3227 2550 3296 quibus
2603 3225 2758 3278 initio
2788 3224 2983 3294 singuli
3024 3223 3088 3277 ad
3139 3239 3274 3293 quos
3306 3223 3512 3278 scribe-

1953 3321 2103 3381 bant,
2139 3319 2350 3373 fuerant
2377 3318 2648 3386 appellati.
2681 3314 2786 3370 Sed
2817 3330 3074 3384 quorsum
3097 3316 3230 3380 haec,
3263 3313 3513 3384 inquies?

1953 3409 2071 3464 Non
2123 3419 2180 3464 ut
2227 3410 2530 3464 Alexandro
2599 3408 3199 3480 Constantinopolitano
3257 3409 3510 3480 episcopo

1955 3505 2096 3558 hanc
2133 3502 2414 3573 epistolam
2471 3501 2726 3571 scriptam
2768 3516 2992 3571 negem;
3029 3499 3122 3556 sed
3172 3508 3229 3554 ut
3276 3501 3341 3555 ad
3373 3501 3510 3555 alios

1953 3611 2166 3666 quoque
2212 3595 2419 3649 vicinos
2452 3593 2760 3664 episcopos,
2803 3594 2886 3649 vel
2925 3593 2980 3647 in
3009 3596 3153 3663 regia
3185 3591 3318 3646 urbe
3347 3606 3511 3662 nego-

1955 3691 2152 3744 tiorum
2179 3703 2344 3743 causa
2367 3695 2482 3740 tum
2506 3696 2806 3748 versantes,
2829 3683 3071 3755 ejusdem
3091 3698 3307 3754 quoque
3326 3699 3510 3738 excmn

1953 3784 2040 3853 pla
2085 3797 2181 3852 per
2213 3780 2476 3834 circulum
2516 3779 2681 3834 missa
2721 3777 3026 3833 ostendam.
3061 3775 3245 3846 Neque
3293 3776 3508 3846 eg0'hic

1953 3874 2292 3928 Theodoreto
2319 3871 2524 3925 {utilem
2554 3868 2752 3925 Gelasii
2783 3869 3034 3941 Cyziceni
3077 3869 3380 3924 Diobolaris
3409 3871 3507 3940 ῥα-

1951 3962 2126 4032 ψῳδοῦ
2160 3961 2536 4016 auctoritatem
2587 3959 2962 4029 opposuerim,
3012 3959 3104 4028 qui
3144 3958 3508 4013 Alexandrum

1954 4055 2114 4108 istum
2167 4054 2270 4108 hoc
2318 4060 2558 4122 tempore
2599 4050 3212 4119 Constantinopolitana:
3257 4049 3507 4106 Ecclesia:

1954 4143 2182 4198 necdum
2227 4142 2508 4212 praefuisse
2552 4138 2821 4194 afﬁrmat:
2860 4155 3124 4210 quemque
3174 4139 3334 4210 paulo
3387 4148 3508 4209 post

1952 4235 2170 4289 Nieaeno
2205 4233 2436 4288 concilio
2477 4233 2744 4302 privatum
2788 4232 2964 4286 adhuc
2992 4232 3359 4304 presbyterum
3411 4242 3509 4304 pro

1955 4308 2321 4396 Metroph'ane,
2347 4337 2586 4381 extrema
2607 4333 2884 4380 senectute
2900 4326 3170 4390 confecto,
3198 4326 3508 4382 interfuisse

288 4417 392 4470 der
419 4416 645 4485 epistola
692 4417 939 4485 sequenti
991 4416 1224 4472 Arianos
1272 4418 1598 4486 praedicasse
1637 4419 1848 4482 scribit,
1883 4419 1930 4478 D
1955 4419 2165 4475 scribit.
2196 4418 2364 4488 Cujus
2397 4418 2551 4472 [idem
2583 4417 2774 4471 incerti
2817 4432 3032 4486 quoque
3059 4416 3295 4472 auctoris
3321 4431 3512 4470 narra-

289 4507 572 4563 Christum
598 4511 708 4571 τοῖς
734 4511 896 4561 πᾶσιν
930 4509 1039 4562 ἴσον
1070 4505 1240 4562 εἶναι’
1278 4511 1420 4579 quod
1448 4512 1624 4565 versio
1655 4509 1853 4564 Roma-

292 4615 388 4663 na,
421 4599 686 4654 Christum
719 4602 920 4656 caeteris
959 4600 1253 4655 hominibus
1284 4602 1411 4655 nihil
1439 4605 1852 4670 prarstantiorem

293 4708 428 4755 esse,
459 4693 635 4747 reddit
666 4711 680 4747 :
714 4694 878 4748 nimis
908 4709 1038 4749 sane
1077 4705 1322 4765 anguste.
1366 4695 1549 4766 Neque
1594 4697 1736 4750 enim
1785 4697 1851 4750 ad

295 4789 445 4844 solos
468 4788 711 4843 homines
729 4789 1090 4859 aequalitatem
1114 4789 1258 4843 illam
1290 4792 1644 4862 restringebat
1666 4792 1847 4854 Arius,

293 4880 391 4934 sed
426 4879 492 4932 ad
521 4889 823 4934 creaturam
855 4895 1070 4950 quoque
1101 4895 1314 4934 omnem
1357 4881 1462 4934 τῶν
1498 4881 1727 4951 λογικῶν
1761 4885 1853 4936 καὶ

291 4969 509 5039 ἀλόγων
543 4981 866 5024 creaturam.
892 4969 1075 5040 Neque
1101 4975 1243 5026 enim
1275 4973 1418 5027 aliud
1443 4973 1601 5029 isthic
1624 4975 1724 5028 loci
1747 4983 1850 5038 est,

289 5066 408 5124 τοῖς
439 5064 602 5116 πᾶσιν
650 5063 762 5116 ἴσον
803 5058 961 5126 εἶναι,
993 5079 1158 5134 quam
1198 5064 1286 5118 hic
1314 5069 1424 5129 τοῖς
1462 5067 1595 5118 πᾶσι
1634 5084 1850 5138 συναρι·
1881 5114 1885 5116 .

293 5153 570 5225 θμεῖσθαι,
595 5155 696 5209 hoc
723 5164 827 5219 est,
857 5153 1090 5210 Verbum
1120 5171 1184 5210 ex
1215 5155 1454 5226 ipsorum
1483 5159 1750 5214 sententia
1774 5159 1854 5212 fa-

293 5256 444 5301 ctum
483 5254 536 5302 et
572 5256 812 5302 creatum
867 5263 936 5302 ex
987 5249 1188 5311 nihilo,
1240 5249 1568 5320 reliquarum
1613 5250 1852 5304 omnium
1879 5298 1892 5301 _

295 5345 668 5394 creaturarum
709 5353 939 5394 numero
984 5339 1352 5406 inserendum,
1386 5348 1573 5412 utpote
1630 5343 1852 5412 reliquis

296 5430 547 5485 omnibus
572 5431 838 5486 creaturis
863 5429 1170 5487 conditione
1198 5440 1360 5502 atque
1395 5433 1632 5488 essentia
1674 5449 1772 5504 par
1800 5442 1854 5488 et

296 5522 520 5591 aquale.
555 5521 811 5588 Quamvis
836 5537 934 5592 ego
963 5523 1022 5575 τὸ
1045 5523 1176 5587 ἴσον,
1213 5524 1265 5578 in
1292 5524 1440 5580 hisce
1465 5525 1618 5588 locis,
1656 5523 1854 5595 ecquale

298 5613 480 5682 potius
507 5627 668 5682 quam
703 5628 802 5680 par
833 5622 1041 5669 vertere
1070 5615 1274 5679 malim,
1318 5631 1427 5684 quo
1449 5617 1609 5670 etiam
1640 5615 1850 5686 profani

303 5712 554 5758 auctores
601 5718 694 5771 pro
739 5710 1006 5759 comtaneo
1051 5712 1102 5759 et
1153 5719 1332 5759 coaevo
1360 5706 1560 5773 passim
1607 5714 1848 5771 utuntur,

1954 4514 2029 4568 tio
2087 4513 2152 4568 de
2180 4524 2408 4566 cccxvm
2439 4509 2670 4567 Nicaznis
2711 4509 2928 4565 concilii
2965 4508 3216 4564 Patribus
3247 4509 3509 4579 sequitur,

1952 4620 2072 4676 quae
2103 4605 2159 4658 in
2192 4602 2445 4660 Historiis
2473 4614 2773 4658 sanctorum
2805 4600 3123 4671 Lipomanni
3164 4608 3380 4667 exstat;
3413 4615 3512 4654 cu-

1947 4699 2038 4767 jus
2069 4697 2343 4766 exemplar
2374 4709 2437 4751 ex
2454 4697 2616 4766 Regio
2660 4695 2848 4749 codice
2889 4695 2941 4747 in
2976 4693 3164 4749 Galliis
3220 4692 3511 4763 aliquando

1953 4806 2037 4844 me
2061 4789 2470 4858 transcripsisse
2503 4787 2742 4842 memini.
2786 4786 2930 4851 llaec,
2967 4785 3208 4854 inquam,
3243 4785 3376 4838 tanti
3400 4799 3508 4838 non

1953 4888 2079 4935 sunt
2112 4888 2171 4933 ut
2198 4878 2518 4933 Theodoreti
2552 4879 2889 4946 aliorumque
2920 4876 3198 4930 meliorum
3227 4885 3506 4930 auctorum

1953 4972 2110 5026 ﬁdem
2141 4971 2281 5040 apud
2311 4985 2409 5024 nos
2442 4971 2675 5024 elevent.
2712 4967 2816 5023 Sed
2853 4982 2997 5021 nunc
3029 4966 3308 5035 epistolam
3339 4967 3508 5036 ipsam

1952 5062 2292 5133 aggredimur
2342 5081 2354 5114 :
2403 5061 2457 5113 in
2503 5060 2659 5128 cujus
2708 5059 2890 5114 limine
2948 5056 3222 5112 Romanos
3275 5056 3510 5110 editores

1952 5154 2256 5226 προθέσεως
2284 5168 2383 5206 vox
2414 5149 2660 5213 oﬂ‘endit,
2696 5151 2783 5204 cui
2821 5150 2995 5206 obolis
3025 5150 3289 5205 confossa:
3321 5147 3511 5217 προαί-

1955 5262 2100 5318 ρεσιν
2129 5242 2486 5300 substituunt.
2521 5241 2626 5298 Sed
2654 5245 2865 5298 nescire
2897 5258 2982 5296 me
3007 5241 3180 5295 fateor
3226 5240 3354 5308 quid
3381 5255 3508 5293 cau-

1952 5353 2026 5392 sas
2071 5336 2356 5390 habuerint
2402 5350 2501 5389 cur
2540 5349 2725 5390 vocem
2770 5333 3200 5404 ὲλληνικωτάτην
3247 5331 3506 5386 Grarismi

1952 5444 2117 5484 censu
2163 5428 2538 5498 expunxerint.
2585 5425 2804 5488 Vocem,
2854 5426 3095 5495 inquam,
3133 5424 3378 5497 probam,
3409 5437 3509 5476 nec

1953 5522 2125 5576 solum
2155 5519 2395 5590 Polybio,
2427 5526 2485 5573 ut
2512 5534 2577 5576 ex
2598 5516 2764 5571 Suida
2796 5525 3041 5586 apparet,
3062 5519 3152 5570 sel
3182 5524 3232 5570 et
3260 5515 3317 5569 Ι).
3339 5515 3508 5568 Paulo

1952 5613 2115 5667 semel
2139 5610 2440 5680 iterumque
2457 5617 2792 5678 usurpatam.
2815 5606 2968 5661 Boni.
2991 5622 3108 5670 vm,
3127 5607 3215 5670 9.8,
3235 5609 3345 5667 τοῖς
3369 5604 3508 5658 κατὰ

1955 5704 2206 5770 πρόθεσιν
2247 5703 2479 5770 κλητοῖς,
2516 5702 2706 5755 vocatis
2752 5700 3030 5754 secundum
3078 5700 3420 5768 propositum,
3453 5701 3510 5751 et
