3906 6194
531 225 626 280 531
1623 220 1679 277 S.
1720 222 2130 279 ALEXANDER
2169 221 2731 280 ALEXANDRINUS.
3583 230 3663 289 ἕω

530 345 730 415 Ephes.
764 361 804 409 ι,
841 347 926 408 Η,
961 341 1368 415 προορισθέντες
1394 339 1534 395 κατὰ
1583 342 1856 412 πρόθεσιν,
1885 342 2083 412 prinde-

2190 343 2266 396 Ac
2286 342 2515 406 primum
2538 340 2756 410 quidem
2773 337 2866 394 Dei
2883 338 3062 396 hostes
3084 337 3322 396 Ecclesia:
3331 341 3504 398 castris
3519 343 3659 413 ejecti.

529 439 712 492 stinati
758 435 1038 491 secundum
1068 435 1420 503 propositum,-
1471 443 1524 487 et
1563 442 1686 502 post
1714 432 1959 498 Paulum,
1992 433 2090 488 do-

529 530 776 586 ctissimo
799 529 995 598 cuique
1025 526 1124 581 SS.
1149 526 1392 580 Patrum.
1413 525 1666 581 Clemens
1690 527 2087 582 Alexandrinus

529 626 655 680 item
704 623 796 676 lib.
844 636 928 687 tn,
977 621 1254 690 εὐνουχιας
1287 620 1557 691 πρόθεσιν,
1598 622 1920 689 propositum
1946 621 2089 675 ueli-

528 714 700 779 batus,
741 720 796 767 et
824 712 916 766 lib.
945 727 1042 775 vn,
1072 713 1196 773 τοὺς
1222 710 1364 764 κατά
1390 710 1641 781 πρόθεσιν
1668 711 1922 774 δικαίους,
1953 727 2089 782 pra:-

528 809 828 862 dcstinatos
849 806 1162 874 Apostolum
1187 813 1408 859 secutus
1429 805 1657 858 vocavit.
1676 803 1924 860 Justinus
1947 805 2089 858 Mar-

529 908 614 970 tyr
640 913 731 952 xtx
752 904 1041 968 quaestione
1056 897 1124 950 ad
1150 895 1491 960 orthodoxos,
1520 896 1924 966 palpitationcs,
1948 903 2087 951 ster-

527 999 846 1045 nutamenta
890 1000 943 1044 et
975 990 1203 1043 tinnitus
1241 989 1453 1042 aurium
1493 987 1642 1058 παρά
1673 987 1771 1058 τὴν
1818 987 2086 1058 ἡμετέραν

523 1083 802 1153 πρόθεσιν,
838 1083 948 1136 fieri
1000 1081 1208 1136 scribit.
1237 1079 1438 1134 Omitto
1469 1080 1622 1135 alios.
1655 1077 1796 1134 Sane
1820 1077 2086 1134 Constan-

523 1178 672 1230 tinus
717 1173 941 1242 Magnus
978 1174 1173 1227 litteris
1220 1173 1285 1226 ad
1339 1172 1708 1227 Alexandrum
1753 1181 1996 1226 nostrum
2032 1181 2087 1227 et

524 1263 712 1318 Arium
766 1264 907 1318 datis
964 1263 1090 1334 μίαν
1133 1264 1309 1334 ψυχῆς
1367 1263 1620 1334 πρόθεσιν
1667 1265 1902 1334 scripsit.
1945 1263 2084 1330 Quid

525 1357 693 1411 vero?
729 1370 907 1410 nonne
959 1357 1071 1425 ipse
1110 1354 1413 1410 Alexander
1479 1373 1601 1410 mox
1677 1358 1777 1411 hac
1826 1358 1942 1428 ipsa
1992 1373 2088 1427 pa-

528 1448 652 1516 gina
717 1448 816 1516 τὴν
848 1446 1122 1518 μοχθηρὰν
1170 1445 1426 1518 πρόθεσιν
1469 1450 1694 1518 repetit?
1723 1448 1875 1515 Quod
1910 1458 1964 1504 et
2003 1451 2084 1518 ip-

528 1554 647 1591 sum
677 1552 746 1592 ne
773 1553 1028 1592 censores
1055 1537 1385 1608 jugularent,
1423 1540 1629 1594 salvum
1653 1549 1812 1610 atque
1836 1541 2086 1597 indemne

526 1639 786 1702 praestare
814 1638 1019 1698 poterat
1047 1632 1190 1701 quod
1216 1632 1354 1685 infra
1377 1648 1433 1686 se
1454 1633 1828 1704 episcoporum
1851 1637 1917 1690 ad
1947 1651 2085 1708 quos

2195 433 2262 486 ad
2331 433 2559 502 gentiles
2613 438 2668 485 et
2715 429 2929 486 Judasos
2971 430 3330 501 transfugere,
3358 447 3468 486 cum
3507 433 3579 489 his
3619 416 3700 491 adi

2193 523 2560 578 Christianam
2592 521 2907 592 religionem
2941 521 3340 576 exscindendam
3374 521 3564 578 foederis
3602 540 3671 580 so-

2194 615 2387 669 cietate
2419 627 2540 668 sese
2568 614 2898 682 conjungere
2926 630 2940 666 :
2971 612 3106 682 apud
3133 613 3228 667 hos
3256 613 3461 683 gratiam
3477 615 3674 671 laudem-

2193 727 2298 782 que
2320 711 2421 766 sibi
2448 725 2714 780 quaerere,
2744 709 2874 764 dum
2912 707 3326 764 Christianorum
3366 710 3582 780 dogmata
3623 729 3671 764 ar

2194 819 2371 868 sacra,
2420 819 2542 872 qua:
2589 800 2791 856 Judmis
2820 801 3152 862 scandalum.
3193 801 3426 872 gentibus
3453 803 3672 856 stultitia‘

2194 912 2371 964 erant.
2397 901 2530 958 risui
2558 916 2621 956 ac
2643 901 2877 956 ludibrio
2891 899 3548 969 eorumdem,exponereut;
3565 900 3674 954 unde

2196 993 2474 1065 religionis
2511 992 2736 1048 exitium
2767 992 2920 1060 sequi
2965 1005 3182 1046 necesse
3209 998 3336 1044 erat.
3376 988 3501 1060 lpsis
3521 989 3675 1046 deinde

2194 1086 2435 1142 veritatis
2466 1085 2953 1156 propugnatoribus
2981 1084 3184 1145 turbas,
3213 1071 3482 1137 seditiones
3507 1097 3559 1135 ac
3582 1098 3679 1153 per-

2194 1179 2500 1234 secutiones
2517 1178 2862 1248 gravissimas
2881 1177 3186 1231 excitabant
3210 1193 3221 1228 :
3246 1174 3440 1230 scilicet
3455 1183 3505 1227 ut
3521 1175 3595 1228 Dei
3609 1173 3683 1228 Ec-

2193 1272 2356 1326 clesia
2386 1270 2581 1324 horum
2612 1270 2859 1341 przesidio
2896 1270 3108 1328 orbata,
3140 1268 3270 1338 ipsis
3299 1266 3474 1337 praeda
3492 1265 3679 1320 cederet.

2192 1360 2317 1414 llaec
2330 1361 2436 1414 duo
2455 1360 2817 1414 accusationis
2837 1360 3031 1428 capita.
3059 1357 3294 1424 Quorum
3315 1365 3572 1428 utrumque
3588 1357 3684 1427 qui-

2192 1451 2294 1506 bus
2324 1451 2498 1507 Inodis
2518 1450 2728 1506 ellicere
2757 1460 3087 1505 conarentur
3115 1448 3320 1512 Ariani,
3339 1464 3449 1502 mox
3475 1449 3680 1503 ostendit.

2193 1542 2475 1599 Posterius
2517 1544 2754 1613 quidem,
2793 1544 2987 1613 inquit,
3034 1542 3324 1596 seditiones
3377 1549 3427 1594 et
3475 1555 3682 1609 persecu—

2192 1639 2374 1692 tiones
2421 1637 2631 1692 scilicet
2667 1638 2937 1702 excitant,
2998 1633 3304 1690 divexando
3328 1633 3608 1696 catholicos,
3643 1643 3684 1687 et

528 1725 718 1778 scribit
750 1725 881 1798 ὀρθῇ
913 1725 1183 1796 προθέσει,
1213 1724 1483 1780 confidere
1524 1727 1619 1780 ait.
1670 1726 1896 1790 Videtis,
1932 1737 2083 1798 puto,
2118 1723 2161 1778 Β
2191 1727 2313 1781 lites
2339 1726 2530 1780 iisdem
2571 1727 2910 1790 intentando,
2944 1741 3042 1796 per
3089 1724 3509 1779 muliercularum
3534 1723 3684 1779 amici-

527 1817 822 1884 auditores,
857 1832 1018 1887 quam
1067 1823 1226 1871 caute
1257 1825 1309 1870 et
1343 1817 1591 1888 religiose
1642 1820 1696 1873 in
1739 1821 2085 1890 antiquorum

525 1910 744 1980 scriptis
764 1907 1088 1963 versandum
1123 1907 1214 1971 sit,
1243 1923 1405 1977 quam
1437 1925 1543 1963 non
1571 1918 1775 1966 temere
1794 1914 2085 1983 quidquam

524 2000 865 2056 mutandum.
896 2003 1162 2057 Caeterum
1187 2003 1232 2056 si
1265 2001 1388 2070 quis
1407 1999 1652 2056 Grmcum
1695 2003 1856 2074 hujus
1885 2006 2088 2076 episto-

524 2093 588 2148 ιω
619 2095 899 2149 exordium
921 2109 1042 2148 cum
1071 2095 1236 2148 veteri
1270 2093 1551 2164 Epiphanii
1583 2096 1834 2153 versione
1863 2107 2088 2154 conten-

522 2185 636 2249 dat,
671 2186 827 2256 longe
851 2185 1118 2241 diversam
1149 2186 1268 2255 ejus
1300 2187 1544 2244 codicem
1575 2189 1900 2244 sententiam
1943 2207 2082 2260 pra:-

529 2278 716 2334 tulisse
747 2278 1000 2348 reperiet.

591 2369 669 2424 llli
695 2378 872 2425 autem
911 2371 1176 2424 malorum
1217 2370 1520 2435 hominum,
1551 2387 1716 2442 quam
1761 2372 1922 2428 modo
1949 2371 2083 2440 dixi,

523 2462 778 2532 προθέσει
810 2461 1102 2532 respondet
1135 2460 1278 2532 quod
1315 2463 1580 2532 sequitur,
1627 2478 1722 2519 eos
1743 2463 1945 2520 diaboli
1983 2466 2086 2518 im-

523 2550 683 2619 pulsu
712 2550 874 2604 veluti
903 2558 1074 2604 oestro
1110 2551 1343 2620 percitos
1374 2549 1500 2605 ferri
1535 2554 1615 2616 et;
1649 2553 1750 2623 τὴν
1792 2555 2086 2625 προκειμέ-

521 2658 618 2710 νην
648 2642 827 2705 αὐτοῖς
855 2642 1065 2714 ἡδονήν.
1122 2643 1240 2708 Quo
1268 2660 1390 2700 cum
1424 2655 1634 2702 certum
1662 2657 1716 2704 et
1749 2648 2082 2704 destinatum

523 2734 687 2788 animi
725 2735 1011 2790 consilium
1057 2735 1411 2806 significetur,
1462 2741 1667 2794 rectius
1718 2756 1747 2793 a
1783 2743 1949 2794 veteri
2000 2740 2079 2793 in-

520 2833 773 2894 terprete,
804 2827 1124 2894 propositam
1167 2828 1343 2882 animo
1385 2828 1674 2894 libidinem,
1706 2847 1867 2900 quam
1913 2846 1944 2884 a
1979 2830 2084 2886 Ca-

521 2917 777 2982 merario,
807 2917 1007 2973 obviam
1035 2920 1368 2984 voluptatem,
1400 2932 1490 2977 aut
1527 2939 1560 2976 a
1581 2933 1766 2978 nostro
1789 2925 2082 2993 interprete

521 3007 809 3074 Britanno,
844 3009 1132 3079 voluptates
1163 3027 1277 3080 qua:
1310 3013 1444 3082 forte
1477 3031 1530 3068 se
1559 3015 1804 3083 offerunt,
1837 3014 2080 3068 converti

521 3104 793 3158 existimo.
824 3102 956 3169 Quis
981 3105 1126 3158 enim
1151 3121 1258 3159 non
1281 3105 1444 3170 videt,
1463 3107 1562 3178 τὴν
1583 3107 1847 3178 τυχοῦσαν
1867 3106 2078 3178 ἡδονὴν,

521 3194 612 3246 καὶ
637 3193 734 3264 τὴν
774 3195 1154 3264 προκειμένην,
1190 3195 1503 3266 longissime
1551 3197 1691 3252 inter
1732 3212 1790 3252 se
1828 3198 2081 3264 diﬂerre;

521 3301 645 3340 eum
671 3285 759 3338 illa
783 3302 991 3352 casum,
1019 3288 1130 3342 haec
1155 3290 1445 3343 consilium
1461 3298 1516 3344 et
1531 3290 1846 3355 voluntatis,
1873 3299 1931 3344 ut
1946 3289 2078 3354 dixi,

521 3380 858 3450 propositum
883 3380 1232 3448 conjunctum
1255 3381 1490 3438 habeat?

593 3469 758 3524 Addit
783 3471 924 3526 hanc
949 3474 1223 3528 scribendi
1259 3490 1481 3530 causam
1518 3475 1619 3530 sibi
1652 3474 1841 3541 fuisse,
1879 3484 1936 3530 ut
1967 3491 2085 3530 mo-

523 3571 675 3618 neret
702 3571 929 3620 caeteros
961 3565 1314 3629 orthodoxos,
1351 3566 1628 3636 improbos
1662 3568 1784 3621 illos
1813 3569 2084 3624 cavendos

521 3671 662 3720 esse,
713 3656 800 3727 Μή
827 3674 910 3722 τις
953 3657 1129 3711 αὐτῶν
1157 3657 1420 3731 τολμήσῃ,
1452 3659 1646 3728 inquit,
1681 3659 1773 3711 καὶ
1804 3663 1922 3723 ταῖς
1952 3661 2085 3731 ὑμε-

521 3748 705 3820 τέραις
739 3749 1050 3820 παροικίαις
1082 3750 1354 3820 ἐπιϐῆναι.
1405 3749 1486 3805 Ne
1514 3751 1628 3821 quis
1661 3761 1860 3804 vestras
1888 3769 2085 3822 quoque

522 3842 816 3910 provincias
842 3842 1081 3896 invadere
1117 3843 1328 3897 audeat.
1364 3842 1516 3910 Quod
1547 3852 1606 3898 ut
1631 3853 1782 3899 vetus
1801 3853 1854 3900 et
1880 3861 2085 3914 germa-

523 3951 628 3990 nus
660 3927 974 3991 't'heodoriti
1019 3939 1284 4007 interpres
1332 3947 1477 3994 recte
1523 3946 1575 3992 et
1621 3937 1936 4008 simpliciter
1963 3954 2087 3994 ver-

524 4035 678 4094 tunt,
725 4029 797 4082 ita
828 4028 1032 4100 Anglus
1076 4039 1261 4084 noster
1300 4045 1430 4085 sane
1461 4046 1654 4101 magno
1687 4039 1741 4085 et
1776 4032 2085 4101 importuno

522 4121 814 4176 verborum
856 4125 1081 4190 ambitu,
1114 4127 1309 4179 erroris
1345 4125 1426 4178 sui
1456 4125 1670 4194 vestigia
1703 4123 1952 4178 Ecclesiis
1986 4125 2087 4177 im-

521 4216 744 4283 primere
776 4215 974 4271 reddit.
1005 4216 1136 4282 Quae
1161 4233 1226 4272 eo
1253 4233 1284 4270 a
1311 4233 1398 4273 me
1439 4216 1716 4279 dicuntur,
1746 4217 1890 4285 quod
1930 4216 2085 4272 fucos

523 4315 577 4359 et
608 4307 863 4378 phaleras
900 4308 1061 4378 longe
1101 4324 1131 4361 a
1159 4317 1308 4364 casta
1351 4316 1664 4363 sanctorum
1697 4307 1919 4361 Patrum
1961 4323 2086 4361 ora-

2188 1820 2319 1873 tiam
2351 1829 2405 1874 et
2436 1820 2812 1890 prcnsationes
2843 1837 2856 1870 :
2900 1818 3373 1874 Christianismum
3405 1831 3518 1870 vero
3539 1815 3684 1869 tradu-

2189 1920 2395 1976 cerent,
2445 1911 2573 1965 dum
2619 1911 2859 1980 ipsorum
2888 1911 3196 1978 juvenculae
3241 1910 3398 1964 libere
3434 1908 3538 1962 sine
3560 1904 3682 1960 modo

2187 2017 2242 2062 et
2292 2005 2578 2068 modestia,
2621 2004 2955 2074 vagabundae
3004 2019 3107 2073 per
3152 2004 3392 2059 civitates
3434 2001 3679 2084 oberrant:

2187 2114 2419 2170 quorum
2469 2106 2759 2166 utrumque
2790 2105 2873 2152 est
2911 2105 3109 2152 contra
3138 2095 3375 2166 Apostoli
3410 2092 3681 2153 doctrinam,

2186 2192 2277 2262 qui
2314 2189 2480 2259 priori
2507 2188 2576 2242 ad
2610 2187 2952 2244 Timotheum
2986 2205 3044 2256 v,
3086 2190 3151 2243 lt)
3175 2229 3190 2252 ,
3243 2186 3423 2242 viduas
3457 2183 3683 2254 sexaginta

2187 2298 2454 2337 annorum
2493 2280 2790 2352 eligendas,
2823 2280 3284 2335 adolescentiores
3311 2284 3477 2331 autem
3507 2275 3601 2330 sive
3619 2273 3685 2342 ju-

2187 2375 2443 2430 vcnculas
2473 2373 2793 2429 devitandas
2840 2371 3109 2444 praecipit.
3157 2369 3293 2424 Tum
3318 2383 3439 2424 vero
3467 2382 3590 2421 vers.
3614 2364 3686 2418 de—

2187 2469 2330 2522 cimo
2355 2468 2522 2524 tertio
2548 2466 2796 2538 ejusdem
2827 2465 3021 2536 capitis
3075 2471 3280 2528 monet,
3327 2476 3393 2516 ne
3427 2460 3591 2514 otiosae
3622 2456 3682 2510 di-

2185 2569 2312 2614 cant
2349 2560 2584 2615 circuire
2615 2560 2828 2621 domos,
2858 2559 3110 2613 verbosa:
3145 2565 3198 2612 et
3234 2555 3473 2618 curiosae,
3499 2548 3686 2607 etc.l\'e-

2183 2669 2290 2723 que
2311 2655 2454 2708 enim
2476 2653 2701 2706 dubium
2737 2652 2866 2706 illud
2916 2659 3021 2716 est,
3057 2652 3196 2720 quin
3230 2665 3296 2705 ex
3330 2649 3471 2703 hisce
3497 2639 3689 2714 Apostoli

2183 2746 2364 2799 verbis
2397 2752 2540 2800 totus
2567 2745 2654 2798 hic
2688 2744 2840 2798 locus
2861 2743 3257 2813 intelligendus
3291 2741 3358 2797 sit
3393 2747 3538 2809 atque
3557 2732 3691 2805 expli-

2183 2837 2408 2891 candus.
2443 2835 2499 2889 ln
2529 2836 2687 2906 cujus
2704 2851 2866 2891 sensu
2883 2835 3247 2906 exprimendo
3277 2835 3522 2902 interpres
3547 2834 3690 2882 noster

2184 2933 2320 2986 mire
2359 2942 2586 2986 securus
2624 2940 2729 2994 est,
2781 2931 3044 2986 divellens
3094 2941 3162 2986 et
3193 2928 3512 2986 confundens
3550 2920 3688 2978 omnia

2185 3036 2286 3090 pro
2314 3021 2485 3073 libito.
2522 3019 2674 3076 Unde
2707 3036 2802 3090 pro
2836 3035 2943 3074 una
2991 3025 3262 3075 continua
3305 3015 3568 3074 Alexandri
3595 3027 3687 3068 sen-

2183 3111 2372 3170 tentia.
2394 3126 2575 3166 meras
2608 3112 2766 3166 nobis
2801 3125 2995 3181 scopas
3032 3110 3334 3166 dissolutas
3363 3107 3573 3168 exhibet,
3598 3115 3686 3172 qua

2184 3204 2396 3274 singula
2426 3204 2677 3274 prosequi
2728 3204 3006 3260 taediosum
3060 3201 3231 3259 foret.
3269 3201 3326 3256 ld
3364 3203 3532 3261 miror,
3554 3203 3598 3250 et
3623 3207 3688 3247 re-

2184 3303 2349 3350 terem
2383 3304 2438 3350 et
2464 3311 2661 3350 novum
2689 3295 3056 3366 interpretem,
3091 3296 3317 3352 inverso
3357 3297 3504 3350 unius
3530 3289 3684 3345 Grati:

2183 3389 2334 3442 vocis
2359 3389 2576 3458 spiritu,
2597 3397 2856 3460 tanquam
2889 3389 3291 3444 vehementiori
3321 3387 3535 3460 procella
3569 3382 3688 3436 abre-

2183 3487 2326 3548 ptos,
2348 3480 2402 3533 in
2443 3480 3060 3552 scopulumjmpegisse.
3075 3479 3373 3536 Alexandri
3399 3477 3542 3534 verba
3561 3479 3686 3529 sunt:

2185 3571 2293 3642 Τὴν
2315 3571 2443 3640 γοῦν
2480 3572 2741 3643 Ἐλλήνων
2767 3590 2823 3625 τε
2850 3573 2942 3626 καὶ
2986 3572 3260 3625 Ἰουδαίων
3284 3571 3443 3640 ἀσεϐῆ
3467 3568 3572 3636 περὶ
3589 3566 3690 3632 Χρι”

2187 3662 2312 3716 στοῦ
2338 3663 2492 3730 δόξαν
2527 3664 2892 3735 κρατύναντες
2915 3707 2928 3728 ,
2954 3665 3044 3717 τὸν
3075 3665 3213 3735 παρ’
3242 3663 3414 3716 αὐτῶν
3433 3661 3617 3714 ἔπαινον
3634 3654 3689 3714 ὡς

2185 3758 2262 3810 ἔνι
2299 3757 2530 3827 μάλιστα
2557 3755 2849 3828 θηρῶνται.
2903 3753 3003 3809 Ubi
3058 3766 3255 3810 neuter
3296 3750 3564 3825 perspexit,
3592 3743 3690 3814 παρ’

2186 3849 2363 3904 ἀυτῶν
2393 3849 2497 3903 leni
2523 3848 2714 3917 spiritu
2746 3845 3070 3916 legendum;
3106 3853 3163 3898 et
3196 3861 3303 3898 non
3331 3845 3468 3914 ipsos
3487 3837 3690 3895 Arianos.

2187 3942 2280 3996 sed
2312 3940 2529 3995 Grmcos
2559 3947 2613 3994 et
2639 3937 2854 3993 Iudaeos
2911 3937 3162 4008 intelligi,
3213 3935 3355 4004 apud
3401 3948 3522 4004 quos
3565 3924 3691 3982 Chri-

2187 4043 2330 4089 stum
2363 4033 2634 4088 communi
2681 4046 2844 4102 opera
2872 4031 3261 4100 oppugnando,
3298 4029 3491 4083 laudem
3519 4019 3686 4078 studio-

2188 4123 2404 4177 sissime
2435 4122 2727 4192 captabant
2753 4121 2958 4174 Ariani.
2982 4120 3139 4186 Quod
3167 4130 3350 4176 tamen
3374 4112 3684 4174 Camerariutn

2188 4215 2536 4280 Theodoreti,
2573 4222 2626 4270 et
2657 4204 2899 4284 Langum
2938 4211 3232 4283 Nicephori
3259 4216 3568 4281 interpretem
3597 4214 3688 4254 non

2190 4306 2346 4377 fugit.
2383 4307 2643 4370 Quamvis
2689 4305 2830 4376 apud
2895 4304 3038 4358 hunc
3090 4320 3200 4359 non
3231 4305 3361 4375 παρ’
3405 4299 3570 4357 αὐτῶν,
3613 4290 3694 4348 sed

521 4400 668 4454 tione
689 4400 966 4454 amandari
989 4400 1146 4454 velim
1171 4419 1184 4455 :
1213 4415 1431 4470 easque,
1462 4407 1521 4453 ut
1546 4399 1645 4470 ipsi
1667 4399 1907 4455 studiose
1931 4414 2089 4454 cave-
2117 4421 2162 4476 ι)
2192 4401 2322 4471 παρ’
2345 4400 2526 4464 αὐτοῖς
2550 4401 2778 4470 legatur.
2807 4400 3068 4474 Caeterum
3094 4407 3155 4453 ut
3185 4399 3384 4468 reliqui
3410 4406 3569 4449 omnes
3604 4387 3694 4440 ha:-

525 4500 671 4552 runt.
705 4494 776 4547 ita
805 4509 905 4547 nec
931 4494 985 4546 in
1013 4494 1291 4549 versiones
1315 4507 1504 4548 eorum
1526 4493 1694 4546 menti
1722 4492 2086 4562 exprimendae

525 4585 889 4641 admittendas
913 4600 1128 4641 censeo.
1159 4584 1240 4640 Ita
1267 4585 1370 4640 sub
1394 4585 1660 4656 principio
1699 4601 1820 4656 pag.
1851 4601 1965 4656 seq.
1995 4602 2088 4642 ve-

523 4686 612 4732 tus
642 4679 930 4749 interpres,
977 4679 1074 4750 τὴν
1107 4679 1370 4751 σωτήριον
1393 4677 1627 4750 Χριστοῦ
1659 4678 1966 4749 οἰκονομίαν
1995 4680 2088 4733 καὶ

523 4771 590 4824 δι’
627 4773 774 4841 ἡμᾶς
817 4771 1170 4840 ταπείνωσινζ,
1217 4771 1503 4826 salutarem
1547 4769 1984 4839 dispensationem
2037 4781 2086 4826 et

523 4862 872 4915 humilitatem
904 4876 996 4928 pro
1043 4860 1189 4915 nobis
1223 4873 1536 4930 susceptam,
1572 4861 1753 4926 vertit,
1786 4873 1846 4915 ut
1893 4863 2088 4933 reliqui

525 4954 732 5008 Latina:
768 4953 1023 5009 Ecclesiae
1059 4953 1270 5018 Patres,
1311 4963 1366 5009 et
1396 4955 1646 5026 vulgatus
1671 4955 1968 5011 Bibliorum
1999 4959 2086 5012 in-

525 5053 734 5116 terpres
771 5047 918 5119 loqui
947 5057 1160 5116 amant;
1203 5048 1293 5103 ubi
1342 5059 1526 5103 noster
1554 5050 1891 5104 teconomt'am
1917 5060 1964 5104 et
2005 5051 2090 5104 ab-

525 5137 818 5203 iectionem,
864 5139 1045 5210 potius
1091 5156 1252 5212 quam
1281 5140 1696 5196 humiliationem
1730 5142 1994 5213 probavit.

597 5229 853 5300 Sequitur
880 5233 1076 5289 deinde
1108 5235 1260 5290 locus
1309 5250 1442 5291 sane
1489 5235 1737 5308 insignis,
1773 5252 1882 5307 quo
1927 5237 2087 5292 Alex-

527 5329 696 5382 ander
741 5331 954 5402 egregie
1002 5333 1262 5388 describit
1320 5333 1490 5387 malas
1539 5332 1865 5387 Arianorum
1919 5346 2083 5398 artes,

527 5419 724 5486 quibus
768 5424 1048 5479 veritatem
1093 5425 1319 5497 ejusque
1369 5428 1707 5490 defensores,
1744 5442 1849 5497 qua
1899 5437 2084 5497 aperta

527 5509 600 5574 vi.
626 5526 729 5581 qua
767 5513 952 5571 fraude
981 5519 1212 5585 occulta,
1247 5537 1340 5590 pcr
1367 5522 1652 5577 cuniculos
1681 5521 2082 5590 oppugnabant.

594 5671 609 5704 ⁸
644 5669 663 5728 Ι
700 5666 820 5722 Cor.
851 5685 891 5734 ι,
933 5670 1022 5727 23.

2189 4494 2361 4559 retici,
2405 4495 2480 4549 ita
2509 4493 2674 4549 Arius
2702 4509 2917 4564 quoque
2971 4494 3219 4563 parentis
3247 4495 3332 4548 sui
3363 4487 3541 4545 diaboli
3571 4484 3693 4551 inge-

2191 4588 2339 4642 nium
2368 4596 2621 4658 artesque
2644 4587 2908 4649 imitatus,
2930 4587 3051 4640 ficta
3083 4585 3306 4654 pietatis
3332 4581 3498 4653 specie
3519 4573 3695 4644 sequlo‘

2190 4681 2268 4735 ris
2291 4695 2454 4736 sexus
2477 4680 2812 4750 simplicitati
2839 4680 3026 4734 illusit.
3051 4678 3302 4748 Cumque
3323 4676 3572 4730 Christum
3587 4664 3700 4720 diri‘

2193 4772 2382 4826 nitatis
2409 4772 2580 4841 gloria
2603 4771 2910 4841 spoliasset,
2951 4769 3358 4825 sanctissimum
3383 4776 3576 4835 quoque
3599 4756 3692 4825 eius

2195 4865 2463 4934 peculium
2505 4864 2758 4918 invadere
2814 4878 2878 4916 ac
2912 4863 3263 4917 intervenere
3321 4874 3425 4914 non
3457 4848 3692 4910 dubitavit.

2195 4959 2296 5026 Qui
2323 4960 2688 5028 septingentas
2707 4956 2942 5026 virgines
2963 4954 3180 5010 Christo
3199 4958 3534 5009 consecratas
3557 4943 3695 5015 primo
3724 4973 3732 4983 .

2193 5053 2434 5107 omnium
2469 5053 2522 5106 in
2559 5065 2686 5106 suas
2734 5057 2916 5118 partes
2945 5047 3240 5118 pertraxit,
3271 5061 3393 5101 cum
3416 5041 3603 5098 interim
3627 5032 3693 5084 vi!

2193 5155 2394 5214 septem
2422 5144 2764 5215 presbyteros
2787 5150 2841 5198 et
2862 5141 3121 5196 diaconos
3169 5137 3452 5194 duodecim
3477 5130 3568 5187 sibi
3585 5138 3691 5180 cono

2189 5238 2447 5293 ciliasset.
2495 5235 2569 5289 lta
2625 5235 2851 5297 scilicet,
2891 5232 3159 5286 εὐόλισθον
3201 5231 3295 5283 καὶ
3340 5221 3582 5297 σφαλερόν
3625 5215 3691 5269 καὶ

2191 5329 2580 5400 εὐπαράγωγον
2638 5326 2700 5379 τὸ
2747 5326 2852 5380 τῶν
2904 5323 3170 5393 γυναικῶν
3213 5321 3386 5391 γένος.
3447 5313 3538 5371 Sed
3595 5318 3685 5400 etilli

2192 5394 2506 5477 Alexander
2535 5420 2636 5474 hoc
2670 5421 2791 5474 loco
2819 5418 3102 5474 mulierum
3139 5430 3298 5486 opera
3331 5407 3598 5498 Ecclesiaut
3623 5394 3687 5498 ⁶ειι·

2195 5514 2322 5570 Ario
2347 5513 2548 5570 scribat
2568 5520 2950 5583 oppugnatam,
2985 5507 3307 5566 dubitaverit
3333 5505 3453 5576 quis
3487 5491 3600 5554 haud
3621 5491 3688 5542 inr
