3906 6194
265 225 374 283 εδδ

1717 213 2020 271 NOTITIA.

3405 207 3503 266 551

263 343 440 415 juria,
478 332 918 396 numuseduetas
950 336 1073 394 illas
1129 343 1181 394 et
1224 335 1402 393 fatuas
1459 335 1719 406 virgines,
1767 351 1835 389 an
1867 341 1911 396 Α
1939 334 2423 404 αιῳιθοὶιεευιιυιη,
2477 331 2703 401 parique
2753 325 3172 398 investigatione
3224 326 3496 396 Inquiren-

271 434 423 490 aliud
453 434 630 504 potius
683 431 1007 486 feminarum
1042 445 1214 501 genus
1243 429 1328 482 vir
1381 435 1604 484 sanctus
1635 428 1840 481 intelli-

277 537 418 597 gat:
465 540 600 595 quas
654 525 876 594 quidem
915 524 1030 594 ipse
1087 522 1424 576 mulierculas
1478 522 1738 590 impuros,
1793 519 1839 574 si

269 618 446 688 Anglo
472 617 760 688 interpreti
788 616 1061 671 credimus
1086 654 1102 680 ,
1135 623 1189 669 et
1235 614 1460 669 tenellas
1521 611 1840 666 meretricu-

268 712 349 766 las
399 718 600 765 vocat:
649 709 743 764 sed
777 723 967 764 vereor
997 707 1258 778 profecto,
1297 720 1364 760 ne
1403 704 1492 759 ille
1548 700 1839 758 Alexandri

265 809 510 857 mentem
542 816 606 855 ac
651 801 818 856 verba
865 799 1032 854 nimis
1091 797 1444 852 inclementer
1485 793 1836 864 expresserit.

263 893 414 961 Quas
457 893 606 948 enim
658 894 891 961 impuros
925 891 1014 945 ille
1048 889 1230 954 vertit,
1284 886 1611 958 γυναικάρια
1632 886 1840 939 ἄτακτα

263 985 579 1039 Alexander
629 999 764 1040 voce
801 997 830 1036 a
866 982 928 1036 D.
962 980 1132 1036 Paulo
1175 987 1420 1034 mutuata
1468 978 1722 1049 appellat.
1763 975 1840 1030 lta

264 1076 412 1130 enim
460 1075 756 1146 Apostolus
803 1071 870 1126 ΙΙ
899 1070 1138 1126 Thessal.
1192 1085 1276 1134 ιιι,
1311 1069 1367 1133 6,
1422 1076 1606 1124 monet
1651 1075 1710 1122 ut
1741 1085 1840 1123 nos

264 1168 658 1224 subtrahamus
685 1165 794 1221 ἀπὸ
839 1165 1039 1228 παντὸς
1064 1163 1291 1234 ἀδελφοῦ
1337 1161 1586 1224 ἀτάκτως
1614 1177 1843 1231 περιπα-

260 1259 508 1323 τοῦντος,
543 1258 608 1312 ab
657 1259 800 1313 omni
830 1258 999 1327 fratre
1037 1257 1333 1310 inordinate
1381 1253 1702 1307 ambulante.
1738 1250 1840 1306 Ubi

260 1353 484 1423 egregie
528 1351 851 1407 scholiastes
877 1347 1098 1403 Graacns
1131 1366 1144 1402 :
1182 1345 1448 1409 Ἀτακτός
1478 1348 1625 1399 ἐστιν
1656 1346 1684 1396 ὁ
1720 1343 1841 1413 δίχα

260 1443 475 1508 τάξεως
524 1442 750 1496 καὶτῶν
795 1441 890 1495 τοῦ
945 1439 1080 1493 Θεοῦ
1111 1440 1290 1509 νόμων
1319 1436 1653 1510 περιπατῶν.
1687 1434 1842 1502 Quod

259 1535 521 1606 equidem
565 1535 645 1589 sic
675 1532 1085 1602 explicaverim,
1147 1529 1381 1584 ἄτακτον
1425 1529 1540 1584 sive
1573 1527 1844 1581 inordina-

261 1637 371 1683 tum
406 1629 544 1692 dici,
577 1629 669 1699 qui
718 1642 831 1682 suae
882 1625 1189 1682 vocationis
1239 1624 1484 1680 ordinem
1530 1624 1782 1694 legesque
1810 1638 1840 1675 a

1942 427 2068 480 dum
2101 425 2332 480 videtur.
2358 423 2420 479 D.
2448 422 2813 492 Hieronymus
2850 418 3080 490 epistola
3120 416 3189 472 ad
3228 415 3506 472 Salvinam

1942 514 2019 570 De
2048 515 2298 578 viduitate
2318 512 2596 579 seruanda,
2645 512 2792 566 hunc
2832 508 3078 579 Apostoli
3125 507 3307 564 locum
3336 507 3509 577 expli-
3541 499 3544 504 ’

1941 620 2097 668 cans,
2129 605 2196 660 de
2224 604 2452 676 collegio
2474 603 2579 668 vel,
2619 612 2680 656 ut
2737 614 2884 655 nunc
2923 599 3219 668 loquimur,
3270 597 3509 668 hospitio

1940 695 2225 750 viduarum
2257 695 2476 763 accipit,
2509 709 2631 763 quae
2660 691 2890 763 publicis
2918 693 3173 748 Ecclesia:
3201 689 3511 760 sumptibus

1942 788 2224 842 alebantur
2261 785 2456 851 :Illas,
2485 785 2682 856 inquit,
2731 785 2841 839 vult
2893 784 3142 840 Ecclesia:
3181 782 3365 852 opibus
3390 797 3512 835 sus-

1943 878 2154 942 tentari,
2201 893 2318 948 qua:
2349 879 2574 946 propriis
2605 877 2846 931 manibus
2879 893 2982 931 non
3008 884 3200 946 queunt
3219 873 3462 928 laborare
3489 887 3510 926 :

1939 985 2190 1038 quaevera
2237 969 2411 1024 vidua:
2437 980 2580 1032 sunt,
2611 987 2742 1040 quas
2770 981 2817 1024 et
2856 979 2986 1024 wtas
3039 969 3225 1038 probat
3270 977 3321 1023 et
3377 968 3504 1022 uita.

1944 1061 2051 1118 Sed
2081 1078 2271 1118 vereor
2294 1071 2354 1117 ut
2391 1063 2637 1133 Apostoli
2696 1078 2851 1119 mens
2901 1064 2967 1118 ad
2999 1063 3169 1118 solam
3203 1064 3344 1117 hanc
3373 1079 3509 1135 pau-

1941 1171 2130 1226 perum
2187 1163 2240 1211 et
2269 1163 2426 1210 aetate
2479 1155 2852 1212 confectarum
2903 1156 3190 1211 viduarum
3227 1164 3508 1212 sustenta-

1943 1249 2144 1307 tionem
2195 1251 2448 1321 restringi
2478 1231 2670 1321 possit.
2716 1250 2851 1306 Nam
2886 1253 3192 1307 ministerio
3249 1251 3510 1307 Ecclesiae

1941 1343 2235 1400 virtutibus
2256 1351 2309 1399 et
2331 1353 2489 1400 aetate
2521 1345 2774 1415 probatas
2822 1345 2946 1416 eligi
2983 1344 3291 1416 praeﬁcique
3319 1346 3509 1401 solitas

1940 1435 2026 1491 vel
2047 1435 2179 1490 illud
2207 1443 2524 1508 argumento
2559 1445 2664 1500 est,
2690 1437 2833 1508 quod
2879 1425 3072 1493 viduas
3123 1437 3506 1507 illasprimum

1941 1529 2152 1584 discere
2175 1529 2329 1598 jubet
2359 1530 2671 1599 Apostolus,
2711 1529 2805 1600 qui
2826 1529 3100 1600 prepriam
3130 1529 3351 1584 domum
3371 1529 3510 1583 bene

1942 1630 2131 1693 regant
2164 1642 2176 1676 :
2209 1622 2640 1677 Μανθανέτωσαν
2693 1623 2927 1696 πρῶτον,
2971 1624 3155 1694 inquit
3187 1664 3201 1685 ,
3241 1621 3331 1675 τὸν
3381 1621 3511 1675 ἴδιον

259 1719 372 1775 Deo
405 1720 724 1789 propositas
745 1733 853 1773 non
903 1717 1160 1772 observat
1196 1733 1210 1768 :
1243 1717 1332 1769 cui
1389 1715 1588 1786 impuri
1642 1730 1841 1769 nomen

1944 1711 2090 1768 οἶκον
2123 1715 2382 1772 εὐσεϐεῖν.
2417 1715 2658 1771 Similem
2693 1717 2836 1772 enim
2875 1718 3072 1786 publici
3106 1717 3350 1773 muneris
3383 1715 3514 1787 πρό-

256 1811 485 1880 proprie
534 1809 880 1866 tribuendum
942 1807 1087 1863 haud
1128 1816 1283 1879 puto.
1324 1806 1675 1863 Mulierculas
1711 1822 1843 1863 vero

255 1901 514 1972 impuras
549 1918 730 1967 nemo,
762 1901 945 1965 credo,
985 1901 1275 1973 intelliget,
1309 1900 1413 1956 nisi
1445 1915 1567 1970 quae
1596 1899 1844 1970 volupta-

255 2000 378 2047 tum
409 2007 476 2048 ac
514 1992 804 2049 libidinum
831 2007 990 2048 creno
1021 1991 1312 2056 immersae,
1347 1990 1546 2046 [tedam
1595 1993 1843 2062 corporis

254 2084 346 2140 sui
379 2085 598 2156 copiam
656 2084 779 2139 aliis
846 2081 1076 2140 faciunt.
1109 2083 1246 2139 lllud
1294 2098 1424 2139 vero
1475 2083 1697 2154 gravius
1734 2090 1840 2146 est,

259 2193 405 2249 quas
443 2175 755 2233 Alexander
786 2177 907 2233 loco
948 2177 1199 2248 superius
1230 2191 1261 2231 a
1288 2176 1446 2233 nobis
1493 2176 1676 2241 allato,
1712 2176 1844 2232 sim-

257 2271 484 2340 pliciter
513 2268 783 2340 νεωτέρας
809 2276 989 2333 vocat,
1027 2267 1242 2323 tenellas
1271 2267 1633 2321 meretriculas
1686 2265 1840 2322 verti.

256 2361 426 2428 Quod
455 2359 689 2416 Romani
718 2361 956 2417 editores
1005 2361 1110 2416 hoc
1160 2355 1281 2416 loco
1326 2360 1739 2430 interpolantes,
1769 2367 1844 2413 te-

260 2454 437 2508 nellas
456 2453 768 2524 juvenculas
791 2453 1196 2510 substituerunt
1230 2469 1243 2504 :
1278 2452 1602 2509 clementius
1623 2449 1842 2518 quidem

262 2546 427 2611 illud,
463 2547 560 2602 sed
592 2545 778 2602 nescio
808 2555 990 2602 tamen
1025 2561 1092 2601 an
1124 2547 1259 2601 satis
1288 2546 1354 2601 ad
1383 2544 1674 2601 Alexandri
1692 2559 1842 2599 men-

263 2645 401 2693 tem.
439 2635 617 2705 Quam
673 2645 733 2690 ut
779 2637 994 2707 planius
1047 2638 1370 2710 pleniusque
1424 2638 1840 2709 perspiciamus,

261 2728 557 2799 copiosius
588 2729 834 2785 nonnihil
867 2730 1224 2786 diﬂ'erendum
1257 2731 1362 2787 erit
1414 2731 1481 2786 de
1520 2730 1841 2786 mulieribus

262 2817 381 2874 illis
435 2834 561 2890 qua:
582 2819 811 2890 gradum
862 2829 956 2876 aut
978 2822 1224 2877 ordinem
1273 2829 1368 2876 aut
1401 2818 1688 2876 ministerii
1734 2819 1843 2876 olli-

263 2910 418 2964 cium
447 2912 501 2966 in
533 2910 776 2968 Ecclesia
805 2913 936 2968 olim
983 2913 1336 2969 obtinuerunt
1367 2929 1379 2965 :
1422 2927 1652 2984 quarum
1683 2914 1842 2984 origi-

265 3018 398 3058 nem
426 3019 491 3059 ex
520 3005 699 3060 sacris
753 3005 950 3062 litteris
978 3022 1087 3061 una
1129 3005 1426 3076 eademque
1446 3019 1608 3076 opera
1669 3005 1840 3061 dedu-

260 3103 415 3150 ctam
441 3096 858 3166 explicabimus.
911 3096 978 3150 Et
1025 3097 1159 3152 mihi
1205 3096 1422 3168 quidem
1470 3105 1617 3152 recte
1645 3101 1710 3153 ad
1735 3098 1838 3152 tria

256 3202 468 3259 genera
519 3188 768 3242 revocari
806 3186 1081 3244 videntur.
1138 3187 1378 3255 Quorum
1425 3188 1684 3259 dignitate
1728 3190 1842 3259 pri-

257 3267 413 3334 mum
450 3286 539 3334 est
564 3279 832 3350 virginum
861 3279 1190 3346 institutum,
1245 3296 1355 3335 non
1404 3280 1521 3334 heri
1555 3288 1649 3334 aut
1681 3281 1842 3338 hodie

259 3370 668 3436 introductum,
720 3381 780 3426 ut
823 3371 1062 3427 haeretici
1120 3374 1296 3428 nostri.
1350 3374 1610 3444 temporis
1665 3373 1842 3444 impu-

258 3464 461 3519 denter
519 3464 683 3519 simul
732 3473 786 3520 et
822 3465 1068 3535 imperite
1096 3464 1402 3520 afﬁrmant:
1432 3466 1527 3522 sed
1575 3481 1682 3520 una
1717 3481 1840 3520 cum

263 3560 515 3615 Ecclesia
547 3566 756 3622 natum,
799 3559 1067 3614 autetiam
1100 3557 1342 3613 Ecclesia
1377 3557 1497 3628 ipsa
1525 3557 1839 3628 antiquius:

258 3651 471 3723 quippe
492 3649 654 3718 cujus
683 3650 924 3720 exempla
947 3656 1040 3703 aut
1065 3648 1323 3720 praeludia
1355 3647 1411 3702 in
1434 3648 1604 3703 veteri
1628 3663 1845 3718 quoque

261 3743 479 3800 {cedere
527 3741 899 3812 agnoscimus.
961 3740 1220 3807 Quamvis
1276 3739 1448 3794 multo
1509 3738 1844 3808 splendidior

258 3838 384 3908 ejus
420 3836 598 3907 gloria
631 3835 685 3889 in
713 3849 855 3888 novo
907 3833 1222 3890 reiulserit:
1257 3832 1349 3886 ubi
1384 3830 1623 3902 Virginis
1649 3829 1840 3896 Filius,

260 3927 533 3984 Ecclesiae
584 3933 748 3981 castae
785 3923 1010 3997 virginis
1053 3939 1324 3995 sponsus,
1373 3922 1741 3994 virginitatem
1789 3933 1844 3980 et

261 4022 524 4078 doctrina
547 4030 600 4076 et
621 4019 869 4089 exemplo
916 4034 1016 4074 suo
1061 4017 1352 4090 gloriosius
1384 4017 1726 4072 consecravit
1752 4033 1765 4069 :
1789 4025 1844 4073 et

261 4113 569 4186 Apostolus
601 4110 726 4182 περὶ
764 4111 1048 4180 ἰσαγγὲλου
1069 4110 1348 4174 πολιτείας
1370 4124 1528 4166 suum
1552 4109 1842 4166 consilium

263 4205 485 4278 prolixe
511 4201 812 4258 Corinthiis
847 4201 902 4255 in
939 4198 1240 4271 lEpIstola,
1271 4214 1395 4270 cap.
1439 4213 1539 4264 vn,
1569 4199 1839 4269 exposuit.

271 4297 667 4369 Virginitatem
695 4292 892 4349 deinde
934 4292 1180 4363 sequitur
1227 4292 1504 4355 viduatus,
1538 4298 1597 4345 ut
1629 4290 1843 4346 Tertul-

1947 1824 2140 1879 πειραν
2167 1807 2222 1862 in
2244 1808 2500 1879 episcopo
2533 1810 2691 1880 paulo
2720 1819 2844 1864 ante
2871 1808 3048 1864 eidem
3085 1807 3370 1864 Timotheo
3400 1814 3514 1860 tra-

1945 1899 2045 1963 dit,
2078 1905 2279 1954 rectam
2313 1899 2523 1955 scilicet
2550 1899 2772 1970 privatae
2791 1901 3008 1954 familia:
3035 1900 3509 1971 gubernationem.

1947 1992 2051 2049 Sed
2075 1991 2207 2064 quid
2241 1993 2564 2048 circuitione
2587 2009 2726 2062 opus
2754 2001 2860 2057 est,
2895 2007 3037 2048 cum;
3063 2003 3116 2048 et
3134 1992 3345 2062 privata
3379 2006 3511 2045 san-

1944 2095 2155 2143 ctorum
2185 2086 2426 2152 Patrum,
2460 2096 2514 2143 et
2541 2087 2756 2157 publica
2787 2085 3146 2162 conciliorum
3188 2085 3512 2141 auctoritate

1944 2176 2348 2250 ἀναντιρῤήτως
2371 2178 2656 2232 evincatur
2701 2177 2892 2232 viduas
2918 2177 3008 2232 hic
3029 2178 3097 2231 ab
3142 2177 3404 2247 Apostolo
3427 2175 3512 2230 in-

1943 2271 2112 2341 telligi
2173 2271 2428 2327 mulieres
2481 2270 2604 2326 illas
2665 2283 2803 2340 quas
2857 2284 2889 2322 a
2938 2268 3282 2325 ministrandi
3336 2268 3513 2324 ollicio

1943 2363 2115 2420 Graeci
2155 2362 2454 2428 διακόνους,
2515 2361 2694 2416 Latini
2754 2361 2918 2416 etiam
2973 2362 3286 2428 ministras,
3352 2368 3408 2414 ut
3444 2376 3512 2416 ex

1943 2454 2104 2510 Plinii
2125 2453 2370 2510 Junioris
2407 2454 2609 2510 celebri
2654 2454 2746 2508 illa
2780 2454 2861 2509 de-
2898 2452 3224 2508 Christianis
3279 2451 3510 2522 epistola

1943 2554 2176 2610 constat,
2207 2554 2262 2602 et
2281 2546 2619 2602 diaconissas
2646 2545 3023 2616 appellarunt?
3051 2544 3126 2600 De
3155 2545 3353 2616 quibus
3376 2544 3515 2616 Apo-

1943 2640 2115 2696 stolus
2136 2638 2378 2695 disertim
2409 2647 2553 2705 ante,
2593 2639 2685 2694 sed
2716 2639 2905 2708 paucis
2953 2638 3273 2695 meminerat
3301 2653 3421 2706 cap.
3452 2653 3511 2691 ιιι

1942 2730 2184 2801 ejusdem
2210 2729 2482 2800 Epistolas.
2517 2729 2650 2784 Nam
2697 2730 2790 2785 ubi
2823 2731 2889 2786 de
2941 2729 3186 2785 diaconis
3217 2729 3514 2800 probandis

1943 2823 2413 2894 suscipiendisque
2434 2824 2565 2893 agit,
2616 2822 2895 2893 subjungit
2935 2831 3027 2875 aut
3058 2821 3376 2892 interjungit
3424 2835 3514 2890 po-

1941 2917 2069 2982 tius,
2093 2917 2364 2979 Γυναῖκας
2379 2915 2638 2978 ὡσαύτως
2661 2915 2884 2986 σεμνάς,
2917 2923 3048 2975 etc.,
3069 2913 3308 2967 mulieres
3328 2912 3514 2965 simili-

1944 3022 2022 3066 ter
2045 3010 2408 3080 pudicas,etc.;
2427 3011 2712 3072 Γυναῖκας,
2734 3007 2909 3077 inquit
2926 3007 3148 3062 Graecus
3163 3005 3508 3069 scholiastes,

1942 3105 2002 3158 οὐ
2031 3105 2128 3168 τὰς
2147 3104 2484 3176 οἱασδήποτε,
2513 3102 2645 3156 ἀλλὰ
2662 3102 2760 3166 τὰς
2791 3102 3087 3165 διακόνους·
3109 3099 3231 3154 Non
3258 3117 3514 3172 quascun-

1942 3207 2058 3260 que,
2090 3191 2290 3260 inquit,
2318 3191 2559 3245 mulieres
2590 3189 2858 3260 intelligit,
2901 3190 2990 3244 sed
3020 3190 3370 3246 diaconissas.
3402 3188 3514 3244 Cur

1945 3279 2089 3334 enim
2109 3279 2252 3334 inter
2274 3280 2505 3334 clericos
2535 3281 2851 3347 quarumvis
2907 3281 2974 3335 de
3013 3281 3174 3352 vulgo
3219 3281 3510 3335 mulierum

1943 3372 2270 3428 mentionem
2298 3373 2587 3443 injiceret?
2617 3369 2804 3442 Neque
2851 3373 3010 3427 aliter
3043 3371 3105 3427 D.
3150 3372 3512 3444 Hieronymus

1945 3467 2002 3520 in
2028 3465 2333 3522 Comment.
2388 3466 2454 3520 ad
2486 3465 2632 3520 hunc
2660 3466 2860 3520 locum.
2904 3465 3175 3528 Mulieres,
3214 3465 3411 3536 inquit,
3438 3467 3514 3520 si-

1946 3559 2142 3613 militer
2158 3567 2216 3612 ut
2238 3558 2484 3612 diacones
2507 3557 2631 3628 eligi
2662 3556 2832 3626 jubet.
2862 3555 3009 3610 Unde
3038 3557 3348 3627 intelligitur
3374 3558 3512 3627 quod

1945 3648 2008 3703 de
2032 3649 2112 3703 his
2145 3648 2290 3703 dicat
2321 3666 2452 3720 quas
2477 3647 2646 3703 adhuc
2675 3647 2826 3703 hodie
2845 3648 2900 3701 in
2937 3646 3147 3703 Oriente
3179 3648 3512 3702 diaconissas

1947 3741 2234 3812 appellant.
2265 3741 2498 3811 Apparet
2521 3757 2648 3812 ergo
2669 3739 2930 3794 διακόνων
2958 3754 3154 3794 nomen
3175 3780 3190 3805 ,
3226 3739 3515 3809 utriusque

1945 3848 2110 3888 sexus
2132 3833 2382 3903 personis
2406 3833 2660 3888 Ecclesia:
2687 3831 3125 3888 ministrantibus
3157 3832 3212 3886 in
3237 3831 3339 3888 hoc
3367 3831 3514 3902 Apo-

1944 3925 2068 3981 stoli
2105 3926 2224 3981 loco
2247 3941 2368 3981 esse
2395 3939 2682 3981 commune
2715 3939 2728 3976 :
2762 3924 2990 3994 quodin
3019 3925 3295 3989 διακόνους
3325 3933 3379 3980 et
3400 3925 3516 3978 δια-

1945 4018 2197 4082 κονίσσας
2217 4029 2402 4088 postea
2446 4016 2765 4072 distinctum
2813 4018 2930 4071 luit.
2983 4016 3154 4073 Hasce
3185 4027 3366 4073 autem
3397 4018 3514 4072 dia-

1944 4112 2213 4174 conissas,
2244 4110 2531 4165 viduarum
2583 4125 2800 4181 quoque
2839 4110 3061 4166 nomine
3085 4126 3114 4164 a
3146 4109 3208 4164 D.
3233 4109 3403 4165 Paulo
3431 4112 3514 4165 in—

1945 4203 2111 4275 telligi
2164 4210 2397 4258 testatur
2452 4202 2593 4258 idem
2652 4203 3034 4274 Hieronymus,
3087 4202 3179 4272 qui
3234 4203 3301 4257 ad
3349 4203 3512 4258 verba

1944 4293 2192 4364 Apostoli
2223 4293 2290 4349 de
2308 4294 2483 4350 viduae
2506 4295 2789 4358 electione,
2820 4294 2900 4348 sic
2933 4300 3119 4348 notat:
3151 4293 3303 4347 Tales
3351 4294 3513 4347 voluit

267 4390 401 4447 liani
433 4402 569 4443 voce
602 4395 744 4450 utar,
770 4386 884 4441 sive
903 4385 1038 4440 ordo
1068 4383 1376 4451 viduarum,
1411 4399 1530 4455 qua
1582 4392 1702 4454 post
1735 4385 1848 4454 pri-
1877 4401 1921 4456 ι)
1948 4389 2070 4458 eligi
2105 4386 2433 4442 diaconissas
2493 4404 2610 4457 qua:
2672 4387 2911 4442 omnibus
2965 4396 3136 4440 essent
3193 4386 3509 4456 exemplum.

267 4498 391 4536 mas
429 4478 667 4548 nuptias,
711 4477 844 4540 sive,
873 4483 934 4531 ut
977 4476 1118 4532 idem
1169 4475 1537 4531 Tertullianns
1585 4475 1840 4546 loquitur,

269 4580 398 4644 post
428 4585 596 4625 unum
631 4567 1039 4622 matrimonium
1068 4569 1446 4637 interceptum,
1472 4565 1668 4622 exinde
1689 4567 1842 4622 sexui

269 4673 322 4718 et
345 4661 555 4720 smenlo
615 4661 1024 4716 renuntiabant.
1081 4659 1157 4715 De
1216 4660 1298 4715 his
1326 4675 1543 4736 quoque
1598 4659 1844 4730 Apostoli

275 4763 605 4831 praceptum
632 4759 809 4808 exstat
837 4752 902 4806 ad
936 4751 1277 4806 Timotheum
1312 4751 1479 4821 priori
1500 4752 1671 4822 Epist.
1717 4767 1838 4822 cap.

169 4915 178 4924 ν
276 4864 334 4913 v,
357 4865 415 4901 v.
444 4847 516 4902 9:
564 4846 735 4900 Vidua
785 4844 1014 4914 eligatur
1044 4861 1146 4898 non
1181 4845 1355 4897 minus
1382 4860 1640 4897 annorum
1689 4859 1844 4898 sexa-

278 4940 443 5008 ginta.
476 4937 596 5005 Quo
627 4938 745 4992 loco
793 4936 1084 5006 Apostolus
1108 4943 1162 4990 et
1203 4934 1432 4990 virtutes
1464 4935 1516 4989 in
1561 4935 1724 4990 vidua
1755 4949 1843 4989 re-

278 5032 512 5103 quisitas
548 5038 817 5095 recenset,
845 5037 898 5085 et
927 5037 1141 5084 aetatem
1175 5040 1431 5100 praeterea
1460 5027 1720 5098 eligendae
1753 5028 1844 5082 de-

279 5125 420 5180 ﬁnit.
460 5124 565 5180 Sed
599 5123 686 5179 cui
715 5123 830 5189 lini,
860 5123 948 5178 cui
979 5123 1150 5192 operi,
1201 5121 1289 5177 cui
1335 5122 1637 5178 ministerio
1672 5121 1838 5193 elige-

279 5218 472 5272 batur?
500 5214 833 5273 Scholiastes
856 5213 1098 5279 Graecus,
1133 5215 1227 5286 qui
1257 5215 1314 5268 in
1356 5214 1475 5269 aliis
1522 5229 1746 5268 succum
1788 5220 1842 5269 et

279 5309 564 5363 medullas'
600 5307 700 5363 SS.
756 5307 978 5362 Patrum
1012 5307 1267 5362 exhibere
1300 5306 1458 5370 solet,
1505 5305 1702 5361 dubius
1739 5305 1843 5360 hae-

278 5417 404 5456 rere
427 5401 643 5456 videtur
670 5419 680 5453 :
712 5402 846 5453 Φασὶ
865 5401 922 5454 δὲ
937 5400 1033 5464 τὰς
1058 5402 1136 5463 εἰς
1166 5399 1227 5452 τό
1251 5398 1477 5469 χηρικόν
1503 5399 1840 5470 τεταγμένας

281 5493 480 5558 λέγειν·
507 5492 687 5556 Aiunt,
724 5493 919 5561 inquit,
955 5491 1260 5560 Apostolum
1310 5492 1449 5561 loqui
1500 5491 1562 5545 de
1596 5492 1701 5545 illis
1725 5507 1841 5560 qua'

282 5587 350 5636 nd
380 5584 683 5637 viduitatem
715 5583 970 5637 ordinata:
993 5591 1161 5636 erant.

355 5673 461 5734 Sed
485 5675 612 5746 quid
642 5675 754 5746 ipse
779 5674 1094 5732 scholiastes
1123 5689 1216 5746 per
1240 5676 1302 5730 τὸ
1329 5673 1546 5744 χηρικόν
1578 5673 1841 5746 intelligat

1948 4478 2203 4534 Testatur
2225 4491 2278 4535 et
2303 4479 2638 4551 Epiphanius
2663 4481 2718 4534 in
2750 4479 3245 4550 Collyridianorum
3278 4479 3468 4535 hmresi
3490 4520 3505 4542 ,

1945 4585 2063 4640 cap.
2104 4571 2158 4634 4,
2186 4571 2275 4626 ubi
2307 4572 2705 4627 observandum
2737 4579 2941 4634 monet,
2970 4572 3032 4625 τὸ
3062 4571 3509 4644 ἐκκλησιαστικὸν

1943 4663 2155 4734 τάγμα,
2206 4661 2441 4716 ordinem
2482 4662 2930 4728 ecclesiasticum,
2977 4677 3086 4718 non
3143 4663 3284 4718 ul-tra
3335 4663 3511 4718 diaco-

1945 4758 2128 4813 nissas
2156 4754 2404 4822 extendi;
2431 4754 2636 4810 addens
2656 4755 2876 4826 ε-Χήρας
2897 4771 2956 4807 τε
2977 4754 3247 4825 ὠνόμασε,
3273 4755 3364 4808 καὶ
3391 4756 3483 4808 τού
3501 4786 3516 4795 -

1944 4864 2051 4900 των
2098 4845 2199 4910 τὰς
2250 4845 2327 4898 ἔτι
2374 4845 2675 4917 γραοτέρας
2718 4843 3080 4916 πρεσϐύτιδας
3105 4885 3121 4909 ,
3185 4845 3419 4915 οὐδαμοῦ
3457 4847 3514 4898 δὲ

1946 4936 2370 5009 πρεσϐυτερίδας
2405 4937 2437 5008 ἢ
2477 4936 2737 5008 ἱερίλσσας.
2799 4935 2968 5002 Quas,
3003 4936 3201 5007 inquit,
3226 4934 3510 5004 Apostolus

1944 5030 2105 5082 etiam
2136 5029 2319 5083 viduas
2349 5029 2648 5098 appellavit,
2677 5044 2959 5100 earumque
2985 5038 3140 5100 aetate
3165 5029 3510 5100 provectiores

1946 5119 2307 5192 πρεσϐύτιδας
2337 5118 2476 5193 [sive
2510 5118 2786 5192 seniores],
2813 5136 3072 5192 nusquam
3095 5130 3269 5175 autem
3293 5118 3511 5189 presby-
3560 5153 3584 5192 ρ

1948 5213 2144 5267 teridas
2168 5213 2245 5267 vel
2272 5211 2673 5268 sacerdotissas.
2699 5211 2819 5278 Quo
2840 5213 2948 5269 telo
2966 5211 3365 5284 Collyridianas
3387 5211 3515 5282 Epi-
3562 5195 3574 5249 ἶ

1946 5303 2180 5375 phanius
2227 5305 2460 5375 jugulat,
2502 5320 2623 5375 quae
2665 5306 2782 5360 suis
2813 5305 2919 5362 sibi
2946 5305 3156 5360 maritis
3185 5305 3512 5375 conjunctae,

1946 5397 2050 5451 hoc
2097 5406 2199 5461 est,
2233 5396 2458 5468 ἒνγαμοι
2487 5397 2582 5451 καὶ
2607 5397 2886 5468 ὖπανδροι,
2921 5396 3181 5453 οπθῑεηᾶί
3222 5412 3425 5454 munus
3458 5399 3514 5452 in

1947 5489 2192 5545 Ecclesia
2222 5491 2385 5560 impie
2414 5490 2518 5546 sibi
2552 5489 2900 5560 arrogabant.
2927 5489 3062 5544 Cum
3093 5489 3388 5561 Apostolus
3433 5494 3517 5544 ul-

1947 5591 2030 5635 tra
2067 5582 2433 5644 diaconatum,
2477 5579 2723 5635 altiorem
2750 5579 2977 5649 gradum
3003 5578 3219 5638 feminis
3252 5583 3306 5637 in
3339 5580 3519 5635 Eccle-
3561 5575 3568 5582 ”

1948 5672 2025 5728 sia
2049 5688 2157 5730 non
2194 5671 2546 5738 concesserit,
2605 5685 2838 5740 eumque
2893 5687 3002 5727 non
3062 5670 3384 5744 coniugatis,
3419 5673 3515 5725 sed
