3906 6194
498 272 621 351 sas

1566 289 1625 344 S.
1669 284 2082 343 ALEXANDER
2122 280 2681 340 ALEXANDRINUS.

3564 292 3655 349 θῦε

513 411 697 468 viduis
719 410 948 467 voluerit
975 405 1233 462 conferri.
1265 405 1382 471 Quo
1426 404 1545 459 loco
1580 400 1916 473 Epiphanius
1959 400 2068 457 olli-
2092 404 2139 461 Α
2170 397 2505 469 virginitatis.
2563 394 2734 449 Pudet
2762 395 2955 459 dicere,
2987 396 3176 467 inquit,
3195 398 3317 467 proli
3335 400 3497 471 nefas!
3519 409 3652 474 ισίειε,

518 504 665 560 cium
690 499 1122 557 diaconissarum
1175 495 1474 550 luculenter
1492 492 1771 557 describit,
1807 494 1887 547 uti
1916 494 2079 548 etiam

517 597 574 651 in
609 593 948 664 Expositione
968 589 1090 659 fidei
1111 588 1408 649 catholicae,
1439 600 1601 655 quam
1636 586 1786 655 operi
1819 585 2082 640 adversus

520 688 755 741 haereses
786 682 1082 752 subiunxit.
1120 679 1219 735 Ubi
1274 687 1329 734 et
1358 678 1462 733 hoc
1503 676 1740 740 additur,
1776 692 1839 731 ex
1865 692 1973 746 quo
1999 692 2083 748 ge-

517 792 649 832 nere
680 774 786 846 legi
815 781 869 831 et
900 775 955 829 in
986 772 1240 827 Ecclesia:
1280 770 1639 824 ministerium
1674 768 1917 838 adoptari
1947 782 2084 821 con-

518 869 838 927 sueverint:
894 865 1246 927 Diaconisste,
1314 861 1509 931 inquit,
1574 857 1708 912 hunc
1764 868 1968 911 tantum
2026 859 2080 910 in

517 980 672 1020 usum
699 963 1109 1022 constituuntur,
1136 967 1192 1010 ut
1224 954 1528 1010 mulieribus
1548 953 1750 1008 decoris
1767 962 1817 1007 et
1835 954 2082 1006 honesta-

518 1059 584 1111 tis
613 1072 776 1111 causa
806 1054 1129 1113 inserviant,
1172 1049 1261 1101 ubi
1291 1048 1345 1100 id
1377 1047 1660 1100 necessitas
1696 1046 1932 1116 requirit.
1966 1044 2085 1099 Sive

516 1167 635 1203 cum
672 1147 919 1217 baptismi
961 1145 1171 1198 lavacro
1209 1137 1505 1202 initiandte,
1539 1136 1647 1191 sive
1681 1152 1868 1205 corpus
1899 1152 2081 1190 eorum

454 1278 461 1295 .
514 1239 891 1310 inspiciendum
922 1238 987 1289 sit
1012 1252 1029 1290 :
1056 1236 1148 1288 uati
1180 1228 1337 1286 αὗται
1375 1231 1431 1284 δὲ
1467 1232 1763 1302 μονὸγαμοι
1784 1231 2082 1300 ἐγκρατευ-

517 1330 771 1402 σάμεναι·
801 1337 1020 1395 suntque
1050 1325 1178 1386 illae,
1218 1323 1413 1392 inquit,
1444 1323 1664 1375 univira:
1711 1321 2081 1374 continentiam

512 1422 767 1489 professae
781 1437 799 1483 ;
814 1420 847 1491 ἢ
865 1418 1198 1490 χηρεύσασαι
1217 1415 1325 1469 ἀπὸ
1345 1413 1703 1486 μονογαμίας,
1724 1413 1802 1467 vel
1820 1423 1935 1480 post
1950 1429 2082 1467 unas

520 1513 730 1577 nuptias
760 1510 963 1572 viduos;
987 1509 1020 1579 ἦ
1062 1507 1427 1580 ἀειπάρθενοι,
1456 1506 1534 1559 vel
1560 1515 1817 1575 pet-petum
1838 1506 2078 1575 virgines.

520 1601 624 1657 Ubi
648 1602 751 1656 tria
772 1607 1124 1656 recensentur
1141 1596 1634 1654 sanctimonialium
1658 1611 1874 1666 genera.
1889 1611 1953 1651 ex
1970 1596 2086 1666 qui-

519 1693 624 1750 bus
644 1691 1071 1748 diaconissarum
1096 1687 1231 1743 ordo
1258 1686 1544 1742 constabat
1568 1704 1582 1739 :
1612 1686 1817 1756 primae.
1846 1686 2084 1755 virgines

2179 466 2267 544 sed
2295 504 2469 543 verum
2497 496 2595 541 est.
2634 484 2779 540 Unde
2822 488 2873 539 in
2915 466 3176 542 Ecclesias
3198 466 3517 561 ragapetarum
3533 466 3690 563 pestiii

2179 584 2428 638 introiit?
2462 580 2609 635 Unde
2652 581 2763 634 sine
2811 582 3006 645 nuptiis
3052 581 3195 634 aliud
3240 558 3409 640 me.
3442 558 3689 647 mea

2179 679 2284 730 imo
2310 676 2447 729 unde
2491 690 2673 728 novum
2703 673 3111 728 concubinarum
3152 680 3346 745 genus?
3380 675 3508 733 Unde
3536 699 3663 736 merc-

2156 769 2335 823 strices
2367 765 2633 821 univiraz?
2682 763 2881 818 Eadem
2911 764 3084 828 domo,
3144 783 3244 820 uno
3303 769 3534 834 cubiculo,
3557 789 3665 843 sepe

2181 877 2284 914 uno
2323 866 2562 912 tenentur
2587 864 2637 909 et
2653 853 2868 919 lectulo,
2895 865 2943 911 et
2985 857 3294 925 suspiciosos
3324 875 3409 912 nos
3436 872 3609 926 vocant,
3631 866 3666 918 si

2180 949 2380 1020 aliquid
2415 948 2741 1003 extimemus.

2251 1041 2410 1096 Ridet
2454 1049 2511 1096 et
2557 1040 2897 1111 Cyprianus,
2938 1042 3024 1096 vel
3071 1042 3314 1111 quisquis
3357 1058 3535 1113 suppar
3567 1060 3671 1099 sane

2179 1132 2650 1204 Cyprianoanctor
2663 1140 2744 1187 est
2774 1132 2897 1187 libri
2917 1131 2990 1186 De
3018 1133 3375 1202 singularitate
3394 1135 3669 1189 clericorum.

2182 1223 2251 1277 Et
2281 1221 2470 1287 adhuc,
2502 1223 2695 1292 inquit,
2724 1222 2789 1276 de
2816 1221 3074 1275 charitate
3100 1232 3397 1285 causentur,
3421 1225 3497 1291 qui
3526 1241 3670 1278 secun-

2185 1316 2311 1370 dum
2336 1317 2545 1372 verbum
2578 1316 2757 1379 Isaiae,
2789 1317 3197 1369 amaritudinem
3225 1332 3315 1384 pro
3342 1315 3580 1371 dulcedine
3600 1317 3673 1370 de-

2183 1418 2445 1475 corantes,
2492 1409 2688 1463 nudam
2727 1407 3013 1477 {teditatem
3042 1411 3324 1461 velamento
3360 1407 3469 1462 boui
3494 1410 3675 1462 nominis

2184 1508 2360 1570 tegunt
2390 1517 2407 1554 :
2435 1499 2560 1554 dum
2587 1500 2727 1569 apud
2748 1516 2835 1554 eos
2862 1498 2954 1552 sub
2986 1498 3133 1567 falsa
3178 1498 3440 1552 dilectione
3481 1515 3581 1552 vero
3610 1500 3674 1550 di-

2185 1598 2336 1651 lectio
2364 1598 2611 1651 violatur.
2648 1595 2833 1666 Neque
2857 1594 3086 1650 dilectas
3119 1602 3344 1655 tantum,
3380 1592 3467 1648 sed
3483 1600 3530 1647 et
3556 1608 3678 1647 soro-

2185 1704 2272 1743 res
2301 1689 2595 1759 appellatas
2630 1696 2845 1742 constat
2875 1699 2940 1742 ex
2986 1685 3261 1757 Ancyrani
3289 1684 3491 1740 concilii
3516 1698 3679 1737 canone

522 1788 641 1843 sine
672 1782 1016 1839 matrimonio
1055 1796 1087 1835 a
1128 1780 1427 1843 uativitate;
1460 1779 1731 1839 secundae.
1767 1778 2004 1847 virgines
2032 1779 2084 1833 in

2191 1780 2275 1842 l8,
2304 1746 2463 1842 cuius
2484 1780 2596 1834 haec
2631 1788 2759 1834 sunt
2800 1780 2960 1835 verba
2987 1799 3000 1833 :
3030 1746 3146 1841 Τὰξ
3164 1775 3534 1847 συνερχομένας
3569 1791 3680 1845 πσρ-

520 1876 868 1931 matrimonio
887 1890 953 1930 ex
970 1887 1238 1929 consensu
1256 1872 1335 1926 vel
1351 1871 1631 1935 condicto;
1656 1870 1871 1924 tertium
1891 1885 2085 1941 genus,

518 1969 695 2024 viduae
725 1968 1065 2022 continentes
1087 1973 1211 2035 post
1238 1965 1470 2034 primum
1490 1961 1894 2016 matrimonium
1915 1976 1979 2016 es
1999 1975 2089 2014 ar-

520 2062 714 2117 bitrio:
738 2067 798 2114 ut
829 2058 1197 2115 Tertullianus
1219 2058 1274 2112 in
1292 2056 1668 2111 Exhortatione
1699 2055 1959 2109 castitatis
1980 2053 2089 2108 ele-

517 2165 710 2227 ganter
726 2154 1033 2225 distinguit,
1047 2160 1101 2209 et
1113 2151 1505 2206 Tertullianum
1522 2158 1741 2204 secutus
1753 2146 1812 2202 D.
1828 2145 2089 2217 Hierony-

520 2262 644 2301 mus
677 2247 732 2300 in
761 2248 986 2316 epistola
1012 2249 1076 2301 ad
1101 2246 1459 2317 Agerucbiam
1489 2243 1565 2297 De
1598 2241 1948 2312 monogamia.
1978 2237 2087 2293 Ve-

522 2354 667 2404 rum,
684 2340 1021 2409 utprincipio
1038 2339 1169 2403 dixi,
1184 2353 1307 2392 cum
1325 2336 1556 2391 maxima
1571 2331 1952 2404 bujusordinis
1963 2345 2087 2402 pars

520 2446 585 2486 ex
614 2432 794 2485 viduis
826 2439 1118 2493 constaret,
1154 2430 1330 2484 vidua!
1347 2437 1400 2483 et
1421 2426 1743 2482 diaconissaa
1777 2425 2087 2494 promiscuo

522 2524 696 2579 lenne
726 2525 947 2580 nomine
988 2524 1207 2578 fuerunt
1241 2522 1539 2591 appellatae.
1592 2518 1669 2572 Ita
1706 2516 1938 2572 Basilius
1968 2515 2084 2569 Ma-

521 2628 664 2685 gnus
695 2615 751 2667 in
779 2614 1012 2683 epistola
1041 2612 1304 2667 canonica
1360 2609 1425 2664 ad
1472 2609 1930 2678 Amphilochium,
1962 2621 2083 2675 cap.

521 2703 593 2757 24
628 2722 639 2757 :
682 2702 905 2756 Viduam
926 2719 1043 2773 quae
1073 2704 1125 2755 in
1148 2700 1425 2755 viduarum
1462 2714 1734 2752 numerum
1787 2699 1959 2750 relata
1984 2706 2082 2760 est,

522 2790 627 2849 hoc
644 2806 746 2858 est,
770 2812 886 2865 quo:
913 2794 978 2848 ab
1004 2794 1240 2847 Ecclesia
1266 2795 1319 2846 in
1352 2792 1689 2845 diaconatum
1722 2798 1961 2857 suscepta
1986 2801 2084 2852 est,

524 2887 722 2941 censuit
765 2885 1047 2955 Apostolus
1096 2883 1368 2938 nubentem
1424 2882 1638 2949 despici.
1680 2880 1784 2935 Sed
1842 2880 2083 2935 omnium

525 2975 830 3030 clarissime
851 2974 1069 3029 concilii
1100 2972 1437 3044 Epaonensis
1464 2988 1639 3026 canon
1670 2970 1963 3026 vicesimus
1983 2970 2089 3040 pri-

524 3082 648 3122 mus
666 3067 914 3123 ordinem
944 3067 1087 3123 hunc
1106 3069 1162 3122 in
1186 3066 1427 3123 Ecclesia
1445 3066 1712 3134 abrogans
1741 3082 1754 3120 :
1797 3062 2087 3160 Viduarum
2114 3101 2156 3160 Ο

524 3161 720 3231 inquit,
786 3160 1249 3224 consecrationem,
1288 3174 1421 3228 quas
1473 3158 1723 3210 diaconos
1770 3164 1978 3217 vocant,
2021 3151 2086 3206 ob

524 3253 667 3305 omni
717 3252 921 3322 regione
970 3262 1152 3306 nostra
1188 3250 1391 3319 penitus
1436 3246 1773 3317 abrogamus.
1830 3243 2088 3311 Quamvis

520 3343 634 3413 jam
665 3351 793 3398 ante
817 3343 1219 3398 Arausionense
1275 3340 1510 3412 primum
1562 3338 1878 3400 sustulerat,
1929 3335 2087 3407 cujus

524 3434 851 3489 sententiam
883 3442 1077 3504 praeter
1103 3431 1440 3503 Epaonense,
1495 3430 1660 3485 etiam
1699 3429 2089 3484 Aurelianense

524 3527 824 3585 secundum
857 3525 1218 3582 continuavit.
1243 3524 1501 3591 Quamvis
1533 3539 1599 3578 ex
1630 3522 1809 3577 verbis
1861 3520 1923 3573 Ι).
1971 3519 2090 3573 Hie-

523 3620 739 3692 ronymi
773 3620 937 3691 paulo
978 3628 1105 3674 ante
1150 3617 1351 3681 allatis,
1415 3616 1469 3671 in
1495 3615 1686 3669 Latina
1727 3612 1968 3667 Ecclesia
2003 3611 2087 3665 vel

526 3726 804 3781 nunquam
825 3719 1124 3781 receptum,
1156 3710 1241 3765 vel
1264 3710 1377 3780 jam
1424 3706 1724 3762 exolevisse
1753 3704 1898 3758 hunc
1947 3702 2089 3756 ordi-

524 3819 649 3860 nem
674 3812 950 3877 appareat.

599 3895 861 3967 Superest
887 3896 1106 3950 tertium
1159 3894 1447 3949 mulierum
1480 3889 1971 3946 ecclesiasticarum
1996 3902 2090 3957 ge-

526 4003 653 4052 nus,
691 4003 801 4043 non
834 3988 1111 4058 publicum
1159 3985 1311 4050 illud,
1343 3983 1438 4040 sed
1486 3984 1777 4054 privatum,
1828 3982 1875 4036 si
1907 3988 2089 4034 tamen

526 4080 960 4136 ecclesiasticum
990 4079 1098 4134 dici
1148 4078 1230 4133 fas
1279 4080 1351 4133 sit
1389 4093 1561 4148 genus
1602 4076 1913 4139 mulierum,
1942 4074 2086 4143 quod

526 4169 619 4227 ille
646 4171 713 4227 de
732 4172 1133 4227 mathematicis
1159 4171 1255 4235 ait,
1275 4170 1500 4227 vetitum
1526 4184 1739 4239 semper
1769 4170 1822 4221 in
1850 4165 2090 4221 Ecclesia

527 4278 847 4334 semperque
869 4271 1158 4319 retentum.
1190 4262 1393 4329 Genus,
1416 4266 1660 4333 inquam,
1694 4262 1998 4322 mulierum,
2033 4266 2091 4311 ut

460 4382 461 4387 η
524 4349 728 4419 reipsa,
770 4352 843 4404 ita
882 4361 937 4406 et
972 4351 1191 4405 nomine
1248 4352 1536 4415 incertum,
1569 4350 1777 4406 varium
1810 4364 1873 4403 ac
1903 4348 2089 4402 multi-

2187 1870 2370 1936 θένους
2399 1872 2558 1937 τισὶν,
2591 1871 2666 1934 ὡς
2699 1870 2932 1939 ἀδελφὰς
2961 1869 3337 1940 ἐκωλύσαμεν·
3392 1868 3593 1938 Virgines
3621 1883 3681 1922 se-

2188 1979 2368 2017 rorum
2419 1964 2590 2016 instar
2618 1961 2929 2033 quibusdam
2976 1958 3335 2015 cohabitantes
3387 1958 3676 2027 prohibemus.

2189 2054 2480 2110 Testantur
2528 2054 2691 2109 etiam
2747 2055 3110 2123 imperatores
3166 2052 3422 2106 Arcadius
3459 2060 3507 2107 et
3539 2049 3678 2106 Hono-

2186 2153 2304 2207 rius
2326 2154 2427 2223 leg.
2463 2153 2551 2218 19,
2582 2152 2703 2207 cod.
2726 2151 2800 2207 De
2826 2152 3080 2220 episcopis
3115 2159 3164 2205 et
3194 2151 3410 2205 clericis.
3463 2151 3598 2213 Eum,
3620 2152 3679 2205 in-

2188 2245 2324 2315 quit,
2352 2245 2442 2313 qui
2467 2242 2786 2313 probabilem
2822 2242 3017 2298 steculo
3066 2243 3400 2311 disciplinam
3425 2244 3540 2312 agit,
3567 2242 3682 2297 deco-

2189 2337 2354 2390 lorari
2375 2337 2640 2390 consortio
2688 2335 2908 2389 sororia:
2935 2335 3308 2404 appellationis
3332 2351 3428 2389 non
3450 2331 3681 2388 ἀροίμεθά

2186 2424 2525 2496 frequentius
2580 2434 2663 2480 est
2707 2424 3106 2488 ωνεισάκτων,
3162 2425 3274 2479 sive
3321 2422 3685 2479 subintroducta-

2141 2556 2149 2561 -
2186 2534 2309 2572 rum
2337 2532 2555 2579 nomen,
2585 2531 2695 2586 quo
2750 2514 3132 2571 Antiochenos
3162 2515 3310 2569 Pauli
3354 2512 3682 2569 Samosatensis

2187 2618 2242 2666 et
2257 2610 2388 2665 cleri
2420 2610 2569 2665 illius
2616 2618 2871 2679 agapetas
2900 2609 3015 2667 sive
3059 2608 3295 2664 dilectas
3335 2607 3683 2664 contubernales

2186 2718 2412 2758 vocasse
2442 2742 2457 2766 ,
2521 2708 2685 2756 testes
2739 2707 2867 2756 sunt
2918 2700 3251 2756 Antiocheni
3299 2701 3501 2756 concilii
3542 2696 3683 2752 Patres

2188 2796 2329 2866 apud
2350 2794 2572 2856 Euseb.,
2604 2794 2700 2848 lib.
2737 2808 2832 2856 vn,
2886 2807 3007 2863 cap.
3037 2792 3153 2848 24:
3187 2794 3326 2849 unde
3363 2807 3511 2863 porro
3526 2793 3571 2846 in
3595 2789 3683 2844 uni-

2188 2904 2346 2943 versa
2376 2886 2620 2942 Ecclesia
2637 2894 2917 2956 receptum
2941 2885 3188 2941 videtur.
3230 2885 3331 2941 Sed
3373 2894 3617 2955 antequam
3639 2896 3683 2936 cx

2189 2982 2292 3035 hoc
2319 2979 2641 3035 diverticulo
2663 2978 2719 3033 in
2745 2979 2890 3033 viam
2922 2978 3174 3044 redeam,
3212 2980 3438 3035 nominis
3465 2977 3684 3048 paritem

2188 3070 2266 3125 rei
2292 3070 2553 3139 originem
2587 3069 2831 3139 pressius
2851 3069 3191 3139 investigare
3214 3071 3360 3133 libet,
3389 3083 3500 3123 cum
3513 3075 3685 3134 utraque

2186 3163 2343 3233 juxta
2372 3164 2425 3217 in
2463 3164 2697 3219 obscuro
2753 3164 2857 3219 sita
2904 3166 2995 3219 sit.
3065 3164 3145 3220 Et
3196 3166 3471 3221 Balsamon
3522 3162 3683 3233 quidem

2188 3255 2576 3310 commentario
2616 3255 2683 3310 ad
2727 3255 2762 3310 5
2791 3256 3010 3312 concilii
3061 3256 3277 3312 Nicaeni
3314 3270 3567 3317 canonem,
3590 3251 3686 3322 Περὶ

2191 3346 2372 3417 μέντοι
2390 3346 2498 3400 τῶν
2520 3347 2904 3415 συνεισάκτων,
2935 3348 3146 3419 inquit,
3179 3349 3333 3419 λόγος
3358 3347 3508 3409 πολὺς
3527 3336 3688 3414 eum

2187 3436 2329 3490 κατὰ
2350 3437 2633 3510 διαφόρους
2661 3438 2900 3511 καιρούς
2940 3437 3018 3493 De
3062 3438 3492 3501 subintroductis,
3520 3432 3687 3489 divertis

2189 3531 2502 3599 temporibus
2537 3533 2720 3586 crebra
2763 3532 2908 3602 facta
2949 3542 3025 3587 est
3069 3534 3296 3597 mentio,
3340 3539 3391 3589 ct
3426 3531 3506 3586 alii
3524 3525 3689 3599 quidem

2187 3620 2441 3676 dixerunt
2461 3622 2778 3676 ἐπείσακτον
2816 3623 2901 3677 vel
2939 3623 3300 3679 συνείσακτον
3332 3638 3446 3678 esse
3481 3621 3564 3691 τὴν
3601 3614 3689 3670 ἀντὶ

2187 3715 2418 3784 νομίμου
2463 3714 2715 3782 γυναικὸς
2767 3714 3215 3785 συνεισαχθεῖσαν
3277 3716 3365 3768 καὶ
3406 3705 3689 3767 συνοικοῦσάν

2188 3817 2293 3854 τινι
2325 3803 2615 3873 ωρνικῶς,
2644 3821 2759 3874 qua:
2789 3805 3030 3873 legitima:
3055 3808 3249 3861 uxoris
3273 3808 3381 3861 loco
3409 3799 3690 3858 introducitur

2188 3900 2237 3944 et
2267 3894 2559 3946 meretricio
2599 3892 2936 3948 contubernio
2986 3895 3159 3950 alicui
3191 3896 3464 3952 cohabitat.
3491 3891 3581 3946 Alii
3618 3903 3693 3940 au-

2189 3992 2295 4039 tem
2314 3985 2388 4038 ita
2419 3986 2599 4040 vocari
2630 3986 2903 4051 dixerunt,
2935 3989 3124 4041 πᾶσαν
3154 3993 3385 4059 γυναῖκα.
3410 3978 3693 4040 συνοικοῦσάν

2190 4088 2294 4124 τινι
2322 4070 2607 4142 ἀλλοτρίαν
2633 4074 2865 4138 πάντως,
2889 4076 2991 4129 κᾶν
3018 4076 3334 4143 ἀνύποπτος
3354 4080 3471 4137 ἐστι,
3490 4069 3694 4143 quamvis

2189 4159 2469 4215 mulierem
2509 4163 2672 4215 alicui
2697 4164 3102 4218 cobabitantem
3124 4205 3141 4231 ,
3174 4167 3392 4221 omnino
3415 4171 3691 4221 extraneam.

2192 4252 2305 4305 sive
2338 4252 2488 4307 nullo
2522 4255 2803 4325 sanguinis
2828 4264 2920 4309 aut
2943 4259 3371 4314 necessitudinis
3398 4253 3580 4310 vinculo
3594 4251 3693 4320 jun-

2190 4348 2367 4405 ctam,
2422 4344 2636 4399 etiamsi
2679 4345 2749 4399 ab
2796 4346 2945 4400 omni
2994 4350 3316 4419 suspicione
3359 4350 3420 4404 sit
3462 4342 3690 4399 immunis.

525 4440 671 4509 plex.
724 4440 1155 4497 Contubernales
1195 4442 1300 4497 illa:
1342 4443 1701 4506 clericorum,
1735 4456 1912 4510 neque
1958 4439 2093 4494 tecti
2118 4447 2161 4501 1)
2190 4433 2367 4504 Atque
2408 4437 2545 4490 hanc
2585 4438 2942 4507 posteriorem
2997 4444 3331 4497 sententiam
3366 4440 3436 4495 uti
3474 4438 3693 4493 veriorem

524 4532 813 4600 duntaxat,
837 4535 931 4590 sed
970 4536 1169 4604 saepius
1202 4536 1364 4590 etiam
1413 4535 1538 4589 lecti
1586 4534 1767 4590 sociae.
1793 4532 1939 4599 Quas
1973 4531 2089 4601 qui-

524 4624 650 4681 dem
677 4626 779 4695 ipsi
814 4635 1070 4698 agapetas
1098 4628 1213 4682 sive
1250 4627 1499 4685 dilectas.
1531 4635 1585 4681 et
1610 4641 1826 4682 sorores
1858 4643 1873 4682 :
1906 4624 2085 4679 caeteri

528 4720 905 4784 συνεισάκτους
935 4722 1014 4775 vel
1045 4721 1416 4782 ἐπεισάκτους,
1442 4716 2088 4773 boccstsubintroductas

526 4819 583 4868 et
641 4825 951 4873 extraneas.
1014 4813 1375 4883 appellabant.
1432 4810 1758 4881 Huiusmodi
1830 4809 2088 4865 mulieres

528 4913 709 4968 omnis
754 4908 966 4964 ordinis
997 4907 1181 4961 clerici
1225 4906 1337 4977 jam
1389 4905 1515 4959 olim
1542 4905 1596 4959 in
1642 4903 1784 4959 aedes
1824 4903 2086 4981 recipere,

526 5020 730 5076 easque
793 5002 877 5056 vel
930 4999 1170 5070 virgines
1231 4997 1644 5054 sanctimoniam
1697 4995 1970 5065 professas
2022 4997 2086 5051 ad

527 5106 738 5158 mutua,
766 5106 824 5148 ut
852 5093 1085 5155 aiebant,
1114 5091 1328 5162 pietatis
1358 5091 1572 5155 solatia,
1606 5091 1691 5145 vel
1720 5090 1944 5145 orbatas
2002 5105 2091 5159 pa-

526 5189 778 5243 rentibus
819 5186 1048 5259 puellas,
1094 5184 1429 5255 proindeque
1483 5185 1569 5253 pia
1605 5194 1657 5238 et
1687 5183 1879 5254 pudica
1910 5183 2089 5254 aliqua

529 5280 695 5334 tutela
735 5277 1016 5342 fovendae,
1054 5278 1134 5331 vel
1171 5276 1383 5345 privato
1418 5274 1634 5328 familia:
1662 5273 1966 5343 domusque
1997 5275 2091 5327 mi-

530 5373 760 5426 nisterio
788 5370 1150 5433 necessarias,
1184 5368 1298 5423 sive
1351 5369 1649 5436 ingenuas,
1682 5366 1796 5420 sive
1838 5365 2085 5420 ancillas.

530 5463 647 5517 Hoc
699 5476 1008 5533 suspectum
1043 5473 1094 5518 et
1123 5461 1432 5532 pudendum
1483 5459 1898 5513 contubernium
1919 5500 1934 5527 ,
1968 5471 2091 5527 spe-

448 5578 451 5581 ·
532 5552 685 5607 cioso
733 5556 1039 5610 dilectionis
1081 5563 1136 5610 et
1191 5552 1563 5624 germanitatis
1616 5551 1941 5607 Christiana:
1972 5550 2089 5604 velo

532 5643 878 5712 obtegebant.
942 5646 1048 5701 Sed
1098 5645 1238 5700 ridet
1287 5645 1412 5701 vani
1446 5645 1685 5700 nominis
1721 5644 1902 5698 fucum
1932 5643 2089 5697 divus

534 5735 893 5803 Hieronymus
938 5737 1165 5804 epistola
1202 5737 1267 5789 ad
1316 5736 1666 5792 Eustochium
1724 5736 1800 5790 De
1850 5733 2089 5791 custodia

496 5825 517 5855 Ι

2193 4527 2407 4596 probat,
2438 4527 2598 4597 idque
2614 4530 2940 4585 auctoritate
2972 4533 3225 4600 epistolae
3259 4533 3515 4589 canonica.
3541 4528 3591 4579 1)-
3615 4523 3694 4595 Βα-

2193 4616 2300 4673 silii
2331 4615 2505 4687 Magni
2539 4618 2604 4671 ad
2656 4616 2973 4689 Gregorium
3022 4623 3421 4694 presbyterum,
3462 4630 3598 4689 quem
3626 4611 3692 4664 ille

2193 4710 2318 4766 licet
2348 4713 2683 4781 septuaginta
2713 4727 2978 4766 annorum
2995 4729 3181 4769 senem
3201 4732 3233 4769 a
3248 4711 3520 4784 juvencula
3544 4704 3693 4762 subin-

2193 4804 2462 4866 troducta,
2496 4802 2759 4858 intentata
2789 4806 2950 4859 etiam
2975 4802 3535 4862 excommunicationis
3548 4811 3687 4871 ptum,

2194 4895 2435 4964 separari
2461 4896 2723 4965 praecipit.
2769 4894 2937 4950 Multa
2986 4896 3043 4952 in
3098 4907 3390 4969 utramque
3428 4888 3689 4963 originatio-

2194 5002 2316 5042 nem
2338 4986 2515 5042 afferri
2540 4997 2757 5059 possent
2785 4989 2852 5043 de
2880 4990 3245 5056 ἐπεισάκτοις,
3276 4992 3389 5046 sive
3424 4980 3687 5044 introductis

2195 5082 2336 5149 apud
2360 5089 2567 5138 veteres
2594 5083 2933 5139 concubinis.
2969 5083 3043 5139 De
3062 5084 3265 5154 quibus
3295 5084 3452 5138 etiam
3495 5077 3686 5144 vulgatus

2197 5189 2367 5229 sacrae
2422 5173 2717 5245 Scriptura:
2764 5178 3035 5246 interpres
3070 5178 3165 5246 qui
3198 5161 3687 5246 superintroductionis

2198 5283 2327 5322 voce
2361 5269 2531 5322 utitur
2552 5268 2747 5325 Cenes.
2777 5286 2924 5336 uxr,
2959 5287 3008 5323 v.
3042 5270 3131 5325 50.
3172 5270 3341 5324 Multa
3375 5278 3566 5340 quoque
3590 5270 3685 5322 ευρ·

2196 5369 2437 5430 peterent
2488 5363 2733 5432 exempla
2784 5364 3112 5432 optimorum
3171 5371 3490 5421 auctorum,
3533 5348 3681 5423 quill"s

2190 5453 2530 5516 ἐπείσακτον,
2581 5470 2678 5523 pro
2725 5464 2949 5509 externo
2990 5456 3072 5509 vel
3102 5454 3388 5524 peregrino
3429 5448 3682 5515 usurpatum

2195 5548 2390 5601 docere
2416 5547 2558 5602 baud
2584 5546 2798 5602 dillicile
2817 5550 2973 5613 l'oret,
3003 5545 3106 5602 nisi
3142 5545 3359 5615 longius
3380 5544 3483 5613 jam
3511 5540 3686 5592 etertra

2196 5640 2341 5695 oleas
2373 5640 2727 5694 oberrassem.
2755 5637 2859 5694 Sed
2892 5652 2952 5695 ut
2990 5653 3166 5695 meam
3195 5638 3263 5693 de
3290 5634 3582 5690 ἐπεισάκτων
3597 5619 3688 5676 ori-

2197 5734 2318 5807 gine
2351 5732 2536 5804 paucis
2568 5733 2831 5803 explicem
2867 5731 3213 5795 sententiam,
3264 5728 3473 5783 tertium
3516 5722 3692 5792 qm“
