3956 6198
274 240 388 301 537

1719 239 2023 297 NOTlTlA.

3400 244 3515 305 558%

274 354 386 408 hoc
411 353 692 408 mulierum
723 350 838 408 sive
877 369 1133 410 sororum
1157 371 1327 425 genus
1360 352 1676 424 κακοζηλία,
1708 368 1841 421 qua-
1869 365 1911 416 Α
1938 346 2349 418 juvencularum
2375 347 2969 406 circumcursitationes
3004 350 3350 410 immodestus
3375 357 3513 409 Alc...

276 444 408 500 dam
451 444 674 513 apostoli
704 442 942 499 instituti
975 445 1030 499 in
1077 445 1374 502 Ecclesiam
1405 447 1488 501 vel
1528 446 1707 515 potius
1730 445 1841 499 cle-

278 538 520 590 ricorum
584 535 726 590 aedes
788 535 1079 606 irrepsisse
1156 545 1328 608 puto;
1393 552 1538 600 cum,
1605 542 1840 589 testante

277 621 345 679 ο.
384 621 595 676 Paulol
622 622 687 677 ad
713 621 1051 689 Corinthia,
1078 626 1133 691 5,
1157 626 1327 680 moris
1362 624 1521 680 fuerit
1543 624 1834 694 plerisque,

272 723 326 769 et
356 714 580 785 quidem
609 715 895 786 praecipuis
926 718 1314 785 apostolorum,
1344 715 1571 787 ἀδελφὴν
1603 718 1835 784 γυναῖκα

268 805 580 876 περιάγειν,
600 822 830 860 sororem
857 809 1223 863 mulierculam
1243 806 1644 862 circumducere.
1662 806 1835 873 Quem

270 897 455 951 locum
485 905 710 952 uxorata
743 899 1123 955 haereticorum
1163 900 1465 955 ministeria
1488 900 1833 969 propudiosis

270 987 391 1041 suis
433 987 702 1058 conjugiis
756 989 959 1045 frustra
990 991 1310 1046 obtendunt.
1346 990 1698 1045 Constantem
1736 991 1831 1045 nd-

267 1092 465 1132 versus
498 1078 663 1133 hosce
719 1078 818 1133 SS.
856 1080 1073 1134 Patrum
1132 1080 1474 1143 sententiam,
1512 1078 1828 1133 Tertulliani

264 1167 451 1221 verbis
472 1168 845 1237 consignatam
867 1170 1128 1240 accipite:
1154 1169 1273 1223 Non
1299 1185 1484 1224 uxores
1506 1170 1829 1225 demonstrat

264 1256 332 1311 ab
381 1259 639 1327 apostolis
672 1260 1077 1327 circumductus,
1120 1262 1209 1315 sed
1238 1262 1546 1330 simpliciter
1585 1263 1826 1315 mulieres

262 1364 380 1418 qua
412 1348 521 1403 illis
549 1348 724 1403 eodem
745 1352 983 1405 instituto
1004 1369 1103 1420 quo
1129 1362 1178 1406 ct
1219 1352 1491 1406 Dominum
1521 1355 1825 1408 comitantes

262 1440 656 1495 ministrabant.
692 1439 781 1495 Sic
813 1442 903 1498 ille
958 1443 1097 1499 libro
1156 1443 1232 1498 De
1264 1446 1611 1515 monogamia.
1641 1445 1825 1516 Neque

260 1533 425 1586 aliter
461 1531 765 1602 Cyprianus
787 1532 881 1588 lib.
916 1532 990 1588 De
1025 1535 1217 1605 singul.
1253 1537 1451 1598 cleric.,
1482 1537 1821 1603 Ambrosius,

258 1630 315 1676 et
363 1620 575 1677 Latinis
612 1621 863 1679 Patribns
925 1625 1282 1696 astipulantes
1334 1625 1541 1691 Graeci,
1592 1627 1824 1699 Chryso-

257 1721 500 1778 stomus,
558 1712 935 1772 Theodoretus
967 1724 1022 1771 et
1060 1716 1280 1774 Graecus
1330 1719 1680 1789 epistolarum
1713 1722 1824 1775 divi

254 1800 417 1856 Pauli
450 1803 775 1860 scholiastes
803 1821 1079 1875 nunquam
1111 1823 1208 1877 pro
1238 1809 1433 1864 merito
1449 1810 1582 1865 satis
1608 1809 1825 1863 laudan-

252 1892 386 1962 dus,
425 1894 556 1949 dum
607 1897 683 1950 ait
722 1915 736 1950 :
771 1896 837 1951 Ai
891 1898 1108 1971 εὔποροι
1161 1904 1417 1969 γυναῖκες
1474 1902 1822 1956 πιστεύουσαι

247 1985 587 2054 ἠκολούθουν
616 1987 775 2051 ὲνίοις
802 1986 911 2042 τῶν
939 1990 1267 2055 ἀποστόλων,
1294 1994 1374 2054 εἰς
1404 1992 1502 2056 τὰς
1522 1992 1822 2062 ἀναγκαίας

248 2076 438 2131 αὐτῶν
487 2076 676 2149 χρείας
723 2077 1075 2151 χορηγοῦσαι,
1109 2081 1185 2144 ὼς
1224 2082 1417 2145 αὐτοὺς
1460 2081 1641 2136 λοιπὸν
1662 2082 1821 2146 ὖντας

245 2169 384 2239 περὶ
401 2168 593 2221 τούτου
612 2170 965 2241 ἀμερίμνους,
986 2172 1132 2243 μόνῳ
1148 2171 1225 2242 τῷ
1246 2172 1560 2244 κηρύγματι
1581 2175 1821 2243 diuexa-

244 2252 485 2313 λεῑσθαι.
528 2260 642 2316 Hoc
669 2270 772 2327 est,
806 2262 1021 2316 ditiores
1064 2264 1306 2318 mulieres
1338 2263 1516 2331 ﬁdeles
1539 2264 1817 2319 nonnullos

244 2352 523 2421 apostolos
548 2354 910 2423 sequebantur,
937 2363 1171 2422 sumptus
1197 2355 1515 2409 necessarios
1534 2355 1661 2423 ipsis
1690 2354 1816 2408 sub-

244 2440 631 2506 ministrando,
663 2452 721 2495 ut
751 2443 833 2497 illi
855 2443 953 2496 hac
974 2459 1102 2497 cura
1147 2442 1393 2509 liberati,
1435 2445 1538 2499 soli
1557 2444 1818 2512 pratdica-

244 2531 387 2584 εἰσιιί
414 2531 758 2586 attenderem.
805 2531 909 2588 Sed
943 2533 1086 2603 quod
1114 2533 1180 2587 ad
1226 2542 1471 2588 nostrum
1507 2535 1815 2590 institutum

242 2620 401 2685 facit,
434 2623 647 2678 habetis
673 2624 759 2679 hic
783 2625 1094 2695 religiosum
1126 2627 1442 2680 comitatum
1473 2667 1488 2691 ,
1518 2635 1572 2681 et
1601 2628 1815 2696 pietatis

240 2714 462 2781 glutine
518 2716 868 2784 conjunctum
927 2718 1385 2785 contubernium;
1435 2718 1644 2773 habetis
1689 2736 1813 2779 niu-

241 2803 411 2859 lieres
445 2820 555 2860 non
588 2822 823 2864 uxores:
860 2806 1070 2862 habetis
1109 2809 1375 2862 sororium
1409 2810 1510 2878 piae
1538 2811 1812 2879 germani-

237 2892 375 2948 tatis
414 2892 672 2960 titulum;
732 2893 944 2952 habetis
1003 2898 1445 2953 circumducendi
1488 2900 1809 2954 vocabulum

1942 437 2145 493 xander
2174 437 2275 491 hoc
2309 437 2429 491 loco
2464 436 2807 492 intellexerit.
3536 479 3542 511 ε

2007 529 2340 585 Proferimus
2368 542 2512 581 nunc
2546 527 2773 597 gradum
2813 544 2935 581 cum
2961 530 3147 585 eodem
3174 533 3511 600 Alexandro,
3536 524 3541 535 ’

1936 621 2029 690 qui
2057 620 2288 674 Arianos
2313 617 2529 673 concilii
2562 617 2888 673 auctoritate
2929 620 3214 676 damnatos
3241 623 3510 680 circuisse

1934 711 2141 766 vicinas
2200 710 2506 780 provincias
2568 717 2621 762 et
2681 709 3073 765 catholicorum
3122 714 3500 784 episcoporum

1933 804 2144 858 animos
2192 812 2431 856 tentasse
2473 800 2685 866 scribit,
2736 801 2973 872 σχήματι
3007 803 3107 872 μὲν
3149 805 3369 877 εἰρήνης
3407 809 3501 862 καὶ

1932 891 2171 957 ἑνώσεως
2203 892 2423 958 ἀξίωσιν
2453 895 2934 965 ὑποκρινομένους.
2964 893 3119 959 Quod
3161 909 3284 950 cum
3331 898 3502 952 inter-

1931 1002 2057 1056 pres
2105 992 2289 1040 noster
2338 995 2531 1049 vertat,
2583 988 2749 1055 specie
2780 985 2986 1055 quidem
3012 988 3157 1055 pacis
3205 997 3253 1041 et
3284 1003 3502 1043 concor-

1929 1077 2032 1130 diw
2065 1075 2338 1137 simulata,
2384 1076 2585 1129 veniam
2626 1085 2794 1143 petere
2820 1090 2930 1142 prie
2970 1092 3024 1129 se
3055 1076 3229 1144 ferre;
3262 1086 3497 1133 mentem

1927 1167 2047 1235 ejus
2095 1165 2514 1236 haudquaquam
2559 1181 2644 1219 me
2700 1165 3007 1235 perspicere
3051 1166 3254 1231 fateor,
3288 1170 3363 1223 uti
3396 1186 3499 1226 nec

1926 1258 2227 1313 Camerarii
2266 1258 2398 1310 illud
2429 1274 2441 1309 :
2475 1256 2696 1312 Consilii
2722 1260 2925 1328 quidem
2948 1262 3092 1323 pacis
3117 1269 3167 1313 et
3201 1262 3496 1316 concordia:

1925 1352 2092 1419 specie
2121 1350 2394 1403 simulata.
2426 1349 2659 1415 Quinam
2706 1351 2850 1404 enim
2881 1350 3041 1405 nobis
3067 1353 3492 1417 persuadebunt,

1923 1440 2146 1507 ἀξίωσιν
2178 1440 2264 1495 vel
2312 1440 2484 1495 venite
2537 1440 2877 1509 petitionem,
2931 1440 3015 1493 vel
3078 1442 3368 1494 consilium
3400 1449 3495 1495 aut

1923 1531 2026 1587 hoc
2058 1532 2178 1600 ipso
2219 1540 2312 1585 aut
2362 1531 2556 1600 quovis
2591 1533 2698 1586 alio
2744 1530 2886 1600 apud
2926 1528 3143 1586 Graecos
3198 1533 3497 1600 scriptores

1928 1623 2049 1677 loco
2103 1622 2456 1693 signiﬁcare?
2504 1622 2570 1676 Et
2620 1623 2668 1678 si
2724 1623 2809 1678 vel
2866 1622 3100 1677 maxime
3140 1623 3494 1693 signiﬁcaret,

1856 1693 1899 1747 Β
1925 1715 2144 1785 quinam
2170 1715 2222 1768 id
2250 1715 2335 1768 vel
2390 1715 2467 1768 rei
2501 1714 2604 1783 ipsi
2646 1714 2726 1768 vel
2756 1713 3047 1768 Alexandri
3094 1716 3262 1769 menti
3289 1730 3493 1771 conve-

1925 1806 2045 1861 nire
2097 1805 2333 1875 poterit?
2388 1804 2724 1875 Epiphanius
2766 1813 2923 1860 vetus
2974 1805 3265 1875 interpres,
3320 1807 3496 1876 ﬁgura

1920 1901 2065 1967 pacis
2081 1909 2132 1952 et
2161 1898 2382 1951 unitatis
2410 1897 2718 1968 dignitatem
2745 1914 2798 1951 se
2817 1912 3055 1951 exercere
3076 1898 3300 1967 ﬁngunt.
3346 1896 3492 1973 Sane

1922 1990 2142 2056 ἀξίωσιν
2169 1991 2484 2061 dignitatem
2524 1989 2833 2058 signiﬁcare
2860 1987 3056 2043 Suidas
3077 1989 3284 2059 aliquot
3307 2004 3494 2046 axem--

1920 2083 2025 2153 plis
2052 2082 2211 2137 docet
2243 2100 2256 2135 :
2292 2091 2345 2135 et
2362 2081 2524 2150 vulgo
2549 2078 2774 2140 Graecis,
2800 2081 2848 2133 oi
2870 2081 2959 2133 ἐπ’
2989 2079 3285 2147 ἀξιώσεως,
3316 2081 3411 2151 qui
3433 2083 3491 2136 in

1919 2173 2179 2243 dignitate
2206 2179 2334 2227 sunt
2362 2171 2665 2226 constituti.
2722 2170 2827 2225 Sed
2856 2171 2978 2240 quis
3008 2171 3290 2241 dignitatis
3327 2187 3487 2226 exer-

1918 2263 2104 2318 cenda:
2134 2264 2286 2318 locus
2321 2262 2612 2319 erronibus
2666 2262 2787 2318 istis
2830 2263 2885 2316 in
2932 2263 3109 2317 aliena
3164 2264 3490 2333 prouincia?

1919 2354 2030 2425 Ego
2063 2355 2286 2422 ἀξίωσιν
2318 2355 2421 2408 hoc
2451 2355 2573 2409 loco
2604 2353 2868 2425 βούλημα,
2900 2354 3034 2407 illud
3079 2355 3222 2424 quod
3253 2355 3493 2423 petimus

1917 2460 1982 2500 ac
2008 2447 2368 2515 postulamus,
2400 2461 2497 2501 seu
2521 2446 2678 2499 ﬁnem
2715 2452 2769 2500 et
2793 2461 3016 2515 scopum
3048 2461 3157 2515 quo
3180 2445 3350 2501 tendit
3382 2461 3482 2499 vo-

1915 2536 2117 2603 luntas,
2138 2550 2406 2607 quemque
2429 2536 2532 2591 sibi
2555 2536 2837 2605 obtingere
2863 2535 3159 2598 desiderat,
3200 2536 3481 2606 explicant-

1915 2625 2043 2680 dum
2066 2633 2217 2692 puto,
2242 2642 2366 2680 cum
2399 2627 2617 2681 verbum
2637 2623 2822 2691 ἀξιοῦν
2838 2633 3019 2696 petere
3036 2640 3100 2679 ac
3128 2627 3405 2696 postulare
3423 2634 3485 2682 ut

1914 2716 2205 2785 plurimum
2235 2715 2522 2786 signiﬁcet.
2558 2715 2636 2769 lta
2691 2722 2750 2767 ut
2781 2714 2884 2768 loci
2915 2730 3111 2770 sensus
3143 2715 3234 2778 sit,
3258 2730 3483 2770 errones

1915 2807 2037 2861 illos
2086 2808 2237 2878 pacis
2287 2818 2342 2862 et
2398 2806 2618 2862 unionis
2670 2806 2853 2876 specie
2905 2805 3073 2859 animi
3113 2805 3197 2860 sui
3222 2814 3480 2870 mentem,

1911 2899 2150 2968 quidque
2172 2907 2353 2968 petant
2387 2913 2451 2953 ac
2481 2899 2828 2967 pertendant,
2859 2904 2936 2961 et,
2958 2906 3016 2950 ut
3039 2912 3162 2950 cum
3192 2898 3352 2965 vulgo
3399 2897 3481 2951 lo-

234 2984 619 3053 spostolorum
668 2987 935 3059 περιόδοις
982 2990 1412 3046 accommodum.
1460 2990 1561 3045 Cui
1597 2990 1651 3045 in
1707 2991 1810 3046 ﬁxa
1837 3026 1880 3086 C
1912 3006 2170 3061 quamur,
2203 2992 2556 3045 intentionem
2593 3004 2747 3045 suam
2808 2989 3187 3054 dissimulare;
3223 3004 3344 3042 cum
3394 3005 3479 3043 re-

234 3085 504 3146 certaque
522 3077 843 3135 clericorum
868 3084 1294 3139 commoratione
1325 3084 1386 3138 τὸ
1436 3088 1773 3155 συνεισάγειν
1790 3127 1807 3151 ,

234 3168 339 3224 hoc
373 3176 465 3223 est
498 3184 605 3223 una
639 3185 821 3225 secum
857 3172 1205 3229 introducere
1236 3177 1320 3230 vel
1365 3179 1806 3233 contubernalem

236 3261 465 3324 habere,
487 3261 634 3316 haud
661 3264 799 3319 male
824 3268 1138 3335 respondet.
1164 3267 1299 3323 Nam
1333 3277 1386 3325 et
1420 3270 1523 3325 hoc
1554 3271 1808 3340 loquendi

236 3355 405 3409 modo
438 3352 631 3410 Patres
660 3356 738 3410 illi
781 3358 1103 3415 Antiocheni
1131 3362 1271 3431 apud
1328 3362 1620 3417 Eusebium
1644 3372 1808 3417 utun-

234 3451 343 3507 tur,
362 3444 504 3499 dum
557 3462 679 3501 sese
720 3446 864 3501 haud
908 3449 1158 3519 ignorare
1203 3452 1372 3515 aiunt,
1426 3453 1539 3505 ὅσοι
1573 3453 1677 3506 ὑπὸ
1710 3451 1803 3505 τοῦ

236 3535 586 3603 συνεισάγειν
613 3536 824 3601 ἑαυτοῖς
867 3542 1099 3608 γυναῖκα
1145 3540 1416 3608 ἐξέπεσον,
1453 3559 1611 3612 quam
1653 3543 1806 3595 multi

233 3626 545 3691 ceciderint,
592 3626 718 3680 dum
746 3628 989 3683 mulieres
1038 3631 1137 3684 sibi
1184 3633 1519 3687 contubernio
1552 3634 1800 3703 jungunt.

232 3714 340 3773 Nec
370 3719 613 3774 absimili
653 3721 862 3775 ratione
912 3722 1053 3776 idem
1082 3722 1375 3793 Apostolus
1418 3725 1486 3779 ad
1533 3724 1706 3779 Galat.
1741 3742 1801 3790 ιι,

232 3810 644 3883 παρεισάκτους
665 3812 1075 3882 ψευδαδέλφους,
1108 3814 1209 3869 hoc
1238 3823 1320 3870 est
1345 3816 1498 3885 juxta
1530 3816 1801 3886 vulgatum

234 3900 620 3971 interpretem,
678 3901 1101 3959 subintroductos
1152 3905 1317 3973 falsos
1381 3906 1572 3975 fratres
1644 3906 1798 3959 dixit.

236 3989 393 4046 Unde
424 3991 570 4045 haud
587 3992 750 4046 dubie
772 3995 825 4045 in
847 3992 1035 4048 Latina
1067 3994 1305 4049 Ecclesia
1328 3994 1569 4057 inolevit,
1593 4010 1802 4046 συνεισ-

235 4083 436 4146 ἀκτους
496 4097 715 4152 quoque
773 4090 828 4138 et
885 4084 1272 4151 ἐπεισάκτους,
1334 4083 1798 4149 subintroductas,

237 4188 405 4228 sacrae
442 4170 744 4241 Scriptum
772 4188 903 4227 voce
922 4175 1201 4244 appellari,
1234 4189 1371 4243 quas
1411 4173 1800 4227 cointroductas

235 4266 314 4320 vel
346 4263 779 4332 superinductas,
812 4267 1011 4321 rectius
1034 4273 1337 4320 vocassent.
1371 4265 1474 4320 Sed
1494 4266 1653 4320 redeo
1680 4273 1802 4318 tan-

1912 3096 2039 3135 vera
2096 3080 2199 3135 hoc
2237 3081 2550 3144 moliantur,
2577 3086 2636 3132 ut
2669 3093 2763 3133 eos
2795 3077 2862 3131 ad
2894 3092 3032 3146 quos
3074 3076 3341 3131 accedunt
3393 3093 3481 3133 se-

1907 3171 2132 3233 ducant,
2173 3182 2227 3225 et
2265 3175 2316 3223 in
2338 3182 2518 3239 partes
2551 3184 2680 3224 suas
2706 3170 3042 3238 pertrahant.

1980 3260 2107 3315 Inde
2141 3270 2197 3314 ιιι
2217 3261 2416 3315 leviora
2438 3260 2684 3329 quiedam
2738 3270 3070 3329 praeteream,
3105 3259 3246 3315 infra
3271 3261 3477 3330 princi-

1906 3354 1998 3425 pio
2040 3351 2316 3422 Evangelii
2367 3350 2598 3405 Joannis
2650 3351 2802 3406 varie
2830 3351 3062 3407 Arianos
3118 3353 3337 3421 premit.
3369 3351 3478 3418 Qui

1906 3461 2031 3500 cum
2072 3445 2254 3499 omnia
2302 3459 2399 3514 per
2458 3441 2692 3497 Verbum
2746 3441 2889 3496 facta
2937 3441 3156 3507 dixerit,
3194 3444 3476 3513 subjungit

1904 3537 2021 3607 ipse
2054 3554 2069 3592 :
2107 3535 2169 3591 Si
2192 3552 2313 3606 ergo
2340 3537 2516 3590 omnia
2539 3550 2629 3603 per
2650 3536 2820 3601 ipsum
2867 3535 3012 3603 facta
3045 3545 3188 3597 sunt,
3215 3536 3475 3605 quomodo

1905 3629 1949 3681 is
1992 3628 2082 3698 qui
2110 3627 2349 3681 omnibus
2395 3626 2547 3680 rebus
2599 3625 2787 3678 creatis
2826 3625 3106 3678 essentiam
3151 3623 3331 3677 tribuit
3360 3626 3472 3693 ipse

1904 3727 2186 3796 aliquando
2217 3744 2320 3780 non
2352 3725 2506 3786 fuerit
2532 3726 2555 3778 ?
2580 3723 2650 3776 Οὐ
2685 3722 2792 3792 γάρ
2812 3739 2928 3785 πως
2946 3723 2974 3773 ὁ
3003 3722 3173 3789 Λόγος
3202 3721 3262 3774 τὸ
3282 3721 3470 3775 ποιοῦν
3555 3750 3561 3757 -

1900 3821 2011 3881 τοῖς
2036 3817 2345 3889 γενομένοις
2392 3815 2490 3883 τῆς
2520 3814 2689 3883 αὐτῆς
2708 3806 2843 3864 εἶναι
2897 3809 3109 3880 φύσεως
3152 3809 3463 3879 διορίζεται.

1902 3908 2031 3972 Quae
2055 3906 2271 3975 quidem
2300 3905 2461 3958 verba
2483 3910 2535 3955 et
2570 3908 2723 3956 vetus
2759 3907 2814 3952 et
2846 3900 2971 3952 novi
3005 3899 3327 3968 interpretes
3350 3915 3471 3954 ver-

1902 3998 2066 4052 tendo
2103 3996 2183 4050 sic
2218 4002 2574 4065 pervertunt:
2626 3990 2796 4044 Nulla
2842 3990 2983 4044 enim
3042 3990 3180 4043 ratio
3234 3989 3363 4053 vult,
3408 3997 3466 4042 ut

1899 4086 2035 4159 quod
2086 4094 2228 4139 creat
2260 4083 2503 4147 eiusdem
2555 4082 2622 4136 sit
2674 4098 2792 4135 cum
2839 4080 3029 4134 creatis
3061 4089 3303 4144 naturai;
3337 4094 3463 4134 cum

1899 4182 1928 4233 ὁ
1952 4178 2124 4245 Λόγος
2146 4177 2563 4245 haudquaquam
2606 4173 2708 4226 hoc
2739 4173 2794 4226 in
2837 4171 2957 4225 loco
2997 4170 3064 4225 de
3090 4171 3305 4225 ratione
3333 4186 3465 4240 apo—

1899 4269 2118 4331 dictica,
2148 4267 2245 4322 sed
2276 4267 2343 4321 de
2368 4273 2573 4319 aeterno
2598 4262 2774 4318 Verbo
2793 4262 2965 4331 accipi
3002 4262 3225 4317 omnino
3246 4261 3459 4317 debeat.

236 4355 352 4409 dem
391 4354 543 4409 unde
574 4355 852 4425 digressus
874 4371 1015 4410 sum.
1068 4356 1144 4409 Ex
1178 4357 1243 4412 iis
1271 4372 1392 4426 qua:
1445 4358 1706 4411 hactenus
1734 4355 1801 4411 de
1831 4372 1875 4427 ι)
1905 4360 2085 4427 Itaque
2114 4356 2433 4411 vertendum
2468 4373 2481 4408 ε
2533 4352 2709 4423 Neque
2736 4352 2874 4405 enim
2910 4349 3135 4404 Verbum
3161 4349 3297 4419 quod
3318 4359 3467 4404 creat

236 4446 440 4515 triplici
496 4448 783 4501 mulierum
835 4463 1030 4516 genere
1071 4449 1328 4513 disserui,
1358 4451 1490 4505 satis
1544 4458 1799 4505 constare

237 4537 492 4592 existimo
520 4579 535 4602 ,
598 4537 759 4591 rebus
820 4539 1105 4593 turbandis
1151 4541 1386 4594 maxime
1434 4548 1796 4609 opportunum

236 4626 405 4685 fuisse
438 4630 657 4683 tertium
692 4629 794 4683 hoc
842 4646 1033 4698 genus,
1062 4629 1162 4694 τὰς
1186 4631 1541 4693 ἐπεισάκτους
1569 4631 1795 4694 scilicet,

236 4736 369 4790 quas
392 4721 701 4776 Alexander
748 4722 976 4792 proinde
1002 4721 1211 4776 ἄτακτα
1251 4723 1575 4795 γυναικάρια
1620 4730 1795 4785 vocat,

237 4812 379 4880 quod
409 4814 589 4867 nullas
618 4814 894 4868 modestiae
921 4813 1067 4884 leges
1090 4824 1466 4884 agnoscerent,
1497 4815 1645 4869 nullo
1693 4831 1794 4885 pu-

239 4901 385 4959 doris
437 4904 597 4958 l'reno
661 4905 1069 4960 cohiberentur.
1119 4905 1372 4971 Quinimo
1419 4914 1623 4975 pestem
1655 4905 1797 4961 hanc

238 4991 534 5050 Ecclesium
563 4997 901 5065 potissimum
932 4998 1187 5054 aﬂlixisse
1204 4999 1511 5054 certissimo
1531 4997 1655 5052 inde
1681 4997 1796 5052 col-

239 5086 423 5155 ligitur
442 5096 781 5156 argumento.
812 5088 953 5157 quod
985 5088 1186 5143 Nicteni
1211 5089 1418 5155 Patres,
1451 5098 1509 5142 ut
1540 5087 1795 5145 Ecclesia:

239 5176 395 5232 Italis
447 5177 813 5243 mederentur,
867 5180 992 5234 huic
1020 5180 1376 5234 carcinomati
1408 5180 1582 5249 primo
1628 5178 1795 5233 lenne

240 5281 355 5321 loco
399 5276 733 5323 censuerunt
759 5271 1177 5327 occurrendum.
1211 5270 1365 5326 Unde
1401 5271 1563 5326 tertio
1588 5286 1796 5325 canone

242 5360 581 5416 severissime
608 5363 862 5417 omnibus
912 5363 965 5416 in
1007 5365 1155 5419 clero
1201 5378 1525 5434 quocunque
1576 5363 1793 5417 tandem

246 5448 406 5515 gradu
439 5464 501 5504 ac
526 5452 747 5507 nomine
778 5453 1113 5522 degentibus,
1145 5452 1254 5506 τῶν
1281 5452 1642 5507 συνεισάκτων
1663 5468 1795 5507 con-

251 5540 522 5597 suetudine
568 5543 980 5598 interdixcrunt.
1011 5544 1185 5613 Atque
1215 5543 1342 5598 hinc
1395 5544 1601 5614 liquere
1648 5545 1793 5600 arbi-

254 5645 371 5699 tror,
393 5634 698 5704 cuiusmodi
731 5635 1013 5691 mulierum
1051 5637 1513 5706 prehensationes,
1559 5653 1790 5706 quarum

1896 4448 2129 4519 ejusdem
2154 4465 2269 4501 cum
2290 4448 2482 4501 creatis
2516 4456 2719 4499 natura'
2753 4460 2865 4497 esse
2893 4442 3112 4505 dicitur,
3150 4442 3236 4496 vel
3263 4443 3458 4496 statui-

1899 4551 2004 4605 tur,
2030 4542 2238 4596 scilicet
2266 4554 2297 4594 a
2341 4538 2547 4594 Joanne
2579 4536 2912 4606 evangelista
2936 4535 3095 4601 cuius
3128 4533 3292 4587 verba
3319 4548 3459 4602 prm-

1896 4633 2063 4687 misit.
2093 4629 2246 4697 Quod
2272 4629 2520 4699 quamvis
2554 4626 2755 4683 nemini
2790 4640 2897 4679 non
2921 4640 3016 4694 per
3039 4639 3097 4678 se
3128 4622 3463 4679 manifestis-

1897 4725 2115 4787 simum,
2172 4723 2293 4793 ipsa
2351 4721 2452 4776 loci
2516 4717 2823 4780 ἀκολουθία,
2870 4725 2923 4773 et
2972 4715 3145 4771 Graeci
3191 4715 3465 4770 sermonis

1896 4815 2231 4870 constructio
2289 4815 2504 4883 probat.
2561 4810 2855 4882 Subjungit
2885 4809 3030 4865 enim
3080 4808 3348 4862 rationem
3390 4823 3461 4861 ex

1890 4904 2170 4974 Evangelii
2196 4905 2378 4959 verbis
2422 4903 2668 4972 petitam,
2704 4917 2803 4955 cur
2832 4902 2860 4954 ό
2887 4899 3057 4969 Λόγος
3092 4898 3336 4967 ejusdem
3363 4911 3463 4950 na—

1896 5003 2033 5049 turae
2068 5011 2193 5049 cum
2231 4995 2395 5050 rebus
2445 4993 2645 5047 creatis
2703 5008 2825 5048 esse
2872 5001 3128 5062 nequeat,
3164 4991 3279 5059 εἴγε
3300 4990 3465 5053 αὐτὸς

1900 5086 1999 5157 μὲν
2028 5082 2097 5157 ἦν
2145 5089 2204 5138 ὲν
2237 5087 2405 5158 ἀρχῇ,
2464 5084 2735 5153 siquidem
2771 5085 2888 5154 ipse
2910 5122 2927 5149 ,
2974 5084 3183 5139 scilicet
3208 5085 3237 5136 ό
3264 5081 3461 5151 Λόγος,

1896 5184 2011 5231 erat
2041 5178 2095 5230 in
2120 5176 2387 5245 principio
2414 5194 2427 5230 :
2456 5176 2662 5245 reliqua
2711 5186 2890 5231 autem
2932 5176 3115 5231 omnia
3143 5189 3239 5243 per
3280 5175 3459 5243 ipsum

1896 5268 2035 5324 facta
2059 5275 2207 5325 sunt.
2246 5267 2351 5325 Sed
2384 5270 2652 5338 interpres
2706 5277 2910 5331 noster,
2943 5282 3066 5322 cum
3108 5267 3460 5335 praecedenti-

1895 5362 1997 5417 bus
2025 5362 2203 5417 verbis
2233 5360 2373 5418 male
2397 5359 2679 5415 conversis
2701 5375 2809 5414 non
2835 5359 3057 5413 haberet
3082 5373 3191 5426 quo
3236 5367 3459 5412 reterret

1898 5469 2078 5509 vocem
2104 5454 2283 5518 αὐτός,
2319 5454 2643 5508 sententiam
2674 5451 2812 5506 male
2834 5450 3056 5516 luxavit,
3081 5464 3257 5519 neque
3294 5450 3456 5503 ullam

1894 5546 1951 5601 in
1973 5544 2322 5613 sequentibus
2343 5544 2580 5615 periodis
2595 5558 2783 5600 sanam
2813 5541 3082 5612 expressit
3107 5541 3452 5596 sententiam.

1898 5637 2000 5692 Sed
2042 5636 2359 5705 interposita
2395 5634 2708 5705 παρενθὲσει
2745 5634 2909 5687 miras
2950 5633 3051 5688 sibi
3083 5632 3183 5702 ipsi
3222 5633 3455 5702 aliisque
