3906 6194
555 337 660 395 559

1605 335 1659 390 s.
1701 336 2119 392 ALEXANDER
2161 336 2714 392 ALEXANDRINUS.
3596 321 3690 396 sto“

553 453 744 510 otludit
777 453 1049 510 tenebras.
1097 451 1328 507 Romani
1352 465 1478 507 vero
1506 451 1766 516 editores,
1799 453 2112 523 interpretis
2141 461 2188 519 Α
2215 469 2346 510 sane
2371 462 2425 508 et
2448 453 2670 508 crebros
2694 459 2748 506 et
2777 449 2984 506 validos
3021 447 3372 504 sanctissimus
3402 447 3476 503 hic
3505 448 3670 519 episco-
3709 461 3718 472 ‘

549 563 793 604 errorem
853 547 935 600 vel
984 545 1386 600 fluctuationem
1416 543 1623 614 prolata
1679 544 1893 615 longius
1919 559 2113 613 paren-

555 637 692 691 thesi
725 652 832 690 non
875 651 1066 705 parum
1114 642 1392 705 augentes,
1432 634 1705 689 rationum
1769 642 1932 704 atque
1953 649 2114 703 argu-

553 735 856 783 tnentorum
887 728 996 782 vim
1037 745 1102 784 ac
1129 743 1326 783 nervos
1361 727 1520 798 plane
1559 725 1928 792 succiderunt,
1976 737 2111 796 quos

554 881 3384 910 __—.—_——~——_—————————-———_ﬁ

2217 559 2320 614 pus
2353 543 2408 597 in
2437 542 2672 596 Arianos
2703 546 2938 609 torquet.
2994 535 3097 591 Sed
3124 552 3240 591 cunt
3265 544 3315 592 et
3347 554 3432 593 vos
3451 540 3672 609 patientia.

2219 642 2273 690 et
2298 649 2383 688 me
2412 633 2643 686 laterum
2677 631 2821 684 vires
2847 629 3158 693 destituant,
3182 637 3364 682 cetera
3390 632 3678 687 commodiori

2215 723 2444 793 tempori
2475 721 2897 777 reservabimus.

3388 878 3662 901 ἠ

1382 1075 2161 1188 DISSEBTATIO
2234 1075 2604 1167 SECUN
2627 1078 2770 1164 DA
2819 1061 2945 1156 (ο).

626 1396 924 1467 Abruptum
949 1394 1134 1464 prima:
1157 1393 1562 1449 Dissertationis
1587 1391 1732 1446 filum
1751 1393 1817 1446 ad
1849 1391 2112 1460 reliquam

559 1490 820 1545 instituta:
848 1502 1091 1541 censura:
1150 1494 1355 1556 partem
1389 1483 1770 1556 pertexendam
1826 1493 2110 1537 connecto.

563 1579 725 1649 Urget
753 1587 942 1634 contra
973 1578 1085 1631 Arii
1130 1577 1496 1648 blasphentias
1549 1575 1856 1632 Alexander
1899 1575 2114 1645 episco-

558 1686 680 1740 pus,
700 1683 956 1724 aeternam
981 1669 1141 1724 Verbi
1171 1670 1261 1723 Dei
1291 1685 1355 1724 ex
1391 1667 1549 1724 Patre
1583 1670 1844 1739 originem
1876 1667 2114 1722 auctori-

559 1773 669 1820 tate
697 1765 927 1820 Joannis
975 1765 1340 1834 evangelista},
1370 1764 1462 1834 qui
1496 1764 1547 1817 in
1585 1765 1702 1832 ipso
1723 1764 1907 1816 limine
1938 1762 2114 1815 Evan-

559 1858 683 1927 gelii
713 1858 822 1920 sui,
859 1855 1093 1911 Verbum
1127 1857 1180 1910 in
1209 1857 1473 1926 principio
1522 1855 1725 1918 fuisse,
1764 1862 1955 1909 caetera
1987 1869 2114 1910 vero

558 1951 741 2004 omnia
768 1949 962 2004 deinde
987 1966 1082 2020 per
1111 1948 1347 2004 Verbum
1382 1948 1522 2001 facta
1565 1955 1813 2002 teSIatur.
1840 1946 1960 2012 Quo
1995 1947 2114 2000 loco

558 2039 944 2110 evangelistam
974 2053 1175 2092 arcano
1205 2046 1260 2092 et
1316 2037 1567 2108 religioso
1606 2038 1840 2107 quodam
1885 2038 2116 2093 consilio

558 2131 782 2184 verbum
805 2125 894 2200 ἦν,
927 2129 1040 2184 sive
1066 2138 1200 2192 erat,
1241 2129 1588 2194 adhibuisse;
1633 2127 1902 2198 γενέσεως
1933 2137 2112 2183 autem

558 2229 613 2272 et
635 2219 897 2290 ποιήσεως
929 2218 1145 2274 nomine
1195 2219 1520 2273 abstinuisse
1565 2218 1737 2273 docet.
1795 2218 1998 2283 Primo,
2049 2234 2116 2274 ne

560 2311 752 2366 iisdem
780 2311 1001 2365 vocibus
1050 2308 1117 2363 de
1144 2310 1400 2364 Creatore
1455 2317 1509 2365 et
1551 2317 1800 2364 creatura
1853 2319 2112 2364 uteretur.

562 2399 833 2462 Secundo,
857 2398 1002 2466 quod
1032 2396 1192 2452 Verbi
1229 2397 1417 2452 αξιοι-ιιί
1447 2398 1853 2466 productionem
1884 2413 1990 2451 non
2028 2413 2118 2452 so-

562 2489 672 2543 lttm
700 2491 1174 2560 evangelistarum,
1207 2488 1302 2543 sed
1333 2495 1385 2541 et
1435 2489 1747 2556 angelorum
1787 2489 2114 2542 intellectum

559 2583 823 2638 excedere
846 2583 1124 2645 crederet;
1160 2581 1340 2643 tertio,
1367 2580 1508 2650 quod
1533 2579 1756 2649 impium
1781 2579 2118 2634 existimaret

561 2688 759 2727 arcana
791 2673 878 2725 illa
937 2671 1242 2726 Divinitatis
1273 2671 1546 2741 mysteria,
1577 2671 1796 2724 curiosa
1855 2669 2119 2740 pervesti-

559 2764 776 2832 gatione
807 2763 1058 2817 subtilius
1092 2763 1345 2818 scrutari.
1395 2761 1452 2815 In
1503 2761 1662 2829 cujus
1697 2762 1799 2814 loci
1827 2777 1990 2816 sensu
2020 2778 2117 2815 ex-

563 2854 846 2924 pritnendo
879 2871 982 2907 non
1009 2855 1172 2908 semel
1199 2853 1540 2909 oﬂendcrunt
1571 2853 1914 2921 interpretes.
1946 2869 2116 2923 quan-

563 2946 854 3017 doquidem
914 2944 1097 2998 Graeca
1154 2946 1316 2999 verba
1375 2945 1502 2999 vitio
1560 2961 1664 3000 non
1727 2952 1932 2999 carent.
1985 2943 2118 2997 Illud

563 3048 773 3092 tantum
810 3037 1138 3100 indicavero,
1173 3037 1262 3091 ubi
1293 3039 1404 3092 ait:
1431 3037 1490 3090 τὸ
1523 3033 1618 3108 ἦν,
1675 3036 1988 3110 ὑπεραίρειν
2026 3037 2124 3108 τῆς

561 3131 668 3183 τῶν
690 3129 958 3200 γεννητῶν
995 3129 1252 3192 διανοίας,
1305 3145 1490 3184 vocem
1537 3130 1680 3183 illam
1745 3138 1880 3193 erat,
1911 3130 2127 3185 univer-

563 3235 678 3274 sam
702 3228 1072 3274 creaturarum
1112 3217 1520 3289 iutélligenliam
1552 3219 1958 3280 transcendere,
1983 3219 2123 3273 haud

563 3312 726 3365 dubie
763 3311 1025 3381 γενητῶν,
1071 3327 1178 3363 non
1214 3309 1490 3381 γεννητῶν
1516 3310 1829 3380 legendum;
1891 3327 2122 3380 quorttm

567 3404 670 3458 hoc
696 3403 803 3456 ἀπὺ
825 3403 920 3456 τοῦ
940 3403 1248 3472 γεννᾶσθαι,
1271 3403 1401 3456 illud
1429 3403 1538 3456 ἀπὸ
1562 3402 1655 3455 τοῦ
1687 3402 1932 3469 γίνεσθαι
1957 3402 2128 3456 dedu-

563 3497 724 3552 ritur.
751 3495 896 3562 Quas
949 3497 1164 3566 quidem
1215 3511 1398 3562 voces,
1429 3496 1554 3551 licet
1582 3496 1790 3566 origine
1835 3505 1890 3550 et
1919 3497 2127 3566 signiﬁ-

564 3599 690 3642 cattt
721 3588 927 3651 amnes,
961 3589 1101 3642 sacri
1127 3597 1178 3641 et
1218 3587 1430 3658 profani
1465 3595 1716 3642 auctores
1743 3603 1900 3642 caute
1932 3589 2128 3642 distin-

565 3686 756 3748 guunt,
790 3694 912 3733 ettm
946 3687 1126 3732 tamen
1162 3680 1214 3732 itt
1251 3679 1482 3746 vulgatis
1525 3677 1724 3732 Justini
1758 3677 1852 3742 δι,
1888 3677 2124 3744 Ιοζυδοὺίἰ,

569 3769 876 3839 Epiphanii,
909 3769 1248 3838 aliorumque
1273 3767 1625 3829 editionibus,
1673 3767 1945 3822 sexcentis
1992 3767 2127 3822 locis

567 3861 823 3915 confusas
854 3861 1140 3914 observare
1191 3860 1369 3913 liceat.
1417 3859 1633 3921 Γένεσις
1663 3858 1805 3912 enim
1861 3865 1915 3912 et
1969 3875 2128 3928 γενη-

566 3952 679 4015 τόν,
724 3961 782 4005 ut
819 3951 1046 4006 Proclus
1085 3951 1225 4005 libro
1283 3963 1321 4004 Il
1352 3949 1404 4002 in
1464 3949 1718 4003 Timwum
1771 3950 1866 4013 ait,
1894 3950 1990 4020 τὴν
2021 3950 2127 4003 ἀπὸ

565 4043 664 4098 τοῦ
741 4040 1078 4116 Δημιουργοῦ
1150 4042 1372 4115 πρόοδον
1434 4042 1704 4114 signiﬁcat
1759 4063 1772 4098 ε
1833 4042 1936 4098 hoc
2003 4053 2124 4108 est,

567 4138 898 4192 creationem
931 4145 986 4191 et
1018 4135 1426 4205 productionem
1465 4152 1530 4190 ex
1571 4137 1762 4191 nihilo.
1834 4135 2005 4198 Unde,
2068 4144 2128 4190 ut

567 4229 818 4284 Justinus
870 4227 1071 4298 Martyr
1115 4230 1188 4281 ait
1255 4230 1309 4281 in
1365 4226 1802 4296 Responsiouibus
1857 4229 1926 4281 ad
1982 4229 2128 4282 (ἔναν-

2149 1279 2220 1292 —

2217 1383 2308 1437 τοῦ
2337 1381 2551 1443 παντὸς,
2609 1379 2659 1432 εἰ
2686 1375 2903 1444 γέγονεν
2949 1375 2982 1446 ἢ
3045 1373 3233 1442 ἀγενές
3273 1375 3426 1428 ἐστιν.
3469 1373 3699 1432 Factuntne

2219 1476 2287 1529 sit
2313 1474 2628 1534 universum,
2661 1486 2730 1522 an
2755 1485 2853 1522 non
2908 1453 3130 1536 factum.
3165 1464 3274 1520 Hoc
3310 1474 3405 1530 est,
3434 1475 3485 1520 ιιι
3525 1466 3697 1523 Procles

2218 1567 2474 1637 explicat,
2526 1565 2572 1616 εἰ
2605 1562 2894 1633 γενητὺςῆ
2949 1561 3210 1631 ἀγένητος
3257 1561 3284 1613 ὁ
3318 1560 3516 1630 κόσμος.
3569 1561 3699 1629 Atque

2219 1661 2293 1714 ita
2348 1658 2764 1727 antiquissimus
2816 1655 2906 1710 ille
2958 1653 3125 1708 Italiae
3164 1653 3492 1724 philosophus
3534 1652 3700 1708 Ocellus

2221 1751 2475 1804 Lucanus
2501 1748 2701 1819 insigni
2723 1763 2888 1818 opere
2912 1750 3146 1818 probare
3172 1745 3416 1808 instituit,
3445 1745 3498 1797 τὸ
3519 1747 3606 1796 πᾶν
3636 1745 3702 1796 ἀν-

2217 1845 2350 1898 ώλεο
2361 1861 2447 1914 ρον
2471 1838 2609 1895 εἶναι
2639 1842 2729 1894 καὶ
2748 1840 3026 1910 ἀγένητον,
3054 1836 3308 1890 mundum
3328 1847 3437 1890 ortu
3456 1837 3702 1904 interituqu

2219 1954 2415 1992 carere.
2443 1934 2599 2002 Quod
2633 1933 2779 1987 enim
2835 1933 2996 2001 vulgo
3051 1932 3342 2000 ἀγέννητον
3381 1931 3558 2000 passim
3600 1929 3702 1998 apud

2219 2029 2460 2086 Ocellum
2489 2028 2766 2088 scribitur,
2796 2024 2850 2078 id
2882 2031 3072 2078 contra
3101 2024 3335 2093 Optimos
3359 2021 3613 2077 Vaticanus
3635 2035 3702 2076 co-

2220 2123 2371 2179 dices
2404 2136 2528 2176 esse
2578 2116 2932 2188 deprehendi,
2958 2130 3082 2169 cum
3150 2114 3345 2184 quibus
3386 2129 3582 2168 aureum
3610 2109 3704 2164 illud

2219 2213 2543 2286 opusculum
2576 2211 2860 2280 diligenter
2897 2207 3199 2278 aliquando
3226 2206 3440 2262 contuli.
3478 2205 3615 2261 Recte
3638 2203 3707 2274 igi-

2222 2319 2309 2361 tur
2322 2306 2634 2360 universum
2651 2302 2774 2366 hoc,
2800 2310 2852 2356 ct
2871 2300 3140 2371 quidquid
3155 2315 3330 2354 rerum
3351 2305 3612 2354 creatarum
3627 2298 3707 2351 uni-

2223 2415 2378 2456 verso
2391 2398 2720 2461 continetur,
2739 2394 2947 2447 ratione
2968 2392 3164 2462 primae
3179 2391 3526 2463 productionis
3541 2389 3708 2461 γενητόν

2222 2491 2612 2563 appellabimus
2631 2505 2643 2540 ε
2659 2486 2915 2556 γεννητόν
2927 2500 3053 2539 vero
3069 2485 3475 2556 haudquaquam
3495 2483 3633 2554 :quod
3644 2482 3704 2534 uni

2222 2583 2400 2640 Verbo
2421 2591 2623 2638 aeterno
2643 2578 2914 2644 convenit,
2931 2577 3019 2633 cui
3039 2578 3148 2632 soli
3171 2577 3327 2633 Pater
3346 2577 3471 2631 dixit
3492 2595 3502 2629 :
3522 2575 3623 2637 Υἱός
3637 2590 3707 2644 μου

2221 2673 2273 2729 εἷ
2321 2675 2406 2739 σὺ,
2453 2673 2562 2741 ἐγὼ
2595 2674 2830 2743 σήμερον
2851 2671 3167 2740 γεγέννηκά
3196 2685 3280 2722 σε·
3312 2667 3472 2721 Filius
3524 2683 3636 2720 meus
3670 2681 3707 2717 es

2224 2778 2404 2834 tu,ego
2427 2762 2578 2815 hodie
2603 2761 2756 2831 genui
2779 2769 2844 2812 te.
2880 2757 3087 2812 Caetera
3119 2765 3298 2812 autem
3323 2745 3708 2817 omnia,6-.‘atizo-3

2223 2857 2456 2924 ἐγένετο,
2499 2853 2590 2906 καὶ
2629 2851 2798 2922 χωρὶς
2822 2849 2985 2904 αὐτοῦ
3002 2849 3226 2918 ἐγένετο
3257 2848 3370 2902 οὐδὲ
3399 2847 3707 2912 ἓν,ὂγέγονεν.

2226 2945 2379 3001 Unde
2399 2955 2451 3000 ct
2477 2943 2684 3000 Psaltes
2706 2943 2885 3014 regius
2921 2961 2935 2996 :
2965 2941 3145 3005 Αὐτὸς
3191 2938 3362 3004 εἶπεν,
3408 2941 3492 2993 καὶ
3517 2935 3710 3007 ἐγενήθη-

2228 3054 2326 3091 σαν
2349 3055 2362 3067 ·
2395 3035 2514 3105 Ipse
2541 3035 2698 3100 dixit,
2727 3045 2776 3090 et
2803 3035 2945 3104 facta
2975 3045 3126 3089 sunt.
3151 3035 3351 3090 Contra
3383 3031 3587 3087 mundus
3607 3037 3710 3083 recte

2227 3130 2536 3199 ἀγέννητος,
2578 3142 2685 3181 non
2719 3136 2899 3180 autem
2928 3125 3218 3196 ἀγένητος.
3251 3125 3412 3180 Filius
3458 3131 3606 3178 autem
3645 3117 3709 3173 Dei

2227 3221 2511 3291 ἀγένητος,
2547 3235 2656 3274 non
2686 3219 2998 3289 ἁγὲννητος.
3033 3217 3170 3284 Quae
3200 3217 3439 3272 fortassis
3463 3215 3577 3270 levia
3589 3208 3708 3264 videri

2227 3322 2471 3382 possent,
2509 3311 2614 3364 nisi
2655 3311 2816 3364 unius
2870 3310 3065 3364 littera:
3098 3309 3415 3372 interstitio,
3465 3313 3615 3362 rectus
3646 3315 3710 3355 ca.

2228 3403 2438 3456 tholica:
2487 3402 2727 3456 veritatis
2758 3409 2959 3456 trames
2985 3416 3015 3454 a
3047 3402 3489 3471 gravissimorum
3526 3407 3709 3451 errorum

2227 3495 2540 3565 praecipitiis
2567 3495 2986 3564 dispesceretur.
3020 3492 3182 3549 L‘nde
3223 3492 3472 3548 Joannem
3495 3489 3711 3542 Damasce

2228 3602 2357 3640 num
2389 3586 2528 3639 libro
2558 3601 2596 3651 ι,
2625 3601 2742 3655 cap.
2779 3584 2833 3651 9,
2863 3601 3060 3655 magno
3096 3585 3216 3640 haec
3266 3584 3440 3640 studio
3491 3581 3712 3634 adnotasse

2225 3677 2472 3733 videmus
2493 3719 2506 3742 ,
2537 3689 2589 3732 et
2619 3677 2954 3748 Epiphanius
2981 3678 3180 3734 haeresi
3241 3695 3360 3732 thx
3411 3675 3608 3729 Arianos
3633 3669 3712 3721 ha‘c

2227 3771 2450 3824 nomina
2479 3769 2876 3825 confundentes
2907 3771 3235 3839 gravissime
3264 3767 3569 3840 perstrinxit.
3589 3764 3714 3826 Quali

2226 3859 2362 3915 bene
2385 3869 2562 3915 autem
2597 3861 2868 3930 interpres
2891 3863 3100 3930 Anglus
3136 3862 3206 3915 τὰ
3230 3861 3428 3932 γενητὰ
3479 3853 3714 3910 mortalium

2227 3953 2447 4008 nomine
2477 3954 2729 4024 explicet,
2765 3971 2888 4010 mox
2921 3955 3285 4010 comtnodiori
3317 3955 3430 4008 loco
3460 3947 3713 4004 videbimus.

2227 4044 2472 4116 Ineptmn
2500 4061 2736 4116 quoque,
2771 4047 2913 4117 quod
2947 4047 3086 4100 idem
3137 4055 3327 4102 noster
3369 4045 3602 4111 interpres
3620 4031 3717 4087 Ver-

2228 4139 2357 4196 bum
2388 4149 2669 4206 aaternutn,
2697 4155 2916 4194 causam
2944 4137 3269 4193 ellicientem
3295 4152 3466 4193 rerum
3511 4129 3715 4186 omnium.

2235 4232 2292 4285 τὸ
2318 4230 2524 4295 ποιοῦν,
2559 4232 2767 4301 gignens
2803 4230 3032 4300 appellat
3058 4247 3072 4295 ;
3097 4245 3224 4284 cum
3257 4229 3430 4283 omnis
3460 4225 3716 4278 Arianorum

565 4336 653 4374 cos
703 4335 722 4373 :
783 4319 854 4371 Τὸ
909 4318 1157 4386 γενέσθαι
1208 4318 1303 4372 καὶ
1365 4319 1426 4371 τὸ
1484 4319 1751 4372 ποιεῖσθαι
1815 4318 1958 4384 λέξει
2031 4321 2127 4390 μὲν

2232 4324 2429 4376 astutia
2464 4322 2515 4376 in
2573 4322 2884 4392 hujusmodi
2941 4321 3235 4375 verborum
3274 4319 3566 4376 confusione
3586 4323 3718 4365 rem

564 4415 626 4466 οὐ
696 4412 892 4465 ταυτὸν
919 4451 932 4476 ,
1007 4410 1150 4482 ἔργῳ
1193 4409 1248 4462 δὲ
1313 4410 1523 4464 ταυτόν.
1569 4410 1747 4466 Verbo
1795 4411 2014 4476 differt,
2069 4429 2128 4467 re

569 4506 685 4574 ipsa
746 4503 887 4558 ident
937 4511 1040 4557 est.
1085 4501 1337 4573 Γέννησις
1377 4511 1557 4556 autem
1605 4502 1840 4574 προϐολὴ
1901 4504 2127 4557 ἀπὸτοῦ

566 4597 814 4666 Πατρός,
870 4595 972 4648 hoc
1017 4601 1100 4648 est
1145 4593 1462 4663 generatio.
1519 4594 1652 4657 sive,
1689 4604 1747 4648 ut
1797 4610 1920 4649 cum
1965 4596 2128 4666 vulgo

566 4688 939 4757 theologorum
991 4686 1203 4754 loquar,
1237 4686 1521 4755 productio
1550 4686 1781 4742 viventis
1812 4691 1842 4740 a
1891 4687 2125 4753 vivente,

567 4778 763 4835 similis
795 4776 1113 4848 producenti
1147 4777 1199 4830 itt
1236 4775 1539 4831 substantia
1567 4785 1621 4832 et
1665 4786 1876 4833 natura.
1909 4777 1976 4832 Et
2004 4796 2128 4848 γενο

567 4869 746 4942 νητόν,
771 4877 829 4923 ut
853 4868 993 4937 apud
1017 4867 1265 4924 eumdem
1320 4866 1593 4923 Justinutn
1625 4868 1874 4934 habetur,
1917 4868 1978 4922 τὸ
2006 4887 2129 4938 γεν-

564 4962 740 5034 νητῶς
768 4961 1067 5032 γινόμενον,
1117 4962 1230 5016 sive
1288 4959 1351 5014 τὸ
1407 4960 1678 5032 γεννητῶς
1705 4962 1765 5015 τὸ
1807 4958 1946 5017 εἶναι
1983 4963 2123 5034 ἕχον,

564 5057 702 5125 quod
731 5072 823 5126 per
854 5054 1066 5107 modum
1106 5055 1459 5124 generationis
1496 5054 1756 5109 subsistit.
1808 5054 1965 5112 Unde
2005 5057 2129 5112 Cle-

566 5165 720 5205 mens
745 5145 1171 5208 Alexandrinus,
1233 5161 1356 5201 cunt
1385 5146 1649 5216 γενέσεως
1690 5163 1886 5204 nomen
1927 5149 2129 5218 promi-

566 5251 696 5291 scue
726 5235 900 5306 accipi
954 5236 1162 5290 videret
1189 5237 1352 5290 etiam
1393 5253 1490 5306 pro
1515 5238 1882 5307 generatione,
1931 5248 2127 5309 quarto

568 5325 896 5382 Stromatum
928 5327 1068 5383 libro
1094 5328 1167 5381 ita
1197 5341 1317 5383 eam
1342 5327 1647 5398 distinguit,
1683 5337 1742 5381 ut
1785 5329 1889 5381 alia
1927 5332 1996 5384 sit
2020 5329 2128 5381 τῶν

570 5421 938 5490 γεννωμένων,
975 5421 1080 5474 alia
1128 5419 1236 5474 τῶν
1291 5420 1612 5491 γινομένων,
1649 5419 1856 5476 scilicet
1910 5437 1977 5476 ne
2005 5423 2128 5492 quis

569 5508 632 5560 τὸ
694 5513 914 5580 γενητὸν
969 5515 1063 5567 καὶ
1117 5514 1370 5584 γεννητόν
1432 5513 1807 5568 confunderet.
1868 5513 2022 5569 Unde
2075 5523 2128 5569 et

571 5595 722 5654 Plato
753 5602 1015 5672 principio
1047 5605 1654 5677 Tima’i-disquirettdum
1675 5609 1959 5677 proponit:
1997 5609 2129 5681 Περὶ

645 5754 723 5829 (α)
752 5752 941 5808 IIabita
965 5755 1166 5819 Romae,
1198 5770 1253 5812 ut
1283 5775 1463 5828 supra.

2231 4425 2340 4476 tur,
2393 4429 2514 4483 quae
2553 4413 2934 4468 sanctissimus
2973 4412 3059 4465 hic
3086 4419 3282 4465 auctor
3321 4420 3496 4465 contra
3545 4401 3719 4467 diligen-

2230 4508 2438 4562 tissime
2465 4507 2766 4576 distinguit.
2798 4503 2992 4559 Tutius
3020 4519 3153 4559 sane
3185 4521 3311 4559 cum
3343 4503 3537 4571 vulgato
3566 4489 3719 4546 Biblio-

2228 4614 2348 4653 rum
2405 4598 2718 4668 interprete,
2770 4594 2996 4666 faciendi
3027 4603 3081 4650 et
3110 4595 3333 4665 factoris
3375 4586 3604 4647 vocabulo
3636 4587 3719 4633 ute-

2228 4695 2399 4753 retur,
2448 4687 2606 4743 novis
2665 4685 2774 4742 illis
2825 4686 3115 4742 verborum
3151 4685 3390 4740 lauticiis
3412 4676 3718 4740 relictis,qtlz

2227 4781 2410 4836 animo
2468 4780 2641 4835 sacris
2668 4777 2864 4834 litteris
2919 4777 3184 4832 innutrito
3239 4788 3488 4832 nauseam
3532 4777 3717 4823 commo-

2227 4882 2372 4929 vent.
2423 4872 2499 4927 Ita
2545 4873 2600 4926 in
2649 4871 2912 4927 orationis
2961 4886 3252 4942 progressu
3280 4908 3298 4934 ,
3354 4865 3440 4922 ubi
3481 4852 3718 4916 Alexander

2229 4966 2368 5022 ﬁlios
2397 4982 2493 5037 per
2525 4965 2751 5036 gratiam
2782 4964 3088 5034 adoptatos,
3127 4979 3157 5017 a
3187 4961 3366 5017 Verbo
3391 4968 3589 5014 aeterno.
3621 4957 3712 4998 τῡῐο

2229 5067 2282 5114 et
2303 5061 2522 5130 proprio
2572 5057 2666 5113 Dei
2714 5055 2852 5112 Filio
2908 5071 3070 5126 quam
3125 5055 3439 5125 longissime
3483 5049 3708 5130 removet;

2228 5126 2486 5220 quoniam
2519 5148 2608 5204 hic
2645 5157 2839 5202 natura
2892 5147 2984 5200 Dei
3011 5141 3182 5200 Filius
3211 5145 3324 5211 ;illi
3366 5157 3503 5202 vero.
3529 5126 3709 5224 ἀερςείιθ

2229 5242 2422 5312 spiritu
2461 5241 2759 5303 servitutis,
2782 5239 2842 5292 τὸ
2864 5239 2962 5310 τῆς
2985 5237 3255 5300 υἱοθεσίας
3273 5235 3512 5292 λαϐόντες

2230 5306 2342 5388 Hoc
2377 5342 2481 5397 est,
2514 5341 2573 5386 ttt
2611 5341 2797 5387 noster
2825 5306 3092 5402 interpres
3136 5329 3391 5388 reddidit,
3425 5306 3741 5408 ερίνίιιιριίοξ-ε

2227 5427 2418 5496 ptionis
2474 5427 2706 5519 filiorum
2759 5400 3186 5519 assumpta—lilii
3230 5416 3460 5519 adopnﬁ-Vi
3511 5400 3746 5519 ενῗδυῗξί

2229 5483 2425 5584 IJUidIIi
2474 5483 2667 5588 'potias
2716 5532 2838 5571 cum
2896 5483 3228 5571 divo'Paulo
3256 5512 3321 5566 ad
3340 5483 3498 5564 liora.
3521 5511 3607 5588 vui,
3639 5483 3709 5588 1-5.

2232 5577 2430 5680 gpirt'tu
2488 5577 2782 5678 adoptionis
2837 5618 3064 5678 accepto,
3099 5606 3177 5660 vel
3234 5604 3478 5672 Spiritum
3527 5577 3704 5654 σόοΡ¹ί⁰⁹
