  <div class='ocr_page' id='page_1' title='image "/cluster/home/n/w/nwhite01/storage/ocr_20150623/18/hvd.32044073501207/277.png"; bbox 0 0 3906 6194; ppageno 0'>
   <div class='ocr_carea' id='block_1_1' title="bbox 556 246 1668 302">
    <p class='ocr_par' dir='ltr' id='par_1_1' title="bbox 556 246 1668 302">
     <span class='ocr_line' id='line_1_1' title="bbox 556 246 1668 302; baseline -0.002 0"><span class='ocrx_word' id='word_1_1' title='bbox 556 246 661 302; x_wconf 69' lang='grc'><strong>543</strong></span> <span class='ocrx_word' id='word_1_2' title='bbox 1611 247 1668 301; x_wconf 86' lang='lat' dir='ltr'><strong>S.</strong></span> 
     </span>
    </p>
   </div>
   <div class='ocr_carea' id='block_1_2' title="bbox 552 355 2115 430">
    <p class='ocr_par' dir='ltr' id='par_1_2' title="bbox 552 355 2115 430">
     <span class='ocr_line' id='line_1_2' title="bbox 552 355 2115 430; baseline 0.002 -18"><span class='ocrx_word' id='word_1_3' title='bbox 552 355 727 418; x_wconf 67' lang='lat' dir='ltr'><strong>Graeci</strong></span> <span class='ocrx_word' id='word_1_4' title='bbox 750 356 982 428; x_wconf 79' lang='lat' dir='ltr'><strong>theologi</strong></span> <span class='ocrx_word' id='word_1_5' title='bbox 1003 357 1091 410; x_wconf 81' lang='grc' dir='ltr'>τὸν</span> <span class='ocrx_word' id='word_1_6' title='bbox 1122 358 1319 430; x_wconf 84' lang='grc' dir='ltr'><strong>τρόπον</strong></span> <span class='ocrx_word' id='word_1_7' title='bbox 1338 359 1434 429; x_wconf 78' lang='grc' dir='ltr'>τῆς</span> <span class='ocrx_word' id='word_1_8' title='bbox 1464 359 1768 430; x_wconf 78' lang='grc' dir='ltr'><strong>ὑπάρξεως,</strong></span> <span class='ocrx_word' id='word_1_9' title='bbox 1818 362 1904 415; x_wconf 96' lang='lat' dir='ltr'><strong>vel</strong></span> <span class='ocrx_word' id='word_1_10' title='bbox 1955 363 2115 416; x_wconf 88' lang='lat' dir='ltr'><strong>etiam</strong></span> 
     </span>
    </p>
   </div>
   <div class='ocr_carea' id='block_1_3' title="bbox 556 447 2115 520">
    <p class='ocr_par' dir='ltr' id='par_1_3' title="bbox 556 447 2115 520">
     <span class='ocr_line' id='line_1_3' title="bbox 556 447 2115 520; baseline 0.001 -13"><span class='ocrx_word' id='word_1_11' title='bbox 556 449 896 519; x_wconf 79' lang='lat' dir='ltr'><strong>simpliciter,</strong></span> <span class='ocrx_word' id='word_1_12' title='bbox 936 448 1032 518; x_wconf 78' lang='grc' dir='ltr'>τὴν</span> <span class='ocrx_word' id='word_1_13' title='bbox 1090 447 1319 520; x_wconf 77' lang='grc' dir='ltr'>ὓπαρξιν</span> <span class='ocrx_word' id='word_1_14' title='bbox 1372 451 1665 520; x_wconf 90' lang='lat' dir='ltr'><strong>appellant.</strong></span> <span class='ocrx_word' id='word_1_15' title='bbox 1720 450 1797 506; x_wconf 88' lang='lat' dir='ltr'><strong>Ita</strong></span> <span class='ocrx_word' id='word_1_16' title='bbox 1856 453 2115 509; x_wconf 82' lang='lat' dir='ltr'><strong>Joannem</strong></span> 
     </span>
    </p>
   </div>
   <div class='ocr_carea' id='block_1_4' title="bbox 553 539 2114 611">
    <p class='ocr_par' dir='ltr' id='par_1_4' title="bbox 553 539 2114 611">
     <span class='ocr_line' id='line_1_4' title="bbox 553 539 2114 611; baseline 0.002 -13"><span class='ocrx_word' id='word_1_17' title='bbox 553 540 942 610; x_wconf 75' lang='lat' dir='ltr'><strong>evangelistam</strong></span> <span class='ocrx_word' id='word_1_18' title='bbox 991 539 1259 595; x_wconf 75' lang='lat' dir='ltr'><strong>dicentem</strong></span> <span class='ocrx_word' id='word_1_19' title='bbox 1292 559 1306 594; x_wconf 76' lang='grc' dir='ltr'><strong>ε</strong></span> <span class='ocrx_word' id='word_1_20' title='bbox 1334 540 1400 595; x_wconf 84' lang='grc' dir='ltr'><strong>1η</strong></span> <span class='ocrx_word' id='word_1_21' title='bbox 1435 543 1690 611; x_wconf 87' lang='lat' dir='ltr'><strong>principio</strong></span> <span class='ocrx_word' id='word_1_22' title='bbox 1723 554 1836 597; x_wconf 84' lang='lat' dir='ltr'><strong>erat</strong></span> <span class='ocrx_word' id='word_1_23' title='bbox 1868 544 2114 609; x_wconf 84' lang='lat' dir='ltr'><strong><em>Verbum,</em></strong></span> 
     </span>
    </p>
   </div>
   <div class='ocr_carea' id='block_1_5' title="bbox 554 630 2118 710">
    <p class='ocr_par' dir='ltr' id='par_1_5' title="bbox 554 630 2118 710">
     <span class='ocr_line' id='line_1_5' title="bbox 554 630 2118 710; baseline 0.004 -24"><span class='ocrx_word' id='word_1_24' title='bbox 554 640 608 687; x_wconf 93' lang='lat' dir='ltr'><strong>et</strong></span> <span class='ocrx_word' id='word_1_25' title='bbox 671 630 848 683; x_wconf 97' lang='lat' dir='ltr'><strong>omnia</strong></span> <span class='ocrx_word' id='word_1_26' title='bbox 908 646 1000 699; x_wconf 87' lang='lat' dir='ltr'><strong>per</strong></span> <span class='ocrx_word' id='word_1_27' title='bbox 1053 632 1221 698; x_wconf 79' lang='lat' dir='ltr'><strong>ipsum</strong></span> <span class='ocrx_word' id='word_1_28' title='bbox 1271 633 1416 701; x_wconf 82' lang='lat' dir='ltr'><strong>facta</strong></span> <span class='ocrx_word' id='word_1_29' title='bbox 1464 645 1606 699; x_wconf 82' lang='lat' dir='ltr'><strong>sunt,</strong></span> <span class='ocrx_word' id='word_1_30' title='bbox 1653 636 1749 707; x_wconf 78' lang='grc' dir='ltr'>τὴν</span> <span class='ocrx_word' id='word_1_31' title='bbox 1821 638 2118 710; x_wconf 80' lang='grc' dir='ltr'>ἰδιότροπον</span> 
     </span>
    </p>
   </div>
   <div class='ocr_carea' id='block_1_6' title="bbox 556 726 2119 797">
    <p class='ocr_par' dir='ltr' id='par_1_6' title="bbox 556 726 2119 797">
     <span class='ocr_line' id='line_1_6' title="bbox 556 726 2119 797; baseline 0.005 -17"><span class='ocrx_word' id='word_1_32' title='bbox 556 726 720 781; x_wconf 77' lang='grc' dir='ltr'>αὑτοῦ</span> <span class='ocrx_word' id='word_1_33' title='bbox 753 726 1068 790; x_wconf 85' lang='grc' dir='ltr'>ὑπόστασιν,</span> <span class='ocrx_word' id='word_1_34' title='bbox 1090 728 1371 796; x_wconf 91' lang='lat' dir='ltr'><strong>proprium</strong></span> <span class='ocrx_word' id='word_1_35' title='bbox 1414 726 1535 797; x_wconf 84' lang='lat' dir='ltr'><strong>ejus</strong></span> <span class='ocrx_word' id='word_1_36' title='bbox 1585 731 1951 787; x_wconf 70' lang='lat' dir='ltr'><strong>subsistentia:</strong></span> <span class='ocrx_word' id='word_1_37' title='bbox 2007 750 2119 789; x_wconf 82' lang='lat' dir='ltr'><strong>mo-</strong></span> 
     </span>
    </p>
   </div>
   <div class='ocr_carea' id='block_1_7' title="bbox 554 817 2121 891">
    <p class='ocr_par' dir='ltr' id='par_1_7' title="bbox 554 817 2121 891">
     <span class='ocr_line' id='line_1_7' title="bbox 554 817 2121 891; baseline 0.005 -19"><span class='ocrx_word' id='word_1_38' title='bbox 554 817 707 881; x_wconf 87' lang='lat' dir='ltr'><strong>dum,</strong></span> <span class='ocrx_word' id='word_1_39' title='bbox 733 819 866 885; x_wconf 84' lang='lat' dir='ltr'><strong>sive,</strong></span> <span class='ocrx_word' id='word_1_40' title='bbox 893 827 949 871; x_wconf 91' lang='lat' dir='ltr'><strong>ut</strong></span> <span class='ocrx_word' id='word_1_41' title='bbox 974 817 1307 888; x_wconf 83' lang='lat' dir='ltr'><strong>Epiphanius</strong></span> <span class='ocrx_word' id='word_1_42' title='bbox 1328 821 1510 885; x_wconf 82' lang='lat' dir='ltr'><strong>vertit,</strong></span> <span class='ocrx_word' id='word_1_43' title='bbox 1539 823 1812 891; x_wconf 87' lang='lat' dir='ltr'><strong>propriam</strong></span> <span class='ocrx_word' id='word_1_44' title='bbox 1842 824 1961 891; x_wconf 92' lang='lat' dir='ltr'><strong>ejus</strong></span> <span class='ocrx_word' id='word_1_45' title='bbox 1989 826 2121 881; x_wconf 91' lang='lat' dir='ltr'><strong>sub-</strong></span> 
     </span>
    </p>
   </div>
   <div class='ocr_carea' id='block_1_8' title="bbox 557 908 2116 979">
    <p class='ocr_par' dir='ltr' id='par_1_8' title="bbox 557 908 2116 979">
     <span class='ocr_line' id='line_1_8' title="bbox 557 908 2116 979; baseline 0.001 -15"><span class='ocrx_word' id='word_1_46' title='bbox 557 909 813 964; x_wconf 87' lang='lat' dir='ltr'><strong>stantiam</strong></span> <span class='ocrx_word' id='word_1_47' title='bbox 855 908 1168 979; x_wconf 80' lang='lat' dir='ltr'><strong>designasse</strong></span> <span class='ocrx_word' id='word_1_48' title='bbox 1190 909 1265 961; x_wconf 86' lang='lat' dir='ltr'><strong>ait</strong></span> <span class='ocrx_word' id='word_1_49' title='bbox 1308 927 1319 961; x_wconf 91' lang='lat'><strong>:</strong></span> <span class='ocrx_word' id='word_1_50' title='bbox 1366 908 1543 978; x_wconf 92' lang='lat' dir='ltr'><strong>ipsum</strong></span> <span class='ocrx_word' id='word_1_51' title='bbox 1590 912 1799 966; x_wconf 75' lang='lat' dir='ltr'><strong>scilicet</strong></span> <span class='ocrx_word' id='word_1_52' title='bbox 1855 911 2116 977; x_wconf 82' lang='lat' dir='ltr'><strong>Verbum,</strong></span> 
     </span>
    </p>
   </div>
   <div class='ocr_carea' id='block_1_9' title="bbox 554 1000 2119 1073">
    <p class='ocr_par' dir='ltr' id='par_1_9' title="bbox 554 1000 2119 1073">
     <span class='ocr_line' id='line_1_9' title="bbox 554 1000 2119 1073; baseline 0.004 -19"><span class='ocrx_word' id='word_1_53' title='bbox 554 1015 653 1073; x_wconf 89' lang='lat' dir='ltr'><strong>per</strong></span> <span class='ocrx_word' id='word_1_54' title='bbox 678 1000 820 1072; x_wconf 92' lang='lat' dir='ltr'><strong>quod</strong></span> <span class='ocrx_word' id='word_1_55' title='bbox 846 1000 985 1054; x_wconf 83' lang='lat' dir='ltr'><strong>facta</strong></span> <span class='ocrx_word' id='word_1_56' title='bbox 1014 1009 1139 1053; x_wconf 84' lang='lat' dir='ltr'><strong>sunt</strong></span> <span class='ocrx_word' id='word_1_57' title='bbox 1170 1000 1375 1064; x_wconf 87' lang='lat' dir='ltr'><strong>omnia,</strong></span> <span class='ocrx_word' id='word_1_58' title='bbox 1401 1001 1570 1056; x_wconf 85' lang='lat' dir='ltr'><strong>fuisse</strong></span> <span class='ocrx_word' id='word_1_59' title='bbox 1590 1004 1904 1059; x_wconf 87' lang='lat' dir='ltr'><strong>anteomnia</strong></span> <span class='ocrx_word' id='word_1_60' title='bbox 1928 1013 1980 1059; x_wconf 90' lang='lat' dir='ltr'><strong>et</strong></span> <span class='ocrx_word' id='word_1_61' title='bbox 1997 1021 2119 1060; x_wconf 88' lang='lat' dir='ltr'><strong>esse</strong></span> 
     </span>
    </p>
   </div>
   <div class='ocr_carea' id='block_1_10' title="bbox 555 1090 2114 1162">
    <p class='ocr_par' dir='ltr' id='par_1_10' title="bbox 555 1090 2114 1162">
     <span class='ocr_line' id='line_1_10' title="bbox 555 1090 2114 1162; baseline -0.001 -14"><span class='ocrx_word' id='word_1_62' title='bbox 555 1092 673 1148; x_wconf 86' lang='lat' dir='ltr'><strong>sive</strong></span> <span class='ocrx_word' id='word_1_63' title='bbox 699 1092 999 1149; x_wconf 88' lang='lat' dir='ltr'><strong>subsistere</strong></span> <span class='ocrx_word' id='word_1_64' title='bbox 1036 1090 1310 1146; x_wconf 89' lang='lat' dir='ltr'><strong>diversum</strong></span> <span class='ocrx_word' id='word_1_65' title='bbox 1342 1090 1471 1162; x_wconf 89' lang='lat' dir='ltr'><strong>quid</strong></span> <span class='ocrx_word' id='word_1_66' title='bbox 1522 1108 1553 1147; x_wconf 90' lang='lat' dir='ltr'><strong>a</strong></span> <span class='ocrx_word' id='word_1_67' title='bbox 1586 1093 1798 1149; x_wconf 71' lang='lat' dir='ltr'><strong>caeteris</strong></span> <span class='ocrx_word' id='word_1_68' title='bbox 1822 1096 2114 1151; x_wconf 87' lang='lat' dir='ltr'><strong>omnibus:</strong></span> 
     </span>
    </p>
   </div>
   <div class='ocr_carea' id='block_1_11' title="bbox 555 1181 2115 1255">
    <p class='ocr_par' dir='ltr' id='par_1_11' title="bbox 555 1181 2115 1255">
     <span class='ocr_line' id='line_1_11' title="bbox 555 1181 2115 1255; baseline -0.001 -16"><span class='ocrx_word' id='word_1_69' title='bbox 555 1198 718 1254; x_wconf 88' lang='lat' dir='ltr'><strong>quam</strong></span> <span class='ocrx_word' id='word_1_70' title='bbox 751 1183 840 1236; x_wconf 82' lang='lat' dir='ltr'><strong>iile</strong></span> <span class='ocrx_word' id='word_1_71' title='bbox 887 1183 1184 1250; x_wconf 87' lang='lat' dir='ltr'><strong>signanter,</strong></span> <span class='ocrx_word' id='word_1_72' title='bbox 1238 1181 1534 1255; x_wconf 78' lang='grc' dir='ltr'>ἰδιότροπον</span> <span class='ocrx_word' id='word_1_73' title='bbox 1588 1183 1880 1238; x_wconf 74' lang='grc' dir='ltr'><strong>ὑπόστασιν</strong></span> <span class='ocrx_word' id='word_1_74' title='bbox 1937 1192 2115 1237; x_wconf 88' lang='lat' dir='ltr'><strong>vocat.</strong></span> 
     </span>
    </p>
   </div>
   <div class='ocr_carea' id='block_1_12' title="bbox 555 1272 2118 1344">
    <p class='ocr_par' dir='ltr' id='par_1_12' title="bbox 555 1272 2118 1344">
     <span class='ocr_line' id='line_1_12' title="bbox 555 1272 2118 1344; baseline 0 -15"><span class='ocrx_word' id='word_1_75' title='bbox 555 1274 763 1342; x_wconf 83' lang='lat' dir='ltr'><strong>Quibus</strong></span> <span class='ocrx_word' id='word_1_76' title='bbox 814 1273 974 1343; x_wconf 88' lang='lat' dir='ltr'><strong>paulo</strong></span> <span class='ocrx_word' id='word_1_77' title='bbox 1033 1283 1154 1340; x_wconf 90' lang='lat' dir='ltr'><strong>post</strong></span> <span class='ocrx_word' id='word_1_78' title='bbox 1209 1272 1509 1344; x_wconf 88' lang='lat' dir='ltr'><strong>subjungit,</strong></span> <span class='ocrx_word' id='word_1_79' title='bbox 1556 1274 1816 1328; x_wconf 90' lang='lat' dir='ltr'><strong>mundum</strong></span> <span class='ocrx_word' id='word_1_80' title='bbox 1855 1291 1919 1329; x_wconf 83' lang='lat' dir='ltr'><strong>ex</strong></span> <span class='ocrx_word' id='word_1_81' title='bbox 1949 1276 2118 1329; x_wconf 92' lang='lat' dir='ltr'><strong>nihilo</strong></span> 
     </span>
    </p>
   </div>
   <div class='ocr_carea' id='block_1_13' title="bbox 553 1360 2119 1435">
    <p class='ocr_par' dir='ltr' id='par_1_13' title="bbox 553 1360 2119 1435">
     <span class='ocr_line' id='line_1_13' title="bbox 553 1360 2119 1435; baseline -0.001 -17"><span class='ocrx_word' id='word_1_82' title='bbox 553 1361 911 1435; x_wconf 87' lang='lat' dir='ltr'><strong>productum.</strong></span> <span class='ocrx_word' id='word_1_83' title='bbox 963 1360 1231 1432; x_wconf 81' lang='grc' dir='ltr'><strong>νεωτέραν</strong></span> <span class='ocrx_word' id='word_1_84' title='bbox 1272 1360 1414 1430; x_wconf 73' lang='grc' dir='ltr'>ἔχειν</span> <span class='ocrx_word' id='word_1_85' title='bbox 1475 1361 1575 1431; x_wconf 81' lang='grc' dir='ltr'>τῆς</span> <span class='ocrx_word' id='word_1_86' title='bbox 1620 1362 1965 1426; x_wconf 83' lang='grc' dir='ltr'><strong>ὑποστάσεως</strong></span> <span class='ocrx_word' id='word_1_87' title='bbox 2027 1364 2119 1417; x_wconf 80' lang='grc' dir='ltr'>καὶ</span> 
     </span>
    </p>
   </div>
   <div class='ocr_carea' id='block_1_14' title="bbox 554 1453 2117 1528">
    <p class='ocr_par' dir='ltr' id='par_1_14' title="bbox 554 1453 2117 1528">
     <span class='ocr_line' id='line_1_14' title="bbox 554 1453 2117 1528; baseline 0.001 -19"><span class='ocrx_word' id='word_1_88' title='bbox 554 1454 863 1528; x_wconf 80' lang='grc' dir='ltr'>πρόσφατον</span> <span class='ocrx_word' id='word_1_89' title='bbox 891 1453 1123 1522; x_wconf 79' lang='grc' dir='ltr'>γένεσιν.</span> <span class='ocrx_word' id='word_1_90' title='bbox 1161 1455 1499 1507; x_wconf 85' lang='lat' dir='ltr'><strong>recentiorem</strong></span> <span class='ocrx_word' id='word_1_91' title='bbox 1541 1454 1785 1508; x_wconf 77' lang='lat' dir='ltr'><strong>habuisse</strong></span> <span class='ocrx_word' id='word_1_92' title='bbox 1821 1459 2117 1525; x_wconf 84' lang='lat' dir='ltr'><strong>generatio-</strong></span> 
     </span>
    </p>
   </div>
   <div class='ocr_carea' id='block_1_15' title="bbox 555 1544 2119 1615">
    <p class='ocr_par' dir='ltr' id='par_1_15' title="bbox 555 1544 2119 1615">
     <span class='ocr_line' id='line_1_15' title="bbox 555 1544 2119 1615; baseline 0.001 -15"><span class='ocrx_word' id='word_1_93' title='bbox 555 1562 693 1610; x_wconf 87' lang='lat' dir='ltr'><strong>nem,</strong></span> <span class='ocrx_word' id='word_1_94' title='bbox 721 1548 855 1611; x_wconf 82' lang='lat' dir='ltr'><strong>sive,</strong></span> <span class='ocrx_word' id='word_1_95' title='bbox 886 1555 945 1599; x_wconf 91' lang='lat' dir='ltr'><strong>ut</strong></span> <span class='ocrx_word' id='word_1_96' title='bbox 967 1544 1303 1615; x_wconf 86' lang='lat' dir='ltr'><strong>Epiphanius</strong></span> <span class='ocrx_word' id='word_1_97' title='bbox 1329 1547 1395 1600; x_wconf 88' lang='lat' dir='ltr'><strong>ad</strong></span> <span class='ocrx_word' id='word_1_98' title='bbox 1438 1546 1663 1601; x_wconf 81' lang='lat' dir='ltr'><strong>verbum</strong></span> <span class='ocrx_word' id='word_1_99' title='bbox 1694 1545 1890 1611; x_wconf 84' lang='lat' dir='ltr'><strong>reddit,</strong></span> <span class='ocrx_word' id='word_1_100' title='bbox 1946 1547 2119 1601; x_wconf 83' lang='lat' dir='ltr'><strong>novel-</strong></span> 
     </span>
    </p>
   </div>
   <div class='ocr_carea' id='block_1_16' title="bbox 554 1636 2117 1709">
    <p class='ocr_par' dir='ltr' id='par_1_16' title="bbox 554 1636 2117 1709">
     <span class='ocr_line' id='line_1_16' title="bbox 554 1636 2117 1709; baseline 0 -16"><span class='ocrx_word' id='word_1_101' title='bbox 554 1637 662 1693; x_wconf 80' lang='lat' dir='ltr'><strong>lam</strong></span> <span class='ocrx_word' id='word_1_102' title='bbox 679 1636 866 1692; x_wconf 85' lang='lat' dir='ltr'><strong>habere</strong></span> <span class='ocrx_word' id='word_1_103' title='bbox 890 1637 1198 1692; x_wconf 63' lang='lat' dir='ltr'><strong>substantia</strong></span> <span class='ocrx_word' id='word_1_104' title='bbox 1226 1648 1578 1709; x_wconf 86' lang='lat' dir='ltr'><strong>recentemque</strong></span> <span class='ocrx_word' id='word_1_105' title='bbox 1631 1638 1975 1692; x_wconf 82' lang='lat' dir='ltr'><strong>nativitatem.</strong></span> <span class='ocrx_word' id='word_1_106' title='bbox 2016 1637 2117 1695; x_wconf 88' lang='lat' dir='ltr'><strong>Ubi</strong></span> 
     </span>
    </p>
   </div>
   <div class='ocr_carea' id='block_1_17' title="bbox 552 1728 2115 1801">
    <p class='ocr_par' dir='ltr' id='par_1_17' title="bbox 552 1728 2115 1801">
     <span class='ocr_line' id='line_1_17' title="bbox 552 1728 2115 1801; baseline -0.001 -16"><span class='ocrx_word' id='word_1_107' title='bbox 552 1730 689 1785; x_wconf 87' lang='lat' dir='ltr'><strong>nihil</strong></span> <span class='ocrx_word' id='word_1_108' title='bbox 719 1728 864 1784; x_wconf 88' lang='lat' dir='ltr'><strong>aliud</strong></span> <span class='ocrx_word' id='word_1_109' title='bbox 894 1729 1245 1793; x_wconf 79' lang='grc' dir='ltr'><strong>ὑποστάσεως</strong></span> <span class='ocrx_word' id='word_1_110' title='bbox 1273 1746 1405 1786; x_wconf 86' lang='lat' dir='ltr'><strong>voce</strong></span> <span class='ocrx_word' id='word_1_111' title='bbox 1453 1730 1677 1801; x_wconf 74' lang='lat' dir='ltr'><strong>intelligi</strong></span> <span class='ocrx_word' id='word_1_112' title='bbox 1725 1739 1925 1801; x_wconf 88' lang='lat' dir='ltr'><strong>potest,</strong></span> <span class='ocrx_word' id='word_1_113' title='bbox 1953 1746 2115 1801; x_wconf 90' lang='lat' dir='ltr'><strong>quam</strong></span> 
     </span>
    </p>
   </div>
   <div class='ocr_carea' id='block_1_18' title="bbox 552 1820 2117 1894">
    <p class='ocr_par' dir='ltr' id='par_1_18' title="bbox 552 1820 2117 1894">
     <span class='ocr_line' id='line_1_18' title="bbox 552 1820 2117 1894; baseline -0.001 -17"><span class='ocrx_word' id='word_1_114' title='bbox 552 1822 672 1894; x_wconf 90' lang='lat' dir='ltr'><strong>ipsa</strong></span> <span class='ocrx_word' id='word_1_115' title='bbox 711 1820 944 1894; x_wconf 79' lang='grc' dir='ltr'>ὑπαρξις</span> <span class='ocrx_word' id='word_1_116' title='bbox 965 1831 1018 1878; x_wconf 91' lang='lat' dir='ltr'><strong>et</strong></span> <span class='ocrx_word' id='word_1_117' title='bbox 1047 1825 1386 1878; x_wconf 80' lang='lat' dir='ltr'><strong>exsistentia.</strong></span> <span class='ocrx_word' id='word_1_118' title='bbox 1417 1821 1569 1878; x_wconf 89' lang='lat' dir='ltr'><strong>Unde</strong></span> <span class='ocrx_word' id='word_1_119' title='bbox 1622 1838 1784 1893; x_wconf 89' lang='lat' dir='ltr'><strong>quam</strong></span> <span class='ocrx_word' id='word_1_120' title='bbox 1830 1823 1991 1877; x_wconf 88' lang='lat' dir='ltr'><strong>modo</strong></span> <span class='ocrx_word' id='word_1_121' title='bbox 2018 1822 2117 1894; x_wconf 77' lang='grc' dir='ltr'>τῆς</span> 
     </span>
    </p>
   </div>
   <div class='ocr_carea' id='block_1_19' title="bbox 553 1912 2116 1981">
    <p class='ocr_par' dir='ltr' id='par_1_19' title="bbox 553 1912 2116 1981">
     <span class='ocr_line' id='line_1_19' title="bbox 553 1912 2116 1981; baseline -0.001 -15"><span class='ocrx_word' id='word_1_122' title='bbox 553 1913 902 1976; x_wconf 74' lang='grc' dir='ltr'>ὑποστάσεως</span> <span class='ocrx_word' id='word_1_123' title='bbox 932 1912 1165 1981; x_wconf 75' lang='grc' dir='ltr'>γένεσιν,</span> <span class='ocrx_word' id='word_1_124' title='bbox 1189 1913 1580 1981; x_wconf 81' lang='lat' dir='ltr'><strong>productionem</strong></span> <span class='ocrx_word' id='word_1_125' title='bbox 1634 1913 1702 1966; x_wconf 85' lang='lat' dir='ltr'><strong>ad</strong></span> <span class='ocrx_word' id='word_1_126' title='bbox 1759 1913 2116 1968; x_wconf 71' lang='lat' dir='ltr'><strong>exsisteudum</strong></span> 
     </span>
    </p>
   </div>
   <div class='ocr_carea' id='block_1_20' title="bbox 553 2005 2112 2076">
    <p class='ocr_par' dir='ltr' id='par_1_20' title="bbox 553 2005 2112 2076">
     <span class='ocr_line' id='line_1_20' title="bbox 553 2005 2112 2076; baseline -0.001 -16"><span class='ocrx_word' id='word_1_127' title='bbox 553 2006 712 2069; x_wconf 71' lang='lat' dir='ltr'><strong>dixit,</strong></span> <span class='ocrx_word' id='word_1_128' title='bbox 738 2020 863 2060; x_wconf 82' lang='lat' dir='ltr'><strong>mox</strong></span> <span class='ocrx_word' id='word_1_129' title='bbox 893 2005 1257 2076; x_wconf 76' lang='lat' dir='ltr'><strong>:eqnipollenti</strong></span> <span class='ocrx_word' id='word_1_130' title='bbox 1290 2006 1554 2060; x_wconf 86' lang='lat' dir='ltr'><strong>vocabulo</strong></span> <span class='ocrx_word' id='word_1_131' title='bbox 1581 2005 1834 2059; x_wconf 76' lang='grc' dir='ltr'>οὑσίωσιν</span> <span class='ocrx_word' id='word_1_132' title='bbox 1860 2005 2112 2075; x_wconf 84' lang='lat' dir='ltr'><strong>appellat.</strong></span> 
     </span>
    </p>
   </div>
   <div class='ocr_carea' id='block_1_21' title="bbox 554 2095 2117 2169">
    <p class='ocr_par' dir='ltr' id='par_1_21' title="bbox 554 2095 2117 2169">
     <span class='ocr_line' id='line_1_21' title="bbox 554 2095 2117 2169; baseline 0.001 -20"><span class='ocrx_word' id='word_1_133' title='bbox 554 2095 621 2149; x_wconf 90' lang='lat' dir='ltr'><strong>Et</strong></span> <span class='ocrx_word' id='word_1_134' title='bbox 652 2095 842 2167; x_wconf 84' lang='lat' dir='ltr'><strong>paucis</strong></span> <span class='ocrx_word' id='word_1_135' title='bbox 877 2095 1180 2166; x_wconf 90' lang='lat' dir='ltr'><strong>interjectis</strong></span> <span class='ocrx_word' id='word_1_136' title='bbox 1238 2095 1357 2151; x_wconf 83' lang='lat' dir='ltr'><strong>Filii</strong></span> <span class='ocrx_word' id='word_1_137' title='bbox 1417 2096 1679 2168; x_wconf 88' lang='lat' dir='ltr'><strong>unigenili</strong></span> <span class='ocrx_word' id='word_1_138' title='bbox 1733 2097 2117 2169; x_wconf 83' lang='grc' dir='ltr'>ἀνεκδιήγητον</span> 
     </span>
    </p>
   </div>
   <div class='ocr_carea' id='block_1_22' title="bbox 554 2180 2116 2261">
    <p class='ocr_par' dir='ltr' id='par_1_22' title="bbox 554 2180 2116 2261">
     <span class='ocr_line' id='line_1_22' title="bbox 554 2180 2116 2261; baseline 0.001 -19"><span class='ocrx_word' id='word_1_139' title='bbox 554 2187 849 2242; x_wconf 80' lang='grc' dir='ltr'><strong>ὑπόστασιν</strong></span> <span class='ocrx_word' id='word_1_140' title='bbox 879 2195 1072 2256; x_wconf 89' lang='lat' dir='ltr'><strong>vocat;</strong></span> <span class='ocrx_word' id='word_1_141' title='bbox 1108 2189 1176 2243; x_wconf 91' lang='lat' dir='ltr'><strong>de</strong></span> <span class='ocrx_word' id='word_1_142' title='bbox 1199 2203 1305 2258; x_wconf 88' lang='lat' dir='ltr'><strong>qua</strong></span> <span class='ocrx_word' id='word_1_143' title='bbox 1338 2188 1576 2259; x_wconf 83' lang='lat' dir='ltr'><strong>Spiritus</strong></span> <span class='ocrx_word' id='word_1_144' title='bbox 1630 2197 1853 2245; x_wconf 89' lang='lat' dir='ltr'><strong>sanctus</strong></span> <span class='ocrx_word' id='word_1_145' title='bbox 1884 2180 2116 2261; x_wconf 86' lang='lat' dir='ltr'><strong>prophe-</strong></span> 
     </span>
    </p>
   </div>
   <div class='ocr_carea' id='block_1_23' title="bbox 553 2279 2117 2352">
    <p class='ocr_par' dir='ltr' id='par_1_23' title="bbox 553 2279 2117 2352">
     <span class='ocr_line' id='line_1_23' title="bbox 553 2279 2117 2352; baseline 0 -19"><span class='ocrx_word' id='word_1_146' title='bbox 553 2279 665 2335; x_wconf 88' lang='lat' dir='ltr'><strong>tico</strong></span> <span class='ocrx_word' id='word_1_147' title='bbox 690 2280 912 2336; x_wconf 88' lang='lat' dir='ltr'><strong>oraculo</strong></span> <span class='ocrx_word' id='word_1_148' title='bbox 958 2280 1168 2335; x_wconf 81' lang='lat' dir='ltr'><strong>dixerat</strong></span> <span class='ocrx_word' id='word_1_149' title='bbox 1202 2298 1215 2334; x_wconf 73' lang='grc' dir='ltr'><strong>τ</strong></span> <span class='ocrx_word' id='word_1_150' title='bbox 1246 2280 1356 2352; x_wconf 83' lang='grc' dir='ltr'><strong>Τὴν</strong></span> <span class='ocrx_word' id='word_1_151' title='bbox 1408 2281 1601 2349; x_wconf 76' lang='grc' dir='ltr'>γενεὰν</span> <span class='ocrx_word' id='word_1_152' title='bbox 1648 2281 1807 2335; x_wconf 79' lang='grc' dir='ltr'>αὑτοῦ</span> <span class='ocrx_word' id='word_1_153' title='bbox 1865 2282 1946 2345; x_wconf 78' lang='grc' dir='ltr'>τίς</span> <span class='ocrx_word' id='word_1_154' title='bbox 1999 2281 2117 2352; x_wconf 82' lang='grc' dir='ltr'>διη-</span> 
     </span>
    </p>
   </div>
   <div class='ocr_carea' id='block_1_24' title="bbox 552 2368 2116 2443">
    <p class='ocr_par' dir='ltr' id='par_1_24' title="bbox 552 2368 2116 2443">
     <span class='ocr_line' id='line_1_24' title="bbox 552 2368 2116 2443; baseline 0.003 -20"><span class='ocrx_word' id='word_1_155' title='bbox 552 2368 813 2443; x_wconf 65' lang='grc' dir='ltr'>γῆσεται;</span> <span class='ocrx_word' id='word_1_156' title='bbox 871 2369 1265 2426; x_wconf 85' lang='lat' dir='ltr'><strong>Generationem</strong></span> <span class='ocrx_word' id='word_1_157' title='bbox 1315 2370 1427 2440; x_wconf 87' lang='lat' dir='ltr'><strong>ejus</strong></span> <span class='ocrx_word' id='word_1_158' title='bbox 1481 2372 1597 2441; x_wconf 82' lang='lat' dir='ltr'><strong>quis</strong></span> <span class='ocrx_word' id='word_1_159' title='bbox 1649 2370 1958 2427; x_wconf 78' lang='lat' dir='ltr'><strong>enarrabit?</strong></span> <span class='ocrx_word' id='word_1_160' title='bbox 2015 2371 2116 2426; x_wconf 80' lang='lat' dir='ltr'><strong>libi</strong></span> 
     </span>
    </p>
   </div>
   <div class='ocr_carea' id='block_1_25' title="bbox 554 2461 2117 2533">
    <p class='ocr_par' dir='ltr' id='par_1_25' title="bbox 554 2461 2117 2533">
     <span class='ocr_line' id='line_1_25' title="bbox 554 2461 2117 2533; baseline 0.003 -19"><span class='ocrx_word' id='word_1_161' title='bbox 554 2462 847 2515; x_wconf 81' lang='grc' dir='ltr'>ὑπόστασιν</span> <span class='ocrx_word' id='word_1_162' title='bbox 880 2469 933 2515; x_wconf 90' lang='lat' dir='ltr'><strong>et</strong></span> <span class='ocrx_word' id='word_1_163' title='bbox 955 2461 1145 2529; x_wconf 84' lang='grc' dir='ltr'>γενεάν</span> <span class='ocrx_word' id='word_1_164' title='bbox 1182 2464 1488 2530; x_wconf 84' lang='lat' dir='ltr'><strong>promiscue</strong></span> <span class='ocrx_word' id='word_1_165' title='bbox 1513 2476 1613 2531; x_wconf 91' lang='lat' dir='ltr'><strong>pro</strong></span> <span class='ocrx_word' id='word_1_166' title='bbox 1658 2476 1769 2515; x_wconf 91' lang='lat' dir='ltr'><strong>uno</strong></span> <span class='ocrx_word' id='word_1_167' title='bbox 1819 2462 2117 2533; x_wconf 89' lang='lat' dir='ltr'><strong>eodemque</strong></span> 
     </span>
    </p>
   </div>
   <div class='ocr_carea' id='block_1_26' title="bbox 555 2548 2108 2624">
    <p class='ocr_par' dir='ltr' id='par_1_26' title="bbox 555 2548 2108 2624">
     <span class='ocr_line' id='line_1_26' title="bbox 555 2548 2108 2624; baseline 0.001 -19"><span class='ocrx_word' id='word_1_168' title='bbox 555 2552 685 2624; x_wconf 89' lang='lat' dir='ltr'><strong>poni</strong></span> <span class='ocrx_word' id='word_1_169' title='bbox 717 2551 841 2622; x_wconf 90' lang='lat' dir='ltr'><strong>quis</strong></span> <span class='ocrx_word' id='word_1_170' title='bbox 870 2567 979 2607; x_wconf 92' lang='lat' dir='ltr'><strong>non</strong></span> <span class='ocrx_word' id='word_1_171' title='bbox 1004 2552 1184 2606; x_wconf 82' lang='lat' dir='ltr'><strong>videt?</strong></span> <span class='ocrx_word' id='word_1_172' title='bbox 1205 2553 1335 2618; x_wconf 43' lang='lat' dir='ltr'><strong>Quae</strong></span> <span class='ocrx_word' id='word_1_173' title='bbox 1364 2552 1488 2607; x_wconf 86' lang='lat' dir='ltr'><strong>licet</strong></span> <span class='ocrx_word' id='word_1_174' title='bbox 1510 2553 1565 2606; x_wconf 92' lang='lat' dir='ltr'><strong>in</strong></span> <span class='ocrx_word' id='word_1_175' title='bbox 1591 2548 1809 2607; x_wconf 81' lang='lat' dir='ltr'><strong>divinis</strong></span> <span class='ocrx_word' id='word_1_176' title='bbox 1831 2553 1940 2606; x_wconf 90' lang='lat' dir='ltr'><strong>sint</strong></span> <span class='ocrx_word' id='word_1_177' title='bbox 1969 2553 2108 2607; x_wconf 87' lang='lat' dir='ltr'><strong>inse-</strong></span> 
     </span>
    </p>
   </div>
   <div class='ocr_carea' id='block_1_27' title="bbox 554 2643 2114 2715">
    <p class='ocr_par' dir='ltr' id='par_1_27' title="bbox 554 2643 2114 2715">
     <span class='ocr_line' id='line_1_27' title="bbox 554 2643 2114 2715; baseline 0.001 -19"><span class='ocrx_word' id='word_1_178' title='bbox 554 2644 842 2715; x_wconf 86' lang='lat' dir='ltr'><strong>parabilia,</strong></span> <span class='ocrx_word' id='word_1_179' title='bbox 877 2644 931 2698; x_wconf 93' lang='lat' dir='ltr'><strong>in</strong></span> <span class='ocrx_word' id='word_1_180' title='bbox 961 2645 1171 2698; x_wconf 76' lang='lat' dir='ltr'><strong>czeteris</strong></span> <span class='ocrx_word' id='word_1_181' title='bbox 1205 2654 1383 2698; x_wconf 87' lang='lat' dir='ltr'><strong>tamen</strong></span> <span class='ocrx_word' id='word_1_182' title='bbox 1415 2646 1660 2715; x_wconf 82' lang='grc' dir='ltr'><strong>γενητοῖς</strong></span> <span class='ocrx_word' id='word_1_183' title='bbox 1701 2643 1882 2713; x_wconf 81' lang='grc' dir='ltr'>γενεά,</span> <span class='ocrx_word' id='word_1_184' title='bbox 1913 2646 1996 2698; x_wconf 85' lang='lat' dir='ltr'><strong>via</strong></span> <span class='ocrx_word' id='word_1_185' title='bbox 2047 2644 2114 2711; x_wconf 65' lang='lat' dir='ltr'><strong>ad</strong></span> 
     </span>
    </p>
   </div>
   <div class='ocr_carea' id='block_1_28' title="bbox 555 2732 2118 2791">
    <p class='ocr_par' dir='ltr' id='par_1_28' title="bbox 555 2732 2118 2791">
     <span class='ocr_line' id='line_1_28' title="bbox 555 2732 2118 2791; baseline -0.001 -2"><span class='ocrx_word' id='word_1_186' title='bbox 555 2732 852 2789; x_wconf 79' lang='grc' dir='ltr'>ὑπόστασιν</span> <span class='ocrx_word' id='word_1_187' title='bbox 880 2749 1001 2788; x_wconf 90' lang='lat' dir='ltr'><strong>esse</strong></span> <span class='ocrx_word' id='word_1_188' title='bbox 1034 2733 1266 2788; x_wconf 87' lang='lat' dir='ltr'><strong>videtur.</strong></span> <span class='ocrx_word' id='word_1_189' title='bbox 1292 2732 1491 2789; x_wconf 84' lang='lat' dir='ltr'><strong>Verum</strong></span> <span class='ocrx_word' id='word_1_190' title='bbox 1516 2744 1569 2789; x_wconf 91' lang='lat' dir='ltr'><strong>et</strong></span> <span class='ocrx_word' id='word_1_191' title='bbox 1604 2734 1741 2789; x_wconf 87' lang='lat' dir='ltr'><strong>illud</strong></span> <span class='ocrx_word' id='word_1_192' title='bbox 1763 2751 1831 2790; x_wconf 77' lang='lat' dir='ltr'><strong>ex</strong></span> <span class='ocrx_word' id='word_1_193' title='bbox 1863 2735 1999 2791; x_wconf 91' lang='lat' dir='ltr'><strong>locis</strong></span> <span class='ocrx_word' id='word_1_194' title='bbox 2029 2736 2118 2788; x_wconf 87' lang='lat' dir='ltr'><strong>ba-</strong></span> 
     </span>
    </p>
   </div>
   <div class='ocr_carea' id='block_1_29' title="bbox 554 2827 2111 2898">
    <p class='ocr_par' dir='ltr' id='par_1_29' title="bbox 554 2827 2111 2898">
     <span class='ocr_line' id='line_1_29' title="bbox 554 2827 2111 2898; baseline -0.001 -16"><span class='ocrx_word' id='word_1_195' title='bbox 554 2835 751 2882; x_wconf 90' lang='lat' dir='ltr'><strong>ctenus</strong></span> <span class='ocrx_word' id='word_1_196' title='bbox 785 2842 815 2880; x_wconf 92' lang='lat' dir='ltr'><strong>a</strong></span> <span class='ocrx_word' id='word_1_197' title='bbox 859 2842 946 2881; x_wconf 92' lang='lat' dir='ltr'><strong>me</strong></span> <span class='ocrx_word' id='word_1_198' title='bbox 976 2827 1255 2897; x_wconf 83' lang='lat' dir='ltr'><strong>productis</strong></span> <span class='ocrx_word' id='word_1_199' title='bbox 1313 2842 1410 2883; x_wconf 89' lang='lat' dir='ltr'><strong>vos</strong></span> <span class='ocrx_word' id='word_1_200' title='bbox 1460 2828 1804 2898; x_wconf 79' lang='lat' dir='ltr'><strong>perspexisse</strong></span> <span class='ocrx_word' id='word_1_201' title='bbox 1857 2827 2111 2889; x_wconf 86' lang='lat' dir='ltr'><strong>arbitror,</strong></span> 
     </span>
    </p>
   </div>
   <div class='ocr_carea' id='block_1_30' title="bbox 558 2908 2116 2989">
    <p class='ocr_par' dir='ltr' id='par_1_30' title="bbox 558 2908 2116 2989">
     <span class='ocr_line' id='line_1_30' title="bbox 558 2908 2116 2989; baseline -0.001 -17"><span class='ocrx_word' id='word_1_202' title='bbox 558 2916 917 2989; x_wconf 87' lang='lat' dir='ltr'><strong>Epiphanium</strong></span> <span class='ocrx_word' id='word_1_203' title='bbox 942 2908 1174 2972; x_wconf 76' lang='lat' dir='ltr'><strong>veterem</strong></span> <span class='ocrx_word' id='word_1_204' title='bbox 1213 2919 1580 2989; x_wconf 88' lang='lat' dir='ltr'><strong>interpretem,</strong></span> <span class='ocrx_word' id='word_1_205' title='bbox 1625 2919 1825 2988; x_wconf 89' lang='lat' dir='ltr'><strong>ubique</strong></span> <span class='ocrx_word' id='word_1_206' title='bbox 1882 2917 2116 2971; x_wconf 85' lang='grc' dir='ltr'>ὑποστὰ-</span> 
     </span>
    </p>
   </div>
   <div class='ocr_carea' id='block_1_31' title="bbox 562 3010 2115 3079">
    <p class='ocr_par' dir='ltr' id='par_1_31' title="bbox 562 3010 2115 3079">
     <span class='ocr_line' id='line_1_31' title="bbox 562 3010 2115 3079; baseline -0.001 -15"><span class='ocrx_word' id='word_1_207' title='bbox 562 3026 701 3074; x_wconf 88' lang='grc' dir='ltr'>σεως</span> <span class='ocrx_word' id='word_1_208' title='bbox 728 3025 935 3073; x_wconf 91' lang='lat' dir='ltr'><strong>vocem,</strong></span> <span class='ocrx_word' id='word_1_209' title='bbox 967 3025 1073 3064; x_wconf 92' lang='lat' dir='ltr'><strong>non</strong></span> <span class='ocrx_word' id='word_1_210' title='bbox 1101 3010 1510 3066; x_wconf 85' lang='lat' dir='ltr'><strong>subsistentiam</strong></span> <span class='ocrx_word' id='word_1_211' title='bbox 1539 3027 1606 3066; x_wconf 66' lang='lat' dir='ltr'><strong>ex</strong></span> <span class='ocrx_word' id='word_1_212' title='bbox 1633 3017 1849 3079; x_wconf 89' lang='lat' dir='ltr'><strong>recepta</strong></span> <span class='ocrx_word' id='word_1_213' title='bbox 1895 3019 2115 3064; x_wconf 86' lang='lat' dir='ltr'><strong>sancto-</strong></span> 
     </span>
    </p>
   </div>
   <div class='ocr_carea' id='block_1_32' title="bbox 559 3086 2119 3165">
    <p class='ocr_par' dir='ltr' id='par_1_32' title="bbox 559 3086 2119 3165">
     <span class='ocr_line' id='line_1_32' title="bbox 559 3086 2119 3165; baseline 0 -11"><span class='ocrx_word' id='word_1_214' title='bbox 559 3115 680 3154; x_wconf 87' lang='lat' dir='ltr'><strong>rum</strong></span> <span class='ocrx_word' id='word_1_215' title='bbox 710 3098 924 3153; x_wconf 84' lang='lat' dir='ltr'><strong>Patrum</strong></span> <span class='ocrx_word' id='word_1_216' title='bbox 957 3108 1012 3153; x_wconf 90' lang='lat' dir='ltr'><strong>et</strong></span> <span class='ocrx_word' id='word_1_217' title='bbox 1048 3099 1258 3153; x_wconf 76' lang='lat' dir='ltr'><strong>Subota:</strong></span> <span class='ocrx_word' id='word_1_218' title='bbox 1298 3100 1712 3165; x_wconf 89' lang='lat' dir='ltr'><strong>consuetudine,</strong></span> <span class='ocrx_word' id='word_1_219' title='bbox 1746 3086 1840 3154; x_wconf 82' lang='lat' dir='ltr'><strong>sed</strong></span> <span class='ocrx_word' id='word_1_220' title='bbox 1863 3100 2119 3155; x_wconf 87' lang='lat' dir='ltr'><strong>substan-</strong></span> 
     </span>
    </p>
   </div>
   <div class='ocr_carea' id='block_1_33' title="bbox 557 3188 2117 3259">
    <p class='ocr_par' dir='ltr' id='par_1_33' title="bbox 557 3188 2117 3259">
     <span class='ocr_line' id='line_1_33' title="bbox 557 3188 2117 3259; baseline 0.003 -17"><span class='ocrx_word' id='word_1_221' title='bbox 557 3189 688 3242; x_wconf 89' lang='lat' dir='ltr'><strong>tiam</strong></span> <span class='ocrx_word' id='word_1_222' title='bbox 718 3202 841 3242; x_wconf 92' lang='lat' dir='ltr'><strong>cum</strong></span> <span class='ocrx_word' id='word_1_223' title='bbox 871 3188 1086 3259; x_wconf 85' lang='lat' dir='ltr'><strong>vulgato</strong></span> <span class='ocrx_word' id='word_1_224' title='bbox 1129 3188 1424 3245; x_wconf 88' lang='lat' dir='ltr'><strong>Blbliorum</strong></span> <span class='ocrx_word' id='word_1_225' title='bbox 1470 3190 1761 3259; x_wconf 84' lang='lat' dir='ltr'><strong>interprete</strong></span> <span class='ocrx_word' id='word_1_226' title='bbox 1803 3190 2117 3246; x_wconf 88' lang='lat' dir='ltr'><strong>reddidisse.</strong></span> 
     </span>
    </p>
   </div>
   <div class='ocr_carea' id='block_1_34' title="bbox 558 3275 2121 3352">
    <p class='ocr_par' dir='ltr' id='par_1_34' title="bbox 558 3275 2121 3352">
     <span class='ocr_line' id='line_1_34' title="bbox 558 3275 2121 3352; baseline 0.001 -17"><span class='ocrx_word' id='word_1_227' title='bbox 558 3275 715 3335; x_wconf 83' lang='lat' dir='ltr'><strong>Unde</strong></span> <span class='ocrx_word' id='word_1_228' title='bbox 734 3286 786 3333; x_wconf 89' lang='lat' dir='ltr'><strong>et</strong></span> <span class='ocrx_word' id='word_1_229' title='bbox 812 3279 913 3333; x_wconf 88' lang='lat' dir='ltr'><strong>hoc</strong></span> <span class='ocrx_word' id='word_1_230' title='bbox 936 3279 1073 3345; x_wconf 91' lang='lat' dir='ltr'><strong>loco,</strong></span> <span class='ocrx_word' id='word_1_231' title='bbox 1095 3280 1193 3345; x_wconf 82' lang='grc' dir='ltr'>τὰς</span> <span class='ocrx_word' id='word_1_232' title='bbox 1215 3284 1281 3352; x_wconf 78' lang='grc' dir='ltr'>τῇ</span> <span class='ocrx_word' id='word_1_233' title='bbox 1310 3282 1604 3336; x_wconf 79' lang='grc' dir='ltr'>ὑποστάσει</span> <span class='ocrx_word' id='word_1_234' title='bbox 1623 3282 1714 3335; x_wconf 81' lang='grc' dir='ltr'><strong>δύο</strong></span> <span class='ocrx_word' id='word_1_235' title='bbox 1736 3281 1944 3351; x_wconf 78' lang='grc' dir='ltr'>φύσεις,</span> <span class='ocrx_word' id='word_1_236' title='bbox 1969 3282 2121 3336; x_wconf 81' lang='lat' dir='ltr'><strong>subs-</strong></span> 
     </span>
    </p>
   </div>
   <div class='ocr_carea' id='block_1_35' title="bbox 558 3369 2121 3444">
    <p class='ocr_par' dir='ltr' id='par_1_35' title="bbox 558 3369 2121 3444">
     <span class='ocr_line' id='line_1_35' title="bbox 558 3369 2121 3444; baseline 0.001 -18"><span class='ocrx_word' id='word_1_237' title='bbox 558 3370 854 3426; x_wconf 65' lang='lat' dir='ltr'><strong>tantiaﬁter</strong></span> <span class='ocrx_word' id='word_1_238' title='bbox 873 3369 1007 3425; x_wconf 79' lang='lat' dir='ltr'><strong>duas</strong></span> <span class='ocrx_word' id='word_1_239' title='bbox 1027 3381 1245 3426; x_wconf 82' lang='lat' dir='ltr'><strong>naturas</strong></span> <span class='ocrx_word' id='word_1_240' title='bbox 1262 3374 1455 3440; x_wconf 89' lang='lat' dir='ltr'><strong>vertit;</strong></span> <span class='ocrx_word' id='word_1_241' title='bbox 1480 3373 1583 3427; x_wconf 89' lang='lat' dir='ltr'><strong>hoc</strong></span> <span class='ocrx_word' id='word_1_242' title='bbox 1606 3383 1689 3428; x_wconf 81' lang='lat' dir='ltr'><strong>est</strong></span> <span class='ocrx_word' id='word_1_243' title='bbox 1715 3388 1943 3444; x_wconf 85' lang='lat' dir='ltr'><strong>quarum</strong></span> <span class='ocrx_word' id='word_1_244' title='bbox 1972 3381 2121 3427; x_wconf 78' lang='lat' dir='ltr'><strong>utra-</strong></span> 
     </span>
    </p>
   </div>
   <div class='ocr_carea' id='block_1_36' title="bbox 558 3458 2118 3531">
    <p class='ocr_par' dir='ltr' id='par_1_36' title="bbox 558 3458 2118 3531">
     <span class='ocr_line' id='line_1_36' title="bbox 558 3458 2118 3531; baseline 0.003 -18"><span class='ocrx_word' id='word_1_245' title='bbox 558 3475 666 3531; x_wconf 85' lang='lat' dir='ltr'><strong>que</strong></span> <span class='ocrx_word' id='word_1_246' title='bbox 693 3458 961 3516; x_wconf 79' lang='lat' dir='ltr'><strong>diversam</strong></span> <span class='ocrx_word' id='word_1_247' title='bbox 992 3461 1352 3517; x_wconf 88' lang='lat' dir='ltr'><strong>substantiam</strong></span> <span class='ocrx_word' id='word_1_248' title='bbox 1382 3463 1497 3519; x_wconf 84' lang='lat' dir='ltr'><strong>sive</strong></span> <span class='ocrx_word' id='word_1_249' title='bbox 1525 3462 1860 3519; x_wconf 68' lang='lat' dir='ltr'><strong>subsistendi</strong></span> <span class='ocrx_word' id='word_1_250' title='bbox 1899 3463 2118 3517; x_wconf 90' lang='lat' dir='ltr'><strong>modum</strong></span> 
     </span>
    </p>
   </div>
   <div class='ocr_carea' id='block_1_37' title="bbox 559 3551 774 3609">
    <p class='ocr_par' dir='ltr' id='par_1_37' title="bbox 559 3551 774 3609">
     <span class='ocr_line' id='line_1_37' title="bbox 559 3551 774 3609; baseline -0.005 -3"><span class='ocrx_word' id='word_1_251' title='bbox 559 3551 774 3609; x_wconf 86' lang='lat' dir='ltr'><strong>habeat.</strong></span> 
     </span>
    </p>
   </div>
   <div class='ocr_carea' id='block_1_38' title="bbox 631 3641 2118 3716">
    <p class='ocr_par' dir='ltr' id='par_1_38' title="bbox 631 3641 2118 3716">
     <span class='ocr_line' id='line_1_38' title="bbox 631 3641 2118 3716; baseline 0.001 -20"><span class='ocrx_word' id='word_1_252' title='bbox 631 3642 811 3716; x_wconf 86' lang='lat' dir='ltr'><strong>Atque</strong></span> <span class='ocrx_word' id='word_1_253' title='bbox 839 3649 954 3703; x_wconf 66' lang='lat' dir='ltr'><strong>bac</strong></span> <span class='ocrx_word' id='word_1_254' title='bbox 985 3646 1202 3716; x_wconf 86' lang='lat' dir='ltr'><strong>quidem</strong></span> <span class='ocrx_word' id='word_1_255' title='bbox 1236 3644 1301 3700; x_wconf 91' lang='lat' dir='ltr'><strong>ad</strong></span> <span class='ocrx_word' id='word_1_256' title='bbox 1320 3642 1610 3707; x_wconf 82' lang='lat' dir='ltr'><strong>dimcilem,</strong></span> <span class='ocrx_word' id='word_1_257' title='bbox 1635 3651 1688 3698; x_wconf 88' lang='lat' dir='ltr'><strong>et</strong></span> <span class='ocrx_word' id='word_1_258' title='bbox 1714 3659 1837 3699; x_wconf 89' lang='lat' dir='ltr'><strong>vere</strong></span> <span class='ocrx_word' id='word_1_259' title='bbox 1858 3641 2118 3698; x_wconf 88' lang='lat' dir='ltr'><strong>Gordium</strong></span> 
     </span>
    </p>
   </div>
   <div class='ocr_carea' id='block_1_39' title="bbox 557 3735 2121 3808">
    <p class='ocr_par' dir='ltr' id='par_1_39' title="bbox 557 3735 2121 3808">
     <span class='ocr_line' id='line_1_39' title="bbox 557 3735 2121 3808; baseline 0.002 -20"><span class='ocrx_word' id='word_1_260' title='bbox 557 3735 726 3805; x_wconf 82' lang='lat' dir='ltr'><strong>hujus</strong></span> <span class='ocrx_word' id='word_1_261' title='bbox 744 3739 985 3808; x_wconf 58' lang='lat' dir='ltr'><strong>epistolas</strong></span> <span class='ocrx_word' id='word_1_262' title='bbox 1016 3738 1239 3802; x_wconf 90' lang='lat' dir='ltr'><strong>nodum,</strong></span> <span class='ocrx_word' id='word_1_263' title='bbox 1269 3738 1351 3793; x_wconf 88' lang='lat' dir='ltr'><strong>vel</strong></span> <span class='ocrx_word' id='word_1_264' title='bbox 1383 3736 1722 3799; x_wconf 88' lang='lat' dir='ltr'><strong>solvendum,</strong></span> <span class='ocrx_word' id='word_1_265' title='bbox 1752 3735 1836 3790; x_wconf 87' lang='lat' dir='ltr'><strong>vel</strong></span> <span class='ocrx_word' id='word_1_266' title='bbox 1871 3735 2121 3791; x_wconf 85' lang='lat' dir='ltr'><strong>scinden-</strong></span> 
     </span>
    </p>
   </div>
   <div class='ocr_carea' id='block_1_40' title="bbox 560 3824 2122 3899">
    <p class='ocr_par' dir='ltr' id='par_1_40' title="bbox 560 3824 2122 3899">
     <span class='ocr_line' id='line_1_40' title="bbox 560 3824 2122 3899; baseline 0.001 -20"><span class='ocrx_word' id='word_1_267' title='bbox 560 3824 690 3879; x_wconf 89' lang='lat' dir='ltr'><strong>dum</strong></span> <span class='ocrx_word' id='word_1_268' title='bbox 722 3829 897 3883; x_wconf 89' lang='lat' dir='ltr'><strong>attuli.</strong></span> <span class='ocrx_word' id='word_1_269' title='bbox 919 3829 1049 3895; x_wconf 72' lang='lat' dir='ltr'><strong>Qum</strong></span> <span class='ocrx_word' id='word_1_270' title='bbox 1071 3845 1169 3899; x_wconf 83' lang='lat' dir='ltr'><strong>ego</strong></span> <span class='ocrx_word' id='word_1_271' title='bbox 1194 3829 1497 3884; x_wconf 88' lang='lat' dir='ltr'><strong>doctiorum</strong></span> <span class='ocrx_word' id='word_1_272' title='bbox 1538 3826 1744 3897; x_wconf 89' lang='lat' dir='ltr'><strong>judicio</strong></span> <span class='ocrx_word' id='word_1_273' title='bbox 1766 3826 1963 3882; x_wconf 88' lang='lat' dir='ltr'><strong>lubens</strong></span> <span class='ocrx_word' id='word_1_274' title='bbox 1997 3827 2122 3882; x_wconf 90' lang='lat' dir='ltr'><strong>sub-</strong></span> 
     </span>
    </p>
   </div>
   <div class='ocr_carea' id='block_1_41' title="bbox 564 3916 2121 3990">
    <p class='ocr_par' dir='ltr' id='par_1_41' title="bbox 564 3916 2121 3990">
     <span class='ocr_line' id='line_1_41' title="bbox 564 3916 2121 3990; baseline 0.003 -23"><span class='ocrx_word' id='word_1_275' title='bbox 564 3916 736 3970; x_wconf 82' lang='lat' dir='ltr'><strong>initto.</strong></span> <span class='ocrx_word' id='word_1_276' title='bbox 762 3916 836 3972; x_wconf 88' lang='lat' dir='ltr'><strong>De</strong></span> <span class='ocrx_word' id='word_1_277' title='bbox 860 3936 968 3989; x_wconf 89' lang='lat' dir='ltr'><strong>quo</strong></span> <span class='ocrx_word' id='word_1_278' title='bbox 991 3922 1111 3976; x_wconf 85' lang='lat' dir='ltr'><strong>loco</strong></span> <span class='ocrx_word' id='word_1_279' title='bbox 1143 3922 1188 3977; x_wconf 90' lang='lat' dir='ltr'><strong>si</strong></span> <span class='ocrx_word' id='word_1_280' title='bbox 1210 3922 1332 3990; x_wconf 91' lang='lat' dir='ltr'><strong>quis</strong></span> <span class='ocrx_word' id='word_1_281' title='bbox 1361 3919 1594 3975; x_wconf 81' lang='lat' dir='ltr'><strong>certiora</strong></span> <span class='ocrx_word' id='word_1_282' title='bbox 1629 3934 1713 3975; x_wconf 90' lang='lat' dir='ltr'><strong>mc</strong></span> <span class='ocrx_word' id='word_1_283' title='bbox 1739 3917 2006 3982; x_wconf 88' lang='lat' dir='ltr'><strong>docuerit,</strong></span> <span class='ocrx_word' id='word_1_284' title='bbox 2039 3933 2121 3973; x_wconf 71' lang='lat' dir='ltr'><strong>na:</strong></span> 
     </span>
    </p>
   </div>
   <div class='ocr_carea' id='block_1_42' title="bbox 563 4004 2121 4083">
    <p class='ocr_par' dir='ltr' id='par_1_42' title="bbox 563 4004 2121 4083">
     <span class='ocr_line' id='line_1_42' title="bbox 563 4004 2121 4083; baseline 0.004 -24"><span class='ocrx_word' id='word_1_285' title='bbox 563 4004 654 4061; x_wconf 90' lang='lat' dir='ltr'><strong>ille</strong></span> <span class='ocrx_word' id='word_1_286' title='bbox 680 4022 929 4078; x_wconf 86' lang='lat' dir='ltr'><strong>magnam</strong></span> <span class='ocrx_word' id='word_1_287' title='bbox 953 4012 1055 4066; x_wconf 89' lang='lat' dir='ltr'><strong>sibi</strong></span> <span class='ocrx_word' id='word_1_288' title='bbox 1085 4012 1273 4083; x_wconf 72' lang='lat' dir='ltr'><strong>gratia:</strong></span> <span class='ocrx_word' id='word_1_289' title='bbox 1301 4010 1603 4067; x_wconf 85' lang='lat' dir='ltr'><strong>mercedem</strong></span> <span class='ocrx_word' id='word_1_290' title='bbox 1628 4008 1766 4081; x_wconf 90' lang='lat' dir='ltr'><strong>apud</strong></span> <span class='ocrx_word' id='word_1_291' title='bbox 1789 4024 1873 4065; x_wconf 92' lang='lat' dir='ltr'><strong>me</strong></span> <span class='ocrx_word' id='word_1_292' title='bbox 1905 4024 2121 4079; x_wconf 74' lang='lat' dir='ltr'><strong>prome-</strong></span> 
     </span>
    </p>
   </div>
   <div class='ocr_carea' id='block_1_43' title="bbox 562 4100 756 4153">
    <p class='ocr_par' dir='ltr' id='par_1_43' title="bbox 562 4100 756 4153">
     <span class='ocr_line' id='line_1_43' title="bbox 562 4100 756 4153; baseline 0 0"><span class='ocrx_word' id='word_1_293' title='bbox 562 4100 756 4153; x_wconf 87' lang='lat' dir='ltr'><strong>ruerit.</strong></span> 
     </span>
    </p>
   </div>
   <div class='ocr_carea' id='block_1_44' title="bbox 635 4189 2121 4265">
    <p class='ocr_par' dir='ltr' id='par_1_44' title="bbox 635 4189 2121 4265">
     <span class='ocr_line' id='line_1_44' title="bbox 635 4189 2121 4265; baseline 0.002 -22"><span class='ocrx_word' id='word_1_294' title='bbox 635 4189 714 4246; x_wconf 79' lang='lat' dir='ltr'><strong>Ex</strong></span> <span class='ocrx_word' id='word_1_295' title='bbox 752 4193 1008 4263; x_wconf 63' lang='lat' dir='ltr'><strong>praedicto</strong></span> <span class='ocrx_word' id='word_1_296' title='bbox 1046 4192 1418 4261; x_wconf 66' lang='lat' dir='ltr'><strong>divi;Juannis</strong></span> <span class='ocrx_word' id='word_1_297' title='bbox 1461 4194 1580 4248; x_wconf 93' lang='lat' dir='ltr'><strong>loco</strong></span> <span class='ocrx_word' id='word_1_298' title='bbox 1626 4195 1958 4265; x_wconf 80' lang='lat' dir='ltr'><strong>probaturus</strong></span> <span class='ocrx_word' id='word_1_299' title='bbox 1998 4191 2121 4246; x_wconf 88' lang='lat' dir='ltr'><strong>Ale-</strong></span> 
     </span>
    </p>
   </div>
   <div class='ocr_carea' id='block_1_45' title="bbox 559 4282 2120 4354">
    <p class='ocr_par' dir='ltr' id='par_1_45' title="bbox 559 4282 2120 4354">
     <span class='ocr_line' id='line_1_45' title="bbox 559 4282 2120 4354; baseline 0.001 -18"><span class='ocrx_word' id='word_1_300' title='bbox 559 4283 768 4339; x_wconf 77' lang='lat' dir='ltr'><strong>xander</strong></span> <span class='ocrx_word' id='word_1_301' title='bbox 793 4282 985 4337; x_wconf 87' lang='lat' dir='ltr'><strong>Filium</strong></span> <span class='ocrx_word' id='word_1_302' title='bbox 1015 4282 1108 4337; x_wconf 79' lang='lat' dir='ltr'><strong>Dei</strong></span> <span class='ocrx_word' id='word_1_303' title='bbox 1144 4298 1239 4352; x_wconf 87' lang='lat' dir='ltr'><strong>per</strong></span> <span class='ocrx_word' id='word_1_304' title='bbox 1275 4283 1457 4338; x_wconf 89' lang='lat' dir='ltr'><strong>omnia</strong></span> <span class='ocrx_word' id='word_1_305' title='bbox 1496 4285 1800 4354; x_wconf 79' lang='lat' dir='ltr'><strong>exprimere</strong></span> <span class='ocrx_word' id='word_1_306' title='bbox 1830 4294 1883 4338; x_wconf 90' lang='lat' dir='ltr'><strong>et</strong></span> <span class='ocrx_word' id='word_1_307' title='bbox 1918 4282 2120 4338; x_wconf 82' lang='lat' dir='ltr'><strong>referre</strong></span> 
     </span>
    </p>
   </div>
   <div class='ocr_carea' id='block_1_46' title="bbox 560 4371 2118 4443">
    <p class='ocr_par' dir='ltr' id='par_1_46' title="bbox 560 4371 2118 4443">
     <span class='ocr_line' id='line_1_46' title="bbox 560 4371 2118 4443; baseline 0.001 -16"><span class='ocrx_word' id='word_1_308' title='bbox 560 4371 736 4430; x_wconf 86' lang='lat' dir='ltr'><strong>Patris</strong></span> <span class='ocrx_word' id='word_1_309' title='bbox 766 4382 1036 4434; x_wconf 89' lang='lat' dir='ltr'><strong>naturam,</strong></span> <span class='ocrx_word' id='word_1_310' title='bbox 1066 4374 1295 4443; x_wconf 90' lang='lat' dir='ltr'><strong>ejusque</strong></span> <span class='ocrx_word' id='word_1_311' title='bbox 1326 4373 1759 4443; x_wconf 78' lang='grc' dir='ltr'><strong>ἀπαράλλακτον,</strong></span> <span class='ocrx_word' id='word_1_312' title='bbox 1800 4375 1918 4429; x_wconf 91' lang='lat' dir='ltr'><strong>sine</strong></span> <span class='ocrx_word' id='word_1_313' title='bbox 1966 4375 2118 4428; x_wconf 82' lang='lat' dir='ltr'><strong>inva-</strong></span> 
     </span>
    </p>
   </div>
   <div class='ocr_carea' id='block_1_47' title="bbox 559 4468 2117 4540">
    <p class='ocr_par' dir='ltr' id='par_1_47' title="bbox 559 4468 2117 4540">
     <span class='ocr_line' id='line_1_47' title="bbox 559 4468 2117 4540; baseline 0.003 -19"><span class='ocrx_word' id='word_1_314' title='bbox 559 4469 754 4524; x_wconf 81' lang='lat' dir='ltr'><strong>riatam</strong></span> <span class='ocrx_word' id='word_1_315' title='bbox 783 4470 1069 4540; x_wconf 79' lang='lat' dir='ltr'><strong>imaginem</strong></span> <span class='ocrx_word' id='word_1_316' title='bbox 1118 4469 1393 4535; x_wconf 80' lang='lat' dir='ltr'><strong>exhibere,</strong></span> <span class='ocrx_word' id='word_1_317' title='bbox 1441 4468 1612 4537; x_wconf 78' lang='lat' dir='ltr'><strong>ipsius</strong></span> <span class='ocrx_word' id='word_1_318' title='bbox 1661 4471 1858 4526; x_wconf 86' lang='lat' dir='ltr'><strong>Christi</strong></span> <span class='ocrx_word' id='word_1_319' title='bbox 1902 4469 2117 4525; x_wconf 88' lang='lat' dir='ltr'><strong>Domini</strong></span> 
     </span>
    </p>
   </div>
   <div class='ocr_carea' id='block_1_48' title="bbox 560 4559 2116 4632">
    <p class='ocr_par' dir='ltr' id='par_1_48' title="bbox 560 4559 2116 4632">
     <span class='ocr_line' id='line_1_48' title="bbox 560 4559 2116 4632; baseline 0.001 -17"><span class='ocrx_word' id='word_1_320' title='bbox 560 4561 742 4617; x_wconf 88' lang='lat' dir='ltr'><strong>verbis</strong></span> <span class='ocrx_word' id='word_1_321' title='bbox 772 4576 837 4615; x_wconf 80' lang='lat' dir='ltr'><strong>ex</strong></span> <span class='ocrx_word' id='word_1_322' title='bbox 868 4562 1052 4617; x_wconf 86' lang='lat' dir='ltr'><strong>eodem</strong></span> <span class='ocrx_word' id='word_1_323' title='bbox 1082 4563 1408 4632; x_wconf 80' lang='lat' dir='ltr'><strong>evangelista</strong></span> <span class='ocrx_word' id='word_1_324' title='bbox 1438 4562 1490 4615; x_wconf 93' lang='lat' dir='ltr'><strong>id</strong></span> <span class='ocrx_word' id='word_1_325' title='bbox 1512 4559 1814 4624; x_wconf 76' lang='lat' dir='ltr'><strong>confirmat,</strong></span> <span class='ocrx_word' id='word_1_326' title='bbox 1849 4560 1951 4626; x_wconf 85' lang='lat' dir='ltr'><strong>Qui</strong></span> <span class='ocrx_word' id='word_1_327' title='bbox 1982 4561 2116 4616; x_wconf 82' lang='lat' dir='ltr'><strong>videt</strong></span> 
     </span>
    </p>
   </div>
   <div class='ocr_carea' id='block_1_49' title="bbox 558 4653 2114 4725">
    <p class='ocr_par' dir='ltr' id='par_1_49' title="bbox 558 4653 2114 4725">
     <span class='ocr_line' id='line_1_49' title="bbox 558 4653 2114 4725; baseline -0.003 -16"><span class='ocrx_word' id='word_1_328' title='bbox 558 4669 661 4718; x_wconf 82' lang='lat' dir='ltr'><strong>me,</strong></span> <span class='ocrx_word' id='word_1_329' title='bbox 692 4653 825 4708; x_wconf 81' lang='lat' dir='ltr'><strong>videt</strong></span> <span class='ocrx_word' id='word_1_330' title='bbox 852 4664 899 4708; x_wconf 82' lang='lat' dir='ltr'><strong>et</strong></span> <span class='ocrx_word' id='word_1_331' title='bbox 939 4654 1171 4718; x_wconf 86' lang='lat' dir='ltr'><strong>Patrem,</strong></span> <span class='ocrx_word' id='word_1_332' title='bbox 1216 4662 1269 4710; x_wconf 91' lang='lat' dir='ltr'><strong>et</strong></span> <span class='ocrx_word' id='word_1_333' title='bbox 1308 4653 1627 4723; x_wconf 85' lang='lat' dir='ltr'><strong>subjungit:</strong></span> <span class='ocrx_word' id='word_1_334' title='bbox 1664 4653 1872 4725; x_wconf 86' lang='grc' dir='ltr'>’Ὠσπερ</span> <span class='ocrx_word' id='word_1_335' title='bbox 1907 4653 1975 4705; x_wconf 86' lang='grc' dir='ltr'>δι’</span> <span class='ocrx_word' id='word_1_336' title='bbox 2002 4655 2114 4718; x_wconf 52' lang='grc' dir='ltr'>,ἐσ-</span> 
     </span>
    </p>
   </div>
   <div class='ocr_carea' id='block_1_50' title="bbox 556 4743 2108 4817">
    <p class='ocr_par' dir='ltr' id='par_1_50' title="bbox 556 4743 2108 4817">
     <span class='ocr_line' id='line_1_50' title="bbox 556 4743 2108 4817; baseline -0.001 -17"><span class='ocrx_word' id='word_1_337' title='bbox 556 4743 760 4817; x_wconf 78' lang='grc' dir='ltr'>όπτρου</span> <span class='ocrx_word' id='word_1_338' title='bbox 791 4744 1119 4817; x_wconf 72' lang='grc' dir='ltr'>ἀκηλιδὼτου</span> <span class='ocrx_word' id='word_1_339' title='bbox 1153 4747 1243 4799; x_wconf 72' lang='grc' dir='ltr'>καὶ</span> <span class='ocrx_word' id='word_1_340' title='bbox 1266 4744 1526 4817; x_wconf 71' lang='grc' dir='ltr'>ἐμψύχου,</span> <span class='ocrx_word' id='word_1_341' title='bbox 1553 4744 1700 4808; x_wconf 84' lang='grc' dir='ltr'>θείας</span> <span class='ocrx_word' id='word_1_342' title='bbox 1725 4746 1927 4808; x_wconf 87' lang='grc' dir='ltr'>εἰκόνος</span> <span class='ocrx_word' id='word_1_343' title='bbox 1948 4745 2108 4799; x_wconf 78' lang='grc' dir='ltr'>αὑτοῦ</span> 
     </span>
    </p>
   </div>
   <div class='ocr_carea' id='block_1_51' title="bbox 558 4835 2112 4911">
    <p class='ocr_par' dir='ltr' id='par_1_51' title="bbox 558 4835 2112 4911">
     <span class='ocr_line' id='line_1_51' title="bbox 558 4835 2112 4911; baseline 0 -20"><span class='ocrx_word' id='word_1_344' title='bbox 558 4835 930 4911; x_wconf 73' lang='grc' dir='ltr'><strong>θεωρουμένου</strong></span> <span class='ocrx_word' id='word_1_345' title='bbox 978 4836 1069 4891; x_wconf 80' lang='grc' dir='ltr'><strong>τοῦ</strong></span> <span class='ocrx_word' id='word_1_346' title='bbox 1105 4839 1333 4910; x_wconf 87' lang='grc' dir='ltr'>Πατρός.</span> <span class='ocrx_word' id='word_1_347' title='bbox 1372 4836 1803 4909; x_wconf 80' lang='lat' dir='ltr'><strong>Quandoquidem</strong></span> <span class='ocrx_word' id='word_1_348' title='bbox 1831 4835 1993 4892; x_wconf 86' lang='lat' dir='ltr'><strong>Pater</strong></span> <span class='ocrx_word' id='word_1_349' title='bbox 2020 4855 2112 4908; x_wconf 89' lang='lat' dir='ltr'><strong>per</strong></span> 
     </span>
    </p>
   </div>
   <div class='ocr_carea' id='block_1_52' title="bbox 558 4929 2101 5001">
    <p class='ocr_par' dir='ltr' id='par_1_52' title="bbox 558 4929 2101 5001">
     <span class='ocr_line' id='line_1_52' title="bbox 558 4929 2101 5001; baseline 0 -17"><span class='ocrx_word' id='word_1_350' title='bbox 558 4931 728 5001; x_wconf 81' lang='lat' dir='ltr'><strong>ipsum</strong></span> <span class='ocrx_word' id='word_1_351' title='bbox 766 4930 900 4985; x_wconf 75' lang='lat' dir='ltr'><strong>velut</strong></span> <span class='ocrx_word' id='word_1_352' title='bbox 920 4946 1009 5000; x_wconf 89' lang='lat' dir='ltr'><strong>per</strong></span> <span class='ocrx_word' id='word_1_353' title='bbox 1035 4930 1299 5001; x_wconf 85' lang='lat' dir='ltr'><strong>speculum</strong></span> <span class='ocrx_word' id='word_1_354' title='bbox 1336 4932 1677 5001; x_wconf 82' lang='lat' dir='ltr'><strong>purissimum</strong></span> <span class='ocrx_word' id='word_1_355' title='bbox 1726 4929 1961 5000; x_wconf 82' lang='lat' dir='ltr'><strong>idemque</strong></span> <span class='ocrx_word' id='word_1_356' title='bbox 1990 4931 2101 4984; x_wconf 85' lang='lat' dir='ltr'><strong>ani-</strong></span> 
     </span>
    </p>
   </div>
   <div class='ocr_carea' id='block_1_53' title="bbox 559 5022 2110 5094">
    <p class='ocr_par' dir='ltr' id='par_1_53' title="bbox 559 5022 2110 5094">
     <span class='ocr_line' id='line_1_53' title="bbox 559 5022 2110 5094; baseline 0.002 -19"><span class='ocrx_word' id='word_1_357' title='bbox 559 5031 781 5082; x_wconf 80' lang='lat' dir='ltr'><strong>matum.</strong></span> <span class='ocrx_word' id='word_1_358' title='bbox 842 5022 895 5074; x_wconf 90' lang='lat' dir='ltr'><strong>in</strong></span> <span class='ocrx_word' id='word_1_359' title='bbox 939 5038 1039 5091; x_wconf 89' lang='lat' dir='ltr'><strong>quo</strong></span> <span class='ocrx_word' id='word_1_360' title='bbox 1090 5022 1185 5076; x_wconf 88' lang='lat' dir='ltr'><strong>Dei</strong></span> <span class='ocrx_word' id='word_1_361' title='bbox 1232 5025 1538 5091; x_wconf 71' lang='lat' dir='ltr'><strong>exprimitur</strong></span> <span class='ocrx_word' id='word_1_362' title='bbox 1596 5034 1647 5078; x_wconf 87' lang='lat' dir='ltr'><strong>et</strong></span> <span class='ocrx_word' id='word_1_363' title='bbox 1707 5024 1870 5078; x_wconf 86' lang='lat' dir='ltr'><strong>elucet</strong></span> <span class='ocrx_word' id='word_1_364' title='bbox 1913 5024 2110 5094; x_wconf 83' lang='lat' dir='ltr'><strong>imago,</strong></span> 
     </span>
    </p>
   </div>
   <div class='ocr_carea' id='block_1_54' title="bbox 560 5114 2112 5186">
    <p class='ocr_par' dir='ltr' id='par_1_54' title="bbox 560 5114 2112 5186">
     <span class='ocr_line' id='line_1_54' title="bbox 560 5114 2112 5186; baseline 0.001 -19"><span class='ocrx_word' id='word_1_365' title='bbox 560 5114 834 5183; x_wconf 76' lang='lat' dir='ltr'><strong>manifeste</strong></span> <span class='ocrx_word' id='word_1_366' title='bbox 864 5115 1094 5168; x_wconf 82' lang='lat' dir='ltr'><strong>cernitur</strong></span> <span class='ocrx_word' id='word_1_367' title='bbox 1123 5131 1140 5168; x_wconf 90' lang='lat'><strong><em>:</em></strong></span> <span class='ocrx_word' id='word_1_368' title='bbox 1177 5118 1249 5168; x_wconf 85' lang='lat' dir='ltr'><strong>ita</strong></span> <span class='ocrx_word' id='word_1_369' title='bbox 1293 5131 1486 5186; x_wconf 87' lang='lat' dir='ltr'><strong>magno</strong></span> <span class='ocrx_word' id='word_1_370' title='bbox 1534 5116 1823 5170; x_wconf 86' lang='lat' dir='ltr'><strong>verborum</strong></span> <span class='ocrx_word' id='word_1_371' title='bbox 1853 5125 2112 5185; x_wconf 76' lang='lat' dir='ltr'><strong>apparatu</strong></span> 
     </span>
    </p>
   </div>
   <div class='ocr_carea' id='block_1_55' title="bbox 558 5206 2115 5278">
    <p class='ocr_par' dir='ltr' id='par_1_55' title="bbox 558 5206 2115 5278">
     <span class='ocr_line' id='line_1_55' title="bbox 558 5206 2115 5278; baseline -0.001 -17"><span class='ocrx_word' id='word_1_372' title='bbox 558 5206 830 5277; x_wconf 79' lang='lat' dir='ltr'><strong>interpres</strong></span> <span class='ocrx_word' id='word_1_373' title='bbox 852 5215 977 5260; x_wconf 86' lang='lat' dir='ltr'><strong>nost</strong></span> <span class='ocrx_word' id='word_1_374' title='bbox 997 5222 1037 5259; x_wconf 61' lang='grc' dir='ltr'><strong>ξι·</strong></span> <span class='ocrx_word' id='word_1_375' title='bbox 1064 5206 1285 5278; x_wconf 69' lang='lat' dir='ltr'><strong>Anglus.</strong></span> <span class='ocrx_word' id='word_1_376' title='bbox 1312 5207 1406 5262; x_wconf 86' lang='lat' dir='ltr'><strong>Vel</strong></span> <span class='ocrx_word' id='word_1_377' title='bbox 1437 5215 1492 5260; x_wconf 86' lang='lat' dir='ltr'><strong>ut</strong></span> <span class='ocrx_word' id='word_1_378' title='bbox 1527 5208 1857 5278; x_wconf 83' lang='lat' dir='ltr'><strong>Epiphanius</strong></span> <span class='ocrx_word' id='word_1_379' title='bbox 1888 5209 1952 5263; x_wconf 89' lang='lat' dir='ltr'><strong>ad</strong></span> <span class='ocrx_word' id='word_1_380' title='bbox 1999 5223 2115 5262; x_wconf 91' lang='lat' dir='ltr'><strong>ver-</strong></span> 
     </span>
    </p>
   </div>
   <div class='ocr_carea' id='block_1_56' title="bbox 561 5291 2112 5367">
    <p class='ocr_par' dir='ltr' id='par_1_56' title="bbox 561 5291 2112 5367">
     <span class='ocr_line' id='line_1_56' title="bbox 561 5291 2112 5367; baseline 0.002 -20"><span class='ocrx_word' id='word_1_381' title='bbox 561 5291 690 5349; x_wconf 85' lang='lat' dir='ltr'><strong>bum</strong></span> <span class='ocrx_word' id='word_1_382' title='bbox 720 5313 733 5347; x_wconf 92' lang='lat'>:</span> <span class='ocrx_word' id='word_1_383' title='bbox 769 5294 1040 5366; x_wconf 87' lang='lat' dir='ltr'><strong>Tanquam</strong></span> <span class='ocrx_word' id='word_1_384' title='bbox 1058 5312 1148 5365; x_wconf 90' lang='lat' dir='ltr'><strong>per</strong></span> <span class='ocrx_word' id='word_1_385' title='bbox 1167 5299 1427 5367; x_wconf 83' lang='lat' dir='ltr'><strong>specu&#39;um</strong></span> <span class='ocrx_word' id='word_1_386' title='bbox 1461 5299 1571 5352; x_wconf 85' lang='lat' dir='ltr'><strong>sine</strong></span> <span class='ocrx_word' id='word_1_387' title='bbox 1600 5298 1828 5362; x_wconf 82' lang='lat' dir='ltr'><strong>macula,</strong></span> <span class='ocrx_word' id='word_1_388' title='bbox 1888 5308 1937 5351; x_wconf 87' lang='lat' dir='ltr'><strong>et</strong></span> <span class='ocrx_word' id='word_1_389' title='bbox 1997 5300 2112 5351; x_wconf 87' lang='lat' dir='ltr'><strong>ani-</strong></span> 
     </span>
    </p>
   </div>
   <div class='ocr_carea' id='block_1_57' title="bbox 564 5388 2116 5461">
    <p class='ocr_par' dir='ltr' id='par_1_57' title="bbox 564 5388 2116 5461">
     <span class='ocr_line' id='line_1_57' title="bbox 564 5388 2116 5461; baseline 0.005 -25"><span class='ocrx_word' id='word_1_390' title='bbox 564 5394 781 5449; x_wconf 80' lang='lat' dir='ltr'><strong>matum,</strong></span> <span class='ocrx_word' id='word_1_391' title='bbox 811 5402 900 5454; x_wconf 88' lang='lat' dir='ltr'><strong>per</strong></span> <span class='ocrx_word' id='word_1_392' title='bbox 943 5388 1171 5441; x_wconf 75' lang='lat' dir='ltr'><strong>divinam</strong></span> <span class='ocrx_word' id='word_1_393' title='bbox 1202 5390 1313 5454; x_wconf 84' lang='lat' dir='ltr'><strong>eius</strong></span> <span class='ocrx_word' id='word_1_394' title='bbox 1358 5390 1632 5461; x_wconf 82' lang='lat' dir='ltr'><strong>imaginem</strong></span> <span class='ocrx_word' id='word_1_395' title='bbox 1679 5391 2116 5460; x_wconf 79' lang='lat' dir='ltr'><strong>contemplaretur</strong></span> 
     </span>
    </p>
   </div>
   <div class='ocr_carea' id='block_1_58' title="bbox 566 5469 2115 5545">
    <p class='ocr_par' dir='ltr' id='par_1_58' title="bbox 566 5469 2115 5545">
     <span class='ocr_line' id='line_1_58' title="bbox 566 5469 2115 5545; baseline 0.007 -22"><span class='ocrx_word' id='word_1_396' title='bbox 566 5469 799 5529; x_wconf 84' lang='lat' dir='ltr'><strong>Patrem.</strong></span> <span class='ocrx_word' id='word_1_397' title='bbox 822 5477 865 5527; x_wconf 85' lang='lat' dir='ltr'><strong>A</strong></span> <span class='ocrx_word' id='word_1_398' title='bbox 894 5478 1091 5545; x_wconf 88' lang='lat' dir='ltr'><strong>quibus</strong></span> <span class='ocrx_word' id='word_1_399' title='bbox 1145 5494 1245 5535; x_wconf 91' lang='lat' dir='ltr'><strong>nec</strong></span> <span class='ocrx_word' id='word_1_400' title='bbox 1286 5479 1628 5538; x_wconf 87' lang='lat' dir='ltr'><strong>Camerarius</strong></span> <span class='ocrx_word' id='word_1_401' title='bbox 1678 5479 1998 5539; x_wconf 83' lang='lat' dir='ltr'><strong>Theodoreti</strong></span> <span class='ocrx_word' id='word_1_402' title='bbox 2030 5480 2115 5535; x_wconf 52' lang='lat' dir='ltr'><strong>in-</strong></span> 
     </span>
    </p>
   </div>
   <div class='ocr_carea' id='block_1_59' title="bbox 632 5621 1108 5695">
    <p class='ocr_par' dir='ltr' id='par_1_59' title="bbox 632 5621 1108 5695">
     <span class='ocr_line' id='line_1_59' title="bbox 632 5621 1108 5695; baseline 0.015 -22"><span class='ocrx_word' id='word_1_403' title='bbox 632 5633 653 5691; x_wconf 58' lang='grc' dir='ltr'><em>μ</em></span> <span class='ocrx_word' id='word_1_404' title='bbox 690 5628 719 5682; x_wconf 81' lang='grc' dir='ltr'><em>Ι</em></span> <span class='ocrx_word' id='word_1_405' title='bbox 754 5621 874 5676; x_wconf 79' lang='lat' dir='ltr'><strong>Cor.</strong></span> <span class='ocrx_word' id='word_1_406' title='bbox 914 5630 1108 5695; x_wconf 75' lang='lat' dir='ltr'><strong>xm,l.</strong></span> 
     </span>
    </p>
   </div>
   <div class='ocr_carea' id='block_1_60' title="bbox 1713 246 2714 305">
    <p class='ocr_par' dir='ltr' id='par_1_60' title="bbox 1713 246 2714 305">
     <span class='ocr_line' id='line_1_60' title="bbox 1713 246 2714 305; baseline 0.003 -4"><span class='ocrx_word' id='word_1_407' title='bbox 1713 246 2130 303; x_wconf 75' lang='lat' dir='ltr'><strong>ALEXANDER</strong></span> <span class='ocrx_word' id='word_1_408' title='bbox 2163 248 2714 305; x_wconf 78' lang='lat' dir='ltr'><strong>ALEXANDRINUS.</strong></span> 
     </span>
    </p>
   </div>
   <div class='ocr_carea' id='block_1_61' title="bbox 3561 264 3640 320">
    <p class='ocr_par' dir='ltr' id='par_1_61' title="bbox 3561 264 3640 320">
     <span class='ocr_line' id='line_1_61' title="bbox 3561 264 3640 320; baseline 0.025 -2"><span class='ocrx_word' id='word_1_409' title='bbox 3561 264 3640 320; x_wconf 66' lang='grc' dir='ltr'><strong>εει</strong></span> 
     </span>
    </p>
   </div>
   <div class='ocr_carea' id='block_1_62' title="bbox 2147 361 3641 435">
    <p class='ocr_par' dir='ltr' id='par_1_62' title="bbox 2147 361 3641 435">
     <span class='ocr_line' id='line_1_62' title="bbox 2147 361 3641 435; baseline 0.005 -17"><span class='ocrx_word' id='word_1_410' title='bbox 2147 371 2192 426; x_wconf 79' lang='grc' dir='ltr'>Α</span> <span class='ocrx_word' id='word_1_411' title='bbox 2216 372 2425 435; x_wconf 89' lang='lat' dir='ltr'><strong>terpres</strong></span> <span class='ocrx_word' id='word_1_412' title='bbox 2458 363 2663 418; x_wconf 86' lang='lat' dir='ltr'><strong>recedit</strong></span> <span class='ocrx_word' id='word_1_413' title='bbox 2695 382 2708 418; x_wconf 90' lang='lat'><strong>:</strong></span> <span class='ocrx_word' id='word_1_414' title='bbox 2753 361 3022 432; x_wconf 83' lang='lat' dir='ltr'><strong>Tanquam</strong></span> <span class='ocrx_word' id='word_1_415' title='bbox 3063 379 3147 432; x_wconf 81' lang='lat' dir='ltr'><strong>per</strong></span> <span class='ocrx_word' id='word_1_416' title='bbox 3187 365 3352 434; x_wconf 80' lang='lat' dir='ltr'><strong>ipsum,</strong></span> <span class='ocrx_word' id='word_1_417' title='bbox 3376 367 3485 421; x_wconf 72' lang='lat' dir='ltr'><strong>velut</strong></span> <span class='ocrx_word' id='word_1_418' title='bbox 3505 371 3641 426; x_wconf 78' lang='lat' dir='ltr'><strong>imma-</strong></span> 
     </span>
    </p>
   </div>
   <div class='ocr_carea' id='block_1_63' title="bbox 2217 454 3646 526">
    <p class='ocr_par' dir='ltr' id='par_1_63' title="bbox 2217 454 3646 526">
     <span class='ocr_line' id='line_1_63' title="bbox 2217 454 3646 526; baseline 0.005 -18"><span class='ocrx_word' id='word_1_419' title='bbox 2217 455 2451 508; x_wconf 83' lang='lat' dir='ltr'><strong>culatum</strong></span> <span class='ocrx_word' id='word_1_420' title='bbox 2476 463 2525 508; x_wconf 90' lang='lat' dir='ltr'><strong>et</strong></span> <span class='ocrx_word' id='word_1_421' title='bbox 2549 454 2778 507; x_wconf 88' lang='lat' dir='ltr'><strong>animale</strong></span> <span class='ocrx_word' id='word_1_422' title='bbox 2808 454 3065 523; x_wconf 82' lang='lat' dir='ltr'><strong>speculum</strong></span> <span class='ocrx_word' id='word_1_423' title='bbox 3093 455 3266 508; x_wconf 73' lang='lat' dir='ltr'><strong>divina:</strong></span> <span class='ocrx_word' id='word_1_424' title='bbox 3307 457 3507 526; x_wconf 76' lang='lat' dir='ltr'><strong>imaginis</strong></span> <span class='ocrx_word' id='word_1_425' title='bbox 3530 459 3646 516; x_wconf 80' lang='lat' dir='ltr'><strong>Pater</strong></span> 
     </span>
    </p>
   </div>
   <div class='ocr_carea' id='block_1_64' title="bbox 2217 546 3644 616">
    <p class='ocr_par' dir='ltr' id='par_1_64' title="bbox 2217 546 3644 616">
     <span class='ocr_line' id='line_1_64' title="bbox 2217 546 3644 616; baseline 0.005 -16"><span class='ocrx_word' id='word_1_426' title='bbox 2217 548 2615 616; x_wconf 78' lang='lat' dir='ltr'><strong>conspiceretur.</strong></span> <span class='ocrx_word' id='word_1_427' title='bbox 2667 546 2791 601; x_wconf 61' lang='lat' dir='ltr'><strong>Haec</strong></span> <span class='ocrx_word' id='word_1_428' title='bbox 2841 546 3168 616; x_wconf 84' lang='lat' dir='ltr'><strong>interpretes.</strong></span> <span class='ocrx_word' id='word_1_429' title='bbox 3199 546 3405 613; x_wconf 86' lang='lat' dir='ltr'><strong>Quorum</strong></span> <span class='ocrx_word' id='word_1_430' title='bbox 3445 553 3644 607; x_wconf 80' lang='lat' dir='ltr'><strong>neminem</strong></span> 
     </span>
    </p>
   </div>
   <div class='ocr_carea' id='block_1_65' title="bbox 2219 637 3652 706">
    <p class='ocr_par' dir='ltr' id='par_1_65' title="bbox 2219 637 3652 706">
     <span class='ocr_line' id='line_1_65' title="bbox 2219 637 3652 706; baseline 0.006 -17"><span class='ocrx_word' id='word_1_431' title='bbox 2219 637 2459 692; x_wconf 91' lang='lat' dir='ltr'><strong>auctoris</strong></span> <span class='ocrx_word' id='word_1_432' title='bbox 2504 644 2740 692; x_wconf 85' lang='lat' dir='ltr'><strong>mentem</strong></span> <span class='ocrx_word' id='word_1_433' title='bbox 2770 646 3080 706; x_wconf 88' lang='lat' dir='ltr'><strong>penetrasse</strong></span> <span class='ocrx_word' id='word_1_434' title='bbox 3101 637 3421 706; x_wconf 65' lang='lat' dir='ltr'><strong>prarlidenter,</strong></span> <span class='ocrx_word' id='word_1_435' title='bbox 3463 640 3538 695; x_wconf 84' lang='lat' dir='ltr'><strong>sed</strong></span> <span class='ocrx_word' id='word_1_436' title='bbox 3561 657 3652 698; x_wconf 81' lang='lat' dir='ltr'><strong>vere</strong></span> 
     </span>
    </p>
   </div>
   <div class='ocr_carea' id='block_1_66' title="bbox 2218 727 3650 801">
    <p class='ocr_par' dir='ltr' id='par_1_66' title="bbox 2218 727 3650 801">
     <span class='ocr_line' id='line_1_66' title="bbox 2218 727 3650 801; baseline 0.004 -19"><span class='ocrx_word' id='word_1_437' title='bbox 2218 727 2592 782; x_wconf 86' lang='lat' dir='ltr'><strong>allirmaverim</strong></span> <span class='ocrx_word' id='word_1_438' title='bbox 2621 748 2634 783; x_wconf 91' lang='lat'>:</span> <span class='ocrx_word' id='word_1_439' title='bbox 2663 744 2786 783; x_wconf 93' lang='lat' dir='ltr'><strong>cum</strong></span> <span class='ocrx_word' id='word_1_440' title='bbox 2817 728 3139 799; x_wconf 88' lang='lat' dir='ltr'><strong>transposita</strong></span> <span class='ocrx_word' id='word_1_441' title='bbox 3158 729 3405 784; x_wconf 85' lang='lat' dir='ltr'><strong>distinctio</strong></span> <span class='ocrx_word' id='word_1_442' title='bbox 3440 732 3650 801; x_wconf 80' lang='lat' dir='ltr'><strong>glaucoma</strong></span> 
     </span>
    </p>
   </div>
   <div class='ocr_carea' id='block_1_67' title="bbox 2218 816 3655 889">
    <p class='ocr_par' dir='ltr' id='par_1_67' title="bbox 2218 816 3655 889">
     <span class='ocr_line' id='line_1_67' title="bbox 2218 816 3655 889; baseline 0.003 -16"><span class='ocrx_word' id='word_1_443' title='bbox 2218 818 2354 889; x_wconf 86' lang='lat' dir='ltr'><strong>ipsis</strong></span> <span class='ocrx_word' id='word_1_444' title='bbox 2390 816 2661 873; x_wconf 75' lang='lat' dir='ltr'><strong>olYuderit.</strong></span> <span class='ocrx_word' id='word_1_445' title='bbox 2698 817 2805 873; x_wconf 90' lang='lat' dir='ltr'><strong>Sed</strong></span> <span class='ocrx_word' id='word_1_446' title='bbox 2837 833 2960 873; x_wconf 84' lang='lat' dir='ltr'><strong>cum</strong></span> <span class='ocrx_word' id='word_1_447' title='bbox 2988 834 3052 873; x_wconf 81' lang='lat' dir='ltr'><strong>ex</strong></span> <span class='ocrx_word' id='word_1_448' title='bbox 3083 818 3181 873; x_wconf 90' lang='lat' dir='ltr'><strong>levi</strong></span> <span class='ocrx_word' id='word_1_449' title='bbox 3219 820 3401 875; x_wconf 87' lang='lat' dir='ltr'><strong>erroris</strong></span> <span class='ocrx_word' id='word_1_450' title='bbox 3438 822 3655 878; x_wconf 81' lang='lat' dir='ltr'><strong>occasione</strong></span> 
     </span>
    </p>
   </div>
   <div class='ocr_carea' id='block_1_68' title="bbox 2217 907 3657 980">
    <p class='ocr_par' dir='ltr' id='par_1_68' title="bbox 2217 907 3657 980">
     <span class='ocr_line' id='line_1_68' title="bbox 2217 907 3657 980; baseline 0.002 -17"><span class='ocrx_word' id='word_1_451' title='bbox 2217 909 2434 978; x_wconf 79' lang='lat' dir='ltr'><strong>elegans</strong></span> <span class='ocrx_word' id='word_1_452' title='bbox 2463 908 2766 963; x_wconf 89' lang='lat' dir='ltr'><strong>disserendi</strong></span> <span class='ocrx_word' id='word_1_453' title='bbox 2794 910 3050 964; x_wconf 86' lang='lat' dir='ltr'><strong>materies</strong></span> <span class='ocrx_word' id='word_1_454' title='bbox 3081 923 3136 963; x_wconf 91' lang='lat' dir='ltr'><strong>se</strong></span> <span class='ocrx_word' id='word_1_455' title='bbox 3160 907 3354 971; x_wconf 70' lang='lat' dir='ltr'><strong>oderat,</strong></span> <span class='ocrx_word' id='word_1_456' title='bbox 3374 910 3484 963; x_wconf 90' lang='lat' dir='ltr'><strong>illud</strong></span> <span class='ocrx_word' id='word_1_457' title='bbox 3508 912 3657 980; x_wconf 81' lang='lat' dir='ltr'><strong>princi-</strong></span> 
     </span>
    </p>
   </div>
   <div class='ocr_carea' id='block_1_69' title="bbox 2219 999 3657 1069">
    <p class='ocr_par' dir='ltr' id='par_1_69' title="bbox 2219 999 3657 1069">
     <span class='ocr_line' id='line_1_69' title="bbox 2219 999 3657 1069; baseline 0.002 -17"><span class='ocrx_word' id='word_1_458' title='bbox 2219 1002 2309 1068; x_wconf 91' lang='lat' dir='ltr'><strong>pio</strong></span> <span class='ocrx_word' id='word_1_459' title='bbox 2334 1000 2658 1063; x_wconf 88' lang='lat' dir='ltr'><strong>monuerim,</strong></span> <span class='ocrx_word' id='word_1_460' title='bbox 2687 999 3135 1069; x_wconf 90' lang='lat' dir='ltr'><strong>quemadmodum</strong></span> <span class='ocrx_word' id='word_1_461' title='bbox 3161 999 3503 1055; x_wconf 82' lang='lat' dir='ltr'><strong>nobilissimam</strong></span> <span class='ocrx_word' id='word_1_462' title='bbox 3522 999 3657 1055; x_wconf 52' lang='lat' dir='ltr'><strong>Corin.</strong></span> 
     </span>
    </p>
   </div>
   <div class='ocr_carea' id='block_1_70' title="bbox 2219 1088 3658 1158">
    <p class='ocr_par' dir='ltr' id='par_1_70' title="bbox 2219 1088 3658 1158">
     <span class='ocr_line' id='line_1_70' title="bbox 2219 1088 3658 1158; baseline 0.001 -17"><span class='ocrx_word' id='word_1_463' title='bbox 2219 1089 2317 1141; x_wconf 92' lang='lat' dir='ltr'><strong>tbii</strong></span> <span class='ocrx_word' id='word_1_464' title='bbox 2347 1089 2471 1143; x_wconf 66' lang='lat' dir='ltr'><strong>aeris</strong></span> <span class='ocrx_word' id='word_1_465' title='bbox 2501 1090 2805 1151; x_wconf 81' lang='lat' dir='ltr'><strong>inisturam,</strong></span> <span class='ocrx_word' id='word_1_466' title='bbox 2836 1104 2903 1143; x_wconf 79' lang='lat' dir='ltr'><strong>ex</strong></span> <span class='ocrx_word' id='word_1_467' title='bbox 2925 1088 3046 1142; x_wconf 92' lang='lat' dir='ltr'><strong>auri</strong></span> <span class='ocrx_word' id='word_1_468' title='bbox 3073 1088 3380 1158; x_wconf 89' lang='lat' dir='ltr'><strong>aliorumque</strong></span> <span class='ocrx_word' id='word_1_469' title='bbox 3402 1090 3658 1145; x_wconf 74' lang='lat' dir='ltr'><strong>metallorum</strong></span> 
     </span>
    </p>
   </div>
   <div class='ocr_carea' id='block_1_71' title="bbox 2219 1179 3659 1250">
    <p class='ocr_par' dir='ltr' id='par_1_71' title="bbox 2219 1179 3659 1250">
     <span class='ocr_line' id='line_1_71' title="bbox 2219 1179 3659 1250; baseline -0.002 -16"><span class='ocrx_word' id='word_1_470' title='bbox 2219 1180 2601 1250; x_wconf 89' lang='lat' dir='ltr'><strong>colliquatione</strong></span> <span class='ocrx_word' id='word_1_471' title='bbox 2627 1188 2838 1235; x_wconf 89' lang='lat' dir='ltr'><strong>enatam</strong></span> <span class='ocrx_word' id='word_1_472' title='bbox 2869 1187 3080 1235; x_wconf 85' lang='lat' dir='ltr'><strong>veteres</strong></span> <span class='ocrx_word' id='word_1_473' title='bbox 3108 1179 3369 1249; x_wconf 83' lang='lat' dir='ltr'><strong>prodidere</strong></span> <span class='ocrx_word' id='word_1_474' title='bbox 3398 1198 3410 1233; x_wconf 89' lang='lat'><strong>:</strong></span> <span class='ocrx_word' id='word_1_475' title='bbox 3436 1179 3496 1233; x_wconf 83' lang='lat' dir='ltr'><strong>ita</strong></span> <span class='ocrx_word' id='word_1_476' title='bbox 3515 1196 3567 1235; x_wconf 78' lang='lat' dir='ltr'><strong>ex</strong></span> <span class='ocrx_word' id='word_1_477' title='bbox 3590 1195 3659 1232; x_wconf 77' lang='lat' dir='ltr'><strong>ra-</strong></span> 
     </span>
    </p>
   </div>
   <div class='ocr_carea' id='block_1_72' title="bbox 2218 1268 3662 1339">
    <p class='ocr_par' dir='ltr' id='par_1_72' title="bbox 2218 1268 3662 1339">
     <span class='ocr_line' id='line_1_72' title="bbox 2218 1268 3662 1339; baseline -0.003 -13"><span class='ocrx_word' id='word_1_478' title='bbox 2218 1272 2317 1327; x_wconf 90' lang='lat' dir='ltr'><strong>riis</strong></span> <span class='ocrx_word' id='word_1_479' title='bbox 2347 1271 2653 1326; x_wconf 89' lang='lat' dir='ltr'><strong>divinorum</strong></span> <span class='ocrx_word' id='word_1_480' title='bbox 2683 1271 3023 1339; x_wconf 67' lang='lat' dir='ltr'><strong>elo~,uiorum</strong></span> <span class='ocrx_word' id='word_1_481' title='bbox 3055 1268 3288 1326; x_wconf 78' lang='lat' dir='ltr'><strong>conﬂatis</strong></span> <span class='ocrx_word' id='word_1_482' title='bbox 3310 1270 3433 1324; x_wconf 87' lang='lat' dir='ltr'><strong>inter</strong></span> <span class='ocrx_word' id='word_1_483' title='bbox 3448 1277 3547 1325; x_wconf 86' lang='lat' dir='ltr'><strong>sect</strong></span> <span class='ocrx_word' id='word_1_484' title='bbox 3568 1284 3662 1323; x_wconf 87' lang='lat' dir='ltr'><strong>con-</strong></span> 
     </span>
    </p>
   </div>
   <div class='ocr_carea' id='block_1_73' title="bbox 2219 1362 3662 1433">
    <p class='ocr_par' dir='ltr' id='par_1_73' title="bbox 2219 1362 3662 1433">
     <span class='ocr_line' id='line_1_73' title="bbox 2219 1362 3662 1433; baseline 0.001 -16"><span class='ocrx_word' id='word_1_485' title='bbox 2219 1364 2512 1419; x_wconf 88' lang='lat' dir='ltr'><strong>tessellatis</strong></span> <span class='ocrx_word' id='word_1_486' title='bbox 2544 1364 2701 1426; x_wconf 90' lang='lat' dir='ltr'><strong>locis,</strong></span> <span class='ocrx_word' id='word_1_487' title='bbox 2752 1374 3007 1433; x_wconf 88' lang='lat' dir='ltr'><strong>tanquam</strong></span> <span class='ocrx_word' id='word_1_488' title='bbox 3037 1379 3101 1418; x_wconf 79' lang='lat' dir='ltr'><strong>ex</strong></span> <span class='ocrx_word' id='word_1_489' title='bbox 3130 1378 3256 1416; x_wconf 88' lang='lat' dir='ltr'><strong>auro</strong></span> <span class='ocrx_word' id='word_1_490' title='bbox 3281 1362 3478 1432; x_wconf 86' lang='lat' dir='ltr'><strong>probato</strong></span> <span class='ocrx_word' id='word_1_491' title='bbox 3500 1362 3662 1432; x_wconf 80' lang='lat' dir='ltr'><strong>septies.</strong></span> 
     </span>
    </p>
   </div>
   <div class='ocr_carea' id='block_1_74' title="bbox 2219 1452 3665 1527">
    <p class='ocr_par' dir='ltr' id='par_1_74' title="bbox 2219 1452 3665 1527">
     <span class='ocr_line' id='line_1_74' title="bbox 2219 1452 3665 1527; baseline -0.002 -18"><span class='ocrx_word' id='word_1_492' title='bbox 2219 1456 2641 1527; x_wconf 87' lang='lat' dir='ltr'><strong>pulcherrimum</strong></span> <span class='ocrx_word' id='word_1_493' title='bbox 2670 1455 2821 1510; x_wconf 88' lang='lat' dir='ltr'><strong>illum</strong></span> <span class='ocrx_word' id='word_1_494' title='bbox 2844 1462 2898 1510; x_wconf 89' lang='lat' dir='ltr'><strong>et</strong></span> <span class='ocrx_word' id='word_1_495' title='bbox 2926 1470 3056 1511; x_wconf 85' lang='lat' dir='ltr'><strong>vere</strong></span> <span class='ocrx_word' id='word_1_496' title='bbox 3077 1469 3286 1509; x_wconf 89' lang='lat' dir='ltr'><strong>aureum</strong></span> <span class='ocrx_word' id='word_1_497' title='bbox 3312 1463 3568 1509; x_wconf 84' lang='lat' dir='ltr'><strong>sanctorum</strong></span> <span class='ocrx_word' id='word_1_498' title='bbox 3592 1452 3665 1506; x_wconf 86' lang='lat' dir='ltr'><strong>Pa-</strong></span> 
     </span>
    </p>
   </div>
   <div class='ocr_carea' id='block_1_75' title="bbox 2219 1543 3669 1616">
    <p class='ocr_par' dir='ltr' id='par_1_75' title="bbox 2219 1543 3669 1616">
     <span class='ocr_line' id='line_1_75' title="bbox 2219 1543 3669 1616; baseline -0.001 -16"><span class='ocrx_word' id='word_1_499' title='bbox 2219 1554 2362 1600; x_wconf 89' lang='lat' dir='ltr'><strong>trum</strong></span> <span class='ocrx_word' id='word_1_500' title='bbox 2386 1546 2640 1616; x_wconf 88' lang='lat' dir='ltr'><strong>loquendi</strong></span> <span class='ocrx_word' id='word_1_501' title='bbox 2671 1546 3048 1601; x_wconf 89' lang='lat' dir='ltr'><strong>cbaracterem</strong></span> <span class='ocrx_word' id='word_1_502' title='bbox 3080 1545 3344 1600; x_wconf 80' lang='lat' dir='ltr'><strong>exsistere.</strong></span> <span class='ocrx_word' id='word_1_503' title='bbox 3374 1543 3515 1611; x_wconf 77' lang='lat' dir='ltr'><strong>Quem</strong></span> <span class='ocrx_word' id='word_1_504' title='bbox 3536 1545 3605 1614; x_wconf 87' lang='lat' dir='ltr'><strong>qui</strong></span> <span class='ocrx_word' id='word_1_505' title='bbox 3626 1544 3669 1598; x_wconf 86' lang='lat' dir='ltr'><strong>in</strong></span> 
     </span>
    </p>
   </div>
   <div class='ocr_carea' id='block_1_76' title="bbox 2217 1634 3667 1705">
    <p class='ocr_par' dir='ltr' id='par_1_76' title="bbox 2217 1634 3667 1705">
     <span class='ocr_line' id='line_1_76' title="bbox 2217 1634 3667 1705; baseline -0.003 -15"><span class='ocrx_word' id='word_1_506' title='bbox 2217 1651 2399 1691; x_wconf 89' lang='lat' dir='ltr'><strong>rerum</strong></span> <span class='ocrx_word' id='word_1_507' title='bbox 2420 1650 2699 1691; x_wconf 82' lang='lat' dir='ltr'><strong>sacrarum</strong></span> <span class='ocrx_word' id='word_1_508' title='bbox 2725 1636 3050 1689; x_wconf 89' lang='lat' dir='ltr'><strong>tractatione</strong></span> <span class='ocrx_word' id='word_1_509' title='bbox 3081 1635 3358 1705; x_wconf 81' lang='lat' dir='ltr'><strong>negligunt,</strong></span> <span class='ocrx_word' id='word_1_510' title='bbox 3388 1634 3453 1687; x_wconf 89' lang='lat' dir='ltr'><strong>illi</strong></span> <span class='ocrx_word' id='word_1_511' title='bbox 3493 1636 3667 1704; x_wconf 85' lang='lat' dir='ltr'><strong>plerum-</strong></span> 
     </span>
    </p>
   </div>
   <div class='ocr_carea' id='block_1_77' title="bbox 2217 1724 3668 1799">
    <p class='ocr_par' dir='ltr' id='par_1_77' title="bbox 2217 1724 3668 1799">
     <span class='ocr_line' id='line_1_77' title="bbox 2217 1724 3668 1799; baseline -0.003 -17"><span class='ocrx_word' id='word_1_512' title='bbox 2217 1744 2321 1799; x_wconf 89' lang='lat' dir='ltr'><strong>que</strong></span> <span class='ocrx_word' id='word_1_513' title='bbox 2338 1728 2787 1799; x_wconf 86' lang='lat' dir='ltr'><strong>persuasibilibus</strong></span> <span class='ocrx_word' id='word_1_514' title='bbox 2802 1728 3060 1782; x_wconf 67' lang='lat' dir='ltr'><strong>humanae</strong></span> <span class='ocrx_word' id='word_1_515' title='bbox 3072 1726 3333 1796; x_wconf 68' lang='lat' dir='ltr'><strong>sapientia:</strong></span> <span class='ocrx_word' id='word_1_516' title='bbox 3346 1726 3497 1781; x_wconf 88' lang='lat' dir='ltr'><strong>verbis</strong></span> <span class='ocrx_word' id='word_1_517' title='bbox 3509 1724 3668 1796; x_wconf 75' lang='lat' dir='ltr'><strong>turgidi,</strong></span> 
     </span>
    </p>
   </div>
   <div class='ocr_carea' id='block_1_78' title="bbox 2216 1815 3674 1888">
    <p class='ocr_par' dir='ltr' id='par_1_78' title="bbox 2216 1815 3674 1888">
     <span class='ocr_line' id='line_1_78' title="bbox 2216 1815 3674 1888; baseline -0.003 -13"><span class='ocrx_word' id='word_1_518' title='bbox 2216 1819 2533 1875; x_wconf 85' lang='lat' dir='ltr'><strong>ostensione</strong></span> <span class='ocrx_word' id='word_1_519' title='bbox 2553 1826 2731 1873; x_wconf 86' lang='lat' dir='ltr'><strong>autem</strong></span> <span class='ocrx_word' id='word_1_520' title='bbox 2786 1817 3015 1888; x_wconf 83' lang='lat' dir='ltr'><strong>spiritus</strong></span> <span class='ocrx_word' id='word_1_521' title='bbox 3060 1826 3112 1872; x_wconf 89' lang='lat' dir='ltr'><strong>et</strong></span> <span class='ocrx_word' id='word_1_522' title='bbox 3137 1815 3342 1871; x_wconf 86' lang='lat' dir='ltr'><strong>virtutis</strong></span> <span class='ocrx_word' id='word_1_523' title='bbox 3381 1815 3674 1874; x_wconf 72' lang='lat' dir='ltr'><strong>destituti.as</strong></span> 
     </span>
    </p>
   </div>
   <div class='ocr_carea' id='block_1_79' title="bbox 2215 1906 3671 1979">
    <p class='ocr_par' dir='ltr' id='par_1_79' title="bbox 2215 1906 3671 1979">
     <span class='ocr_line' id='line_1_79' title="bbox 2215 1906 3671 1979; baseline -0.005 -12"><span class='ocrx_word' id='word_1_524' title='bbox 2215 1926 2435 1970; x_wconf 88' lang='lat' dir='ltr'><strong>sonans.</strong></span> <span class='ocrx_word' id='word_1_525' title='bbox 2454 1920 2512 1964; x_wconf 90' lang='lat' dir='ltr'><strong>ut</strong></span> <span class='ocrx_word' id='word_1_526' title='bbox 2526 1909 2766 1979; x_wconf 80' lang='lat' dir='ltr'><strong>Apostoli</strong></span> <span class='ocrx_word' id='word_1_527' title='bbox 2786 1909 2966 1965; x_wconf 90' lang='lat' dir='ltr'><strong>verbis</strong></span> <span class='ocrx_word' id='word_1_528' title='bbox 2979 1913 3124 1971; x_wconf 83' lang='lat' dir='ltr'><strong>utar,</strong></span> <span class='ocrx_word' id='word_1_529' title='bbox 3137 1918 3187 1963; x_wconf 89' lang='lat' dir='ltr'><strong>et</strong></span> <span class='ocrx_word' id='word_1_530' title='bbox 3198 1906 3671 1978; x_wconf 72' lang='lat' dir='ltr'><strong>cymbalumtinniens‘</strong></span> 
     </span>
    </p>
   </div>
   <div class='ocr_carea' id='block_1_80' title="bbox 2214 1995 3672 2060">
    <p class='ocr_par' dir='ltr' id='par_1_80' title="bbox 2214 1995 3672 2060">
     <span class='ocr_line' id='line_1_80' title="bbox 2214 1995 3672 2060; baseline -0.008 -1"><span class='ocrx_word' id='word_1_531' title='bbox 2214 2004 2468 2060; x_wconf 86' lang='lat' dir='ltr'><strong>evadunt.</strong></span> <span class='ocrx_word' id='word_1_532' title='bbox 2503 2002 2633 2058; x_wconf 82' lang='lat' dir='ltr'><strong>Mihi</strong></span> <span class='ocrx_word' id='word_1_533' title='bbox 2690 2010 2870 2058; x_wconf 86' lang='lat' dir='ltr'><strong>autem</strong></span> <span class='ocrx_word' id='word_1_534' title='bbox 2917 2002 3069 2056; x_wconf 81' lang='lat' dir='ltr'><strong>inter</strong></span> <span class='ocrx_word' id='word_1_535' title='bbox 3104 2008 3286 2055; x_wconf 61' lang='lat' dir='ltr'><strong>cetera</strong></span> <span class='ocrx_word' id='word_1_536' title='bbox 3313 2007 3574 2054; x_wconf 64' lang='lat' dir='ltr'><strong>sanctorum</strong></span> <span class='ocrx_word' id='word_1_537' title='bbox 3604 1995 3672 2048; x_wconf 76' lang='lat' dir='ltr'><strong>Pa-</strong></span> 
     </span>
    </p>
   </div>
   <div class='ocr_carea' id='block_1_81' title="bbox 2214 2088 3673 2163">
    <p class='ocr_par' dir='ltr' id='par_1_81' title="bbox 2214 2088 3673 2163">
     <span class='ocr_line' id='line_1_81' title="bbox 2214 2088 3673 2163; baseline -0.006 -14"><span class='ocrx_word' id='word_1_538' title='bbox 2214 2102 2356 2150; x_wconf 90' lang='lat' dir='ltr'><strong>trum</strong></span> <span class='ocrx_word' id='word_1_539' title='bbox 2390 2102 2759 2159; x_wconf 85' lang='lat' dir='ltr'><strong>monumenta,</strong></span> <span class='ocrx_word' id='word_1_540' title='bbox 2789 2108 2910 2163; x_wconf 77' lang='lat' dir='ltr'><strong>quze</strong></span> <span class='ocrx_word' id='word_1_541' title='bbox 2932 2108 3085 2148; x_wconf 90' lang='lat' dir='ltr'><strong>nunc</strong></span> <span class='ocrx_word' id='word_1_542' title='bbox 3115 2091 3180 2145; x_wconf 88' lang='lat' dir='ltr'><strong>ad</strong></span> <span class='ocrx_word' id='word_1_543' title='bbox 3208 2106 3406 2145; x_wconf 88' lang='lat' dir='ltr'><strong>manum</strong></span> <span class='ocrx_word' id='word_1_544' title='bbox 3453 2097 3556 2145; x_wconf 89' lang='lat' dir='ltr'><strong>sunt</strong></span> <span class='ocrx_word' id='word_1_545' title='bbox 3588 2088 3673 2141; x_wconf 77' lang='lat' dir='ltr'><strong>Ale-</strong></span> 
     </span>
    </p>
   </div>
   <div class='ocr_carea' id='block_1_82' title="bbox 2214 2180 3675 2256">
    <p class='ocr_par' dir='ltr' id='par_1_82' title="bbox 2214 2180 3675 2256">
     <span class='ocr_line' id='line_1_82' title="bbox 2214 2180 3675 2256; baseline -0.005 -16"><span class='ocrx_word' id='word_1_546' title='bbox 2214 2187 2409 2241; x_wconf 78' lang='lat' dir='ltr'><strong>xandri</strong></span> <span class='ocrx_word' id='word_1_547' title='bbox 2436 2187 2679 2256; x_wconf 73' lang='lat' dir='ltr'><strong>epistola:</strong></span> <span class='ocrx_word' id='word_1_548' title='bbox 2701 2184 3130 2256; x_wconf 80' lang='lat' dir='ltr'><strong>pulcherrimam</strong></span> <span class='ocrx_word' id='word_1_549' title='bbox 3157 2182 3467 2239; x_wconf 87' lang='lat' dir='ltr'><strong>vermiculati</strong></span> <span class='ocrx_word' id='word_1_550' title='bbox 3506 2180 3570 2235; x_wconf 84' lang='lat' dir='ltr'><strong>vel</strong></span> <span class='ocrx_word' id='word_1_551' title='bbox 3595 2194 3675 2232; x_wconf 85' lang='lat' dir='ltr'><strong>mn-</strong></span> 
     </span>
    </p>
   </div>
   <div class='ocr_carea' id='block_1_83' title="bbox 2215 2269 3675 2349">
    <p class='ocr_par' dir='ltr' id='par_1_83' title="bbox 2215 2269 3675 2349">
     <span class='ocr_line' id='line_1_83' title="bbox 2215 2269 3675 2349; baseline -0.009 -14"><span class='ocrx_word' id='word_1_552' title='bbox 2215 2279 2316 2335; x_wconf 90' lang='lat' dir='ltr'><strong>sivi</strong></span> <span class='ocrx_word' id='word_1_553' title='bbox 2347 2280 2527 2349; x_wconf 88' lang='lat' dir='ltr'><strong>operis</strong></span> <span class='ocrx_word' id='word_1_554' title='bbox 2558 2278 2792 2346; x_wconf 88' lang='lat' dir='ltr'><strong>speciem</strong></span> <span class='ocrx_word' id='word_1_555' title='bbox 2824 2276 3028 2332; x_wconf 76' lang='lat' dir='ltr'><strong>referre</strong></span> <span class='ocrx_word' id='word_1_556' title='bbox 3066 2275 3328 2331; x_wconf 88' lang='lat' dir='ltr'><strong>videntur.</strong></span> <span class='ocrx_word' id='word_1_557' title='bbox 3370 2274 3437 2328; x_wconf 87' lang='lat' dir='ltr'><strong>Ita</strong></span> <span class='ocrx_word' id='word_1_558' title='bbox 3475 2269 3675 2342; x_wconf 78' lang='lat' dir='ltr'><strong>perpetuis</strong></span> 
     </span>
    </p>
   </div>
   <div class='ocr_carea' id='block_1_84' title="bbox 2215 2364 3673 2440">
    <p class='ocr_par' dir='ltr' id='par_1_84' title="bbox 2215 2364 3673 2440">
     <span class='ocr_line' id='line_1_84' title="bbox 2215 2364 3673 2440; baseline -0.006 -16"><span class='ocrx_word' id='word_1_559' title='bbox 2215 2384 2385 2425; x_wconf 68' lang='lat' dir='ltr'><strong>sacrae</strong></span> <span class='ocrx_word' id='word_1_560' title='bbox 2423 2368 2718 2440; x_wconf 67' lang='lat' dir='ltr'><strong>Scriptura:</strong></span> <span class='ocrx_word' id='word_1_561' title='bbox 2760 2369 3109 2424; x_wconf 83' lang='lat' dir='ltr'><strong>emblematis</strong></span> <span class='ocrx_word' id='word_1_562' title='bbox 3144 2368 3467 2422; x_wconf 62' lang='lat' dir='ltr'><strong>interstincta</strong></span> <span class='ocrx_word' id='word_1_563' title='bbox 3487 2364 3673 2418; x_wconf 79' lang='lat' dir='ltr'><strong>relucent.</strong></span> 
     </span>
    </p>
   </div>
   <div class='ocr_carea' id='block_1_85' title="bbox 2214 2454 3676 2531">
    <p class='ocr_par' dir='ltr' id='par_1_85' title="bbox 2214 2454 3676 2531">
     <span class='ocr_line' id='line_1_85' title="bbox 2214 2454 3676 2531; baseline -0.008 -16"><span class='ocrx_word' id='word_1_564' title='bbox 2214 2458 2369 2524; x_wconf 84' lang='lat' dir='ltr'><strong>Quod</strong></span> <span class='ocrx_word' id='word_1_565' title='bbox 2397 2475 2507 2531; x_wconf 68' lang='lat' dir='ltr'><strong>prze</strong></span> <span class='ocrx_word' id='word_1_566' title='bbox 2537 2458 2769 2523; x_wconf 61' lang='lat' dir='ltr'><strong>caeteris,</strong></span> <span class='ocrx_word' id='word_1_567' title='bbox 2817 2458 2901 2512; x_wconf 85' lang='lat' dir='ltr'><strong>vel</strong></span> <span class='ocrx_word' id='word_1_568' title='bbox 2959 2472 3114 2513; x_wconf 86' lang='lat' dir='ltr'><strong>unus</strong></span> <span class='ocrx_word' id='word_1_569' title='bbox 3145 2457 3231 2513; x_wconf 89' lang='lat' dir='ltr'><strong>hic</strong></span> <span class='ocrx_word' id='word_1_570' title='bbox 3276 2456 3415 2510; x_wconf 91' lang='lat' dir='ltr'><strong>locus</strong></span> <span class='ocrx_word' id='word_1_571' title='bbox 3455 2454 3676 2508; x_wconf 77' lang='lat' dir='ltr'><strong>luculenter</strong></span> 
     </span>
    </p>
   </div>
   <div class='ocr_carea' id='block_1_86' title="bbox 2213 2543 3676 2622">
    <p class='ocr_par' dir='ltr' id='par_1_86' title="bbox 2213 2543 3676 2622">
     <span class='ocr_line' id='line_1_86' title="bbox 2213 2543 3676 2622; baseline -0.01 -14"><span class='ocrx_word' id='word_1_572' title='bbox 2213 2553 2474 2609; x_wconf 88' lang='lat' dir='ltr'><strong>ostendit.</strong></span> <span class='ocrx_word' id='word_1_573' title='bbox 2503 2552 2638 2607; x_wconf 90' lang='lat' dir='ltr'><strong>Cum</strong></span> <span class='ocrx_word' id='word_1_574' title='bbox 2682 2553 2825 2607; x_wconf 90' lang='lat' dir='ltr'><strong>enim</strong></span> <span class='ocrx_word' id='word_1_575' title='bbox 2860 2549 3160 2622; x_wconf 73' lang='lat' dir='ltr'><strong>Sapientia:</strong></span> <span class='ocrx_word' id='word_1_576' title='bbox 3208 2565 3323 2619; x_wconf 86' lang='lat' dir='ltr'><strong>cap.</strong></span> <span class='ocrx_word' id='word_1_577' title='bbox 3361 2564 3449 2609; x_wconf 90' lang='lat' dir='ltr'><strong>vn,</strong></span> <span class='ocrx_word' id='word_1_578' title='bbox 3477 2547 3588 2600; x_wconf 85' lang='lat' dir='ltr'><strong>inter</strong></span> <span class='ocrx_word' id='word_1_579' title='bbox 3606 2543 3676 2596; x_wconf 73' lang='lat' dir='ltr'><strong>alia</strong></span> 
     </span>
    </p>
   </div>
   <div class='ocr_carea' id='block_1_87' title="bbox 2215 2634 3676 2715">
    <p class='ocr_par' dir='ltr' id='par_1_87' title="bbox 2215 2634 3676 2715">
     <span class='ocr_line' id='line_1_87' title="bbox 2215 2634 3676 2715; baseline -0.009 -16"><span class='ocrx_word' id='word_1_580' title='bbox 2215 2647 2495 2701; x_wconf 89' lang='lat' dir='ltr'><strong>innumera</strong></span> <span class='ocrx_word' id='word_1_581' title='bbox 2521 2644 2716 2715; x_wconf 85' lang='lat' dir='ltr'><strong>elogia,</strong></span> <span class='ocrx_word' id='word_1_582' title='bbox 2752 2642 3027 2713; x_wconf 87' lang='lat' dir='ltr'><strong>Sapientia</strong></span> <span class='ocrx_word' id='word_1_583' title='bbox 3069 2640 3247 2695; x_wconf 80' lang='lat' dir='ltr'><strong>divina</strong></span> <span class='ocrx_word' id='word_1_584' title='bbox 3276 2649 3473 2693; x_wconf 83' lang='lat' dir='ltr'><strong>vocetur</strong></span> <span class='ocrx_word' id='word_1_585' title='bbox 3501 2634 3676 2702; x_wconf 74' lang='grc' dir='ltr'>ἁπαύγα·</span> 
     </span>
    </p>
   </div>
   <div class='ocr_carea' id='block_1_88' title="bbox 2214 2724 3676 2805">
    <p class='ocr_par' dir='ltr' id='par_1_88' title="bbox 2214 2724 3676 2805">
     <span class='ocr_line' id='line_1_88' title="bbox 2214 2724 3676 2805; baseline -0.008 -16"><span class='ocrx_word' id='word_1_586' title='bbox 2214 2753 2325 2802; x_wconf 87' lang='grc' dir='ltr'>σμα</span> <span class='ocrx_word' id='word_1_587' title='bbox 2377 2736 2549 2805; x_wconf 72' lang='grc' dir='ltr'>φωτὸς</span> <span class='ocrx_word' id='word_1_588' title='bbox 2607 2735 2797 2801; x_wconf 76' lang='grc' dir='ltr'><strong>ἀϊδίου,</strong></span> <span class='ocrx_word' id='word_1_589' title='bbox 2856 2735 2950 2787; x_wconf 77' lang='grc' dir='ltr'>καὶ</span> <span class='ocrx_word' id='word_1_590' title='bbox 2986 2732 3251 2803; x_wconf 75' lang='grc' dir='ltr'>ἔσοπτρον</span> <span class='ocrx_word' id='word_1_591' title='bbox 3300 2730 3577 2801; x_wconf 77' lang='grc' dir='ltr'>ἁκηλίδωτον</span> <span class='ocrx_word' id='word_1_592' title='bbox 3611 2724 3676 2795; x_wconf 77' lang='grc' dir='ltr'>τῆς</span> 
     </span>
    </p>
   </div>
   <div class='ocr_carea' id='block_1_89' title="bbox 2212 2820 3677 2897">
    <p class='ocr_par' dir='ltr' id='par_1_89' title="bbox 2212 2820 3677 2897">
     <span class='ocr_line' id='line_1_89' title="bbox 2212 2820 3677 2897; baseline -0.001 -17"><span class='ocrx_word' id='word_1_593' title='bbox 2212 2828 2303 2880; x_wconf 73' lang='grc' dir='ltr'>τοῦ</span> <span class='ocrx_word' id='word_1_594' title='bbox 2358 2827 2490 2880; x_wconf 81' lang='grc' dir='ltr'>Θεοῦ</span> <span class='ocrx_word' id='word_1_595' title='bbox 2549 2827 2847 2897; x_wconf 76' lang='grc' dir='ltr'>ἐνεργείας.</span> <span class='ocrx_word' id='word_1_596' title='bbox 2908 2826 3003 2879; x_wconf 66' lang='grc' dir='ltr'><strong>κα)⁸</strong></span> <span class='ocrx_word' id='word_1_597' title='bbox 3066 2824 3226 2879; x_wconf 80' lang='grc' dir='ltr'>εἰκὼν</span> <span class='ocrx_word' id='word_1_598' title='bbox 3283 2824 3375 2893; x_wconf 75' lang='grc' dir='ltr'>τῆς</span> <span class='ocrx_word' id='word_1_599' title='bbox 3432 2820 3677 2889; x_wconf 76' lang='grc' dir='ltr'><strong>ἀγαθότητος</strong></span> 
     </span>
    </p>
   </div>
   <div class='ocr_carea' id='block_1_90' title="bbox 2212 2910 3677 2983">
    <p class='ocr_par' dir='ltr' id='par_1_90' title="bbox 2212 2910 3677 2983">
     <span class='ocr_line' id='line_1_90' title="bbox 2212 2910 3677 2983; baseline -0.006 -10"><span class='ocrx_word' id='word_1_600' title='bbox 2212 2917 2374 2973; x_wconf 87' lang='grc' dir='ltr'><strong>αὑτοῦ</strong></span> <span class='ocrx_word' id='word_1_601' title='bbox 2407 2919 2547 2973; x_wconf 75' lang='grc' dir='ltr'>Ἰιοο</span> <span class='ocrx_word' id='word_1_602' title='bbox 2584 2925 2687 2983; x_wconf 91' lang='lat' dir='ltr'><strong>est,</strong></span> <span class='ocrx_word' id='word_1_603' title='bbox 2737 2917 2936 2972; x_wconf 82' lang='lat' dir='ltr'><strong>candor</strong></span> <span class='ocrx_word' id='word_1_604' title='bbox 2980 2916 3122 2971; x_wconf 81' lang='lat' dir='ltr'><strong>lucis</strong></span> <span class='ocrx_word' id='word_1_605' title='bbox 3166 2925 3392 2979; x_wconf 68' lang='lat' dir='ltr'><strong>ater-nm,</strong></span> <span class='ocrx_word' id='word_1_606' title='bbox 3415 2923 3460 2967; x_wconf 88' lang='lat' dir='ltr'><strong>et</strong></span> <span class='ocrx_word' id='word_1_607' title='bbox 3487 2910 3677 2979; x_wconf 66' lang='lat' dir='ltr'><strong>speculum</strong></span> 
     </span>
    </p>
   </div>
   <div class='ocr_carea' id='block_1_91' title="bbox 2144 3000 3675 3099">
    <p class='ocr_par' dir='ltr' id='par_1_91' title="bbox 2144 3000 3675 3099">
     <span class='ocr_line' id='line_1_91' title="bbox 2144 3000 3675 3099; baseline -0.004 -34"><span class='ocrx_word' id='word_1_608' title='bbox 2144 3042 2188 3099; x_wconf 64' lang='grc' dir='ltr'>ο</span> <span class='ocrx_word' id='word_1_609' title='bbox 2217 3011 2328 3066; x_wconf 83' lang='lat' dir='ltr'><strong>sine</strong></span> <span class='ocrx_word' id='word_1_610' title='bbox 2348 3011 2557 3064; x_wconf 83' lang='lat' dir='ltr'><strong>macula</strong></span> <span class='ocrx_word' id='word_1_611' title='bbox 2594 3010 2686 3063; x_wconf 87' lang='lat' dir='ltr'><strong>Dei</strong></span> <span class='ocrx_word' id='word_1_612' title='bbox 2715 3010 3034 3078; x_wconf 86' lang='lat' dir='ltr'><strong>majestatis,</strong></span> <span class='ocrx_word' id='word_1_613' title='bbox 3061 3018 3111 3062; x_wconf 91' lang='lat' dir='ltr'><strong>et</strong></span> <span class='ocrx_word' id='word_1_614' title='bbox 3134 3010 3301 3079; x_wconf 83' lang='lat' dir='ltr'><strong>imago</strong></span> <span class='ocrx_word' id='word_1_615' title='bbox 3322 3004 3536 3060; x_wconf 75' lang='lat' dir='ltr'><strong>bonitatis</strong></span> <span class='ocrx_word' id='word_1_616' title='bbox 3559 3000 3675 3059; x_wconf 63' lang='lat' dir='ltr'><strong>illi“.</strong></span> 
     </span>
    </p>
   </div>
   <div class='ocr_carea' id='block_1_92' title="bbox 2219 3091 3683 3172">
    <p class='ocr_par' dir='ltr' id='par_1_92' title="bbox 2219 3091 3683 3172">
     <span class='ocr_line' id='line_1_92' title="bbox 2219 3091 3683 3172; baseline -0.008 -15"><span class='ocrx_word' id='word_1_617' title='bbox 2219 3102 2342 3171; x_wconf 89' lang='lat' dir='ltr'><strong>quis</strong></span> <span class='ocrx_word' id='word_1_618' title='bbox 2362 3118 2468 3157; x_wconf 89' lang='lat' dir='ltr'><strong>non</strong></span> <span class='ocrx_word' id='word_1_619' title='bbox 2498 3103 2641 3156; x_wconf 89' lang='lat' dir='ltr'><strong>videt</strong></span> <span class='ocrx_word' id='word_1_620' title='bbox 2660 3101 2770 3156; x_wconf 90' lang='lat' dir='ltr'><strong>divi</strong></span> <span class='ocrx_word' id='word_1_621' title='bbox 2809 3099 2963 3154; x_wconf 89' lang='lat' dir='ltr'><strong>Pauli</strong></span> <span class='ocrx_word' id='word_1_622' title='bbox 2988 3102 3241 3172; x_wconf 75' lang='lat' dir='ltr'><strong>exemplo</strong></span> <span class='ocrx_word' id='word_1_623' title='bbox 3263 3103 3426 3155; x_wconf 89' lang='lat' dir='ltr'><strong>locum</strong></span> <span class='ocrx_word' id='word_1_624' title='bbox 3457 3097 3574 3151; x_wconf 80' lang='lat' dir='ltr'><strong>hunc</strong></span> <span class='ocrx_word' id='word_1_625' title='bbox 3596 3091 3683 3146; x_wconf 72' lang='lat' dir='ltr'><strong>inde</strong></span> 
     </span>
    </p>
   </div>
   <div class='ocr_carea' id='block_1_93' title="bbox 2217 3183 3681 3260">
    <p class='ocr_par' dir='ltr' id='par_1_93' title="bbox 2217 3183 3681 3260">
     <span class='ocr_line' id='line_1_93' title="bbox 2217 3183 3681 3260; baseline -0.008 -14"><span class='ocrx_word' id='word_1_626' title='bbox 2217 3192 2358 3248; x_wconf 90' lang='lat' dir='ltr'><strong>vivis</strong></span> <span class='ocrx_word' id='word_1_627' title='bbox 2411 3192 2686 3247; x_wconf 86' lang='lat' dir='ltr'><strong>coloribus</strong></span> <span class='ocrx_word' id='word_1_628' title='bbox 2743 3190 3169 3246; x_wconf 86' lang='lat' dir='ltr'><strong>adumbratum?</strong></span> <span class='ocrx_word' id='word_1_629' title='bbox 3212 3190 3374 3260; x_wconf 84' lang='lat' dir='ltr'><strong>Cujus</strong></span> <span class='ocrx_word' id='word_1_630' title='bbox 3435 3203 3519 3257; x_wconf 84' lang='lat' dir='ltr'><strong>ego</strong></span> <span class='ocrx_word' id='word_1_631' title='bbox 3565 3183 3681 3237; x_wconf 72' lang='lat' dir='ltr'><strong>ductu</strong></span> 
     </span>
    </p>
   </div>
   <div class='ocr_carea' id='block_1_94' title="bbox 2219 3271 3681 3355">
    <p class='ocr_par' dir='ltr' id='par_1_94' title="bbox 2219 3271 3681 3355">
     <span class='ocr_line' id='line_1_94' title="bbox 2219 3271 3681 3355; baseline -0.01 -14"><span class='ocrx_word' id='word_1_632' title='bbox 2219 3292 2272 3341; x_wconf 92' lang='lat' dir='ltr'><strong>et</strong></span> <span class='ocrx_word' id='word_1_633' title='bbox 2297 3285 2577 3355; x_wconf 87' lang='lat' dir='ltr'><strong>auspiciis,</strong></span> <span class='ocrx_word' id='word_1_634' title='bbox 2596 3284 2703 3338; x_wconf 91' lang='lat' dir='ltr'><strong>duo</strong></span> <span class='ocrx_word' id='word_1_635' title='bbox 2726 3284 2813 3337; x_wconf 90' lang='lat' dir='ltr'><strong>illa</strong></span> <span class='ocrx_word' id='word_1_636' title='bbox 2829 3283 3068 3353; x_wconf 86' lang='lat' dir='ltr'><strong>epitheta</strong></span> <span class='ocrx_word' id='word_1_637' title='bbox 3102 3282 3303 3353; x_wconf 88' lang='lat' dir='ltr'><strong>speculi</strong></span> <span class='ocrx_word' id='word_1_638' title='bbox 3329 3275 3604 3351; x_wconf 75' lang='grc' dir='ltr'>ἀκηλιδιὶηου</span> <span class='ocrx_word' id='word_1_639' title='bbox 3618 3271 3681 3326; x_wconf 74' lang='grc' dir='ltr'>καὶ</span> 
     </span>
    </p>
   </div>
   <div class='ocr_carea' id='block_1_95' title="bbox 2219 3363 3680 3446">
    <p class='ocr_par' dir='ltr' id='par_1_95' title="bbox 2219 3363 3680 3446">
     <span class='ocr_line' id='line_1_95' title="bbox 2219 3363 3680 3446; baseline -0.011 -16"><span class='ocrx_word' id='word_1_640' title='bbox 2219 3375 2484 3446; x_wconf 71' lang='grc' dir='ltr'><strong>ιμψύχου,</strong></span> <span class='ocrx_word' id='word_1_641' title='bbox 2513 3376 2654 3430; x_wconf 91' lang='lat' dir='ltr'><strong>male</strong></span> <span class='ocrx_word' id='word_1_642' title='bbox 2676 3373 2743 3429; x_wconf 88' lang='lat' dir='ltr'><strong>ab</strong></span> <span class='ocrx_word' id='word_1_643' title='bbox 2790 3373 3189 3443; x_wconf 86' lang='lat' dir='ltr'><strong>interpretibus</strong></span> <span class='ocrx_word' id='word_1_644' title='bbox 3245 3373 3509 3441; x_wconf 80' lang='lat' dir='ltr'><strong>conjuncta</strong></span> <span class='ocrx_word' id='word_1_645' title='bbox 3546 3363 3680 3419; x_wconf 81' lang='lat' dir='ltr'><strong>distin-</strong></span> 
     </span>
    </p>
   </div>
   <div class='ocr_carea' id='block_1_96' title="bbox 2219 3452 3683 3537">
    <p class='ocr_par' dir='ltr' id='par_1_96' title="bbox 2219 3452 3683 3537">
     <span class='ocr_line' id='line_1_96' title="bbox 2219 3452 3683 3537; baseline -0.012 -15"><span class='ocrx_word' id='word_1_646' title='bbox 2219 3467 2398 3522; x_wconf 91' lang='lat' dir='ltr'><strong>ctione</strong></span> <span class='ocrx_word' id='word_1_647' title='bbox 2422 3466 2740 3537; x_wconf 89' lang='lat' dir='ltr'><strong>interposita</strong></span> <span class='ocrx_word' id='word_1_648' title='bbox 2767 3464 3054 3521; x_wconf 88' lang='lat' dir='ltr'><strong>diviserim</strong></span> <span class='ocrx_word' id='word_1_649' title='bbox 3082 3483 3097 3520; x_wconf 90' lang='lat'><strong>:</strong></span> <span class='ocrx_word' id='word_1_650' title='bbox 3127 3472 3181 3520; x_wconf 89' lang='lat' dir='ltr'><strong>et</strong></span> <span class='ocrx_word' id='word_1_651' title='bbox 3229 3462 3478 3536; x_wconf 84' lang='lat' dir='ltr'><strong>posterius</strong></span> <span class='ocrx_word' id='word_1_652' title='bbox 3505 3458 3557 3512; x_wconf 85' lang='lat' dir='ltr'><strong>ad</strong></span> <span class='ocrx_word' id='word_1_653' title='bbox 3587 3452 3683 3510; x_wconf 80' lang='lat' dir='ltr'><strong>divi-</strong></span> 
     </span>
    </p>
   </div>
   <div class='ocr_carea' id='block_1_97' title="bbox 2219 3548 3685 3629">
    <p class='ocr_par' dir='ltr' id='par_1_97' title="bbox 2219 3548 3685 3629">
     <span class='ocr_line' id='line_1_97' title="bbox 2219 3548 3685 3629; baseline -0.001 -16"><span class='ocrx_word' id='word_1_654' title='bbox 2219 3573 2343 3613; x_wconf 88' lang='lat' dir='ltr'><strong>nam</strong></span> <span class='ocrx_word' id='word_1_655' title='bbox 2374 3558 2660 3629; x_wconf 85' lang='lat' dir='ltr'><strong>imagincm</strong></span> <span class='ocrx_word' id='word_1_656' title='bbox 2683 3557 2956 3613; x_wconf 89' lang='lat' dir='ltr'><strong>retulerim</strong></span> <span class='ocrx_word' id='word_1_657' title='bbox 2979 3571 2992 3607; x_wconf 94' lang='lat'>:</span> <span class='ocrx_word' id='word_1_658' title='bbox 3031 3557 3246 3629; x_wconf 79' lang='grc' dir='ltr'>Ὠσπερ</span> <span class='ocrx_word' id='word_1_659' title='bbox 3267 3556 3329 3609; x_wconf 84' lang='grc' dir='ltr'>δι’</span> <span class='ocrx_word' id='word_1_660' title='bbox 3354 3554 3572 3621; x_wconf 80' lang='grc' dir='ltr'>ἐσόπτρου</span> <span class='ocrx_word' id='word_1_661' title='bbox 3590 3548 3685 3611; x_wconf 72' lang='grc' dir='ltr'><strong>ἀκη-</strong></span> 
     </span>
    </p>
   </div>
   <div class='ocr_carea' id='block_1_98' title="bbox 2219 3639 3687 3720">
    <p class='ocr_par' dir='ltr' id='par_1_98' title="bbox 2219 3639 3687 3720">
     <span class='ocr_line' id='line_1_98' title="bbox 2219 3639 3687 3720; baseline -0.009 -17"><span class='ocrx_word' id='word_1_662' title='bbox 2219 3647 2460 3713; x_wconf 79' lang='grc' dir='ltr'>λιδὼτου,</span> <span class='ocrx_word' id='word_1_663' title='bbox 2495 3650 2589 3703; x_wconf 56' lang='grc' dir='ltr'><strong>καὶ⁵</strong></span> <span class='ocrx_word' id='word_1_664' title='bbox 2621 3648 2862 3720; x_wconf 77' lang='grc' dir='ltr'>ἐμψύχου</span> <span class='ocrx_word' id='word_1_665' title='bbox 2909 3646 3066 3711; x_wconf 82' lang='grc' dir='ltr'>θείας</span> <span class='ocrx_word' id='word_1_666' title='bbox 3112 3648 3310 3710; x_wconf 80' lang='grc' dir='ltr'>εἰκόνος</span> <span class='ocrx_word' id='word_1_667' title='bbox 3339 3641 3483 3699; x_wconf 78' lang='grc' dir='ltr'><strong>αὑτοῦ</strong></span> <span class='ocrx_word' id='word_1_668' title='bbox 3517 3639 3687 3706; x_wconf 81' lang='grc' dir='ltr'>θεωρου-</span> 
     </span>
    </p>
   </div>
   <div class='ocr_carea' id='block_1_99' title="bbox 2223 3739 3689 3814">
    <p class='ocr_par' dir='ltr' id='par_1_99' title="bbox 2223 3739 3689 3814">
     <span class='ocr_line' id='line_1_99' title="bbox 2223 3739 3689 3814; baseline -0.007 -17"><span class='ocrx_word' id='word_1_669' title='bbox 2223 3744 2385 3814; x_wconf 83' lang='grc' dir='ltr'><strong>μένου</strong></span> <span class='ocrx_word' id='word_1_670' title='bbox 2404 3741 2497 3795; x_wconf 81' lang='grc' dir='ltr'>τοῢ</span> <span class='ocrx_word' id='word_1_671' title='bbox 2521 3741 2749 3812; x_wconf 74' lang='grc' dir='ltr'>Πατρόςο</span> <span class='ocrx_word' id='word_1_672' title='bbox 2785 3739 3054 3806; x_wconf 81' lang='lat' dir='ltr'><strong>Quoniam</strong></span> <span class='ocrx_word' id='word_1_673' title='bbox 3089 3757 3183 3810; x_wconf 84' lang='lat' dir='ltr'><strong>per</strong></span> <span class='ocrx_word' id='word_1_674' title='bbox 3222 3741 3382 3809; x_wconf 74' lang='lat' dir='ltr'><strong>ipsum</strong></span> <span class='ocrx_word' id='word_1_675' title='bbox 3403 3746 3602 3802; x_wconf 72' lang='lat' dir='ltr'><strong>tanquam</strong></span> <span class='ocrx_word' id='word_1_676' title='bbox 3625 3741 3689 3794; x_wconf 73' lang='grc' dir='ltr'><strong>μιν</strong></span> 
     </span>
    </p>
   </div>
   <div class='ocr_carea' id='block_1_100' title="bbox 2220 3816 3689 3904">
    <p class='ocr_par' dir='ltr' id='par_1_100' title="bbox 2220 3816 3689 3904">
     <span class='ocr_line' id='line_1_100' title="bbox 2220 3816 3689 3904; baseline -0.012 -17"><span class='ocrx_word' id='word_1_677' title='bbox 2220 3833 2483 3904; x_wconf 80' lang='lat' dir='ltr'><strong>speculum</strong></span> <span class='ocrx_word' id='word_1_678' title='bbox 2514 3831 2625 3886; x_wconf 81' lang='lat' dir='ltr'><strong>sine</strong></span> <span class='ocrx_word' id='word_1_679' title='bbox 2644 3829 2873 3896; x_wconf 85' lang='lat' dir='ltr'><strong>macula,</strong></span> <span class='ocrx_word' id='word_1_680' title='bbox 2896 3837 2947 3884; x_wconf 90' lang='lat' dir='ltr'><strong>et</strong></span> <span class='ocrx_word' id='word_1_681' title='bbox 2976 3846 3158 3890; x_wconf 76' lang='lat' dir='ltr'><strong>veram</strong></span> <span class='ocrx_word' id='word_1_682' title='bbox 3185 3833 3289 3884; x_wconf 76' lang='lat' dir='ltr'><strong>sive</strong></span> <span class='ocrx_word' id='word_1_683' title='bbox 3310 3828 3560 3882; x_wconf 77' lang='lat' dir='ltr'><strong>animatum</strong></span> <span class='ocrx_word' id='word_1_684' title='bbox 3591 3816 3689 3870; x_wconf 73' lang='lat' dir='ltr'><strong>divi-</strong></span> 
     </span>
    </p>
   </div>
   <div class='ocr_carea' id='block_1_101' title="bbox 2220 3909 3795 3995">
    <p class='ocr_par' dir='ltr' id='par_1_101' title="bbox 2220 3909 3795 3995">
     <span class='ocr_line' id='line_1_101' title="bbox 2220 3909 3795 3995; baseline -0.015 -14"><span class='ocrx_word' id='word_1_685' title='bbox 2220 3943 2343 3981; x_wconf 86' lang='lat' dir='ltr'><strong>nam</strong></span> <span class='ocrx_word' id='word_1_686' title='bbox 2369 3925 2651 3995; x_wconf 86' lang='lat' dir='ltr'><strong>imaginem</strong></span> <span class='ocrx_word' id='word_1_687' title='bbox 2674 3923 2781 3992; x_wconf 84' lang='lat' dir='ltr'><strong>ipse</strong></span> <span class='ocrx_word' id='word_1_688' title='bbox 2812 3922 2972 3976; x_wconf 84' lang='lat' dir='ltr'><strong>etiam</strong></span> <span class='ocrx_word' id='word_1_689' title='bbox 3003 3921 3177 3976; x_wconf 82' lang='lat' dir='ltr'><strong>Pater</strong></span> <span class='ocrx_word' id='word_1_690' title='bbox 3202 3919 3504 3990; x_wconf 76' lang='lat' dir='ltr'><strong>conspicitur.</strong></span> <span class='ocrx_word' id='word_1_691' title='bbox 3531 3909 3690 3964; x_wconf 80' lang='lat' dir='ltr'><strong>Etenim</strong></span> <span class='ocrx_word' id='word_1_692' title='bbox 3794 3922 3795 3933; x_wconf 50' lang='grc' dir='ltr'><strong>ι</strong></span> 
     </span>
    </p>
   </div>
   <div class='ocr_carea' id='block_1_102' title="bbox 2220 3998 3694 4088">
    <p class='ocr_par' dir='ltr' id='par_1_102' title="bbox 2220 3998 3694 4088">
     <span class='ocr_line' id='line_1_102' title="bbox 2220 3998 3694 4088; baseline -0.018 -14"><span class='ocrx_word' id='word_1_693' title='bbox 2220 4034 2343 4074; x_wconf 89' lang='lat' dir='ltr'><strong>cum</strong></span> <span class='ocrx_word' id='word_1_694' title='bbox 2374 4018 2663 4088; x_wconf 82' lang='lat' dir='ltr'><strong>Apostolus</strong></span> <span class='ocrx_word' id='word_1_695' title='bbox 2688 4014 2755 4069; x_wconf 90' lang='lat' dir='ltr'><strong>ad</strong></span> <span class='ocrx_word' id='word_1_696' title='bbox 2778 4013 2994 4069; x_wconf 90' lang='lat' dir='ltr'><strong>Coloss.</strong></span> <span class='ocrx_word' id='word_1_697' title='bbox 3016 4029 3061 4076; x_wconf 85' lang='grc' dir='ltr'><strong>ι,</strong></span> <span class='ocrx_word' id='word_1_698' title='bbox 3088 4030 3235 4070; x_wconf 89' lang='lat' dir='ltr'><strong>vers.</strong></span> <span class='ocrx_word' id='word_1_699' title='bbox 3260 4012 3339 4074; x_wconf 81' lang='lat' dir='ltr'><strong>l5,</strong></span> <span class='ocrx_word' id='word_1_700' title='bbox 3376 4007 3534 4062; x_wconf 85' lang='lat' dir='ltr'><strong>Filium</strong></span> <span class='ocrx_word' id='word_1_701' title='bbox 3551 3998 3694 4054; x_wconf 71' lang='grc' dir='ltr'>εἰκόνα</span> 
     </span>
    </p>
   </div>
   <div class='ocr_carea' id='block_1_103' title="bbox 2218 4093 3695 4180">
    <p class='ocr_par' dir='ltr' id='par_1_103' title="bbox 2218 4093 3695 4180">
     <span class='ocr_line' id='line_1_103' title="bbox 2218 4093 3695 4180; baseline -0.009 -16"><span class='ocrx_word' id='word_1_702' title='bbox 2218 4108 2312 4164; x_wconf 79' lang='grc' dir='ltr'>τοῦ</span> <span class='ocrx_word' id='word_1_703' title='bbox 2343 4107 2873 4180; x_wconf 76' lang='grc' dir='ltr'>ἀοράτου,ἱηια9ἰηεηι</span> <span class='ocrx_word' id='word_1_704' title='bbox 2907 4104 3006 4158; x_wconf 83' lang='lat' dir='ltr'><strong>Dei</strong></span> <span class='ocrx_word' id='word_1_705' title='bbox 3044 4105 3320 4159; x_wconf 75' lang='lat' dir='ltr'><strong>invisibilis</strong></span> <span class='ocrx_word' id='word_1_706' title='bbox 3350 4096 3629 4168; x_wconf 59' lang='lat' dir='ltr'><strong>appellasse‘,</strong></span> <span class='ocrx_word' id='word_1_707' title='bbox 3652 4093 3695 4139; x_wconf 63' lang='grc' dir='ltr'><strong>(τί</strong></span> 
     </span>
    </p>
   </div>
   <div class='ocr_carea' id='block_1_104' title="bbox 2219 4191 3695 4270">
    <p class='ocr_par' dir='ltr' id='par_1_104' title="bbox 2219 4191 3695 4270">
     <span class='ocr_line' id='line_1_104' title="bbox 2219 4191 3695 4270; baseline -0.018 -13"><span class='ocrx_word' id='word_1_708' title='bbox 2219 4203 2382 4257; x_wconf 84' lang='lat' dir='ltr'><strong>Arius</strong></span> <span class='ocrx_word' id='word_1_709' title='bbox 2408 4199 2651 4270; x_wconf 90' lang='lat' dir='ltr'><strong>improbe</strong></span> <span class='ocrx_word' id='word_1_710' title='bbox 2671 4198 2736 4252; x_wconf 88' lang='lat' dir='ltr'><strong>ad</strong></span> <span class='ocrx_word' id='word_1_711' title='bbox 2767 4195 3159 4252; x_wconf 88' lang='lat' dir='ltr'><strong>stabiliendum</strong></span> <span class='ocrx_word' id='word_1_712' title='bbox 3219 4204 3429 4250; x_wconf 79' lang='lat' dir='ltr'><strong>errorem</strong></span> <span class='ocrx_word' id='word_1_713' title='bbox 3460 4195 3593 4240; x_wconf 84' lang='lat' dir='ltr'><strong>suum</strong></span> <span class='ocrx_word' id='word_1_714' title='bbox 3641 4191 3695 4232; x_wconf 85' lang='lat' dir='ltr'><strong>eo</strong></span> 
     </span>
    </p>
   </div>
   <div class='ocr_carea' id='block_1_105' title="bbox 2221 4281 3696 4359">
    <p class='ocr_par' dir='ltr' id='par_1_105' title="bbox 2221 4281 3696 4359">
     <span class='ocr_line' id='line_1_105' title="bbox 2221 4281 3696 4359; baseline -0.016 -11"><span class='ocrx_word' id='word_1_715' title='bbox 2221 4293 2342 4348; x_wconf 91' lang='lat' dir='ltr'><strong>loco</strong></span> <span class='ocrx_word' id='word_1_716' title='bbox 2375 4293 2705 4356; x_wconf 88' lang='lat' dir='ltr'><strong>abuteretur,</strong></span> <span class='ocrx_word' id='word_1_717' title='bbox 2734 4285 2964 4359; x_wconf 87' lang='lat' dir='ltr'><strong>eleganti</strong></span> <span class='ocrx_word' id='word_1_718' title='bbox 2988 4301 3131 4341; x_wconf 86' lang='lat' dir='ltr'><strong>sane</strong></span> <span class='ocrx_word' id='word_1_719' title='bbox 3153 4286 3394 4356; x_wconf 85' lang='lat' dir='ltr'><strong>adjuncto</strong></span> <span class='ocrx_word' id='word_1_720' title='bbox 3419 4287 3579 4334; x_wconf 81' lang='lat' dir='ltr'><strong>noster</strong></span> <span class='ocrx_word' id='word_1_721' title='bbox 3620 4281 3696 4322; x_wconf 83' lang='lat' dir='ltr'><strong>au-</strong></span> 
     </span>
    </p>
   </div>
   <div class='ocr_carea' id='block_1_106' title="bbox 2149 4358 3694 4455">
    <p class='ocr_par' dir='ltr' id='par_1_106' title="bbox 2149 4358 3694 4455">
     <span class='ocr_line' id='line_1_106' title="bbox 2149 4358 3694 4455; baseline -0.018 -13"><span class='ocrx_word' id='word_1_722' title='bbox 2149 4376 2193 4431; x_wconf 79' lang='lat' dir='ltr'><strong>D</strong></span> <span class='ocrx_word' id='word_1_723' title='bbox 2220 4393 2337 4441; x_wconf 87' lang='lat' dir='ltr'><strong>ctor</strong></span> <span class='ocrx_word' id='word_1_724' title='bbox 2386 4383 2648 4455; x_wconf 70' lang='grc' dir='ltr'><strong>ἔμψυχον,</strong></span> <span class='ocrx_word' id='word_1_725' title='bbox 2693 4358 3146 4435; x_wconf 83' lang='lat' dir='ltr'><strong>siveanimatam</strong></span> <span class='ocrx_word' id='word_1_726' title='bbox 3194 4375 3457 4446; x_wconf 85' lang='lat' dir='ltr'><strong>imaginem</strong></span> <span class='ocrx_word' id='word_1_727' title='bbox 3497 4358 3694 4455; x_wconf 68' lang='lat' dir='ltr'><strong>eumdem</strong></span> 
     </span>
    </p>
   </div>
   <div class='ocr_carea' id='block_1_107' title="bbox 2221 4451 3695 4552">
    <p class='ocr_par' dir='ltr' id='par_1_107' title="bbox 2221 4451 3695 4552">
     <span class='ocr_line' id='line_1_107' title="bbox 2221 4451 3695 4552; baseline -0.019 -17"><span class='ocrx_word' id='word_1_728' title='bbox 2221 4451 2977 4552; x_wconf 14' lang='lat' dir='ltr'><strong>appellat,utrsimilitudinem</strong></span> <span class='ocrx_word' id='word_1_729' title='bbox 3011 4469 3451 4539; x_wconf 84' lang='lat' dir='ltr'><strong>perfectissimam</strong></span> <span class='ocrx_word' id='word_1_730' title='bbox 3473 4462 3590 4515; x_wconf 84' lang='lat' dir='ltr'><strong>inter</strong></span> <span class='ocrx_word' id='word_1_731' title='bbox 3616 4451 3695 4552; x_wconf 71' lang='lat' dir='ltr'><strong>l’a-</strong></span> 
     </span>
    </p>
   </div>
   <div class='ocr_carea' id='block_1_108' title="bbox 2217 4546 3694 4640">
    <p class='ocr_par' dir='ltr' id='par_1_108' title="bbox 2217 4546 3694 4640">
     <span class='ocr_line' id='line_1_108' title="bbox 2217 4546 3694 4640; baseline -0.022 -8"><span class='ocrx_word' id='word_1_732' title='bbox 2217 4546 2356 4631; x_wconf 73' lang='lat' dir='ltr'><strong>trem</strong></span> <span class='ocrx_word' id='word_1_733' title='bbox 2391 4572 2694 4640; x_wconf 87' lang='lat' dir='ltr'><strong>Filiumque</strong></span> <span class='ocrx_word' id='word_1_734' title='bbox 2727 4564 3238 4638; x_wconf 81' lang='lat' dir='ltr'><strong>signiﬁcantissima</strong></span> <span class='ocrx_word' id='word_1_735' title='bbox 3280 4574 3404 4615; x_wconf 89' lang='lat' dir='ltr'><strong>voce</strong></span> <span class='ocrx_word' id='word_1_736' title='bbox 3438 4546 3694 4640; x_wconf 83' lang='lat' dir='ltr'><strong>contra</strong></span> 
     </span>
    </p>
   </div>
   <div class='ocr_carea' id='block_1_109' title="bbox 2218 4630 3695 4725">
    <p class='ocr_par' dir='ltr' id='par_1_109' title="bbox 2218 4630 3695 4725">
     <span class='ocr_line' id='line_1_109' title="bbox 2218 4630 3695 4725; baseline -0.026 0"><span class='ocrx_word' id='word_1_737' title='bbox 2218 4630 2511 4725; x_wconf 87' lang='lat' dir='ltr'><strong>reticorum</strong></span> <span class='ocrx_word' id='word_1_738' title='bbox 2539 4630 3062 4720; x_wconf 42' lang='lat' dir='ltr'><strong>oli‘lucias—tueatur,</strong></span> <span class='ocrx_word' id='word_1_739' title='bbox 3102 4642 3188 4712; x_wconf 26' lang='lat' dir='ltr'><strong>iet</strong></span> <span class='ocrx_word' id='word_1_740' title='bbox 3238 4653 3402 4718; x_wconf 81' lang='grc' dir='ltr'>ζῶντα</span> <span class='ocrx_word' id='word_1_741' title='bbox 3444 4645 3587 4711; x_wconf 75' lang='grc' dir='ltr'>Λόγον</span> <span class='ocrx_word' id='word_1_742' title='bbox 3618 4630 3695 4689; x_wconf 68' lang='grc' dir='ltr'><strong>ἀεὶ»</strong></span> 
     </span>
    </p>
   </div>
   <div class='ocr_carea' id='block_1_110' title="bbox 2208 4726 3692 4829">
    <p class='ocr_par' dir='ltr' id='par_1_110' title="bbox 2208 4726 3692 4829">
     <span class='ocr_line' id='line_1_110' title="bbox 2208 4726 3692 4829; baseline -0.027 -15"><span class='ocrx_word' id='word_1_743' title='bbox 2208 4758 2405 4825; x_wconf 79' lang='grc' dir='ltr'>ζῶντος</span> <span class='ocrx_word' id='word_1_744' title='bbox 2449 4752 2661 4823; x_wconf 74' lang='grc' dir='ltr'>Πατρός</span> <span class='ocrx_word' id='word_1_745' title='bbox 2681 4747 2949 4829; x_wconf 82' lang='lat' dir='ltr'><strong>prodiisse</strong></span> <span class='ocrx_word' id='word_1_746' title='bbox 2988 4746 3206 4801; x_wconf 88' lang='lat' dir='ltr'><strong>doceat.</strong></span> <span class='ocrx_word' id='word_1_747' title='bbox 3236 4744 3366 4799; x_wconf 87' lang='lat' dir='ltr'><strong>Cum</strong></span> <span class='ocrx_word' id='word_1_748' title='bbox 3395 4738 3517 4794; x_wconf 77' lang='lat' dir='ltr'><strong>eiiim</strong></span> <span class='ocrx_word' id='word_1_749' title='bbox 3545 4726 3692 4797; x_wconf 74' lang='lat' dir='ltr'><strong>duplex</strong></span> 
     </span>
    </p>
   </div>
   <div class='ocr_carea' id='block_1_111' title="bbox 2210 4829 3688 4916">
    <p class='ocr_par' dir='ltr' id='par_1_111' title="bbox 2210 4829 3688 4916">
     <span class='ocr_line' id='line_1_111' title="bbox 2210 4829 3688 4916; baseline -0.022 -9"><span class='ocrx_word' id='word_1_750' title='bbox 2210 4853 2282 4907; x_wconf 85' lang='lat' dir='ltr'><strong>sit</strong></span> <span class='ocrx_word' id='word_1_751' title='bbox 2331 4849 2509 4916; x_wconf 89' lang='lat' dir='ltr'><strong>imago</strong></span> <span class='ocrx_word' id='word_1_752' title='bbox 2543 4851 2601 4897; x_wconf 91' lang='lat' dir='ltr'><strong>ut</strong></span> <span class='ocrx_word' id='word_1_753' title='bbox 2631 4840 3082 4897; x_wconf 87' lang='lat' dir='ltr'><strong>scholasticorum</strong></span> <span class='ocrx_word' id='word_1_754' title='bbox 3125 4835 3496 4905; x_wconf 81' lang='lat' dir='ltr'><strong>antesignanus</strong></span> <span class='ocrx_word' id='word_1_755' title='bbox 3528 4829 3688 4916; x_wconf 58' lang='lat' dir='ltr'><strong>pariet.</strong></span> 
     </span>
    </p>
   </div>
   <div class='ocr_carea' id='block_1_112' title="bbox 2211 4910 3688 5013">
    <p class='ocr_par' dir='ltr' id='par_1_112' title="bbox 2211 4910 3688 5013">
     <span class='ocr_line' id='line_1_112' title="bbox 2211 4910 3688 5013; baseline -0.02 -19"><span class='ocrx_word' id='word_1_756' title='bbox 2211 4960 2264 5013; x_wconf 91' lang='lat' dir='ltr'><strong>q.</strong></span> <span class='ocrx_word' id='word_1_757' title='bbox 2295 4940 2384 5002; x_wconf 74' lang='lat'><strong>55,</strong></span> <span class='ocrx_word' id='word_1_758' title='bbox 2411 4910 2469 4993; x_wconf 72' lang='lat' dir='ltr'><strong>et</strong></span> <span class='ocrx_word' id='word_1_759' title='bbox 2490 4937 2601 5005; x_wconf 88' lang='lat' dir='ltr'><strong>jam</strong></span> <span class='ocrx_word' id='word_1_760' title='bbox 2629 4933 2757 4988; x_wconf 88' lang='lat' dir='ltr'><strong>olim</strong></span> <span class='ocrx_word' id='word_1_761' title='bbox 2786 4929 3123 5001; x_wconf 85' lang='lat' dir='ltr'><strong>Epiphanius</strong></span> <span class='ocrx_word' id='word_1_762' title='bbox 3158 4930 3216 4983; x_wconf 87' lang='lat' dir='ltr'><strong>in</strong></span> <span class='ocrx_word' id='word_1_763' title='bbox 3248 4927 3592 4980; x_wconf 68' lang='lat' dir='ltr'><strong>Anomasorum</strong></span> <span class='ocrx_word' id='word_1_764' title='bbox 3611 4910 3688 4963; x_wconf 64' lang='lat' dir='ltr'><strong>h8-</strong></span> 
     </span>
    </p>
   </div>
   <div class='ocr_carea' id='block_1_113' title="bbox 2211 5013 3684 5099">
    <p class='ocr_par' dir='ltr' id='par_1_113' title="bbox 2211 5013 3684 5099">
     <span class='ocr_line' id='line_1_113' title="bbox 2211 5013 3684 5099; baseline -0.018 -12"><span class='ocrx_word' id='word_1_765' title='bbox 2211 5033 2340 5095; x_wconf 87' lang='lat' dir='ltr'><strong>resi,</strong></span> <span class='ocrx_word' id='word_1_766' title='bbox 2372 5045 2490 5099; x_wconf 86' lang='lat' dir='ltr'><strong>cap.</strong></span> <span class='ocrx_word' id='word_1_767' title='bbox 2527 5028 2581 5090; x_wconf 80' lang='grc'>5,</span> <span class='ocrx_word' id='word_1_768' title='bbox 2613 5026 2797 5081; x_wconf 86' lang='lat' dir='ltr'><strong>docuit</strong></span> <span class='ocrx_word' id='word_1_769' title='bbox 2824 5043 2837 5078; x_wconf 90' lang='lat'><strong>:</strong></span> <span class='ocrx_word' id='word_1_770' title='bbox 2862 5024 3031 5077; x_wconf 87' lang='lat' dir='ltr'><strong>altera</strong></span> <span class='ocrx_word' id='word_1_771' title='bbox 3064 5022 3124 5075; x_wconf 92' lang='lat' dir='ltr'><strong>in</strong></span> <span class='ocrx_word' id='word_1_772' title='bbox 3173 5035 3234 5075; x_wconf 89' lang='lat' dir='ltr'><strong>re</strong></span> <span class='ocrx_word' id='word_1_773' title='bbox 3276 5016 3498 5087; x_wconf 84' lang='lat' dir='ltr'><strong>ejusdem</strong></span> <span class='ocrx_word' id='word_1_774' title='bbox 3518 5013 3684 5063; x_wconf 67' lang='lat' dir='ltr'><strong>natam</strong></span> 
     </span>
    </p>
   </div>
   <div class='ocr_carea' id='block_1_114' title="bbox 2215 5102 3686 5190">
    <p class='ocr_par' dir='ltr' id='par_1_114' title="bbox 2215 5102 3686 5190">
     <span class='ocr_line' id='line_1_114' title="bbox 2215 5102 3686 5190; baseline -0.017 -14"><span class='ocrx_word' id='word_1_775' title='bbox 2215 5130 2273 5176; x_wconf 94' lang='lat' dir='ltr'><strong>ut</strong></span> <span class='ocrx_word' id='word_1_776' title='bbox 2306 5122 2483 5190; x_wconf 84' lang='lat' dir='ltr'><strong>imago</strong></span> <span class='ocrx_word' id='word_1_777' title='bbox 2507 5117 2672 5188; x_wconf 81' lang='lat' dir='ltr'><strong>Regis</strong></span> <span class='ocrx_word' id='word_1_778' title='bbox 2719 5116 2778 5170; x_wconf 90' lang='lat' dir='ltr'><strong>in</strong></span> <span class='ocrx_word' id='word_1_779' title='bbox 2816 5112 2985 5179; x_wconf 86' lang='lat' dir='ltr'><strong>Filio;</strong></span> <span class='ocrx_word' id='word_1_780' title='bbox 3013 5113 3189 5168; x_wconf 86' lang='lat' dir='ltr'><strong>altera</strong></span> <span class='ocrx_word' id='word_1_781' title='bbox 3233 5112 3287 5164; x_wconf 86' lang='lat' dir='ltr'><strong>in</strong></span> <span class='ocrx_word' id='word_1_782' title='bbox 3325 5124 3381 5163; x_wconf 87' lang='lat' dir='ltr'><strong>re</strong></span> <span class='ocrx_word' id='word_1_783' title='bbox 3412 5106 3597 5159; x_wconf 66' lang='lat' dir='ltr'><strong>diversa</strong></span> <span class='ocrx_word' id='word_1_784' title='bbox 3612 5102 3686 5144; x_wconf 72' lang='lat' dir='ltr'><strong>M-</strong></span> 
     </span>
    </p>
   </div>
   <div class='ocr_carea' id='block_1_115' title="bbox 2211 5193 3687 5279">
    <p class='ocr_par' dir='ltr' id='par_1_115' title="bbox 2211 5193 3687 5279">
     <span class='ocr_line' id='line_1_115' title="bbox 2211 5193 3687 5279; baseline -0.015 -16"><span class='ocrx_word' id='word_1_785' title='bbox 2211 5220 2345 5264; x_wconf 74' lang='lat' dir='ltr'><strong>tnrze</strong></span> <span class='ocrx_word' id='word_1_786' title='bbox 2371 5222 2651 5279; x_wconf 83' lang='lat' dir='ltr'><strong>expressa,</strong></span> <span class='ocrx_word' id='word_1_787' title='bbox 2683 5204 2862 5275; x_wconf 90' lang='lat' dir='ltr'><strong>qualis</strong></span> <span class='ocrx_word' id='word_1_788' title='bbox 2889 5210 2974 5257; x_wconf 88' lang='lat' dir='ltr'><strong>est</strong></span> <span class='ocrx_word' id='word_1_789' title='bbox 3014 5202 3196 5272; x_wconf 87' lang='lat' dir='ltr'><strong>imago</strong></span> <span class='ocrx_word' id='word_1_790' title='bbox 3236 5196 3483 5271; x_wconf 83' lang='lat' dir='ltr'><strong>principis</strong></span> <span class='ocrx_word' id='word_1_791' title='bbox 3502 5193 3546 5244; x_wconf 81' lang='lat' dir='ltr'><strong>in</strong></span> <span class='ocrx_word' id='word_1_792' title='bbox 3567 5194 3687 5279; x_wconf 58' lang='lat' dir='ltr'><strong>nam:</strong></span> 
     </span>
    </p>
   </div>
   <div class='ocr_carea' id='block_1_116' title="bbox 2212 5276 3689 5361">
    <p class='ocr_par' dir='ltr' id='par_1_116' title="bbox 2212 5276 3689 5361">
     <span class='ocr_line' id='line_1_116' title="bbox 2212 5276 3689 5361; baseline -0.025 -7"><span class='ocrx_word' id='word_1_793' title='bbox 2212 5315 2322 5361; x_wconf 87' lang='lat' dir='ltr'><strong>mo,</strong></span> <span class='ocrx_word' id='word_1_794' title='bbox 2382 5276 2467 5352; x_wconf 86' lang='lat' dir='ltr'><strong>vel</strong></span> <span class='ocrx_word' id='word_1_795' title='bbox 2517 5297 2723 5358; x_wconf 87' lang='lat' dir='ltr'><strong>tabula,</strong></span> <span class='ocrx_word' id='word_1_796' title='bbox 2769 5301 2862 5348; x_wconf 88' lang='lat' dir='ltr'><strong>aut</strong></span> <span class='ocrx_word' id='word_1_797' title='bbox 2919 5301 3120 5349; x_wconf 83' lang='lat' dir='ltr'><strong>statua.</strong></span> <span class='ocrx_word' id='word_1_798' title='bbox 3182 5292 3328 5355; x_wconf 83' lang='lat' dir='ltr'><strong>Sive,</strong></span> <span class='ocrx_word' id='word_1_799' title='bbox 3367 5297 3422 5342; x_wconf 90' lang='lat' dir='ltr'><strong>ut</strong></span> <span class='ocrx_word' id='word_1_800' title='bbox 3468 5276 3689 5352; x_wconf 77' lang='lat' dir='ltr'><strong>Epipbsnu</strong></span> 
     </span>
    </p>
   </div>
   <div class='ocr_carea' id='block_1_117' title="bbox 2211 5364 3694 5463">
    <p class='ocr_par' dir='ltr' id='par_1_117' title="bbox 2211 5364 3694 5463">
     <span class='ocr_line' id='line_1_117' title="bbox 2211 5364 3694 5463; baseline -0.009 -21"><span class='ocrx_word' id='word_1_801' title='bbox 2211 5387 2391 5443; x_wconf 89' lang='lat' dir='ltr'><strong>verbis</strong></span> <span class='ocrx_word' id='word_1_802' title='bbox 2416 5394 2559 5450; x_wconf 86' lang='lat' dir='ltr'><strong>utar,</strong></span> <span class='ocrx_word' id='word_1_803' title='bbox 2601 5386 2791 5451; x_wconf 89' lang='lat' dir='ltr'><strong>altera,</strong></span> <span class='ocrx_word' id='word_1_804' title='bbox 2821 5384 2910 5439; x_wconf 69' lang='grc' dir='ltr'>διὰ</span> <span class='ocrx_word' id='word_1_805' title='bbox 2940 5384 3038 5455; x_wconf 79' lang='grc' dir='ltr'>τῆς</span> <span class='ocrx_word' id='word_1_806' title='bbox 3069 5382 3392 5454; x_wconf 66' lang='grc' dir='ltr'>γεννητικῆς</span> <span class='ocrx_word' id='word_1_807' title='bbox 3419 5364 3694 5463; x_wconf 53' lang='grc' dir='ltr'><strong>ὁμοουειξτη·</strong></span> 
     </span>
    </p>
   </div>
   <div class='ocr_carea' id='block_1_118' title="bbox 2192 5455 3695 5548">
    <p class='ocr_par' dir='ltr' id='par_1_118' title="bbox 2192 5455 3695 5548">
     <span class='ocr_line' id='line_1_118' title="bbox 2192 5455 3695 5548; baseline -0.012 -13"><span class='ocrx_word' id='word_1_808' title='bbox 2192 5469 2322 5543; x_wconf 49' lang='lat' dir='ltr'><strong>nos,</strong></span> <span class='ocrx_word' id='word_1_809' title='bbox 2354 5478 2522 5533; x_wconf 84' lang='lat' dir='ltr'><strong>altera</strong></span> <span class='ocrx_word' id='word_1_810' title='bbox 2552 5475 2640 5531; x_wconf 80' lang='grc' dir='ltr'><strong>διὰ</strong></span> <span class='ocrx_word' id='word_1_811' title='bbox 2668 5476 2971 5548; x_wconf 75' lang='grc' dir='ltr'>χρωμάτων</span> <span class='ocrx_word' id='word_1_812' title='bbox 2992 5475 3341 5545; x_wconf 72' lang='grc' dir='ltr'>εἰκαζομένη,</span> <span class='ocrx_word' id='word_1_813' title='bbox 3376 5472 3445 5525; x_wconf 79' lang='lat' dir='ltr'><strong>vel</strong></span> <span class='ocrx_word' id='word_1_814' title='bbox 3468 5476 3541 5535; x_wconf 78' lang='lat' dir='ltr'><strong>per</strong></span> <span class='ocrx_word' id='word_1_815' title='bbox 3560 5455 3695 5510; x_wconf 61' lang='grc' dir='ltr'><strong>’λίθω</strong></span> 
     </span>
    </p>
   </div>
  </div>
