3906 6194
183 324 271 375 5-ιό
1559 310 1859 368 ΝΟΤΙἸῚΑ.

3251 318 3358 374 ειο

182 442 513 505 quamcunque
572 428 849 481 materiam
929 426 1199 487 diversam
1228 469 1243 492 ,
1313 438 1369 484 et
1426 429 1670 500 ἀνομσού.

1789 427 2100 483 Alexander
2133 423 2330 484 Filium
2360 429 2453 485 Dei
2494 430 2736 502 ἔμψυχον
2782 432 2931 487 Θείαν
2968 435 3150 487 εἰκόνα
3175 438 3364 506 appel-

181 542 281 578 σιον
321 534 575 592 expressa,
632 519 797 574 Arius
853 520 1081 592 ejusque
1133 529 1430 578 sectatores
1479 519 1678 575 Filium

179 615 335 669 Patris
378 612 636 681 imaginem
686 614 977 683 posteriori
1034 614 1195 669 modo
1242 615 1574 676 intellexere.
1621 622 1682 668 ut

180 709 373 761 diversae
398 720 424 758 a
454 702 604 759 Patre
630 714 840 761 natura:
868 720 991 761 eum
1021 722 1143 762 esse
1184 708 1512 762 evincerent.
1537 707 1681 774 Quin

176 816 269 853 nno
306 798 391 855 hoc
432 797 542 866 ipso
592 794 786 851 Filium
844 799 1106 855 minorem
1171 799 1334 855 Patre
1390 801 1681 856 ostendere

173 896 321 950 conati
348 903 479 957 sunt,
507 894 630 964 quia
660 895 836 951 Patris
866 896 1044 968 imago
1069 906 1312 951 vocatur.
1345 895 1421 951 ita
1457 896 1684 952 Marcel-

176 991 243 1042 lus
271 986 390 1058 apud
435 985 717 1042 Eusebium
748 986 885 1041 libro
918 1004 959 1050 ι,
991 1003 1053 1043 ex
1095 988 1295 1042 Asterii
1327 998 1507 1044 mente
1533 988 1677 1044 allir-

173 1089 278 1146 mat,
305 1078 528 1132 τοσοῦτον
554 1079 645 1132 τὸν
665 1078 795 1133 Θεὸν
820 1079 912 1132 τοῦ
930 1080 1101 1149 Λόγου
1122 1082 1416 1153 διαφέρειν,
1441 1082 1563 1135 ὅσον
1588 1082 1680 1135 καὶ

172 1173 401 1244 ἄνθρωπος
425 1172 517 1243 τῆς
558 1170 753 1225 ἑαυτοῦ
796 1172 1002 1237 εἰκόνος
1046 1173 1321 1245 διαφέρειν
1356 1173 1536 1227 δοκεῖ’
1573 1174 1676 1227 hoc

172 1274 235 1321 est
264 1279 276 1315 :
306 1263 429 1316 Deus
457 1263 510 1315 in
543 1271 746 1315 tantum
792 1279 825 1316 a
878 1262 1043 1317 Verbo
1078 1280 1174 1318 suo
1212 1265 1424 1333 cli/ferre
1453 1265 1675 1326 videtur,

173 1358 211 1409 in
234 1364 449 1425 quantum
473 1355 624 1409 homo
665 1354 730 1407 ab
780 1356 1009 1424 imagine
1047 1372 1165 1411 sua.
1196 1358 1342 1411 Idem
1390 1357 1677 1413 Marcellus

171 1448 435 1501 catholicam
498 1447 699 1502 Asterii
772 1448 1134 1503 assertionem
1201 1448 1505 1519 exagitans,
1570 1464 1676 1520 qua

172 1537 355 1593 Verbum
403 1539 723 1593 invariatam
786 1537 964 1594 Patris
1021 1539 1311 1610 imaginem
1368 1540 1676 1595 affirmave-

171 1640 245 1691 rat,
273 1631 435 1685 multis
470 1629 875 1697 'debaccbatur,
932 1646 1053 1701 quae
1094 1638 1150 1687 et
1190 1632 1333 1702 apud
1383 1631 1672 1690 Eusebium

169 1731 207 1776 et
240 1720 563 1792 Epiphaniam
636 1722 831 1778 haeresi
890 1736 1042 1776 Lxxtt
1090 1738 1157 1777 ex
1220 1723 1420 1778 Acacio
1469 1724 1676 1779 haben-

1790 517 1886 581 lct,
1938 524 1993 573 et
2021 535 2181 588 quam
2213 534 2276 575 ea
2311 535 2413 574 vox
2445 521 2581 576 nihil
2612 524 2816 579 humile
2843 532 2899 579 et
2932 524 3211 594 indignum
3250 526 3364 583 Deo

1788 611 2033 679 tribuat;
2068 613 2164 667 sed
2188 628 2478 678 summam,
2511 624 2564 669 et
2586 614 2652 669 ad
2666 615 2846 669 vivum
2869 630 3182 685 expressam
3198 627 3364 673 natu-

1788 719 1862 758 rae
1891 704 2188 776 gloriaeque
2201 712 2440 776 paternae
2460 705 2873 762 similitudinem
2904 708 3062 763 nobis
3088 709 3362 779 designet.

1859 793 1988 849 Eam
2016 810 2181 866 porro
2206 810 2397 850 vocem
2428 811 2493 852 ex
2527 797 2705 850 medio
2734 795 2957 852 Graeiae
2988 815 3087 855 usu
3134 800 3360 856 desum-

1786 894 1956 957 ptam,
2001 888 2188 943 nescio
2220 888 2377 958 cujus
2411 888 2611 943 veteris
2640 889 2880 945 auctoris
2912 893 3182 945 sententia
3215 894 3358 963 apud

1789 977 2063 1033 Stobaeum
2108 988 2361 1045 testatur,
2424 981 2511 1035 cui
2561 995 2653 1034 rex
2712 980 2952 1054 ἔμψυχος
3001 982 3163 1036 εἰκὼν
3222 983 3358 1037 Θεοῦ

1786 1070 2010 1127 dicitur.
2056 1073 2132 1127 Ita
2173 1071 2453 1142 Longinus
2493 1073 2783 1128 notissimo
2826 1074 2919 1127 illo
2962 1074 3139 1144 elogio
3172 1074 3358 1129 Euna-

1784 1163 1858 1234 pii
1908 1181 1920 1215 ι
1968 1162 2292 1234 Βιϐλιοθήκη
2342 1163 2579 1234 ἔμψυχος
2625 1163 2718 1215 καὶ
2764 1163 3097 1231 περιπατοῦν
3144 1167 3359 1234 μουσεῖ-

1782 1269 1862 1306 ον.
1912 1251 1980 1305 Et
2040 1250 2330 1308 Marcellus
2398 1251 2618 1307 Arcadii
2683 1252 3029 1322 imperatoris
3074 1254 3354 1323 magister,

1786 1338 1969 1395 Suidte
2027 1340 2429 1411 lexicographo,
2492 1342 2676 1397 minus
2698 1341 2837 1397 forte
2888 1351 3043 1407 noto,
3092 1345 3189 1399 sed
3240 1361 3353 1400 non

1782 1432 1964 1488 minus
1990 1433 2222 1503 eleganti
2246 1434 2498 1488 encomio
2524 1452 2537 1488 :
2564 1432 2775 1505 Κόσμος
2798 1434 2998 1505 ἀρετῆς
3028 1435 3266 1505 ἁπάσης,
3295 1437 3357 1507 ἢ,

1782 1521 1841 1574 τό
1859 1538 1921 1591 γε
1943 1521 2379 1594 ἁρμονικὼτερον
2406 1525 2599 1590 εἰπεῖν,
2624 1524 2790 1595 ἀρετή
2821 1541 2905 1587 τις
2938 1523 3196 1594 ἔμψυχος·
3226 1524 3354 1579 0m-

1781 1614 1862 1667 nis
1893 1615 2100 1668 virtutis
2137 1625 2524 1679 ornamentum,
2559 1617 2635 1669 vel
2675 1616 2849 1683 potius
2889 1603 3004 1669 viva
3036 1627 3083 1669 et
3114 1617 3354 1671 animata

1779 1705 2019 1776 quietiam
2062 1708 2247 1761 virtus.
2300 1707 2519 1763 Graecas
2569 1709 2732 1763 hasce
2776 1708 3046 1763 sermonis
3098 1708 3353 1765 lauticias

166 1821 246 1868 ιιιιι,
280 1812 369 1869 sed
409 1814 625 1869 fanatici
685 1813 920 1869 hominis
972 1814 1163 1870 deum.
1220 1815 1497 1885 castigans
1536 1816 1676 1868 Αω-
1708 1820 1750 1879 Β
1780 1798 2012 1854 feliciter
2053 1808 2443 1870 expresserunt
2490 1800 2693 1855 Latini.
2739 1800 2880 1866 Quid
2914 1801 3058 1855 enim
3088 1801 3351 1868 spirantia

166 1909 297 1961 cius:
336 1926 352 1958 ι
394 1905 502 1975 Τιι,
544 1908 760 1978 inquit,
798 1906 891 1962 Dei
952 1907 1243 1977 imaginem
1296 1900 1471 1979 ἀζωΐᾳ
1523 1925 1672 1980 περι-

162 1997 347 2072 vitae,
383 2000 511 2066 sive,
564 1999 676 2053 vita
712 2000 827 2063 ipsa
869 1999 1102 2068 privans,
1142 2014 1316 2068 neque
1362 1996 1701 2064 Dominum,.

163 2105 298 2160 neque
348 2089 504 2145 Deum
544 2107 675 2147 esse
717 2092 1005 2159 concedis;
1041 2091 1135 2147 sed
1180 2089 1510 2145 immobilem
1539 2088 1674 2144 dun-

160 2191 274 2237 taxat
298 2183 588 2255 imaginem,
636 2185 798 2239 οἱονεὶ
825 2184 1028 2255 ἄψυχον
1060 2182 1154 2238 καὶ
1179 2180 1371 2245 dimov,
1400 2186 1461 2234 ut
1488 2178 1671 2234 anima

158 2277 331 2347 vitaque
357 2276 666 2333 destitutam
710 2297 723 2333 :
756 2276 989 2333 viventis
1036 2284 1215 2331 autem
1248 2273 1518 2329 viventem
1575 2270 1669 2327 Dei

160 2367 391 2439 imaginem
442 2384 561 2426 esse
619 2385 808 2441 negas.
858 2368 1003 2426 Idem
1062 2383 1281 2439 quoque
1331 2365 1669 2438 Epiphanius

159 2459 256 2513 liter.
286 2476 449 2527 L-xxn,
503 2471 702 2517 contra
752 2460 966 2517 Aetium
1028 2458 1418 2514 Anommorum
1466 2458 1671 2529 princi-

158 2566 266 2622 pem,
288 2550 459 2609 Filium
512 2570 577 2609 ex
632 2552 795 2609 Patre
838 2561 1025 2608 natum
1060 2550 1359 2613 contendit,
1395 2556 1455 2604 ut
1500 2547 1667 2604 Deum

158 2647 208 2700 de
232 2644 336 2708 Deo,
363 2647 534 2702 lumen
580 2647 659 2700 de
697 2644 925 2710 lumine,
963 2644 1225 2715 aequalem
1273 2657 1368 2711 per
1405 2641 1586 2695 omnia
1616 2649 1669 2694 et

160 2739 614 2795 consubstantialem
629 2737 811 2805 Patri;
836 2735 1015 2806 cujus,
1040 2735 1238 2805 inquit,
1262 2734 1442 2802 imago
1468 2740 1552 2787 est
1568 2733 1667 2785 οὐκ

158 2829 331 2899 ἄψυχος,
376 2831 503 2885 ἀλλὰ
542 2828 764 2900 Πατρὸς
813 2824 1293 2899 χαρακτηρίζουσα
1344 2824 1529 2891 γένος·
1564 2839 1665 2875 non

155 2936 296 2990 expers
314 2925 503 2988 animm,
538 2922 637 2978 sed
687 2928 964 2992 paternum
998 2935 1157 2991 genus
1203 2917 1515 2985 exprimens.
1540 2913 1666 2969 Haec

157 3012 445 3085 Epiphanius.
498 3015 696 3087 Neque
747 3012 1000 3069 dissentit
1048 3010 1341 3075 Eusebius,
1399 3010 1492 3080 qui
1538 3024 1662 3063 cum

158 3112 266 3165 libro
303 3127 334 3165 ιι
378 3112 669 3183 Theologia:
727 3108 911 3163 eccles.
961 3105 1113 3163 varia
1164 3102 1481 3175 protulisset
1522 3101 1661 3165 loca,

1772 1892 1945 1962 signa,
1974 1900 2029 1947 et
2061 1896 2321 1963 spirantia
2350 1893 2562 1947 mollius
2593 1911 2726 1957 wra,
2770 1902 2823 1947 et
2858 1892 3045 1947 vivide
3087 1911 3353 1950 marmore

1772 1984 1945 2039 vultus
2002 1985 2287 2040 Maronis?
2343 1985 2484 2052 Quid
2541 1984 2833 2056 Propertii,
2895 1984 3066 2038 vivida
3128 1997 3178 2041 et
3230 1991 3350 2042 ani-

1772 2093 1918 2131 mosa
1968 2078 2168 2148 signa?
2228 2075 2369 2143 Quid
2426 2077 2700 2131 Ammiani
2753 2077 3016 2146 spirantia
3077 2079 3349 2150 signorum

1771 2169 2041 2239 ﬁgmenta,
2084 2170 2188 2225 nisi
2244 2168 2497 2240 ἔμψυχαῖ
2548 2166 2655 2223 Sed
2706 2176 2924 2239 portum
2966 2170 3036 2227 de
3097 2170 3352 2241 proximo

1770 2263 2065 2333 prospicio,
2089 2276 2251 2333 quem
2289 2262 2505 2328 subibo,
2541 2262 2588 2316 si
2619 2276 2683 2317 es
2714 2262 2882 2318 variis
2912 2278 3034 2332 qua:
3058 2263 3161 2318 sub
3184 2262 3348 2320 ﬁnem

1771 2355 1933 2425 hujus
1959 2356 2205 2426 epistolae
2244 2356 2514 2425 interpres
2543 2361 2754 2424 peccat,
2784 2370 2952 2409 unum
2988 2354 3167 2410 adhuc
3191 2356 3348 2411 addi-

1769 2446 1919 2502 dero.
1939 2445 2263 2512 Alexander,
2283 2453 2345 2499 ut
2375 2445 2755 2500 haereticorum
2786 2445 3157 2501 curiositatem
3191 2446 3348 2503 freno

1769 2537 1967 2607 injecto
2006 2544 2338 2607 compescat,
2375 2536 2673 2591 ὑπόστασιν
2697 2535 2840 2600 Filii,
2890 2536 3006 2591 sive
3043 2537 3347 2593 exsistendi

1769 2632 2008 2697 modum,
2042 2637 2100 2685 ut
2129 2630 2264 2695 dixi,
2291 2629 2440 2703 πάσῃ
2473 2631 2539 2701 τῇ
2574 2631 2774 2700 γενητῇ
2813 2628 2974 2698 φύσει
3001 2629 3347 2700 impervesti-

1768 2721 1998 2792 gabilem
2026 2722 2252 2786 asserit;
2288 2734 2466 2791 neque
2484 2722 2584 2791 τὴν
2604 2719 2713 2773 τῶν
2736 2718 2971 2789 λογικῶν
3008 2720 3171 2788 φύσιν
3194 2736 3348 2776 com-

1769 2814 2105 2884 prehendere
2144 2830 2307 2885 posse
2362 2812 2639 2884 quomodo
2671 2810 2834 2865 Pater
2873 2813 3062 2883 genuit
3084 2811 3343 2870 Verbum.

1768 2908 1829 2963 In
1888 2917 2120 2977 utroque
2158 2908 2543 2963 ‘hallucinatur
2593 2921 2767 2961 novus
2814 2916 3001 2962 noster
3050 2906 3344 2977 interpres.

1766 2999 2008 3055 Primum
2056 3000 2272 3071 quidem
2302 2999 2450 3070 quod
2509 2998 2607 3070 τὴν
2639 2997 2872 3070 γενητὴν
2910 2998 3091 3067 φύσιν,
3124 2997 3204 3073 ode
3233 3013 3342 3068 qua

1763 3094 2022 3165 superius
2039 3092 2143 3163 egi,
2163 3102 2409 3145 naturam
2426 3091 2700 3145 mortalem
2723 3089 2977 3144 reddidit.
2993 3088 3180 3161 Neque
3199 3093 3341 3146 enim

157 3222 246 3274 quae
268 3205 419 3262 Patris
444 3206 791 3261 divinitatem
837 3201 1175 3274 gloriamque
1215 3195 1534 3268 praedicant,
1568 3194 1665 3249 ad-
1693 3185 1734 3242 C
1770 3194 1878 3240 tam
1913 3184 2163 3255 angustis
2212 3183 2477 3239 limitibus
2519 3191 2700 3237 creata
2752 3190 2948 3237 natura
2992 3183 3343 3237 circumscri-

160 3298 216 3351 dit
238 3298 421 3365 deinde,
446 3299 646 3354 horum
675 3294 921 3350 omnium
961 3290 1298 3362 unigenitum
1343 3287 1434 3342 Dei
1468 3286 1666 3340 Filium

162 3385 389 3457 imaginem
440 3385 796 3454 cogitandum
845 3398 967 3439 esse
998 3399 1012 3434 :
1048 3382 1160 3451 υύχ
1206 3380 1281 3443 ὡς
1306 3377 1497 3449 ἀψύχῳ
1544 3376 1667 3449 ὕλῃ,

259 3476 322 3540 ὡς
346 3479 399 3531 ὲν
428 3476 540 3550 Υἱῷ
569 3474 738 3543 ζῶντι
778 3470 1236 3544 μεμορφωμένην.
1266 3466 1389 3522 Non
1417 3476 1669 3536 tanquam

159 3569 197 3622 in
220 3573 406 3627 materia
432 3571 683 3633 inanimi,
717 3567 807 3623 sed
839 3576 897 3620 ut
937 3567 991 3620 in
1031 3561 1178 3618 Filio
1207 3563 1402 3617 vivente
1453 3574 1668 3629 expres-

159 3677 258 3716 sam.
293 3663 481 3729 Quibus
517 3662 708 3719 verbis
736 3658 950 3729 egregie
972 3656 1169 3726 duplex
1189 3650 1550 3722 illaimaginis
1582 3663 1671 3703 ra-

160 3754 214 3806 tio
229 3770 281 3809 ex
302 3755 596 3827 Epiphanio
625 3762 683 3809 et
711 3749 998 3806 D.Thoma
1029 3764 1058 3802 a
1088 3747 1247 3803 nobis
1267 3745 1546 3817 proposita
1574 3757 1671 3798 ex-

161 3848 338 3913 P‘icaltlt‘
362 3866 374 3901 :
395 3862 628 3919 quarum
656 3846 826 3900 altera
855 3842 1079 3913 ἄψυχος,
1111 3856 1179 3895 ex
1221 3839 1405 3893 Acacii
1430 3844 1484 3892 et
1509 3835 1671 3890 Euse-

159 3936 210 3989 bii
224 3941 396 4005 verbis,
423 3941 593 3996 altera
629 3936 781 4002 ζῶσα
811 3935 904 3989 καὶ
934 3932 1194 4004 ἔμψυχος,
1244 3947 1312 3986 ex
1366 3936 1614 3985 correcto
1637 3942 1668 3981 a

160 4032 277 4087 nobis
315 4033 603 4089 Alexandri
657 4033 778 4086 loco
829 4028 1013 4085 vocari
1058 4024 1279 4097 poterit.
1315 4022 1457 4090 Quin
1502 4022 1666 4101 etiam

158 4138 203 4177 ex
240 4127 337 4196 ipso
363 4126 599 4185 Eusebio
628 4125 771 4180 libro
800 4140 817 4178 I
853 4131 1043 4177 contra
1094 4117 1405 4172 Marcellum
1430 4114 1665 4184 Ancyra-

161 4230 264 4281 mt,
290 4218 370 4272 ubi
395 4215 837 4274 commemoratis
853 4213 974 4281 ejus
993 4209 1223 4272 deliriis,
1251 4223 1481 4279 quorum
1508 4204 1668 4260 modo

158 4310 463 4374 meminimus,
493 4309 772 4364 hominem
806 4304 960 4361 valde
990 4303 1243 4357 caecutire
1273 4300 1369 4363 ait,
1402 4313 1503 4354 nec
1532 4311 1667 4351 con-

158 4400 345 4455 Stderare
371 4422 384 4457 :
411 4404 486 4465 ὡς
504 4404 603 4457 καὶ
624 4403 652 4454 ὁ
684 4398 807 4462 Υἱὸς
835 4395 1056 4451 δύναται
1075 4392 1313 4464 ἔμψυχός
1348 4408 1478 4444 ποτε
1508 4389 1669 4443 εἰκὼν

160 4490 256 4547 ἰδίου
277 4494 470 4567 Πατρὸς
492 4493 749 4564 λεχθῆναι
787 4510 800 4545 :
835 4489 998 4543 Posse
1045 4488 1206 4541 etiam
1246 4483 1448 4538 Filium
1502 4483 1667 4537 vivam

158 4577 294 4636 Patris
307 4586 578 4655 imaginem
608 4581 733 4648 dici,
751 4596 867 4634 cum
890 4578 958 4632 sit
989 4575 1143 4629 Patri
1164 4591 1318 4643 quam
1338 4571 1665 4627 simillimus.

156 4670 289 4736 Quam
321 4677 401 4732 ille
429 4675 756 4733 sententiam
802 4672 973 4725 multo
1002 4669 1281 4739 copiosius
1312 4666 1548 4736 explicat
1572 4664 1665 4718 lib.

157 4769 359 4838 'Evang.
401 4773 719 4830 dentonstr.,
750 4763 926 4832 capite
964 4760 1019 4824 4,
1044 4758 1135 4814 ubi
1175 4756 1354 4824 docet,
1383 4755 1542 4811 sicuti
1582 4768 1669 4809 re-

153 4853 216 4923 gis
243 4856 504 4929 imaginem
541 4866 763 4930 propter
801 4857 977 4925 ipsum
1002 4867 1183 4922 regem
1220 4863 1563 4911 veneramur,
1593 4846 1669 4899 ita

156 4946 293 5001 etiam
319 4948 497 5007 Filium
539 4948 876 5021 unigenitum
918 4945 1132 5001 unicam
1174 4942 1268 4998 Dei
1312 4940 1490 4996 Patris
1529 4939 1669 4994 invi-

154 5039 301 5098 sibilis
342 5044 638 5117 imaginem,
678 5038 904 5097 Deitatis
950 5038 1155 5092 honore
1206 5030 1662 5106 prosequendum,

156 5141 323 5203 utpote,
345 5141 429 5207 qui
480 5145 678 5192 natura
716 5132 858 5188 Deus
889 5138 975 5187 est
1014 5131 1082 5186 de
1119 5128 1250 5192 Deo,
1284 5126 1378 5180 καὶ
1426 5124 1495 5178 δι’
1542 5121 1663 5176 ὅλου

161 5223 283 5292 ςὼζει
305 5229 389 5284 τοῦ
418 5231 580 5302 μόνον
616 5226 750 5283 Θεοῦ
778 5224 874 5296 τὴν
890 5223 1123 5295 ἔμψυχον
1154 5219 1246 5274 καὶ
1273 5217 1449 5282 ζῶσαν
1476 5211 1665 5285 V03?av

163 5319 320 5387 εἰκόνα,
356 5324 492 5387 κατὰ
535 5323 711 5377 πάντα
737 5318 816 5390 τῷ
854 5315 1029 5387 Πατρὶ
1062 5309 1554 5385 παρωμοιω¹μένηψ
1599 5303 1664 5357 Ει

167 5421 224 5474 ρετ
246 5416 404 5470 omnia
434 5414 531 5471 Dei
555 5414 734 5469 Patris
778 5413 1066 5467 animatum
1094 5416 1143 5461 et
1181 5406 1369 5468 vivam,
1399 5410 1447 5457 et
1471 5398 1666 5454 intelli-

170 5514 315 5565 Μέρη
345 5509 638 5578 imaginem,
678 5504 931 5574 Patrique
978 5503 1031 5555 in
1065 5496 1304 5553 omnibus
1336 5490 1665 5548 simillimam

172 5601 401 5658 “erant.
428 5601 657 5670 Videtis,
693 5602 749 5658 ni
781 5598 958 5664 fallor,
989 5592 1287 5678 auditores.
1324 5599 1487 5656 quam
1528 5582 1667 5639 bene

1771 3278 1966 3345 benda,
1993 3292 2114 3332 cum
2143 3284 2196 3332 et
2222 3276 2399 3347 angeli
2441 3275 2553 3329 sint
2589 3276 2806 3346 γενητοὶ
2835 3277 2949 3330 sive
2980 3275 3170 3341 creati,
3203 3291 3344 3346 quos

1769 3376 1950 3422 tamen
2013 3365 2271 3421 mortales
2322 3379 2448 3419 cum
2509 3363 2717 3418 saniori
2763 3364 3142 3436 theolOgorum
3188 3375 3343 3435 parte

1770 3458 2193 3528 haudquaquam
2232 3452 2641 3524 appellaverim.
2691 3450 2879 3522 Neque
2922 3456 3117 3511 melius
3163 3454 3219 3509 in
3255 3470 3343 3511 se-

1767 3550 1949 3607 cundo
2002 3548 2245 3603 membro
2274 3549 2308 3618 ἡ
2337 3545 2444 3600 τῶν
2485 3544 2719 3613 λογικῶν
2763 3544 2948 3615 φύσις.
2993 3553 3189 3600 natura
3238 3547 3344 3602 bu—

1770 3657 1930 3697 mana
1955 3641 2294 3710 rationisque
2328 3638 2599 3708 particeps
2621 3637 2947 3708 explicatur.
2979 3635 3095 3690 Nisi
3127 3638 3249 3707 quis
3280 3638 3340 3692 ἓν

1768 3734 1856 3789 διὰ
1883 3721 2029 3787 δυοῖν
2076 3733 2425 3802 interpretem
2473 3728 2748 3784 addidisse
2777 3728 3068 3782 existimet.
3100 3725 3242 3782 Sane
3270 3729 3339 3783 ad

1767 3835 2019 3880 naturam
2068 3823 2178 3878 τῶν
2225 3821 2460 3893 λογικῶν
2528 3822 2691 3877 etiam
2739 3820 2982 3892 angelos,
3028 3828 3083 3875 et
3117 3819 3339 3889 quidem

1770 3917 2044 3992 praecipuo
2072 3917 2196 3986 jure
2226 3915 2499 3986 pertinere
2557 3913 2683 3984 quis
2728 3912 2978 3968 dubitet?
3015 3912 3223 3978 Quibus
3256 3922 3339 3967 ta-

1770 4026 1891 4065 men
1930 4024 2082 4078 teque
2135 4021 2199 4062 ac
2239 4005 2566 4070 hominibus,
2612 4004 2807 4061 divinae
2842 4004 3210 4076 generationis
3250 4020 3341 4057 ar-

1769 4115 1965 4157 canum
2020 4099 2264 4170 ignotum
2290 4104 2345 4151 et
2394 4095 2670 4150 inelfabile
2712 4110 2854 4158 esse,
2904 4103 3136 4150 testatur
3172 4094 3337 4150 etiam

1768 4196 1885 4263 ipse
1947 4189 2253 4246 Alexander
2316 4189 2588 4258 superius.
2650 4184 2915 4257 Unigeniti
2974 4185 3338 4249 subsistentia,

1772 4285 1967 4354 inquit,
1997 4299 2101 4337 non
2130 4281 2303 4335 solum
2324 4278 2763 4350 evangelistarum
2790 4277 3086 4341 solertiam,
3108 4275 3197 4330 sed
3227 4276 3339 4345 for-

1771 4377 1931 4431 tassis
1986 4375 2147 4429 etiam
2202 4372 2509 4442 angelorum
2562 4370 2879 4424 intellectum
2932 4378 3165 4439 superat.
3230 4366 3338 4423 Sed

1771 4467 1913 4538 quod
1945 4477 2131 4522 noster
2162 4466 2217 4519 in
2243 4463 2409 4519 dubio
2445 4463 2752 4532 relinquere
2785 4460 3023 4523 videtur,
3069 4460 3121 4513 id
3150 4458 3333 4514 caeteri

1771 4560 1961 4615 Patres
2007 4558 2253 4615 disertim
2292 4567 2346 4612 et
2382 4563 2701 4611 constanter
2744 4552 3036 4606 afﬁrmant.
3074 4550 3139 4604 Et
3190 4566 3339 4605 nunc

1769 4654 1990 4725 quidem
2026 4668 2091 4707 ex
2126 4650 2334 4707 Graecis
2372 4663 2514 4703 unus
2542 4646 2673 4701 mihi
2719 4644 2984 4699 Eusebius
3023 4643 3338 4698 testimonio

1769 4745 2008 4802 dicundo
2052 4744 2217 4799 adsit.
2256 4743 2306 4799 Is
2342 4740 2481 4795 lib.t
2524 4738 2702 4795 Theol.
2737 4738 2888 4801 eecl.,
2927 4751 3047 4805 cap.
3082 4735 3169 4802 12,
3201 4733 3336 4789 Uni-

1770 4840 1937 4911 geniti
1978 4838 2383 4911 generationem
2412 4848 2521 4886 non
2556 4833 2718 4887 nobis
2768 4830 2944 4886 Sulllm
2995 4827 3336 4897 impervesti-

1767 4933 2004 5005 gabilem
2043 4931 2303 4993 afﬁrmat,
2333 4927 2469 4982 ἀλλὰ
2498 4927 2591 4981 καὶ
2634 4926 2833 4988 πάσαις
2873 4924 2991 4986 ταῖς
3035 4920 3336 4991 κρείττοσιν

1771 5027 1804 5098 ἦ
1832 5026 1951 5081 καθ’
1974 5027 2119 5098 ἡμᾶς
2135 5024 2416 5095 δυνάμεσι,
2442 5020 2533 5075 sed
2554 5020 2714 5073 etiam
2752 5018 2952 5070 cunctis
2980 5012 3333 5083 superioribus

1771 5118 2070 5172 virtutibus.
2102 5113 2339 5171 Accedat
2366 5129 2429 5168 ex
2464 5111 2672 5166 Latinis
2700 5107 3046 5171 Ambrosius,
3072 5106 3166 5161 lib.
3202 5120 3216 5159 ι
3257 5103 3334 5158 De

1771 5210 1895 5279 ﬁde,
1927 5225 2048 5279 cap.
2075 5210 2108 5263 5
2135 5228 2149 5263 :
2181 5205 2316 5261 Mihi
2364 5201 2683 5274 impossibile
2717 5210 2794 5255 est
2836 5196 3178 5269 generationis
3201 5193 3336 5249 scire

1771 5310 2043 5357 secretum.
2085 5299 2234 5354 Mens
2265 5298 2465 5368 deﬁcit,
2508 5310 2605 5350 vos:
2640 5293 2779 5348 silet.
2806 5307 2910 5345 non
2957 5304 3073 5341 mea
3106 5295 3334 5353 tantum,

1772 5393 1860 5449 sed
1887 5402 1935 5448 et
1956 5392 2279 5463 angelorum.

1842 5484 1944 5551 Qui
1984 5484 2137 5541 locus
2174 5490 2229 5538 et
2271 5496 2358 5537 me
2399 5485 2705 5550 Opportune
2735 5472 2934 5530 silentii
2965 5468 3240 5531 admonet,
3277 5473 3338 5521 ut

1772 5576 2005 5634 decurso
2032 5572 2434 5633 dissertationis
2458 5570 2634 5629 stadio
2669 5563 2917 5635 lampada
2947 5562 3069 5619 aliis
3097 5559 3332 5616 tradam.
