3906 6194
231 239 308 296 559

1578 230 1957 289 EPISTOLAE.

231 354 388 410 ἑαυτοῦ
419 354 686 427 μοχθηρᾶς
718 355 1086 428 προαιρέσεως
1120 350 1244 428 εὗρε
1273 353 1540 427 πρόφασιν
1559 369 1574 381 ·
1607 353 1657 406 oi
1689 352 1742 406 δέ

1850 359 1968 417 est;
2006 350 2094 406 isti
2125 364 2274 412 vero,
2315 349 2535 418 impiam
2571 349 2716 403 illius
2759 364 2825 404 ex
2857 348 3081 404 Christo
3128 344 3437 422 nundinaq‘

227 445 309 517 τὴν
362 449 552 502 ἐκείνου
598 449 1070 520 Χριστεμπορείαν
1113 449 1189 520 (5)
1232 447 1578 520 θεωροῦντες,
1611 448 1742 502 οὐκ·

227 542 299 594 ἐτι
333 541 409 610 ἧς
440 539 757 612 Ἐκκλησίας
793 541 1092 614 ὑποχείριοι
1140 541 1320 611 μένειν
1351 541 1739 614 ἐκαρτέρησαν⁸

227 631 320 684 ἀλλ’
339 633 531 695 ἑαυτοῖς
556 631 792 704 σπήλαια
820 633 1029 706 λῃστῶν
1069 634 1536 706 οἰκοδομήσαντες,
1591 632 1741 687 ἀδια-

223 721 414 784 λείπτως
450 724 508 776 ἐν
549 725 732 787 αὐτοῖς
785 724 1058 779 ποιοῦνται
1100 726 1377 789 συνόδους,
1429 723 1640 796 νύκτωρ
1681 740 1742 777 τε

219 813 294 866 καὶ
336 813 442 884 μεθ’
475 815 687 888 ἡμέραν
729 818 789 870 ἐν
838 820 956 882 ταῖς
989 818 1129 872 κατὰ
1170 819 1402 890 Χριστοῦ
1447 819 1542 872 καὶ
1586 817 1742 889 ήμῶν

215 905 450 970 διαϐολαῖς
493 908 836 979 ἀσκούμενοι.
897 911 960 963 Οἳ
1012 910 1191 982 πάσης
1235 910 1334 981 τῆς
1384 910 1742 981 ἀποστολικῆς

216 996 438 1060 εὐσεϐοῦς
478 998 637 1068 δόξης
681 998 1108 1072 κατηγοροῦντες
1125 1041 1140 1066 ν
1182 1001 1451 1072 Ἰουδαῖκῷ
1501 1001 1741 1072 προσχή“

216 1105 327 1157 ματι
365 1090 737 1161 Χριστομάχον
779 1091 1170 1163 συνεκρότησαν
1221 1093 1598 1163 ἐργαστήριον,
1643 1080 1742 1164 τήν

211 1179 410 1252 [θεότητα
468 1179 564 1234 τοῦ
605 1182 858 1254 Σωτῆρος
902 1184 1056 1254 ἡμῶν
1101 1183 1441 1256 ἀρνούμενοι,
1492 1185 1586 1238 καὶ
1631 1187 1742 1248 τοῖς

206 1272 350 1324 ιοᾶσιν
396 1273 510 1324 ίσον
547 1267 684 1325 εἶναι
727 1272 1109 1345 κηρύσσοντες.
1140 1276 1328 1329 Πᾶσάν
1360 1293 1419 1330 τε
1449 1275 1612 1328 αὑτοῦ
1645 1276 1742 1347 τῆς

206 1363 449 1435 σωτηρίου
518 1366 824 1437 οἰκονομίας
881 1369 975 1422 καὶ
1037 1369 1105 1424 δι’
1168 1371 1314 1441 ἡμᾶς
1369 1368 1740 1432 ταπεινώσεως

204 1454 364 1527 φωνήν
404 1457 770 1529 ἐκλεξάμενοι,
801 1458 1059 1524 ἐξαύτῶν
1090 1461 1423 1533 συναγείρειν
1449 1458 1740 1532 πειρῶνται

200 1550 288 1619 τῆς
315 1548 560 1612 ἀσεϐείας
595 1549 804 1604 ἑαυτῶν
832 1551 891 1604 τὸ
920 1555 1198 1623 κήρυγμα,
1231 1554 1328 1623 τῆς
1352 1551 1590 1624 ἀρχῆθεν
1627 1552 1742 1606 θεό-

1843 441 2044 496 tionem
2087 448 2390 502 cernentes,
2421 455 2529 493 non
2562 441 2793 510 amplius
2825 439 3081 496 Ecclesia:
3125 441 3433 521 subjaccrc_

1842 533 2168 599 voluerunt;
2205 531 2300 586 sed
2355 531 2628 600 speluncis
2683 531 2952 586 latronum
3008 531 3111 587 sibi
3151 541 3403 586 constru—

1841 623 1944 678 ctis
1966 663 1982 684 ,
2015 621 2134 678 sine
2184 620 2586 675 intermissione
2612 628 2914 676 conventus
2947 620 3005 675 in
3041 621 3148 676 illis
3193 634 3402 692 agunt,

1841 724 2005 770 noctu
2039 722 2200 783 atque
2227 711 2463 766 interdiu
2493 703 2794 768 calumnias
2835 714 3094 768 adversus
3125 713 3402 769 Christum

1839 811 1893 856 et
1922 802 2206 858 adversum
2251 815 2352 856 nos
2377 802 2870 857 comminiscentes.
2901 801 3002 868 Qui
3035 819 3157 856 cum
3189 818 3403 858 omnem

1841 893 1983 961 piam
2037 900 2090 946 et
2141 892 2493 962 apostolicam
2524 892 2824 946 doctrinam
2859 893 3140 956 incusent,
3173 891 3404 946 Judaico

1840 996 1991 1036 more
2035 981 2100 1035 ad
2151 980 2572 1052 impugnandum
2617 982 2891 1036 Christum
2935 983 3209 1037 ofﬁcinam
3244 984 3405 1039 insti-

1841 1081 2082 1136 tuerunt,
2112 1074 2419 1131 Servatoris
2442 1076 2612 1131 nostri
2635 1075 2889 1131 deitatem
2921 1060 3202 1148 negantes,
3229 1087 3283 1133 et
3316 1095 3405 1135 re-

1840 1165 2004 1234 liquis
2053 1166 2308 1222 omnibus
2359 1167 2619 1237 aequalem
2675 1185 2795 1222 eum
2853 1184 2972 1224 esse
3024 1170 3399 1240 prmdicantes.

1839 1255 2204 1325 Collectisque
2235 1258 2489 1312 omnibus
2523 1258 2657 1313 locis
2683 1259 2737 1312 in
2777 1261 2978 1329 quibus
3014 1277 3194 1316 sermo
3224 1272 3308 1320 est
3335 1266 3404 1318 de

1841 1346 2066 1401 salutari
2101 1348 2219 1416 ejus
2255 1349 2661 1419 dispensatione
2704 1359 2758 1404 et
2792 1351 2859 1406 de
2891 1352 3195 1421 abjectione
3226 1357 3401 1410 nostri

1839 1453 2006 1494 causa
2032 1440 2100 1495 ab
2125 1455 2190 1495 eo
2218 1451 2490 1511 suscepta,
2529 1442 2821 1512 impietatis
2850 1459 2962 1498 suae
2989 1443 3290 1499 doctrinam
3317 1463 3408 1502 eo~

1843 1545 1961 1583 rum
1986 1532 2309 1586 auctoritate
2355 1530 2675 1588 conﬁrmare
2715 1534 2995 1600 nituntur,
3043 1535 3161 1590 loca
3201 1536 3402 1607 quibus

197 1654 348 1708 τητος
393 1639 556 1693 αὐτοῦ
592 1641 686 1694 καὶ
728 1640 876 1712 παρά
909 1641 986 1712 τῷ
1013 1644 1184 1714 Πατρὶ
1216 1643 1370 1716 δόξης
1398 1623 1634 1698 νάλὲκτου
1661 1643 1738 1715 (6)

1846 1630 2041 1676 aeterna
2063 1623 2306 1691 ejusdem
2335 1623 2594 1679 divinitas
2621 1632 2674 1680 et
2697 1625 3098 1697 inexplicabilis
3128 1630 3270 1699 apud
3297 1628 3401 1684 Pa-

195 1730 309 1793 τοὺς
335 1731 524 1800 λόγους
557 1731 1038 1804 ἀποστρεφόμενοι.
1069 1733 1176 1804 Τὴν
1203 1733 1332 1801 γοῦν
1373 1733 1633 1807 Ἑλλήνων
1678 1751 1736 1786 τε

1846 1721 1972 1768 lrem
2005 1715 2176 1784 gloria
2207 1717 2494 1780 astruilur,
2522 1725 2856 1773 aversantes.
2891 1719 3024 1773 Cum
3070 1720 3237 1791 igitur
3267 1737 3402 1792 gen-

195 1823 279 1876 καὶ
321 1822 584 1878 Ἰουδαίων
623 1822 792 1894 ἀσεϐῆ
827 1824 955 1894 περὶ
995 1824 1228 1895 Χριστοῦ
1259 1825 1416 1890 δόξαν
1449 1826 1741 1897 κρατύνονο

192 1931 295 1978 τες,
322 1913 409 1967 τὸν
434 1916 563 1986 παρ’
597 1913 772 1968 αὐτῶν
804 1914 1022 1970 ἔπαινον
1061 1917 1135 1980 ὡς
1165 1916 1242 1970 ενι
1275 1917 1506 1988 μάλιστα
1534 1918 1741 1990 θηρῶν-

191 2024 272 2059 τιι
297 2024 310 2036 ο
351 2008 526 2060 πάντα
554 2006 652 2078 μὲν
683 2007 782 2060 ὅσα
815 2006 936 2060 καθ’
959 2007 1113 2079 ήμῶν
1149 2009 1278 2080 παρ’
1301 2010 1482 2073 αὐτοῖς
1519 2009 1738 2078 γελᾶται

192 2097 723 2168 πραγματευόμενοι*
765 2098 976 2160 στάσεις
1009 2097 1066 2151 δὲ
1091 2099 1221 2168 ἡμῖν
1246 2099 1365 2151 καθ’
1405 2099 1616 2170 ἡμέραν
1648 2101 1740 2154 καὶ

189 2189 450 2260 διωγμοὺς
495 2187 886 2261 ἐπεγείροντες.
926 2190 1035 2243 Καὶ
1068 2189 1225 2242 τοῦτο
1266 2190 1382 2260 μὲν,
1421 2190 1740 2263 δικαστήρια

190 2279 622 2353 συγκροτοῦντες,
660 2280 726 2334 δι’
770 2281 1017 2351 ἐντυχίας
1063 2283 1430 2354 γυναικαρίων
1488 2283 1564 2352 (7)
1611 2285 1740 2338 ἀτά-

184 2385 317 2422 κτων
353 2369 388 2422 ἃ
417 2370 734 2440 ἠπάτησαν
773 2369 931 2423 τοῦτο
963 2370 1040 2435 δὲ,
1071 2371 1159 2423 τὸν
1181 2370 1595 2443 Χριστιανισμὸν
1622 2373 1738 2426 δια-

183 2461 476 2534 σύροντες,
549 2464 612 2515 ἐκ
667 2461 760 2515 τοῦ
817 2464 1226 2535 περιτροχάζειν
1306 2467 1486 2519 πᾶσαν
1544 2466 1738 2534 ἀγυιὰν

182 2554 433 2624 ·ἁσὲμνως
471 2553 570 2618 τὰς
612 2555 743 2626 παρ’
777 2554 958 2618 αὐτοῖς
999 2556 1284 2625 νεωτέρας.
1331 2557 1487 2610 Ἀλλά
1518 2557 1608 2611 καὶ
1649 2557 1738 2611 τὸν

187 2646 454 2718 ἄρρηκτον
499 2645 592 2698 τοῦ
618 2645 849 2718 Χριστοῦ
895 2645 1121 2715 χιτῶνα,
1151 2647 1209 2699 ὃν
1241 2649 1290 2700 οί
1327 2647 1508 2718 δήμιοι
1549 2647 1738 2702 διελεῖν

183 2738 275 2790 οὔκ
313 2737 724 2803 ἐϐουλεύσαντο,
761 2737 913 2791 αὐτοὶ
951 2737 1130 2808 σχίσαι
1172 2738 1491 2811 ἐτόλμησαν.

238 3004 314 3055 Π.
366 3001 559 3073 Ἡμεῖς
611 3003 710 3075 μὲν
742 2999 855 3068 οῦν,
887 3003 921 3059 ἃ
945 3003 1134 3076 καὶτῷ
1177 3004 1276 3076 βίῳ
1324 3007 1501 3060 αὐτῶν
1538 3009 1631 3062 καὶ
1669 3011 1734 3081 τῇ

164 3093 377 3164 ἀνοσίῳ
421 3094 755 3165 ἐπιχειρήσει
805 3094 1026 3166 πρέπει,
1062 3094 1150 3148 διὰ
1173 3093 1232 3148 τὸ
1269 3094 1567 3160 λανθάνειν,
1605 3097 1733 3168 βρα-

167 3184 299 3246 δέως
363 3184 786 3254 ἐπιστήσαντες,
839 3183 1131 3254 παμψηφεὶ
1176 3184 1273 3256 τῆς
1332 3187 1739 3258 προσκυνούσης

171 3272 407 3342 Χριστοῦ
461 3273 564 3345 τὴν
602 3273 826 3344 θεότητα
900 3274 1222 3346 Ἐκκλησίας
1267 3275 1603 3348 ἐξηλάσαμεν
1640 3279 1735 3349 (8).

177 3365 579 3438 Ἐπεχείρησαν
608 3366 667 3419 δὲ
702 3367 1054 3439 περιδρομαῖς
1099 3369 1368 3440 χρώμενοι
1410 3371 1530 3424 καθ’
1563 3372 1736 3442 ήμῶν,

167 3457 564 3528 παρεκϐαίνειν
604 3458 738 3530 πρὸς
770 3460 895 3522 τοὺς
933 3459 1238 3530 ὁμόφρονας
1280 3461 1736 3534 συλλειτουργοὺς,

174 3551 415 3619 σχήματι
464 3549 563 3619 μὲν
602 3550 824 3622 εἰρήνης
860 3551 954 3604 καὶ
985 3550 1228 3616 ἐνώσεως
1258 3553 1479 3619 ἀξίωσιν
1517 3555 1742 3627 ὑποκρι-

173 3641 386 3708 νόμενοι
407 3659 421 3671 ’
460 3642 522 3696 τὸ
552 3642 609 3694 δέ
637 3642 862 3713 ἀληθὲς,
897 3646 1238 3714 συναρπάσαι
1271 3646 1422 3710 τινὰς
1454 3647 1630 3700 αὐτῶν
1663 3651 1742 3711 είς

169 3733 264 3800 τὴν
297 3732 441 3786 ἰδίαν
470 3734 621 3786 νόσον
647 3733 735 3786 διά
770 3735 1158 3806 χρηστολογίας
1198 3736 1582 3802 σπουδάζοντες
1602 3756 1615 3768 ·
1649 3740 1742 3793 καὶ

181 3821 580 3894 στωμυλὼτερα
611 3823 913 3893 γράμματα
957 3825 1086 3895 παρ’
1119 3823 1294 3877 αὐτῶν
1330 3824 1622 3890 αἰτοῦντες,
1657 3826 1743 3880 ἵνα

183 3913 752 3983 παραναγινώσκοντες
793 3915 932 3969 αὐτὰ
967 3918 1078 3979 τοῖς
1115 3917 1205 3969 ὑπ’
1238 3916 1415 3969 αὐτῶν
1455 3919 1744 3990 ἠπατημέ-

185 4020 305 4066 νοις,
333 4006 740 4076 ἀμετανοήτους
766 4007 850 4075 ἐφ’
880 4000 960 4070 οἷς
990 4006 1297 4078 ἐσφάλησαν
1327 4007 1744 4072 κατασκευάζω-

187 4109 279 4159 ειν,
313 4097 762 4170 ἐπιτριϐομένους
793 4099 871 4161 είς
909 4098 1178 4164 ἀσέϐειαν,
1209 4097 1284 4162 ώς
1324 4098 1390 4153 ἂν
1423 4100 1744 4172 συμψήφους

187 4187 353 4253 αὐτοῖς
374 4191 475 4242 καὶ
505 4190 813 4261 ὁμόφρονας
840 4189 1050 4261 ἔχοντες
1082 4191 1428 4255 ἐπισκόπους.
1467 4192 1575 4262 Ούχ
1602 4191 1743 4264 άπερ

189 4277 304 4341 γοῦν
343 4281 478 4351 παρ’
516 4283 652 4352 ἡμῖν
698 4281 946 4351 πονηρῶς
997 4279 1236 4346 ἐδίδαξάν
1285 4299 1343 4334 τε
1389 4282 1482 4335 καὶ
1525 4282 1746 4352 διεπρά-

1765 3055 1809 3116 C

1843 1804 2016 1859 tilium
2049 1821 2112 1861 ac
2137 1804 2445 1860 Judaaorum
2476 1807 2693 1877 impiam
2732 1808 2799 1864 de
2826 1809 3045 1865 Christo
3074 1813 3400 1867 sententiam

1840 1897 2182 1962 conﬁrment,
2213 1899 2424 1954 laudem
2461 1899 2530 1954 ab
2578 1900 2687 1958 illis
2731 1902 2877 1955 omni
2934 1911 3050 1957 arte
3078 1918 3143 1957 ac
3191 1906 3402 1960 ratione

1840 1997 2220 2058 aucupantur:
2253 2005 2317 2045 ea
2343 1990 2564 2060 quidem
2592 2007 2716 2062 quae
2742 1992 2819 2046 illi
2869 1993 2924 2048 in
2960 1995 3121 2051 nobis
3152 1995 3401 2064 deridere

1839 2081 2046 2143 solent,
2093 2081 2298 2149 omnia,
2335 2082 2737 2152 contingentes;
2799 2083 3095 2139 seditiones
3126 2092 3304 2140 autem
3335 2101 3400 2139 ac

1839 2171 2244 2240 persecutiones
2281 2171 2541 2228 adversus
2579 2187 2681 2228 nos
2705 2173 2946 2242 quotidie
2967 2175 3287 2229 excitantes.
3328 2173 3396 2228 Et

1839 2276 1984 2315 nunc
2039 2261 2254 2331 quidem
2303 2262 2368 2316 ad
2403 2263 2646 2332 judicum
2693 2265 2983 2320 tribunalia
3031 2281 3130 2320 nos
3179 2266 3401 2320 trahunt

1840 2367 1935 2422 per
1959 2351 2419 2422 interpellationes
2458 2355 2742 2411 mulierum
2771 2355 3114 2426 disciplinam
3145 2372 3255 2411 non
3281 2373 3399 2414 ser-

1839 2444 2104 2506 vantium,
2138 2458 2276 2512 quas
2325 2444 2429 2513 ipsi
2483 2443 2536 2498 in
2591 2461 2830 2501 errorem
2859 2446 3223 2513 induxerunt;
3255 2465 3400 2503 nunc

1837 2534 2160 2592 Christianae
2177 2537 2421 2606 religioni
2449 2537 2703 2607 probrum
2732 2548 2892 2608 atque
2910 2538 3186 2592 infamiam
3219 2556 3401 2609 asper-

1837 2636 1971 2699 gunt
1993 2669 2007 2694 ,
2051 2628 2178 2683 dum
2202 2629 2508 2698 juvenculaa
2538 2629 2779 2699 ipsorum
2810 2645 2904 2700 per
2950 2643 3140 2686 omnes
3168 2631 3316 2685 vicos
3347 2641 3400 2687 et

1837 2721 2072 2789 compita
2112 2721 2341 2790 turpiter
2392 2721 2843 2776 circumcursant.
2879 2719 2985 2776 Sed
3019 2729 3072 2776 et
3104 2721 3400 2777 indissolu-

1837 2811 1998 2866 bilem
2032 2811 2236 2866 Christi
2277 2812 2512 2866 tunicam
2538 2852 2554 2878 ,
2602 2827 2762 2883 quam
2791 2813 3074 2870 carniﬁces
3104 2814 3231 2869 olim
3262 2815 3400 2869 divi-

1838 2901 1966 2958 dere
1999 2904 2310 2968 noluerunt,
2346 2903 2435 2959 isti
2457 2904 2575 2960 ausi
2603 2912 2728 2959 sunt
2757 2904 3084 2960 discindere.

1910 2994 1973 3049 ll.
2013 2995 2092 3050 Ac
2125 3010 2225 3051 nos
2258 2995 2475 3064 quidem
2514 3011 2635 3071 cum
2667 3011 2728 3051 ea
2770 3011 2890 3067 qua:
2921 2997 3041 3050 vitae
3071 2996 3310 3066 ipsorum
3337 3011 3402 3052 ac

1839 3085 2062 3141 nefariis
2087 3085 2372 3140 conatibus
2413 3094 2760 3155 competunt,
2806 3086 2983 3141 serius
3014 3094 3232 3156 propter
3256 3087 3402 3156 ipso-

1837 3194 1957 3232 rum
1987 3178 2223 3233 latebras
2245 3176 2786 3247 deprehendissemus
2807 3216 2822 3242 ,
2859 3181 3132 3232 communi
3158 3181 3399 3232 omnium

1839 3266 2096 3338 suﬂragio
2125 3282 2193 3322 ex
2216 3274 2359 3321 coetu
2385 3266 2638 3322 Ecclesia:
2667 3283 2787 3338 quae
2825 3268 3027 3325 Christi
3061 3269 3401 3326 divinitatem

1839 3363 2048 3424 adorat,
2078 3376 2171 3417 eos
2208 3361 2488 3430 ejecimus.
2543 3359 2649 3430 lpsi
2692 3375 2821 3416 vero
2847 3371 3038 3416 contra
3073 3379 3175 3418 nos
3215 3366 3318 3419 huc
3347 3375 3402 3420 et

1839 3457 1967 3510 illuc
1989 3451 2380 3517 discurrentes,
2413 3453 2480 3508 ad
2518 3454 2752 3524 collegas
2795 3461 3016 3510 nostros
3042 3455 3183 3510 idem
3212 3458 3400 3512 nobis-

1841 3562 1962 3602 cum
1991 3546 2283 3602 sentientes
2310 3545 2580 3615 proﬁcisci
2633 3545 2985 3599 instituerunt
3010 3564 3023 3600 :
3069 3547 3250 3615 specie
3279 3548 3401 3616 qui-

1840 3638 1961 3692 dem
1993 3651 2178 3706 pacem
2208 3643 2262 3692 et
2294 3634 2641 3690 concordiam
2680 3642 2930 3705 expetere
2955 3652 3014 3690 se
3044 3636 3398 3703 simulantes;

1841 3741 1900 3781 re
1928 3728 2045 3796 ipsa
2075 3740 2203 3782 vero
2232 3724 2494 3795 quosdam
2525 3740 2711 3781 eorum
2738 3725 2949 3779 blandis
2974 3726 3318 3781 sermonibus
3344 3727 3399 3780 in

1841 3834 2082 3874 errorem
2113 3834 2270 3874 suum
2300 3817 2586 3872 traducere
2612 3825 2892 3873 conantes.
2929 3819 2971 3870 A
3001 3818 3200 3888 quibus
3232 3821 3397 3874 etiam

1842 3911 2181 3966 verbosiores
2213 3911 2470 3978 epistolas
2518 3908 2787 3980 ﬂagitant,
2826 3917 2884 3963 ut
2914 3925 3005 3965 eas
3035 3911 3274 3980 legentes
3302 3910 3402 3966 ho-

1844 4001 2082 4058 minibus
2114 4017 2253 4071 quos
2281 4001 2383 4071 ipsi
2407 4001 2734 4070 deceperunt
2756 4041 2770 4063 ,
2823 4016 2918 4056 eos
2965 4001 3313 4070 pertinaciter
3345 4002 3400 4056 in

1843 4111 2030 4152 errore
2064 4111 2408 4167 perseverare
2441 4097 2639 4150 faciant
2686 4097 2891 4165 absque
2931 4096 3041 4150 ullo
3071 4095 3402 4166 ptenitentiae

1845 4209 2008 4250 sensu
2042 4195 2096 4248 in
2150 4193 2422 4263 impietate
2459 4193 2774 4258 obduratos,
2805 4193 2963 4262 quasi
2998 4192 3092 4263 qui
3119 4192 3401 4262 episc0pos

1845 4285 1986 4340 idem
2015 4301 2197 4340 secum
2229 4285 2524 4340 sentientes
2542 4301 2605 4340 ac
2635 4285 2735 4339 sibi
2765 4283 3400 4354 suﬂ‘raganteshabeant.

187 4369 354 4436 ξαντο,
407 4371 767 4444 ὁμολογοῦσιν
829 4374 1029 4437 αὐτοῖς,
1079 4373 1143 4427 δι’
1182 4373 1218 4428 ἃ
1264 4375 1356 4428 καὶ
1396 4374 1738 4448 ἐξώσθησαν

1847 4376 1921 4430 Ea
1953 4392 2115 4448 porro
2158 4393 2278 4448 quae
2336 4377 2477 4446 apud
2527 4393 2627 4432 nos
2676 4390 2953 4447 perperam
3002 4374 3304 4430 docuerunt
3349 4381 3403 4428 et

247 4571 468 4640 (5)151?
487 4573 725 4627 ἐκείνου
747 4574 1262 4644 Χριστεμπορείαν.
1293 4575 1742 4639 Colluthus,'cum

185 4651 323 4696 esset
352 4645 646 4714 presbyter
672 4644 1042 4708 Alexandriae,
1079 4648 1390 4716 arrogantia
1436 4663 1498 4700 ac
1527 4649 1745 4703 temeri-

183 4718 285 4764 tate
307 4718 496 4788 elatus
521 4757 534 4778 ,
582 4730 702 4788 pro
729 4717 985 4786 episcopo
1017 4731 1076 4788 se
1119 4724 1392 4788 gesserat,
1438 4720 1745 4788 multosque

181 4783 536 4859 presbyteros
567 4783 1302 4859 ac‘diaconos'ordina‘verat.
1334 4785 1535 4859 Verum
1570 4789 1622 4859 in
1655 4783 1746 4859 sy.

175 4853 323 4928 nodo
352 4853 701 4909 Alexandria:
749 4864 1073 4928 congregata
1106 4866 1318 4928 cuncta;
1365 4857 1484 4924 ejus
1523 4853 1746 4912 ordina-

169 4925 360 4996 tiones
398 4933 586 4996 postea
628 4925 879 4996 rescissae
921 4932 1078 4991 sunt;
1121 4935 1175 4980 et
1211 4927 1521 4996 quicunque
1565 4928 1632 4982 ab
1681 4942 1746 4982 eo

166 4991 417 5044 ordinati
445 4993 679 5060 Inerant,
711 4995 766 5048 in
793 4995 1053 5050 laicorum
1078 4991 1320 5050 ordin'em
1353 4991 1480 5052 sunt
1502 4998 1706 5052 redacti
1728 5037 1742 5062 ,

166 5069 225 5112 ut
271 5069 519 5136 testatur
547 5065 880 5136 Athanasius
927 5069 980 5119 in
1008 5066 1339 5136 Apologetico
1382 5067 1607 5121 secundo
1650 5067 1748 5120 ad-

166 5148 354 5205 rerum
389 5133 646 5205 Ariartos.
677 5133 816 5188 Hinc
855 5143 1078 5205 apparet
1115 5133 1213 5189 cur
1235 5136 1535 5192 Alexander
1563 5137 1750 5191 Collu-

168 5204 324 5276 thum
351 5204 788 5276 Χριστέμπορον
820 5204 993 5265 voCet,
1017 5220 1082 5260 eo
1113 5206 1256 5275 quod
1289 5207 1494 5260 scilicet
1530 5208 1749 5260 ordina-

170 5274 350 5344 tiones
379 5273 771 5333 venderet.’et
794 5291 857 5330 ex
891 5273 1148 5328 manuum
1182 5276 1524 5344 impositione
1564 5291 1629 5330 ac
1661 5291 1749 5332 re-

169 5342 334 5412 l'aquis
369 5345 746 5414 sacramentis
777 5353 1044 5414 quaestum
1076 5342 1341 5414 captaret.

223 5414 281 5485 (6
287 5429 306 5481 )
325 5412 543 5485 Δόξης
557 5412 835 5468 Mutat).
867 5415 923 5468 In
937 5412 1320 5485 manuscripto
1331 5413 1516 5470 codice
1533 5413 1750 5485 Henrici

171 5481 355 5539 ὅστιίίί
375 5524 393 5546 .
439 5483 497 5536 in
530 5485 680 5554 regio
712 5485 902 5540 codice
922 5482 979 5554 δ,
1006 5483 1124 5538 Pini
1151 5523 1167 5550 ,
1197 5481 1251 5540 et
1289 5486 1344 5539 in
1375 5485 1612 5540 editione
1644 5484 1749 5539 Ba-

171 5555 380 5610 siliensi
421 5551 626 5627 legitur
638 5555 895 5627 ᾁλήκτου.
922 5551 1204 5627 Vulgatam
1223 5563 1402 5627 tamen
1420 5556 1748 5627 scripturam

171 5630 416 5695 tuentur
460 5625 674 5695 reliqui
709 5624 962 5689 codices,
1004 5624 1057 5680 et
1089 5624 1372 5695 Epiphanii
1425 5624 1749 5681 Scholastici

169 5692 595 5766 hnerpretatiol
644 5692 748 5751 Sed
774 5704 828 5754 et
859 5697 916 5752 in
941 5692 1492 5754 editione—Basiliensi
1523 5712 1621 5767 pro
1665 5697 1750 5754 his

1767 5803 1821 5822 ’διν

1841 4579 2023 4636 verbis
2054 4577 2202 4649 παρά
2222 4576 2300 4648 τῷ
2329 4577 2522 4649 Πατρί,
2562 4577 2760 4648 legitur
2786 4576 2936 4648 παρὰ
2955 4575 3059 4649 τοῦ
3073 4575 3306 4649 Πατρός.

1914 4650 1988 4720 (7)
2036 4648 2113 4702 Δι’
2140 4648 2418 4720 ἐντρχίας
2453 4647 2878 4720 γῳοαικαριων.
2909 4647 3215 4720 ᾼιιιριθοῑρὶ-
3239 4647 3406 4720 inter-

1843 4717 2545 4790 pretationemACamerarii,
2579 4719 2670 4788 qui
2701 4720 2791 4790 sic
2810 4718 3006 4790 vertit.
3034 4733 3126 4790 per
3149 4717 3403 4790 interpel-

1845 4785 2066 4843 lationes
2106 4787 2559 4849 muliercularum,
2597 4785 2712 4842 'etc.
2749 4787 2857 4841 Nec
2891 4787 3031 4841 male
3068 4785 3404 4855 Epiphanius

1847 4859 2222 4914 Scholasticus
2251 4858 2543 4912 additiones
2566 4859 2969 4927 interpretatur.
2992 4855 3402 4927 lntelligitenim

1847 4929 2060 4984 libellos
2114 4929 2521 4983 accusationum
2549 4967 2563 4988 ,
2597 4925 2734 4997 quos
2770 4928 3025 4997 mulieres
3077 4927 3145 4979 ab
3189 4925 3406 4997 Arianis

1849 4999 2161 5053 subornata:
2195 4998 2540 5068 porrigebant
2559 4995 2857 5068 ju‘dicibusk
2885 4996 3145 5050 adversus
3173 4995 3405 5068 Alexan-

1847 5069 2003 5121 drum
2049 5065 2369 5138 episc'opuni
2417 5065 2774 5138 Alexandriae.
2828 5065 2971 5138 Sane
3030 5065 3248 5138 ὲντυχία
3308 5080 3408 5138 pro

1847 5138 2031 5207 libello
2056 5132 2287 5207 supplici
2313 5136 2548 5207 sumitur
2583 5137 2653 5191 ab
2675 5132 3003 5207 Athanasio,
3030 5143 3090 5190 ut
3116 5132 3406 5202 observavi

1849 5208 1905 5262 in
1923 5205 2364 5260 adnotationibus
2394 5205 2737 5261 Eusebianis.

1919 5277 1972 5348 (8
1978 5290 1992 5344 )
2006 5275 2341 5348 Παμψηφεί.
2352 5316 2363 5327 .
2375 5315 2389 5348 .
2395 5274 2501 5343 τῆς
2515 5275 2894 5344 Ἐκκλησίας,
2913 5273 3311 5348 ἐξηλάσαμεν.

1849 5341 1936 5402 bis
1978 5341 2168 5401 'verbis
2215 5341 2524 5415 colligitur,
2583 5341 2732 5399 hanc
2775 5342 3058 5415 epistolam
3116 5341 3408 5415 Aleaandri

1849 5416 2107 5486 scriptam
2128 5430 2251 5470 esse
2281 5411 2402 5486 post
2429 5416 2692 5486 synodum
2725 5411 3146 5486 Alexandrinam
3175 5451 3188 5472 ,
3222 5411 3275 5465 in
3301 5427 3408 5480 qua

1850 5481 2138 5541 damnatus
2165 5481 2474 5540 erat’Arius'
2493 5500 2616 5539 cum
2647 5486 2830 5540 sociis.
2854 5481 2998 5536 Duas
3025 5490 3227 5552 autem,
3246 5496 3410 5552 syno-

1852 5557 1952 5611 dos
2005 5556 2382 5626 episcoporum
2415 5553 2634 5625 Egypti
2676 5553 2936 5609 adversus
2966 5551 3152 5626 Arium
3181 5551 3412 5626 ejusque

1853 5622 2279 5696 socios—collegit
2305 5622 2613 5696 Alexander
2634 5626 2922 5696 episc0pus
2954 5622 3296 5682 Alexandriae
3313 5659 3330 5686 ,
3353 5627 3414 5675 ut

1853 5696 1996 5752 infra
2026 5695 2276 5769 pluribus
2303 5695 2677 5764 ostendemus.
