3956 6198
275 305 370 358 ὖ5⁴1
1702 302 1854 358 ΕΡΙΒ

1961 303 2079 359 [ΑΞ.

3421 307 3524 363 558

284 435 437 489 γειν;
479 417 808 490 Ἀδιανόητον
837 416 943 488 γὰρ
973 417 1084 484 (20)
1115 419 1208 472 καὶ
1241 419 1419 490 πάσης
1456 419 1694 490 ἀμαθίας
1723 421 1854 474 ἀνά-

1961 430 2308 494 tempestates
2358 422 2620 486 condidit,
2678 423 2730 476 in
2783 422 2980 492 quibus
3026 421 3179 490 illud,
3236 438 3336 476 non
3389 430 3522 476 erat.

289 514 486 576 πλεων,
517 512 608 566 τὸν
648 513 818 567 αἴτιον
848 514 1137 583 γενόμενόν
1174 520 1337 580 τινος,
1379 517 1540 569 αὑτὸν
1570 509 1858 588 μεταγενέο

294 621 478 676 στερον
498 603 674 673 λέγειν
710 604 810 674 τῆς
850 605 1057 659 ἐκείνου
1084 607 1367 676 γενέσεως.
1399 609 1724 680 Προηγεῖται
1749 610 1856 682 γὰρ

291 699 410 751 κατ’
433 697 626 760 αὐτοὺς
654 696 754 766 τῆς
781 696 847 749 τὰ
875 697 972 750 ὃλα
1009 698 1445 773 δημιουργούσης
1483 701 1577 755 τοῦ
1603 702 1738 756 Θεοῦ
1770 721 1858 757 σο-

288 788 414 856 φίας
443 788 618 840 ἐκεῖνο
655 786 716 840 τὸ
742 786 1034 858 διάστημα,
1076 790 1134 844 ὲν
1173 783 1219 859 ᾧ
1247 808 1380 860 φασι
1425 792 1499 864 μὴ
1530 793 1855 864 γεγενῆσθαι

281 882 372 935 τὸν
399 882 528 935 Υίὺν
571 881 675 934 ὑπὸ
723 881 817 936 τοῦ
861 884 1092 956 Πατρός·
1135 885 1470 959 ψευδομένης
1511 891 1629 942 κατ’
1663 890 1856 954 αὐτοὺς

282 973 494 1044 καὶτῆς
514 974 893 1042 Πρωτότοκον
906 975 1066 1030 αὐτὸν
1089 972 1226 1032 εἶναι
1242 978 1445 1049 πάσης
1462 983 1710 1050 κτίσεως
1730 984 1855 1039 ἀνα-

282 1064 615 1139 γορευούσης
650 1065 890 1138 Γραφῆς.
941 1067 1212 1139 Σύμφωνα
1239 1071 1368 1140 γοῦν
1397 1072 1605 1138 τούτοις
1640 1073 1738 1146 βοᾷ
1765 1077 1857 1128 καὶ

280 1160 312 1214 δ
336 1159 846 1230 μεγαλοφωνότατος
867 1160 1096 1227 Παῦλος,
1129 1164 1352 1233 φάσκων
1382 1167 1510 1238 περὶ
1535 1166 1718 1220 αὑτοῦ·
1756 1169 1858 1220 Ὃν

279 1252 458 1322 ἔθηκε
494 1254 873 1324 κληρονόμον
913 1253 1172 1319 πάντων,
1197 1257 1274 1310 δι’
1299 1254 1372 1314 οὗ
1416 1260 1512 1314 καί
1551 1260 1693 1328 τοὺς
1725 1260 1856 1315 αἰῶ-

281 1363 392 1413 νας
444 1346 750 1416 ἐποίησεν.
815 1346 975 1402 Ἀλλά
1017 1348 1109 1400 καὶ
1158 1346 1227 1400 ἐν
1276 1348 1436 1415 αὐτῷ
1484 1351 1730 1421 ἐκτίσθη
1786 1352 1857 1407 τὰ

282 1438 499 1504 πάντα,
528 1437 601 1492 τὰ
637 1438 708 1492 ἐν
740 1437 864 1504 τοῖς
892 1437 1168 1507 οὐρανοῖς
1199 1440 1295 1493 καὶ
1338 1438 1409 1494 τὰ
1453 1441 1553 1495 ἐπὶ
1584 1441 1694 1511 τῆς
1722 1442 1853 1512 γῆς,

280 1530 353 1583 τὰ
379 1531 561 1598 δρατὰ
600 1529 699 1583 καὶ
730 1531 802 1585 τὰ
841 1530 1082 1599 ἀόρατα,
1125 1531 1244 1584 εἴτε
1290 1532 1499 1600 ἀρχαὶ,
1539 1533 1659 1588 εἴτε
1688 1534 1858 1600 ἐξου-

279 1623 430 1682 σίαι,
463 1620 582 1673 εἶτε
611 1622 986 1689 κυριότητες,
1017 1623 1136 1676 εἴτε
1170 1625 1389 1692 θρόνου
1418 1625 1615 1680 πάντα
1645 1626 1719 1680 δι’
1751 1630 1858 1682 αὑ-

280 1711 386 1765 τοῦ
427 1710 527 1765 καὶ
567 1713 654 1778 εἰς
681 1711 868 1766 αὐτὸν
911 1712 1197 1768 seruatae
1233 1715 1328 1769 καί
1363 1717 1545 1783 αὐτός
1581 1718 1712 1773 ἐστι
1741 1720 1852 1788 πρὸ

281 1817 542 1857 παντων.

352 1977 466 2034 VII.
511 1979 899 2053 Ἀσεσεστάτης
930 1979 1023 2036 οὖν
1049 1985 1308 2057 φανείσης
1344 1985 1441 2058 τῆς
1462 1985 1521 2053 ἐξ
1564 1987 1663 2041 οὐκ
1688 1986 1855 2042 ὄντων

274 2069 607 2137 ὑποθέσεως,
639 2071 849 2146 ἀνάγκη
888 2073 980 2128 τὸν
1026 2075 1244 2148 Πατέρα
1281 2077 1368 2130 ἀεὶ
1409 2073 1548 2131 εἶναι
1599 2079 1818 2152 Πατέρα
1838 2099 1852 2112 ο

274 2159 396 2214 ἐστι
423 2160 479 2215 δὲ
504 2161 692 2234 Πατὴρ
723 2163 810 2217 ἀεὶ
842 2164 1106 2236 παρόντος
1130 2165 1225 2219 τοῦ
1259 2164 1414 2232 Υἱοῦ,
1445 2167 1512 2221 δι’
1545 2167 1603 2221 ὃν
1642 2187 1856 2242 χρημα-

274 2251 419 2318 τίζει
453 2255 641 2327 Πατήρ
669 2256 803 2329 (21).
847 2258 956 2312 Ἀεὶ
993 2259 1052 2312 δὲ
1101 2260 1366 2332 παρόντος
1403 2260 1550 2331 αὐτῷ
1582 2262 1674 2316 τοῦ
1699 2263 1854 2329 Υἱοῦ,

273 2346 366 2398 ἀεί
406 2347 600 2399 ἔστινὸ
650 2348 842 2420 Πατὴρ
880 2348 1104 2414 τέλειος,
1143 2351 1430 2424 ἀνελλιπὴς
1467 2355 1748 2425 τυγχάνων
1796 2359 1856 2410 ὲν

271 2436 354 2508 τῷ
392 2436 539 2507 καλῷ
556 2454 570 2467 ο
605 2437 667 2490 ού
697 2439 980 2510 χρονικῶς,
1009 2440 1129 2494 οὐδὲ
1155 2443 1220 2495 ὲκ
1246 2442 1628 2516 διαστήματος,
1649 2445 1770 2502 οὐδὲ
1796 2447 1856 2512 ἐξ

269 2529 380 2581 οὐκ
421 2528 586 2583 ὄντων
629 2530 894 2601 γεννήσας
941 2532 1033 2586 τὸν
1084 2535 1342 2607 μονογενῆ
1377 2536 1524 2591 Υἱόν.
1555 2537 1621 2590 Τί
1665 2537 1721 2592 δὲ
1756 2539 1856 2594 οὐκ

271 2618 493 2673 ἀνόσιον
533 2619 596 2673 τὸ
636 2620 848 2690 λέγειν,
897 2622 1029 2675 ποτὲ
1076 2623 1149 2694 μὴ
1193 2620 1332 2680 εἶναι
1378 2626 1475 2699 τὴν
1531 2629 1730 2698 Σοφίαν
1760 2630 1854 2684 τοῦ

271 2711 435 2776 Θεοῦ,
465 2712 562 2784 τὴν
604 2711 888 2782 λέγουσαν·
935 2715 1084 2786 Ἐγὼ
1122 2715 1284 2784 ἥμην
1314 2721 1449 2787 παρ’
1485 2720 1645 2788 αὐτῷ
1679 2723 1857 2792 ἁρμό-

267 2801 480 2871 ζουσα,
525 2804 640 2874 ἐγὼ
685 2805 847 2876 ἤμην
873 2800 914 2878 ᾖ
945 2805 1344 2877 προσέχαιρεν
1365 2827 1377 2840 ·
1415 2810 1448 2882 ἢ
1497 2812 1596 2884 τὴν
1631 2813 1856 2885 δύναμιν

265 2897 372 2952 τοῦ
421 2897 555 2958 Θεοῦ
611 2899 685 2970 μὴ
735 2899 997 2972 ὑπάρχειν
1043 2902 1199 2954 ποτέ·
1241 2901 1273 2972 ἢ
1332 2901 1421 2957 τὸν
1471 2904 1644 2973 Λόγον
1692 2906 1855 2961 αὐτοῦ

268 2991 720 3063 ὴκρωτηριᾶσθαι
749 2992 880 3047 ποτέ
898 3010 910 3023 ’
951 2993 985 3065 ἢ
1009 2993 1076 3047 τά
1109 2993 1241 3049 ἄλλα
1266 2992 1325 3059 ἐξ
1347 2989 1420 3049 ὧν
1443 2998 1472 3049 ὁ
1505 2997 1630 3063 Υἱὸς
1657 3000 1856 3072 γνωρί-

269 3086 450 3149 ζεται,
490 3085 588 3139 καὶ
620 3087 650 3184 δ
685 3084 879 3184 Πατὴρ
919 3086 1412 3184 χαρακτηρίζεταη
1437 3089 1510 3142 Τὸ
1534 3091 1641 3164 γὰρ
1674 3092 1854 3149 ἀπαύ-
1882 3123 1929 3184 c

268 3193 467 3247 γασμα
490 3178 588 3248 τῆς
617 3177 776 3250 δόξης
819 3179 892 3250 μὴ
925 3175 1062 3234 εἶναι
1100 3180 1298 3250 λέγειν,
1327 3187 1638 3254 συναναιρεῖ
1662 3186 1756 3240 καὶ
1792 3185 1852 3239 τὸ

271 3267 631 3340 πραπότυπον
669 3270 804 3340 φῶς,
845 3265 906 3326 οὗ
944 3273 1090 3326 ἐστιν
1112 3273 1473 3346 ἀπαύγασμα.
1502 3277 1566 3330 El
1605 3277 1661 3330 δὲ
1695 3280 1788 3333 καὶ
1818 3282 1851 3351 ὴ

270 3359 442 3414 εἰκὼν
466 3361 562 3414 τοῦ
602 3361 735 3415 Θεοῦ
767 3361 866 3414 οὐκ
898 3357 966 3434 ἦν
1007 3364 1112 3431 ἀεὶ,
1141 3365 1300 3437 δῆλον
1337 3368 1421 3421 ὅτι
1451 3369 1558 3422 οὐδ’
1597 3365 1658 3424 οὗ
1707 3371 1852 3425 ἐστιν

271 3453 462 3518 εἰκὼν,
482 3453 630 3508 ἔστιν
652 3455 758 3508 ἀεί.
798 3454 958 3514 Ἀλλά
976 3457 1071 3511 καὶ
1093 3456 1171 3530 τῷ
1201 3459 1275 3531 μὴ
1299 3457 1433 3515 εἶναι
1479 3463 1570 3516 τὸν
1598 3465 1695 3534 τῆς
1724 3465 1854 3518 ύπο-

273 3547 521 3612 στάσεως
559 3545 653 3600 τοῦ
691 3546 824 3600 Θεοῦ
857 3549 1198 3622 χαρακτῆρα,
1232 3557 1633 3627 συναναιρεῖται
1661 3559 1851 3610 κακεῖ-

269 3652 387 3700 νος,
411 3638 442 3690 ὁ
479 3637 694 3701 πάντως
720 3639 848 3710 παρτ
886 3637 1049 3693 αὑτοῦ
1083 3638 1632 3716 χαρακτηριζόμενος-
1678 3647 1766 3713 Ἐξ
1786 3642 1852 3720 ἧς

269 3727 426 3782 ἔστιν
453 3727 581 3781 ἰδεῖν
607 3727 703 3801 τὴν
737 3729 956 3802 υἱότητα
981 3732 1075 3785 τοῦ
1119 3735 1369 3807 Σωτῆρος
1397 3735 1576 3806 ἡμῶν,
1603 3737 1854 3809 οὐδεμίαν

268 3817 509 3887 ἔχουσαν
536 3818 816 3873 κοινωνίαν
845 3820 981 3905 πρὸς
998 3821 1097 3893 τὴν
1129 3823 1237 3879 τῶν
1263 3823 1464 3879 λοιπῶν
1494 3826 1733 3898 υἰότητα.
1759 3831 1854 3883 Ὃν

267 3910 479 3981 τρόπον
505 3909 614 3982 γὰρ
648 3912 681 3982 ἡ
720 3913 956 3984 ἄρῤητος
997 3914 1160 3968 αὐτοῦ
1193 3915 1503 3984 ὑπόστασις,
1540 3919 1854 3993 ἀσυγκρίτῳ

269 4002 522 4075 νἒπεροχῇ
566 4003 776 4076 ἐδείχθη
824 4005 1189 4080 ὑπερκειμένη
1225 4008 1439 4064 πάντων
1489 4006 1569 4075 οἷς
1602 4012 1766 4074 αὐτὸς
1795 4013 1854 4067 τὸ

271 4092 418 4150 εἶναι
442 4095 753 4169 ἐχαρίσατο,
781 4096 954 4163 οὕτως
987 4101 1080 4153 καὶ
1099 4103 1132 4170 ἡ
1165 4102 1347 4174 υἱότης
1379 4103 1543 4156 αὐτοῦ
1580 4103 1723 4158 κατά
1750 4105 1832 4174 φύ-

269 4201 360 4241 σιν
381 4185 724 4257 τυγχάνουσα
742 4187 841 4258 τῆς
873 4189 1142 4265 πατρικῆς
1173 4189 1442 4262 θεότητος,
1461 4192 1670 4265 ἀλέκτῳ
1689 4195 1790 4248 ὑπε
1798 4212 1857 4268 ρ-

270 4283 377 4351 οχῇ
433 4280 681 4351 διαφέρει
725 4279 831 4335 τῶν
882 4280 949 4335 δι’
997 4282 1164 4336 αὐτοῦ
1212 4282 1357 4337 θέσει
1417 4285 1850 4357 υἱοθετηθὲντων.

283 4374 346 4426 Ὁ
383 4371 482 4443 μὲν
509 4370 620 4443 γὰρ
660 4371 931 4442 ἀτρέπτου
981 4373 1194 4444 φύσεως
1221 4378 1508 4446 τυγχάνει,
1540 4377 1742 4443 τέλειος
1779 4378 1855 4432 ὢν

1959 514 2247 570 confusum
2285 522 2390 577 est,
2431 518 2607 584 ipsum
2655 514 2948 584 aliquando
2982 529 3092 568 non
3134 514 3413 569 exstitisse
3442 513 3528 566 di-

1960 609 2120 673 cere?
2166 605 2260 664 Est
2289 608 2434 662 enim
2481 607 2720 661 alienum
2757 622 2786 660 a
2809 623 2972 662 sensu
3017 608 3274 676 omnique
3303 608 3524 676 plenum

1959 701 2195 766 inscitia,
2221 716 2344 755 eum
2383 699 2474 770 qui
2517 698 2752 766 alicujus
2782 699 2856 752 rei
2887 706 3078 752 auctor
3121 699 3213 762 sit,
3247 699 3434 754 eadem
3465 713 3527 754 re

1961 794 2317 864 posteriorem
2351 791 2640 846 allirmarc.
2679 789 2888 858 Quippe
2932 788 3086 858 juxta
3135 789 3351 843 illorum
3394 805 3523 844 scn-

1959 886 2208 950 tentiam,
2249 886 2482 956 spatium
2519 883 2782 954 temporis
2810 897 2918 952 quo
2973 882 3159 936 dicunt
3201 879 3397 936 Filium
3428 879 3525 936 Dei

1958 992 2068 1032 non
2097 980 2373 1032 exstitisse
2417 992 2482 1032 ex
2532 974 2714 1039 Patre,
2755 974 3036 1044 praecessit
3068 973 3388 1042 sapientiam
3429 971 3523 1027 Dei

1958 1068 2200 1124 omnium
2242 1083 2425 1123 rerum
2475 1067 2873 1122 conditricem:
2906 1065 3272 1134 mentiturque
3321 1078 3521 1118 secun¢

1958 1161 2086 1215 dum
2113 1175 2208 1215 eos
2240 1157 2544 1228 Scriptura.
2570 1172 2690 1226 quae
2729 1155 3139 1226 Primogenitum
3167 1153 3336 1207 omnis
3369 1157 3522 1207 crea‘

1960 1263 2093 1306 tura:
2122 1252 2274 1306 illum
2315 1260 2472 1305 vocat
2498 1251 2560 1304 ¹².
2607 1247 2816 1315 Quibus
2845 1263 3086 1304 consona
3131 1256 3403 1317 suntquae
3434 1263 3522 1303 vo-

1958 1341 2275 1400 calissimus,
2317 1339 2517 1395 Paulus
2545 1338 2612 1395 de
2660 1339 2752 1394 illo
2782 1337 3065 1409 praedicat,
3113 1338 3186 1392 ita
3219 1338 3408 1395 dicens
3436 1340 3517 1394 ¹³;

1960 1433 2123 1500 Quem
2146 1434 2416 1488 constituit
2443 1431 2696 1487 luet-edem
2726 1433 3085 1485 universarum
3112 1447 3131 1484 :
3150 1445 3240 1499 per
3269 1449 3417 1502 quem
3441 1432 3520 1502 fe-

1959 1525 2027 1578 cit
2059 1534 2108 1578 et
2140 1523 2357 1579 uacula.
2391 1523 2496 1578 Sed
2525 1531 2580 1579 et
2604 1523 2648 1554 “‘
2677 1523 2731 1576 in
2758 1523 2868 1592 ipso
2899 1521 3109 1576 condita
3138 1531 3260 1576 sunt
3281 1524 3522 1578 universa

1959 1616 2014 1669 in
2039 1617 2184 1671 caelis
2209 1625 2258 1670 et
2291 1616 2348 1668 in
2383 1624 2546 1680 terra,
2584 1612 2812 1668 visibilia
2833 1622 2882 1667 et
2920 1612 3224 1678 invisibilia,
3249 1615 3354 1669 sive
3377 1617 3524 1684 prin-

1959 1707 2202 1777 cipatus,
2259 1708 2365 1761 sive
2421 1715 2734 1776 potestates,
2788 1705 2893 1759 sive
2944 1705 3361 1771 dominationes,
3420 1707 3525 1762 sive

1886 1782 1928 1836 Β
1960 1795 2174 1851 throni:
2203 1799 2380 1852 omnia
2420 1813 2510 1866 per
2554 1797 2721 1864 ipsum
2769 1805 2946 1850 creata
2997 1806 3160 1850 sunt:
3208 1806 3258 1850 et
3301 1798 3408 1866 ipse
3446 1806 3524 1851 est

1959 1899 2080 1944 ante
2103 1891 2302 1944 omnia.

2027 1981 2140 2038 νιι.
2164 1981 2399 2038 Proinde
2427 1997 2550 2037 cum
2582 1982 2651 2036 ab
2679 1981 2827 2036 omni
2876 1980 3075 2051 pietate
3133 1977 3522 2034 alienissimam

1957 2091 2082 2133 esse
2101 2084 2361 2148 appareat
2393 2075 2718 2131 sententiam
2748 2074 2894 2126 illam
2917 2072 2983 2126 de
3012 2086 3122 2126 non
3155 2071 3520 2134 exstantibus,

1959 2166 2270 2222 necessario
2292 2167 2582 2222 dicendum
2613 2174 2717 2231 est,
2753 2163 2967 2218 Patrem
3007 2178 3223 2234 semper
3270 2177 3394 2218 esse
3422 2160 3522 2215 Pa-

1957 2267 2117 2320 trem.
2168 2257 2327 2314 Pater
2375 2268 2557 2313 autem
2596 2265 2700 2321 est,
2732 2261 2999 2327 praesente
3027 2270 3240 2324 semper
3264 2251 3420 2319 Filio,
3453 2254 3523 2309 ob

1957 2366 2119 2423 quem
2152 2351 2356 2407 dicitur
2381 2349 2560 2406 Pater.
2605 2349 2875 2416 Quocirca
2909 2363 3034 2402 cum
3068 2363 3281 2418 semper
3309 2349 3359 2402 ei
3388 2363 3521 2417 prae-

1959 2460 2086 2501 sens
2116 2444 2188 2500 sit
2211 2442 2407 2509 Filius,
2436 2458 2649 2515 semper
2679 2453 2763 2498 est
2782 2441 3057 2513 perfectus
3085 2437 3267 2505 Pater,
3294 2441 3440 2495 nulla
3463 2457 3522 2495 re

1957 2538 2251 2596 destitutus
2280 2539 2336 2593 in
2355 2539 2497 2594 bono
2516 2557 2528 2592 :
2544 2537 2636 2608 qui
2653 2553 2764 2592 non
2783 2537 2836 2590 in
2859 2544 3120 2605 tempore,
3151 2550 3330 2604 neque
3351 2550 3414 2590 ex
3435 2535 3488 2589 in
3505 2564 3520 2575 -

1957 2633 2437 2704 tervallo,nequee
2461 2647 2570 2686 non
2593 2630 2958 2692 exstantibus,
2978 2629 3195 2683 unicum
3215 2626 3408 2681 Filium
3433 2643 3511 2698 ge-

1957 2723 2097 2778 nuit.
2112 2723 2397 2789 Quomodo
2423 2731 2603 2776 autem
2624 2720 2846 2792 impium
2866 2735 2973 2774 non
2991 2718 3274 2784 sitdicere,
3293 2718 3520 2788 Sapien-

1958 2816 2088 2870 tiam
2103 2813 2200 2870 Dci
2231 2813 2524 2884 ali-quando
2548 2828 2657 2868 non
2679 2813 3101 2882 exstitisse,qu.'e
3117 2811 3184 2866 de
3218 2826 3276 2866 se
3305 2811 3420 2881 ipsa
3447 2811 3524 2866 ita

1958 2904 2258 2976 loquitur”
2280 2923 2295 2961 :
2314 2903 2425 2974 Ego
2443 2921 2588 2958 eram
2610 2905 2750 2974 apud
2769 2905 2940 2974 ipsum
2969 2913 3157 2957 cuncta
3177 2919 3485 2972 componens
3502 2918 3523 2958 :

1957 3012 2049 3067 ego
2087 3011 2235 3050 eram
2277 2996 2363 3049 cui
2413 2994 2786 3066 adgaudebat?
2854 3001 2945 3048 aut
2992 2994 3246 3050 virtutem
3282 2991 3377 3048 Dei
3427 2993 3527 3047 ali-

1958 3087 2177 3159 quando
2203 3102 2311 3142 non
2336 3087 2615 3143 exstitisse
2647 3104 2660 3140 :
2693 3092 2787 3139 aut
2814 3083 3050 3140 Verbum
3081 3084 3200 3154 ejus
3233 3083 3526 3154 aliquando

1961 3181 2132 3237 fuisse
2159 3181 2469 3236 mutilatum
2508 3198 2522 3234 :
2548 3187 2640 3232 aut
2678 3178 2782 3232 alia
2819 3177 3144 3248 quandoque
3171 3175 3434 3241 defuisse,
3458 3192 3526 3232 ex

1961 3273 2160 3344 quibus
2200 3271 2373 3328 Filius
2407 3270 2754 3342 cognoscitur
2784 3279 2837 3325 et
2889 3268 3050 3324 Pater
3093 3268 3446 3340 designatur?
3476 3265 3526 3322 ls

1959 3365 2104 3423 enim
2135 3366 2228 3436 qui
2259 3370 2421 3435 negat
2463 3361 2810 3434 splendorem
2838 3362 3023 3432 gloria:
3047 3361 3331 3427 exsistere,
3363 3360 3528 3416 simul

1959 3457 2102 3513 tollit
2137 3457 2474 3529 primitivum
2511 3457 2692 3510 lumen
2737 3454 2897 3524 cujus
2942 3461 3028 3509 est
3075 3453 3350 3524 splendor.
3384 3451 3450 3506 Et
3479 3452 3527 3508 si

1959 3551 2138 3622 imago
2163 3550 2258 3605 Dei
2282 3565 2506 3620 semper
2533 3563 2644 3603 non
2667 3547 2790 3612 fuit,
2810 3563 2909 3602 nec
2933 3547 3084 3600 illum
3113 3561 3328 3616 semper
3356 3544 3529 3602 fuisse

1961 3643 2132 3713 liquet
2171 3643 2330 3713 cujus
2374 3643 2553 3714 imago
2585 3649 2690 3698 est.
2732 3639 2975 3710 Denique
3017 3639 3265 3711 negando
3299 3638 3526 3710 ﬁguram

1961 3735 2280 3790 substantia:
2331 3734 2426 3790 Dei
2464 3749 2676 3804 semper
2726 3727 3127 3799 fuisse,‘simul
3181 3731 3390 3785 tollitur
3438 3731 3528 3784 ille

1961 3827 2053 3896 qui
2093 3826 2332 3898 perfecte
2365 3827 2434 3881 ab
2479 3840 2542 3881 co
2575 3825 2920 3895 exprimitur.
2953 3825 3029 3878 Ex
3069 3839 3178 3896 quo
3222 3825 3346 3879 licet
3375 3839 3527 3894 pers-

1962 3920 2168 3991 picere,
2203 3918 2515 3974 ﬁliationem
2549 3916 2854 3973 Servatoris
2888 3919 3064 3972 nostri
3119 3916 3257 3971 nihil
3303 3931 3526 3986 prorsus

1961 4011 2162 4066 habere
2187 4025 2477 4066 commune
2504 4024 2629 4063 cum
2673 4010 3008 4080 reliquorum
3062 4007 3340 4063 ﬁliatione.
3392 4006 3525 4062 Nam

1960 4103 2418 4176 quemadmodum
2491 4103 2923 4173 inexplicabilem
2977 4102 3097 4173 ejus
3165 4102 3526 4157 substantiam
3634 4101 3644 4111 '

1963 4194 2375 4266 incomparabili
2425 4194 2748 4249 excellentia
2806 4201 3068 4264 praestare
3115 4200 3392 4248 ostensum
3444 4200 3529 4248 eSt

1961 4287 2188 4358 reliquis
2218 4287 2474 4341 omnibus
2509 4285 2711 4355 quibus
2739 4286 2829 4341 ille
2857 4285 3151 4342 essentiam
3193 4284 3413 4350 tribuit;
3447 4283 3528 4339 sic

1961 4391 2016 4439 et
2052 4382 2175 4452 ejus
2211 4382 2421 4446 llliatio,
2454 4396 2576 4451 qua:
2598 4381 2756 4452 juxta
2788 4387 3040 4434 naturam
3070 4385 3155 4434 est
3183 4387 3421 4449 paterna:
3447 4377 3530 4432 di-

270 4466 377 4521 καὶ
406 4465 496 4520 διὰ
529 4466 746 4521 πάντων
770 4467 1022 4540 ἀνενδεὴς
1045 4485 1059 4499 ο
1094 4469 1142 4521 οἱ
1170 4469 1246 4534 δὲ,
1281 4473 1345 4542 τῇ
1370 4472 1451 4534 είς
1480 4468 1715 4544 ἑκάτερα
1733 4490 1854 4545 τρο-

1961 4473 2224 4538 vinitatis,
2251 4471 2510 4527 ineliabili
2539 4471 2775 4542 quadam
2800 4472 3118 4542 praestantia
3147 4480 3370 4540 superat
3391 4471 3530 4526 tilia-

271 4560 355 4628 πῇ
388 4556 754 4628 ὑποκείμενοι,
785 4557 884 4627 τῆς
936 4558 1086 4630 παρά
1119 4559 1308 4613 τούτου
1349 4559 1602 4633 βοηθείας
1627 4563 1854 4619 δέονται.

270 4650 344 4703 Τί
384 4648 494 4721 γὰρ
514 4648 582 4703 ἂν
610 4650 706 4702 καὶ
731 4648 1001 4720 προκόψαι
1033 4649 1201 4724 ἐχοιὴ
1231 4651 1325 4706 τοῦ
1355 4652 1490 4707 Θεοῦ
1521 4655 1700 4725 σοφία,
1734 4657 1767 4728 ἢ
1805 4657 1857 4710 τί

272 4739 610 4812 προσλαϐεῖν
637 4741 672 4811 ἡ
713 4739 1088 4814 αὐτοαλήθεια,
1121 4743 1154 4815 ἢ
1193 4744 1223 4796 ὁ
1251 4743 1382 4808 Θεὸς
1406 4745 1610 4816 Λόγος;
1639 4746 1764 4812 Πῶς
1791 4747 1859 4802 ἂν

272 4827 396 4898 ἔχοι
441 4825 794 4898 βελτιωθῆναι
843 4830 876 4900 ἡ
934 4829 1067 4902 ζωὴ,
1097 4831 1159 4886 τὸ
1212 4831 1462 4904 ἀληθινὸν
1516 4835 1660 4906 φῶς;
1695 4837 1758 4891 Ei
1803 4837 1861 4892 δὲ

269 4920 462 4983 ⁸τοῦτο,
490 4919 644 4991 πόσῳ
676 4919 836 4973 πλέον
867 4921 1130 4991 ἀφύσικον
1168 4924 1446 4997 τυγχάνει,
1484 4928 1695 5000 μωρίας
1727 4930 1858 4984 ποτὲ

271 5013 538 5085 δεκτικὴν
569 5012 820 5083 γενέσθαι
849 5014 947 5087 τὴν
977 5016 1188 5086 σοφίαν,
1220 5018 1253 5090 ἣ
1283 5020 1382 5091 τὴν
1405 5019 1498 5074 τοῦ
1528 5020 1663 5075 Θεοῦ
1698 5021 1857 5076 δύνα-

277 5126 378 5178 μιν
401 5106 656 5181 ἀσθενείᾳ
673 5109 1102 5184 πῳσπλακῆναι,
1125 5113 1158 5185 ἢ
1183 5111 1375 5186 ἀλογίᾳ
1395 5115 1486 5168 τὸν
1507 5113 1664 5184 λόγον
1690 5115 1861 5187 ἀμαυ-

279 5199 545 5270 ρωθῆναι,
578 5201 612 5272 ἢ
651 5200 730 5273 τῷ
767 5201 1002 5274 ἀληθινῷ
1046 5203 1184 5272 φωτὶ
1235 5205 1589 5278 ὲπιμιχθῆναι
1634 5207 1856 5273 σκότοςς

270 5291 376 5345 τοῦ
413 5292 513 5362 μὲν
549 5295 871 5350 ’Δποστόλου
901 5298 1124 5352 αὐτόθεν
1146 5298 1423 5369 λέγοντος*
1461 5302 1557 5369 Τίς
1581 5305 1858 5358 κοινωνία

1960 4568 2169 4622 tionem
2193 4579 2382 4620 eorum
2413 4563 2509 4634 qui
2556 4578 2654 4634 per
2699 4563 2878 4634 ipsum
2933 4561 3174 4632 adoptati
3238 4570 3367 4616 sunt
3411 4562 3526 4616 lilii.

1959 4659 2095 4714 Nam
2121 4659 2238 4729 ipse
2276 4657 2496 4728 quidem
2548 4655 2907 4712 immutabilis
2950 4663 3035 4712 est
3087 4661 3320 4719 naturae,
3359 4654 3530 4710 unde—

1960 4765 2176 4821 cunque
2228 4749 2542 4820 perl'ectus,
2599 4762 2702 4803 nec
2742 4747 2909 4803 ullius
2957 4746 3039 4802 rei
3097 4745 3347 4816 indigens
3395 4763 3412 4801 :
3474 4744 3530 4798 bi

1963 4858 2112 4901 vero,
2133 4853 2256 4895 cum
2305 4840 2591 4896 mutationi
2630 4841 2687 4895 in
2720 4848 3011 4910 utramque
3042 4853 3254 4910 partem
3291 4838 3406 4893 sint
3432 4837 3528 4895 ob-

1965 4933 2135 4999 noxii,
2165 4947 2303 5003 opus
2337 4932 2539 4988 habent
2569 4933 2719 4989 illius
2747 4932 2969 4988 auxilio.
3007 4931 3180 4997 Quem
3226 4931 3372 4986 enim
3403 4944 3527 5001 pro-

1967 5024 2167 5081 fectum
2197 5025 2377 5081 facere
2405 5032 2584 5095 potest
2612 5023 2705 5079 Dei
2733 5011 3039 5093 sapientia?
3062 5021 3218 5091 Quod
3266 5037 3526 5093 augmen-

1965 5127 2080 5172 tum
2112 5117 2362 5188 accipere
2392 5123 2573 5188 potest
2609 5117 2728 5186 ipsa
2761 5117 2964 5171 veritas
2993 5122 3049 5170 et
3076 5114 3222 5169 Deus
3252 5112 3526 5168 Verbum?

1965 5211 2082 5277 Qua
2119 5210 2332 5266 ratione
2360 5210 2554 5266 melior
2609 5208 2724 5264 fieri
2769 5208 2944 5280 possit
2983 5208 3092 5263 vita
3143 5216 3196 5262 et
3235 5207 3328 5261 lux
3361 5205 3531 5264 vera?

1965 5300 2119 5370 Quod
2155 5301 2203 5356 si
2231 5303 2303 5355 ita
2337 5316 2398 5357 se
2434 5301 2618 5366 habet,
2659 5307 2861 5371 quanto
2910 5297 3204 5354 absurdius
3225 5304 3329 5363 est,
3363 5304 3421 5351 ut
3440 5312 3527 5352 sa-

391 5453 439 5484 ¹²
472 5451 638 5508 Eccti.
677 5469 837 5519 xxiv,
868 5453 923 5508 5.
1003 5455 1047 5487 ³³
1079 5455 1286 5512 Coloss.
1330 5473 1369 5522 ι,
1402 5459 1489 5526 15;
1514 5455 1674 5514 Hebr.
1694 5463 1802 5525 1,2.
1845 5462 1854 5491 ¹

1961 5457 2127 5517 ‘oloss.
2158 5474 2198 5523 ι,
2232 5456 2321 5523 16,
2358 5457 2447 5511 17.
2527 5456 2570 5488 ¹⁵
2607 5454 2763 5509 Prov.
2795 5469 2914 5520 vm,
2941 5453 3030 5510 30.

347 5585 469 5668 (30)
517 5587 898 5668 Ἀδιανςόητον
940 5592 1070 5661 γάρ.
1098 5589 1176 5668 Δ1η
1211 5591 1400 5668 codice
1433 5592 1629 5668 Leonis
1669 5595 1851 5648 Allatii

285 5661 560 5739 scriptum
583 5667 667 5739 e_st
695 5661 942 5739 ἀνόητον,
968 5663 1125 5739 q_uod_
1151 5664 1540 5739 magis_probo.
1573 5665 1748 5735 Atque
1773 5667 1851 5739 ita

285 5727 414 5807 legit
463 5727 824 5807 Epiphanius
857 5727 1266 5807 Scholasticus:
1317 5727 1408 5788 Sic
1458 5737 1601 5789 enim
1649 5727 1848 5792 rertit:

283 5797 526 5855 Stultum
551 5797 630 5854 est
657 5802 818 5867 enim,
848 5813 896 5857 et
929 5806 1070 5859 omni
1099 5813 1307 5872 peccato
1331 5807 1562 5876 plenum,
1592 5814 1696 5862 etc.

2030 5593 2086 5717 ξὲ
2095 5594 2113 5646 ¹
2124 5593 2338 5717 maia
2348 5592 2910 5717 κὲἒέῖἲῖἷίῗὲἑίίῖιῗτέἕ
2916 5589 3020 5717 ἰδ’)
3037 5599 3527 5717 ᾏἾῗςξῖἓῖῗιῗθέἳίξῗιῖ

1958 5663 2078 5719 dice
2124 5662 2338 5719 Henrici
2383 5662 2571 5734 Savilii
2608 5665 2805 5734 legitur
2832 5663 2898 5717 δι’
2915 5664 3010 5734 sv,
3040 5663 3313 5734 quomodo
3359 5662 3525 5734 etiam

1959 5735 2089 5808 legit
2116 5731 2876 5808 Epiphanius_Schplasticus.
2913 5731 2973 5790 In
2997 5731 3147 5808 regio
3170 5732 3217 5789 J.
3252 5731 3372 5790 Pini
3398 5733 3524 5789 cod.

1959 5802 2429 5874 scriptum—inveni
2455 5805 2521 5860 δι’
2553 5802 2634 5864 οὗ.
