3956 6198
497 269 603 326 565

1593 263 1651 316 S.
1689 259 2086 316 ALEXANDRI
2122 255 2587 313 ALEXANDRINI
3595 253 3682 310 εει

496 391 581 441 est
620 381 670 436 id
715 379 860 453 quod
903 378 1080 435 sancti
1108 377 1300 432 dicunt
1355 376 1408 430 in
1450 374 1683 432 Psalmis
1715 395 1729 430 :
1761 374 1830 430 In
1869 376 2061 429 lumine

2165 373 2430 442 ὀψόμεθα
2459 368 2603 440 φῶς.
2651 370 2742 422 Διὸ
2772 368 2837 440 δὴ
2885 367 2979 422 καὶ
3003 337 3248 436 ἀτιμῶν
3275 366 3360 420 τὸν
3391 365 3534 434 Υίὺν,
3580 369 3689 438 τιμᾷ

497 485 588 532 tuo
611 472 896 528 videbimus
933 470 1109 524 lumen
1135 469 1202 526 ⁸⁷.
1233 467 1500 536 Quocirca
1531 469 1624 539 qui
1669 468 1875 523 honore
1903 466 2064 522 afﬁcit

498 565 718 628 Filium,
775 561 940 619 simul
990 561 1198 616 honore
1236 559 1396 614 allicit
1443 558 1697 626 Patrem;
1749 568 1804 613 et
1832 559 1925 628 qui
1966 558 2064 613 ho-

497 662 658 711 norat
702 652 940 715 Patrem,
970 651 1204 710 honorat
1224 650 1385 706 etiam
1415 649 1613 705 Filium
1640 650 1687 681 ¹⁸
1719 667 1735 705 ι
1774 657 1827 704 et
1846 648 2065 720 quidem

497 747 714 805 merito.
739 744 912 801 Omne
941 743 1084 802 enim
1116 742 1343 813 impium
1373 743 1596 798 verbum
1620 741 1766 812 quod
1793 740 2068 812 profertur

497 833 552 892 in
589 831 806 899 Filium,
837 831 907 886 ad
937 846 1224 904 personam
1253 829 1432 887 Patris
1458 831 1712 902 pertinet.

567 922 635 979 X.
677 924 807 980 Post
838 924 951 980 haec
980 939 1127 989 vero,
1159 922 1356 979 fratres
1387 923 1719 988 charissimi,
1751 923 1840 978 cui
1869 923 2065 979 mirum

496 1018 748 1073 videatur
789 1017 845 1073 id
879 1017 1023 1090 quod
1053 1019 1358 1089 scripturus
1387 1033 1542 1084 sum,
1586 1018 1632 1073 si
1659 1017 1960 1074 calumnias
1997 1017 2065 1072 ab

501 1109 610 1168 illis
633 1109 894 1166 confictas
913 1109 1174 1166 adversus
1196 1125 1282 1166 me
1327 1119 1382 1166 et
1424 1111 1686 1168 adversus
1713 1111 2093 1183 religiosissi--

499 1213 646 1253 mam
681 1199 890 1270 plebem
911 1201 1249 1269 exposuero?
1281 1199 1416 1256 Nam
1442 1201 1535 1273 qui
1574 1202 1912 1258 divinitatem
1939 1201 2065 1257 Filii

499 1282 596 1340 Dei
617 1301 931 1357 oppugnare
957 1288 1200 1358 aggressi
1237 1296 1406 1355 sunt,
1443 1306 1544 1346 nos
1591 1306 1806 1362 quoque
1849 1292 2064 1362 ingrato

501 1378 684 1434 animo
715 1379 976 1435 conviciis
1002 1388 1255 1450 appetere
1281 1396 1388 1438 non
1412 1392 1690 1437 verentur.
1723 1382 1826 1450 Qui
1855 1399 1956 1440 nec
1982 1385 2064 1439 ul-

499 1469 584 1527 los
607 1483 675 1524 ex
705 1470 944 1540 antiquis
975 1470 1078 1526 sibi
1102 1473 1406 1542 comparari
1439 1473 1658 1529 volunt:
1691 1489 1790 1530 nec
1815 1489 1910 1532 eos
1941 1476 2062 1546 qui-

499 1558 604 1618 bus
640 1573 741 1620 nos
766 1561 835 1614 ab
866 1561 1084 1616 ineunte
1115 1569 1272 1617 aetate
1313 1563 1586 1633 magistris
1614 1565 1697 1619 usi
1727 1580 1938 1629 sumus,
1969 1583 2063 1622 ex-

499 1651 702 1721 :rquari
733 1651 835 1706 sibi
873 1653 1168 1723 patiuntur.
1202 1653 1307 1709 Sed
1354 1671 1455 1710 nec
1493 1656 1660 1710 ullum
1690 1671 1756 1712 ex
1809 1659 2062 1714 omnibus

2165 465 2253 518 τὸν
2310 463 2529 536 Πατέρα
2564 461 2698 533 (28),
2751 462 2844 514 καὶ
2899 458 3138 522 εἰκότως·
3183 459 3333 511 πᾶσα
3375 457 3474 529 γὰρ
3511 458 3683 528 ἀσεϐὴς

2166 557 2315 629 φωνὴ
2337 559 2415 621 είς
2449 557 2540 610 τὸν
2573 555 2700 608 Υἱὸν
2728 553 2978 622 λέγεσθαι
3022 549 3355 624 τολμωμένη,
3381 551 3454 612 είς
3476 549 3559 603 τὸν
3587 550 3682 603 Ila-

2165 647 2296 719 τέρα
2323 646 2420 718 τὴν
2445 644 2719 716 ἀναφορὰν
2745 643 2876 714 ἔχει.

2235 916 2302 972 Χ.
2343 917 2454 970 Καὶ
2480 916 2530 969 τί
2558 916 2738 970 λοιπὸν
2775 913 2856 967 ἔτι
2885 913 3190 987 θαυμαστὸν
3213 912 3241 966 ὃ
3272 910 3442 984 μέλλω
3465 910 3685 981 γράφειν,

2165 1010 2456 1080 ἀγαπητοὶ,
2485 1009 2534 1061 εί
2559 1007 2655 1072 τὰς
2680 1008 2799 1062 κατ’
2826 1005 2959 1079 ἐμοῦ
2995 1005 3205 1076 ψευδεῖς
3232 1001 3473 1066 διαϐολὰς
3503 1002 3588 1055 καὶ
3609 1000 3688 1053 τοῦ

2165 1101 2552 1155 εὐσεϐεστάτου
2585 1100 2740 1171 ἡμῶν
2781 1099 2909 1154 λαοῦ
2954 1097 3284 1169 ὲκθήσομαι;
3324 1095 3384 1148 υἱ
3428 1092 3529 1164 γὰρ
3569 1091 3690 1145 κατά

2165 1194 2262 1266 τῆς
2293 1192 2542 1265 θεότητος
2572 1191 2664 1246 τοῦ
2694 1192 2823 1246 Υίοῦ
2846 1191 2938 1246 τοῦ
2963 1188 3096 1244 Θεοῦ
3131 1185 3572 1259 παραταξάμενοι,
3589 1184 3691 1236 οὐδὲ

2163 1283 2264 1347 τὰς
2302 1283 2423 1336 καθ’
2449 1282 2604 1352 ἡμῶν
2646 1282 2970 1353 ἀχαρίστους
3015 1277 3297 1350 παροινίας
3343 1271 3692 1345 παραιτοῦνται

2165 1375 2360 1445 λέγειν·
2390 1375 2441 1428 οῖ
2464 1391 2527 1444 γε
2552 1373 2670 1427 οὐδὲ
2691 1373 2798 1427 τῶν
2825 1371 3062 1446 ἀρχαίων
3091 1369 3243 1432 τινάς
3272 1366 3562 1438 συγκρίνειν
3589 1367 3694 1419 ἑαυ-

2163 1468 2277 1528 τοῖς
2308 1463 2570 1531 ἀξιοῦσιν,
2603 1463 2723 1522 οὐδὲ
2752 1457 2832 1527 οἷς
2858 1465 3016 1534 ἡμεῖς
3049 1463 3116 1515 ὲκ
3143 1459 3349 1513 παίδων
3380 1457 3695 1529 ὡμιλήσαμεν

2164 1555 2521 1619 διδασκάλοις,
2575 1553 2882 1619 ἐξισοῦσθαι
2928 1552 3221 1623 ἐνέχονται.
3278 1548 3411 1603 Ἀλλ’
3455 1547 3565 1601 οὐδὲ
3605 1546 3696 1600 τῶν

2166 1644 2261 1699 νῦν
2293 1643 2568 1715 πανταχοῦ
2605 1642 3027 1718 συλλειτουργῶν
3051 1660 3172 1696 τινα
3201 1641 3281 1706 είς
3323 1639 3508 1711 μέτρον
3533 1637 3696 1706 σοφίας

499 1743 592 1811 qui
617 1741 778 1797 hodie
809 1751 936 1798 sunt
965 1745 1183 1816 collegae
1211 1746 1404 1810 nostri,
1431 1747 1497 1801 ad
1526 1747 1854 1804 mediocrem
1885 1750 2061 1806 scien-

2165 1734 2438 1805 ἡγοῦνταιο
2484 1735 2632 1804 μόνοι
2666 1735 2818 1805 σοφοὶ
2850 1735 2944 1788 καὶ
2967 1734 3297 1804 ἀκτήμονες,
3330 1732 3422 1786 καὶ
3450 1730 3695 1800 δογμάτων

500 1834 628 1888 tiam
658 1835 969 1904 pervenisse
993 1847 1256 1893 censent:
1309 1839 1455 1894 solos
1502 1841 1774 1910 sapientes
1817 1857 1881 1896 ac
1928 1843 2064 1899 nihil

499 1925 861 1998 possidentes,
887 1928 1033 1983 solos
1065 1929 1375 2000 dogmatum
1408 1930 1717 1988 inventores
1745 1949 1802 1990 se
1834 1949 1954 1990 esse
1979 1935 2064 2005 ja-

498 2024 732 2082 ctantcs,
766 2019 977 2089 sibique
1010 2020 1142 2076 solis
1178 2036 1239 2076 ea
1272 2023 1505 2077 revelata
1539 2039 1680 2088 esse,
1706 2040 1826 2095 quae
1863 2027 2064 2084 nemini

505 2123 740 2179 unquam
769 2124 956 2164 eorum
995 2111 1086 2180 qui
1118 2112 1220 2166 sub
1264 2113 1402 2168 coelo
1444 2124 1592 2179 sunt,
1625 2116 1680 2170 in
1710 2125 1945 2174 mentem
1976 2134 2065 2174 ve-

501 2203 698 2257 nerint.
725 2201 770 2258 O
798 2202 1018 2273 impiam
1052 2207 1449 2276 arrogantiam!
1484 2223 1516 2264 ο
1545 2210 1822 2264 vesaniam
1843 2211 2066 2266 immen-

498 2295 646 2350 sam!
677 2308 709 2349 ο
759 2295 975 2351 inanem
1017 2297 1265 2368 gloriam,
1301 2307 1417 2354 atra
1465 2301 1572 2356 bile
1612 2303 1834 2372 percitis
1865 2319 2064 2362 conve-

501 2389 766 2441 nientem!
801 2403 834 2442 ο
865 2389 1118 2458 superbia
1151 2388 1385 2456 Satanae,
1419 2408 1539 2463 qua:
1568 2394 1850 2449 sceleratis
1874 2411 2061 2451 eorum

499 2480 772 2537 tuentibus
805 2480 1033 2538 inSedit!
1066 2479 1184 2537 Non
1212 2483 1318 2540 illis
1358 2485 1616 2554 pudorem
1657 2486 1889 2541 incussit
1917 2495 2064 2542 vete-

499 2586 618 2628 rum
654 2571 1058 2643 Scripturarum
1104 2576 1466 2646 perspicuitas
1499 2577 1787 2648 religiosa:
1819 2593 1921 2633 nec
1950 2579 2062 2633 col—

496 2663 737 2736 legarum
772 2675 1081 2722 nostrorum
1113 2669 1462 2725 consentiens
1505 2669 1572 2723 de
1611 2669 1829 2725 Christo
1856 2671 2064 2726 doctri-

496 2770 564 2809 na
607 2755 890 2810 audaciam
921 2773 1110 2814 eorum
1141 2758 1402 2814 adversus
1434 2760 1582 2814 illum
1619 2761 1896 2830 repressit.
1929 2761 2065 2827 Quo-

496 2862 619 2904 rum
668 2847 997 2918 impietatem
1063 2867 1132 2906 ne
1187 2851 1290 2922 ipsi
1348 2851 1565 2921 quidem
1601 2851 1874 2908 dmmones
1899 2852 2064 2907 laturi

498 2948 647 3006 sunt,
681 2941 879 3012 quippe
907 2942 1000 3012 qui
1035 2951 1249 3007 cavent,
1278 2959 1346 2998 ne
1374 2959 1537 3014 quam
1571 2945 1834 3001 adversus
1863 2943 2062 3000 Filium

496 3033 590 3093 Dei
620 3033 838 3104 impiam
871 3049 1057 3090 vocem
1091 3036 1360 3092 emittant.

2165 1828 2382 1898 εὑρεταὶ
2401 1826 2647 1896 λέγοντες
2667 1822 2824 1890 εἶναι,
2854 1826 2948 1880 καὶ
2972 1826 3152 1888 αὐτοῖς
3183 1821 3605 1891 ἀποκεκαλύφθαι
3626 1820 3700 1889 μό-

2165 1936 2296 1984 νοις,
2331 1919 2470 1988 ἆπερ
2498 1918 2670 1973 οὐδενὶ
2697 1918 2804 1971 τῶν
2838 1918 2941 1972 ὑπὸ
2975 1915 3065 1970 τὸν
3105 1916 3258 1988 ἥλιον
3299 1914 3461 1986 ἑτέρῳ
3489 1912 3697 1982 πέφυκεν

2166 2010 2338 2064 ἐλθεῖν
2359 2013 2437 2074 εἰς
2461 2010 2685 2066 ἔννοιαν.
2713 2012 2777 2065 Ὢ
2804 2010 3017 2064 ἀνοσίου
3051 2008 3224 2080 τύφου
3257 2007 3348 2060 καὶ
3374 2006 3592 2077 ἀμέτρου
3615 2023 3697 2075 μα-

2165 2103 2302 2166 νίας,
2327 2105 2419 2157 καὶ
2443 2101 2834 2174 μελαγχολικῆς
2860 2101 3219 2172 ἡρμοσμένης
3241 2098 3396 2170 δόξης
3412 2098 3519 2169 (9.9)
3543 2098 3697 2168 κενῆς,

2166 2196 2259 2249 καλ⁸
2302 2194 2587 2251 σατανικοῦ
2628 2195 2994 2266 φρονήματος,
3032 2195 3110 2257 είς
3142 2193 3246 2256 τὰς
3284 2192 3518 2255 ἀνοσίους
3547 2189 3699 2243 αὐτῶν

2164 2287 2342 2358 ψυχὰς
2376 2286 2855 2359 ἀποσκιρώσαντος
2876 2286 3019 2358 (30)!
3055 2288 3128 2339 Οὐ
3165 2286 3455 2358 κατῄδεσεν
3479 2283 3699 2352 αὐτούςὴ

2164 2380 2271 2434 τῶν
2304 2379 2544 2451 ἀρκαίων
2576 2378 2803 2451 Γραφῶν
2831 2377 3072 2448 φιλόθεος
3101 2380 3389 2451 σαφήνειασ
3416 2377 3529 2430 οὐδὲ
3556 2378 3589 2447 ἡ
3613 2375 3702 2427 τῶν

2166 2471 2588 2545 συλλειτουργῶν
2620 2472 2903 2543 σύμφωνος
2929 2471 3057 2544 περὶ
3094 2470 3342 2544 Χριστοῦ
3368 2469 3598 2524 εὐλάϐεια
3624 2466 3704 2538 τὴν

2165 2565 2283 2616 κατ’
2321 2563 2484 2617 αὐτοῦ
2535 2563 2842 2635 θρασύτητα
2884 2564 3058 2616 αὐτῶν
3099 2563 3438 2635 ἠμαύρωσεν
3467 2562 3588 2631 (3i).
3623 2554 3703 2613 Ὧν

2165 2657 2284 2711 οὐδὲ
2322 2655 2389 2711 τὰ
2417 2655 2666 2726 δαιμόνια
2708 2656 2806 2727 τῆς
2848 2654 3239 2728 ἀνοσιουργίας
3269 2655 3525 2723 ἀνέξεται,
3551 2651 3700 2725 φωνὴν

2115 2795 2122 2801 .
2167 2749 2482 2822 βλάσφημον
2515 2747 2656 2804 κατά
2688 2747 2777 2800 τοῦ
2813 2747 2942 2802 Υίοῦ
2971 2747 3064 2800 τοῦ
3093 2747 3241 2801 Θεοῦ
3275 2749 3442 2802 εἰπεῖν
3474 2744 3699 2816 φυλαττό-

2168 2856 2319 2910 μενα.

564 3123 656 3180 XI.
686 3124 863 3196 Atque
897 3126 1009 3180 hac
1039 3142 1138 3196 pro
1165 3127 1307 3182 virili
1341 3136 1495 3199 parte
1525 3144 1670 3184 nunc
1708 3145 1738 3185 a
1761 3129 1920 3186 nobis
1947 3130 2061 3185 dis-

2233 3116 2324 3170 ΧΙ.
2366 3117 2552 3172 Ταῦτα
2587 3118 2686 3190 μὲν
2705 3113 2796 3172 οὖν
2826 3119 2955 3189 ἡμῖν
2985 3114 3125 3170 κατά
3144 3115 3253 3188 τὴν
3277 3114 3544 3188 παροῦσαν
3566 3112 3699 3191 δύνα·

498 3225 685 3287 putata
721 3217 831 3277 sint
870 3217 1135 3274 adversus
1184 3235 1278 3275 eos
1317 3221 1408 3291 qui
1443 3221 1498 3274 in
1548 3221 1794 3292 imperita
1833 3223 2062 3277 materia

498 3313 752 3374 tanquam
791 3305 846 3362 in
873 3307 1092 3376 pulvere
1118 3309 1378 3374 volutati,
1425 3310 1701 3366 Christum
1744 3313 2063 3384 impugnare

496 3398 735 3468 aggressi
768 3410 907 3464 sunt,
935 3407 988 3456 et
1027 3409 1274 3456 nostram
1314 3420 1441 3476 erga
1475 3407 1624 3462 illum
1669 3406 1922 3476 pietatem
1969 3423 2061 3462 ca—

499 3490 753 3550 lumniari
799 3491 1170 3548 instituerunt.
1210 3496 1377 3550 Aiunt
1413 3499 1558 3553 enim
1610 3500 1702 3554 isti
1753 3500 2058 3570 ineptarum

499 3584 804 3640 fabularum
835 3587 1144 3644 inventores
1171 3605 1292 3652 nos,
1317 3591 1408 3660 qui
1435 3591 1652 3660 impiam
1669 3600 1722 3646 et
1737 3592 1886 3646 nullo
1911 3590 2059 3646 Scri-

497 3680 781 3746 pturarum
819 3676 1128 3732 testimonio
1170 3677 1361 3733 fultam
1410 3679 1801 3750 blasphemiam
1853 3698 1917 3737 ex
1951 3699 2058 3737 non

498 3765 842 3822 exstantibus
875 3782 1211 3836 avcrsamur,
1230 3771 1338 3825 duo
1363 3771 1598 3840 ingenita
1627 3787 1890 3828 asserere.
1917 3773 2060 3830 Duo-

499 3870 620 3910 rum
656 3858 798 3912 enim
829 3858 1058 3914 alterum
1091 3863 1402 3918 necessario
1437 3879 1558 3919 esse
1599 3865 1886 3921 dicendum
1921 3866 2061 3920 aﬂir-

499 3956 650 4002 mant
671 3949 906 4020 imperiti
934 3969 946 4005 :
982 3960 1074 4006 aut
1104 3952 1253 4007 illum
1289 3970 1356 4009 ex
1406 3970 1516 4009 non
1547 3957 1889 4012 exstantibus
1917 3973 2057 4023 esse,

500 4049 595 4094 aut
635 4052 780 4097 certe
812 4042 921 4097 duo
956 4058 1074 4099 esse
1105 4045 1340 4114 ingenita
1370 4066 1381 4100 :
1418 4063 1515 4101 nec
1562 4048 1870 4117 intelligunt
1898 4051 2060 4105 rudes

500 4140 662 4200 atque
692 4133 900 4204 ignari,
940 4136 1168 4190 multum
1212 4138 1475 4194 interesse
1504 4139 1645 4195 inter
1667 4138 1883 4196 Patrem
1913 4142 2062 4212 inge-

501 4211 695 4289 nitum,
726 4232 778 4279 et
811 4240 898 4281 res
927 4227 996 4280 ab
1040 4227 1132 4284 illo
1179 4236 1391 4286 creatas
1420 4246 1483 4284 ex
1516 4231 1704 4296 nihilo,
1742 4242 1849 4286 tam
1882 4211 2057 4292 ratio-

575 4408 618 4438 "
652 4407 798 4462 Psal.
827 4423 990 4474 xxxv,
1027 4409 1110 4464 l0.
1188 4411 1233 4441 ’⁸
1263 4403 1499 4477 Ιοαηξν,
1528 4414 1618 4469 25.

2172 3229 2262 3282 μιν
2311 3211 2712 3284 ὲπαπορείσθω,
2765 3211 2900 3282 πρὸς
2952 3212 3077 3273 τοὺς
3119 3209 3436 3281 ἀπαιδεύτῳ
3479 3207 3572 3280 ὕλῃ
3608 3203 3697 3275 (52)

2168 3303 2309 3358 κατὰ
2349 3304 2442 3357 τοῦ
2485 3302 2720 3376 Χριστοῦ
2762 3301 3166 3373 κονισαμένους,
3220 3301 3313 3356 καὶ
3340 3301 3437 3372 τὴν
3467 3301 3540 3363 εἰς
3565 3297 3698 3352 αὐτὸν

2167 3396 2444 3452 εὐσέϐειαν
2480 3397 2636 3468 ἡμῶν
2672 3398 3021 3465 συκοφαντεῖν
3054 3392 3444 3465 προθεμένους.
3471 3392 3592 3444 Φασὶ
3611 3388 3698 3462 γὰρ

2168 3493 2314 3564 ἡμᾶς
2343 3492 2394 3545 οἱ
2427 3490 2718 3561 φληνάφων
2749 3488 3036 3559 έφευρεταὶ
3079 3486 3291 3558 μύθων,
3331 3481 3696 3554 ἀποστρεφομέ-

2166 3599 2286 3645 νους
2315 3581 2413 3652 τὴν
2437 3579 2496 3646 ἐξ
2521 3580 2622 3633 οὐκ
2643 3579 2810 3633 ὄντων
2836 3577 3006 3646 ἀσεϐῆ
3038 3577 3132 3630 καὶ
3163 3576 3412 3649 ἄγραφον
3439 3575 3568 3629 κατά
3591 3574 3697 3643 Χρι-

2170 3671 2294 3728 στοῦ
2322 3671 2689 3744 βλασφημίαν,
2724 3670 2992 3740 ἀγέννητα
3022 3668 3295 3724 διδάσκειν
3327 3667 3437 3722 δύο.
3461 3668 3600 3718 Δυοῖν
3622 3663 3700 3716 θά-

2166 3782 2319 3835 τερον
2348 3763 2594 3833 λέγοντες
2621 3763 2729 3816 δεῖν
2767 3757 2905 3814 εἶναι
2936 3762 2985 3813 oi
3013 3759 3347 3824 ἀπαίδευτοι,
3375 3761 3408 3831 ἢ
3439 3759 3493 3824 ἐξ
3521 3759 3608 3811 οὐκ
3631 3756 3699 3808 ὕν-

2166 3875 2272 3911 των
2300 3855 2460 3910 αὐτὸν
2487 3851 2624 3908 εἶναι
2660 3857 2898 3926 φρονεῖν,
2937 3854 2970 3924 ἢ
3009 3853 3232 3915 πάντως
3266 3853 3528 3921 ἀγέννητα
3550 3848 3697 3915 λέγειν

2167 3947 2278 4000 δύο·
2314 3945 2632 4015 ἀγνοοῦντες
2671 3946 2718 3996 oi.
2756 3945 3061 4005 ἀνάσκετοι,
3096 3942 3171 4004 ὡς
3203 3943 3412 4014 μακρὸν
3435 3940 3496 3994 ἂν
3518 3939 3594 4009 εἴη
3619 3952 3697 4006 με·

2169 4040 2298 4103 ταξύ
2328 4037 2541 4110 Πατρὺς
2569 4037 2883 4107 ἀγεννήτου,
2909 4035 3001 4089 καὶ
3023 4034 3131 4087 τῶν
3163 4033 3489 4088 κτισθέντων
3516 4031 3598 4084 ὑπ’
3619 4027 3698 4080 αὐ-

2168 4131 2259 4184 τοῦ
2294 4130 2353 4196 ἐξ
2376 4132 2476 4184 οὐκ
2506 4129 2695 4192 ὄντων,
2729 4127 2960 4197 λογικῶν
2985 4144 3044 4179 τε
3068 4127 3160 4184 καὶ¹
3190 4126 3421 4197 ἀλόγων.
3449 4119 3544 4174 Ὦν
3572 4135 3697 4191 μεσι-

2166 4225 2393 4290 τεύουσα
2428 4224 2587 4295 φύσις
2631 4221 2919 4296 μονογενὴς
2940 4221 3073 4293 ('55),
3115 4220 3182 4273 δι’
3211 4201 3281 4294 ἧς
3321 4218 3389 4273 τὰ
3423 4217 3515 4273 ὅλα
3542 4214 3594 4281 ἐξ
3617 4211 3697 4265 οὐκ

573 4521 685 4603 (ἓξ)
721 4521 859 4603 Τιτιιᾷ
889 4523 1270 4603 τόνληατέρα.
1310 4526 1650 4603 Epiphanius
1687 4525 2058 4603 scholasticus

2165 4527 2397 4603 phanius
2431 4523 2804 4603 Scholasticus
2827 4521 3019 4603 legisse
3058 4521 3273 4603 videtur
3295 4520 3695 4603 ἀποσκιρτήσαν-

499 4592 744 4667 quaedam
765 4593 865 4667 hic
889 4595 1038 4667 addit
1068 4591 1187 4665 quae
1216 4612 1324 4650 non
1356 4591 1606 4667 leguntur
1639 4599 1693 4651 in
1723 4595 1930 4652 Graeco.
1969 4595 2060 4651 Sic
2162 4591 2271 4659 τος.
2307 4594 2396 4650 Sic
2430 4593 2821 4667 enim_vcrtit:_
2854 4591 3125 4667 Sapientia
3170 4592 3388 4667 Satanae
3427 4592 3477 4644 in
3517 4591 3695 4643 animas

499 4664 643 4736 enim
691 4662 1275 4736 habet_:_Quap'roptcr
1324 4677 1372 4719 et
1409 4662 1501 4736 qui
1552 4668 1773 4721 honorat
1818 4667 2056 4730 Patrem,

501 4735 724 4805 honorat
752 4744 802 4786 et
830 4732 1264 4805 Filium,'et'qui
1309 4732 1531 4790 honorat
1579 4738 1800 4802 Filium,
1839 4737 2060 4791 honorat

497 4814 548 4859 et
573 4803 811 4867 Patrem,
835 4815 883 4863 et
916 4815 1069 4860 recte.
1104 4803 1275 4871 Quam
1308 4807 1591 4862 lectionem
1622 4811 1944 4862 conﬁrmant
1976 4823 2062 4861 se-

500 4875 741 4946 quentia.
776 4873 960 4944 Itaque
983 4891 1136 4930 error
1160 4876 1370 4944 videtur
1398 4878 1766 4938 librariorum,
1801 4878 1892 4946 qui
1920 4877 2062 4932 hanc

499 4945 1124 5016 pericopenomiserunt
1155 4946 1362 5015 decepti
1395 4963 1591 5001 vocum
1625 4945 2000 5003 similitudine.

569 5013 682 5088 (ἳ9)
705 5015 814 5088 Καὶ
830 5016 1276 5085 μελαγχολικῆς
1290 5013 1675 5087 ’ἡρμοσμένης
1695 5019 1897 5085 δόξης.
1923 5017 2064 5088 Lego

503 5084 926 5157 μελαγχολικοῖς,
975 5084 1426 5155 qneniadnlodum
1473 5084 1919 5157 ediditﬁlacohus
1948 5084 2063 5142 Sir-

503 5155 740 5228 mundus
769 5174 782 5209 :
814 5158 972 5228 cujus
1003 5165 1181 5212 tamen
1213 5157 1410 5211 factum
1431 5160 1660 5228 probare
1682 5175 1788 5212 non
1817 5155 2060 5228 possum,

502 5223 554 5299 in
586 5241 650 5278 eo
683 5226 826 5299 quod
870 5228 1154 5283 lectionem
1194 5228 1395 5299 nullius
1425 5223 1611 5299 scripti
1641 5223 1846 5284 codicis
1872 5239 2061 5283 aucto-

503 5294 661 5353 ritate
683 5298 950 5355 ﬁrmatam
982 5300 1035 5354 in
1069 5308 1274 5353 textum
1305 5294 1588 5354 admittere
1617 5316 1723 5354 non
1755 5300 2056 5353 dubitavit:

499 5366 767 5438 quamad
798 5369 936 5424 latus
965 5371 1220 5424 editionis
1251 5385 1363 5424 suae
1395 5370 1638 5438 rejicere,
1674 5378 1767 5422 aut
1803 5371 1855 5422 in
1891 5371 2059 5423 adnoo

501 5432 799 5510 liftiunibus
839 5439 1043 5503 referre
1085 5442 1265 5510 potius
1297 5432 1670 5494 conveniebat.
1705 5439 1859 5508 Apud
1896 5440 2053 5510 Nice-

501 5502 752 5580 phorum,
777 5509 828 5562 in
861 5510 953 5562 lib.
996 5502 1112 5572 vni,
1144 5527 1263 5579 cap.
1308 5511 1358 5572 7,
1395 5511 1588 5578 legitur
1615 5512 1708 5563 καὶ
1744 5502 2058 5580 μελαγχολι-

501 5571 622 5650 κῆς.
632 5571 807 5650 ῥόξῃς,
832 5580 1030 5650 omissa
1060 5571 1191 5634 vece
1211 5571 1586 5650 ἧρμρσμένης.

572 5642 686 5718 (5Q)
707 5642 1307 5718 _¥i_:zoo'xlp¢baartoE.'
1340 5642 1412 5702 ln'
1445 5642 1815 5718 manuscripto
1873 5651 2058 5705 codice

503 5711 721 5778 “vitrici
761 5711 1258 5794 Savilii'scriptuni
1302 5729 1383 5775 est
1429 5711 1882 5791 ἐνσκηνώσάντος.
1929 5721 2057 5797 Ερί-

2167 4683 2346 4720 eorum
2373 4665 2717 4735 nequissimus
2745 4661 3060 4735 vehementer
3078 4662 3351 4735 insiliens.

2237 4738 2344 4805 (5i)
2388 4727 2780 4804 ’Hjtaupwaer.
2837 4731 3288 4805 Codex_Leon_is
3328 4730 3504 4805 Allatii
3556 4727 3695 4805 habet

2169 4797 2475 4879 ἡμέρωσεν.
2497 4797 2768 4879 Atqueita
2793 4818 3018 4879 prorsus
3044 4803 3174 4872 legit
3197 4802 3525 4879 Epiphanius
3545 4797 3694 4879 Scho-

2165 4866 2411 4936 la'sti'cus,
2457 4884 2514 4929 ut
2559 4866 2624 4928 c'x
2675 4866 3123 4942 interpretatione
3175 4866 3315 4941 ejus"
3344 4878 3573 4942 apparet.
3616 4866 3692 4919 Sic

2166 4948 2309 5002 enim
2341 4946 2503 5000 vertit
2529 4965 2540 4999 :
2579 4943 2630 4997 Ν
2637 4963 2702 4999 an
2738 4943 3217 4997 comministrorum
3249 4959 3464 4995 concors
3491 4952 3691 4994 reveren-

2167 5019 2243 5071 tia
2270 5016 2332 5069 de
2359 5014 2592 5075 Christo,
2625 5015 2950 5084 ferocitatem
2978 5028 3158 5065 eorum
3187 5011 3542 5084 mansuefecit.

2238 5086 2350 5156 (52)
2394 5082 2742 5152 Ἀπαιδεύτῳ
2777 5085 2916 5156 ὕλῃ.
2963 5084 3052 5156 Sic
3095 5082 3589 5156 vocat‘dialecticas
3619 5090 3688 5127 ar-

2203 5149 2618 5232 uincntationes.
2677 5149 2892 5232 quibus
2938 5154 3189 5232 utebatur
3243 5149 3684 5232 AriusJadversys

2187 5214 2368 5285 ihristi
2391 5214 2746 5280 divinitatem.
2778 5223 2833 5278 ln
2862 5224 3052 5278 codice
3078 5234 3254 5275 tamen
3287 5221 3466 5278 Allatii
3497 5235 3583 5289 pro
3607 5214 3684 5283 ὕλῃ

2165 5296 2584 5370 Ιεςίιυτηύλακῇ,
2624 5295 2673 5348 id
2706 5303 2789 5370 est
2825 5294 3044 5370 latratu,
3075 5291 3218 5361 quod
3249 5308 3360 5345 non
3393 5292 3595 5370 probos

2235 5359 2345 5439 (55)
2369 5363 2477 5439 Ὧν
2490 5359 2896 5439 psalterioqu
2912 5359 3459 5439 φύσιξμογοπενῆς.
3486 5359 3679 5439 Benigne

2164 5431 2686 5508 intelligenduinest
2713 5431 2985 5508 quodh’oc
3021 5434 3138 5487 loco
3162 5433 3242 5508 ait
3274 5431 3576 5508 Alexander,
3603 5437 3680 5508 nax

2165 5501 2705 5575 turam'unigenitam
2731 5501 2979 5575 mediam
3008 5518 3130 5558 csse
3160 5504 3301 5556 inter
3329 5501 3534 5575 Patrem
3562 5501 3681 5561 inse-

2165 5582 2337 5634 nitum
2369 5585 2422 5632 et
2455 5573 2754 5631 creaturas.
2805 5574 2906 5632 Ubi
2957 5583 3208 5628 naturam
3261 5573 3428 5626 sumit
3473 5583 3554 5641 pro
3585 5575 3682 5641 per.

2169 5631 2322 5705 sana.
2356 5631 2610 5718 intelligit
2641 5647 2784 5702 enim
2816 5631 2990 5718 φύσιν
3035 5642 3439 5718 ὲν-ύτιοστάσει,
3473 5631 3527 5693 ut
3553 5631 3685 5718 pallii?

2170 5728 2292 5780 ante
2321 5709 2647 5778 locutus'est
2687 5709 3010 5780 Alexander.
3063 5713 3296 5774 Mediam
3348 5720 3519 5772 autem
3560 5709 3688 5760 vocat
