3956 6198
340 164 448 223 665

1749 156 2132 215 EPISTOLIE.

3483 157 3586 213 566

341 277 513 333 ὄντων
539 238 793 352 ἐποίησεν
818 275 847 327 ό
877 272 1064 346 Πατὴρ
1086 272 1180 328 τοῦ
1211 273 1346 328 Θεοῦ
1371 273 1565 343 Λόγου·
1595 271 1629 342 ἢ
1665 271 1725 336 ἐξ
1749 271 1915 326 αὐτοῦ

2025 271 2171 326 nales
2205 283 2365 343 quam
2393 270 2623 325 rationis
2653 277 2926 343 espertes.
2966 269 3106 325 Inter
3142 285 3262 341 que
3315 271 3423 326 duo
3477 290 3587 330 me-

345 366 442 423 τοῦ
474 368 621 430 ὄντος
650 365 860 436 Πατρὸς
890 364 1231 438 γεγέννηται·
1261 366 1337 430 ὡς
1364 365 1460 419 καὶ
1486 364 1646 430 αὐτός
1679 381 1781 419 που
1809 364 1916 418 διε-

328 488 331 489 ν
354 459 664 534 μαρτύρατο
687 457 863 527 λέγων
887 459 915 508 ὁ
940 457 1164 530 Κύριος,
1200 458 1252 510 '0
1276 457 1522 528 ἀγαπῶν
1539 456 1646 511 τὸν
1665 456 1912 526 Πατέρα,

349 551 547 627 ἀγαπᾷ
576 552 673 606 καὶ
702 550 809 605 τὸν
844 552 981 604 Υἱόν
1010 550 1117 603 τὸν
1147 548 1580 619 γεγεννημένον
1611 548 1681 613 ἐξ
1706 549 1912 606 αὑτοῦ.

412 820 535 873 ΧΠ.
577 817 710 890 Περὶ
733 812 807 872 ὧν
830 819 988 890 ⁴ἡμεῖς
1013 816 1184 880 οὕτως
1209 816 1554 886 πιστεύομεν,
1585 814 1659 878 ὼς
1688 815 1752 884 τῇ
1785 814 1918 866 ἀπο-

342 911 565 983 στολικῇ
615 910 907 982 Ἐκκλησία
947 908 1110 963 δοκεῖ·
1151 910 1247 974 Εἰς
1292 908 1449 980 μόνον
1480 907 1772 978 ἀγέννητον
1810 906 1917 961 Πα-

338 1003 500 1076 τέρα,
521 1003 712 1057 ούδένα
733 1000 829 1055 τοῦ
864 992 1000 1056 εἶναι
1028 1000 1176 1072 αὐτῷ
1200 1001 1293 1054 τὸν
1317 1002 1486 1055 αἴτιον
1518 999 1728 1070 ἔχοντα,
1758 997 1918 1071 ἄτρε-

342 1095 478 1149 πτόν
502 1112 563 1149 τε
580 1096 674 1149 καὶ
694 1094 1069 1158 ἀναλλοίωτον,
1096 1094 1182 1147 ἀεὶ
1202 1091 1344 1146 κατά
1369 1092 1436 1147 τὰ
1455 1092 1593 1146 αὐτὰ
1616 1092 1710 1146 καὶ
1735 1091 1916 1145 ὡσαύ-

337 1204 453 1251 τως
481 1186 693 1258 ἔχοντα,
724 1185 847 1240 οὔτε
873 1185 1171 1259 προκοπὴν,
1197 1183 1320 1238 οὔτε
1351 1183 1576 1255 μείωσιν
1602 1182 1919 1253 ἐπιδεχόμε-

340 1296 453 1333 νον·
481 1280 665 1352 Νόμου
708 1279 801 1333 καὶ⁵
843 1278 1144 1352 Προφητῶν
1178 1279 1271 1332 καὶ
1308 1276 1655 1347 Εύαγγελὶων
1698 1277 1915 1347 δοτῆρα,

343 1370 699 1442 πατριαρχῶν
724 1371 819 1424 καὶ
845 1369 1175 1435 ἀποστόλων,
1206 1369 1299 1424 καὶ
1324 1368 1578 1423 ἁπάντων
1611 1368 1778 1437 ἁγίων
1805 1368 1917 1420 Κύσ

344 1480 480 1535 ριον.
521 1464 633 1518 Καὶ
672 1465 751 1527 εἰς
787 1463 884 1517 ἕνα
920 1462 1124 1535 Κύριον
1169 1460 1373 1532 Ἰησοῦν
1399 1462 1654 1534 Χριστὸν,
1680 1461 1771 1514 τὸν
1791 1459 1919 1513 Υἱὸν

340 1555 438 1609 τοῦ
473 1554 609 1608 Θεοῦ
647 1557 739 1610 τὸν
781 1555 1065 1627 μονογενῆ,
1094 1553 1419 1626 γεννηθέντα
1462 1554 1561 1607 οὐκ
1592 1554 1657 1607 ὲκ
1698 1551 1792 1606 τοῦ
1842 1551 1917 1623 μὴ

2018 364 2166 420 dium
2222 362 2476 418 obtinens
2528 361 2808 433 unigenita
2861 368 3057 416 natura
3119 362 3213 418 Dei
3274 362 3430 420 Verbi
3493 382 3587 435 per

2016 468 2178 525 quam
2215 451 2375 507 Pater
2406 452 2663 507 universa
2710 451 2952 506 condidit
2998 468 3061 507 ex
3114 454 3284 509 nihilo
3308 497 3323 521 ,
3359 470 3426 510 ex
3469 455 3588 525 ipso

2018 559 2149 600 vero
2174 542 2335 600 Patre
2361 544 2644 614 progenita
2674 554 2775 599 est.
2809 543 2963 600 Sicut
3008 545 3125 615 ipse
3151 544 3412 602 Dominus
3452 563 3589 618 quo-

2019 636 2143 690 dam
2170 637 2289 691 loco
2314 643 2547 691 testatus
2578 644 2662 691 est
2688 636 2774 692 his
2803 638 2984 693 verbis
3010 639 3055 671 ²⁹
3087 653 3102 692 :
3140 638 3245 705 Qui
3275 638 3447 711 diligit
3480 640 3589 697 Pa-

2021 735 2173 787 trem.
2203 726 2379 797 diligit
2411 726 2573 779 etiam
2606 724 2808 779 Filium
2843 728 2932 797 qui
2975 744 3039 782 ea:
3066 746 3124 783 eo
3151 730 3353 798 genitus
3382 743 3481 786 est.

2093 817 2206 873 XII.
2249 818 2325 874 De
2353 818 2553 889 quibus
2574 834 2676 874 nos
2712 819 2787 872 ita
2812 819 3108 885 credimus,
3133 822 3588 893 quemadmodum

2019 910 2314 978 apostolica
2352 911 2519 966 sentit
2553 909 2796 968 Ecclesia
2827 932 2839 966 :
2875 911 2932 967 In
2970 930 3137 968 unum
3167 916 3463 986 ingenitum
3487 917 3591 971 Pa--

2018 1012 2175 1070 trem,
2209 1004 2300 1075 qui
2331 1020 2361 1057 a
2405 1004 2557 1059 nullo
2587 1019 2810 1060 causam
2837 1006 2996 1062 habet
3025 1007 3277 1063 essentia:
3307 990 3420 1065 suae
3447 1028 3460 1064 :
3491 1025 3590 1066 nec

2019 1094 2361 1150 conversioni
2394 1095 2697 1150 obnoxium
2727 1110 2828 1150 nec
2867 1096 3193 1163 mutationi,
3238 1098 3331 1169 qui
3377 1114 3593 1170 semper

2020 1187 2209 1243 eodem
2246 1187 2410 1242 modo
2439 1204 2499 1244 se
2533 1188 2716 1251 habet,
2743 1204 2843 1244 nec
2891 1190 3191 1259 profectum
3228 1208 3327 1248 nec
3353 1194 3590 1249 diminu-

2020 1278 2223 1334 tionem
2258 1278 2530 1334 admittit:
2567 1282 2657 1351 qui
2688 1280 2884 1352 Legem
2914 1290 2967 1337 et
2994 1281 3296 1353 Prophetas
3330 1295 3383 1340 et
3415 1285 3591 1341 Evan-

2019 1368 2156 1439 gelia
2187 1369 2345 1424 nobis
2382 1368 2562 1424 dedit:
2597 1371 2690 1440 qui
2724 1371 2988 1426 Dominus
3037 1381 3121 1427 est
3159 1375 3591 1444 patriarcharum

2020 1469 2074 1516 ct
2107 1463 2477 1532 apostolorum
2510 1472 2935 1534 sanctorumque
2959 1465 3225 1520 omnium.
3252 1465 3319 1521 Et
3342 1468 3399 1522 in
3420 1485 3588 1522 unum

2026 1549 2314 1608 Dominum
2348 1552 2532 1609 Jesum
2558 1553 2859 1622 Christum,
2879 1553 3075 1610 Filium
3100 1554 3195 1612 Dei
3224 1557 3592 1627 unigenitum:

340 1646 516 1712 ὄντος,
542 1646 655 1700 ἀλλ’
690 1647 754 1699 ὲκ
772 1646 865 1699 τοῦ
887 1646 1037 1710 ὄντος
1060 1646 1293 1717 Πατρός,
1320 1646 1380 1700 οὐ
1405 1644 1546 1699 κατὰ
1566 1645 1664 1709 τὰς
1689 1644 1795 1699 τῶν
1820 1661 1915 1697 σω-

2025 1660 2125 1700 non
2156 1661 2224 1701 ex
2262 1646 2436 1700 nihilo
2464 1647 2705 1719 genitum
2735 1688 2751 1711 ,
2801 1647 2896 1704 sed
2934 1664 2999 1704 ex
3027 1665 3093 1704 eo
3122 1651 3214 1720 qui
3267 1648 3426 1706 Pater
3464 1659 3590 1717 est;

345 1737 533 1809 μάτων
564 1738 908 1809 ὁμοιότητας,
929 1740 1051 1801 ταῖς
1074 1740 1266 1808 τομαῖς
1297 1736 1329 1809 ἢ
1360 1739 1480 1800 ταῖς
1510 1737 1573 1789 ἐκ
1602 1735 1916 1808 διαιρέσεων

342 1829 681 1901 ἀπορροίαις,
725 1828 912 1897 ὥσπερ
950 1828 1222 1899 magna?
1262 1829 1356 1882 καὶ
1402 1828 1702 1899 Βαλεντίνῳ
1747 1828 1912 1881 δοκεῖ·

344 1922 458 1976 ἀλλ’
484 1924 736 1996 ἀρρήτως
768 1925 862 1977 καὶ
901 1923 1326 1995 ἀνεκδιηγήτως,
1361 1921 1499 1977 κατά
1542 1922 1633 1974 τὸν
1671 1922 1914 1985 εἰπόντα,

343 2016 416 2079 ὡς
453 2016 713 2088 ἀνωτέρω
748 2015 1158 2088 παρεθήκαμεν,
1208 2015 1327 2083 Τὴν
1364 2014 1579 2084 γενεὰν
1610 2014 1796 2068 αὐτοῦ
1828 2016 1917 2081 τίς

344 2106 728 2180 διηγήσεταυ
768 2108 880 2179 Τῆς
923 2109 1271 2172 ὑποστάσεως
1314 2106 1476 2163 αὐτοῦ
1516 2107 1667 2180 πάσῃ
1699 2109 1763 2178 τῇ
1796 2123 1918 2175 γεν-

344 2204 476 2273 νητῇ
510 2198 802 2271 essent)
831 2198 1265 2272 ἀπεριεργάστου
1304 2197 1695 2270 τυγχανούσης,
1735 2196 1918 2261 καθὼς

345 2280 438 2347 καὶ.
479 2294 644 2357 αὐτὸς
682 2294 711 2347 ό
757 2293 945 2365 Πατὴρ
987 2292 1418 2366 ἀπεριέργαστός
1455 2295 1592 2359 ἐστι,
1626 2293 1713 2348 διὰ
1747 2294 1809 2347 τὸ
1844 2295 1917 2367 μὴ

344 2387 542 2458 χωρεῖν
568 2386 668 2457 τὴν
688 2385 798 2439 τῶν
830 2384 1066 2455 λογικῶν
1096 2386 1275 2456 φύσιν,
1309 2387 1408 2459 τῆς
1437 2386 1713 2458 πατρικῆς
1742 2386 1921 2455 θεογοο

348 2476 461 2540 νίας
484 2476 583 2548 τὴν
613 2476 836 2548 εἴδησιν·
871 2476 1015 2549 ἅπερ
1054 2478 1114 2532 ού
1157 2478 1285 2549 παρ’
1315 2477 1447 2549 ἐμοῦ
1477 2478 1556 2531 δεῖ
1601 2478 1791 2549 μαθεῖν
1830 2477 1921 2531 ἀν-

348 2568 476 2641 δρας
519 2569 598 2641 τῷ
633 2569 733 2640 τῆς
768 2568 1027 2640 ἀληθείας
1065 2571 1336 2641 πνεύματι
1377 2570 1745 2641 κινουμένους,
1777 2572 1919 2643 ὑπη-

350 2656 545 2730 χούσης
576 2659 723 2730 ἡμᾶς
751 2658 843 2712 καὶ
868 2658 968 2730 τῆς
996 2658 1279 2731 φθασάσης
1306 2659 1543 2731 Χριστοῦ
1575 2660 1701 2730 περὶ
1729 2658 1918 2712 τούτου

349 2751 531 2823 φωνῆς
577 2752 672 2806 καὶ
725 2751 1102 2824 διδασκούσης·
1154 2752 1364 2818 Οὐδεὶς
1405 2748 1528 2806 οἶδε
1569 2753 1660 2818 τίς
1697 2752 1921 2806 arma

351 2841 567 2910 Πατὴρ,
604 2845 657 2896 ει
685 2843 772 2912 μὴ
805 2846 839 2898 ὁ
879 2844 1030 2910 Υἱός·
1057 2843 1155 2897 καὶ
1184 2842 1383 2909 οὐδεὶς
1413 2838 1538 2896 οἵδε
1566 2843 1658 2909 τις
1690 2843 1861 2897 ἐστιν
1889 2845 1920 2896 ό

357 2932 506 2999 Υἱὸς,
540 2936 593 2987 ει
625 2932 711 3004 μὴ
740 2936 774 2988 ό
807 2934 1029 3002 Πατήρ.
1076 2934 1377 3006 Ἀτρεπτον
1409 2934 1597 2987 τοῦτον
1637 2933 1730 2987 καὶ
1758 2933 1920 2987 ἀναλ-

349 3024 565 3079 λοιωτον
592 3024 668 3090 ὡς
697 3025 791 3079 τὸν
816 3025 1060 3097 Πατέρα,
1095 3025 1391 3097 ἀπροσδεῆ,
1423 3027 1517 3079 καὶ
1542 3026 1742 3080 τέλειον
1774 3024 1919 3091 Υξόν,

350 3118 557 3190 ἐμφερῆ
593 3117 671 3190 τῷ
697 3118 872 3190 Πατρὶ
909 3117 1328 3191 μεμαθήκαμεν,
1358 3118 1501 3190 μόνῳ
1537 3118 1614 3190 τῷ
1646 3119 1924 3191 άγεννήτῳ

350 3208 666 3279 λειπόμενον
691 3209 921 3263 ἐκείνου.
955 3208 1132 3263 Εικὼν
1158 3210 1265 3278 γάρ
1293 3210 1439 3262 ἐστιν
1467 3209 1921 3281 ἀπηκριϐωμένη,

354 3299 443 3354 οιαὶ
469 3299 886 3370 ἀπαράλλακτος
910 3300 1003 3353 τοῦ
1029 3300 1262 3372 Πατρός.
1293 3299 1517 3355 Πάντων
1540 3301 1648 3372 γὰρ
1669 3298 1923 3372 εἶναιτὴν

351 3394 531 3448 εἰκόνα
555 3395 669 3466 (55)
694 3394 897 3467 πλήρη,
939 3394 1007 3448 δι’
1044 3387 1119 3448 ὧν
1154 3396 1188 3466 ἡ
1225 3394 1425 3466 μείζων
1448 3395 1716 3466 ἐμφέρεια
1743 3393 1921 3464 δῆλον,

352 3488 424 3552 ὡς
457 3487 619 3551 αὐτὸς
650 3486 966 3541 ἐπαίδευσεν
997 3490 1027 3542 ὁ
1059 3487 1280 3559 Κύριος·
1333 3488 1388 3540 '0
1427 3486 1628 3556 Πατήρ
1654 3505 1794 3558 μου,
1840 3486 1924 3541 λέ-

353 3596 482 3647 νων,
511 3579 725 3648 μείζων
755 3598 876 3651 μου
915 3580 1065 3634 ἐστι.
1097 3580 1208 3634 Καὶ
1233 3579 1375 3633 κατά
1414 3580 1571 3634 τοῦτο
1610 3580 1702 3634 καὶ
1740 3580 1800 3633 τὸ
1838 3579 1926 3633 ἀεὶ

354 3667 489 3726 εἶναι
512 3671 604 3727 τὸν
634 3672 763 3728 Υἰόν
794 3675 858 3727 ἐκ
883 3673 976 3727 τοῦ
1002 3673 1215 3747 Πατρός
1247 3671 1596 3743 πιστεύομεν.
1640 3673 1923 3742 Ἀπαύτα-

356 3777 473 3831 σμα
512 3763 621 3837 γάρ
658 3763 790 3818 ἐστι
830 3762 940 3834 τῆς
976 3763 1183 3832 δόξης,
1223 3764 1319 3818 καὶ
1350 3763 1657 3840 χαρακτὴρ
1685 3762 1794 3832 τῆς
1820 3781 1925 3817 πα-

362 3856 543 3928 τρικῆς
565 3855 973 3924 ὑποστάσεως.
1014 3856 1172 3910 Ἀλλὰ
1199 3857 1272 3927 μή
1296 3873 1381 3922 τις
1414 3856 1475 3909 τὸ
1507 3856 1599 3911 ἀεὶ
1628 3855 1763 3928 πρὸς
1794 3856 1925 3908 ὑπό-

360 3964 499 4003 νοιαν
540 3949 862 4019 Ἀγεννήτου
888 3947 1231 4019 λαμϐανέτω,
1268 3948 1344 4011 ὡς
1363 3946 1564 4001 οἴονται
1583 3949 1632 4000 οἱ
1652 3947 1722 4000 τὰ
1743 3946 1924 4017 ψυχῆς

356 4040 680 4111 αἰσθητήρια
722 4039 1130 4112 πεπηρωμένοι.
1179 4038 1314 4092 Ούτε
1345 4039 1454 4111 γὰρ
1486 4040 1546 4093 τὸ
1571 4036 1668 4110 ἦν,
1711 4036 1834 4092 οὔτε
1862 4039 1923 4091 τὸ

354 4131 463 4195 ἀεὶ,
489 4131 623 4190 οὔτε
639 4131 700 4185 τὸ
726 4131 838 4199 πρὸ
862 4131 1109 4195 αἰώνων,
1139 4130 1335 4185 ταύτόν
1355 4132 1471 4184 ἐστι
1492 4131 1570 4203 τῷ
1603 4132 1920 4204 Ἀγεννὴτῳ.

364 4220 500 4274 Ἀλλ’
532 4221 642 4275 οὐδ’
682 4221 857 4276 ότιοῦν
902 4220 1201 4291 ἀνθρώπων
1254 4222 1425 4276 ἔννοια
1472 4223 1924 4295 ὀνοματοποιῆσαι

2018 1752 2127 1794 non
2155 1752 2443 1808 corporum
2478 1755 2665 1805 more,
2717 1756 2813 1809 per
2858 1741 3153 1798 iucisiones
3207 1750 3301 1795 aut
3345 1741 3595 1797 deﬁuxns

2018 1830 2373 1893 divisionum,
2407 1832 2864 1900 quemadmodum
2902 1830 3140 1887 Sabellio
3165 1834 3382 1887 videtur
3413 1842 3467 1889 et
3488 1832 3591 1888 Va.

2018 1922 2254 1987 lentino,
2308 1922 2402 1977 sed
2460 1921 2826 1993 inexplicabili
2866 1932 2919 1978 et
2965 1925 3321 1981 inenarrabili
3354 1926 3593 1997 quodam

2018 2015 2202 2083 modo,
2245 2015 2401 2084 juxta
2436 2016 2712 2085 propheta:
2743 2016 2907 2071 verba
2947 2016 2994 2048 ⁸⁰
3029 2032 3150 2087 quae
3199 2033 3365 2087 supra
3401 2020 3594 2074 retuliq

2019 2123 2187 2163 mus:
2222 2106 2617 2162 Generationem
2677 2108 2789 2176 ejus
2852 2108 2968 2177 quis
3022 2108 3334 2163 enarrabit?
3385 2108 3593 2180 Quippe

2020 2214 2142 2253 cum
2176 2198 2296 2269 ejus
2320 2198 2729 2253 snbsistentiam
2771 2198 2916 2252 nulla
2952 2199 3199 2253 mortalis
3228 2207 3422 2254 natura
3467 2216 3591 2269 pera

2019 2291 2288 2361 vestigare
2312 2289 2507 2361 possit,
2533 2289 2676 2345 sicut
2709 2303 2810 2344 nec
2838 2287 2998 2344 Pater
3029 2289 3098 2343 ab
3131 2289 3241 2344 ullo
3280 2289 3595 2360 investigari

2020 2384 2239 2448 potest;
2278 2385 2566 2448 propterea
2621 2378 2767 2449 quod
2814 2378 3096 2433 rationalis
3130 2388 3323 2433 natura
3372 2381 3592 2435 modum

2020 2470 2216 2525 divinae
2245 2470 2394 2525 illius
2417 2486 2485 2526 ex
2506 2469 2666 2526 Patre
2698 2472 3066 2542 generationis
3096 2474 3374 2542 percipere
3412 2472 3593 2529 baud-

2020 2578 2293 2634 quaquam
2329 2564 2490 2619 valet.
2524 2562 2726 2618 Verum
2759 2563 3010 2619 homines
3038 2563 3129 2634 qui
3164 2562 3367 2634 Spiritu
3392 2566 3595 2620 verita-

2023 2656 2092 2711 tis
2126 2667 2441 2722 moventur,
2484 2672 2592 2713 non
2643 2671 2781 2725 opus
2812 2655 3015 2711 habent
3044 2657 3147 2711 ista
3176 2672 3205 2710 a
3236 2672 3322 2712 me
3347 2657 3557 2715 discere
3576 2700 3590 2723 ,

2021 2765 2146 2803 cum
2181 2749 2405 2804 auribus
2449 2748 2673 2804 nostris.
2715 2749 2972 2803 insonent
3006 2751 3166 2805 verba
3214 2751 3324 2821 jam
3382 2752 3510 2806 olim
3562 2768 3591 2805 a

2022 2838 2242 2895 Christo
2269 2839 2372 2895 hac
2399 2840 2466 2895 de
2489 2857 2547 2896 re
2582 2840 2816 2910 prolata,
2841 2856 3053 2910 nosque
3081 2841 3153 2895 ita
3180 2843 3406 2897 doceant
3431 2863 3444 2898 :
3482 2841 3593 2896 Ne-

2025 2947 2109 2986 mo
2141 2933 2281 2986 novit
2311 2932 2527 2991 Patrem
2557 2933 2664 2987 nisi
2696 2930 2744 2985 F
2747 2933 2892 2998 ilius,
2923 2946 2970 2988 et
2999 2950 3145 2988 nemo
3177 2936 3474 3006 novit~qais
3523 2937 3593 2990 sit

2027 3021 2074 3075 Ε
2078 3024 2201 3077 ilius
2230 3024 2334 3078 nisi
2368 3023 2530 3077 Pater
2568 3023 2631 3080 ⁸¹.
2669 3021 2825 3079 Hunc
2853 3025 3229 3081 conversionis
3256 3041 3322 3080 ac
3346 3027 3594 3081 mutatio-

2024 3120 2115 3171 nis
2138 3124 2415 3187 expertem
2450 3116 2676 3186 perinde
2703 3130 2765 3171 ac
2803 3115 3042 3182 Patrem,
3075 3119 3280 3177 nullius
3323 3127 3591 3189 egentem,

2023 3218 2077 3261 et
2110 3207 2405 3277 perfectum
2430 3205 2648 3271 Filium,
2672 3206 2958 3278 Patrisque
2988 3210 3217 3265 similem
3242 3225 3364 3266 esse
3390 3210 3585 3265 didieir

2025 3313 2167 3362 mus,
2201 3299 2305 3355 hoc
2337 3300 2454 3355 solo
2477 3299 2790 3355 inferiorem
2813 3299 2993 3367 Patre,
3017 3301 3164 3371 quod
3200 3303 3595 3373 ingenitusnon

2023 3398 2124 3447 cst.
2164 3390 2258 3447 Est
2277 3392 2424 3447 enim
2462 3391 2640 3464 imago
2671 3391 2850 3447 Patris
2881 3395 3231 3449 exactissima
3260 3404 3314 3450 et
3355 3397 3409 3450 in
3442 3396 3595 3450 nullo

2024 3484 2361 3556 discrepans.
2390 3485 2602 3556 Quippe
2630 3486 2820 3557 liquet,
2851 3501 2976 3541 eum
3011 3487 3301 3557 imaginem
3323 3504 3445 3545 esse
3478 3489 3587 3559 ple-

2026 3590 2094 3629 ne
2123 3578 2305 3630 omnia
2335 3577 2726 3642 continentem,
2755 3577 2955 3647 quibus
3011 3578 3245 3632 maxima
3298 3579 3594 3634 similitudo

2025 3665 2366 3733 declaratur,
2398 3668 2540 3724 sicut
2581 3669 2698 3738 ipse
2725 3667 2985 3723 Dominus
3032 3668 3252 3733 docuit,
3306 3684 3428 3723 cum
3471 3671 3591 3725 ait:

2027 3758 2191 3813 Pater
2218 3759 2391 3829 major
2423 3776 2501 3814 me
2528 3769 2605 3814 est
2632 3760 2695 3814 ³⁸.
2749 3759 2813 3815 Et
2863 3764 3161 3817 secundum
3209 3761 3312 3815 hoc
3340 3758 3533 3815 Filium
3564 3777 3596 3817 e

2025 3849 2187 3905 Patre
2212 3866 2427 3922 semper
2456 3852 2724 3909 exsistere
2755 3852 3053 3908 credimus.
3087 3850 3185 3907 Est
3234 3853 3380 3909 enim
3424 3853 3597 3922 splen-

2025 3943 2123 3999 dor
2145 3952 2382 4015 paternaa
2409 3944 2612 4016 gloriae,
2640 3958 2690 4001 et
2712 3947 2887 4017 ﬁgura
2911 3946 3223 4001 substantiae
3249 3948 3362 4017 ejus
3387 3947 3452 4002 ³³.
3487 3944 3595 4003 Sed

2026 4052 2187 4091 nemo
2237 4052 2359 4091 eam
2411 4052 2598 4093 vocem
2652 4054 2853 4108 semper
2896 4039 2962 4094 ad
2995 4039 3361 4111 suspicionem
3416 4038 3596 4094 trahat

2027 4126 2280 4198 lugeniti,
2317 4127 2459 4183 sicut
2489 4128 2802 4185 existimant
2845 4131 2881 4184 ii
2934 4130 3028 4200 qui
3071 4146 3269 4186 sensus
3298 4130 3465 4184 animi
3497 4130 3598 4185 ob-

2028 4227 2259 4274 caecatos
2287 4219 2507 4277 habent.
2547 4219 2680 4275 Nam
2725 4237 2825 4277 nec
2864 4222 3088 4276 verbum
3120 4231 3263 4285 erat,
3325 4235 3424 4276 nec
3456 4237 3596 4276 sem-

353 4315 663 4379 σπουδάσει,
694 4314 844 4385 δηλοῖ
873 4315 935 4368 τὸ
972 4288 1286 4385 ἀγέννητον.
1329 4315 1417 4379 Ὠς
1454 4288 1725 4387 καὶτύμᾶς
1755 4288 1922 4380 οὕτως

2028 4326 2136 4377 per,
2163 4326 2263 4366 nec
2288 4322 2410 4366 ante
2432 4312 2630 4367 secula
2664 4312 2805 4367 idem
2838 4320 2922 4389 est
2952 4312 3097 4382 quod
3127 4312 3452 4383 lngenitum.
3485 4310 3619 4368 Sed'

352 4406 668 4477 ἐκδέχεσθαι
697 4406 959 4472 πιστεύω,
994 4406 1089 4460 καὶ
1125 4406 1439 4479 τεθάρρηκα
1466 4410 1533 4479 τῇ
1557 4409 1685 4480 περὶ
1708 4409 1925 4463 πάντων

350 4496 504 4568 ὐμῶν
536 4495 671 4569 ὀρθῇ
708 4496 982 4569 προθέσει,
1029 4496 1170 4551 κατά
1219 4497 1419 4569 μηδένα
1472 4499 1672 4569 τρόπον
1721 4498 1924 4553 τούτων

356 4586 456 4642 τῶν
501 4585 782 4658 ὀνομάτων
824 4586 885 4640 τὸ
922 4587 1214 4656 ἀγέννητον
1243 4584 1559 4657 δηλούντων.
1603 4587 1784 4640 Ἐοικε
1818 4588 1924 4658 γὰρ

434 4735 838 4804 υιλοαη.ν,1.
925 4740 970 4773 ³⁸
998 4739 1110 4796 Isa.
1138 4743 1329 4805 Lm,8.
1406 4744 1445 4774 ³¹
1480 4742 1677 4799 Matth.
1710 4761 1785 4807 XI,
1814 4743 1902 4800 27.
1984 4747 2027 4778 ³³

355 4911 607 4975 nat_uram
638 4903 998 4974 uuigenitam,
1034 4918 1147 4975 non
1177 4904 1323 4975 quod
1346 4903 1678 4975 ,Unigenitus
1707 4903 1932 4959 inferior

354 4974 423 5044 sit
438 4971 618 5037 Patre,
642 4971 898 5044 sed'quod
920 4989 1015 5044 per
1026 4971 1391 5044 illum-omnia
1416 4971 1545 5029 facit
1562 4974 1743 5037 Pater,
1779 4983 1837 5029 ut
1854 4977 1928 5029 ait

354 5040 590 5116 J_oannes
622 5038 977 5116 evangelista.
1025 5042 1181 5100 Unde
1207 5045 1273 5099 δι’
1290 5038 1368 5116 pi:
1409 5046 1630 5116 proprie
1667 5046 1931 5116 tribuitur

357 5110 514 5183 filio,
563 5110 1027 5183 quemadmodum
1084 5123 1240 5170 notat
1288 5110 1528 5172 Basilius
1575 5116 1630 5170 in
1672 5116 1813 5170 libro
1855 5115 1929 5170 De

356 5182 560 5249 Spiritu
583 5182 795 5241 sancto.

424 5253 747 5337 (5411mm;
794 5253 867 5337 τῇ
912 5253 1172 5337 γεννηςῇ
1190 5256 1415 5337 ,φύσειε
1449 5254 1657 5337 Malim.
1690 5254 1930 5337 scribere

355 5326 576 5395 γενητῇ,
607 5325 1068 5394 quemadmodum
1101 5326 1297 5395 legisse
1320 5326 1534 5381 videtur
1563 5325 1918 5396 Epiphanius.

355 5391 527 5465 Vertit
547 5397 716 5465 enim,
739 5396 880 5449 omni
895 5404 1084 5465 creata:
1108 5406 1313 5450 natura:
1331 5396 1794 5465 imperscrutabili.
1813 5402 1919 5450 etc.

428 5463 536 5531 (35)
574 5462 824 5520 Πάντων
864 5465 974 5534 γὰρ
1014 5460 1167 5518 εἶναι
1203 5466 1318 5534 τὴν
1360 5460 1581 5521 εἰκόνα.
1629 5465 1685 5521 In
1735 5466 1923 5520 codice

357 5529 637 5588 Saviliano
666 5544 721 5589 et
758 5535 811 5589 in
850 5529 1089 5590 editione
1124 5529 1409 5592 Basil'iensi
1443 5539 1668 5592 verbum
1691 5537 1921 5591 interse-

354 5604 497 5659 ritur
536 5604 639 5660 hoc
666 5607 850 5672 modo,
902 5606 1117 5660 πάντων
1149 5606 1256 5679 γὰρ
1298 5602 1434 5661 εἶναι
1483 5607 1565 5660 δεῖ
1604 5606 1707 5679 τὴν,
1742 5607 1923 5660 εἰκόνα

2031 4418 2205 4473 neque
2239 4402 2385 4457 aliud
2430 4403 2600 4457 ullum
2634 4403 2959 4458 vocabulum
2999 4401 3233 4458 humana
3265 4418 3418 4458 mens
3447 4415 3598 4457 com-

2032 4494 2246 4549 minisci
2282 4503 2460 4564 potest
2485 4494 2630 4565 quod
2659 4495 2928 4566 signiﬁcet
2956 4496 3275 4566 ingenitum.
3321 4497 3497 4566 Atque
3521 4495 3596 4549 ita

2031 4603 2129 4643 vos
2160 4588 2462 4661 intelligere
2493 4589 2693 4655 credo,
2746 4602 3033 4660 vestroque
3103 4591 3157 4644 in
3207 4590 3461 4645 omnibus
3514 4605 3601 4645 re—

2060 4744 2222 4800 Joau.
2250 4759 2358 4810 xlv,
2385 4746 2473 4801 9.8.
2553 4747 2596 4777 ³³
2632 4746 2790 4804 Ilebr.
2828 4763 2868 4810 ι,

2036 4911 2240 4982 πλήρη.
2272 4910 2444 4982 Atque
2475 4911 2546 4963 ita
2577 4911 2774 4980 legisse
2806 4911 3023 4965 videtur
3057 4910 3390 4981 Epiphanius
3425 4909 3598 4963 Scho.

2034 4979 2279 5036 lasticus.
2312 4979 2403 5035 Sic
2428 4982 2571 5035 enim
2605 4979 2786 5045 vertit,
2833 4990 2883 5035 et
2916 4979 3126 5035 omnino
3160 4979 3447 5052 imaginem
3469 4996 3593 5034 con-

2033 5052 2168 5122 venit
2197 5066 2309 5122 esse
2345 5052 2552 5120 plenam
2588 5068 2791 5119 eorum,
2829 5069 2921 5122 per
2951 5068 3067 5122 qua:
3099 5069 3200 5106 non
3233 5050 3371 5122 desit
3393 5050 3597 5121 aliquid

2035 5120 2099 5174 ab
2139 5121 2441 5192 wqualitate
2466 5122 2579 5191 ejus
2610 5123 2760 5192 cujus
2790 5120 2971 5192 imago
2998 5133 3095 5177 est.
3133 5122 3235 5177 Sed
3266 5131 3318 5178 et
3344 5120 3596 5177 Christo-

2033 5191 2343 5260 phors'onus
2381 5191 2626 5263 eamdem
2658 5191 2986 5262 scripturam
3030 5192 3085 5245 in
3121 5194 3273 5248 libris
3302 5193 3416 5248 suis
3442 5208 3597 5263 repe-

2033 5268 2200 5322 rerat,
2233 5263 2337 5333 nisi
2366 5262 2512 5333 quod
2532 5261 2641 5333 δεῖν
2663 5264 2717 5317 in
2740 5261 2849 5318 illis
2869 5264 3272 5333 exemplaribus
3296 5261 3592 5331 legebatur.

2029 5332 2224 5387 melius
2249 5332 2498 5404 fortasse.
2532 5332 2789 5404 Refertur
2811 5336 2954 5388 enim
2981 5332 3048 5386 ad
3079 5349 3262 5388 vocem
3291 5333 3448 5403 δῆλον
3475 5349 3596 5404 qua:

2030 5404 2296 5472 sequitur.
2332 5403 2485 5474 Quod
2522 5405 2565 5459 si
2597 5403 2678 5456 δεῖ
2707 5404 2883 5474 legere
2912 5405 3188 5468 malimus,
3217 5412 3330 5457 tum
3353 5403 3567 5460 scriben

2029 5474 2157 5526 dum
2197 5475 2300 5528 erit
2325 5473 2596 5544 δηλοῦται,
2631 5485 2690 5528 ut
2714 5473 2910 5544 legitur
2938 5476 2991 5529 in
3015 5474 3201 5530 codice
3228 5474 3427 5532 Leonis
3458 5475 3596 5531 Alla-

2030 5544 2111 5608 tii,
2149 5558 2247 5615 pro
2276 5544 2451 5618 δῆλον.
