3956 6198
229 242 331 300 569

1628 244 2011 301 ΕΡΙδΤΟῐηιΕ.

3360 245 3465 301 570

296 356 438 415 Xlll.
476 357 658 414 Ταῦτα
682 360 747 413 ἐκ
770 360 968 431 μέρους
996 360 1296 433 ὲνεχάραξα
1316 363 1384 436 τῇ
1413 361 1692 434 ἐπιστολῇ,
1726 380 1762 415 τι

1960 359 2095 416 XIII.
2134 360 2259 420 Haec
2293 377 2359 419 ex
2399 370 2553 435 parte
2598 361 2891 434 perscripsi
2923 361 2980 416 in
3036 361 3138 418 hac
3193 362 3459 434 epistola,

223 451 350 506 καθ’
396 452 620 505 ἕκαστον
659 452 746 504 ἐπ’
787 453 1067 525 ἀκριϐείας
1113 454 1365 526 γράφειν,
1403 455 1676 527 φορτικὸν,
1715 456 1793 521 ὼς

222 544 389 615 ἔφην,
433 540 566 598 εἶναι
610 543 856 615 νομίσας,
901 544 989 599 διὰ
1033 545 1094 599 τὸ
1139 546 1273 618 μηδὲ
1317 545 1413 618 τὴν
1453 545 1604 616 ἱερὰν
1636 545 1790 617 ὑμῶν

221 633 402 689 ταῦτα
430 632 702 703 λεληθέναι
733 632 988 705 σπουδήν.
1018 633 1203 687 Ταῦτα
1239 632 1579 704 διδάσκομεν,
1619 633 1791 687 ταῦτα

222 727 583 799 κηρύττομεν.
625 724 808 778 Ταῦτα
847 725 948 796 τῆς
993 726 1318 798 Ἐκκλησίας
1354 724 1424 778 τὰ
1460 725 1791 780 ἀποστολικὰ

216 818 487 889 δόγματα,
514 818 653 889 ὑπὲρ
674 810 748 870 ὧν
768 816 861 870 καὶ
880 816 1316 889 ἀποθνήσκομεν,
1337 816 1446 870 τῶν
1465 816 1787 888 ἐξόμνυσθαι

215 909 353 963 αὐτὰ
395 908 731 981 βιαζομένων
774 902 938 980 ἦττον
985 909 1422 981 πεφροντικότες,
1471 910 1518 961 εί
1561 908 1654 962 καὶ
1699 908 1789 963 διὰ

215 1000 470 1071 βασάνων
496 999 883 1068 ἀναγκάζουσι,
910 1000 1007 1071 τὴν
1041 1001 1097 1053 ἐν
1126 999 1308 1062 αὐτοῖς
1335 998 1523 1053 ἐλπίδα
1557 999 1631 1072 μὴ
1656 1000 1790 1054 ἀπο-

215 1094 591 1167 στρεφόμενοι.
653 1089 754 1146 Ὦν
806 1093 1035 1148 ἐναντίοι
1085 1093 1365 1165 γενόμενοι
1409 1096 1456 1147 οί
1512 1094 1655 1165 ἀμφὶ
1696 1094 1786 1149 τὸν

216 1188 439 1260 Ἀρειον
463 1186 559 1240 καὶ⁸
598 1185 844 1257 utva
876 1187 970 1240 καὶ
993 1188 1041 1239 οἱ
1074 1185 1172 1256 τῆς
1200 1186 1457 1260 ἀληθείας
1487 1190 1582 1241 σὺν
1602 1186 1787 1252 αὐτοῖς

209 1278 483 1352 πολέμιοι,
536 1275 897 1349 ἀπεὼσθησαν
951 1277 1049 1350 τῆς
1114 1279 1460 1351 Ἐκκλησίας,
1517 1278 1785 1352 ἀλλότριοι

1896 454 2111 526 singula
2144 460 2398 510 accurate
2428 453 2679 526 persequi
2713 454 3081 526 importunum
3126 456 3460 523 arbitratus,

1892 554 1954 600 ut
1985 552 2143 601 antea
2172 544 2284 600 di'xi
2303 586 2319 612 ,
2356 561 2422 601 eo
2456 544 2600 616 quod
2630 544 2935 615 religiosam
2965 554 3200 603 vestram
3228 547 3460 619 diligen-

1890 635 2019 690 tiam
2051 651 2160 690 non
2193 636 2416 691 lateant.
2471 635 2597 691 Haac
2625 635 2907 700 docemus,
2938 636 3053 691 haec
3078 637 3458 707 praedicamus.

1891 723 2016 779 ﬂare
2061 734 2189 780 sunt
2246 726 2545 797 apostolica
2583 724 2840 781 Ecclesia:
2887 726 3174 797 dogmata,
3207 745 3307 800 pro
3334 731 3458 801 qui.

1889 815 1991 869 bus
2018 822 2244 871 mortem
2272 831 2489 886 quoque
2519 816 2751 870 libenter
2798 817 3103 886 oppetimus
3123 858 3138 883 ,
3170 820 3323 889 parvi
3379 821 3459 875 fa—

1887 905 2092 961 cientes
2116 921 2212 962 eos
2238 907 2331 977 qui
2364 922 2462 964 nos
2505 907 2608 960 ista
2640 922 2839 978 negare
2882 907 3244 978 compellunt,
3276 926 3459 980 spem-

1888 1012 1992 1068 que
2018 996 2071 1050 in
2098 996 2168 1052 iis
2202 996 2434 1067 positam
2467 1012 2574 1051 non
2624 997 2942 1067 abjicieutes
2966 1037 2980 1062 ,
3014 996 3141 1052 licet
3201 998 3292 1054 isti
3342 1008 3458 1054 tor-

1886 1088 2085 1143 mentis
2112 1087 2372 1143 adhibitis
2421 1088 2528 1143 vim
2571 1086 2817 1143 aderant.
2865 1086 3075 1155 Quibus
3105 1088 3457 1148 adversantes

1882 1182 2048 1251 Arius
2078 1190 2131 1237 et
2152 1181 2413 1244 Achillas.
2445 1192 2496 1237 el
2535 1182 2627 1252 qui
2663 1197 2787 1237 cum
2829 1182 2937 1238 illis
2971 1190 3099 1237 sunt
3146 1182 3331 1240 hostes
3361 1200 3454 1240 ve-

1883 1274 2082 1337 ritatis,
2109 1273 2352 1331 Ecclesia
2378 1274 2591 1345 expulsi
2619 1283 2766 1339 sunt,
2791 1282 2978 1346 utpote
3001 1274 3160 1330 alieni
3195 1290 3225 1329 a
3264 1286 3452 1332 nostra

209 1372 493 1443 γενόμενοι
531 1370 631 1441 τῆς
661 1369 915 1434 εὐσεϐοῦς
941 1371 1097 1442 ἡμῶν
1128 1371 1491 1436 διδασκαλίας,
1528 1371 1669 1426 κατά
1694 1371 1762 1424 ea

1883 1365 1970 1435 pia
2004 1364 2274 1431 doctrina,
2304 1365 2458 1435 juxta
2502 1366 2721 1422 beatum
2763 1367 2989 1422 Paulum
3010 1408 3024 1431 ,
3058 1369 3149 1438 qui
3178 1370 3252 1424 ait
3276 1370 3359 1428 “2
3392 1370 3454 1427 Si

211 1463 485 1535 μακάριον
514 1461 722 1516 Παῦλον
750 1461 994 1530 λέγοντα·
1024 1462 1098 1516 El
1121 1480 1210 1530 τις
1234 1460 1389 1532 ὑμᾶς
1418 1460 1756 1532 scansili};

1881 1457 1997 1528 quis
2024 1455 2166 1513 vobis
2195 1459 2625 1531 evangeliaaverit
2672 1470 2864 1528 praeter
2904 1460 2958 1515 id
2984 1462 3120 1532 quod
3148 1464 3448 1532 accepistis,

207 1574 301 1611 ται
336 1557 478 1626 παρ’
505 1555 538 1609 ὃ
567 1553 947 1624 παρελάϐετε,
973 1554 1238 1625 ἀνάθεμα
1266 1554 1441 1622 ἔστω,
1470 1553 1586 1609 κᾶν
1610 1554 1762 1626 ἀγγε-

1881 1547 2162 1602 anathema
2206 1551 2313 1614 sit;
2364 1551 2485 1608 licet
2527 1551 2764 1621 angelum
2787 1551 2850 1606 de
2864 1551 2990 1605 ειείο
3007 1569 3060 1606 se
3078 1569 3188 1608 esse
3211 1552 3447 1609 simulet.

206 1653 310 1715 λος
340 1648 414 1714 ἐξ
445 1646 706 1716 οὐρανοῦ
740 1647 892 1701 εἶναι
935 1648 1316 1720 προσποιῆται.
1366 1646 1526 1701 Ἀλλά
1556 1648 1669 1713 καὶ,
1708 1651 1762 1701 E;

1885 1636 1989 1693 Sed
2022 1650 2094 1703 et,
2131 1638 2193 1695 Si
2232 1642 2348 1711 quis
2387 1642 2534 1695 aliud
2562 1643 2778 1707 doceat,
2810 1654 2859 1698 et
2890 1661 2991 1699 non
3037 1646 3333 1715 acquiescat
3361 1663 3452 1701 sa-

208 1710 305 1807 ac:
347 1710 889 1809 ἑτεροδιδασκαλεῖ,
940 1710 1039 1793 καὶ
1078 1738 1165 1809 μὴ
1193 1710 1605 1809 ’προσέρχεται
1655 1710 1762 1805 τοῖς

1878 1735 1984 1789 cris
2012 1735 2337 1790 sermonibus
2376 1735 2590 1790 Domini
2635 1737 2803 1791 nostri
2850 1735 2978 1791 Jesu
3027 1734 3260 1803 Christi,
3308 1746 3358 1792 et
3401 1738 3451 1792 ei

205 1834 546 1905 ὑγιαίνουσι
581 1833 783 1902 λόγοις
822 1830 946 1897 τοῖς
972 1831 1079 1884 τοῦ
1118 1831 1337 1899 Kvplov
1373 1829 1541 1899 ἡμῶν
1580 1830 1762 1900 Ἰησοί

1868 1838 1994 1893 κᾳιιω
2015 1823 2299 1878 secundum
2340 1825 2583 1892 pietatem
2619 1836 2693 1880 est
2726 1825 3019 1890 doctrinm;
3051 1828 3095 1882 is
3119 1828 3342 1897 inﬂatur
3366 1828 3450 1882 ni—

204 1924 487 1996 Χριστοῦ,
522 1924 620 1979 καὶ
646 1922 723 1994 τῇ
751 1924 874 1978 κατ’
907 1923 1221 1979 εὐσέϐειαν
1248 1922 1632 1991 διδασκαλίᾳ,
1680 1940 1762 1977 τε·

1878 1912 1955 1967 Ιιὶί
1985 1916 2151 1970 sciens
2180 1915 2223 1947 ⁸⁷
2255 1934 2268 1970 :
2302 1923 2357 1969 et
2386 1931 2508 1986 quae
2546 1924 2866 1986 sequuntur.
2901 1916 3011 1973 llos
3050 1917 3216 1987 igitur
3238 1918 3307 1972 ab
3333 1920 3453 1973 uni-

207 2019 484 2087 nigoutat,
504 2016 700 2086 μηδὲν
721 2017 1136 2087 ἐπιστάμενος,
1158 2016 1251 2069 καὶ
1278 2016 1344 2070 τά
1371 2015 1517 2086 ἑξῆς.
1543 2015 1762 2081 Τούτους

1877 2007 2050 2062 versis
2121 2006 2383 2063 fratribus
2443 2009 2928 2064 anathematizatos
2989 2025 3150 2065 nemo
3205 2017 3446 2066 vestrum

206 2105 294 2164 οὖν
316 2106 848 2177 ἀναθεματισθέντας
881 2107 991 2161 ἀπὸ
1023 2107 1123 2178 τῆς
1162 2106 1539 2177 ἀδελφότητος,
1586 2106 1762 2177 μηδεὶς

1878 2098 2163 2168 suscipiat,
2189 2114 2288 2154 nec
2314 2113 2377 2154 ea
2398 2115 2518 2170 quae
2548 2100 2616 2154 ab
2648 2100 2755 2155 illis
2779 2108 2871 2155 aut
2901 2100 3159 2154 dicuntur
3187 2108 3281 2155 aut
3309 2101 3451 2156 scri-

208 2197 354 2269 ὑμῶν
398 2195 658 2265 δεχέσθω,
717 2195 849 2267 μηδὲ
903 2195 1177 2266 ἀνεχέσθω
1223 2194 1330 2249 τῶν
1376 2193 1680 2267 λεγομένων
1732 2196 1762 2268 ἢ

1874 2188 2078 2243 buntur
2130 2188 2398 2244 admittat.
2454 2189 2647 2246 Omnia
2714 2192 2858 2247 enim
2921 2191 3256 2247 mentiuntur
3308 2208 3448 2264 pra:-

209 2290 559 2361 γραφομένων
602 2289 693 2342 ὑπ’
739 2289 937 2343 αὐτῶν.
983 2288 1168 2344 Πάντα
1195 2289 1303 2360 γὰρ
1335 2290 1381 2341 οἱ
1413 2288 1606 2359 γόητες
1641 2288 1771 2359 ψεύ-

208 2382 395 2447 δονται,
426 2381 685 2454 ἀλήθειαν
715 2380 775 2433 οὐ
805 2381 878 2452 μὴ
901 2380 1211 2452 λαλήσουσι.
1248 2378 1629 2451 Περιέρχονται
1659 2378 1767 2453 γὰρ

206 2475 298 2539 τὰς
343 2473 557 2537 πόλεις,
610 2472 762 2526 οὐδὲν
808 2471 994 2544 ἓτερον
1047 2472 1452 2538 σπουδάζοντες,
1483 2472 1516 2544 ἢ
1553 2470 1632 2543 τῷ
1668 2472 1767 2542 τῆς

208 2565 377 2632 φιλίας
424 2565 776 2636 προσχήματι
825 2563 920 2616 καὶ
978 2562 1056 2633 τῷ
1113 2563 1214 2634 τῆς
1245 2565 1466 2635 εἰρήνης
1520 2562 1764 2633 ὀνόματι,

205 2654 268 2707 δι’
299 2654 638 2727 ὑποκρίσεως
675 2654 767 2708 καὶ
797 2652 1085 2718 κολακείας
1113 2654 1417 2726 γράμματα
1445 2652 1643 2707 διδόναι
1669 2651 1764 2705 καὶ

206 2745 509 2817 λαμϐάνειν,
540 2745 677 2817 πρὸς
699 2744 760 2798 τὸ
788 2744 994 2799 πλανᾶν
1032 2744 1120 2797 διὰ
1141 2744 1344 2799 τούτων
1367 2745 1434 2798 τὰ
1465 2745 1558 2799 ὑπ’
1586 2743 1764 2798 αὐτῶν

1872 2280 2203 2351 stigiatores,
2235 2297 2335 2337 nec
2366 2283 2647 2339 veritatem
2678 2298 2918 2354 unquam
2958 2279 3266 2354 loquentur.
3325 2283 3443 2340 Cir-

1872 2383 2129 2427 cumeunt
2161 2373 2429 2444 siquidem
2456 2370 2727 2440 civitates,
2773 2375 2907 2430 nihil
2942 2375 3089 2430 aliud
3120 2376 3401 2433 molientes
3423 2416 3441 2442 ,

1870 2478 2032 2532 quam
2066 2473 2124 2519 ut
2160 2464 2413 2519 amicitiae
2442 2467 2622 2536 specie
2649 2473 2704 2521 et
2735 2465 2836 2520 sub
2879 2465 3099 2520 nomine
3126 2465 3280 2536 pacis
3300 2505 3317 2531 ,
3346 2482 3444 2537 per

1870 2554 2270 2610 simulationem
2301 2563 2356 2611 et
2384 2556 2679 2613 blanditias
2703 2557 2834 2613 dent
2867 2556 3075 2613 litteras
3100 2566 3263 2628 atque
3293 2561 3439 2616 acci-

1868 2648 2058 2720 piant;
2091 2650 2290 2720 quibus
2331 2650 2670 2730 mulierculas
2701 2667 2903 2720 paucas
2932 2650 2997 2705 ab
3035 2652 3164 2722 ipsis
3202 2652 3443 2722 deceptas

1869 2750 1917 2795 et
1948 2742 2174 2810 peccatis
2204 2750 2420 2796 onustas
2454 2743 2509 2796 in
2530 2759 2760 2798 errorem
2781 2742 3035 2798 inducant
3070 2743 3115 2776 ⁸³
3138 2751 3191 2800 et
3220 2753 3437 2800 caetera.

203 2840 544 2912 ἠπατημένα
564 2840 740 2910 ὀλίγα
762 2837 1135 2910 γυναικάρια,
1161 2839 1568 2911 σεσωρευμένα
1590 2839 1916 2909 ἁμαρτίαις,
1950 2836 2043 2889 καὶ
2071 2835 2138 2889 τὰ
2166 2836 2309 2909 ἑξῆς.

265 2958 402 3013 XIV.
443 2957 679 3021 Τούτους
707 2952 800 3011 οῦν
825 2958 951 3021 τοὺς
983 2956 1052 3010 τά
1081 2956 1316 3011 τοσαῦτα
1347 2956 1490 3012 κατά
1522 2954 1760 3029 Χριστοῦ

198 3049 582 3121 τολμήσαντας,
611 3049 737 3114 τοὺς
770 3047 862 3101 τὸν
890 3047 1317 3137 Χριστιανισμδν
1345 3047 1502 3104 τοῦτο
1541 3049 1640 3120 μὲν
1666 3047 1761 3105 δη·
1786 3079 1829 3137 c

204 3141 359 3212 μοσία
395 3138 774 3210 διασύραντας,
818 3136 977 3191 τοῦτο
1021 3137 1076 3191 δὲ
1114 3138 1205 3191 ἐπὶ
1241 3138 1603 3210 δικαστηρίων
1636 3138 1757 3191 ὲπι-

202 3229 428 3300 δεικτιᾷν
461 3226 963 3299 φιλοτιμουμένους,
1002 3227 1129 3290 τοὺς
1159 3226 1395 3298 διωγμὺν
1426 3228 1559 3298 ἡμῖν
1593 3227 1651 3283 ἐν
1683 3226 1760 3279 εί-

207 3321 339 3393 ρήνῃ
362 3320 419 3373 τὸ
443 3320 566 3373 ὅσον
600 3318 687 3370 ἐπ’
713 3317 895 3380 αὐτοῖς
919 3317 1332 3389 ἐπεγείρανταςν
1357 3316 1485 3381 τοὺς
1504 3317 1563 3371 τδ
1588 3318 1759 3390 ἀρῤτΓ

202 3428 288 3464 τον
319 3413 604 3484 μυστήριον
636 3410 737 3481 τῆς
766 3409 1000 3481 Χριστοῦ
1026 3410 1292 3478 γενέσεως
1315 3410 1755 3482 ὲκνευρίσαντας,

202 3502 411 3567 τούτους
434 3501 895 3573 ἀποστραφέντες,
922 3501 1198 3573 ιῐιγατιητο)⁵
1214 3503 1306 3556 καὶ
1320 3502 1580 3574 ὁμόψυχοι
1606 3502 1758 3556 ἀδελ-

204 3594 311 3663 φοὶ,
349 3594 623 3667 σύμψηφοι
654 3592 869 3662 γίνεσθε
914 3592 1056 3647 κατά
1094 3594 1192 3665 τῆς
1242 3593 1541 3666 μανιώδους
1578 3595 1756 3649 αὐτῶν

202 3682 410 3755 τόλμης,
434 3684 553 3738 καθ’
581 3681 875 3754 ὁμοιότητα
895 3682 1006 3736 τῶν
1032 3684 1526 3756 ἀγανακτησάντων
1557 3686 1758 3739 συλλει-

203 3775 430 3846 τσυργῶν
470 3776 644 3847 ήμῶν,
695 3777 789 3831 καὶ
822 3776 1239 3830 ἐπιστειλάντων
1279 3794 1368 3847 μοι
1404 3776 1522 3830 κατ’
1553 3778 1752 3841 αὐτῶν,

205 3866 294 3917 καὶ
317 3866 387 3938 τῷ
405 3868 552 3939 τόμῳ
575 3867 1121 3939 συνυπογραψάντων.
1160 3868 1228 3920 Ἀ
1251 3868 1346 3922 καὶ
1366 3867 1753 3940 διεπεμψάμην

204 3953 324 4023 ὑμῖν
358 3956 442 4010 διὰ
480 3954 578 4010 τοῦ
623 3955 742 4010 υίοῦ
779 3975 883 4028 μου
929 3957 1188 4022 Ἀπίωνος
1224 3957 1319 4012 τοῦ
1350 3958 1597 4012 διακόνου
1616 3959 1749 4031 (42),

202 4046 344 4100 τοῦτο
372 4048 466 4119 μὲν
490 4049 674 4121 πάσης
710 4048 985 4118 Αἰγύπτου
1034 4049 1130 4103 καὶ
1177 4049 1462 4121 Θηϐαΐδος,
1512 4049 1669 4104 τοῦτο
1695 4050 1751 4103 δὲ

202 4137 390 4211 Λιϐύης
431 4159 490 4195 τε
540 4142 636 4195 καί
684 4141 1087 4206 Πενταπόλεως,
1140 4142 1235 4195 καὶ
1281 4141 1499 4212 Συρίας,
1542 4143 1637 4196 καὶ
1670 4142 1751 4197 ἔτι

198 4229 385 4296 Λυκίας
432 4234 525 4288 καὶ
570 4232 918 4305 Παμφυλίας,
978 4232 1181 4297 Ἀσίας,
1207 4234 1619 4299 Καππαδοκίας,
1654 4233 1750 4287 καὶ

193 4321 292 4374 τῶν
316 4324 484 4379 ἄλλων
512 4325 836 4398 περιχόρων.
875 4319 975 4377 Ὧν
1006 4323 1130 4378 καθ’
1162 4324 1473 4395 ὁμοιότητα,
1498 4325 1591 4378 κα)⁸
1617 4326 1749 4396 παρ’

1939 2952 2078 3009 XIV.
2127 2953 2238 3011 llos
2268 2971 2399 3026 ergo
2430 2955 2522 3027 qui
2550 2962 2630 3010 tot
2655 2970 2719 3012 ac
2761 2961 2912 3011 tanta
2945 2954 3065 3012 ausi
3094 2963 3223 3012 sunt
3248 2963 3439 3012 contra

1864 3047 2177 3114 Christum;
2210 3049 2303 3119 qui
2332 3049 2700 3106 Christianam
2741 3050 3057 3122 religionem
3089 3049 3284 3121 partim
3316 3050 3442 3106 irri-

1859 3147 2050 3195 serunt
2074 3139 2324 3210 publice,
2360 3142 2557 3211 partim
2590 3142 2643 3196 in
2675 3140 2902 3212 judiciis
2933 3141 3222 3198 traducere
3251 3156 3317 3196 ac
3342 3142 3438 3198 de-

1856 3242 2046 3288 notare
2074 3232 2334 3287 student:
2384 3233 2475 3302 qui
2507 3234 2661 3303 pacis
2705 3241 2949 3304 tempore
3001 3234 3433 3304 persecutionem

1857 3324 2120 3381 adversus
2148 3339 2249 3379 nos
2272 3364 2288 3388 ,
2341 3333 2606 3394 quantum
2639 3326 2691 3380 iu
2723 3326 2860 3396 ipsis
2910 3334 3029 3389 est,
3061 3328 3434 3394 excitarunt;

1856 3417 1946 3486 qui
1982 3415 2253 3471 ineﬂ'abile
2281 3417 2598 3487 mysterium
2622 3418 2989 3489 generationis
3017 3414 3223 3475 Christi
3275 3435 3434 3477 ener-

1854 3518 2053 3566 varunt
2078 3529 2091 3565 :
2123 3510 2245 3580 hos,
2272 3511 2520 3582 inquam,
2555 3519 2874 3568 aversantes
2898 3553 2914 3579 ,
2943 3512 3251 3570 charissimi
3270 3525 3434 3585 atque

1855 3602 2141 3658 unanimes
2177 3601 2402 3666 fratres,
2444 3603 2818 3675 sull'ragamini
2865 3604 3025 3660 nobis
3052 3605 3314 3662 adversus
3344 3606 3431 3662 fu-

1852 3693 2054 3750 riosam
2095 3694 2309 3750 illorum
2340 3695 2624 3750 audaciam
2652 3735 2668 3759 ,
2718 3695 2943 3767 perinde
2988 3711 3052 3751 ac
3080 3696 3301 3766 collega:
3329 3712 3429 3751 no-

1855 3784 1977 3850 stri,
2007 3785 2100 3855 qui
2127 3784 2391 3856 indignati
2431 3795 2580 3847 sunt.
2611 3796 2665 3842 et
2704 3788 2865 3842 nobis
2898 3787 3161 3857 epistolas
3191 3788 3428 3859 scripse-

1852 3887 1978 3930 runt
2007 3877 2270 3933 adversus
2301 3878 2444 3941 illos,
2476 3888 2528 3933 et
2553 3886 2703 3934 temo
2732 3887 2923 3935 nostro
2956 3879 3427 3949 subscripserunt.

1850 3966 1980 4033 Quae
2012 3968 2173 4024 etiam
2210 3969 2275 4023 ad
2308 3985 2405 4025 vos
2432 3969 2558 4024 misi
2597 3986 2692 4041 per
2731 3970 2898 4025 tilium
2934 3986 3112 4026 meum
3162 3969 3426 4043 Apionem

1848 4059 2154 4125 diaconum,
2188 4060 2381 4130 partim
2412 4076 2479 4116 ex
2501 4061 2756 4117 universa
2782 4060 3016 4132 .IEgypto
3041 4076 3104 4115 ac
3126 4060 3423 4128 Thebaide,

1849 4150 2043 4222 partim
2074 4167 2141 4207 ex
2173 4150 2341 4222 Libya
2367 4166 2431 4207 ac
2458 4151 2739 4224 Pentapoli
2768 4172 2783 4209 :
2818 4153 2947 4209 item
2983 4168 3049 4208 ex
3081 4151 3274 4225 Syria,
3314 4153 3421 4226 Ly-

1848 4242 1954 4310 cia,
1990 4240 2327 4314 Pamphylia,
2351 4242 2503 4309 Asia,
2541 4243 2885 4316 Cappadocia
2919 4245 3151 4315 aliisque
3178 4244 3425 4302 finitimis

1847 4333 2164 4404 provinciis.
2202 4333 2446 4400 Quorum
2477 4336 2728 4405 exemplo
2758 4350 2789 4389 a
2822 4334 2978 4391 vobis
3025 4351 3242 4407 quoque
3282 4337 3424 4393 litte-

192 4411 335 4483 ὑμῶν
376 4417 627 4485 δέξασθαι
670 4416 921 4470 πέποιθα.
957 4415 1171 4470 Πολλῶν
1209 4417 1317 4488 γάρ
1349 4433 1437 4487 μοι
1472 4416 1750 4489 βοηθημά-

1866 4440 1943 4481 ras
1973 4440 2060 4481 me
2089 4434 2438 4495 accepturum
2467 4442 2590 4482 esse
2633 4425 2869 4482 confido.
2912 4425 3046 4480 Nam
3083 4442 3207 4481 cum
3253 4428 3424 4482 multa

188 4520 288 4559 των
320 4508 452 4581 πρὸς
492 4509 620 4574 τοὺς
653 4507 943 4579 βλαϐέντας
986 4509 1421 4581 πεπορισμένων,
1460 4509 1553 4562 καὶ
1588 4509 1745 4564 τοῦτο

192 4596 393 4670 εῦρεται
425 4602 843 4673 λυσιφάρμακον
882 4600 977 4655 τοῦ
1022 4600 1114 4654 ὑπ’
1153 4601 1331 4654 αὐτῶν
1375 4603 1743 4674 ἀπατηθέντος

191 4687 328 4754 λαοῦ,
361 4694 694 4766 πειθομένων
730 4694 824 4748 καὶ
867 4696 987 4759 ταῖς
1026 4692 1138 4764 (45)
1172 4693 1281 4747 τῶν
1321 4694 1742 4767 συλλειτουργῶν

191 4780 336 4851 ἡμῶν
362 4786 838 4856 συγκαταθέσεων,
874 4788 953 4851 εἰς
994 4785 1281 4857 μετάνοιαν
1308 4786 1395 4841 διά
1425 4788 1612 4842 τούτου
1647 4788 1739 4861 ἔρ-

190 4873 364 4941 χεσθαι
392 4879 819 4944 σπουδαζόντων.
868 4879 1207 4934 Ἀσπάσασθε
1240 4879 1502 4951 ἀλλήλους
1541 4882 1636 4935 σὺν
1673 4884 1738 4953 τῇ

195 4967 314 5035 παρ’
344 4969 493 5039 ὑμῶν
517 4969 836 5042 ἀδελφότητι
868 4969 1000 5040 (ﬂ).
1040 4969 1344 5043 Ἐρῤῶσθαι
1369 4971 1513 5043 ὑμᾶς
1538 4974 1595 5027 ὲν
1624 4974 1738 5026 Ku-

1852 4530 1882 4570 a
1918 4532 2004 4572 me
2026 4516 2278 4587 praesidia
2305 4528 2620 4587 comparata
2655 4517 2768 4572 sint
2796 4516 2864 4571 ad
2903 4513 3179 4572 sanandos
3211 4530 3307 4571 eos
3327 4516 3420 4585 qui

1851 4608 1963 4663 laesi
1993 4615 2143 4671 sunt,
2176 4615 2289 4661 tum
2321 4607 2452 4662 illud
2504 4609 2775 4679 praecipue
2801 4607 3097 4662 remedium
3147 4606 3423 4678 excogita-

1850 4709 1964 4756 tum
1998 4708 2082 4756 est
2125 4700 2191 4755 ad
2239 4701 2535 4755 curandam
2586 4701 2986 4756 multitudinem
3029 4716 3149 4772 qua:
3189 4701 3258 4756 ab
3309 4700 3425 4755 illis

1847 4792 2069 4861 decepta
2096 4797 2199 4854 est,
2226 4799 2284 4845 ut
2306 4791 2635 4862 collegarum
2660 4798 2975 4848 nostrorum
3006 4790 3296 4846 consensui
3321 4789 3441 4843 ub-‘

1846 4891 2169 4952 temperent,
2198 4889 2251 4936 et
2280 4896 2375 4952 per
2420 4881 2522 4936 hoc
2565 4882 2631 4937 ad
2660 4882 3033 4952 pmnitentiam
3059 4881 3237 4938 redire
3263 4880 3418 4937 festi-

1845 4981 1996 5028 nent.
2027 4971 2280 5028 Salutare
2309 4987 2404 5029 vos
2443 4972 2677 5029 invicem
2710 4988 2819 5028 una
2863 4988 2986 5029 cum
3017 4971 3297 5039 fratribus,
3319 4971 3415 5043 qui

250 5149 293 5182 ιο
321 5149 495 5206 σαιαι.
522 5168 559 5217 ι,
588 5152 642 5220 8,
664 5153 720 5209 9.
788 5138 831 5185 ιτ
872 5151 901 5206 ι
931 5152 1067 5207 Tim.
1106 5169 1179 5220 VI,
1205 5155 1258 5221 δ,
1285 5155 1340 5211 4.
1415 5155 1460 5189 τε
1496 5155 1560 5211 ιι
1589 5157 1726 5213 Tim.
1761 5158 1929 5221 111,4.

249 5357 357 5431 με,
400 5357 813 5431 Ἀπίωνοςτσῦ
845 5357 1147 5431 διακόνου.
1181 5357 1239 5412 ln
1269 5358 1392 5431 cod.
1420 5359 1617 5416 Leonis
1656 5359 1744 5416 Al-

196 5420 304 5510 lgtii,
334 5420 399 5510 et-
421 5428 562 5510 apud
593 5420 964 5510 Nicephorum
999 5429 1737 5510 legituncoﬁﬁpxtotaxovou.

194 5492 344 5578 Atque
365 5499 438 5553 ita
459 5492 628 5579 etiam
662 5492 788 5570 legit
814 5492 1150 5584 Epiphanius
1174 5492 1568 5584 Scholasiicus,
1592 5509 1651 5584 ut
1672 5518 1735 5584 es

197 5568 416 5623 versione
442 5567 563 5635 ejus
594 5567 1059 5639 apparet.ch
1109 5567 1311 5640 Regius
1352 5570 1403 5625 .l.
1445 5571 1565 5627 Piui
1610 5572 1739 5643 legit

197 5635 317 5690 τοῦδε
346 5637 443 5693 τοῦ
469 5638 716 5693 διακόνου
755 5637 1033 5703 Ἀπίωνος.

196 5648 317 5690 τόνδε
346 5648 443 5693 του
469 5648 716 5693 διακόνου
756 5648 1033 5703 Ἀπίωνος.

251 5708 350 5784 (45)
386 5709 762 5780 Πειθομένων
792 5709 890 5765 καὶ
929 5708 1075 5777 ταῖς.
1124 5708 1395 5767 Particula
1437 5710 1528 5765 καί
1560 5713 1733 5770 alieno

1849 5363 1967 5434 loco
2003 5363 2178 5434 posita
2212 5373 2313 5431 est,
2349 5375 2404 5420 et
2434 5366 2486 5420 in
2525 5382 2682 5422 suum
2717 5366 2894 5422 locum
2933 5366 3011 5420 sic
3047 5368 3405 5434 restituenda,

1845 5433 2178 5508 πειθομένων
2209 5438 2328 5508 ταῖς
2376 5436 2482 5491 τῶν
2530 5436 2951 5508 συλλειτουργῶν
2998 5435 3153 5507 ἡμῶν
3201 5433 3402 5508 συγκαὲ

1842 5504 2109 5569 ταθέσεσι,
2137 5505 2232 5558 καὶ
2261 5508 2360 5570 εἰς,
2391 5517 2495 5562 etc.

1910 5575 2020 5644 (44)
2061 5576 2185 5648 Σὺν
2207 5574 2280 5643 τῇ
2303 5577 2437 5646 παρ’
2468 5578 2635 5648 ὑμῶν
2661 5577 3036 5647 ἀδελφότητι.
3065 5576 3217 5648 Apud
3242 5576 3399 5634 Nice-

1838 5643 2069 5769 Βὲιιιῖἷιιιιη
2115 5646 2308 5718 legitur
2352 5643 2677 5722 παρ’ἢμῶν,
2707 5643 2851 5723 quod
2901 5643 3274 5705 rectius-mihi
3314 5650 3397 5706 vi-

1874 5724 2014 5771 Cilll‘.
