3956 6198
250 293 344 350 573

1649 295 2030 354 EPISTOLJE.

3369 301 3472 356 574

311 411 384 465 ιι.
417 409 480 465 Οί
507 407 604 482 μὲν
637 403 732 465 οὖν
763 410 1060 468 ἀποστάται
1092 411 1391 484 γενόμενοι,
1417 414 1554 468 εἰσὶν
1575 415 1796 488 ’Ἄρειος

1987 412 2051 469 ll.
2087 413 2342 471 Ecclesia:
2395 422 2577 471 autem
2630 413 2938 472 desertores
2980 413 3034 468 hi
3078 420 3205 469 sunt
3238 431 3251 467 :
3286 411 3471 476 Arius,

249 505 343 557 καί
388 502 656 574 ’Δχιλλεὺς
681 502 814 575 (54),
849 503 944 558 καὶ
997 503 1295 576 Ἀειθάλης,
1353 504 1446 558 καὶ
1477 505 1806 578 Καρπώνης,

250 592 342 644 καὶ
365 590 543 662 ἕτερος
573 591 808 664 1Ἄρειος,
853 593 946 648 καὶ
973 594 1285 667 Σαρμάτης,
1317 595 1374 650 οἵ
1409 608 1538 650 ποτε
1573 597 1811 670 πρεσϐύ-

248 701 389 756 τεροι
435 684 579 754 (55)·
635 685 729 738 καὶ
774 685 1028 752 Εύξώῖος,
1075 688 1168 742 καὶ
1188 687 1435 757 Λούκιος,
1462 690 1556 744 καὶ
1595 691 1809 756 Ἰούλιος

247 774 354 843 (56)
372 814 388 839 ,
431 776 524 828 καὶ
554 777 764 848 Μηνᾶς,
797 779 890 832 καὶ
932 777 1222 843 Ἑλλάδιος,
1253 782 1346 834 καὶ
1373 781 1553 847 Γάϊος,
1584 783 1639 836 οἵ
1678 799 1808 836 ποτε

238 866 491 921 διάκονον
525 869 620 922 καὶ
645 869 742 923 σὺν
789 869 972 934 αὐτοῖς
1010 870 1298 935 Σεκοῦνδος
1325 873 1420 926 καὶ
1472 874 1707 939 Θεωνᾶς,
1758 876 1812 929 οἵ

241 973 368 1009 ποτε
404 956 684 1030 λεχθέντες
709 959 1012 1014 ἐπίσκοποι.
1048 963 1182 1015 Ποῖα
1213 960 1270 1014 δὲ
1311 961 1462 1034 παρὰ
1509 963 1610 1028 τὰς
1663 965 1807 1036 Γρα-

241 1049 345 1118 φὰς
374 1049 487 1120 (57)
521 1051 842 1123 ἐφευρόντες
871 1052 1142 1120 λαλοῦσιν,
1187 1054 1300 1109 ἐστι
1333 1055 1525 1112 ταῦτα.

309 1141 396 1196 Ill.
429 1142 544 1197 Οὐκ
574 1144 662 1198 ἀεὶ
684 1147 713 1199 6
744 1145 876 1210 Θεὸς
906 1147 1093 1220 Πατὴρ
1125 1144 1212 1221 ἦν,
1241 1149 1356 1204 ἀλλ’
1405 1147 1472 1222 ἦν
1496 1153 1583 1206 ὅτε
1613 1155 1642 1208 6
1674 1153 1806 1219 Θεὸς

239 1232 426 1305 Πατὴρ
457 1234 556 1288 οὐκ
581 1229 670 1305 ἦν’
698 1234 798 1288 οὐκ
829 1235 915 1289 ἀεὶ
937 1231 1004 1308 ἦν
1031 1240 1059 1291 6
1085 1237 1177 1290 τοῦ
1211 1238 1345 1292 Θεοῦ
1389 1239 1580 1307 Λόγος,
1611 1241 1723 1294 ἀλλ’
1747 1242 1807 1307 ἐξ

237 1326 335 1379 οὐκ
375 1324 546 1380 ὄντων
574 1326 815 1396 γέγονεν’
871 1329 900 1382 6
941 1327 1050 1399 γὰρ
1077 1327 1152 1384 ὢν
1179 1330 1311 1396 Θεὸς
1351 1331 1442 1386 τὸν
1480 1333 1554 1406 μὴ
1581 1334 1707 1387 ὄντα
1741 1337 1806 1389 ὲκ

235 1413 326 1468 τοῦ
355 1416 431 1487 μὴ
460 1415 610 1480 ὄντος
628 1416 913 1489 πεποίηκε’
953 1417 1033 1473 διὸ
1068 1420 1162 1474 καὶ
1187 1415 1254 1492 ἦν
1287 1439 1437 1487 ποτε,
1477 1422 1565 1476 ὅτε
1588 1425 1688 1477 οὐκ
1714 1419 1800 1496 ἦν.
1848 1498 1850 1500 τ

237 1507 457 1579 Κτίσμα
486 1507 592 1579 γάρ
635 1510 752 1562 ἐστι
778 1510 872 1564 καὶ
899 1511 1110 1582 ποίημα
1133 1513 1162 1565 6
1195 1511 1343 1578 Υἱὸς,
1377 1513 1503 1568 οὔτε
1533 1515 1589 1568 δὲ
1620 1517 1803 1588 ὅμοιος

236 1600 352 1652 κατ’
382 1599 571 1654 ούσίαν
591 1599 669 1672 τῷ
687 1601 861 1674 Πατρί
889 1604 1054 1657 ἐστιν·
1083 1603 1205 1658 οὔτε
1234 1605 1499 1677 ἀληθινὸς,
1527 1609 1618 1662 καὶ
1647 1609 1803 1678 φύσει

234 1687 324 1742 τοῦ
354 1689 568 1762 ιῙατρὸς
598 1690 769 1760 Λόγος
800 1692 966 1747 ἐστίν’
1012 1693 1136 1747 οὔτε
1177 1695 1401 1767 ἀληθινὴ
1437 1697 1602 1766 Σοφία
1633 1699 1799 1753 αὐτοῦ

1910 504 2167 570 Achilles,
2185 505 2449 571 Aithales,
2471 504 2772 574 Carpones,
2804 503 2967 560 Arius
2992 504 3152 570 alter,
3173 502 3472 564 Sarmates,

1909 597 2040 652 olim
2087 597 2389 670 presbyteri
2426 617 2440 652 :
2482 596 2740 662 Euzoius,
2769 595 2994 662 Lucius,
3030 592 3230 663 Julius,
3266 593 3470 657 Menas,

1910 686 2188 744 Helladius
2217 696 2272 742 et
2300 687 2493 752 Gaius,
2519 687 2647 742 olim
2677 685 2895 742 diaconi
2927 702 2941 739 :
2978 701 3042 741 ac
3068 702 3194 742 cum
3215 686 3349 756 ipsis
3379 687 3474 740 Se-

1908 781 2122 838 cundus
2154 790 2208 835 et
2233 779 2505 847 Theonas,
2529 781 2657 835 olim
2675 781 2915 852 episcopi
2942 779 3261 850 nuncupati.
3293 777 3472 833 Verba

1907 879 2088 926 autem
2135 870 2202 924 ab
2233 869 2342 924 illis
2387 868 2677 924 adinventa
2727 883 2792 924 ac
2832 875 3030 939 praeter
3061 869 3470 938 Scripturarum

1906 968 2145 1019 mentem
2177 961 2411 1032 prolata,
2441 960 2558 1017 haec
2585 969 2732 1018 sunt.

1977 1133 2064 1189 lll.
2102 1133 2218 1189 Non
2248 1150 2463 1206 semper
2486 1133 2631 1191 Deus
2654 1133 2814 1190 Pater
2836 1132 2977 1200 fuit;
3011 1132 3106 1188 sed
3131 1130 3232 1186 fuit
3253 1130 3470 1202 quando

1906 1225 2048 1282 Deus
2081 1224 2242 1280 Pater
2288 1241 2399 1280 non
2431 1233 2568 1281 erat.
2614 1224 2731 1279 Non
2780 1236 2993 1294 semper
3035 1229 3153 1277 erat
3199 1221 3294 1277 Dei
3336 1220 3471 1276 Ver-

1905 1317 2058 1382 bum,
2107 1316 2202 1373 sed
2247 1332 2314 1372 ex
2357 1332 2467 1372 non
2514 1316 2858 1373 exstantibus
2909 1313 3114 1369 iactum
3162 1320 3247 1368 est
3280 1333 3292 1366 :
3328 1311 3471 1368 Deus

1903 1409 2048 1465 enim
2086 1408 2180 1478 qui
2228 1415 2333 1473 est,
2378 1422 2486 1463 non
2527 1407 2878 1463 exsistentem
2914 1420 2981 1460 ex
3022 1419 3130 1458 non
3174 1404 3471 1459 exsistente

1904 1499 2152 1556 condidit
2209 1519 2222 1555 :
2269 1514 2438 1572 quare
2481 1507 2600 1556 erat
2637 1497 2930 1569 aliquando
2970 1511 3096 1550 cum
3144 1511 3254 1550 non
3301 1505 3466 1552 esset.

1904 1591 2013 1648 Res
2043 1591 2244 1664 quippe
2275 1599 2478 1658 creata,
2511 1606 2710 1663 resque
2760 1589 2902 1645 facta
2938 1598 3022 1644 est
3049 1587 3219 1644 Filius
3250 1606 3263 1640 :
3295 1603 3469 1658 neque

1905 1686 2100 1742 similis
2149 1691 2235 1740 est
2280 1683 2431 1738 Patri
2487 1681 2790 1739 secundum
2838 1681 3204 1738 substantiam
3246 1694 3470 1749 :neque

233 1781 396 1833 ἐστιν·
429 1779 540 1833 ἀλλ’
571 1777 652 1845 εἷς
683 1783 781 1853 μὲν
803 1783 912 1838 τῶν
941 1763 1645 1861 ποιημάτων-καὶ-γενήτῶν
1666 1794 1796 1846 ἐστι·

1905 1792 2093 1834 verum
2122 1785 2176 1833 et
2210 1775 2463 1830 naturale
2505 1773 2744 1830 Verbum
2776 1781 2860 1829 est
2881 1770 3099 1826 Patris:
3131 1786 3309 1841 neque
3339 1784 3467 1824 vera

235 1870 682 1942 καταχρηστικῶς
701 1872 758 1926 δὲ
789 1872 1004 1943 λέγεται
1035 1877 1207 1946 Λόγος
1234 1877 1329 1932 καὶ
1355 1879 1543 1950 Σοφία,
1576 1881 1804 1951 γενόμε-

232 1978 319 2026 νος
350 1962 447 2015 καὶ
470 1962 630 2028 αὐτὸς
665 1963 775 2036 (58)
807 1965 884 2038 τῷ
920 1967 1034 2040 ἰδίῳ
1058 1968 1153 2023 τοῦ
1200 1969 1334 2025 Θεοῦ
1373 1973 1549 2044 Λόγῳ,
1603 1974 1697 2028 καὶ
1733 1978 1800 2047 τῇ

234 2055 289 2107 ὲν
317 2052 396 2126 τῷ
414 2053 534 2126 Θεῷ
582 2055 770 2127 Σοφίᾳ,
818 2059 876 2111 ὲν
964 2060 1058 2113 καὶ
1085 2060 1153 2116 τά
1180 2062 1356 2117 πάντα
1385 2066 1478 2118 καὶ
1512 2066 1672 2118 αὐτὸν
1701 2083 1800 2119 πε-

233 2145 454 2216 ποίηκεν
479 2149 508 2200 6
538 2146 688 2213 Θεός·
725 2149 805 2203 διὸ
837 2153 931 2205 καὶ
971 2154 1203 2224 τρεπτός
1247 2156 1362 2209 ἐστι
1395 2157 1488 2210 καὶ
1515 2156 1801 2223 ἀλλοιωτὸς

234 2238 328 2309 τὴν
377 2236 561 2308 φύσιν,
623 2239 699 2304 ὡς
741 2243 834 2296 καὶ
879 2243 1055 2298 πάντα
1085 2245 1152 2299 τὰ
1182 2245 1392 2317 λογικάο
1424 2248 1572 2316 ξένος
1603 2267 1661 2304 τε
1709 2251 1801 2305 καὶ

233 2333 505 2406 ἀλλότριος
528 2335 622 2390 καὶ
647 2337 1124 2410 ἀπεσχοινισμένος
1155 2330 1301 2396 ἐστὶν
1323 2341 1352 2394 ὁ
1379 2343 1550 2412 Λόγος
1575 2344 1674 2415 τῆς
1703 2343 1798 2398 τοῦ

233 2423 360 2477 Θεοῦ
390 2425 594 2489 οὐσίας·
620 2427 713 2480 καὶ
734 2427 969 2500 ἄρρητός
993 2429 1103 2499 (59)
1132 2431 1277 2485 ἐστιν
1304 2434 1332 2485 6
1353 2431 1540 2503 Πατὴρ
1563 2430 1640 2501 τῷ
1664 2430 1795 2502 Υίῷ’

232 2514 349 2570 οὔτε
375 2515 484 2588 γάρ
513 2516 728 2583 τελείως
774 2522 867 2575 καὶ
894 2521 1135 2594 ἀκριϐῶς
1167 2523 1423 2593 γινώσκει
1457 2527 1485 2578 6
1510 2524 1681 2594 Λόγος
1708 2525 1798 2578 τὸν

235 2605 467 2678 Πατέρα,
495 2606 633 2678 ξοῦτε
663 2609 880 2674 τελείως
912 2612 1022 2682 (60)
1049 2614 1179 2686 όρᾷν
1208 2613 1370 2668 αὐτὸν
1415 2613 1655 2669 δύναται.
1686 2617 1797 2670 Καὶ

233 2697 345 2769 γὰρ
368 2698 461 2752 καὶ
485 2699 678 2754 ἑαυτοῦ
710 2700 808 2771 τὴν
838 2701 1023 2757 οὐσίαν
1048 2704 1148 2757 οὐκ
1181 2700 1320 2757 οἶδεν
1351 2706 1380 2758 6
1409 2705 1540 2768 Υίὸς
1561 2705 1636 2769 ὡς
1659 2705 1791 2758 ἐστι’

229 2787 296 2842 δι’
336 2791 477 2860 ἡμᾶς
513 2791 622 2862 γὰρ
654 2795 965 2866 πεποίηται,
999 2794 1084 2849 ἵνα
1127 2790 1276 2866 ἡμᾶς
1305 2795 1372 2849 δι’
1424 2797 1590 2850 αὐτοῦ
1625 2797 1700 2861 ὡς
1727 2798 1794 2852 δι’

230 2881 455 2952 ὀργάνου
495 2883 655 2955 κτίσῃ
696 2886 724 2938 6
752 2885 902 2949 Θεός.
959 2887 1068 2940 Καὶ
1095 2888 1194 2941 οὐκ
1239 2887 1304 2942 ἂν
1346 2887 1574 2960 ὑπέστη,
1625 2891 1674 2942 εί
1719 2889 1795 2962 μὴ

231 2978 374 3046 ἡμᾶς
405 2979 432 3030 6
459 2978 593 3043 Θεὸς
637 2979 868 3052 ἠθέλησε
900 2982 1142 3053 ποιῆσαι.
1206 2983 1480 3057 Ἠρώτησε
1538 2984 1667 3054 γοῦν
1711 3003 1794 3050 τις

228 3069 440 3162 αὐτους,
467 3071 535 3162 εί-
565 3069 786 3162 δύναται
818 3072 848 3125 6
874 3071 967 3162 τοῦ
992 3072 1125 3126 Θεοῦ
1167 3074 1339 3143 Λόγος
1365 3077 1635 3148 τραπῆναι
1666 3076 1741 3140 ὡς
1767 3078 1796 3130 ὁ
1822 3106 1863 3162 C

226 3157 467 3224 διάϐολος
520 3159 757 3232 ἐτράπη·
811 3161 904 3214 καὶ
951 3162 1050 3216 οὐκ
1094 3162 1435 3246 ἐφοϐήθησαν
1484 3166 1654 3217 εἰπεῖν
1713 3165 1794 3217 ὅτι

225 3250 440 3306 δύναται
485 3252 626 3323 (61)·
661 3253 896 3324 τρεπτῆς
919 3254 1024 3326 γὰρ
1063 3255 1275 3327 φύσεώς
1301 3259 1414 3311 ἐστι
1445 3255 1668 3328 γενητὸς
1702 3256 1794 3310 καὶ

227 3346 436 3412 κτιστὸς
464 3347 744 3419 ὑπάρχων.

298 3586 384 3645 IV.
431 3591 616 3647 Ταῦτα
656 3591 911 3663 λέγοντας
959 3591 1084 3658 τοὺς
1116 3595 1243 3668 περὶ
1288 3597 1522 3668 Ἀρειον,
1566 3600 1658 3652 καὶ
1698 3600 1792 3653 ἐπὶ

227 3681 429 3746 τούτοις
459 3685 978 3755 ἀναισχυντοῦντας,
1027 3685 1223 3751 αὐτούς
1266 3704 1326 3740 τε
1370 3687 1462 3740 καὶ
1502 3689 1627 3752 τοὺς
1671 3706 1792 3742 συν-

227 3776 687 3848 ακολουθήσαντας
732 3779 934 3845 αὐτοῖς,
989 3782 1163 3852 ἡμεῖς)
1194 3780 1292 3852 μὲν
1328 3781 1464 3852 μετὰ
1511 3782 1618 3836 τῶν
1672 3786 1788 3836 κατ’

231 3867 491 3935 Αἴγυπτον
538 3871 632 3923 καὶ
671 3869 771 3934 τὰς
809 3871 1014 3935 Λιϐύας
1039 3873 1350 3926 ἐπισκόπων
1402 3874 1565 3944 ἐγγὺς
1599 3877 1789 3930 ἑκατὸν

226 3960 408 4025 ὄντων,
436 3960 774 4027 συνελθόντες
803 3963 1288 4036 ἀνεθεματίσαμεν.
1317 3966 1380 4019 Οἱ
1403 3966 1460 4020 δὲ
1501 3969 1627 4038 περὶ
1682 3970 1787 4022 Εὑ-

159 4047 167 4058 ”
229 4051 399 4105 σέϐιον
425 4053 833 4123 προσεδέξαντο,
881 4054 1266 4120 σπουδάζοντες
1293 4057 1652 4130 ὲγκαταμίξαι
1677 4060 1786 4132 (62)

223 4143 280 4196 τὸ
300 4144 492 4215 ψεῦδος
518 4150 583 4218 τῇ
617 4147 864 4219 ἀληθείᾳ,
896 4148 988 4202 καὶ
1018 4150 1083 4219 τῇ
1118 4148 1368 4221 εὐσεϐείᾳ
1392 4150 1487 4223 τὴν
1514 4152 1786 4206 ἀσέϐειαν·

221 4235 336 4289 ἀλλ’
360 4240 458 4292 οὐκ
481 4239 780 4308 ίσχύσουσι⁸
809 4241 934 4311 νικᾷ
961 4238 1068 4311 γὰρ
1097 4242 1128 4310 ἡ
1155 4238 1398 4311 ἀλήθεια,
1425 4243 1519 4296 καὶ
1545 4243 1789 4314 οὐδεμία

219 4329 336 4384 ἐστὶ
363 4333 640 4388 κοινωνία
683 4332 826 4400 φωτὶ
853 4331 1000 4400 πρὸς
1034 4335 1269 4398 σκότος,
1305 4334 1448 4388 οὐδὲ
1478 4336 1789 4406 συμφώνη-

1901 1869 2022 1939 ejus
2063 1867 2372 1940 Sapientia;
2407 1865 2503 1922 sed
2550 1881 2659 1920 una
2691 1880 2758 1920 ex
2786 1864 2949 1920 rebus
2995 1863 3155 1918 factis
3203 1861 3466 1917 conditis-

1900 1977 2006 2031 que
2039 1977 2052 2013 :
2083 1960 2310 2017 abusive
2342 1967 2525 2016 autem
2561 1959 2798 2015 Verbum
2838 1957 3042 2012 dicitur
3075 1963 3128 2011 et
3169 1954 3464 2026 Sapientia,

1900 2040 2026 2108 cum
2069 2052 2246 2108 factus
2285 2053 2402 2122 ipse
2431 2052 2505 2108 sit
2549 2067 2646 2123 per
2682 2049 2958 2122 proprium
3000 2047 3093 2102 Dei
3122 2045 3382 2110 Verbum,
3413 2054 3469 2102 et

1900 2161 1997 2216 per
2024 2161 2144 2201 eam
2175 2161 2296 2216 qua:
2340 2145 2394 2200 in
2420 2144 2532 2200 Deo
2563 2151 2668 2208 est,
2712 2142 3069 2214 Sapientiam,
3110 2141 3168 2195 in
3197 2155 3302 2209 qua
3341 2154 3465 2194 cum

1899 2244 2092 2292 caetera
2122 2236 2326 2301 omnia,
2373 2243 2487 2290 tum
2517 2251 2641 2291 eum
2675 2235 2854 2304 ipsum
2880 2232 3007 2288 fecit
3029 2231 3194 2288 Deus.
3219 2231 3466 2300 Quapro-

1899 2336 2019 2399 pter
2053 2325 2248 2382 natura
2273 2342 2373 2384 sua
2404 2327 2603 2383 mutari
2635 2336 2798 2397 atque
2832 2325 2971 2381 verti
3004 2331 3200 2394 potest,
3242 2322 3468 2394 perinde

1898 2429 2061 2492 atque
2099 2423 2283 2476 omnia
2328 2420 2692 2478 rationabilia.
2730 2417 3060 2472 Extraneutn
3099 2424 3299 2481 autem,
3340 2415 3466 2470 alic-

1898 2530 2025 2568 num
2049 2522 2213 2584 atque
2237 2522 2508 2569 semotum
2543 2510 2780 2567 Verbum
2811 2517 2896 2565 est
2938 2524 2968 2562 a
3009 2508 3102 2564 Dei
3136 2507 3456 2564 substantia.

1898 2603 2281 2660 lneuarrabilis
2303 2604 2465 2659 etiam
2487 2611 2569 2658 est
2595 2602 2754 2656 Pater
2783 2599 2920 2654 Filio
2943 2619 2957 2654 :
2990 2615 3115 2655 nam
3140 2615 3314 2669 neque
3336 2615 3463 2669 per-

1897 2695 2054 2762 fecte,
2085 2710 2261 2766 neque
2311 2702 2566 2750 accurate
2603 2691 2820 2748 Patrem
2866 2692 3018 2747 novit
3065 2690 3326 2751 Verbum,
3365 2705 3463 2744 ne~

1894 2803 2000 2858 que
2033 2785 2274 2858 perfecte
2303 2787 2456 2842 illum
2491 2786 2674 2842 videre
2710 2793 2909 2856 potest.
2945 2783 3154 2839 Etenim
3199 2801 3268 2838 ne
3309 2797 3461 2839 suam

1894 2877 2112 2948 quidem
2156 2875 2520 2933 substantiam
2571 2874 2725 2929 novit
2764 2871 2970 2937 Filius,
3017 2873 3179 2928 sicuti
3219 2873 3312 2926 illa
3355 2880 3460 2926 est.

1894 2965 2123 3037 Propter
2154 2982 2254 3022 nos
2276 2966 2475 3038 quippe
2503 2963 2679 3022 factus
2712 2973 2818 3030 est,
2855 2975 2914 3019 ut
2941 2979 3042 3019 nos
3075 2965 3167 3017 illo
3194 2963 3348 3034 quasi
3381 2964 3463 3017 in-

1897 3065 2201 3114 strumento
2249 3065 2462 3113 crearet
2500 3055 2693 3120 Deus:
2745 3071 2921 3126 neque
2971 3055 3294 3118 exstitisset,
3351 3055 3462 3110 nisi

1897 3165 1998 3205 nos
2041 3148 2184 3204 Deus
2228 3149 2466 3204 condere
2502 3147 2785 3204 voluisset.
2827 3145 3158 3203 Sciscitante
3199 3144 3459 3216 quodam,

1895 3257 2024 3296 num
2061 3242 2286 3313 perinde
2306 3241 2507 3296 mutari
2541 3249 2728 3312 posset
2751 3241 2846 3296 Dei
2875 3239 3114 3296 Verbum
3145 3247 3308 3309 atque
3337 3238 3460 3292 dia-

1894 3333 2053 3388 bolus
2091 3339 2333 3388 mutatus
2358 3341 2478 3401 est;
2512 3349 2624 3388 non
2653 3332 2811 3389 veriti
2844 3341 2973 3389 sunt
2999 3331 3077 3386 illi
3108 3330 3460 3401 respondere,

1896 3422 2036 3479 Sane
2059 3431 2235 3495 potest
2263 3440 2274 3476 :
2309 3439 2459 3489 nam,
2491 3433 2680 3495 utpote
2707 3423 2886 3480 factus
2913 3431 2968 3479 et
3006 3429 3244 3488 creatus,
3279 3430 3461 3477 muta-

1895 3516 2018 3572 bilis
2046 3524 2130 3571 est
2160 3524 2386 3571 naturae.
3009 3523 3012 3526 '

1965 3607 2054 3663 IV.
2082 3607 2208 3664 llaec
2238 3608 2472 3664 Arianos
2499 3607 2806 3679 loquentes,
2841 3605 2955 3660 haec
2987 3603 3461 3674 impudentissime

1893 3703 2244 3767 allirmantes,
2281 3717 2382 3757 nos
2427 3718 2551 3758 cum
2594 3700 2865 3772 episcopis
2913 3697 3130 3770 IEgypti
3175 3706 3229 3752 ct
3263 3696 3460 3768 Libya-

1892 3811 2012 3850 rutn
2048 3811 2215 3866 prope
2251 3806 2490 3860 centum,
2528 3798 2582 3849 in
2613 3811 2782 3850 unum
2824 3792 3022 3856 coacti,
3057 3792 3180 3847 illos
3207 3805 3332 3846 cum
3367 3805 3457 3844 se-

1890 3887 2195 3944 ctatoribus
2233 3889 2348 3944 suis
2379 3888 2728 3943 anathemate
2762 3886 3158 3956 percussimus.
3198 3884 3268 3938 At
3295 3882 3459 3939 Euse-

1891 3981 2013 4036 bius
2031 3990 2082 4036 et
2114 3982 2249 4037 socii
2279 3981 2620 4036 admiserunt
2652 3980 2794 4043 illos,
2816 3993 3144 4049 operamque
3166 3985 3459 4042 navarunt,

1891 4080 1951 4126 ut
1979 4073 2190 4128 veritati
2239 4071 2607 4136 mendacium,
2657 4071 2844 4142 pietati
2874 4071 3206 4141 impietatem
3251 4069 3453 4124 admis-

1889 4171 2067 4219 ceant.
2100 4162 2205 4219 Sed
2233 4177 2574 4233 nequaquam
2615 4161 2670 4217 id
2706 4160 2919 4240 ellicere
2952 4162 3209 4216 valebunt
3237 4175 3251 4211 :
3286 4159 3456 4214 vincit

1889 4255 2089 4325 quippe
2119 4255 2342 4320 veritas,
2386 4254 2644 4324 nullaque
2687 4254 2910 4308 societas
2945 4253 3050 4307 luci
3093 4252 3160 4306 ad
3189 4251 3453 4316 tenebras,

1889 4346 2032 4400 nulla
2077 4347 2421 4400 consonantia
2471 4343 2672 4400 Christi
2717 4344 2786 4398 ad
2828 4345 3001 4399 Belial
3031 4344 3098 4402 ¹⁶⁰.
3138 4344 3271 4410 Quis
3309 4342 3453 4398 enim

215 4435 318 4487 σις
351 4424 608 4492 Χριστοῦ
639 4423 789 4492 πρὸς
819 4425 1065 4491 Βελίαρ.
1095 4425 1191 4489 Τίς
1214 4425 1321 4499 γὰρ
1349 4427 1544 4498 ἤκουσε
1569 4428 1786 4484 πώποτε

1902 4446 2127 4502 unquam
2172 4433 2300 4486 talia
2347 4431 2552 4486 audivit
2583 4434 2606 4486 ?
2647 4433 2773 4504 quis
2803 4435 2916 4503 jam
2948 4433 3178 4487 audiens
3206 4448 3317 4487 non
3355 4433 3454 4486 ob-

213 4513 466 4582 τοιαῦτα;
521 4516 554 4587 ἢ
601 4517 684 4580 τίς
717 4515 811 4570 νῦν
842 4516 1054 4570 ἀκούων
1089 4517 1150 4570 οὐ
1205 4517 1489 4586 ξενίζεται,
1533 4523 1627 4576 καὶ
1683 4523 1782 4588 τὰς

305 4671 348 4702 ⁸⁸
381 4669 444 4724 11
469 4669 596 4726 Cor.
628 4687 704 4737 Vl,
740 4671 828 4725 M.

286 4767 394 4838 (54)
436 4766 556 4842 Sic_
577 4765 980 4842 Reg._-_Socrat.,
1001 4770 1236 4842 Ἄρειος,
1271 4768 1535 4842 Ἀχιλλᾶς.
1563 4767 1768 4832 Gelas.,

219 4839 276 4889 Ἀ
286 4817 1254 4912 béﬁécﬁcatwtﬁaiét};361393;.

286 4908 394 4980 (55)
415 4908 483 4980 οἵ
504 4923 648 4962 ποτε
673 4911 1075 4980 πρεσϐύτεροι.
1106 4908 1229 4966 Ητεό
1251 4920 1436 4966 notatu
1455 4909 1776 4980 dignissima

214 4977 384 5051 verba
413 4977 610 5051 desunt
638 4980 781 5049 apud
811 4977 1022 5035 Socrat.
1061 4989 1114 5036 et
1145 4980 1354 5044 Gelas.,
1385 4990 1440 5036 et
1469 4977 1611 5051 apud
1651 4980 1778 5051 Epi-

217 5047 469 5120 phanium
495 5046 914 5113 Scholasticum,
935 5051 1029 5120 qui
1048 5052 1231 5106 omnia
1257 5052 1496 5107 miscuit.

285 5119 394 5188 (56)
424 5117 664 5186 Socrat.,
728 5117 1031 5184 Ἰουλιανός.
1066 5121 1188 5176 Mox
1223 5122 1376 5188 illud,
1404 5123 1458 5175 οῖ
1498 5137 1627 5174 ποτε
1659 5120 1775 5175 διά-

214 5204 376 5260 κονοι,
406 5189 606 5260 d_esunt
639 5191 780 5260 apud
813 5189 1026 5245 Soet-at.
1060 5200 1114 5245 et
1140 5191 1320 5246 Gelas.

279 5259 402 5334 (57)
417 5258 508 5313 Sic
533 5257 692 5334 δοριξ
710 5269 762 5316 et
776 5261 956 5334 Gelas.
974 5261 1220 5334 Λίβιος,
1243 5263 1424 5317 minus
1442 5270 1613 5334 recte,
1625 5263 1776 5334 παρά

208 5333 329 5402 ταῖς
358 5329 625 5402 ξΓραφαῖς.
655 5330 784 5385 Post
815 5331 929 5384 ἔστι
964 5329 1358 5396 ταῦταξϐθιοε.
1396 5333 1556 5386 habet
1597 5329 1769 5402 δόγμα

1886 4530 2189 4592 stupescat,
2231 4537 2502 4594 auresque
2548 4537 2656 4578 non
2681 4525 2951 4592 obstruat,
2983 4531 3040 4578 ut
3068 4539 3134 4578 ne
3172 4521 3448 4593 ejusmodi

1879 4771 1944 4848 τῇ
1973 4770 2083 4854 τοιιξ⁸
2105 4770 2240 4853 Θεοῦ
2275 4771 2656 4854 Σοφίᾳνιυκια
2683 4790 2844 4854 quem
2879 4775 3149 4854 Ερὶρίεξηιἶ
3177 4776 3448 4854 Scholagt.

1881 4841 1980 4915 sic,
2005 4840 2083 4915 ΔΕι
2113 4843 2221 4915 ᾔρει
2247 4853 2296 4897 et
2321 4840 2578 4898 exsistens
2597 4845 2649 4898 in
2664 4840 2875 4915 proprio

2954 4850 3002 4901 ei
3031 4846 3194 4901 Verbo
3217 4850 3336 4902 etin
3361 4849 3452 4904 Dei

1884 4907 2182 4980 Sapientia.

1977 4982 2066 5060 59)
2122 4981 2558 5060 Codcsubeonis
2607 4983 2805 5049 Allat.,
2862 4987 3112 5060 ἀόρατος.
3177 4987 3447 5060 Eptpltan.

1887 5048 2095 5118 Schol},
2123 5052 2422 5108 invisibilis.

1956 5122 2067 5193 (60)
2120 5124 2360 5193 Τελείῳς
2405 5123 2556 5178 deest
2594 5125 2737 5193 apud
2773 5124 2952 5184 Gelas.
3002 5126 3122 5182 Mox
3165 5128 3307 5184 idem
3354 5131 3448 5184 καὶ

1879 5193 1996 5262 γὰρ,
2014 5191 2180 5262 αὑτοῦ
2212 5191 2332 5262 τήν.

1949 5260 2062 5330 (61)
2098 5260 2333 5326 Socrat.,
2363 5262 2450 5314 ναὶ
2475 5262 2714 5319 δύναται.
2745 5265 2952 5327 Gelas.,
2981 5269 3061 5320 ὅτι
3089 5267 3176 5321 ναὶ
3197 5266 3444 5324 δύναται.

1879 5331 2012 5417 Ibid.
2046 5331 2458 5417 COdeX'LCtllllS
2500 5333 2685 5397 Allat.,
2736 5331 3092 5417 oiat‘rpsmﬁg
3124 5337 3443 5417 εἶέν-φύσεως

219 5400 431 5476 Ἀρείου
467 5415 479 5450 :
514 5417 636 5470 qua:
664 5402 835 5476 _verba
865 5417 988 5476 cum
1020 5404 1086 5457 ad
1123 5403 1346 5476 inodum
1370 5403 1541 5476 tituli,
1575 5400 1676 5457 vel
1699 5400 1769 5458 ad

1902 5401 1971 5454 ταὶ
2022 5403 2295 5472 γεννητὸς.
2339 5401 2438 5456 Cui
2488 5415 2755 5476 consonat
2803 5400 3084 5476 Epiphan.
3133 5400 3442 5474 Scholast.,

209 5471 509 5546 marginem
569 5473 772 5541 scripta
805 5473 1054 5546 fuissent,
1105 5473 1321 5546 demunt
1360 5475 1421 5546 in
1456 5481 1767 5546 contextum
1875 5479 2130 5540 tanquam
2157 5471 2351 5546 natura
2379 5473 2729 5546 conpar-(illitis
2753 5471 3031 5542 exsistens,
3067 5479 3238 5546 factus
3291 5471 3442 5534 aiant

209 5542 471 5622 translata
503 5551 670 5622 sunt:
703 5557 933 5622 quorum
986 5543 1104 5622 loco
1136 5541 1478 5622 Florentinus
1526 5544 1697 5622 codex
1736 5561 1765 5598 a
1869 5553 1916 5595 et
1948 5543 2299 5622 conpertilrilis
2335 5553 2432 5597 est.
2475 5543 2573 5597 Ubi
2606 5543 2841 5622 Sperat"
2874 5549 2966 5622 καὶ
3013 5541 3241 5622 τρεπτὸς
3260 5550 3440 5622 ὑπάρ-

209 5609 700 5686 Valesio_laudatus
724 5609 921 5686 habet,_
935 5610 1059 5686 1:55
1073 5613 1354 5686 φρονοῦσιν
1402 5614 1686 5686 Ἀρειανοί.

411 5680 650 5771 ξοοεξηζ,
685 5684 779 5771 καὶ
809 5684 969 5771 αύτὸς
1007 5680 1092 5736 δέ.
1115 5680 1311 5771 ςοέξθχ.
1325 5680 1521 5771 Leonis
1556 5684 1758 5771 Allatigi,

206 5753 296 5807 καὶ
319 5752 483 5816 αὒτὸς
522 5752 577 5806 δὲ
606 5753 679 5807 ὢν
710 5756 765 5807 ἐν
805 5753 878 5826 τῷ
905 5753 1017 5825 ἰδίῳ
1051 5753 1141 5807 τοῦ
1180 5753 1312 5810 Θεοῦ
1362 5755 1538 5826 Λόγῳ,
1578 5756 1669 5808 καὶ
1703 5755 1760 5810 ἐν

1872 5629 2000 5683 χων.
2032 5611 2136 5667 Sed
2173 5613 2330 5694 lpnge
2367 5622 2586 5683 praestat
2621 5615 2773 5686 Regii
2801 5620 2922 5674 cod.
2948 5629 2998 5675 et
3030 5611 3232 5676 Gelasii
3255 5611 3437 5688 lectio,

1869 5697 2028 5753 quam
2060 5698 2358 5752 sequimur.

1943 5753 2049 5823 (62)
2085 5754 2274 5808 Socrat
2306 5793 2318 5821 ,
2348 5755 2764 5821 συγκαταμίξαι.
