3956 6198
565 275 671 333 δῖε

1701 281 1760 337 S.
1796 280 2198 340 ALEXAND!“
2236 284 2699 343 ALEXANDIUNI
3647 306 3731 366 576

561 385 856 442 verborum
902 384 1096 442 sordes
1141 400 1308 444 aures
1334 384 1489 444 ~suas
1535 368 1946 448 contaminent?
1994 393 2118 461 Quit

2224 397 2401 464 ἀκοὰς
2432 397 2569 470 βύει,
2599 400 2743 472 ὑπὲρ
2770 402 2864 456 τού
2891 403 2966 475 μὴ
2991 404 3085 462 τὸν
3116 408 3283 480 ῥύπον
3318 411 3509 469 τούτων
3543 419 3636 473 τῶν
3657 426 3733 494 pq.

560 480 678 533 haec
709 476 940 534 Joannis
966 476 1199 535 audiens
1237 496 1252 534 :
1284 476 1350 562 In
1376 480 1639 551 principio
1667 494 1782 538 erat
1824 485 2129 555 Verbum“,

559 570 806 624 homines
826 583 937 624 non
964 570 1313 635 condemnet,
1342 570 1437 642 qui
1459 571 1614 627 aiunt
1638 591 1655 629 :
1690 572 1816 631 Fuit
1840 576 2133 648 aliquando

556 677 683 717 cum
713 676 824 717 non
848 662 1040 718 esset?
1074 661 1209 729 Quis
1243 663 1288 719 si
1341 664 1457 720 haec
1501 665 1783 739 Evangelii
1828 669 1992 726 verba
2037 687 2133 728 au-

554 755 673 810 diat
705 771 719 808 :
761 754 1074 828 L’nigenitus
1111 757 1319 826 Filius;
1349 769 1404 818 et
1433 762 1575 817 :Per
1620 764 1792 832 ipsum
1828 765 1975 835 facta
2010 778 2132 823 sum

554 850 737 905 omnia
753 849 823 916 ",
847 850 973 907 illos
1005 865 1118 907 non
1163 861 1447 910 aversetur
1490 856 1605 911 haec
1652 858 1978 930 loquentes:
2013 860 2131 917 Una

556 942 647 998 ille
671 950 756 998 est
782 958 848 998 ex
878 944 1044 1018 rebus
1078 943 1271 1001 factis?
1299 945 1435 1002 Nam
1460 948 1557 1020 qui
1598 957 1778 1021 potest
1806 969 1913 1008 una
1944 969 2011 1009 ex
2044 971 2131 1011 re-

554 1034 657 1090 bus
687 1049 718 1089 a
767 1050 827 1090 se
860 1034 1017 1091 factis
1057 1050 1200 1102 esse,
1247 1045 1343 1092 aut
1382 1042 1475 1109 qui
1507 1041 1823 1113 unigenitus
1855 1045 1980 1111 erit,
2010 1048 2128 1118 qui,

549 1137 615 1184 ut
647 1129 802 1185 aiunt
831 1132 930 1195 illi,
962 1133 1218 1191 omnibus
1264 1146 1679 1203 annumeratur,
1730 1142 1776 1197 si
1811 1144 2029 1212 quidem
2076 1154 2130 1202 et

554 1219 644 1277 ille
684 1236 773 1277 res
820 1230 904 1277 est
948 1221 1092 1277 facta
1127 1232 1292 1295 atque
1326 1229 1546 1283 creata?
1581 1229 1867 1296 Quomodo
1914 1250 1980 1289 ex
2018 1251 2128 1292 non

551 1314 894 1371 exstantibus
956 1315 1135 1374 factus
1184 1319 1276 1375 ille
1330 1319 1516 1387 fuerit,
1577 1340 1700 1379 cum
1749 1324 1913 1382 Pater
1961 1328 2125 1392 dicat,

553 1405 828 1462 Eructavit
854 1426 945 1463 cor
973 1427 1145 1465 meum
1187 1412 1412 1468 Verbum
1443 1415 1631 1472 bonum
1660 1419 1736 1484 “;
1766 1430 1840 1487 et,
1871 1419 1955 1474 Ea:
1981 1432 2127 1479 utero

551 1506 672 1551 ante
703 1497 1006 1568 Luciferum
1037 1504 1193 1574 genui
1215 1514 1262 1559 te
1279 1504 1365 1564 “2’
1403 1508 1509 1563 Aut
1543 1513 1817 1580 quomodo
1860 1513 2126 1571 absimilis

552 1589 873 1645 substantiae
919 1590 1100 1649 Patris
1150 1594 1343 1664 fuerit,
1388 1600 1483 1671 qui
1535 1610 1619 1658 est
1664 1605 1844 1676 imago
1886 1607 2123 1677 perfecta

550 1677 918 1752 splendorque
954 1681 1153 1750 Patris,
1182 1690 1384 1759 quique
1425 1690 1537 1745 ait:
1584 1690 1689 1758 Qui
1717 1694 1850 1749 vidit
1871 1713 1970 1763 me,
1994 1698 2125 1753 vidit

2237 491 2420 563 μάτων
2465 492 2672 563 ψαῦσαι
2708 496 2806 568 τῆς
2835 496 3025 570 ἀκοῆς
3066 499 3158 565 Τίς
3187 502 3391 558 ἁκούων
3429 507 3645 566 Ἰωάννου
3658 491 3734 572 ἠ.

2232 599 2443 652 γοντος,
2506 587 2611 641 Ἐν
2650 587 2807 657 ἀρχῇ
2849 582 2931 661 ἦν
2977 589 3251 665 δ’Λόγος,
3295 596 3354 650 ού
3396 596 3735 671 καταγινώσκει

2230 675 2434 732 τούτων
2455 678 2739 749 λεγόντων,
2765 677 2874 737 Ἦν
2901 700 3031 738 ποτε
3052 685 3138 740 ὅτε
3165 688 3265 742 οὐκ
3283 684 3367 761 ἦν;
3395 692 3462 746 Ἢ
3478 696 3555 759 τίς
3566 697 3738 756 ἀκούων

2231 769 2291 822 ὲν
2313 769 2389 841 τῷ
2416 771 2750 846 Εύαγγελίῳ,
2781 774 3127 848 Μονογενὴς
3170 781 3319 849 Υἱὸς,
3353 785 3460 851 καὶ,
3493 789 3565 841 Δι’
3589 794 3738 850 αὐτοῦ
3764 784 3767 785 ν

2229 860 2465 932 ἐγένετο
2515 865 2731 931 πάντα,
2780 868 2842 922 ού
2880 871 3102 942 μισήσει
3138 873 3357 939 τούτους
3394 877 3739 952 φθεγγομένους

2230 953 2335 1020 ὅτι,
2368 950 2462 1021 Εἷς
2483 958 2631 1011 ἐστιν
2651 959 2760 1016 τῶν
2782 964 3099 1035 ποιημάτων
3120 966 3263 1037 (65);
3296 969 3415 1035 Πῶς
3440 972 3538 1047 γὰρ
3562 950 3739 1034 δύναται

2230 1040 2310 1110 εἷς
2342 1042 2616 1105 εἶναιτῶν
2643 1052 2711 1105 δι’
2736 1053 2900 1110 αύτοῦ
2937 1059 3262 1129 γενομένων,
3290 1060 3322 1133 ἢ
3497 1040 3740 1143 μονογενὴς

2227 1140 2257 1191 6
2307 1140 2420 1203 τοῖς
2460 1142 2593 1196 πᾶσι
2622 1144 2740 1196 κατ’
2784 1145 3028 1211 ἐκείνους
3077 1150 3574 1224 συναριθμούμενος,
3616 1140 3741 1232 εἴπερ

2230 1228 2323 1283 καὶ
2355 1231 2517 1295 αὐτὸς
2550 1233 2757 1306 κτίσμα
2807 1237 2923 1291 ἐστὶ
2968 1240 3062 1292 καὶ
3103 1241 3311 1312 ποίημα
3330 1242 3471 1315 (64);
3500 1247 3609 1312 Πῶς
3629 1249 3674 1303 δὲ
3698 1228 3745 1317 ἐξ

2226 1323 2327 1376 οὐκ
2344 1322 2512 1378 ὄντων
2541 1324 2607 1380 ἂν
2626 1326 2732 1399 εἴη,
2755 1328 2848 1382 τοῦ
2874 1330 3086 1402 Πατρδς
3104 1332 3369 1401 λέγοντοςσ
3405 1335 3742 1408 Ἐξηρεύξατο

2228 1414 2269 1481 ἠ
2292 1413 2507 1484 καρδία
2526 1434 2645 1486 μου
2664 1420 2858 1489 Λόγον
2883 1421 3123 1492 ἀγαθόν’
3154 1423 3268 1477 καίο
3286 1426 3385 1480 Ἐκ
3413 1430 3638 1498 γαστρὸς
3653 1432 3743 1500 πρὸ

2238 1502 2582 1574 Ἑωσφόρου
2643 1507 2943 1578 ἐγέννησά
2997 1528 3107 1576 σε;
3142 1515 3214 1567 Ἢ
3269 1514 3384 1581 πῶς
3428 1518 3649 1591 ἀνόμοιος
3690 1526 3743 1595 τῇ

2224 1596 2382 1668 ούσξᾳ
2406 1597 2499 1651 τοῦ
2530 1600 2761 1673 Πατρὺς,
2788 1605 2816 1657 6
2838 1602 2912 1657 ὣν
2942 1604 3104 1659 εἰκὼν
3127 1607 3310 1662 τελεία
3346 1612 3437 1665 καὶ
3459 1612 3744 1686 ἀπαύγασμα

2224 1688 2317 1742 τοῦ
2361 1691 2594 1761 Πατρδς,
2629 1695 2727 1748 καὶ
2762 1694 2955 1765 λέγων·
3018 1701 3082 1753 '0
3108 1700 3380 1770 ἑωρακὼς
3424 1702 3539 1773 ἐμὲ,
3564 1704 3743 1776 ἑώρακε

546 1777 599 1821 ει
632 1768 847 1825 Patrem
868 1771 913 1805 ⁸⁵
937 1776 963 1830 .9
1007 1773 1126 1842 Quo
1162 1785 1323 1847 pacto
1356 1780 1403 1836 si
1446 1779 1686 1838 Verbum
1733 1801 1827 1842 seu
1870 1786 2032 1847 Ratio
2073 1801 2118 1845 et

2225 1782 2333 1835 τὸν
2378 1782 2628 1852 Πατέρα;
2678 1785 2803 1850 Πῶς
2852 1787 2908 1841 δὲ
2953 1789 3003 1842 εἰ
3043 1768 3217 1861 Λόγος
3246 1768 3647 1864 καὶΣοςξιίαὲστῖι
3669 1798 3740 1850 τοῦ

551 1861 830 1933 Sapientia
849 1865 943 1922 Dei
971 1868 1144 1927 Filius
1161 1880 1265 1939 est,
1290 1872 1390 1930 fuit
1420 1884 1635 1950 tempus
1662 1896 1788 1936 cum
1814 1897 1925 1938 non
1953 1886 2124 1941 esset?

547 1953 782 2012 Perinde
819 1966 903 2014 est
950 1962 1094 2015 enim
1127 1979 1189 2019 ac
1225 1966 1272 2020 si
1300 1964 1544 2025 dicerent
1576 1990 1589 2026 :
1616 1970 1787 2028 Deum
1830 1974 2123 2045 aliquando

547 2043 779 2104 natione
799 2058 853 2105 et
880 2049 1156 2122 Sapientia
1186 2058 1450 2114 caruisse.
1483 2059 1587 2127 Qui
1620 2063 1748 2118 item
1772 2043 2122 2119 verti—muta»

543 2138 659 2195 rive
685 2149 884 2211 potest,
917 2145 1009 2213 qui
1032 2146 1107 2200 ait
1133 2163 1230 2216 per
1255 2164 1313 2205 se
1342 2152 1561 2221 quidem
1588 2153 1704 2225 ipse
1733 2172 1747 2210 :
1784 2154 1895 2227 Ego
1924 2158 1980 2211 in
2010 2157 2111 2213 Pa-

547 2237 646 2295 tre,
680 2240 730 2285 et
766 2231 930 2288 Pater
956 2237 1009 2288 in
1040 2253 1120 2290 me
1156 2239 1239 2303 ‘°;
1277 2249 1350 2307 et,
1394 2240 1506 2313 Ego
1538 2252 1590 2298 et
1625 2244 1791 2300 Pater
1829 2264 1991 2303 unum
2033 2268 2123 2305 su-

547 2338 665 2378 mus
685 2323 732 2355 "
756 2341 776 2380 :
806 2342 904 2397 per
948 2329 1268 2399 prophetam
1305 2349 1436 2389 vero
1466 2352 1478 2387 :
1523 2334 1703 2394 Videte
1733 2357 1831 2406 me,
1874 2343 1997 2412 quia
2030 2360 2120 2414 ego

544 2430 681 2481 sum,
704 2426 755 2471 et
803 2436 905 2473 non
937 2431 1113 2476 mutor
1129 2423 1218 2479 ⁸⁸2
1242 2423 1375 2480 Nam
1412 2428 1625 2486 etiamsi
1673 2432 1741 2487 ad
1787 2431 2001 2490 Patrem
2040 2436 2123 2490 di-

546 2513 693 2561 ctum
746 2508 880 2565 illud
936 2513 1127 2569 referri
1183 2526 1366 2586 queat,
1404 2520 1585 2590 aptius
1634 2530 1818 2580 tamen
1866 2525 1933 2581 de
1982 2524 2121 2581 Filio

538 2596 651 2666 jam
676 2598 900 2666 dicitur,
928 2605 1057 2674 quia
1088 2622 1211 2660 cum
1247 2607 1424 2665 factus
1458 2611 1620 2667 homo
1653 2615 1746 2676 sit,
1778 2630 2119 2688 nequaquam

545 2695 790 2747 mutatus
822 2701 939 2761 est;
983 2696 1099 2757 sed,
1144 2706 1202 2751 ut
1243 2701 1318 2754 ait
1347 2701 1642 2772 Apostolus
1659 2707 1743 2760 ":
1779 2704 1936 2763 Iesus
1967 2708 2121 2764 Chri-

544 2791 658 2836 stus
697 2782 808 2839 heri
850 2796 900 2839 et
931 2788 1104 2854 hodie,
1138 2790 1247 2856 ipse
1289 2801 1339 2847 et
1376 2794 1430 2848 in
1460 2796 1681 2854 secula.
1731 2797 1865 2865 Quis
1910 2800 2120 2857 induxit

544 2869 667 2927 illos
689 2874 1029 2942 utdicerent,
1058 2889 1283 2949 propter
1305 2898 1406 2937 nos
1433 2884 1585 2941 illum
1608 2887 1809 2943 factum
1830 2906 1971 2956 esse,
1994 2893 2120 2949 licet

543 2961 748 3021 Paulus
778 2966 927 3022 dicat
948 2970 994 3001 "
1032 2991 1045 3026 :
1079 2970 1305 3044 Propter
1344 2993 1496 3045 quem
1541 2981 1740 3049 omnia,
1769 2992 1819 3038 et
1849 3000 1941 3054 per
1969 3002 2118 3056 quem

543 3056 722 3110 omnia
738 3058 765 3113 ?

2222 1871 2356 1925 Θεοῦ
2403 1875 2432 1926 6
2487 1875 2635 1941 Υἱὸς,
2653 1867 2723 1945 ἦν
2745 1894 2875 1931 ποτε
2924 1880 3015 1934 ὅτε
3047 1881 3149 1935 οὐκ
3201 1878 3295 1955 ἦνς
3341 1879 3481 1939 Ἷσον
3509 1887 3605 1958 γάρ
3628 1890 3741 1942 ἐστιν

2223 1967 2419 2031 αὐτούς
2446 1967 2623 2037 λέγειν
2649 1970 2838 2041 ἄλογον
2862 1973 2953 2027 καὶ
2976 1975 3181 2045 ἄσοεξόν
3209 1994 3333 2031 ποτε
3361 1978 3447 2031 τὸν
3479 1979 3596 2034 Θεόν
3612 1997 3624 2011 ’
3652 1981 3740 2046 πῶς

2223 2057 2279 2111 δὲ
2314 2058 2544 2131 τρεπτὸς
2600 2061 2693 2115 καὶ
2739 2063 3028 2130 ἀλλοιωτὸς
3063 2067 3091 2119 6
3124 2066 3321 2137 λέγων,
3361 2068 3625 2124 δι’.ὲαυτοῦ
3645 2072 3737 2142 μὲν.

2236 2148 2382 2219 Ἐγὼ
2405 2149 2475 2203 ἐν
2502 2150 2581 2216 τῷ
2602 2153 2803 2222 Har/)2,
2829 2156 2925 2210 καὶ
2953 2160 2986 2211 ό
3006 2157 3214 2229 Πατὴρ
3240 2160 3308 2214 ἐν
3328 2161 3467 2232 ἐμοί·
3512 2163 3608 2217 και’
3626 2162 3741 2234 Ἐγὼ

2224 2244 2319 2297 καὶ
2355 2248 2388 2298 ὁ
2413 2245 2613 2315 Πατὴρ
2634 2247 2704 2302 ἐν
2726 2249 2928 2319 ἑσμενσ
2954 2250 3042 2305 διὰ
3068 2252 3127 2306 δὲ
3164 2252 3259 2307 τοῦ
3296 2257 3576 2327 προφήτουο
3600 2256 3740 2310 Ἵδετέ

2217 2350 2315 2403 με,
2353 2333 2442 2388 ὅτι
2489 2336 2603 2407 ἐγώ
2643 2340 2780 2409 ειμι,
2812 2340 2911 2395 καὶ
2936 2343 3049 2396 οὐκ
3079 2343 3433 2415 nmmum;
3460 2346 3517 2399 Ei
3552 2346 3643 2418 γὰρ
3668 2346 3737 2400 καὶ

2224 2430 2309 2483 ἐπ’
2351 2429 2511 2484 αὐτόν
2537 2448 2621 2494 τις
2666 2432 2758 2485 τὸν
2786 2432 3002 2506 Πατέρα
3026 2434 3253 2491 δύναται
3275 2435 3333 2491 τὸ
3382 2438 3531 2508 ῥητὸν
3575 2438 3736 2509 ἀναιρέο

2225 2534 2360 2593 ρεινο
2403 2518 2539 2573 ἀλλὰ
2568 2520 2967 2594 ἁρμοδιώτερον
3010 2523 3076 2578 ἂν
3107 2525 3198 2596 εἴη
3224 2526 3349 2599 περὶ
3376 2525 3462 2580 τοῦ
3491 2527 3641 2597 Λόγου
3665 2526 3736 2581 νῦν

2222 2612 2531 2685 λεγόμενον,
2560 2614 2641 2667 ὅτι
2678 2614 2772 2668 καὶ
2803 2616 3095 2687 γενόμενος
3140 2618 3423 2692 ἄνθρωπος
3444 2623 3537 2675 ούκ
3559 2620 3735 2691 ἠλλοιω-

2220 2723 2332 2762 ταιο
2367 2706 2480 2761 ἀλλ’
2516 2707 2591 2771 ὼς
2623 2702 2775 2761 εἶπεν
2803 2711 2832 2762 ὁ
2871 2709 3204 2773 Ἀπόστολος
3276 2713 3501 2780 Ἰησοῦς
3532 2712 3735 2781 Χριστὸς

2222 2798 2365 2868 χθὲς
2393 2800 2491 2854 καὶ
2525 2799 2808 2869 σήμερον,
2838 2804 2873 2855 ό
2904 2802 3089 2870 αὐτὸς
3128 2803 3231 2858 καὶ
3274 2806 3360 2870 εις
3390 2804 3520 2872 τοὺς
3543 2803 3730 2868 αὶῶναςο

2220 2890 2305 2955 τίς
2331 2891 2387 2945 δὲ
2418 2891 2528 2964 (65)
2560 2893 2665 2964 ἄρα
2713 2895 2887 2946 εἰπεῖν
2917 2894 3114 2959 αὐτοὺς
3151 2895 3385 2961 ἔπεισεν,
3409 2896 3486 2949 ὅτι
3527 2895 3585 2949 δι’
3617 2895 3733 2965 ἡμᾶς

2221 2984 2436 3052 γέγονε,
2486 2983 2659 3039 καίτοι
2699 2984 2794 3039 τοῦ
2837 2985 3048 3040 Παύλου
3095 2987 3417 3059 γράφοντοςο
3468 2987 3541 3042 Δι’
3577 2986 3638 3041 ὃν
3680 2985 3732 3039 τὰ

2222 3075 2437 3143 πάντα,
2472 3078 2569 3133 καὶ
2600 3077 2674 3132 δι’
2695 3075 2767 3135 οὗ
2806 3081 2877 3134 τὰ
2916 3080 3150 3148 πάντα;

613 3147 679 3203 V.
714 3148 872 3217 Quod
926 3162 1138 3224 spectat
1179 3165 1359 3227 autem
1416 3160 1564 3217 illam
1615 3180 1807 3222 eorum
1857 3168 2112 3242 blasphe~

2291 3169 2350 3223 ν.
2401 3171 2537 3244 Περὶ
2589 3170 2698 3244 γὰρ
2737 3171 2831 3225 τοῦ
2862 3145 3234 3247 βλασφημεῖν,
3281 3178 3361 3230 ὅτι
3384 3177 3478 3230 οὐκ
3513 3174 3634 3229 οἶδεν
3665 3191 3731 3226 τε·

542 3238 707 3301 miam
748 3256 855 3311 qua
893 3242 1071 3310 aiunt,
1126 3245 1322 3302 Filium
1356 3264 1465 3305 non
1522 3268 1687 3311 nosse
1744 3238 2115 3328 perfecte-Pa-

541 3333 708 3399 trem;
762 3338 1105 3403 nequaquam
1152 3336 1463 3394 mirandum
1498 3358 1664 3397 :cum
1706 3347 1851 3400 enim
1907 3339 1963 3403 in
1996 3350 2115 3404 ani-

543 3435 691 3475 mum
720 3421 1035 3480 induxerint
1064 3425 1284 3484 Christo
1313 3430 1513 3487 bellum
1543 3434 1767 3502 inferre,
1801 3453 2116 3510 oppugnant

543 3511 674 3567 item
692 3513 808 3570 haec
834 3515 980 3573 illius
1009 3520 1172 3575 verba
1207 3536 1220 3573 :
1253 3520 1407 3577 Sicut
1440 3528 1580 3580 novit
1619 3545 1700 3583 me
1731 3528 1913 3595 Pater,
1939 3544 1989 3586 et
2022 3551 2113 3603 ego

543 3620 767 3670 agnosco
796 3606 1017 3663 Patrem
1044 3612 1112 3667 ἰ.
1140 3610 1377 3670 Proinde
1405 3616 1452 3671 si
1490 3633 1554 3672 ex
1591 3628 1746 3689 parte
1789 3631 1997 3677 tantum
2026 3622 2115 3679 Fi-

543 3696 675 3751 lium
711 3701 862 3755 novit
893 3700 1073 3770 Pater,
1120 3714 1342 3762 constat
1374 3706 1573 3763 Filium
1607 3727 1715 3767 non
1750 3713 1989 3783 perfecte
2018 3730 2113 3771 co-

543 3806 806 3859 gnoscere
834 3790 1072 3850 Patrem.
1100 3795 1256 3864 Quod
1302 3800 1349 3855 si
1382 3801 1536 3858 nefas
1564 3803 1632 3859 sit
1662 3804 1736 3859 ita
1783 3806 1952 3877 loqui,
1985 3818 2039 3862 et
2066 3809 2111 3864 si

541 3880 703 3938 Pater
730 3884 968 3953 perfecte
1015 3889 1168 3944 novit
1198 3887 1424 3961 Filium;
1460 3895 1681 3964 planum
1713 3905 1798 3955 est
1837 3900 1981 3955 sicut
2011 3900 2113 3956 Pa-

540 3982 626 4028 ter
671 3974 908 4033 Verbum
954 3982 1105 4036 novit
1162 3998 1345 4049 suum,
1398 3987 1624 4056 perinde
1652 3987 1913 4059 Verbum,
1952 4011 2112 4050 suum

541 4079 705 4120 nosse
724 4064 962 4133 Patrem,
988 4071 1146 4140 cujus
1176 4073 1353 4142 ipsum
1383 4074 1619 4141 Verbum
1648 4089 1751 4137 est.

609 4152 699 4210 Vl.
737 4155 864 4214 Haec
899 4160 1155 4227 dicendo,
1196 4172 1361 4236 atque
1406 4167 1621 4226 divinas
1655 4169 1974 4244 Scripturas
2016 4194 2113 4233 ex-

540 4249 845 4318 planando,
907 4268 1281 4323 saepenumero
1334 4257 1456 4314 illos
1505 4263 1858 4322 convicimus.
1908 4266 2110 4324 Verum

540 4341 817 4414 illi,quasi
848 4346 1289 4416 chamaeleontes,
1323 4360 1530 4408 mutata
1556 4356 1787 4412 subinde
1817 4363 2108 4429 sententia,

539 4433 746 4491 dictum
780 4438 912 4493 illud
945 4439 1047 4495 sibi
1096 4441 1376 4499 vindicare
1430 4447 1681 4504 nituntur
1710 4470 1722 4505 :
1761 4452 1963 4523 Impius
1992 4473 2109 4511 cum

2219 3255 2378 3323 λείως
2407 3261 2436 3312 6
2478 3258 2604 3325 Υἱὸς
2650 3261 2742 3316 τὸν
2786 3263 3037 3336 Πατέρα,
3072 3267 3133 3319 ού
3153 3267 3249 3321 δεῖ
3289 3266 3583 3339 θαυμάζειν·
3624 3264 3737 3329 ἅπαξ

2220 3351 2327 3422 γὰρ
2352 3352 2671 3424 προθέμενοι
2689 3359 3093 3428 χριστομαχεῖν,
3118 3360 3549 3433 παρακρούονται
3571 3359 3646 3413 καὶ
3661 3358 3735 3418 τὰς

2220 3442 2399 3512 φωνὰς
2419 3444 2583 3497 αὐτοῦ
2600 3443 2865 3513 λέγοντος·
2892 3448 3093 3517 Καθὼς
3116 3469 3179 3520 γε
3190 3451 3397 3507 νώσκει
3407 3470 3480 3522 με
3501 3456 3531 3507 ό
3556 3449 3733 3518 Πατὴρ,

2219 3535 2380 3606 κάγὼ
2410 3536 2679 3609 γινώσκω
2702 3537 2811 3593 τὸν
2836 3541 3080 3610 Πατέρα.
3114 3544 3189 3598 Εἰ
3224 3546 3321 3617 μὲν
3341 3543 3429 3600 οὖν
3447 3548 3507 3599 ὲκ
3535 3545 3733 3616 μέρουςὸ

2219 3628 2409 3701 Πατὴρ
2452 3629 2707 3699 γινώσκει
2750 3631 2843 3686 τὸν
2889 3632 3035 3699 Υἱδν,
3072 3636 3239 3705 δῆλον
3268 3639 3347 3692 ὅτι
3379 3639 3465 3693 καὶ
3486 3642 3513 3693 6
3544 3636 3649 3700 Υἱὸς
3676 3633 3731 3704 μὴ

2217 3720 2436 3786 τελείως
2454 3724 2765 3791 γινωσκέτω
2785 3723 2894 3795 (66)
2910 3724 3001 3779 τὸν
3018 3728 3160 3781 Πατέ
3172 3747 3263 3802 ρα.
3289 3732 3347 3785 Εἰ
3361 3731 3414 3784 δὲ
3435 3729 3576 3783 τοῦτο
3594 3728 3730 3795 λέγειι

2217 3814 2277 3866 ού
2313 3813 2490 3885 θέμις,
2534 3811 2641 3869 οἶδε
2688 3816 2744 3869 δὲ
2780 3816 3001 3883 τελείως
3025 3821 3054 3873 6
3094 3821 3290 3896 Πατὴρ
3321 3824 3407 3877 τὸν
3439 3823 3572 3885 Υἰδν,
3606 3820 3730 3890 δῆλον

2215 3905 2297 3957 ὅτι
2322 3904 2503 3971 καθὼς
2526 3908 2780 3977 γινώσκει
2803 3913 2833 3965 6
2860 3912 3050 3985 Πατὴρ
3068 3914 3159 3969 τὸν
3190 3915 3375 3971 ἑαυτοῦ
3398 3917 3571 3986 Λόγον,
3596 3914 3728 3976 οὕτως

2219 3997 2314 4050 καὶ
2340 3998 2369 4050 6
2395 3998 2566 4069 Λόγος
2588 3999 2844 4071 γινώσκει
2869 4003 2959 4060 τὸν
2982 4005 3182 4060 ἑαυτοῦ
3210 4009 3444 4082 Πατέρα,
3470 4000 3527 4062 οὗ
3546 4006 3625 4060 καί
3640 4005 3730 4057 ἐστι

2216 4089 2406 4160 Λόγος.

2290 4179 2376 4235 Vl.
2413 4180 2596 4235 Ταῦτα
2617 4182 2868 4253 λέγοντες
2895 4186 2990 4240 καὶ
3016 4188 3450 4253 ἀναπτύσσοντες
3486 4188 3577 4253 τὰς
3609 4184 3724 4247 θείας

2217 4272 2440 4344 Γραφὰς
2467 4272 2725 4339 πολλάκις
2747 4276 3109 4349 ὲνετρέψαμεν
3140 4278 3355 4344 αὐτούς.
3388 4280 3489 4333 Καὶ
3512 4277 3648 4331 πάλιν
3668 4273 3725 4329 ὡς

2218 4366 2602 4439 χαμαιλέοντες
2656 4370 3033 4440 μετεϐάλοντο,
3085 4371 3501 4449 φιλονεικοῦντες
3544 4365 3727 4423 ἑαυτοὺς

2217 4459 2510 4530 ὲφελκύσαι
2536 4461 2596 4515 τὸ
2624 4464 3024 4535 γεγραμμένονο
3084 4465 3206 4518 Ὂτ⁹
3262 4463 3337 4517 ἂν
3367 4465 3502 4530 ἔλθῃ
3540 4455 3718 4523 ἀσεϐὴς

540 4528 594 4580 in
650 4531 971 4599 profundum
1027 4535 1253 4601 venerit,
1303 4541 1583 4594 contemnit
1613 4543 1678 4596 ".
1736 4546 1920 4602 Multa:
1975 4565 2108 4607 sane

2222 4528 2297 4618 sic
2318 4549 2509 4618 βάθος
2539 4528 2757 4617 erantin,
2787 4528 3155 4624 καταφρονεῖ,
3188 4554 3381 4607 Πολλαὶ
3394 4528 3512 4621 γοῦν
3528 4548 3725 4619 αἱρέσεις

539 4628 665 4675 ante
694 4622 817 4679 illos
846 4625 1107 4682 exstitere
1157 4629 1415 4697 haereses,
1447 4649 1587 4703 quae,
1624 4636 1748 4706 plus
1798 4655 1962 4709 quam
2011 4658 2110 4713 par

2222 4641 2316 4712 πρὸ
2384 4641 2559 4695 αὐτῶν
2604 4642 2907 4711 γεγόνασιν,
2943 4645 3145 4708 αἵτινες
3198 4645 3357 4700 πλέον
3414 4640 3500 4697 τοῦ
3553 4638 3722 4694 δέοντος

538 4720 679 4778 erat,
716 4728 883 4783 ausae,
917 4717 971 4771 in
1004 4718 1331 4777 dementiam
1361 4723 1617 4795 collapsa:
1653 4738 1799 4784 sunt.
1831 4730 1899 4785 At
1930 4732 1985 4788 lii
2013 4734 2107 4803 qui

537 4806 750 4860 voculis
781 4808 897 4865 suis
928 4813 1186 4871 omnibus
1238 4815 1293 4870 id
1324 4818 1645 4883 moliuntur,
1682 4830 1742 4875 ut
1774 4820 1935 4879 Verbi
1969 4825 2109 4880 divi-

541 4898 763 4955 nitatem
806 4902 1022 4970 tollant,
1057 4906 1109 4961 id
1141 4908 1390 4974 effecere,
1425 4918 1484 4966 ut
1512 4913 1916 4982 quodammodo
1945 4918 2109 4988 justa:

539 4990 856 5049 viderentur
888 4994 1012 5062 illae,
1047 5015 1169 5054 cum
1202 5002 1427 5073 propius
1462 5002 1565 5075 ipsi
1607 5006 1675 5061 ad
1702 5006 2105 5068 Antichristum

657 5152 698 5184 ’δι
727 5151 889 5208 Joan.
926 5171 965 5218 ι,
1006 5157 1056 5212 1.

621 5222 750 5295 ibid.
785 5227 870 5279 10.
951 5216 1019 5257 ﬁ“
1050 5226 1214 5285 Joan.
1245 5247 1311 5295 χ,
1343 5216 1434 5289 50.

1539 5242 1583 5266 ⁸ο
1616 5240 1852 5295 n‘talach.
1893 5257 1976 5305 ιιι,
2009 5245 2058 5297 6.

540 5289 587 5321 ⁸³
611 5292 770 5351 Prov.
801 5312 957 5361 xvnl,
984 5298 1035 5352 5.

614 5432 725 5514 (9⁵)
763 5435 978 5514 ξοοςξιῐ.
1005 5447 1141 5514 post
1171 5443 1491 5514 ποιημάτων
1523 5444 1685 5499 habet
1714 5446 1743 5499 6
1780 5445 1925 5507 Υἱός.
1959 5445 2102 5500 idem

544 5503 841 5577 ιιιίιΙλ.,’πῷς
874 5508 929 5562 δὲ
958 5503 1176 5565 δύναται
1207 5503 1323 5577 ἷσοξ
1358 5510 1517 5575 εἶναι,
1549 5515 1730 5570 minus
1764 5526 1929 5571 recte.

615 5575 730 5656 (64)
758 5576 901 5656 llaec,z
920 5583 1074 5650 εἰπερ
1098 5584 1191 5656 xu}.
1214 5575 1374 5656 αὐτὸς
1399 5584 1605 5656 κτισμα
1622 5586 1736 5638 ἐστὶ
1753 5586 1847 5656 καὶ
1870 5585 2097 5656 ποίημα,

542 5645 738 5726 dcs'unt
786 5647 838 5726 i_n
868 5645 1105 5712 Socrat.,
1145 5652 1323 5708 Gelas.
1358 5645 1415 5709 ct
1461 5645 1723 5724 Epiphan.
1757 5645 2094 5726 Srhol.,'Scd

542 5715 597 5771 in
627 5711 757 5789 Reg.
793 5715 1061 5784 leguntur.

1152 5158 1197 5189 "
1225 5156 1387 5217 Joan.
1415 5176 1430 5216 ι
1454 5206 1469 5230 ,
1510 5162 1598 5226 18,
1627 5162 1685 5221 5,
1768 5169 1815 5202 ⁸³
1844 5169 1995 5225 Psal.
2033 5188 2182 5233 xuv,
2213 5173 2263 5228 i.
2372 5172 2418 5204 “
2448 5172 2602 5229 Psal.

1152 5247 1214 5285 ιη.
1245 5247 1311 5295 x,
1343 5232 1434 5289 50.
1539 5242 1583 5266 ὀ
1616 5240 1852 5295 ιιῖαιαοΙι.
1893 5257 1976 5299 ιιι.
2009 5245 2058 5297 6.
2169 5245 2212 5276 ’⁸ο
2249 5243 2411 5298 Ilebr.
2447 5260 2565 5299 xm.
2599 5246 2633 5299 8

2210 4736 2565 4806 τολμήσασαι,
2594 4737 2946 4791 πεπτώκασιν
2967 4740 3046 4801 εἰς
3070 4737 3395 4809 ἀφροσύνην.
3426 4727 3566 4788 Οὗτοι
3586 4727 3635 4780 δὲ
3652 4724 3715 4777 διδ

2215 4827 2430 4880 πάντων
2464 4826 2686 4880 ,ἑαυτῶν
2737 4826 2846 4881 τῶν
2894 4828 3176 4899 ῥηματίων
3218 4826 3630 4898 ἐπιχειρήσαντες
3655 4813 3719 4866 εἷς

2211 4908 2494 4990 ἀναίρηὰιν
2530 4919 2648 4989 (67)
2679 4920 2778 4992 τῆς
2797 4919 2893 4974 τοῦ
2924 4920 3101 4990 Λόγου
3151 4919 3415 4990 θεότητος,
3447 4908 3715 4968 ἐδικαίωσαν

2210 5014 2269 5079 ἐξ
2285 5011 2491 5066 ἑαυτῶν
2508 5013 2721 5087 ἐκείνας
2749 5014 2825 5078 ὼς
2853 5014 3138 5086 ὲγγύτεροι
3164 5012 3256 5066 τοῦ
3290 5005 3621 5078 Ἀντιχρίστου
3642 5010 3704 5063 γε·

3306 5171 3353 5203 ⁸⁵
3380 5170 3526 5225 Joan.
3548 5176 3638 5221 xm
3663 5155 3701 5208 9-

2372 5172 2418 5204 “
2448 5172 2602 5229 Psal.
2634 5189 2756 5240 Clx,
2796 5174 2862 5239 '5;
2897 5175 3055 5231 Hebr.
3080 5190 3120 5240 ι,
3146 5173 3197 5227 5.
3306 5172 3353 5203 “
3380 5172 3526 5225 Joan.
3548 5176 3638 5221 xlv,
3663 5172 3697 5208 νε

2372 5261 2411 5297 r.
2447 5260 2565 5297 xm.
2599 5246 2652 5297 8.
2759 5247 2805 5278 ⁵³
2833 5245 2999 5297 Hebr.
3034 5260 3095 5297 ιι.
3132 5244 3217 5297 10.
3319 5245 3362 5275 ⁸³
3390 5242 3534 5297 Joau.
3565 5248 3608 5297 ι,
3634 5225 3697 5279 i5-

2759 5247 2805 5278 ”
2833 5245 2999 5303 Hebr.
3034 5260 3095 5308 ιι,
3132 5244 3217 5298 10.

2286 5443 2399 5514 (65)
2439 5442 2596 5498 Socr.
2625 5455 2679 5501 et
2716 5448 2921 5515 Gelas.,
2976 5451 3028 5504 τι
3061 5451 3137 5507 δέ.
3173 5449 3362 5521 Epipb.
3402 5441 3581 5505 δάιοι,
3605 5450 3690 5506 Μ

2214 5530 2377 5567 causa
2411 5525 2587 5583 putas,
2622 5528 2726 5573 etc.

2431 5584 2655 5662 §ocrat.
2684 5600 2737 5662 et
2772 5588 2978 5662 Ceius”
3003 5592 3274 5662 γινώσκει.
3322 5622 3329 5631 ι

2278 5653 2390 5737 (67.)
2429 5653 2608 5737 ευριπ,
2656 5660 2832 5716 αὐτῶν
2865 5653 2974 5716 τῶν
3015 5653 3274 5737 ’ῥημάτων
3320 5656 3694 5731 ἐπιχειρήσαντες

2204 5731 2316 5791 ταῖς
2351 5727 2676 5798 ἀναιρέσεσι.
