3956 6198
298 231 407 289 577

1686 225 2083 283 EHSTOLIE.‘

3427 232 3531 291 578

294 355 533 423 ιϐμενοι.
551 350 640 407 Arb
664 348 1231 423 καὶάπεκηρύχθησαν
1256 346 1351 404 καὶ
1370 346 1858 418 ἁνεθεματίσθησαι

1972 346 2252 404 accedant.
2310 343 2698 414 Quamobrem'
2735 347 3027 420 proscripti
3073 358 3128 405 et
3188 349 3535 412 anathemate

285 451 409 503 iub
440 447 536 519 τῆς
575 442 915 515 Ἐκκλησίας.
952 442 1281 514 Δυπούμεθα
1303 444 1400 514 μὲν
1422 438 1516 497 οὖν
1539 443 1633 496 ἐπὶ
1661 443 1728 513 τῇ
1758 442 1862 494 ἀπ-

292 541 471 613 ωλείᾳ
507 537 724 593 τούτων·
760 536 855 590 καὶ
885 534 1118 606 μάλιστα
1147 536 1230 588 ὅτι
1278 534 1539 605 μαθόντες
1592 535 1725 589 ποτὲ
1768 538 1863 591 καὶ

294 632 457 686 ιῦτοὶ
487 628 552 682 τὰ
578 627 679 696 τῆς
717 623 1061 695 Ἐκκλησίας,
1091 621 1188 676 νῦν
1219 623 1594 693 ἁπεπήδησανο
1625 622 1686 676 οὐ
1718 621 1862 687 ξενι-

292 720 503 791 ζόμεθα
530 718 609 772 δέ’
640 716 799 770 τοῦτο
833 715 941 787 γὰρ
1000 716 1095 769 καὶ
1163 715 1446 786 ’Υμεναῖος
1488 714 1585 768 καὶ
1636 714 1861 786 Φιλητὺς

290 812 616 874 accmbam,
650 811 744 865 καὶ
776 810 882 882 πρὸ
913 809 1090 863 αὐτῶν
1117 808 1315 873 Ἰούδας
1332 810 1361 864 ὁ
1389 808 1759 882 ἀκολουθήσας
1784 809 1863 881 τῷ

289 906 529 976 Σωτῆρι,
554 902 775 975 ὕστερον
791 901 897 974 γὰρ
924 900 1185 972 προδότης
1201 900 1293 954 καὶ
1316 898 1626 970 ἀποστάτης
1651 898 1859 969 γέγονε.

290 999 410 1051 Καὶ
446 997 573 1068 περὶ
604 994 806 1049 τούτων
830 996 887 1049 δὲ
914 993 1115 1059 αὐτῶν,
1148 994 1249 1047 ούκ
1276 992 1549 1047 ἀδίδακτοι
1580 994 1863 1065 μεμνήκα-

289 1106 418 1161 μεν·
458 1088 573 1143 ἀλλ’
600 1089 630 1142 ὁ
659 1087 757 1159 μὲν
784 1086 989 1160 Κύριος
1014 1085 1326 1158 προείρηκε*
1373 1084 1631 1139 Βλέπετε
1657 1083 1741 1154 μή
1770 1102 1862 1151 τις

288 1179 449 1252 ὑμᾶς
477 1178 791 1249 πλανήσῃ
848 1180 1063 1234 πολλοὶ
1095 1178 1206 1250 γὰρ
1233 1179 1584 1233 ἐλεύσονται
1640 1176 1735 1231 ἐπὶ
1780 1176 1861 1243 τῷ

288 1276 543 1344 ὀνόματί
561 1291 680 1343 μου
705 1272 1005 1343 λέγοντες,
1036 1272 1123 1325 ὅτι
1151 1272 1264 1342 ἐγώ
1293 1272 1431 1341 ειμι,
1464 1270 1561 1326 καί
1592 1272 1624 1324 ὀ
1655 1269 1861 1339 καιρὸς

288 1368 523 1438 ﬁmus.
557 1368 657 1422 καί
687 1366 954 1433 πολλοὺς
980 1364 1365 1433 πλανήσουσι
1384 1382 1398 1396 ’
1414 1363 1502 1435 μὴ
1531 1363 1859 1433 πορευθῆτε

287 1460 488 1512 ὀπίσω
506 1457 723 1513 αὐτῶν.
765 1458 822 1511 '0
852 1450 911 1510 δὲ
943 1454 1153 1519 Παῦλος
1178 1453 1365 1525 μαθὼν
1390 1453 1562 1509 ταῦτα
1591 1452 1739 1527 παρὰ
1762 1451 1855 1505 τοῦ

287 1549 546 1621 Σωτῆρος
579 1547 829 1618 ἔγραψεν·
865 1548 993 1601 Ὅτι
1027 1546 1096 1600 ἐν
1125 1544 1398 1627 ὑστέροις
1438 1542 1661 1613 καιροῖς
1700 1540 1810 1613 (68)
1839 1580 1854 1605 ,

283 1640 749 1708 ἀποστήσονταί
794 1657 952 1705 τινες
972 1638 1083 1707 τῆς
1131 1639 1521 1709 ὑγιαινούσης
1572 1637 1850 1701 πίστεως,

1967 439 2214 512 percussi
2248 448 2377 495 sunt
2406 440 2475 496 ab
2520 438 2785 496 Ecclesia.
2820 439 2886 495 Et
2914 440 3158 513 quidem,
3214 445 3431 502 tametsi
3465 446 3535 503 de

1964 531 2180 588 illorum
2214 531 2382 589 exitio
2429 530 2700 597 dolemus,
2734 545 2858 588 cum
2899 534 3203 602 praesertim
3236 534 3336 600 illi,
3383 546 3534 609 post-

1962 639 2127 694 quam
2155 623 2414 680 Ecclesiae
2461 622 2765 679 doctrinam
2795 623 3134 691 didicissent,
3186 624 3257 680 ab
3288 626 3380 681 illa
3419 628 3531 698 jam

1962 714 2324 783 desciverint;
2382 729 2723 787 nequaquam
2765 721 2946 771 tamen
2995 732 3322 788 magnopere
3367 719 3529 775 mira-

1963 822 2086 861 mur
2117 826 2131 861 :
2166 805 2221 861 id
2253 806 2432 877 ipsum
2468 806 2614 863 enim
2656 803 2949 879 Hymenaeo
2977 807 3204 878 contigit
3245 817 3300 863 et
3351 808 3533 866 Phile-

1961 903 2018 949 to
2041 895 2110 962 ",
2140 905 2193 952 et
2222 907 2348 952 ante
2374 897 2499 952 illos
2539 895 2713 962 Judaa,
2741 899 2837 969 qui
2882 912 3005 954 cum
3060 898 3397 957 Salvatorem
3444 918 3532 958 se-

1961 996 2121 1045 cutus
2161 996 2327 1053 esset,
2373 997 2561 1061 postea
2599 989 2847 1061 proditor
2900 991 3004 1047 fuit
3058 1000 3221 1065 atque
3263 995 3530 1054 desertor.

1961 1078 2135 1135 Porro
2180 1081 2248 1136 de
2284 1081 2370 1137 his
2411 1081 2569 1151 ipsis,
2615 1096 2961 1153 nequaquam
2992 1082 3153 1140 nobis
3177 1085 3378 1156 praevia
3410 1102 3531 1143 mo-

1967 1173 2078 1229 nita
2111 1172 2364 1241 defuere;
2396 1173 2478 1229 sic
2502 1173 2648 1230 enim
2682 1173 2942 1245 praefatus
2970 1173 3236 1233 Dominus
3266 1184 3353 1234 est
3381 1196 3396 1235 :
3434 1178 3529 1236 Vi-

1960 1270 2076 1326 dete
2116 1288 2178 1326 ne
2204 1271 2324 1341 quis
2362 1286 2449 1325 vos
2473 1268 2722 1336 seducat;
2760 1270 2921 1324 multi
2947 1271 3087 1325 enim
3112 1273 3313 1327 venient
3343 1274 3398 1328 in
3434 1291 3532 1330 na-

1960 1364 2097 1418 mine
2120 1380 2256 1426 meo,
2287 1362 2536 1427 dicentes,
2563 1362 2687 1434 quia
2709 1378 2802 1434 ego
2831 1379 2949 1417 sum
2981 1378 3000 1416 :
3024 1372 3074 1418 et
3107 1372 3304 1434 tempus
3335 1381 3529 1435 appro-

1958 1457 2252 1526 pinquavit,
2292 1465 2343 1511 et
2370 1456 2565 1512 multas
2602 1455 2848 1511 seducent
2884 1469 2903 1509 :
2934 1455 3097 1512 nolite
3133 1473 3254 1528 ergo
3284 1458 3362 1514 ire
3407 1469 3526 1529 post

1957 1562 2045 1601 eos
2062 1547 2127 1602 “.
2161 1545 2367 1604 Paulus
2392 1554 2572 1602 autem
2603 1546 2717 1602 haec
2745 1561 2776 1601 a
2805 1545 3085 1604 Salvatore
3110 1548 3358 1612 edoctus,
3391 1549 3532 1604 scri-

1960 1639 2070 1710 psit
2106 1638 2287 1706 :Quia
2313 1640 2369 1693 in
2410 1639 2705 1694 novissimis
2747 1641 3066 1709 temporibus
3110 1640 3377 1695 discedent
3410 1641 3531 1712 qui-

284 1733 698 1802 προσέχοντες
716 1732 1012 1801 πνεύμασι
1032 1728 1303 1794 πλανοῖς,
1320 1728 1415 1782 καί
1448 1727 1858 1796 διδασκαλίοις

1966 1709 2089 1782 dam
2115 1745 2149 1782 a
2169 1745 2303 1783 sana
2325 1729 2447 1799 fide,
2468 1729 2788 1784 attendentes
2815 1729 3086 1799 spiritibus
3112 1731 3332 1795 erroris,
3366 1709 3531 1787 et‘da-

282 1823 614 1893 δαιμονίων
640 1821 1179 1891 ἀποστρεφομένων
1199 1819 1312 1889 τὴν
1339 1818 1647 1887 ἀλήθειαν.

363 1916 478 1973 VII.
509 1915 615 1973 Τοῦ
648 1916 825 1970 τοίνυν
851 1914 1056 1987 Κυρίου
1089 1913 1184 1969 καὶ
1213 1912 1462 1985 Σωτῆρος
1482 1912 1641 1984 ἡμῶν
1683 1910 1861 1984 Ἰησοῦ

283 2004 552 2081 Χριστοῦ,
586 2005 673 2060 διά
698 2022 757 2059 τε
788 2002 974 2058 ἑαυτοῦ
1005 2001 1487 2076 παραγγείλαντος,
1521 2002 1615 2055 καὶ
1644 2000 1730 2055 διὰ
1768 2000 1861 2054 τοῦ

301 2098 627 2152 Ἀποστόλου
658 2097 1009 2169 σημαίνοντος
1040 2113 1108 2149 πε
1117 2094 1170 2167 ρ).
1203 2093 1311 2148 τῶν
1333 2092 1607 2159 τοιούτων,
1637 2091 1863 2147 ἀκολού-

286 2193 404 2257 θως
438 2193 600 2263 ἡμεῖς
634 2190 887 2262 αὐτήκοοι
908 2188 1008 2259 τῆς
1054 2187 1305 2260 ἀσεϐείας
1351 2185 1530 2241 αὐτῶν
1558 2184 1859 2256 γενόμενοι,

284 2282 782 2355 ἀνεθεματίσαμεν,
816 2281 959 2336 καθὰ
988 2280 1339 2353 προείπομεν,
1380 2278 1507 2342 τοὺς
1568 2275 1860 2342 τοιούτους,

285 2373 669 2442 ἀποδείξαντες
720 2390 780 2427 τε
836 2372 1029 2436 αὐτοὺς
1071 2371 1379 2445 ἀλλοτρίους
1427 2369 1525 2441 τῆς
1570 2367 1862 2438 καθολικῆς

300 2465 632 2536 Ἐκκλησίας
685 2481 745 2517 τε
790 2463 883 2518 καὶ
922 2464 1188 2526 πίστεως
1243 2458 1590 2533 ἐδηλώσαμεν
1643 2456 1738 2512 καὶ
1793 2457 1859 2528 τῇ

290 2556 538 2627 ὑμετέρᾳ
586 2553 896 2627 θεοσεϐείᾳ,
949 2551 1219 2625 ἀγαπητοὶ
1253 2550 1347 2605 καὶ
1377 2546 1694 2621 τιμιώτατοι
1737 2546 1862 2600 συλ-

287 2648 611 2719 λειτουργοὶ,
664 2647 751 2701 ἵνα
802 2647 938 2718 μήτε
984 2645 1136 2708 τινὰς
1201 2643 1260 2710 ἐξ
1312 2641 1489 2695 αὐτῶν
1543 2641 1592 2694 εί
1651 2656 1859 2711 προπε-

287 2739 571 2795 τεύσαιντο
623 2738 758 2811 πρὸς
801 2738 942 2809 ὑμᾶς
989 2736 1182 2799 ἐλθεῖν,
1260 2732 1642 2806 προσδέξησθε,
1723 2732 1861 2802 μήτε

291 2832 540 2903 Εὐσεϐίῳ
571 2832 604 2903 ἢ
634 2831 803 2903 ἑτέρῳ
821 2830 926 2883 τινὶ
951 2828 1212 2901 γράφοντι
1236 2825 1357 2899 περὶ
1380 2822 1557 2879 αὐτῶν
1584 2820 1857 2892 πεισθῆτε.

290 2925 502 3000 Πρέπει
541 2924 649 2996 γὰρ
691 2925 837 2997 ἡμᾶς
874 2921 984 2995 (69)
1032 2918 1388 2993 Χριστιανοὺς
1424 2916 1609 2980 ὄντας,
1652 2914 1860 2976 πάντας

288 3021 422 3085 τοὺς
460 3018 601 3074 κατὰ
632 3016 867 3090 Χριστοῦ
901 3015 1159 3085 λέγοντάς
1183 3030 1243 3066 τε
1270 3012 1365 3066 καὶ
1396 3007 1746 3082 φρονοῦντας,
1783 3005 1860 3072 ὼς

288 3108 593 3180 θεομάχους
638 3106 731 3161 καὶ
762 3105 995 3177 φθορέας
1033 3103 1141 3157 τῶν
1170 3100 1354 3174 ψυχῶν
1400 3096 1854 3171 ἀποστρέφεσθαι,

287 3202 387 3256 καὶ
422 3200 555 3273 μηδὲ
582 3198 683 3255 κᾶν
714 3200 938 3272 Χαίρειν
986 3200 1098 3262 τοῖς
1126 3195 1385 3259 τοιούτοις
1423 3194 1621 3263 λέγειν·
1660 3193 1748 3246 ἵνα
1782 3190 1856 3262 μή

288 3310 424 3348 ποτε
453 3293 547 3348 καὶ
567 3294 685 3358 ταῖς
734 3290 1028 3364 ἁμαρτίαις
1076 3287 1254 3344 αὐτῶν
1283 3284 1525 3341 κοινωνοὶ
1553 3281 1855 3354 γενώμεθα,

287 3383 366 3449 ὥς
389 3383 755 3457 παρήγγειλεν
787 3384 816 3436 ὁ
853 3381 1119 3455 μακάριος
1181 3379 1452 3451 Ἰωάννης.
1517 3374 1857 3449 Προσείπατε

288 3478 422 3540 τοὺς
442 3476 569 3550 παρ’
586 3476 717 3548 ὑμῖν
747 3472 1025 3545 ἀδελφούς·
1060 3473 1204 3544 ὑμᾶς
1229 3472 1279 3525 oi
1308 3470 1405 3524 σὺν
1439 3468 1561 3540 ἐμοὶ
1587 3481 1858 3540 προσαγο-

291 3568 568 3641 ρεύουσιν.

567 3678 1017 3748 Ἀλεξανδρείας
1042 3676 1430 3746 πρεσϐύτεροι
1452 3672 1585 3745 (70).

360 3773 661 3839 Κόλλουθος
691 3773 1059 3846 πρεσϐύτερος
1103 3767 1388 3841 σύμψηφός
1436 3766 1549 3837 είμι
1597 3765 1709 3827 τοῖς
1765 3779 1858 3832 γε·

285 3869 649 3939 γραμμένοις,
676 3867 771 3921 καὶ
794 3868 861 3938 τῇ
895 3864 1207 3935 καθαιρέσει
1253 3856 1464 3932 Ἀρείου
1498 3858 1596 3913 καὶ
1623 3857 1731 3911 τῶν
1757 3857 1855 3911 σὺν

284 3960 440 4033 αὐτῷ
461 3961 865 4031 ἀσεϐησάντων.

296 4052 645 4124 Ἀλέξανδρος
667 4049 1053 4124 πρεσϐύτερος,
1075 4046 1293 4118 ὁμοίως.

283 4146 575 4219 Διόσκορος
605 4143 991 4216 πρεσϐύτερος,
1018 4140 1237 4212 ὁμοίως.
1330 4146 1333 4149 ’

283 4241 559 4304 Διονύσιος
591 4237 977 4311 πρεσϐύτερος,
1002 4232 1224 4306 ὁμοίως.

283 4333 543 4396 Εὐσέϐιος
563 4330 949 4404 πρεσϐύτερος,
983 4326 1203 4400 ὁμοίως.

282 4427 632 4497 Ἀλέξανδρος
667 4423 1054 4498 πρεσϐύτερος,
1083 4416 1308 4490 ὁμοίως.
1385 4426 1389 4430 ‘

283 4519 556 4591 Νειλαρᾶς
584 4517 694 4588 (71)
726 4513 1110 4588 πρεσϐύτερος,
1142 4509 1364 4581 ὁμοίως.

281 4607 694 4683 Ἁρποκρατίων
720 4604 1108 4678 πρεσϐύτερος,
1135 4600 1355 4674 ὁμοίως.

280 4699 517 4769 ’Ᾱγαθὸς
543 4696 927 4770 πρεσϐύτερος.

280 4791 547 4862 Νεμέσιος
574 4788 958 4863 πρεσϐύτερος.

283 4881 488 4949 Λόγγος
515 4878 898 4953 πρεσϐύτερος.

282 4967 533 5032 Σιλϐανὺς
560 4966 938 5039 πρεσϐύτερος.

282 5059 504 5132 Περὼὓς
535 5061 649 5133 (72)
682 5058 1067 5135 πρεσϐύτερος.

1964 1822 2149 1875 ctrinis
2175 1820 2551 1876 da’moniorum
2581 1823 2851 1877 veritatem
2878 1823 3233 1878 aversantiunt
3265 1823 3332 1877 ".

2032 1911 2146 1967 VII.
2186 1912 2322 1969 Cum
2348 1914 2532 1985 itaque
2582 1913 2849 1971 Dominus
2870 1922 2925 1971 et
2954 1912 3204 1970 Salvator
3233 1923 3420 1970 noster
3436 1910 3530 1971 Jo-

1963 2024 2058 2066 sus
2082 2008 2336 2065 Christus
2364 2024 2462 2081 per
2487 2024 2546 2066 se
2572 2008 2687 2079 ipse
2715 2008 2790 2063 ita
2819 2006 3157 2080 praeceperit,
3187 2015 3241 2063 et
3263 2020 3362 2078 per
3382 2004 3530 2078 Apo-

1962 2100 2162 2157 stolum
2182 2115 2272 2157 res
2292 2100 2449 2157 nobis
2476 2099 2790 2171 hujusmodi
2806 2098 3227 2172 signiﬁcaverit;
3253 2099 3377 2169 jure
3401 2113 3526 2166 nos,

1961 2194 2055 2265 qui
2082 2191 2416 2263 impietatem
2450 2192 2665 2247 illorum
2703 2191 2809 2264 ipsi
2839 2206 3023 2248 coram
3066 2189 3394 2255 audivimus,
3423 2190 3527 2246 ho-

1962 2284 2159 2350 mines,
2190 2286 2268 2341 uti
2298 2301 2462 2356 supra
2492 2284 2698 2340 dictum
2721 2293 2827 2351 est,
2872 2285 3213 2342 anathemate
3245 2285 3528 2343 damnavi-

1960 2390 2105 2440 mus,
2132 2375 2390 2447 ipsosque
2434 2391 2465 2430 a
2505 2374 2772 2431 catholica
2806 2374 3051 2430 Ecclesia
3082 2380 3137 2431 et
3169 2373 3272 2431 ﬁde
3320 2375 3528 2433 alienos

1960 2467 2398 2524 declaravimus:
2433 2482 2678 2538 remque,
2726 2465 3037 2522 cbarissimi
3080 2474 3243 2545 atque
3294 2467 3527 2523 honora-

1959 2557 2159 2613 tiésimi
2194 2557 2578 2622 comministri,
2617 2564 2812 2613 vestra:
2839 2556 3089 2628 religioni
3128 2557 3526 2628 indicavimus;

1960 2658 2021 2705 ut
2045 2665 2114 2706 ne
2140 2648 2405 2721 quosdam
2436 2665 2503 2705 ex
2532 2649 2662 2716 illis,
2697 2651 2741 2705 si
2776 2651 3084 2721 petulanter
3111 2665 3210 2707 vos
3234 2651 3384 2708 adire
3407 2651 3527 2710 ausi

1962 2742 2184 2810 fuerint,
2209 2742 2486 2813 recipiatis
2526 2761 2540 2798 :
2576 2756 2712 2798 neve
2763 2741 2999 2797 Eusebio
3037 2741 3124 2798 vel
3166 2742 3257 2797 alii
3291 2742 3526 2814 cuipiam

1963 2834 2031 2890 de
2057 2835 2165 2890 illis
2196 2834 2263 2889 ad
2291 2847 2391 2889 vos
2420 2832 2704 2897 scribenti,
2748 2831 2906 2889 [idem
2942 2834 3212 2891 habeatis.
3242 2834 3354 2891 Nos
3380 2835 3525 2892 enim

1963 2937 2150 3002 utpote
2177 2928 2521 2985 Christianos
2549 2928 2726 2993 decet,
2773 2942 2967 2984 omnes
3000 2927 3093 3000 qui
3129 2935 3321 2984 contra
3369 2927 3525 2984 Chri-

1961 3036 2103 3084 stum
2132 3025 2430 3096 loquuntur
2456 3031 2551 3079 aut
2583 3022 2844 3088 sentiunt,
2866 3023 3014 3079 velut
3051 3021 3144 3078 Dei
3175 3022 3364 3079 hostes
3403 3020 3524 3078 ani-

1959 3131 2279 3187 marumque
2303 3122 2656 3185 corruptores
2683 3112 2947 3178 aversari,
2979 3127 3042 3169 ac
3068 3127 3140 3169 ne
3166 3112 3383 3184 quidem
3411 3112 3523 3169 Ave

1959 3210 2068 3267 illis
2087 3208 2309 3264 dicere:
2340 3222 2409 3263 ne
2444 3206 2663 3277 quando
2705 3205 2974 3262 scelerum
3021 3205 3263 3276 ipsorum
3297 3204 3522 3276 partici-

1958 3316 2054 3372 pes
2081 3299 2276 3363 simus,
2310 3305 2371 3354 ut
2394 3296 2641 3369 praecipit
2680 3295 2876 3354 beatus
2912 3295 3155 3354 Joannes
3175 3297 3245 3353 ⁸⁸.
3278 3295 3523 3354 Salutate

1959 3390 2156 3447 fratres
2191 3389 2287 3462 qui
2325 3389 2607 3447 vobiscum
2642 3394 2772 3447 sunt
2802 3406 2818 3445 :
2845 3401 2943 3444 vos
2991 3388 3086 3460 qui
3134 3402 3347 3445 mecum
3394 3392 3522 3446 sunt

1957 3481 2215 3537 salutant.

2386 3656 2724 3713 Alexandria:
2753 3656 3061 3729 presbyteri.

2026 3751 2312 3810 Colluthus
2341 3752 2627 3824 presbyter
2654 3750 2803 3807 hisce
2837 3750 3055 3822 scriptis
3101 3748 3385 3821 suﬂragor,
3418 3761 3518 3804 nec

1956 3862 2067 3904 non
2094 3844 2421 3917 depositioni
2448 3844 2586 3911 Arii,
2619 3858 2920 3915 eorumque
2956 3841 3049 3915 qui
3081 3841 3204 3915 ejus
3227 3838 3518 3913 impietatis

1955 3947 2253 3999 sectatores
2278 3943 2426 3994 sunt.

1955 4030 2258 4089 Alexander
2278 4028 2588 4100 presbyter,
2619 4025 2892 4084 similiter.

1956 4124 2255 4181 Dioscorus
2275 4121 2585 4193 presbyter,
2615 4119 2886 4179 similiter.

1955 4216 2247 4289 Dionysius
2274 4214 2579 4287 presbyter,
2618 4215 2895 4272 similiter.

1955 4308 2226 4366 Eusebius
2250 4307 2556 4380 presbyter,
2580 4307 2852 4364 similiter.

1882 4401 1930 4457 D
1958 4401 2263 4459 Alexander
2288 4400 2591 4472 presbyter,
2618 4399 2888 4455 similiter.

1950 4496 2163 4552 Nilaras
2184 4493 2490 4566 presbyter,
2524 4492 2797 4548 similiter.

1951 4588 2316 4661 Arpocration
2341 4584 2647 4658 presbyter,
2685 4582 2954 4640 similiter.

1952 4681 2198 4753 Agatbus
2220 4678 2523 4751 presbyter.

1952 4772 2242 4831 Nemesius
2271 4771 2577 4845 presbyter.

1951 4866 2169 4939 Longus
2191 4866 2497 4937 presbyter.

1956 4959 2212 5016 Silvanus
2242 4960 2546 5030 presbyter.

1952 5053 2157 5109 Perous
2189 5050 2493 5122 presbyter.

386 5213 434 5247 ⁸³
456 5213 524 5269 Il
544 5214 681 5270 Tim.
713 5230 784 5280 ιι,
815 5214 903 5270 17.
949 5215 996 5246 ⁸³
1024 5212 1149 5269 Luc.
1183 5229 1296 5279 ut,
1325 5214 1380 5269 8.
1456 5212 1502 5245 "
1532 5208 1561 5265 1
1595 5209 1731 5265 Tim.
1758 5222 1834 5277 tv,

1996 5210 2043 5241 '°
2075 5207 2142 5263 II
2162 5208 2327 5263 Joan.
2366 5206 2457 5262 10.

353 5327 465 5400 (68)
502 5329 730 5400 Καιροϊς
755 5329 907 5385 deest
930 5328 1072 5400 apud
1104 5327 1284 5400 Gelas.

352 5390 465 5469 (69)
503 5397 596 5455 Sic
618 5390 849 5455 'Socrat.
904 5390 981 5455 δι’
1018 5398 1198 5455 Gelas.
1248 5396 1408 5470 Reg.,
1450 5399 1615 5469 ὑμᾶς,
1660 5395 1842 5452 minus
1947 5390 2224 5470 reperitur
2260 5394 2389 5449 item
2424 5392 2501 5470 in.
2534 5390 3154 5470 slrbscriptioninbusnad
3182 5404 3261 5470 ἀρ

1945 5457 2228 5522 Athanasii
2263 5473 2431 5517 contr.
2473 5457 2837 5531 Arian.,pag.
2875 5460 2996 5531 190.
3040 5457 3273 5531 Ὁμοίως
3300 5457 3366 5514 ad
3394 5457 3504 5515 sin-

280 5478 448 5526 recte.

2021 5324 2136 5409 (Ἡ)
2172 5323 2380 5406 Θείας..
2404 5320 2583 5403 satae.
2615 5317 2774 5402 Reg.,
2810 5319 3099 5402 Νειλαρᾶς,
3121 5319 3275 5443 gnod
3310 5332 3509 5374 nomen

2021 5404 2216 5443 nentur
2260 5404 2389 5443 item
2424 5408 2481 5443 ιιι
2534 5391 3033 5443 subscrmtrombus
3088 5404 3116 5442 a
3195 5387 3398 5443 anotoa.
3445 5386 3504 5443 S.

3262 5406 3398 5443 οιοα.
3445 5406 3504 5443 θ.

377 5539 466 5622 70)
506 5536 1079 5622 ﬂxensubscriptiones
1134 5539 1405 5621 habentur
1451 5544 1663 5622 tantum
1696 5535 1837 5609 apud
1942 5534 2317 5622 gulanno‘mi'na
2342 5528 3040 5622 legiturapud'Geiasium.

352 5540 466 5663 ΨΟ)
506 5540 600 5593 Hm
649 5540 1079 5621 subscriptiones
1134 5540 1405 5621 habentur
1451 5544 1663 5593 tantum
1696 5540 1837 5609 apud

280 5608 557 5735 ἓῗεεειιιιιι
603 5610 949 5681 Cyltcenutn,
985 5609 1081 5666 sed
1126 5625 1325 5665 mirum
1371 5624 1428 5663 in
1460 5607 1689 5680 modum
1718 5623 1838 5663 mu-

2015 5606 2125 5679 (72)
2160 5604 2366 5671 Gelas.,
2399 5602 2671 5673 Πιρωούς.
