  <div class='ocr_page' id='page_1' title='image "/cluster/home/n/w/nwhite01/storage/ocr_20150623/18/hvd.32044073501207/296.png"; bbox 0 0 3956 6198; ppageno 0'>
   <div class='ocr_carea' id='block_1_1' title="bbox 303 214 412 272">
    <p class='ocr_par' dir='ltr' id='par_1_1' title="bbox 303 214 412 272">
     <span class='ocr_line' id='line_1_1' title="bbox 303 214 412 272; baseline 0.009 -1"><span class='ocrx_word' id='word_1_1' title='bbox 303 214 412 272; x_wconf 73' lang='grc'><strong>581</strong></span> 
     </span>
    </p>
   </div>
   <div class='ocr_carea' id='block_1_2' title="bbox 964 336 1248 389">
    <p class='ocr_par' dir='ltr' id='par_1_2' title="bbox 964 336 1248 389">
     <span class='ocr_line' id='line_1_2' title="bbox 964 336 1248 389; baseline 0 0"><span class='ocrx_word' id='word_1_2' title='bbox 964 336 1248 389; x_wconf 78' lang='grc' dir='ltr'>Διάκονοι.</span> 
     </span>
    </p>
   </div>
   <div class='ocr_carea' id='block_1_3' title="bbox 295 445 1152 517">
    <p class='ocr_par' dir='ltr' id='par_1_3' title="bbox 295 445 1152 517">
     <span class='ocr_line' id='line_1_3' title="bbox 295 445 1152 517; baseline 0.002 -18"><span class='ocrx_word' id='word_1_3' title='bbox 295 445 608 517; x_wconf 77' lang='grc' dir='ltr'><strong>Σαραπίων</strong></span> <span class='ocrx_word' id='word_1_4' title='bbox 637 446 896 511; x_wconf 76' lang='grc' dir='ltr'>διάκονος,</span> <span class='ocrx_word' id='word_1_5' title='bbox 930 447 1152 517; x_wconf 85' lang='grc' dir='ltr'>ὁμοίως.</span> 
     </span>
    </p>
   </div>
   <div class='ocr_carea' id='block_1_4' title="bbox 311 539 1098 612">
    <p class='ocr_par' dir='ltr' id='par_1_4' title="bbox 311 539 1098 612">
     <span class='ocr_line' id='line_1_4' title="bbox 311 539 1098 612; baseline -0.001 -19"><span class='ocrx_word' id='word_1_6' title='bbox 311 540 559 603; x_wconf 69' lang='grc' dir='ltr'>Ἰοῦστος</span> <span class='ocrx_word' id='word_1_7' title='bbox 593 539 855 605; x_wconf 80' lang='grc' dir='ltr'>διάκονος,</span> <span class='ocrx_word' id='word_1_8' title='bbox 879 540 1098 612; x_wconf 81' lang='grc' dir='ltr'>ὁμοίως.</span> 
     </span>
    </p>
   </div>
   <div class='ocr_carea' id='block_1_5' title="bbox 295 631 834 703">
    <p class='ocr_par' dir='ltr' id='par_1_5' title="bbox 295 631 834 703">
     <span class='ocr_line' id='line_1_5' title="bbox 295 631 834 703; baseline 0.007 -19"><span class='ocrx_word' id='word_1_9' title='bbox 295 631 542 703; x_wconf 77' lang='grc' dir='ltr'>Δίδυμος</span> <span class='ocrx_word' id='word_1_10' title='bbox 572 632 834 696; x_wconf 84' lang='grc' dir='ltr'>διάκονος.</span> 
     </span>
    </p>
   </div>
   <div class='ocr_carea' id='block_1_6' title="bbox 292 721 916 793">
    <p class='ocr_par' dir='ltr' id='par_1_6' title="bbox 292 721 916 793">
     <span class='ocr_line' id='line_1_6' title="bbox 292 721 916 793; baseline 0.005 -19"><span class='ocrx_word' id='word_1_11' title='bbox 292 722 620 793; x_wconf 79' lang='grc' dir='ltr'>Δημήτριος</span> <span class='ocrx_word' id='word_1_12' title='bbox 651 721 916 786; x_wconf 82' lang='grc' dir='ltr'>διάκονος.</span> 
     </span>
    </p>
   </div>
   <div class='ocr_carea' id='block_1_7' title="bbox 288 813 830 885">
    <p class='ocr_par' dir='ltr' id='par_1_7' title="bbox 288 813 830 885">
     <span class='ocr_line' id='line_1_7' title="bbox 288 813 830 885; baseline 0.006 -19"><span class='ocrx_word' id='word_1_13' title='bbox 288 813 430 867; x_wconf 70' lang='lat' dir='ltr'><strong>Mat-3</strong></span> <span class='ocrx_word' id='word_1_14' title='bbox 441 831 535 885; x_wconf 88' lang='grc' dir='ltr'><strong>ρος</strong></span> <span class='ocrx_word' id='word_1_15' title='bbox 567 813 830 880; x_wconf 82' lang='grc' dir='ltr'>διάκονος.</span> 
     </span>
    </p>
   </div>
   <div class='ocr_carea' id='block_1_8' title="bbox 303 905 965 978">
    <p class='ocr_par' dir='ltr' id='par_1_8' title="bbox 303 905 965 978">
     <span class='ocr_line' id='line_1_8' title="bbox 303 905 965 978; baseline 0.003 -20"><span class='ocrx_word' id='word_1_16' title='bbox 303 905 671 978; x_wconf 81' lang='grc' dir='ltr'>Ἀλέξανδρος</span> <span class='ocrx_word' id='word_1_17' title='bbox 703 907 965 971; x_wconf 84' lang='grc' dir='ltr'>διάκονος.</span> 
     </span>
    </p>
   </div>
   <div class='ocr_carea' id='block_1_9' title="bbox 287 999 829 1070">
    <p class='ocr_par' dir='ltr' id='par_1_9' title="bbox 287 999 829 1070">
     <span class='ocr_line' id='line_1_9' title="bbox 287 999 829 1070; baseline 0.004 -19"><span class='ocrx_word' id='word_1_18' title='bbox 287 999 536 1070; x_wconf 76' lang='grc' dir='ltr'>Μάρκος</span> <span class='ocrx_word' id='word_1_19' title='bbox 561 999 829 1064; x_wconf 81' lang='grc' dir='ltr'>διάκονος.</span> 
     </span>
    </p>
   </div>
   <div class='ocr_carea' id='block_1_10' title="bbox 289 1092 798 1162">
    <p class='ocr_par' dir='ltr' id='par_1_10' title="bbox 289 1092 798 1162">
     <span class='ocr_line' id='line_1_10' title="bbox 289 1092 798 1162; baseline 0.008 -18"><span class='ocrx_word' id='word_1_20' title='bbox 289 1092 510 1162; x_wconf 80' lang='grc' dir='ltr'>Κόμων</span> <span class='ocrx_word' id='word_1_21' title='bbox 535 1092 798 1158; x_wconf 81' lang='grc' dir='ltr'>διάκονος.</span> 
     </span>
    </p>
   </div>
   <div class='ocr_carea' id='block_1_11' title="bbox 290 1184 835 1256">
    <p class='ocr_par' dir='ltr' id='par_1_11' title="bbox 290 1184 835 1256">
     <span class='ocr_line' id='line_1_11' title="bbox 290 1184 835 1256; baseline 0.009 -20"><span class='ocrx_word' id='word_1_22' title='bbox 290 1184 543 1256; x_wconf 77' lang='grc' dir='ltr'>Τρύφων</span> <span class='ocrx_word' id='word_1_23' title='bbox 574 1187 835 1251; x_wconf 85' lang='grc' dir='ltr'>διάκονος.</span> 
     </span>
    </p>
   </div>
   <div class='ocr_carea' id='block_1_12' title="bbox 305 1277 921 1348">
    <p class='ocr_par' dir='ltr' id='par_1_12' title="bbox 305 1277 921 1348">
     <span class='ocr_line' id='line_1_12' title="bbox 305 1277 921 1348; baseline 0.011 -20"><span class='ocrx_word' id='word_1_24' title='bbox 305 1277 632 1348; x_wconf 77' lang='grc' dir='ltr'><strong>Ἀμμώνιος</strong></span> <span class='ocrx_word' id='word_1_25' title='bbox 657 1279 921 1344; x_wconf 84' lang='grc' dir='ltr'>διάκονος.</span> 
     </span>
    </p>
   </div>
   <div class='ocr_carea' id='block_1_13' title="bbox 292 1370 829 1442">
    <p class='ocr_par' dir='ltr' id='par_1_13' title="bbox 292 1370 829 1442">
     <span class='ocr_line' id='line_1_13' title="bbox 292 1370 829 1442; baseline 0.007 -20"><span class='ocrx_word' id='word_1_26' title='bbox 292 1370 539 1442; x_wconf 81' lang='grc' dir='ltr'>Δίδυμος</span> <span class='ocrx_word' id='word_1_27' title='bbox 571 1371 829 1436; x_wconf 79' lang='grc' dir='ltr'>διάκονος.</span> 
     </span>
    </p>
   </div>
   <div class='ocr_carea' id='block_1_14' title="bbox 295 1463 943 1535">
    <p class='ocr_par' dir='ltr' id='par_1_14' title="bbox 295 1463 943 1535">
     <span class='ocr_line' id='line_1_14' title="bbox 295 1463 943 1535; baseline 0.009 -21"><span class='ocrx_word' id='word_1_28' title='bbox 295 1463 653 1535; x_wconf 81' lang='grc' dir='ltr'>Πτολλαρίων</span> <span class='ocrx_word' id='word_1_29' title='bbox 680 1465 943 1530; x_wconf 82' lang='grc' dir='ltr'>διάκονος.</span> 
     </span>
    </p>
   </div>
   <div class='ocr_carea' id='block_1_15' title="bbox 294 1556 772 1628">
    <p class='ocr_par' dir='ltr' id='par_1_15' title="bbox 294 1556 772 1628">
     <span class='ocr_line' id='line_1_15' title="bbox 294 1556 772 1628; baseline 0.013 -20"><span class='ocrx_word' id='word_1_30' title='bbox 294 1556 481 1628; x_wconf 72' lang='grc' dir='ltr'>Σερὰς</span> <span class='ocrx_word' id='word_1_31' title='bbox 511 1558 772 1622; x_wconf 80' lang='grc' dir='ltr'>διάκονος.</span> 
     </span>
    </p>
   </div>
   <div class='ocr_carea' id='block_1_16' title="bbox 298 1649 753 1714">
    <p class='ocr_par' dir='ltr' id='par_1_16' title="bbox 298 1649 753 1714">
     <span class='ocr_line' id='line_1_16' title="bbox 298 1649 753 1714; baseline 0.009 -14"><span class='ocrx_word' id='word_1_32' title='bbox 298 1649 466 1713; x_wconf 78' lang='grc' dir='ltr'>Γάϊος</span> <span class='ocrx_word' id='word_1_33' title='bbox 491 1649 753 1714; x_wconf 83' lang='grc' dir='ltr'>διάκονος.</span> 
     </span>
    </p>
   </div>
   <div class='ocr_carea' id='block_1_17' title="bbox 305 1741 772 1811">
    <p class='ocr_par' dir='ltr' id='par_1_17' title="bbox 305 1741 772 1811">
     <span class='ocr_line' id='line_1_17' title="bbox 305 1741 772 1811; baseline 0.009 -19"><span class='ocrx_word' id='word_1_34' title='bbox 305 1741 490 1811; x_wconf 78' lang='grc' dir='ltr'>Ἱέραξ</span> <span class='ocrx_word' id='word_1_35' title='bbox 511 1741 772 1806; x_wconf 83' lang='grc' dir='ltr'>διάκονος.</span> 
     </span>
    </p>
   </div>
   <div class='ocr_carea' id='block_1_18' title="bbox 291 1833 818 1904">
    <p class='ocr_par' dir='ltr' id='par_1_18' title="bbox 291 1833 818 1904">
     <span class='ocr_line' id='line_1_18' title="bbox 291 1833 818 1904; baseline 0.008 -20"><span class='ocrx_word' id='word_1_36' title='bbox 291 1833 528 1904; x_wconf 70' lang='grc' dir='ltr'>Μάρκος</span> <span class='ocrx_word' id='word_1_37' title='bbox 559 1834 818 1897; x_wconf 86' lang='grc' dir='ltr'>διάκονος.</span> 
     </span>
    </p>
   </div>
   <div class='ocr_carea' id='block_1_19' title="bbox 292 1923 938 1994">
    <p class='ocr_par' dir='ltr' id='par_1_19' title="bbox 292 1923 938 1994">
     <span class='ocr_line' id='line_1_19' title="bbox 292 1923 938 1994; baseline 0.003 -17"><span class='ocrx_word' id='word_1_38' title='bbox 292 1923 414 1994; x_wconf 64' lang='lat'><strong>(89)</strong></span> <span class='ocrx_word' id='word_1_39' title='bbox 444 1925 656 1991; x_wconf 76' lang='grc' dir='ltr'>Θεωνᾶς</span> <span class='ocrx_word' id='word_1_40' title='bbox 680 1927 938 1990; x_wconf 81' lang='grc' dir='ltr'>διάκονος.</span> 
     </span>
    </p>
   </div>
   <div class='ocr_carea' id='block_1_20' title="bbox 290 2016 896 2089">
    <p class='ocr_par' dir='ltr' id='par_1_20' title="bbox 290 2016 896 2089">
     <span class='ocr_line' id='line_1_20' title="bbox 290 2016 896 2089; baseline 0.01 -19"><span class='ocrx_word' id='word_1_41' title='bbox 290 2016 600 2089; x_wconf 81' lang='grc' dir='ltr'>Σαρμάτων</span> <span class='ocrx_word' id='word_1_42' title='bbox 639 2020 896 2086; x_wconf 85' lang='grc' dir='ltr'>διάκονος.</span> 
     </span>
    </p>
   </div>
   <div class='ocr_carea' id='block_1_21' title="bbox 288 2108 821 2180">
    <p class='ocr_par' dir='ltr' id='par_1_21' title="bbox 288 2108 821 2180">
     <span class='ocr_line' id='line_1_21' title="bbox 288 2108 821 2180; baseline 0.013 -20"><span class='ocrx_word' id='word_1_43' title='bbox 288 2108 542 2180; x_wconf 74' lang='grc' dir='ltr'>Κάρπων</span> <span class='ocrx_word' id='word_1_44' title='bbox 561 2111 821 2179; x_wconf 83' lang='grc' dir='ltr'>διάκονος.</span> 
     </span>
    </p>
   </div>
   <div class='ocr_carea' id='block_1_22' title="bbox 285 2198 1029 2275">
    <p class='ocr_par' dir='ltr' id='par_1_22' title="bbox 285 2198 1029 2275">
     <span class='ocr_line' id='line_1_22' title="bbox 285 2198 1029 2275; baseline 0.013 -24"><span class='ocrx_word' id='word_1_45' title='bbox 285 2198 496 2266; x_wconf 83' lang='grc' dir='ltr'>Ζώῖλος</span> <span class='ocrx_word' id='word_1_46' title='bbox 527 2203 789 2274; x_wconf 84' lang='grc' dir='ltr'>διάκονος,</span> <span class='ocrx_word' id='word_1_47' title='bbox 815 2207 1029 2275; x_wconf 80' lang='grc' dir='ltr'>ὁμοίως.</span> 
     </span>
    </p>
   </div>
   <div class='ocr_carea' id='block_1_23' title="bbox 1740 221 2120 281">
    <p class='ocr_par' dir='ltr' id='par_1_23' title="bbox 1740 221 2120 281">
     <span class='ocr_line' id='line_1_23' title="bbox 1740 221 2120 281; baseline 0.005 -5"><span class='ocrx_word' id='word_1_48' title='bbox 1740 221 2120 281; x_wconf 67' lang='lat' dir='ltr'><strong>EPISTOLIE.</strong></span> 
     </span>
    </p>
   </div>
   <div class='ocr_carea' id='block_1_24' title="bbox 1925 343 2892 402">
    <p class='ocr_par' dir='ltr' id='par_1_24' title="bbox 1925 343 2892 402">
     <span class='ocr_line' id='line_1_24' title="bbox 1925 343 2892 402; baseline 0.013 -15"><span class='ocrx_word' id='word_1_49' title='bbox 1925 345 1967 402; x_wconf 78' lang='grc' dir='ltr'><strong>Α</strong></span> <span class='ocrx_word' id='word_1_50' title='bbox 2655 343 2892 400; x_wconf 75' lang='grc' dir='ltr'>υἱασοηί.</span> 
     </span>
    </p>
   </div>
   <div class='ocr_carea' id='block_1_25' title="bbox 3459 253 3564 310">
    <p class='ocr_par' dir='ltr' id='par_1_25' title="bbox 3459 253 3564 310">
     <span class='ocr_line' id='line_1_25' title="bbox 3459 253 3564 310; baseline -0.038 0"><span class='ocrx_word' id='word_1_51' title='bbox 3459 253 3564 310; x_wconf 68' lang='lat'><strong>582</strong></span> 
     </span>
    </p>
   </div>
   <div class='ocr_carea' id='block_1_26' title="bbox 1995 448 2878 522">
    <p class='ocr_par' dir='ltr' id='par_1_26' title="bbox 1995 448 2878 522">
     <span class='ocr_line' id='line_1_26' title="bbox 1995 448 2878 522; baseline 0.008 -19"><span class='ocrx_word' id='word_1_52' title='bbox 1995 448 2260 522; x_wconf 82' lang='lat' dir='ltr'><strong>Sarapion</strong></span> <span class='ocrx_word' id='word_1_53' title='bbox 2287 452 2572 517; x_wconf 84' lang='lat' dir='ltr'><strong>diaconus,</strong></span> <span class='ocrx_word' id='word_1_54' title='bbox 2606 455 2878 512; x_wconf 77' lang='lat' dir='ltr'><strong>similiter.</strong></span> 
     </span>
    </p>
   </div>
   <div class='ocr_carea' id='block_1_27' title="bbox 1991 539 2797 611">
    <p class='ocr_par' dir='ltr' id='par_1_27' title="bbox 1991 539 2797 611">
     <span class='ocr_line' id='line_1_27' title="bbox 1991 539 2797 611; baseline 0.01 -16"><span class='ocrx_word' id='word_1_55' title='bbox 1991 539 2180 598; x_wconf 80' lang='lat' dir='ltr'><strong>Justus</strong></span> <span class='ocrx_word' id='word_1_56' title='bbox 2207 543 2495 611; x_wconf 88' lang='lat' dir='ltr'><strong>diaconus,</strong></span> <span class='ocrx_word' id='word_1_57' title='bbox 2524 546 2797 604; x_wconf 74' lang='lat' dir='ltr'><strong>similiter.</strong></span> 
     </span>
    </p>
   </div>
   <div class='ocr_carea' id='block_1_28' title="bbox 1992 632 2566 705">
    <p class='ocr_par' dir='ltr' id='par_1_28' title="bbox 1992 632 2566 705">
     <span class='ocr_line' id='line_1_28' title="bbox 1992 632 2566 705; baseline 0.012 -20"><span class='ocrx_word' id='word_1_58' title='bbox 1992 632 2252 705; x_wconf 83' lang='lat' dir='ltr'><strong>Didymus</strong></span> <span class='ocrx_word' id='word_1_59' title='bbox 2281 635 2566 692; x_wconf 87' lang='lat' dir='ltr'><strong>diaconus.</strong></span> 
     </span>
    </p>
   </div>
   <div class='ocr_carea' id='block_1_29' title="bbox 1993 724 2610 788">
    <p class='ocr_par' dir='ltr' id='par_1_29' title="bbox 1993 724 2610 788">
     <span class='ocr_line' id='line_1_29' title="bbox 1993 724 2610 788; baseline 0.018 -12"><span class='ocrx_word' id='word_1_60' title='bbox 1993 724 2298 782; x_wconf 85' lang='lat' dir='ltr'><strong>Demetrius</strong></span> <span class='ocrx_word' id='word_1_61' title='bbox 2325 728 2610 788; x_wconf 83' lang='lat' dir='ltr'><strong>diaconus.</strong></span> 
     </span>
    </p>
   </div>
   <div class='ocr_carea' id='block_1_30' title="bbox 1992 815 2527 876">
    <p class='ocr_par' dir='ltr' id='par_1_30' title="bbox 1992 815 2527 876">
     <span class='ocr_line' id='line_1_30' title="bbox 1992 815 2527 876; baseline 0.011 -8"><span class='ocrx_word' id='word_1_62' title='bbox 1992 815 2213 872; x_wconf 83' lang='lat' dir='ltr'><strong>Maurus</strong></span> <span class='ocrx_word' id='word_1_63' title='bbox 2241 817 2527 876; x_wconf 85' lang='lat' dir='ltr'><strong>diaconus.</strong></span> 
     </span>
    </p>
   </div>
   <div class='ocr_carea' id='block_1_31' title="bbox 1988 904 2603 968">
    <p class='ocr_par' dir='ltr' id='par_1_31' title="bbox 1988 904 2603 968">
     <span class='ocr_line' id='line_1_31' title="bbox 1988 904 2603 968; baseline 0.011 -9"><span class='ocrx_word' id='word_1_64' title='bbox 1988 904 2296 962; x_wconf 79' lang='lat' dir='ltr'><strong>Alexander</strong></span> <span class='ocrx_word' id='word_1_65' title='bbox 2317 908 2603 968; x_wconf 79' lang='lat' dir='ltr'><strong>diaconus.</strong></span> 
     </span>
    </p>
   </div>
   <div class='ocr_carea' id='block_1_32' title="bbox 1990 997 2521 1058">
    <p class='ocr_par' dir='ltr' id='par_1_32' title="bbox 1990 997 2521 1058">
     <span class='ocr_line' id='line_1_32' title="bbox 1990 997 2521 1058; baseline 0.008 -6"><span class='ocrx_word' id='word_1_66' title='bbox 1990 997 2206 1054; x_wconf 84' lang='lat' dir='ltr'><strong>Marcus</strong></span> <span class='ocrx_word' id='word_1_67' title='bbox 2236 999 2521 1058; x_wconf 88' lang='lat' dir='ltr'><strong>diaconus.</strong></span> 
     </span>
    </p>
   </div>
   <div class='ocr_carea' id='block_1_33' title="bbox 1987 1087 2507 1148">
    <p class='ocr_par' dir='ltr' id='par_1_33' title="bbox 1987 1087 2507 1148">
     <span class='ocr_line' id='line_1_33' title="bbox 1987 1087 2507 1148; baseline 0.008 -6"><span class='ocrx_word' id='word_1_68' title='bbox 1987 1087 2195 1144; x_wconf 87' lang='lat' dir='ltr'><strong>Comon</strong></span> <span class='ocrx_word' id='word_1_69' title='bbox 2223 1088 2507 1148; x_wconf 87' lang='lat' dir='ltr'><strong>diaconus.</strong></span> 
     </span>
    </p>
   </div>
   <div class='ocr_carea' id='block_1_34' title="bbox 1988 1178 2554 1252">
    <p class='ocr_par' dir='ltr' id='par_1_34' title="bbox 1988 1178 2554 1252">
     <span class='ocr_line' id='line_1_34' title="bbox 1988 1178 2554 1252; baseline 0.011 -19"><span class='ocrx_word' id='word_1_70' title='bbox 1988 1178 2243 1252; x_wconf 84' lang='lat' dir='ltr'><strong>Tryphon</strong></span> <span class='ocrx_word' id='word_1_71' title='bbox 2269 1183 2554 1241; x_wconf 88' lang='lat' dir='ltr'><strong>diaconus.</strong></span> 
     </span>
    </p>
   </div>
   <div class='ocr_carea' id='block_1_35' title="bbox 1987 1274 2614 1333">
    <p class='ocr_par' dir='ltr' id='par_1_35' title="bbox 1987 1274 2614 1333">
     <span class='ocr_line' id='line_1_35' title="bbox 1987 1274 2614 1333; baseline 0.01 -8"><span class='ocrx_word' id='word_1_72' title='bbox 1987 1274 2306 1330; x_wconf 87' lang='lat' dir='ltr'><strong>Ammonius</strong></span> <span class='ocrx_word' id='word_1_73' title='bbox 2331 1275 2614 1333; x_wconf 88' lang='lat' dir='ltr'><strong>diaconus.</strong></span> 
     </span>
    </p>
   </div>
   <div class='ocr_carea' id='block_1_36' title="bbox 1987 1363 2555 1435">
    <p class='ocr_par' dir='ltr' id='par_1_36' title="bbox 1987 1363 2555 1435">
     <span class='ocr_line' id='line_1_36' title="bbox 1987 1363 2555 1435; baseline 0.018 -20"><span class='ocrx_word' id='word_1_74' title='bbox 1987 1363 2246 1435; x_wconf 89' lang='lat' dir='ltr'><strong>Didymus</strong></span> <span class='ocrx_word' id='word_1_75' title='bbox 2271 1365 2555 1425; x_wconf 88' lang='lat' dir='ltr'><strong>diaconus.</strong></span> 
     </span>
    </p>
   </div>
   <div class='ocr_carea' id='block_1_37' title="bbox 1982 1453 2592 1518">
    <p class='ocr_par' dir='ltr' id='par_1_37' title="bbox 1982 1453 2592 1518">
     <span class='ocr_line' id='line_1_37' title="bbox 1982 1453 2592 1518; baseline 0.015 -10"><span class='ocrx_word' id='word_1_76' title='bbox 1982 1453 2278 1512; x_wconf 89' lang='lat' dir='ltr'><strong>Ptollarion</strong></span> <span class='ocrx_word' id='word_1_77' title='bbox 2308 1457 2592 1518; x_wconf 87' lang='lat' dir='ltr'><strong>diaconus.</strong></span> 
     </span>
    </p>
   </div>
   <div class='ocr_carea' id='block_1_38' title="bbox 1984 1545 2455 1608">
    <p class='ocr_par' dir='ltr' id='par_1_38' title="bbox 1984 1545 2455 1608">
     <span class='ocr_line' id='line_1_38' title="bbox 1984 1545 2455 1608; baseline 0.013 -6"><span class='ocrx_word' id='word_1_78' title='bbox 1984 1545 2146 1604; x_wconf 86' lang='lat' dir='ltr'><strong>Seras</strong></span> <span class='ocrx_word' id='word_1_79' title='bbox 2175 1549 2455 1608; x_wconf 87' lang='lat' dir='ltr'><strong>diaconus.</strong></span> 
     </span>
    </p>
   </div>
   <div class='ocr_carea' id='block_1_39' title="bbox 1980 1639 2462 1702">
    <p class='ocr_par' dir='ltr' id='par_1_39' title="bbox 1980 1639 2462 1702">
     <span class='ocr_line' id='line_1_39' title="bbox 1980 1639 2462 1702; baseline 0.012 -8"><span class='ocrx_word' id='word_1_80' title='bbox 1980 1639 2148 1697; x_wconf 87' lang='lat' dir='ltr'><strong>Gaius</strong></span> <span class='ocrx_word' id='word_1_81' title='bbox 2175 1643 2462 1702; x_wconf 88' lang='lat' dir='ltr'><strong>diaconus.</strong></span> 
     </span>
    </p>
   </div>
   <div class='ocr_carea' id='block_1_40' title="bbox 1906 1705 2495 1794">
    <p class='ocr_par' dir='ltr' id='par_1_40' title="bbox 1906 1705 2495 1794">
     <span class='ocr_line' id='line_1_40' title="bbox 1906 1705 2495 1794; baseline 0.017 -11"><span class='ocrx_word' id='word_1_82' title='bbox 1906 1705 1948 1760; x_wconf 76' lang='grc' dir='ltr'><strong>Β</strong></span> <span class='ocrx_word' id='word_1_83' title='bbox 1981 1729 2180 1787; x_wconf 81' lang='lat' dir='ltr'><strong>Hierax</strong></span> <span class='ocrx_word' id='word_1_84' title='bbox 2209 1734 2495 1794; x_wconf 88' lang='lat' dir='ltr'><strong>diaconus.</strong></span> 
     </span>
    </p>
   </div>
   <div class='ocr_carea' id='block_1_41' title="bbox 1981 1823 2501 1888">
    <p class='ocr_par' dir='ltr' id='par_1_41' title="bbox 1981 1823 2501 1888">
     <span class='ocr_line' id='line_1_41' title="bbox 1981 1823 2501 1888; baseline 0.013 -10"><span class='ocrx_word' id='word_1_85' title='bbox 1981 1823 2198 1882; x_wconf 85' lang='lat' dir='ltr'><strong>Marcus</strong></span> <span class='ocrx_word' id='word_1_86' title='bbox 2218 1827 2501 1888; x_wconf 88' lang='lat' dir='ltr'><strong>diaconus.</strong></span> 
     </span>
    </p>
   </div>
   <div class='ocr_carea' id='block_1_42' title="bbox 1981 1917 2536 1982">
    <p class='ocr_par' dir='ltr' id='par_1_42' title="bbox 1981 1917 2536 1982">
     <span class='ocr_line' id='line_1_42' title="bbox 1981 1917 2536 1982; baseline 0.013 -10"><span class='ocrx_word' id='word_1_87' title='bbox 1981 1917 2232 1976; x_wconf 87' lang='lat' dir='ltr'><strong>Theonas</strong></span> <span class='ocrx_word' id='word_1_88' title='bbox 2255 1921 2536 1982; x_wconf 87' lang='lat' dir='ltr'><strong>diaconus.</strong></span> 
     </span>
    </p>
   </div>
   <div class='ocr_carea' id='block_1_43' title="bbox 1981 2011 2581 2076">
    <p class='ocr_par' dir='ltr' id='par_1_43' title="bbox 1981 2011 2581 2076">
     <span class='ocr_line' id='line_1_43' title="bbox 1981 2011 2581 2076; baseline 0.017 -9"><span class='ocrx_word' id='word_1_89' title='bbox 1981 2011 2269 2073; x_wconf 86' lang='lat' dir='ltr'><strong>Sarmaton</strong></span> <span class='ocrx_word' id='word_1_90' title='bbox 2296 2017 2581 2076; x_wconf 77' lang='lat' dir='ltr'><strong>diaconus.</strong></span> 
     </span>
    </p>
   </div>
   <div class='ocr_carea' id='block_1_44' title="bbox 1978 2103 2513 2177">
    <p class='ocr_par' dir='ltr' id='par_1_44' title="bbox 1978 2103 2513 2177">
     <span class='ocr_line' id='line_1_44' title="bbox 1978 2103 2513 2177; baseline 0.015 -18"><span class='ocrx_word' id='word_1_91' title='bbox 1978 2103 2193 2177; x_wconf 89' lang='lat' dir='ltr'><strong>Carpon</strong></span> <span class='ocrx_word' id='word_1_92' title='bbox 2227 2108 2513 2167; x_wconf 84' lang='lat' dir='ltr'><strong>diaconus.</strong></span> 
     </span>
    </p>
   </div>
   <div class='ocr_carea' id='block_1_45' title="bbox 1978 2195 2783 2269">
    <p class='ocr_par' dir='ltr' id='par_1_45' title="bbox 1978 2195 2783 2269">
     <span class='ocr_line' id='line_1_45' title="bbox 1978 2195 2783 2269; baseline 0.011 -17"><span class='ocrx_word' id='word_1_93' title='bbox 1978 2195 2162 2257; x_wconf 91' lang='lat' dir='ltr'><strong>Zoilus</strong></span> <span class='ocrx_word' id='word_1_94' title='bbox 2192 2200 2478 2269; x_wconf 83' lang='lat' dir='ltr'><strong>diaconus,</strong></span> <span class='ocrx_word' id='word_1_95' title='bbox 2513 2204 2783 2262; x_wconf 78' lang='lat' dir='ltr'><strong>similiter.</strong></span> 
     </span>
    </p>
   </div>
   <div class='ocr_carea' id='block_1_46' title="bbox 1868 2480 1958 2537">
    <p class='ocr_par' dir='ltr' id='par_1_46' title="bbox 1868 2480 1958 2537">
     <span class='ocr_line' id='line_1_46' title="bbox 1868 2480 1958 2537; baseline 0.022 -2"><span class='ocrx_word' id='word_1_96' title='bbox 1868 2480 1958 2537; x_wconf 85' lang='lat' dir='ltr'><strong>Ill.</strong></span> 
     </span>
    </p>
   </div>
   <div class='ocr_carea' id='block_1_47' title="bbox 1269 2615 2618 2699">
    <p class='ocr_par' dir='ltr' id='par_1_47' title="bbox 1269 2615 2618 2699">
     <span class='ocr_line' id='line_1_47' title="bbox 1269 2615 2618 2699; baseline 0.003 -29"><span class='ocrx_word' id='word_1_97' title='bbox 1269 2615 1422 2687; x_wconf 79' lang='lat' dir='ltr'><strong>Apud</strong></span> <span class='ocrx_word' id='word_1_98' title='bbox 1448 2619 1686 2676; x_wconf 81' lang='lat' dir='ltr'><strong>eumdem</strong></span> <span class='ocrx_word' id='word_1_99' title='bbox 1716 2620 2076 2689; x_wconf 77' lang='lat' dir='ltr'><strong>Athanasium</strong></span> <span class='ocrx_word' id='word_1_100' title='bbox 2116 2619 2260 2699; x_wconf 82' lang='lat' dir='ltr'><strong>ibid._</strong></span> <span class='ocrx_word' id='word_1_101' title='bbox 2279 2635 2402 2689; x_wconf 82' lang='lat' dir='ltr'><strong>pag.</strong></span> <span class='ocrx_word' id='word_1_102' title='bbox 2435 2617 2562 2674; x_wconf 80' lang='grc'><strong>596.</strong></span> <span class='ocrx_word' id='word_1_103' title='bbox 2615 2652 2618 2655; x_wconf 97' lang='grc'><strong><em>-</em></strong></span> 
     </span>
    </p>
   </div>
   <div class='ocr_carea' id='block_1_48' title="bbox 736 2748 1418 2806">
    <p class='ocr_par' dir='ltr' id='par_1_48' title="bbox 736 2748 1418 2806">
     <span class='ocr_line' id='line_1_48' title="bbox 736 2748 1418 2806; baseline 0.007 -5"><span class='ocrx_word' id='word_1_104' title='bbox 736 2748 1140 2802; x_wconf 79' lang='grc' dir='ltr'><strong>ΚΑΘΑΙΡΕΣΙΣ</strong></span> <span class='ocrx_word' id='word_1_105' title='bbox 1166 2750 1418 2806; x_wconf 78' lang='grc' dir='ltr'><strong>ΑΡΕῘΟΥ</strong></span> 
     </span>
    </p>
   </div>
   <div class='ocr_carea' id='block_1_49' title="bbox 285 2864 1858 2938">
    <p class='ocr_par' dir='ltr' id='par_1_49' title="bbox 285 2864 1858 2938">
     <span class='ocr_line' id='line_1_49' title="bbox 285 2864 1858 2938; baseline 0.003 -19"><span class='ocrx_word' id='word_1_106' title='bbox 285 2864 393 2919; x_wconf 73' lang='grc' dir='ltr'>καὶ</span> <span class='ocrx_word' id='word_1_107' title='bbox 437 2864 554 2918; x_wconf 82' lang='grc' dir='ltr'>τῶν</span> <span class='ocrx_word' id='word_1_108' title='bbox 595 2865 716 2918; x_wconf 78' lang='grc' dir='ltr'><strong>σὺν</strong></span> <span class='ocrx_word' id='word_1_109' title='bbox 754 2865 932 2932; x_wconf 84' lang='grc' dir='ltr'>αὐτῷ,</span> <span class='ocrx_word' id='word_1_110' title='bbox 980 2867 1098 2919; x_wconf 79' lang='grc' dir='ltr'><strong>ὑπὸ</strong></span> <span class='ocrx_word' id='word_1_111' title='bbox 1127 2865 1539 2938; x_wconf 13' lang='grc' dir='ltr'>,Ἀλεξάνδρου</span> <span class='ocrx_word' id='word_1_112' title='bbox 1591 2869 1858 2938; x_wconf 80' lang='grc' dir='ltr'>ἀρχιεπι-</span> 
     </span>
    </p>
   </div>
   <div class='ocr_carea' id='block_1_50' title="bbox 701 2937 1443 3006">
    <p class='ocr_par' dir='ltr' id='par_1_50' title="bbox 701 2937 1443 3006">
     <span class='ocr_line' id='line_1_50' title="bbox 701 2937 1443 3006; baseline 0.004 -18"><span class='ocrx_word' id='word_1_113' title='bbox 701 2939 934 2990; x_wconf 76' lang='grc' dir='ltr'>σκόπου</span> <span class='ocrx_word' id='word_1_114' title='bbox 977 2937 1443 3006; x_wconf 77' lang='grc' dir='ltr'><strong>Ἀλεξανδρείας.</strong></span> 
     </span>
    </p>
   </div>
   <div class='ocr_carea' id='block_1_51' title="bbox 2484 2746 3025 2805">
    <p class='ocr_par' dir='ltr' id='par_1_51' title="bbox 2484 2746 3025 2805">
     <span class='ocr_line' id='line_1_51' title="bbox 2484 2746 3025 2805; baseline 0.002 -2"><span class='ocrx_word' id='word_1_115' title='bbox 2484 2746 2847 2805; x_wconf 84' lang='lat' dir='ltr'><strong>DEPOSITIO</strong></span> <span class='ocrx_word' id='word_1_116' title='bbox 2884 2749 3025 2804; x_wconf 84' lang='lat' dir='ltr'><strong>AR]!</strong></span> 
     </span>
    </p>
   </div>
   <div class='ocr_carea' id='block_1_52' title="bbox 1962 2863 3534 2942">
    <p class='ocr_par' dir='ltr' id='par_1_52' title="bbox 1962 2863 3534 2942">
     <span class='ocr_line' id='line_1_52' title="bbox 1962 2863 3534 2942; baseline 0.004 -20"><span class='ocrx_word' id='word_1_117' title='bbox 1962 2876 2011 2922; x_wconf 83' lang='lat' dir='ltr'><strong>et</strong></span> <span class='ocrx_word' id='word_1_118' title='bbox 2037 2866 2298 2922; x_wconf 78' lang='lat' dir='ltr'><strong>sociorum</strong></span> <span class='ocrx_word' id='word_1_119' title='bbox 2323 2864 2388 2918; x_wconf 84' lang='lat' dir='ltr'><strong>ab</strong></span> <span class='ocrx_word' id='word_1_120' title='bbox 2413 2863 2718 2919; x_wconf 71' lang='lat' dir='ltr'><strong>Alexandro</strong></span> <span class='ocrx_word' id='word_1_121' title='bbox 2748 2863 3090 2921; x_wconf 71' lang='lat' dir='ltr'><strong>Alexandria:</strong></span> <span class='ocrx_word' id='word_1_122' title='bbox 3127 2869 3534 2942; x_wconf 72' lang='lat' dir='ltr'><strong>archiepiscopo.</strong></span> 
     </span>
    </p>
   </div>
   <div class='ocr_carea' id='block_1_53' title="bbox 378 3001 1849 3102">
    <p class='ocr_par' dir='ltr' id='par_1_53' title="bbox 378 3001 1849 3102">
     <span class='ocr_line' id='line_1_53' title="bbox 378 3001 1849 3102; baseline 0.002 -20"><span class='ocrx_word' id='word_1_123' title='bbox 378 3028 733 3101; x_wconf 77' lang='grc' dir='ltr'>Ἀλέξανδρος,</span> <span class='ocrx_word' id='word_1_124' title='bbox 767 3028 1154 3102; x_wconf 79' lang='grc' dir='ltr'>πρεσϐυτέροις</span> <span class='ocrx_word' id='word_1_125' title='bbox 1195 3001 1288 3083; x_wconf 69' lang='grc' dir='ltr'><strong>καὶ</strong></span> <span class='ocrx_word' id='word_1_126' title='bbox 1315 3001 1578 3095; x_wconf 75' lang='grc' dir='ltr'>διακόνοις</span> <span class='ocrx_word' id='word_1_127' title='bbox 1619 3030 1849 3096; x_wconf 83' lang='grc' dir='ltr'>Ἀλεξαν-</span> 
     </span>
    </p>
   </div>
   <div class='ocr_carea' id='block_1_54' title="bbox 1955 3001 3536 3102">
    <p class='ocr_par' dir='ltr' id='par_1_54' title="bbox 2034 3025 3536 3098">
     <span class='ocr_line' id='line_1_54' title="bbox 2034 3025 3536 3098; baseline 0.005 -18"><span class='ocrx_word' id='word_1_128' title='bbox 2034 3025 2362 3090; x_wconf 83' lang='lat' dir='ltr'><strong>Alexander,</strong></span> <span class='ocrx_word' id='word_1_129' title='bbox 2411 3025 2747 3095; x_wconf 87' lang='lat' dir='ltr'><strong>presbyteris</strong></span> <span class='ocrx_word' id='word_1_130' title='bbox 2789 3025 3147 3098; x_wconf 89' lang='lat' dir='ltr'><strong>diaconisque</strong></span> <span class='ocrx_word' id='word_1_131' title='bbox 3190 3030 3536 3088; x_wconf 60' lang='lat' dir='ltr'><strong>Alexandria</strong></span> 
     </span>
    </p>
   </div>
   <div class='ocr_carea' id='block_1_55' title="bbox 283 3121 1860 3194">
    <p class='ocr_par' dir='ltr' id='par_1_55' title="bbox 283 3121 1860 3194">
     <span class='ocr_line' id='line_1_55' title="bbox 283 3121 1860 3194; baseline 0.001 -19"><span class='ocrx_word' id='word_1_132' title='bbox 283 3122 474 3193; x_wconf 83' lang='grc' dir='ltr'>δρείας</span> <span class='ocrx_word' id='word_1_133' title='bbox 503 3121 594 3174; x_wconf 71' lang='grc' dir='ltr'><strong>καὶ</strong></span> <span class='ocrx_word' id='word_1_134' title='bbox 621 3121 940 3193; x_wconf 81' lang='grc' dir='ltr'><strong>Μαρεώτου,</strong></span> <span class='ocrx_word' id='word_1_135' title='bbox 969 3122 1156 3194; x_wconf 86' lang='grc' dir='ltr'>παρὼν</span> <span class='ocrx_word' id='word_1_136' title='bbox 1191 3123 1453 3194; x_wconf 77' lang='grc' dir='ltr'><strong>παροῦσιν</strong></span> <span class='ocrx_word' id='word_1_137' title='bbox 1477 3123 1611 3194; x_wconf 86' lang='grc'><strong>(81),</strong></span> <span class='ocrx_word' id='word_1_138' title='bbox 1644 3125 1860 3194; x_wconf 84' lang='grc' dir='ltr'>ἀγαπη-</span> 
     </span>
    </p>
   </div>
   <div class='ocr_carea' id='block_1_56' title="bbox 285 3215 1228 3288">
    <p class='ocr_par' dir='ltr' id='par_1_56' title="bbox 285 3215 1228 3288">
     <span class='ocr_line' id='line_1_56' title="bbox 285 3215 1228 3288; baseline 0.001 -20"><span class='ocrx_word' id='word_1_139' title='bbox 285 3217 402 3279; x_wconf 81' lang='grc' dir='ltr'>τοῖς</span> <span class='ocrx_word' id='word_1_140' title='bbox 430 3215 676 3285; x_wconf 82' lang='grc' dir='ltr'>ἀδελφοῖς</span> <span class='ocrx_word' id='word_1_141' title='bbox 701 3217 758 3268; x_wconf 83' lang='grc' dir='ltr'>ὲν</span> <span class='ocrx_word' id='word_1_142' title='bbox 781 3215 964 3287; x_wconf 80' lang='grc' dir='ltr'><strong>Κυρίῳ</strong></span> <span class='ocrx_word' id='word_1_143' title='bbox 999 3215 1228 3288; x_wconf 76' lang='grc' dir='ltr'><strong>χαίρειν.</strong></span> 
     </span>
    </p>
   </div>
   <div class='ocr_carea' id='block_1_57' title="bbox 356 3300 1858 3378">
    <p class='ocr_par' dir='ltr' id='par_1_57' title="bbox 356 3300 1858 3378">
     <span class='ocr_line' id='line_1_57' title="bbox 356 3300 1858 3378; baseline 0.001 -19"><span class='ocrx_word' id='word_1_144' title='bbox 356 3307 426 3359; x_wconf 79' lang='grc' dir='ltr'><strong>Εἰ</strong></span> <span class='ocrx_word' id='word_1_145' title='bbox 456 3307 550 3360; x_wconf 78' lang='grc' dir='ltr'>καὶ</span> <span class='ocrx_word' id='word_1_146' title='bbox 582 3306 882 3374; x_wconf 71' lang='grc' dir='ltr'><strong>φθάσαντες</strong></span> <span class='ocrx_word' id='word_1_147' title='bbox 918 3305 1268 3378; x_wconf 67' lang='grc' dir='ltr'>ὑπεγράψατε</span> <span class='ocrx_word' id='word_1_148' title='bbox 1301 3300 1382 3369; x_wconf 83' lang='grc' dir='ltr'><strong>οἷς</strong></span> <span class='ocrx_word' id='word_1_149' title='bbox 1423 3305 1708 3361; x_wconf 79' lang='grc' dir='ltr'><strong>ἐπέστειλα</strong></span> <span class='ocrx_word' id='word_1_150' title='bbox 1748 3310 1858 3372; x_wconf 83' lang='grc' dir='ltr'>τοῖς</span> 
     </span>
    </p>
   </div>
   <div class='ocr_carea' id='block_1_58' title="bbox 287 3398 1857 3472">
    <p class='ocr_par' dir='ltr' id='par_1_58' title="bbox 287 3398 1857 3472">
     <span class='ocr_line' id='line_1_58' title="bbox 287 3398 1857 3472; baseline 0.002 -20"><span class='ocrx_word' id='word_1_151' title='bbox 287 3401 422 3470; x_wconf 72' lang='grc' dir='ltr'>περὶ</span> <span class='ocrx_word' id='word_1_152' title='bbox 453 3401 697 3471; x_wconf 81' lang='grc' dir='ltr'><strong>Ἀρειον,</strong></span> <span class='ocrx_word' id='word_1_153' title='bbox 751 3398 1070 3471; x_wconf 83' lang='grc' dir='ltr'>προτρέπων</span> <span class='ocrx_word' id='word_1_154' title='bbox 1111 3399 1326 3462; x_wconf 79' lang='grc' dir='ltr'>αὐτοῖς,</span> <span class='ocrx_word' id='word_1_155' title='bbox 1369 3398 1702 3472; x_wconf 82' lang='grc' dir='ltr'>ἀρνήσασθαι</span> <span class='ocrx_word' id='word_1_156' title='bbox 1760 3401 1857 3471; x_wconf 82' lang='grc' dir='ltr'>μὲν</span> 
     </span>
    </p>
   </div>
   <div class='ocr_carea' id='block_1_59' title="bbox 283 3491 1857 3566">
    <p class='ocr_par' dir='ltr' id='par_1_59' title="bbox 283 3491 1857 3566">
     <span class='ocr_line' id='line_1_59' title="bbox 283 3491 1857 3566; baseline 0.001 -22"><span class='ocrx_word' id='word_1_157' title='bbox 283 3492 388 3564; x_wconf 80' lang='grc' dir='ltr'>τὴν</span> <span class='ocrx_word' id='word_1_158' title='bbox 418 3491 688 3557; x_wconf 79' lang='grc' dir='ltr'>ἀσέϐειαν,</span> <span class='ocrx_word' id='word_1_159' title='bbox 719 3492 1000 3564; x_wconf 85' lang='grc' dir='ltr'>πεισθῆναι</span> <span class='ocrx_word' id='word_1_160' title='bbox 1035 3491 1091 3544; x_wconf 84' lang='grc' dir='ltr'><strong>δὲ</strong></span> <span class='ocrx_word' id='word_1_161' title='bbox 1123 3494 1186 3562; x_wconf 79' lang='grc' dir='ltr'>τῇ</span> <span class='ocrx_word' id='word_1_162' title='bbox 1221 3491 1536 3566; x_wconf 81' lang='grc' dir='ltr'>ὑγιαινούσῃ</span> <span class='ocrx_word' id='word_1_163' title='bbox 1564 3493 1658 3546; x_wconf 72' lang='grc' dir='ltr'>καὶ</span> <span class='ocrx_word' id='word_1_164' title='bbox 1696 3492 1857 3548; x_wconf 86' lang='grc' dir='ltr'>καθο-</span> 
     </span>
    </p>
   </div>
   <div class='ocr_carea' id='block_1_60' title="bbox 286 3583 1856 3657">
    <p class='ocr_par' dir='ltr' id='par_1_60' title="bbox 286 3583 1856 3657">
     <span class='ocr_line' id='line_1_60' title="bbox 286 3583 1856 3657; baseline 0.004 -24"><span class='ocrx_word' id='word_1_165' title='bbox 286 3584 411 3654; x_wconf 83' lang='grc' dir='ltr'>λικῇ</span> <span class='ocrx_word' id='word_1_166' title='bbox 439 3584 645 3637; x_wconf 83' lang='grc' dir='ltr'>πίστει·</span> <span class='ocrx_word' id='word_1_167' title='bbox 685 3586 777 3638; x_wconf 76' lang='grc' dir='ltr'>καὶ</span> <span class='ocrx_word' id='word_1_168' title='bbox 810 3583 1043 3650; x_wconf 77' lang='grc' dir='ltr'><strong>ἐδείξατε</strong></span> <span class='ocrx_word' id='word_1_169' title='bbox 1089 3584 1296 3638; x_wconf 83' lang='grc' dir='ltr'>ἑαυτῶν</span> <span class='ocrx_word' id='word_1_170' title='bbox 1336 3584 1500 3656; x_wconf 78' lang='grc' dir='ltr'>ὀρθὴν</span> <span class='ocrx_word' id='word_1_171' title='bbox 1527 3584 1626 3656; x_wconf 83' lang='grc' dir='ltr'>τὴν</span> <span class='ocrx_word' id='word_1_172' title='bbox 1661 3587 1856 3657; x_wconf 91' lang='grc' dir='ltr'>προαί-</span> 
     </span>
    </p>
   </div>
   <div class='ocr_carea' id='block_1_61' title="bbox 288 3674 1856 3748">
    <p class='ocr_par' dir='ltr' id='par_1_61' title="bbox 288 3674 1856 3748">
     <span class='ocr_line' id='line_1_61' title="bbox 288 3674 1856 3748; baseline 0.003 -23"><span class='ocrx_word' id='word_1_173' title='bbox 288 3690 458 3745; x_wconf 89' lang='grc' dir='ltr'>ρεσιν,</span> <span class='ocrx_word' id='word_1_174' title='bbox 495 3676 588 3727; x_wconf 77' lang='grc' dir='ltr'>καὶ</span> <span class='ocrx_word' id='word_1_175' title='bbox 617 3674 712 3746; x_wconf 82' lang='grc' dir='ltr'>τὴν</span> <span class='ocrx_word' id='word_1_176' title='bbox 759 3679 818 3730; x_wconf 83' lang='grc' dir='ltr'>ὲν</span> <span class='ocrx_word' id='word_1_177' title='bbox 846 3679 956 3740; x_wconf 86' lang='grc' dir='ltr'>τοῖς</span> <span class='ocrx_word' id='word_1_178' title='bbox 987 3675 1219 3746; x_wconf 87' lang='grc' dir='ltr'>δόγμασι</span> <span class='ocrx_word' id='word_1_179' title='bbox 1268 3676 1584 3748; x_wconf 82' lang='grc' dir='ltr'>συμφωνίαν</span> <span class='ocrx_word' id='word_1_180' title='bbox 1628 3677 1726 3747; x_wconf 81' lang='grc' dir='ltr'>τῆς</span> <span class='ocrx_word' id='word_1_181' title='bbox 1760 3694 1856 3730; x_wconf 86' lang='grc' dir='ltr'>κα-</span> 
     </span>
    </p>
   </div>
   <div class='ocr_carea' id='block_1_62' title="bbox 286 3763 1855 3840">
    <p class='ocr_par' dir='ltr' id='par_1_62' title="bbox 286 3763 1855 3840">
     <span class='ocr_line' id='line_1_62' title="bbox 286 3763 1855 3840; baseline 0.001 -20"><span class='ocrx_word' id='word_1_182' title='bbox 286 3763 506 3836; x_wconf 77' lang='grc' dir='ltr'>Θολικῆς</span> <span class='ocrx_word' id='word_1_183' title='bbox 528 3766 848 3838; x_wconf 82' lang='grc' dir='ltr'>Ἐκκλησίας</span> <span class='ocrx_word' id='word_1_184' title='bbox 863 3784 876 3797; x_wconf 74' lang='grc' dir='ltr'><strong>ο</strong></span> <span class='ocrx_word' id='word_1_185' title='bbox 894 3767 1042 3838; x_wconf 84' lang='grc' dir='ltr'>ὅμως</span> <span class='ocrx_word' id='word_1_186' title='bbox 1063 3766 1247 3838; x_wconf 80' lang='grc' dir='ltr'>ἐπειδὴ</span> <span class='ocrx_word' id='word_1_187' title='bbox 1273 3767 1365 3821; x_wconf 79' lang='grc' dir='ltr'>καὶ</span> <span class='ocrx_word' id='word_1_188' title='bbox 1387 3768 1524 3840; x_wconf 83' lang='grc' dir='ltr'>πρὸς</span> <span class='ocrx_word' id='word_1_189' title='bbox 1543 3768 1668 3832; x_wconf 79' lang='grc' dir='ltr'>τοὺς</span> <span class='ocrx_word' id='word_1_190' title='bbox 1692 3769 1855 3822; x_wconf 84' lang='grc' dir='ltr'>ἀπαν-</span> 
     </span>
    </p>
   </div>
   <div class='ocr_carea' id='block_1_63' title="bbox 283 3856 1855 3934">
    <p class='ocr_par' dir='ltr' id='par_1_63' title="bbox 283 3856 1855 3934">
     <span class='ocr_line' id='line_1_63' title="bbox 283 3856 1855 3934; baseline 0.003 -26"><span class='ocrx_word' id='word_1_191' title='bbox 283 3856 449 3928; x_wconf 81' lang='grc' dir='ltr'>ταχοῦ</span> <span class='ocrx_word' id='word_1_192' title='bbox 511 3858 950 3930; x_wconf 81' lang='grc' dir='ltr'>συλλειτουργοὺς</span> <span class='ocrx_word' id='word_1_193' title='bbox 1019 3859 1303 3914; x_wconf 76' lang='grc' dir='ltr'>ἐπέστειλα</span> <span class='ocrx_word' id='word_1_194' title='bbox 1364 3861 1492 3932; x_wconf 76' lang='grc' dir='ltr'>περὶ</span> <span class='ocrx_word' id='word_1_195' title='bbox 1550 3861 1658 3914; x_wconf 89' lang='grc' dir='ltr'><strong>τῶν</strong></span> <span class='ocrx_word' id='word_1_196' title='bbox 1727 3864 1855 3934; x_wconf 74' lang='grc' dir='ltr'>περὶ</span> 
     </span>
    </p>
   </div>
   <div class='ocr_carea' id='block_1_64' title="bbox 289 3950 1854 4028">
    <p class='ocr_par' dir='ltr' id='par_1_64' title="bbox 289 3950 1854 4028">
     <span class='ocr_line' id='line_1_64' title="bbox 289 3950 1854 4028; baseline 0.004 -27"><span class='ocrx_word' id='word_1_197' title='bbox 289 3950 523 4022; x_wconf 73' lang='grc' dir='ltr'>Ἄρειον,</span> <span class='ocrx_word' id='word_1_198' title='bbox 566 3951 856 4019; x_wconf 79' lang='grc' dir='ltr'>ἀναγκαῖον</span> <span class='ocrx_word' id='word_1_199' title='bbox 894 3953 1204 4024; x_wconf 82' lang='grc' dir='ltr'><strong>ἡγησάμην,</strong></span> <span class='ocrx_word' id='word_1_200' title='bbox 1247 3954 1390 4024; x_wconf 77' lang='grc' dir='ltr'>ὑμᾶς</span> <span class='ocrx_word' id='word_1_201' title='bbox 1433 3954 1551 4026; x_wconf 85' lang='grc' dir='ltr'>μὲν,</span> <span class='ocrx_word' id='word_1_202' title='bbox 1585 3956 1710 4020; x_wconf 77' lang='grc' dir='ltr'>τοὺς</span> <span class='ocrx_word' id='word_1_203' title='bbox 1757 3957 1854 4028; x_wconf 85' lang='grc' dir='ltr'>τῆς</span> 
     </span>
    </p>
   </div>
   <div class='ocr_carea' id='block_1_65' title="bbox 286 4041 1851 4116">
    <p class='ocr_par' dir='ltr' id='par_1_65' title="bbox 286 4041 1851 4116">
     <span class='ocr_line' id='line_1_65' title="bbox 286 4041 1851 4116; baseline 0.003 -21"><span class='ocrx_word' id='word_1_204' title='bbox 286 4041 494 4104; x_wconf 79' lang='grc' dir='ltr'>πόλεως</span> <span class='ocrx_word' id='word_1_205' title='bbox 519 4042 809 4114; x_wconf 81' lang='grc' dir='ltr'>κληρικοὺς</span> <span class='ocrx_word' id='word_1_206' title='bbox 832 4047 1156 4113; x_wconf 88' lang='grc' dir='ltr'>συναγαγεῖν</span> <span class='ocrx_word' id='word_1_207' title='bbox 1179 4062 1192 4074; x_wconf 90' lang='grc'><strong>·</strong></span> <span class='ocrx_word' id='word_1_208' title='bbox 1219 4045 1364 4116; x_wconf 85' lang='grc' dir='ltr'>ὑμᾶς</span> <span class='ocrx_word' id='word_1_209' title='bbox 1385 4045 1463 4110; x_wconf 85' lang='grc' dir='ltr'><strong>δὲ,</strong></span> <span class='ocrx_word' id='word_1_210' title='bbox 1486 4047 1613 4110; x_wconf 81' lang='grc' dir='ltr'>τοὺς</span> <span class='ocrx_word' id='word_1_211' title='bbox 1632 4047 1738 4100; x_wconf 80' lang='grc' dir='ltr'><strong>ἀπὸ</strong></span> <span class='ocrx_word' id='word_1_212' title='bbox 1758 4047 1851 4101; x_wconf 81' lang='grc' dir='ltr'>τοῦ</span> 
     </span>
    </p>
   </div>
   <div class='ocr_carea' id='block_1_66' title="bbox 282 4134 1852 4210">
    <p class='ocr_par' dir='ltr' id='par_1_66' title="bbox 282 4134 1852 4210">
     <span class='ocr_line' id='line_1_66' title="bbox 282 4134 1852 4210; baseline 0.004 -23"><span class='ocrx_word' id='word_1_213' title='bbox 282 4134 580 4204; x_wconf 82' lang='grc' dir='ltr'>Μαρεώτου</span> <span class='ocrx_word' id='word_1_214' title='bbox 637 4135 1116 4206; x_wconf 74' lang='grc' dir='ltr'>μεταπέμψασθαιο</span> <span class='ocrx_word' id='word_1_215' title='bbox 1162 4137 1392 4207; x_wconf 82' lang='grc' dir='ltr'>μάλιστα</span> <span class='ocrx_word' id='word_1_216' title='bbox 1441 4140 1524 4192; x_wconf 83' lang='grc' dir='ltr'><strong>ὅτι</strong></span> <span class='ocrx_word' id='word_1_217' title='bbox 1570 4140 1663 4210; x_wconf 83' lang='grc' dir='ltr'><strong>ἀφ’</strong></span> <span class='ocrx_word' id='word_1_218' title='bbox 1700 4139 1852 4210; x_wconf 85' lang='grc' dir='ltr'>ὑμῶν</span> 
     </span>
    </p>
   </div>
   <div class='ocr_carea' id='block_1_67' title="bbox 281 4226 1848 4304">
    <p class='ocr_par' dir='ltr' id='par_1_67' title="bbox 281 4226 1848 4304">
     <span class='ocr_line' id='line_1_67' title="bbox 281 4226 1848 4304; baseline 0.005 -26"><span class='ocrx_word' id='word_1_219' title='bbox 281 4226 471 4300; x_wconf 79' lang='grc' dir='ltr'>Χάρης</span> <span class='ocrx_word' id='word_1_220' title='bbox 502 4228 593 4281; x_wconf 71' lang='grc' dir='ltr'>καὶ</span> <span class='ocrx_word' id='word_1_221' title='bbox 635 4229 830 4292; x_wconf 78' lang='grc' dir='ltr'>Πιστὸς</span> <span class='ocrx_word' id='word_1_222' title='bbox 857 4228 965 4300; x_wconf 74' lang='grc'><strong>(82)</strong></span> <span class='ocrx_word' id='word_1_223' title='bbox 994 4228 1375 4302; x_wconf 78' lang='grc' dir='ltr'>πρεσϐύτεροι,</span> <span class='ocrx_word' id='word_1_224' title='bbox 1413 4231 1507 4284; x_wconf 77' lang='grc' dir='ltr'>καὶ</span> <span class='ocrx_word' id='word_1_225' title='bbox 1541 4232 1848 4304; x_wconf 80' lang='grc' dir='ltr'>Σαραπίων,</span> 
     </span>
    </p>
   </div>
   <div class='ocr_carea' id='block_1_68' title="bbox 281 4319 1846 4394">
    <p class='ocr_par' dir='ltr' id='par_1_68' title="bbox 281 4319 1846 4394">
     <span class='ocr_line' id='line_1_68' title="bbox 281 4319 1846 4394; baseline 0.003 -22"><span class='ocrx_word' id='word_1_226' title='bbox 281 4319 373 4372; x_wconf 80' lang='grc' dir='ltr'>καὶ</span> <span class='ocrx_word' id='word_1_227' title='bbox 390 4319 730 4392; x_wconf 80' lang='grc' dir='ltr'>Παράμμων,</span> <span class='ocrx_word' id='word_1_228' title='bbox 757 4323 850 4381; x_wconf 78' lang='grc' dir='ltr'><strong>καὶ</strong></span> <span class='ocrx_word' id='word_1_229' title='bbox 870 4321 1136 4392; x_wconf 85' lang='grc' dir='ltr'>Ζώσιμος,</span> <span class='ocrx_word' id='word_1_230' title='bbox 1165 4321 1259 4376; x_wconf 75' lang='grc' dir='ltr'><strong>καὶ</strong></span> <span class='ocrx_word' id='word_1_231' title='bbox 1281 4324 1567 4394; x_wconf 84' lang='grc' dir='ltr'>Εἰρηναῖος</span> <span class='ocrx_word' id='word_1_232' title='bbox 1593 4323 1846 4387; x_wconf 85' lang='grc' dir='ltr'>διάκονοι,</span> 
     </span>
    </p>
   </div>
   <div class='ocr_carea' id='block_1_69' title="bbox 1961 3118 3536 3198">
    <p class='ocr_par' dir='ltr' id='par_1_69' title="bbox 1961 3118 3536 3198">
     <span class='ocr_line' id='line_1_69' title="bbox 1961 3118 3536 3198; baseline 0.003 -24"><span class='ocrx_word' id='word_1_233' title='bbox 1961 3129 2014 3174; x_wconf 91' lang='lat' dir='ltr'><strong>et</strong></span> <span class='ocrx_word' id='word_1_234' title='bbox 2033 3118 2304 3198; x_wconf 67' lang='lat' dir='ltr'><strong>Mareotaa,</strong></span> <span class='ocrx_word' id='word_1_235' title='bbox 2333 3133 2574 3190; x_wconf 64' lang='lat' dir='ltr'><strong>praesens</strong></span> <span class='ocrx_word' id='word_1_236' title='bbox 2596 3119 2974 3188; x_wconf 63' lang='lat' dir='ltr'><strong>prasentibus,</strong></span> <span class='ocrx_word' id='word_1_237' title='bbox 2997 3119 3210 3179; x_wconf 87' lang='lat' dir='ltr'><strong>dilectis</strong></span> <span class='ocrx_word' id='word_1_238' title='bbox 3229 3121 3285 3176; x_wconf 90' lang='lat' dir='ltr'><strong>in</strong></span> <span class='ocrx_word' id='word_1_239' title='bbox 3305 3121 3536 3178; x_wconf 89' lang='lat' dir='ltr'><strong>Domino</strong></span> 
     </span>
    </p>
   </div>
   <div class='ocr_carea' id='block_1_70' title="bbox 1961 3211 2528 3277">
    <p class='ocr_par' dir='ltr' id='par_1_70' title="bbox 1961 3211 2528 3277">
     <span class='ocr_line' id='line_1_70' title="bbox 1961 3211 2528 3277; baseline 0.002 -13"><span class='ocrx_word' id='word_1_240' title='bbox 1961 3211 2243 3277; x_wconf 83' lang='lat' dir='ltr'><strong>fratribus,</strong></span> <span class='ocrx_word' id='word_1_241' title='bbox 2275 3211 2528 3266; x_wconf 90' lang='lat' dir='ltr'><strong>salutem.</strong></span> 
     </span>
    </p>
   </div>
   <div class='ocr_carea' id='block_1_71' title="bbox 2028 3302 3531 3372">
    <p class='ocr_par' dir='ltr' id='par_1_71' title="bbox 2028 3302 3531 3372">
     <span class='ocr_line' id='line_1_71' title="bbox 2028 3302 3531 3372; baseline 0.005 -14"><span class='ocrx_word' id='word_1_242' title='bbox 2028 3303 2182 3359; x_wconf 88' lang='lat' dir='ltr'><strong>Licet</strong></span> <span class='ocrx_word' id='word_1_243' title='bbox 2209 3303 2319 3372; x_wconf 87' lang='lat' dir='ltr'><strong>jam</strong></span> <span class='ocrx_word' id='word_1_244' title='bbox 2355 3302 2790 3372; x_wconf 88' lang='lat' dir='ltr'><strong>subscripseritis</strong></span> <span class='ocrx_word' id='word_1_245' title='bbox 2827 3303 3024 3361; x_wconf 88' lang='lat' dir='ltr'><strong>litteris</strong></span> <span class='ocrx_word' id='word_1_246' title='bbox 3051 3307 3186 3362; x_wconf 90' lang='lat' dir='ltr'><strong>meis</strong></span> <span class='ocrx_word' id='word_1_247' title='bbox 3227 3307 3297 3363; x_wconf 90' lang='lat' dir='ltr'><strong>ad</strong></span> <span class='ocrx_word' id='word_1_248' title='bbox 3341 3309 3531 3366; x_wconf 88' lang='lat' dir='ltr'><strong>Arium</strong></span> 
     </span>
    </p>
   </div>
   <div class='ocr_carea' id='block_1_72' title="bbox 1959 3394 3534 3474">
    <p class='ocr_par' dir='ltr' id='par_1_72' title="bbox 1959 3394 3534 3474">
     <span class='ocr_line' id='line_1_72' title="bbox 1959 3394 3534 3474; baseline 0.004 -23"><span class='ocrx_word' id='word_1_249' title='bbox 1959 3411 2198 3466; x_wconf 91' lang='lat' dir='ltr'><strong>suosque</strong></span> <span class='ocrx_word' id='word_1_250' title='bbox 2229 3395 2434 3460; x_wconf 89' lang='lat' dir='ltr'><strong>missis,</strong></span> <span class='ocrx_word' id='word_1_251' title='bbox 2468 3394 2670 3464; x_wconf 89' lang='lat' dir='ltr'><strong>quibus</strong></span> <span class='ocrx_word' id='word_1_252' title='bbox 2708 3394 2967 3450; x_wconf 86' lang='lat' dir='ltr'><strong>hortabar</strong></span> <span class='ocrx_word' id='word_1_253' title='bbox 3007 3398 3152 3461; x_wconf 89' lang='lat' dir='ltr'><strong>illos,</strong></span> <span class='ocrx_word' id='word_1_254' title='bbox 3185 3406 3244 3453; x_wconf 89' lang='lat' dir='ltr'><strong>ut</strong></span> <span class='ocrx_word' id='word_1_255' title='bbox 3269 3400 3534 3474; x_wconf 76' lang='lat' dir='ltr'><strong>abnegata</strong></span> 
     </span>
    </p>
   </div>
   <div class='ocr_carea' id='block_1_73' title="bbox 1959 3486 3528 3560">
    <p class='ocr_par' dir='ltr' id='par_1_73' title="bbox 1959 3486 3528 3560">
     <span class='ocr_line' id='line_1_73' title="bbox 1959 3486 3528 3560; baseline 0.006 -20"><span class='ocrx_word' id='word_1_256' title='bbox 1959 3487 2254 3558; x_wconf 89' lang='lat' dir='ltr'><strong>impietate,</strong></span> <span class='ocrx_word' id='word_1_257' title='bbox 2287 3502 2434 3543; x_wconf 79' lang='lat' dir='ltr'><strong>sanae</strong></span> <span class='ocrx_word' id='word_1_258' title='bbox 2471 3495 2526 3541; x_wconf 80' lang='lat' dir='ltr'><strong>et</strong></span> <span class='ocrx_word' id='word_1_259' title='bbox 2554 3486 2838 3540; x_wconf 71' lang='lat' dir='ltr'><strong>catholica:</strong></span> <span class='ocrx_word' id='word_1_260' title='bbox 2865 3486 2989 3541; x_wconf 82' lang='lat' dir='ltr'><strong>ﬁdei</strong></span> <span class='ocrx_word' id='word_1_261' title='bbox 3044 3489 3484 3560; x_wconf 84' lang='lat' dir='ltr'><strong>obtemperarent</strong></span> <span class='ocrx_word' id='word_1_262' title='bbox 3515 3513 3528 3548; x_wconf 88' lang='lat'><strong>:</strong></span> 
     </span>
    </p>
   </div>
   <div class='ocr_carea' id='block_1_74' title="bbox 1957 3577 3532 3648">
    <p class='ocr_par' dir='ltr' id='par_1_74' title="bbox 1957 3577 3532 3648">
     <span class='ocr_line' id='line_1_74' title="bbox 1957 3577 3532 3648; baseline 0.004 -16"><span class='ocrx_word' id='word_1_263' title='bbox 1957 3591 2129 3648; x_wconf 87' lang='lat' dir='ltr'><strong>eaque</strong></span> <span class='ocrx_word' id='word_1_264' title='bbox 2185 3578 2240 3631; x_wconf 91' lang='lat' dir='ltr'><strong>in</strong></span> <span class='ocrx_word' id='word_1_265' title='bbox 2285 3591 2346 3632; x_wconf 87' lang='lat' dir='ltr'><strong>re</strong></span> <span class='ocrx_word' id='word_1_266' title='bbox 2391 3585 2601 3632; x_wconf 88' lang='lat' dir='ltr'><strong>rectum</strong></span> <span class='ocrx_word' id='word_1_267' title='bbox 2640 3577 2979 3648; x_wconf 89' lang='lat' dir='ltr'><strong>propositum</strong></span> <span class='ocrx_word' id='word_1_268' title='bbox 3009 3587 3273 3645; x_wconf 83' lang='lat' dir='ltr'><strong>vestrum,</strong></span> <span class='ocrx_word' id='word_1_269' title='bbox 3317 3598 3532 3639; x_wconf 89' lang='lat' dir='ltr'><strong>necnon</strong></span> 
     </span>
    </p>
   </div>
   <div class='ocr_carea' id='block_1_75' title="bbox 1957 3667 3528 3740">
    <p class='ocr_par' dir='ltr' id='par_1_75' title="bbox 1957 3667 3528 3740">
     <span class='ocr_line' id='line_1_75' title="bbox 1957 3667 3528 3740; baseline 0.006 -18"><span class='ocrx_word' id='word_1_270' title='bbox 1957 3667 2215 3728; x_wconf 69' lang='lat' dir='ltr'><strong>Ecclesiae</strong></span> <span class='ocrx_word' id='word_1_271' title='bbox 2258 3669 2539 3724; x_wconf 76' lang='lat' dir='ltr'><strong>catholica:</strong></span> <span class='ocrx_word' id='word_1_272' title='bbox 2584 3667 2732 3723; x_wconf 87' lang='lat' dir='ltr'><strong>circa</strong></span> <span class='ocrx_word' id='word_1_273' title='bbox 2783 3667 3035 3740; x_wconf 85' lang='lat' dir='ltr'><strong>dogmata</strong></span> <span class='ocrx_word' id='word_1_274' title='bbox 3089 3674 3528 3738; x_wconf 88' lang='lat' dir='ltr'><strong>consonantiam,</strong></span> 
     </span>
    </p>
   </div>
   <div class='ocr_carea' id='block_1_76' title="bbox 1958 3760 3530 3831">
    <p class='ocr_par' dir='ltr' id='par_1_76' title="bbox 1958 3760 3530 3831">
     <span class='ocr_line' id='line_1_76' title="bbox 1958 3760 3530 3831; baseline 0.003 -16"><span class='ocrx_word' id='word_1_275' title='bbox 1958 3761 2134 3830; x_wconf 89' lang='lat' dir='ltr'><strong>palam</strong></span> <span class='ocrx_word' id='word_1_276' title='bbox 2165 3760 2435 3829; x_wconf 79' lang='lat' dir='ltr'><strong>feceritis;</strong></span> <span class='ocrx_word' id='word_1_277' title='bbox 2478 3768 2716 3814; x_wconf 85' lang='lat' dir='ltr'><strong>attamen</strong></span> <span class='ocrx_word' id='word_1_278' title='bbox 2762 3760 2890 3831; x_wconf 85' lang='lat' dir='ltr'><strong>quia</strong></span> <span class='ocrx_word' id='word_1_279' title='bbox 2921 3761 3176 3819; x_wconf 89' lang='lat' dir='ltr'><strong>omnibus</strong></span> <span class='ocrx_word' id='word_1_280' title='bbox 3214 3763 3378 3818; x_wconf 88' lang='lat' dir='ltr'><strong>etiam</strong></span> <span class='ocrx_word' id='word_1_281' title='bbox 3411 3763 3530 3820; x_wconf 83' lang='lat' dir='ltr'><strong>ubi-</strong></span> 
     </span>
    </p>
   </div>
   <div class='ocr_carea' id='block_1_77' title="bbox 1957 3854 3530 3935">
    <p class='ocr_par' dir='ltr' id='par_1_77' title="bbox 1957 3854 3530 3935">
     <span class='ocr_line' id='line_1_77' title="bbox 1957 3854 3530 3935; baseline 0.003 -27"><span class='ocrx_word' id='word_1_282' title='bbox 1957 3869 2062 3925; x_wconf 90' lang='lat' dir='ltr'><strong>que</strong></span> <span class='ocrx_word' id='word_1_283' title='bbox 2094 3861 2361 3908; x_wconf 88' lang='lat' dir='ltr'><strong>tcrrarum</strong></span> <span class='ocrx_word' id='word_1_284' title='bbox 2388 3854 2819 3935; x_wconf 38' lang='lat' dir='ltr'><strong>.comministris,</strong></span> <span class='ocrx_word' id='word_1_285' title='bbox 2846 3871 2966 3925; x_wconf 73' lang='lat' dir='ltr'><strong>quae</strong></span> <span class='ocrx_word' id='word_1_286' title='bbox 2999 3855 3195 3910; x_wconf 86' lang='lat' dir='ltr'><strong>Arium</strong></span> <span class='ocrx_word' id='word_1_287' title='bbox 3239 3857 3530 3928; x_wconf 89' lang='lat' dir='ltr'><strong>sociosque</strong></span> 
     </span>
    </p>
   </div>
   <div class='ocr_carea' id='block_1_78' title="bbox 1955 3946 3527 4019">
    <p class='ocr_par' dir='ltr' id='par_1_78' title="bbox 1955 3946 3527 4019">
     <span class='ocr_line' id='line_1_78' title="bbox 1955 3946 3527 4019; baseline 0.003 -18"><span class='ocrx_word' id='word_1_288' title='bbox 1955 3947 2074 4016; x_wconf 87' lang='lat' dir='ltr'><strong>ejus</strong></span> <span class='ocrx_word' id='word_1_289' title='bbox 2103 3955 2350 4017; x_wconf 88' lang='lat' dir='ltr'><strong>spectant</strong></span> <span class='ocrx_word' id='word_1_290' title='bbox 2379 3946 2577 4002; x_wconf 89' lang='lat' dir='ltr'><strong>litteris</strong></span> <span class='ocrx_word' id='word_1_291' title='bbox 2607 3948 2908 4019; x_wconf 77' lang='lat' dir='ltr'><strong>signiﬁcavi</strong></span> <span class='ocrx_word' id='word_1_292' title='bbox 2931 3967 2945 4016; x_wconf 89' lang='lat'><strong>;</strong></span> <span class='ocrx_word' id='word_1_293' title='bbox 2972 3964 3202 4006; x_wconf 77' lang='lat' dir='ltr'><strong>necesse</strong></span> <span class='ocrx_word' id='word_1_294' title='bbox 3224 3951 3378 4015; x_wconf 80' lang='lat' dir='ltr'><strong>duxi,</strong></span> <span class='ocrx_word' id='word_1_295' title='bbox 3406 3966 3527 4015; x_wconf 86' lang='lat' dir='ltr'><strong>vos,</strong></span> 
     </span>
    </p>
   </div>
   <div class='ocr_carea' id='block_1_79' title="bbox 1957 4037 3530 4103">
    <p class='ocr_par' dir='ltr' id='par_1_79' title="bbox 1957 4037 3530 4103">
     <span class='ocr_line' id='line_1_79' title="bbox 1957 4037 3530 4103; baseline 0.003 -12"><span class='ocrx_word' id='word_1_296' title='bbox 1957 4037 2108 4092; x_wconf 88' lang='lat' dir='ltr'><strong>urbis</strong></span> <span class='ocrx_word' id='word_1_297' title='bbox 2134 4037 2387 4101; x_wconf 88' lang='lat' dir='ltr'><strong>clericos,</strong></span> <span class='ocrx_word' id='word_1_298' title='bbox 2421 4051 2748 4103; x_wconf 90' lang='lat' dir='ltr'><strong>convocare,</strong></span> <span class='ocrx_word' id='word_1_299' title='bbox 2785 4053 2883 4094; x_wconf 86' lang='lat' dir='ltr'><strong>vos</strong></span> <span class='ocrx_word' id='word_1_300' title='bbox 2920 4039 3047 4094; x_wconf 89' lang='lat' dir='ltr'><strong>item</strong></span> <span class='ocrx_word' id='word_1_301' title='bbox 3080 4038 3406 4096; x_wconf 86' lang='lat' dir='ltr'><strong>Mareoticos</strong></span> <span class='ocrx_word' id='word_1_302' title='bbox 3440 4055 3530 4095; x_wconf 88' lang='lat' dir='ltr'><strong>ar-</strong></span> 
     </span>
    </p>
   </div>
   <div class='ocr_carea' id='block_1_80' title="bbox 1955 4129 3529 4198">
    <p class='ocr_par' dir='ltr' id='par_1_80' title="bbox 1955 4129 3529 4198">
     <span class='ocr_line' id='line_1_80' title="bbox 1955 4129 3529 4198; baseline 0.002 -13"><span class='ocrx_word' id='word_1_303' title='bbox 1955 4142 2168 4185; x_wconf 88' lang='lat' dir='ltr'><strong>cessere</strong></span> <span class='ocrx_word' id='word_1_304' title='bbox 2195 4146 2206 4180; x_wconf 93' lang='lat'><strong>:</strong></span> <span class='ocrx_word' id='word_1_305' title='bbox 2237 4129 2536 4198; x_wconf 62' lang='lat' dir='ltr'><strong>praesertim</strong></span> <span class='ocrx_word' id='word_1_306' title='bbox 2580 4144 2704 4184; x_wconf 91' lang='lat' dir='ltr'><strong>cum</strong></span> <span class='ocrx_word' id='word_1_307' title='bbox 2739 4145 2806 4185; x_wconf 82' lang='lat' dir='ltr'><strong>ex</strong></span> <span class='ocrx_word' id='word_1_308' title='bbox 2838 4130 2996 4186; x_wconf 83' lang='lat' dir='ltr'><strong>vobis</strong></span> <span class='ocrx_word' id='word_1_309' title='bbox 3027 4129 3234 4187; x_wconf 86' lang='lat' dir='ltr'><strong>Chares</strong></span> <span class='ocrx_word' id='word_1_310' title='bbox 3259 4141 3313 4186; x_wconf 91' lang='lat' dir='ltr'><strong>et</strong></span> <span class='ocrx_word' id='word_1_311' title='bbox 3344 4129 3529 4189; x_wconf 88' lang='lat' dir='ltr'><strong>Pistus</strong></span> 
     </span>
    </p>
   </div>
   <div class='ocr_carea' id='block_1_81' title="bbox 1953 4223 3528 4295">
    <p class='ocr_par' dir='ltr' id='par_1_81' title="bbox 1953 4223 3528 4295">
     <span class='ocr_line' id='line_1_81' title="bbox 1953 4223 3528 4295; baseline 0.004 -18"><span class='ocrx_word' id='word_1_312' title='bbox 1953 4223 2290 4295; x_wconf 84' lang='lat' dir='ltr'><strong>presbyteri:</strong></span> <span class='ocrx_word' id='word_1_313' title='bbox 2346 4223 2636 4294; x_wconf 89' lang='lat' dir='ltr'><strong>Sarapion,</strong></span> <span class='ocrx_word' id='word_1_314' title='bbox 2666 4223 3016 4288; x_wconf 89' lang='lat' dir='ltr'><strong>Parammon,</strong></span> <span class='ocrx_word' id='word_1_315' title='bbox 3049 4223 3300 4282; x_wconf 90' lang='lat' dir='ltr'><strong>Zosimus</strong></span> <span class='ocrx_word' id='word_1_316' title='bbox 3341 4233 3394 4282; x_wconf 92' lang='lat' dir='ltr'><strong>et</strong></span> <span class='ocrx_word' id='word_1_317' title='bbox 3418 4224 3528 4283; x_wconf 83' lang='lat' dir='ltr'><strong>Ire-</strong></span> 
     </span>
    </p>
   </div>
   <div class='ocr_carea' id='block_1_82' title="bbox 1957 4317 3527 4388">
    <p class='ocr_par' dir='ltr' id='par_1_82' title="bbox 1957 4317 3527 4388">
     <span class='ocr_line' id='line_1_82' title="bbox 1957 4317 3527 4388; baseline 0.001 -16"><span class='ocrx_word' id='word_1_318' title='bbox 1957 4333 2107 4372; x_wconf 85' lang='lat' dir='ltr'><strong>naeus</strong></span> <span class='ocrx_word' id='word_1_319' title='bbox 2136 4317 2373 4382; x_wconf 89' lang='lat' dir='ltr'><strong>diaconi,</strong></span> <span class='ocrx_word' id='word_1_320' title='bbox 2408 4317 2476 4372; x_wconf 90' lang='lat' dir='ltr'><strong>ad</strong></span> <span class='ocrx_word' id='word_1_321' title='bbox 2508 4317 2624 4370; x_wconf 84' lang='lat' dir='ltr'><strong>Arii</strong></span> <span class='ocrx_word' id='word_1_322' title='bbox 2655 4324 2838 4386; x_wconf 87' lang='lat' dir='ltr'><strong>partes</strong></span> <span class='ocrx_word' id='word_1_323' title='bbox 2869 4317 3209 4386; x_wconf 88' lang='lat' dir='ltr'><strong>transierint,</strong></span> <span class='ocrx_word' id='word_1_324' title='bbox 3241 4325 3403 4388; x_wconf 87' lang='lat' dir='ltr'><strong>atque</strong></span> <span class='ocrx_word' id='word_1_325' title='bbox 3429 4334 3527 4374; x_wconf 75' lang='lat' dir='ltr'><strong>vc-</strong></span> 
     </span>
    </p>
   </div>
   <div class='ocr_carea' id='block_1_83' title="bbox 279 4384 1849 4485">
    <p class='ocr_par' dir='ltr' id='par_1_83' title="bbox 279 4409 1847 4485">
     <span class='ocr_line' id='line_1_83' title="bbox 279 4409 1847 4485; baseline 0.004 -24"><span class='ocrx_word' id='word_1_326' title='bbox 279 4409 719 4481; x_wconf 75' lang='grc' dir='ltr'>ἐπηκολούθησαν</span> <span class='ocrx_word' id='word_1_327' title='bbox 745 4415 855 4476; x_wconf 85' lang='grc' dir='ltr'>τοῖς</span> <span class='ocrx_word' id='word_1_328' title='bbox 885 4411 1010 4484; x_wconf 78' lang='grc' dir='ltr'>περὶ</span> <span class='ocrx_word' id='word_1_329' title='bbox 1037 4413 1271 4482; x_wconf 85' lang='grc' dir='ltr'>Ἀρειον,</span> <span class='ocrx_word' id='word_1_330' title='bbox 1308 4413 1402 4466; x_wconf 81' lang='grc' dir='ltr'><strong>καὶ</strong></span> <span class='ocrx_word' id='word_1_331' title='bbox 1427 4413 1720 4485; x_wconf 76' lang='grc' dir='ltr'>ἠγάπησαν</span> <span class='ocrx_word' id='word_1_332' title='bbox 1751 4415 1847 4468; x_wconf 83' lang='grc' dir='ltr'><strong>σὺν</strong></span> 
     </span>
    </p>
   </div>
   <div class='ocr_carea' id='block_1_84' title="bbox 1955 4384 3527 4485">
    <p class='ocr_par' dir='ltr' id='par_1_84' title="bbox 1955 4384 3527 4482">
     <span class='ocr_line' id='line_1_84' title="bbox 1955 4384 3527 4482; baseline 0 -16"><span class='ocrx_word' id='word_1_333' title='bbox 1955 4411 2152 4467; x_wconf 89' lang='lat' dir='ltr'><strong>luerint</strong></span> <span class='ocrx_word' id='word_1_334' title='bbox 2199 4411 2397 4482; x_wconf 91' lang='lat' dir='ltr'><strong>deponi</strong></span> <span class='ocrx_word' id='word_1_335' title='bbox 2447 4426 2571 4466; x_wconf 90' lang='lat' dir='ltr'><strong>cum</strong></span> <span class='ocrx_word' id='word_1_336' title='bbox 2614 4384 2752 4477; x_wconf 87' lang='lat' dir='ltr'><strong>illis;</strong></span> <span class='ocrx_word' id='word_1_337' title='bbox 2799 4418 2858 4464; x_wconf 89' lang='lat' dir='ltr'><strong>ut</strong></span> <span class='ocrx_word' id='word_1_338' title='bbox 2889 4417 3017 4465; x_wconf 89' lang='lat' dir='ltr'><strong>nota</strong></span> <span class='ocrx_word' id='word_1_339' title='bbox 3059 4384 3375 4467; x_wconf 13' lang='lat' dir='ltr'><strong>sintvvob&#39;is</strong></span> <span class='ocrx_word' id='word_1_340' title='bbox 3405 4427 3527 4482; x_wconf 70' lang='lat' dir='ltr'><strong>qua:</strong></span> 
     </span>
    </p>
   </div>
   <div class='ocr_carea' id='block_1_85' title="bbox 279 4500 1844 4576">
    <p class='ocr_par' dir='ltr' id='par_1_85' title="bbox 279 4500 1844 4576">
     <span class='ocr_line' id='line_1_85' title="bbox 279 4500 1844 4576; baseline 0.003 -23"><span class='ocrx_word' id='word_1_341' title='bbox 279 4500 459 4562; x_wconf 81' lang='grc' dir='ltr'>αὐτοῖς</span> <span class='ocrx_word' id='word_1_342' title='bbox 503 4500 920 4574; x_wconf 81' lang='grc' dir='ltr'>καθαιρεθῆναι·</span> <span class='ocrx_word' id='word_1_343' title='bbox 977 4503 1062 4556; x_wconf 82' lang='grc' dir='ltr'><strong>ἵνα</strong></span> <span class='ocrx_word' id='word_1_344' title='bbox 1122 4503 1216 4556; x_wconf 80' lang='grc' dir='ltr'>καὶ</span> <span class='ocrx_word' id='word_1_345' title='bbox 1267 4502 1335 4557; x_wconf 76' lang='grc' dir='ltr'>τὰ</span> <span class='ocrx_word' id='word_1_346' title='bbox 1385 4502 1478 4557; x_wconf 79' lang='grc' dir='ltr'>νῦν</span> <span class='ocrx_word' id='word_1_347' title='bbox 1525 4503 1844 4576; x_wconf 86' lang='grc' dir='ltr'>γραφόμενα</span> 
     </span>
    </p>
   </div>
   <div class='ocr_carea' id='block_1_86' title="bbox 280 4591 1843 4665">
    <p class='ocr_par' dir='ltr' id='par_1_86' title="bbox 280 4591 1843 4665">
     <span class='ocr_line' id='line_1_86' title="bbox 280 4591 1843 4665; baseline 0.004 -22"><span class='ocrx_word' id='word_1_348' title='bbox 280 4591 471 4660; x_wconf 84' lang='grc' dir='ltr'>γνῶτε,</span> <span class='ocrx_word' id='word_1_349' title='bbox 499 4592 600 4662; x_wconf 79' lang='grc' dir='ltr'>τήν</span> <span class='ocrx_word' id='word_1_350' title='bbox 626 4609 686 4645; x_wconf 90' lang='grc' dir='ltr'><strong>τε</strong></span> <span class='ocrx_word' id='word_1_351' title='bbox 724 4593 782 4646; x_wconf 82' lang='grc' dir='ltr'>ὲν</span> <span class='ocrx_word' id='word_1_352' title='bbox 823 4595 1031 4658; x_wconf 83' lang='grc' dir='ltr'>τούτοις</span> <span class='ocrx_word' id='word_1_353' title='bbox 1067 4595 1381 4665; x_wconf 77' lang='grc' dir='ltr'>συμφωνίαν</span> <span class='ocrx_word' id='word_1_354' title='bbox 1409 4595 1615 4648; x_wconf 74' lang='grc' dir='ltr'>ἑαυτῶν</span> <span class='ocrx_word' id='word_1_355' title='bbox 1643 4595 1843 4649; x_wconf 78' lang='grc' dir='ltr'>ἐπιδεί-</span> 
     </span>
    </p>
   </div>
   <div class='ocr_carea' id='block_1_87' title="bbox 281 4685 1844 4759">
    <p class='ocr_par' dir='ltr' id='par_1_87' title="bbox 281 4685 1844 4759">
     <span class='ocr_line' id='line_1_87' title="bbox 281 4685 1844 4759; baseline 0.004 -22"><span class='ocrx_word' id='word_1_356' title='bbox 281 4685 461 4755; x_wconf 78' lang='grc' dir='ltr'>ξησθε,</span> <span class='ocrx_word' id='word_1_357' title='bbox 496 4685 589 4739; x_wconf 79' lang='grc' dir='ltr'>καὶ</span> <span class='ocrx_word' id='word_1_358' title='bbox 617 4689 682 4758; x_wconf 84' lang='grc' dir='ltr'>τῇ</span> <span class='ocrx_word' id='word_1_359' title='bbox 713 4685 1025 4758; x_wconf 78' lang='grc' dir='ltr'>καθαιρέσει</span> <span class='ocrx_word' id='word_1_360' title='bbox 1055 4685 1163 4739; x_wconf 91' lang='grc' dir='ltr'><strong>τῶν</strong></span> <span class='ocrx_word' id='word_1_361' title='bbox 1209 4687 1338 4759; x_wconf 74' lang='grc' dir='ltr'>περὶ</span> <span class='ocrx_word' id='word_1_362' title='bbox 1364 4688 1580 4759; x_wconf 81' lang='grc' dir='ltr'>Ἀρειον</span> <span class='ocrx_word' id='word_1_363' title='bbox 1609 4687 1703 4742; x_wconf 75' lang='grc' dir='ltr'><strong>καὶ</strong></span> <span class='ocrx_word' id='word_1_364' title='bbox 1735 4688 1844 4744; x_wconf 93' lang='grc' dir='ltr'><strong>τῶν</strong></span> 
     </span>
    </p>
   </div>
   <div class='ocr_carea' id='block_1_88' title="bbox 284 4775 1842 4852">
    <p class='ocr_par' dir='ltr' id='par_1_88' title="bbox 284 4775 1842 4852">
     <span class='ocr_line' id='line_1_88' title="bbox 284 4775 1842 4852; baseline 0.004 -24"><span class='ocrx_word' id='word_1_365' title='bbox 284 4775 408 4847; x_wconf 75' lang='grc' dir='ltr'>περὶ</span> <span class='ocrx_word' id='word_1_366' title='bbox 436 4776 630 4830; x_wconf 81' lang='grc' dir='ltr'>Πιστὺν</span> <span class='ocrx_word' id='word_1_367' title='bbox 655 4775 933 4848; x_wconf 73' lang='grc' dir='ltr'>σύμψηφοι</span> <span class='ocrx_word' id='word_1_368' title='bbox 963 4777 1215 4850; x_wconf 84' lang='grc' dir='ltr'>γένησθε.</span> <span class='ocrx_word' id='word_1_369' title='bbox 1253 4778 1460 4850; x_wconf 78' lang='grc' dir='ltr'>Πρέπει</span> <span class='ocrx_word' id='word_1_370' title='bbox 1487 4779 1596 4852; x_wconf 84' lang='grc' dir='ltr'>γὰρ</span> <span class='ocrx_word' id='word_1_371' title='bbox 1621 4778 1690 4833; x_wconf 82' lang='grc' dir='ltr'>τὰ</span> <span class='ocrx_word' id='word_1_372' title='bbox 1711 4779 1842 4852; x_wconf 85' lang='grc' dir='ltr'>παρ’</span> 
     </span>
    </p>
   </div>
   <div class='ocr_carea' id='block_1_89' title="bbox 281 4866 1844 4942">
    <p class='ocr_par' dir='ltr' id='par_1_89' title="bbox 281 4866 1844 4942">
     <span class='ocr_line' id='line_1_89' title="bbox 281 4866 1844 4942; baseline 0.003 -22"><span class='ocrx_word' id='word_1_373' title='bbox 281 4866 413 4937; x_wconf 69' lang='grc' dir='ltr'>ἐμοῦ</span> <span class='ocrx_word' id='word_1_374' title='bbox 454 4869 768 4941; x_wconf 83' lang='grc' dir='ltr'>γραφόμενα</span> <span class='ocrx_word' id='word_1_375' title='bbox 809 4869 1092 4938; x_wconf 83' lang='grc' dir='ltr'>γινώσκειν</span> <span class='ocrx_word' id='word_1_376' title='bbox 1135 4871 1297 4942; x_wconf 81' lang='grc' dir='ltr'>ὑμᾶς,</span> <span class='ocrx_word' id='word_1_377' title='bbox 1340 4872 1433 4925; x_wconf 78' lang='grc' dir='ltr'><strong>καὶ</strong></span> <span class='ocrx_word' id='word_1_378' title='bbox 1475 4872 1721 4938; x_wconf 76' lang='grc' dir='ltr'>ἕκαστον,</span> <span class='ocrx_word' id='word_1_379' title='bbox 1767 4873 1844 4936; x_wconf 83' lang='grc' dir='ltr'><strong>ὡς</strong></span> 
     </span>
    </p>
   </div>
   <div class='ocr_carea' id='block_1_90' title="bbox 283 4960 1667 5036">
    <p class='ocr_par' dir='ltr' id='par_1_90' title="bbox 283 4960 1667 5036">
     <span class='ocr_line' id='line_1_90' title="bbox 283 4960 1667 5036; baseline 0.004 -23"><span class='ocrx_word' id='word_1_380' title='bbox 283 4960 407 5034; x_wconf 81' lang='grc' dir='ltr'>παρ’</span> <span class='ocrx_word' id='word_1_381' title='bbox 440 4960 602 5016; x_wconf 71' lang='grc' dir='ltr'>αὑτοῦ</span> <span class='ocrx_word' id='word_1_382' title='bbox 633 4964 973 5034; x_wconf 87' lang='grc' dir='ltr'>γραφόμενα,</span> <span class='ocrx_word' id='word_1_383' title='bbox 1001 4965 1056 5018; x_wconf 84' lang='grc' dir='ltr'>ὲν</span> <span class='ocrx_word' id='word_1_384' title='bbox 1079 4966 1143 5035; x_wconf 83' lang='grc' dir='ltr'>τῇ</span> <span class='ocrx_word' id='word_1_385' title='bbox 1173 4963 1366 5036; x_wconf 76' lang='grc' dir='ltr'>καρδία</span> <span class='ocrx_word' id='word_1_386' title='bbox 1398 4965 1667 5036; x_wconf 81' lang='grc' dir='ltr'>κατέχειν.</span> 
     </span>
    </p>
   </div>
   <div class='ocr_carea' id='block_1_91' title="bbox 347 5157 1838 5260">
    <p class='ocr_par' dir='ltr' id='par_1_91' title="bbox 347 5157 1838 5260">
     <span class='ocr_line' id='line_1_91' title="bbox 347 5157 1838 5260; baseline -0.001 -18"><span class='ocrx_word' id='word_1_387' title='bbox 347 5186 456 5257; x_wconf 81' lang='lat' dir='ltr'><strong>(se)</strong></span> <span class='ocrx_word' id='word_1_388' title='bbox 471 5157 784 5259; x_wconf 82' lang='lat' dir='ltr'><strong>Hiquatuor</strong></span> <span class='ocrx_word' id='word_1_389' title='bbox 801 5188 1084 5260; x_wconf 81' lang='lat' dir='ltr'><strong>postremi,</strong></span> <span class='ocrx_word' id='word_1_390' title='bbox 1086 5188 1328 5260; x_wconf 65' lang='grc' dir='ltr'>βεωνες,</span> <span class='ocrx_word' id='word_1_391' title='bbox 1347 5187 1669 5260; x_wconf 83' lang='grc' dir='ltr'>Σαρμάτων,</span> <span class='ocrx_word' id='word_1_392' title='bbox 1686 5187 1838 5260; x_wconf 79' lang='grc' dir='ltr'><strong>Κάρ-</strong></span> 
     </span>
    </p>
   </div>
   <div class='ocr_carea' id='block_1_92' title="bbox 278 5257 1374 5329">
    <p class='ocr_par' dir='ltr' id='par_1_92' title="bbox 278 5257 1374 5329">
     <span class='ocr_line' id='line_1_92' title="bbox 278 5257 1374 5329; baseline 0 -16"><span class='ocrx_word' id='word_1_393' title='bbox 278 5275 409 5322; x_wconf 74' lang='grc' dir='ltr'>πων,</span> <span class='ocrx_word' id='word_1_394' title='bbox 430 5257 648 5323; x_wconf 77' lang='grc' dir='ltr'>Ζώῖλὸς,</span> <span class='ocrx_word' id='word_1_395' title='bbox 681 5257 878 5316; x_wconf 75' lang='lat' dir='ltr'><strong>desunt</strong></span> <span class='ocrx_word' id='word_1_396' title='bbox 905 5259 1047 5329; x_wconf 87' lang='lat' dir='ltr'><strong>apud</strong></span> <span class='ocrx_word' id='word_1_397' title='bbox 1073 5257 1374 5329; x_wconf 86' lang='lat' dir='ltr'><strong>Galasium.</strong></span> 
     </span>
    </p>
   </div>
   <div class='ocr_carea' id='block_1_93' title="bbox 345 5327 1838 5400">
    <p class='ocr_par' dir='ltr' id='par_1_93' title="bbox 345 5327 1838 5400">
     <span class='ocr_line' id='line_1_93' title="bbox 345 5327 1838 5400; baseline -0.001 -16"><span class='ocrx_word' id='word_1_398' title='bbox 345 5330 458 5400; x_wconf 81' lang='grc'><strong>(81)</strong></span> <span class='ocrx_word' id='word_1_399' title='bbox 487 5331 699 5400; x_wconf 77' lang='grc' dir='ltr'>Παρὼν</span> <span class='ocrx_word' id='word_1_400' title='bbox 725 5327 1044 5397; x_wconf 73' lang='grc' dir='ltr'>παροῦὰιν.</span> <span class='ocrx_word' id='word_1_401' title='bbox 1079 5328 1384 5400; x_wconf 79' lang='lat' dir='ltr'><strong>Singularis</strong></span> <span class='ocrx_word' id='word_1_402' title='bbox 1427 5327 1681 5400; x_wconf 89' lang='lat' dir='ltr'><strong>loquendi</strong></span> <span class='ocrx_word' id='word_1_403' title='bbox 1727 5327 1838 5384; x_wconf 83' lang='lat' dir='ltr'><strong>for-</strong></span> 
     </span>
    </p>
   </div>
   <div class='ocr_carea' id='block_1_94' title="bbox 278 5401 1834 5544">
    <p class='ocr_par' dir='ltr' id='par_1_94' title="bbox 278 5401 1834 5544">
     <span class='ocr_line' id='line_1_94' title="bbox 278 5401 1834 5544; baseline -0.002 -16"><span class='ocrx_word' id='word_1_404' title='bbox 278 5401 454 5544; x_wconf 43' lang='lat' dir='ltr'><strong>ante?)</strong></span> <span class='ocrx_word' id='word_1_405' title='bbox 490 5469 644 5528; x_wconf 76' lang='lat' dir='ltr'><strong>l‘lunc</strong></span> <span class='ocrx_word' id='word_1_406' title='bbox 669 5469 878 5528; x_wconf 86' lang='lat' dir='ltr'><strong>Pistum</strong></span> <span class='ocrx_word' id='word_1_407' title='bbox 922 5485 1047 5530; x_wconf 83' lang='lat' dir='ltr'><strong>esse</strong></span> <span class='ocrx_word' id='word_1_408' title='bbox 1086 5479 1342 5543; x_wconf 91' lang='lat' dir='ltr'><strong>putamus</strong></span> <span class='ocrx_word' id='word_1_409' title='bbox 1371 5469 1464 5542; x_wconf 91' lang='lat' dir='ltr'><strong>qui</strong></span> <span class='ocrx_word' id='word_1_410' title='bbox 1496 5469 1834 5527; x_wconf 66' lang='lat' dir='ltr'><strong>Alexandriae</strong></span> 
     </span>
    </p>
   </div>
   <div class='ocr_carea' id='block_1_95' title="bbox 1945 4504 3524 4577">
    <p class='ocr_par' dir='ltr' id='par_1_95' title="bbox 1945 4504 3524 4577">
     <span class='ocr_line' id='line_1_95' title="bbox 1945 4504 3524 4577; baseline 0 -17"><span class='ocrx_word' id='word_1_411' title='bbox 1945 4505 2055 4575; x_wconf 90' lang='lat' dir='ltr'><strong>jam</strong></span> <span class='ocrx_word' id='word_1_412' title='bbox 2101 4505 2304 4577; x_wconf 91' lang='lat' dir='ltr'><strong>scripta</strong></span> <span class='ocrx_word' id='word_1_413' title='bbox 2334 4514 2481 4570; x_wconf 91' lang='lat' dir='ltr'><strong>sunt,</strong></span> <span class='ocrx_word' id='word_1_414' title='bbox 2517 4511 2684 4575; x_wconf 89' lang='lat' dir='ltr'><strong>utque</strong></span> <span class='ocrx_word' id='word_1_415' title='bbox 2725 4511 2962 4560; x_wconf 79' lang='lat' dir='ltr'><strong>vestram</strong></span> <span class='ocrx_word' id='word_1_416' title='bbox 2996 4504 3051 4558; x_wconf 92' lang='lat' dir='ltr'><strong>in</strong></span> <span class='ocrx_word' id='word_1_417' title='bbox 3091 4504 3242 4561; x_wconf 84' lang='lat' dir='ltr'><strong>hisce</strong></span> <span class='ocrx_word' id='word_1_418' title='bbox 3294 4521 3524 4561; x_wconf 83' lang='lat' dir='ltr'><strong>concor-</strong></span> 
     </span>
    </p>
   </div>
   <div class='ocr_carea' id='block_1_96' title="bbox 1949 4595 3523 4668">
    <p class='ocr_par' dir='ltr' id='par_1_96' title="bbox 1949 4595 3523 4668">
     <span class='ocr_line' id='line_1_96' title="bbox 1949 4595 3523 4668; baseline 0 -15"><span class='ocrx_word' id='word_1_419' title='bbox 1949 4599 2094 4654; x_wconf 91' lang='lat' dir='ltr'><strong>diam</strong></span> <span class='ocrx_word' id='word_1_420' title='bbox 2139 4599 2448 4667; x_wconf 84' lang='lat' dir='ltr'><strong>declaretis,</strong></span> <span class='ocrx_word' id='word_1_421' title='bbox 2494 4612 2559 4653; x_wconf 92' lang='lat' dir='ltr'><strong>ac</strong></span> <span class='ocrx_word' id='word_1_422' title='bbox 2609 4596 2936 4668; x_wconf 87' lang='lat' dir='ltr'><strong>depositioni</strong></span> <span class='ocrx_word' id='word_1_423' title='bbox 2983 4596 3119 4661; x_wconf 84' lang='lat' dir='ltr'><strong>Arii,</strong></span> <span class='ocrx_word' id='word_1_424' title='bbox 3169 4595 3303 4652; x_wconf 88' lang='lat' dir='ltr'><strong>Pisti</strong></span> <span class='ocrx_word' id='word_1_425' title='bbox 3347 4599 3523 4654; x_wconf 86' lang='lat' dir='ltr'><strong>socio-</strong></span> 
     </span>
    </p>
   </div>
   <div class='ocr_carea' id='block_1_97' title="bbox 1947 4688 3521 4764">
    <p class='ocr_par' dir='ltr' id='par_1_97' title="bbox 1947 4688 3521 4764">
     <span class='ocr_line' id='line_1_97' title="bbox 1947 4688 3521 4764; baseline 0 -18"><span class='ocrx_word' id='word_1_426' title='bbox 1947 4706 2176 4764; x_wconf 88' lang='lat' dir='ltr'><strong>rumque</strong></span> <span class='ocrx_word' id='word_1_427' title='bbox 2212 4691 2529 4764; x_wconf 71' lang='lat' dir='ltr'><strong>suﬂragium</strong></span> <span class='ocrx_word' id='word_1_428' title='bbox 2553 4689 2767 4745; x_wconf 88' lang='lat' dir='ltr'><strong>addatis</strong></span> <span class='ocrx_word' id='word_1_429' title='bbox 2795 4697 3062 4746; x_wconf 80' lang='lat' dir='ltr'><strong>vestrum.</strong></span> <span class='ocrx_word' id='word_1_430' title='bbox 3087 4688 3193 4743; x_wconf 88' lang='lat' dir='ltr'><strong>Par</strong></span> <span class='ocrx_word' id='word_1_431' title='bbox 3215 4690 3414 4762; x_wconf 88' lang='lat' dir='ltr'><strong>quippe</strong></span> <span class='ocrx_word' id='word_1_432' title='bbox 3437 4700 3521 4748; x_wconf 88' lang='lat' dir='ltr'><strong>est</strong></span> 
     </span>
    </p>
   </div>
   <div class='ocr_carea' id='block_1_98' title="bbox 1945 4779 3521 4854">
    <p class='ocr_par' dir='ltr' id='par_1_98' title="bbox 1945 4779 3521 4854">
     <span class='ocr_line' id='line_1_98' title="bbox 1945 4779 3521 4854; baseline -0.003 -16"><span class='ocrx_word' id='word_1_433' title='bbox 1945 4793 2220 4854; x_wconf 90' lang='lat' dir='ltr'><strong>comperta</strong></span> <span class='ocrx_word' id='word_1_434' title='bbox 2251 4783 2407 4839; x_wconf 86' lang='lat' dir='ltr'><strong>vobis</strong></span> <span class='ocrx_word' id='word_1_435' title='bbox 2444 4796 2568 4838; x_wconf 90' lang='lat' dir='ltr'><strong>esse</strong></span> <span class='ocrx_word' id='word_1_436' title='bbox 2598 4796 2720 4852; x_wconf 70' lang='lat' dir='ltr'><strong>qua:</strong></span> <span class='ocrx_word' id='word_1_437' title='bbox 2743 4795 2775 4835; x_wconf 90' lang='lat' dir='ltr'><strong>a</strong></span> <span class='ocrx_word' id='word_1_438' title='bbox 2802 4794 2889 4836; x_wconf 88' lang='lat' dir='ltr'><strong>me</strong></span> <span class='ocrx_word' id='word_1_439' title='bbox 2912 4779 3219 4851; x_wconf 89' lang='lat' dir='ltr'><strong>conscripta</strong></span> <span class='ocrx_word' id='word_1_440' title='bbox 3247 4788 3397 4846; x_wconf 90' lang='lat' dir='ltr'><strong>sunt,</strong></span> <span class='ocrx_word' id='word_1_441' title='bbox 3427 4794 3521 4836; x_wconf 84' lang='lat' dir='ltr'><strong>ea-</strong></span> 
     </span>
    </p>
   </div>
   <div class='ocr_carea' id='block_1_99' title="bbox 1943 4871 3518 4948">
    <p class='ocr_par' dir='ltr' id='par_1_99' title="bbox 1943 4871 3518 4948">
     <span class='ocr_line' id='line_1_99' title="bbox 1943 4871 3518 4948; baseline -0.003 -18"><span class='ocrx_word' id='word_1_442' title='bbox 1943 4893 2050 4948; x_wconf 90' lang='lat' dir='ltr'><strong>que</strong></span> <span class='ocrx_word' id='word_1_443' title='bbox 2087 4876 2355 4946; x_wconf 79' lang='lat' dir='ltr'><strong>singulos,</strong></span> <span class='ocrx_word' id='word_1_444' title='bbox 2403 4876 2562 4946; x_wconf 89' lang='lat' dir='ltr'><strong>quasi</strong></span> <span class='ocrx_word' id='word_1_445' title='bbox 2608 4875 2842 4945; x_wconf 89' lang='lat' dir='ltr'><strong>quisque</strong></span> <span class='ocrx_word' id='word_1_446' title='bbox 2887 4879 3129 4928; x_wconf 84' lang='lat' dir='ltr'><strong>vestrum</strong></span> <span class='ocrx_word' id='word_1_447' title='bbox 3183 4871 3518 4942; x_wconf 84' lang='lat' dir='ltr'><strong>scripsisset,</strong></span> 
     </span>
    </p>
   </div>
   <div class='ocr_carea' id='block_1_100' title="bbox 1946 4957 2448 5040">
    <p class='ocr_par' dir='ltr' id='par_1_100' title="bbox 1946 4957 2448 5040">
     <span class='ocr_line' id='line_1_100' title="bbox 1946 4957 2448 5040; baseline -0.002 -15"><span class='ocrx_word' id='word_1_448' title='bbox 1946 4957 2110 5025; x_wconf 79' lang='lat' dir='ltr'><strong>corde</strong></span> <span class='ocrx_word' id='word_1_449' title='bbox 2140 4969 2448 5040; x_wconf 88' lang='lat' dir='ltr'><strong>complecti.</strong></span> 
     </span>
    </p>
   </div>
   <div class='ocr_carea' id='block_1_101' title="bbox 1942 5182 3514 5263">
    <p class='ocr_par' dir='ltr' id='par_1_101' title="bbox 1942 5182 3514 5263">
     <span class='ocr_line' id='line_1_101' title="bbox 1942 5182 3514 5263; baseline -0.006 -15"><span class='ocrx_word' id='word_1_450' title='bbox 1942 5193 2231 5263; x_wconf 87' lang='lat' dir='ltr'><strong>episcopus</strong></span> <span class='ocrx_word' id='word_1_451' title='bbox 2284 5190 2354 5263; x_wconf 85' lang='lat' dir='ltr'><strong>ab</strong></span> <span class='ocrx_word' id='word_1_452' title='bbox 2403 5188 2626 5263; x_wconf 85' lang='lat' dir='ltr'><strong>Arianis</strong></span> <span class='ocrx_word' id='word_1_453' title='bbox 2678 5188 2963 5263; x_wconf 79' lang='lat' dir='ltr'><strong>ordinatus</strong></span> <span class='ocrx_word' id='word_1_454' title='bbox 3015 5194 3121 5263; x_wconf 80' lang='lat' dir='ltr'><strong>est,</strong></span> <span class='ocrx_word' id='word_1_455' title='bbox 3163 5183 3366 5256; x_wconf 91' lang='lat' dir='ltr'><strong>quippe</strong></span> <span class='ocrx_word' id='word_1_456' title='bbox 3410 5182 3514 5238; x_wconf 91' lang='lat' dir='ltr'><strong>sub</strong></span> 
     </span>
    </p>
   </div>
   <div class='ocr_carea' id='block_1_102' title="bbox 1940 5259 3514 5334">
    <p class='ocr_par' dir='ltr' id='par_1_102' title="bbox 1940 5259 3514 5334">
     <span class='ocr_line' id='line_1_102' title="bbox 1940 5259 3514 5334; baseline -0.008 -15"><span class='ocrx_word' id='word_1_457' title='bbox 1940 5259 2442 5334; x_wconf 35' lang='lat' dir='ltr'><strong>ipsum—Arianismi</strong></span> <span class='ocrx_word' id='word_1_458' title='bbox 2491 5260 2708 5334; x_wconf 75' lang='lat' dir='ltr'><strong>initium</strong></span> <span class='ocrx_word' id='word_1_459' title='bbox 2755 5259 2898 5314; x_wconf 89' lang='lat' dir='ltr'><strong>inter</strong></span> <span class='ocrx_word' id='word_1_460' title='bbox 2920 5259 3328 5334; x_wconf 71' lang='lat' dir='ltr'><strong>_antesi_gnanos</strong></span> <span class='ocrx_word' id='word_1_461' title='bbox 3364 5267 3514 5334; x_wconf 65' lang='lat' dir='ltr'><strong>com:</strong></span> 
     </span>
    </p>
   </div>
   <div class='ocr_carea' id='block_1_103' title="bbox 1939 5321 3514 5404">
    <p class='ocr_par' dir='ltr' id='par_1_103' title="bbox 1939 5321 3514 5404">
     <span class='ocr_line' id='line_1_103' title="bbox 1939 5321 3514 5404; baseline -0.006 -16"><span class='ocrx_word' id='word_1_462' title='bbox 1939 5321 2253 5404; x_wconf 65' lang='lat' dir='ltr'><strong>putabatur,</strong></span> <span class='ocrx_word' id='word_1_463' title='bbox 2288 5341 2347 5386; x_wconf 93' lang='lat' dir='ltr'><strong>ut</strong></span> <span class='ocrx_word' id='word_1_464' title='bbox 2383 5331 2544 5404; x_wconf 89' lang='lat' dir='ltr'><strong>paulo</strong></span> <span class='ocrx_word' id='word_1_465' title='bbox 2576 5329 2717 5385; x_wconf 81' lang='lat' dir='ltr'><strong>infra</strong></span> <span class='ocrx_word' id='word_1_466' title='bbox 2751 5337 2855 5397; x_wconf 83' lang='lat' dir='ltr'><strong>est,</strong></span> <span class='ocrx_word' id='word_1_467' title='bbox 2879 5327 2987 5383; x_wconf 86' lang='grc' dir='ltr'><strong>τῶν</strong></span> <span class='ocrx_word' id='word_1_468' title='bbox 3016 5321 3149 5400; x_wconf 79' lang='grc' dir='ltr'>περῖ</span> <span class='ocrx_word' id='word_1_469' title='bbox 3178 5328 3392 5399; x_wconf 82' lang='grc' dir='ltr'>Ἀρειον</span> <span class='ocrx_word' id='word_1_470' title='bbox 3416 5321 3514 5379; x_wconf 67' lang='grc' dir='ltr'><strong>καὶ</strong></span> 
     </span>
    </p>
   </div>
   <div class='ocr_carea' id='block_1_104' title="bbox 1937 5403 2598 5478">
    <p class='ocr_par' dir='ltr' id='par_1_104' title="bbox 1937 5403 2598 5478">
     <span class='ocr_line' id='line_1_104' title="bbox 1937 5403 2598 5478; baseline -0.002 -20"><span class='ocrx_word' id='word_1_471' title='bbox 1937 5403 2045 5459; x_wconf 78' lang='grc' dir='ltr'><strong>τῶν</strong></span> <span class='ocrx_word' id='word_1_472' title='bbox 2072 5405 2199 5478; x_wconf 76' lang='grc' dir='ltr'>περὶ</span> <span class='ocrx_word' id='word_1_473' title='bbox 2227 5403 2443 5468; x_wconf 78' lang='grc' dir='ltr'>Πιστόν,</span> <span class='ocrx_word' id='word_1_474' title='bbox 2471 5410 2598 5474; x_wconf 88' lang='lat' dir='ltr'><strong>etc._</strong></span> 
     </span>
    </p>
   </div>
  </div>
