3956 6198
555 260 660 318 585
1677 259 1734 314 S.
1779 257 2174 314 ALEXAND!“
2216 257 2685 317 ALEXANDRINI
3627 269 3706 332 δὴ

2135 399 2225 455 ιν.

676 510 1048 586 Fragmenta
1082 506 1213 570 duo
1244 526 1321 571 ex
1353 509 1623 588 cpistola
1658 510 1734 572 ad
1767 512 2100 591 JEglonem
2132 515 2668 596 (Synepolitanum
2701 513 3094 592 episcOpum,
3125 520 3332 574 contra
3365 515 3617 577 Arianos.

657 650 812 720 Apud
865 648 922 704 S.
965 651 1256 708 Maximum
1310 656 1538 725 confess.
1581 659 1718 713 inter
1759 676 1939 729 cpusc.
1962 660 2333 786 έιρεριοαὶϐξε
2364 663 2578 732 polem.,
2629 660 2759 729 Opp.
2808 671 2932 713 tom.
2967 658 3034 721 ll,
3076 673 3226 728 pagg.
3259 657 3494 720 152-le,
3524 658 3631 712 edit.

2010 749 2140 786 aris.
2303 749 2354 786 ἱ).

2010 749 2140 786 arts.
2198 749 2262 786 ιυ
2279 749 2354 787 li).

553 951 1056 1026 Sancti‘Alexandri
1096 967 1246 1026 papa:
1291 953 1659 1017 Alexandrini,
1709 972 1772 1010 ex
1804 956 2024 1024 epistola
2057 961 2115 1011 ad

2159 968 2199 1023 Α
2235 959 2345 1013 Τοῦ
2375 957 2546 1026 ἁγίου
2587 951 2980 1026 Ἀλεξάνδρον
3009 950 3176 1003 mina
3219 948 3646 1026 ’Aleifarbpsluc,
3671 954 3721 1007 ἐκ

624 1022 906 1093 Αἰθιοηοω
933 1021 1375 1094 Cynopolitanmn
1398 1027 1717 1094 episcopum,
1743 1021 1928 1082 contra
1964 1027 2120 1082 Aria-
2156 1021 2186 1022 ﬂ

2164 1021 2198 1023 νὴ
2297 1029 2406 1098 τῆς
2423 1021 2571 1102 Ξτρὸς
2592 1026 2862 1102 Αὶξγλωνα
2876 1023 3209 1102 ᾆίιίσκοπον
3227 1021 3588 1086 Κυνοπόλεως
3611 1026 3726 1080 κατὰ

624 1111 740 1149 nos.
2308 1097 2614 1168 Ἄρειανών
2643 1097 2992 1162 ἐπιστολῆς.

620 1199 890 1257 Voluntas
934 1202 1220 1267 naturalis,
1269 1202 1624 1273 intelligentis
1686 1206 1867 1260 omnis
1918 1214 2127 1262 natura:

2293 1213 2520 1285 Θέλησίς
2562 1214 2676 1265 ἐστι
2729 1208 2950 1279 φυσικὴ,
2995 1205 3196 1268 παντὸς
3241 1203 3420 1275 νοεροῦ
3467 1203 3725 1275 αὐθαίρετος

549 1291 723 1348 libera
755 1294 984 1350 facultas
1012 1297 1258 1364 exsistit;
1290 1307 1348 1352 ut
1376 1313 1497 1367 qua:
1526 1297 1662 1352 nihil
1695 1299 2111 1355 involuntariun

2224 1307 2470 1378 δύναμις,
2496 1305 2571 1370 ὡς
2596 1303 2759 1375 μηδὲν
2785 1299 2923 1357 κατὰ
2942 1300 3038 1372 τὴν
3065 1298 3253 1353 οὐσίαν
3282 1297 3519 1351 ἀκούσιον
3538 1297 3725 1366 ἔχοντος.

551 1385 765 1453 habeat,
791 1388 935 1458 quod
963 1404 1027 1442 ex
1058 1392 1308 1445 essentizc
1329 1392 1539 1447 ratione
1564 1393 1638 1446 lit.

2142 1509 2210 1566 ll.

619 1615 873 1686 Operatio
929 1616 1217 1681 naturalis,
1275 1617 1494 1671 innatus
1539 1625 1622 1672 est
1673 1615 1943 1689 cujusque
1986 1620 2120 1676 sub-

2303 1618 2583 1690 Ἐνέργεια
2618 1617 2818 1686 φυσική
2854 1616 3017 1677 ἐστιν,
3044 1613 3078 1683 ἡ
3112 1611 3290 1682 πάσης
3334 1608 3506 1672 οὐσίας
3538 1608 3727 1679 ἔμφυτος

550 1710 765 1766 stantia:
792 1719 991 1766 motus.
1024 1708 1278 1780 Operatio
1308 1710 1594 1777 naturalis,
1627 1720 1835 1765 natura:
1874 1711 2112 1781 cujusvis

2222 1709 2452 1782 κίνησις.
2496 1709 2775 1781 Ἐνέργειά
2799 1709 2917 1760 ἐστι
2945 1705 3173 1776 φυσικὴ,
3203 1705 3232 1756 ὁ
3257 1703 3425 1773 πάσης
3451 1702 3636 1771 φύσεως
3661 1703 3729 1753 οὐ·

549 1799 924 1855 substantialis
957 1815 1022 1855 ac
1071 1800 1358 1855 notiﬁcans
1389 1800 1528 1854 ratio
1569 1807 1673 1856 est.
1723 1798 1980 1871 Operatio
2022 1817 2111 1856 na-

2224 1801 2420 1873 σιώδης
2448 1802 2541 1855 καὶ
2563 1801 2862 1870 γνωστικὸς
2887 1798 3060 1866 λόγος.
3109 1795 3386 1867 Ἐνέργειά
3415 1796 3519 1847 ἐστι
3549 1796 3725 1862 φυσικὴ,

549 1894 762 1960 turalis,
793 1895 1112 1950 substantiae
1148 1893 1393 1963 cujusvis
1424 1893 1710 1949 notiﬁcans
1733 1894 1911 1950 virtus
1941 1903 2046 1950 est.

1685 1911 1710 1949 s
1733 1894 1911 1950 virtus
1941 1903 2046 1950 est.
2223 1898 2256 1968 ἡ
2290 1895 2558 1968 δηλωτικὴ
2585 1895 2763 1964 πάσης
2787 1894 2974 1957 οὐσίας
2997 1893 3245 1963 δύναμις.

791 2099 890 2114 »——.7~—
907 2099 1182 2114 -ι--οο-ιο-ῗ-ῖῖι
1199 2107 1265 2114 .-.ο
1277 2099 1581 2114 .é-.:;"_--
1613 2106 1861 2115 --————
1885 2107 1910 2113 ο
1931 2107 1954 2112 -ι
1983 2105 2023 2113 ,Α
2055 2107 2104 2111 --—
2125 2106 2182 2112 --ι
2197 2107 2207 2111 -
2251 2105 2352 2113 -ο--η

2153 2106 2182 2112 ι-.
2197 2107 2207 2111 -
2251 2105 2352 2113 -θ--η
2377 2099 3518 2112 -ΨωΑ--ῌ-ἔᾲ-ῃ--οάὲ-*ο-ἄα
3535 2103 3626 2108 —
3639 2105 3715 2113 --.,-

876 2259 1458 2352 MONlTUM
1544 2261 1667 2348 IN
1747 2204 2720 2365 SUBSEQUENTEM
2796 2232 3451 2355 SERMONEM

1615 2449 1752 2511 (MAI,
1779 2446 2071 2499 Bibliotheca
2093 2461 2215 2498 nova
2248 2449 2471 2508 Patrum,
2499 2450 2560 2512 II,
2587 2450 2722 2514 529.)

2153 2589 2224 2600 -ο

615 2673 743 2727 Dixi
780 2676 834 2726 in
879 2671 1168 2742 Spirilegio
1199 2669 1463 2734 Romam),
1497 2679 1534 2726 t.
1562 2668 1680 2734 111,
1703 2687 1757 2740 p.
1783 2669 1907 2732 694,
1941 2685 2005 2724 ex
2030 2671 2392 2728 Orientalibus
2424 2673 2748 2728 bibliotheca:
2786 2672 3054 2728 Vaticana:
3076 2672 3352 2727 codicibus
3388 2673 3540 2726 multa
3557 2671 3732 2726 excitari

544 2768 745 2837 scripta
777 2777 1002 2820 ueterum
1037 2782 1211 2834 posse,
1242 2783 1358 2835 qua:
1392 2765 1605 2820 omnino
1639 2763 2022 2818 desideramus.
2057 2763 2126 2817 Et
2149 2768 2356 2836 quidem
2384 2777 2576 2836 pra'ter
2599 2765 2750 2819 lauta
2774 2767 2870 2820 illa
2897 2783 3014 2836 qua:
3048 2766 3166 2820 loco
3199 2767 3360 2820 citato
3390 2766 3519 2820 edidi
3556 2765 3730 2819 Patrum

545 2861 857 2932 fragmenta,
885 2859 1094 2928 majora
1124 2859 1351 2912 indidem
1371 2859 1491 2928 jam
1523 2866 1680 2911 antea
1709 2856 2023 2923 extuleram,
2053 2856 2331 2914 Zacharia:
2363 2859 2596 2915 videlicet
2637 2859 2990 2914 Melitenensis
3025 2862 3214 2928 capita
3239 2859 3500 2925 historica,
3527 2859 3730 2912 Ebediesu

541 2963 592 3011 et
621 2952 1006 3025 Abulpharagii
1031 2961 1288 3006 tractatus
1319 2951 1619 3013 canonicos,
1645 2950 2012 3004 Armeniorum
2051 2953 2212 3006 etiam
2243 2969 2490 3016 canones,
2514 2951 2689 3008 Severi
2724 2952 3030 3007 Antiocheni
3054 2970 3326 3009 sermones
3367 2954 3568 3023 aliquot,
3598 2960 3638 3006 et
3659 2968 3730 3004 nu-

541 3066 633 3120 per
653 3051 823 3106 sancti
852 3048 1044 3119 Cyrilli
1075 3056 1259 3101 contra
1299 3047 1644 3117 Synusiastas
1665 3057 1714 3102 et
1748 3047 2040 3102 Diodorum
2069 3065 2130 3102 ac
2170 3047 2500 3102 Theodorum
2535 3048 2804 3119 reliquias.
2834 3046 2958 3100 Jam
2988 3063 3104 3101 vero
3137 3048 3285 3102 inter
3312 3048 3476 3117 prima
3513 3046 3623 3107 illa,
3645 3057 3730 3114 qua

543 3145 845 3207 memoravi,
875 3142 1038 3197 codex
1079 3141 1362 3196 Vaticanus
1385 3139 1645 3196 Arabicus
1682 3141 1777 3195 101
1817 3140 2007 3196 bonam
2040 3142 2168 3196 mihi
2201 3142 2522 3212 particulam
2548 3141 2967 3209 suppeditaverat
3012 3143 3275 3196 sermonis
3301 3141 3464 3196 sancti
3497 3136 3730 3193 Alexandri

540 3237 857 3306 patriarcha
887 3235 1237 3289 Alexandrini
1265 3235 1375 3304 (l);
1415 3251 1564 3305 quem
1587 3250 1876 3289 sermonem
1897 3233 2083 3288 deinde
2110 3235 2366 3303 integrum
2389 3235 2442 3288 in
2476 3232 2699 3304 Syriaco
2727 3243 2833 3286 vat.
2869 3233 3046 3288 codice
3072 3234 3187 3289 568
3216 3247 3396 3291 nactus
3421 3253 3544 3297 sum,
3569 3234 3614 3286 id
3627 3233 3728 3302 quod

541 3334 668 3388 olim
699 3333 753 3387 in
786 3331 1124 3401 Scriptorum
1154 3339 1260 3385 vet.
1293 3339 1418 3385 tom.
1457 3329 1530 3393 V,
1561 3346 1614 3399 p.
1647 3329 1735 3392 42,
1766 3329 2081 3400 signiﬁcavi.
2114 3327 2271 3382 Nunc
2298 3344 2414 3382 ecce
2437 3337 2554 3395 post
2583 3327 2932 3382 Alexandrini
2964 3326 3162 3399 Cgrilli
3213 3330 3394 3386 erca
3426 3331 3619 3398 scripta,
3645 3343 3728 3380 ser-

541 3446 744 3483 monem
767 3429 901 3482 hunc
921 3425 1270 3481 Alexandrini
1295 3424 1511 3495 Sgriace
1541 3425 1701 3478 simul
1727 3435 1880 3496 atque
1908 3423 2097 3478 Latine
2129 3421 2568 3493 (quandoquidem
2601 3422 2785 3478 Graeca
2813 3424 2968 3479 verba
2991 3424 3402 3494 desideramus),
3427 3441 3614 3494 operam
3632 3423 3726 3475 mihi

539 3539 692 3578 suam
716 3519 1167 3575 commodantibus
1206 3515 1459 3570 Matthan
1498 3515 1800 3571 Sciahuano
1829 3525 1879 3570 et
1909 3513 2198 3568 Francisco
2231 3511 2532 3580 Mehasebo,
2558 3513 2842 3570 Maronitis
2868 3516 3279 3572 litteratissimis
3308 3557 3324 3584 ,
3367 3517 3419 3572 in
3457 3517 3602 3570 lucem
3625 3513 3730 3568 exire

538 3615 712 3684 iubeo,
745 3631 806 3668 ne
829 3620 993 3666 tanta:
1022 3611 1376 3680 antiquitatis,
1409 3609 1747 3662 auctoritatis
1774 3607 2032 3678 [amasque
2061 3607 2287 3675 episcopi
2310 3605 2512 3662 diutius
2546 3625 2604 3662 os
2633 3610 2968 3662 conticescat.

616 3709 782 3762 Porro
809 3707 884 3760 rei
917 3721 1050 3760 uerte
1080 3703 1377 3758 testimonia
1403 3712 1562 3769 sunt,
1607 3701 1777 3771 primo
1823 3700 2029 3771 quidem
2080 3699 2377 3770 fragmenta
2405 3700 2503 3754 illa
2529 3717 2594 3754 ex
2619 3700 2796 3755 codice
2829 3701 3078 3766 Arabico,
3113 3719 3238 3774 (ματ
3269 3703 3546 3758 Alexandri
3574 3699 3730 3755 archie-

537 3804 737 3873 piscopi
759 3799 1107 3856 Alexandrini
1141 3815 1327 3852 nomen
1356 3807 1541 3868 gerunt
1566 3794 1779 3867 (Spicil.
1815 3794 1999 3861 Rom.,
2032 3806 2072 3850 t.
2115 3794 2236 3859 III,
2264 3811 2318 3862 p.
2351 3796 2501 3866 699),
2531 3813 2746 3867 quaeque
2785 3797 2838 3850 in
2867 3797 3066 3868 integro
3094 3812 3336 3852 sermone
3377 3796 3533 3852 eidem
3575 3787 3732 3848 auctori

540 3897 815 3965 inscripto,
848 3910 984 3948 nunc
1016 3893 1127 3946 suis
1157 3892 1378 3946 recitata
1409 3889 1536 3943 locis
1565 3889 1801 3943 scriatim
1831 3897 2102 3956 apparent.
2147 3887 2346 3944 Deinde
2377 3889 2692 3944 Sabariesus
2728 3887 2894 3959 Syrus
2920 3898 3105 3944 auctor
3127 3891 3273 3960 apud
3294 3892 3615 3945 Assemanum
3641 3883 3729 3939 Bib.

541 4005 621 4043 or.
655 3997 693 4041 t.
727 3985 754 4040 Ι
762 3987 785 4040 1
795 3986 845 4050 1,
870 4001 921 4056 p.
946 3986 1070 4050 545,
1095 3986 1283 4040 recitat
1324 3999 1389 4038 ex
1419 3981 1688 4052 Maca/fici
1715 3980 1961 4035 chronica
1991 3981 2241 4045 Arabico,
2266 3982 2561 4038 Alexandri
2585 3984 2755 4038 nostri
2787 3983 3175 4054 fragmentum,
3215 3984 3352 4055 quod
3377 3983 3562 4054 pariter
3587 3978 3732 4050 (mira-

543 4081 643 4136 bile
669 4081 872 4152 dictu!)
903 4082 957 4136 in
984 4097 1220 4136 sermone
1251 4079 1450 4148 integro
1480 4087 1660 4130 nostro
1701 4093 1754 4130 n.
1790 4077 1824 4131 5
1873 4077 2121 4131 occurrit.
2183 4076 2498 4149 Quanquam
2546 4096 2665 4133 vero
2705 4078 3018 4150 Maca/ﬁcus
3052 4080 3418 4133 Alexandrum
3443 4078 3557 4130 dicit
3583 4084 3731 4142 parum

539 4171 868 4241 Romanum,
902 4173 946 4226 is
991 4171 1199 4244 quidem
1231 4168 1544 4238 manifestus
1566 4184 1716 4221 error
1744 4165 1808 4221 ab
1830 4166 2122 4221 Assemano
2145 4168 2197 4220 in
2223 4168 2394 4222 indice
2430 4185 2483 4238 p.
2522 4169 2626 4224 658
2656 4181 2792 4224 recte
2831 4171 3134 4240 corrigitur,
3167 4171 3260 4239 qui
3310 4167 3564 4240 legendum
3588 4159 3732 4218 suadet

539 4267 989 4324 Alexandrinum.
1020 4262 1219 4319 Deinde
1255 4262 1625 4334 (praeterquam
1657 4258 1794 4330 quod
1830 4257 2177 4314 scribentibus
2202 4260 2391 4314 menda
2425 4261 2594 4314 multa
2619 4261 2861 4331 obrepere
2889 4264 3079 4332 solent)
3105 4263 3180 4315 rei
3220 4261 3487 4314 veritatem
3517 4271 3634 4312 nunc
3657 4253 3734 4322 Sg-

540 4363 717 4417 riacus
751 4359 915 4414 codex
943 4374 1036 4413 nos
1067 4356 1249 4420 docet,
1295 4356 1384 4427 qui
1415 4353 1719 4408 Alexandro
1749 4354 2125 4410 Alexandrina:
2156 4356 2300 4411 urbis
2351 4358 2580 4411 antistiti
2606 4357 2744 4410 hunc
2776 4373 3064 4411 sermonem
3091 4357 3357 4413 inscribit.
3392 4357 3515 4412 Tum
3542 4351 3654 4408 satis
3676 4353 3733 4401 est

542 4455 840 4525 exploratus
873 4467 983 4504 mos
1018 4445 1371 4503 Orientalium
1403 4443 1667 4497 Romanos
1702 4446 2014 4499 nominandi
2047 4456 2297 4517 quotquot
2321 4448 2536 4516 imperio
2572 4445 2806 4500 Romano
2843 4447 3124 4510 suberant,
3156 4459 3204 4501 et
3228 4447 3435 4512 Grreca,
3469 4445 3634 4501 nedum
3656 4439 3736 4491 Las

543 4553 674 4612 tina,
709 4548 888 4616 lingua
917 4542 1220 4597 utebantur.
1256 4539 1395 4606 Quin
1430 4547 1479 4592 et
1509 4539 1680 4606 ipsum
1711 4535 2066 4607 Bgzantinum
2097 4541 2374 4610 imperium
2402 4552 2704 4596 constanter
2726 4541 3024 4595 Romanum
3058 4542 3348 4610 appellant,
3374 4552 3430 4595 ut
3459 4539 3553 4610 ipsi
3577 4547 3735 4607 quoque

542 4639 829 4713 Byzantini
857 4635 1095 4691 historici
1123 4633 1308 4696 solent,
1339 4631 1430 4702 qui
1458 4632 1533 4683 ita
1563 4631 1616 4683 in
1648 4629 1796 4684 libris
1829 4631 1938 4684 suis
1974 4632 2250 4688 ambitiose
2274 4634 2582 4704 loquuntur,
2609 4645 2888 4706 postquam
2923 4635 3413 4703 Constantinopolis
3435 4650 3568 4688 nova:
3593 4629 3734 4683 Roma!

540 4751 726 4791 nomen
750 4733 962 4786 invasit.
987 4729 1155 4783 Locus
1179 4727 1340 4797 igitur
1369 4743 1400 4779 a
1427 4725 1703 4794 Maca/lato
1729 4725 1923 4780 relatus
1947 4728 2022 4780 ita
2049 4745 2102 4781 se
2130 4727 2281 4783 habet
2306 4747 2324 4783 :
2363 4751 2381 4781 ‹
2418 4730 2717 4785 Alexander
2738 4731 3006 4786 Romanus
3035 4732 3346 4800 patriarcha
3368 4730 3528 4802 inquit
3548 4722 3734 4779 :Hatwt

538 4845 655 4898 qua:
687 4827 949 4881 Adamum
983 4823 1198 4886 creavit,
1234 4822 1349 4890 ipsa
1385 4823 1548 4876 clavis
1587 4823 1639 4876 in
1670 4840 1820 4878 cruce
1859 4821 2130 4892 perforata
2162 4833 2258 4877 est.
2298 4823 2370 4879 Os
2401 4826 2537 4894 quod
2569 4827 2620 4880 in
2665 4824 2931 4880 Adamum
2969 4826 3297 4896 spiraculum
3331 4826 3449 4880 vitw
3475 4814 3731 4890 inspiravit.

540 4930 745 4974 acetum
767 4919 914 4972 bibit.
940 4917 1040 4972 Pes
1065 4919 1153 4987 qui
1183 4918 1345 4971 claris
1376 4915 1616 4984 conﬁxus
1651 4915 1773 4983 fuit,
1802 4925 1997 4968 terram
2028 4915 2287 4982 fundavit.
2321 4934 2340 4966 ›
2379 4914 2527 4981 llaec,
2554 4919 2771 4988 inquam
2797 4920 2958 4988 paulo
2987 4919 3194 4990 quidem
3226 4919 3464 4979 liberius.
3487 4917 3588 4971 sine
3610 4907 3730 4963 dubio

541 5023 715 5065 tamen
748 5027 812 5067 ex
846 5011 941 5066 hoc
968 5025 1146 5068 nostro
1173 5033 1408 5071 sermone
1438 5035 1492 5072 n.
1523 5017 1557 5072 5
1588 5025 1796 5084 sumpta
1822 5014 1983 5070 vides.
2023 5012 2393 5068 Verumtamen
2424 5015 2514 5084 qui
2536 5015 2726 5069 ibidem
2752 5017 2920 5071 multo
2952 5017 3163 5071 uberior
3191 5019 3337 5071 locus
3367 5012 3616 5086 prxcedit,
3645 5015 3723 5060 eta

541 5103 688 5159 nobis
716 5106 931 5178 virgulis
966 5107 1246 5163 distinctus
1269 5109 1393 5179 fuit,
1433 5110 1479 5164 is
1510 5127 1628 5164 cum
1650 5109 1885 5164 Arabica
1920 5111 2174 5164 sermonis
2204 5111 2650 5179 interpretatione,
2681 5112 2737 5165 in
2763 5110 3056 5183 Spicilegio
3078 5120 3256 5166 nostro
3288 5111 3430 5164 edita
3452 5149 3465 5171 ,
3495 5097 3728 5160 evidentius

545 5197 715 5251 adhuc
753 5209 906 5271 atque
935 5200 1263 5257 adamussim
1304 5205 1566 5274 congruit.
1601 5202 1896 5276 theroqui
1929 5222 2032 5260 non
2061 5215 2138 5261 est
2171 5205 2508 5270 mirandum,
2552 5207 2599 5260 si
2626 5206 2716 5276 qui
2763 5223 2933 5261 sermo
2963 5223 3028 5262 ex
3059 5205 3240 5262 Graeco
3276 5206 3334 5258 in
3375 5203 3659 5274 Syriacum,
3682 5200 3728 5242 εε

544 5289 639 5369 hoc
667 5293 722 5346 in
753 5293 1041 5350 Arabicum
1089 5295 1287 5349 idioma
1335 5295 1569 5358 transiit,
1600 5311 1799 5364 paucas
1832 5297 2032 5368 aliquot
2079 5297 2358 5353 varietates
2388 5299 2442 5351 in
2476 5298 2556 5353 his
2603 5297 3049 5368 transfusionibus
3107 5317 3298 5370 passus
3350 5300 3439 5352 sit.
3471 5294 3602 5363 Quin
3633 5282 3726 5339 οδω

545 5388 800 5440 sermonis
827 5387 984 5456 hujus
1022 5385 1141 5441 dua:
1167 5388 1406 5442 videntur
1437 5391 1700 5444 exstitisse
1733 5388 1872 5458 apud
1892 5389 2304 5457 Alexandrinos,
2325 5392 2431 5445 sive
2451 5390 2590 5461 apud
2617 5390 2936 5459 Orientales,
2963 5395 3251 5458 editiones;
3287 5385 3668 5464 quandoquidem
3686 5376 3724 5428 ἱιι

547 5477 721 5531 codice
743 5479 864 5549 Syr.
903 5483 1048 5547 Vat.,
1079 5493 1194 5551 post
1226 5485 1484 5553 integrum
1510 5500 1830 5548 sermonem,
1855 5483 2002 5537 aliud
2041 5485 2295 5540 attexitur
2325 5485 2560 5555 ejusdem
2593 5486 2945 5557 fragmentum
2969 5527 2986 5554 ,
3021 5505 3126 5542 non
3164 5491 3276 5545 sine
3301 5485 3482 5557 paucis
3509 5473 3646 5536 uariis
3669 5470 3724 5523 Ιεο

618 5647 696 5729 (1)
715 5648 878 5733 ΔΜιξῐῂ
909 5652 1186 5733 ltigcpdex
1207 5655 1380 5733 _h_a_bet
1403 5653 1825 5733 fragmentaASS.
1853 5654 2064 5733 J_ulii__et
2096 5655 2340 5715 Silvestri
2365 5659 2680 5732 pontiﬁcum
2705 5657 3096 5728 Romanorum,
3129 5674 3248 5733 qua:
3276 5672 3376 5730 ego
3397 5654 3570 5711 Greece
3596 5639 3732 5707 edidi;

551 5717 748 5790 Script.
780 5731 876 5776 vet.
908 5729 949 5777 t.
979 5721 1089 5789 γει,
1113 5739 1168 5794 p.
1200 5727 1301 5780 154
1329 5733 1382 5783 et
1415 5717 1536 5792 165,
1569 5729 1672 5781 col.
1703 5727 1759 5794 2,
1790 5742 1842 5781 v.
1874 5727 2023 5783 1-15.
