3906 6194
202 261 308 320 εδδ
1258 253 1494 310 summ
1533 253 1621 307 DE
1659 252 1873 308 ANIMA
1915 252 2002 306 ET
2041 253 2385 311 conpone.
2751 233 2753 235 ’
3338 253 3443 317 ses

201 377 481 431 ctionibus.
519 374 583 430 Ut
603 391 720 429 vero
749 373 1060 433 existimem.
1087 372 1566 442 interpretationem
1593 359 1887 422 Arabicam'
1927 384 1990 422 ex
2024 367 2251 422 secunda
2287 368 2509 439 Syriaca
2539 386 2648 424 esse
2677 369 2986 436 derivatum,
3024 382 3144 426 utor
3168 375 3264 429 hoc
3301 377 3446 428 indi-

203 471 308 531 cio,
336 469 476 538 quod
503 466 784 522 Arabicum
817 463 1010 518 codicis
1053 464 1148 522 101
1198 463 1550 534 fragmentum
1579 477 1697 514 cum
1729 459 1822 513 illo
1861 462 2148 529 posteriore
2177 459 2398 530 Syriaco
2443 461 2610 530 magis
2639 462 2877 531 congruit
2919 478 3076 532 quam
3105 480 3221 517 cum
3247 467 3444 534 priore.

202 554 399 627 Itaque
421 557 626 612 etiamsi
654 555 983 608 decreveram
1005 552 1423 607 additamentum
1456 550 1589 605 illud
1621 551 1881 613 omittere,
1905 552 2030 621 quia
2061 551 2211 605 valde
2244 551 2414 606 simile
2446 554 2675 606 sermoni
2711 554 2910 623 integro
2960 555 3260 625 videbatur,
3297 567 3443 611 atta-

211 666 326 703 men
345 650 464 721 quia
491 658 670 719 postea
697 646 925 715 comperi
952 654 1152 712 partem
1179 643 1464 698 Arabicam
1500 659 1618 696 cum
1672 642 1772 696 hac
1810 645 1984 710 potius
2013 653 2161 711 parte
2185 642 2411 712 Syriaca
2441 641 2763 709 conspirare,
2795 660 2858 697 ne
2891 647 2990 698 mei
3015 647 3313 715 argumenti
3342 649 3445 700 vim

196 741 467 794 ullatenus
494 741 841 810 inﬁrmarem,
873 736 1008 790 hanc
1027 753 1226 807 quoque
1256 735 1534 806 Syriacam
1561 734 1916 802 repetitionem
1943 734 2234 788 minoribus
2261 738 2450 788 saltem
2495 733 2682 803 formis
2709 735 3107 804 imprimendam
3137 738 3338 794 curavi.

244 833 371 903 Age
405 851 530 888 vero
560 831 745 886 edendi
774 831 1029 885 sermonis
1063 828 1218 897 hujus
1248 835 1403 896 grata
1433 826 1797 896 opportunitas
1828 823 1996 890 adest,
2031 826 2156 896 quia
2182 825 2278 879 hoc
2316 833 2547 894 tempore
2589 841 2653 877 ex
2705 825 2992 896 Anglorum
3020 830 3156 897 typis
3184 827 3445 896 prodeunt

175 927 368 995 magni
401 925 692 979 Athanasii
720 923 932 994 [estates
967 921 1200 990 epistola:
1227 937 1314 975 seu
1341 921 1602 974 orationes
1635 917 1835 990 (Cra'ce
1863 916 2168 986 deperdita)
2202 917 2253 970 in
2287 915 2508 986 Syriaco
2536 916 2740 986 pariter
2760 916 2935 972 codice
2967 917 3187 972 inventa:
3209 936 3227 973 :
3260 922 3446 991 quibus

174 1018 255 1072 hic
276 1017 418 1086 jure
448 1018 738 1087 meritoque
775 1032 944 1070 comes
974 1015 1062 1084 ﬁet
1091 1012 1383 1068 Alexandri
1410 1029 1602 1067 sermo.
1635 1009 1763 1064 Fuit
1792 1011 1980 1080 quippe
2010 1011 2310 1065 Alexander
2342 1009 2625 1064 Athanasii
2655 1027 2689 1062 a
2731 1011 2905 1077 pueris
2961 1012 3212 1066 educator
3234 1053 3249 1078 ,
3293 1031 3446 1086 quem

171 1110 526 1182 familiarem
556 1123 777 1175 semper,
810 1107 1185 1161 adolescentem
1215 1121 1391 1169 senex,
1421 1114 1469 1158 et
1489 1105 1861 1158 charissimum
1889 1105 2092 1168 habuit,
2121 1120 2310 1157 mensa'
2331 1105 2490 1156 etiam
2520 1103 2842 1174 quotidianw
2874 1089 3203 1174 participem,
3233 1119 3283 1160 et
3308 1109 3445 1176 [ide-

170 1217 265 1258 ισηι
303 1202 608 1254 librarium
639 1214 657 1251 :
702 1200 940 1254 eumdem
969 1199 1078 1268 ipse
1104 1197 1384 1252 diaconum
1414 1196 1696 1261 ordinavit,
1733 1213 2004 1266 secumque
2033 1195 2101 1249 ad
2136 1191 2415 1249 Nictenum
2465 1195 2744 1250 concilium
2776 1194 2928 1248 duxit
2945 1208 3046 1261 ,σαι
3081 1199 3190 1253 illic
3225 1217 3445 1270 cperant

173 1294 263 1352 sibi
295 1303 565 1355 navaret,
611 1281 1105 1362 συνάγωνιζόμενον
1137 1289 1283 1360 αὐτῷ
1310 1291 1460 1355 ἐκεῖ,
1490 1298 1545 1342 ut
1576 1288 1715 1342 diser

1914 1286 2160 1342 Socrates
2203 1286 2342 1344 Hist.
2378 1288 2550 1354 lib.l,
2603 1290 2698 1355 15;
2728 1305 2880 1360 quem
2935 1289 3156 1360 denique
3208 1296 3435 1348 moriens

176 1403 306 1455 sere
334 1387 570 1441 nomine
602 1385 951 1455 compellavit,
972 1394 1126 1454 atque
1159 1392 1215 1436 ut
1243 1380 1343 1436 sibi
1361 1397 1630 1436 successor
1654 1383 1820 1451 ﬁeret,
1841 1379 2259 1434 Alexandrinum
2294 1380 2489 1435 clerum
2518 1382 2672 1436 enixe
2701 1384 2931 1452 rogavit,
2960 1384 3099 1454 quod
3125 1401 3304 1454 reapse
3323 1403 3441 1440 cum

182 1484 396 1553 infinita
434 1483 520 1537 rei
551 1479 866 1536 Christiana:
887 1479 1117 1532 utilitate
1141 1479 1356 1548 contigit
1385 1493 1402 1531 :
1439 1477 1515 1530 ita
1541 1475 1960 1528 utAthanasium
1987 1475 2142 1529 talem
2167 1484 2470 1544 tantumque
2499 1476 2830 1544 episcopum,
2857 1476 3152 1531 Alexandri
3185 1480 3325 1532 curis
3354 1483 3468 1534 ac-’

186 1585 391 1645 aptum
423 1574 744 1643 referamus.
776 1570 902 1624 1am
932 1579 988 1623 ut
1010 1569 1308 1624 Alexander
1327 1568 1681 1621 Athanasium
1714 1566 2091 1622 adolescentem
2115 1567 2256 1621 omni
2287 1568 2451 1635 oﬂicio
2488 1568 2785 1636 complexus
2813 1579 2911 1634 est,
2938 1571 3014 1623 ita
3045 1568 3180 1623 idem
3204 1570 3444 1625 Alexan-

190 1669 259 1722 dtr
295 1677 476 1721 antea
498 1666 708 1734 juvenis
743 1662 900 1716 Petro
928 1663 1169 1732 episcopo
1222 1661 1447 1732 martyri
1499 1660 1786 1730 familiaris
1816 1660 2049 1729 apprime
2085 1659 2259 1728 fuerat
2287 1699 2300 1720 ,
2347 1669 2498 1729 atque
2529 1659 2594 1711 ab
2645 1675 2705 1712 eo
2735 1676 3004 1716 successor
3033 1671 3150 1731 post
3180 1663 3445 1717 Achillam

193 1759 422 1828 ejusdem
457 1758 680 1828 fratrem
702 1756 1024 1826 designatus.
1053 1752 1315 1823 Namque,
1349 1761 1404 1805 ut
1425 1753 1613 1823 legitur
1640 1753 1694 1805 in
1728 1751 1872 1804 Petri
1913 1749 2030 1804 Vita
2053 1753 2128 1821 (α)
2158 1769 2190 1804 α
2220 1750 2368 1804 nobis
2395 1750 2537 1804 edita
2571 1749 2758 1822 Spicil.
2784 1763 2821 1806 t.
2855 1751 2972 1816 111,
2996 1770 3049 1822 p.
3079 1754 3204 1820 682,
3234 1765 3443 1826 martyr

199 1853 421 1922 inclytus
460 1851 518 1904 in
549 1866 756 1904 carcere
781 1848 1001 1917 positus,
1031 1855 1079 1901 et
1095 1845 1212 1915 jam
1244 1860 1338 1913 pro
1367 1847 1470 1912 ﬁde
1503 1843 1825 1912 plectendus.
1859 1843 2038 1897 ambos
2071 1843 2191 1897 illos
2221 1843 2592 1899 Alexandrina:
2622 1845 2734 1899 sedi
2767 1855 2884 1914 post
2915 1863 2970 1900 se
3003 1845 3286 1903 destinavit
3333 1852 3445 1916 epi-

199 1957 402 2010 scopos,
437 1940 619 1995 dicens
643 1955 661 1993 :
695 1957 712 1992 ι
739 1939 810 1993 Te
838 1937 1046 2010 quidem
1068 1937 1330 1992 Achillam
1360 1935 1609 2003 primum,
1631 1933 1996 1988 Alexandrum
2022 1950 2139 1988 vero
2163 1935 2466 1990 secundum.
2503 1936 2569 1989 Et
2603 1954 2724 1991 mox
2753 1954 2764 1966 ο
2798 1937 3111 1994 Osculantes
3135 1940 3283 1996 Petri
3325 1959 3445 1994 ma-

201 2052 280 2088 nus
313 2051 382 2087 ac
416 2032 573 2101 pedes
606 2031 842 2085 Achillas
861 2039 1016 2101 atque
1045 2026 1369 2092 Alexander,
1405 2025 1642 2080 conversi
1668 2026 1722 2078 in
1750 2025 2014 2095 lacrymas
2046 2027 2283 2096 singultu
2327 2029 2667 2082 amarissimo
2699 2028 3092 2098 quatiebantur.
3136 2049 3156 2082 ο

257 2123 542 2194 Quidquid
574 2123 824 2177 hactenus
857 2122 1170 2190 scriptorum
1195 2119 1490 2174 Alexandri
1513 2117 1776 2181 exstabat,
1808 2116 1872 2170 ab
1904 2117 2169 2172 historicis
2192 2118 2564 2173 ecclesiasticis
2593 2129 2976 2186 conservatum,
3010 2121 3065 2172 id
3093 2122 3279 2174 Arium
3301 2122 3447 2191 ejus-

201 2203 564 2287 que'alumnos
596 2221 889 2283 oppugnat;
919 2211 1054 2265 duas
1095 2211 1326 2281 intellige
1346 2208 1622 2278 epistolas,
1653 2224 1877 2278 quarum
1915 2209 2062 2276 prior
2091 2223 2307 2276 prorsus
2336 2209 2589 2280 insignis,
2626 2220 2884 2264 tractatus
2934 2212 3226 2279 plenissimi
3271 2213 3446 2267 instar

203 2316 294 2370 est,
327 2317 380 2361 et
411 2307 556 2361 omni
583 2306 742 2359 laude
763 2302 953 2372 major.
986 2303 1148 2374 Atqui
1179 2303 1258 2357 ha:
1285 2303 1405 2356 duae
1428 2316 1496 2356 ex
1522 2302 1855 2371 septuaginta
1881 2313 2186 2371 supersunt;
2248 2311 2322 2358 tot
2353 2305 2491 2358 enim
2519 2304 2584 2357 ab
2603 2321 2664 2358 eo
2707 2307 2930 2374 scriptas
2959 2317 3183 2361 testatur
3208 2306 3446 2378 Epipha-

204 2403 316 2454 nius
346 2401 480 2453 hasr.
515 2413 660 2462 uix,
693 2397 765 2451 ιε
800 2415 819 2449 ι
870 2395 1213 2468 Ἀλέξανδρος
1245 2397 1538 2461 ἐπίσκοπος
1566 2395 1766 2468 γράφει
1811 2397 2097 2460 ἐπιστολὰς
2127 2398 2466 2465 ἐγκυκλίους,
2498 2398 2698 2463 αἵτινες
2728 2400 2878 2473 παρὰ
2906 2401 3212 2471 φιλοκάλοις
3238 2404 3317 2457 ἔτι
3341 2404 3446 2457 σώ-

202 2492 405 2557 ζονται,
427 2491 504 2556 ὡς
526 2492 616 2544 τὸν
649 2488 882 2562 ἀριθμὸν
911 2488 1297 2561 ἑϐδομήκοντα.
1335 2488 1632 2543 Alexander
1661 2488 1743 2557 epi

1912 2506 1929 2542 s
1958 2490 2142 2543 scribit
2177 2491 2427 2560 epistolas
2469 2491 2780 2560 encyclicas,
2817 2509 2933 2562 quas
2964 2494 3134 2548 adhuc
3164 2495 3303 2565 apud
3328 2507 3414 2549 stu
3442 2491 3454 2534 -’

202 2586 380 2640 diosas
415 2596 710 2648 servantur,
739 2600 951 2637 numero
991 2584 1096 2652 fere
1143 2584 1491 2654 septuaginta.
1529 2602 1549 2636 ι
1587 2579 1752 2637 Unius
1781 2597 1845 2637 ex
1885 2583 1965 2642 his
2013 2583 2308 2655 fragmenta
2332 2587 2506 2639 tenuia
2529 2588 2759 2640 citantur
2787 2605 2819 2640 a
2849 2586 3086 2642 Maximo
3113 2605 3233 2660 opp.
3277 2597 3316 2642 t.
3352 2586 3438 2650 II,

203 2698 252 2752 p.
284 2681 417 2744 152,
450 2679 576 2735 155.
611 2677 823 2732 Utinam
853 2681 933 2730 Ine
963 2678 1017 2729 in
1058 2675 1321 2732 codicibus
1364 2676 1550 2730 saltem
1582 2675 1822 2748 Syriacis
1868 2665 2348 2745 conspiciendasise
2375 2677 2585 2742 darent,
2615 2678 2753 2749 quod
2778 2695 2940 2749 nuper
2970 2680 3272 2750 felicissime
3301 2683 3444 2734 acci-

198 2775 270 2827 dit
292 2768 722 2827 Athanasianis!
749 2765 906 2819 Nunc
937 2766 991 2819 in
1033 2774 1178 2819 tanto
1209 2767 1521 2836 scriptorum
1549 2768 1839 2823 Alexandri
1868 2768 2171 2839 naufragio,
2194 2785 2482 2823 sermonem
2511 2770 2698 2823 saltem
2725 2786 2884 2825 unum
2913 2773 2966 2825 in
2992 2773 3171 2840 populi
3195 2779 3442 2830 concione

197 2867 440 2922 habitans
465 2865 651 2920 libenti
681 2865 859 2917 animo
882 2863 1226 2932 excipiamus,
1251 2863 1305 2917 in
1330 2880 1452 2935 quo,
1486 2877 1678 2933 printer
1718 2875 1912 2920 ca'tera
1948 2865 2121 2927 utilia,
2151 2861 2352 2921 Christi
2379 2864 2624 2920 divinitas
2643 2868 2843 2935 passim
2872 2867 3215 2936 pra'dicatur.
3261 2873 3444 2948 Neque

194 2962 340 3017 abest
367 2959 671 3032 eloquentia
701 2957 875 3028 (quam
904 2957 950 3009 ei
976 2955 1137 3009 tribui
1164 2973 1196 3008 a
1231 2954 1440 3010 Gelasio
1473 2957 1750 3028 diximus),
1782 2958 1951 3012 nitida
1978 2959 2195 3022 scilicet,
2222 2958 2512 3026 popularis,
2541 2969 2589 3013 et
2618 2977 2705 3015 ore
2731 2962 3014 3030 episcopali
3033 2963 3214 3034 digna.

255 3053 580 3109 Sermonem
603 3049 738 3102 hunc
751 3047 1041 3102 Alexandri
1061 3049 1410 3116 suppeditavit
1427 3049 1589 3104 :odex
1603 3049 1854 3120 Syriacus
1879 3048 2022 3113 Vat.,
2045 3050 2431 3112 membraneus,
2457 3058 2619 3113 vetus,
2642 3049 2947 3105 Chaldaicis
2977 3053 3165 3110 litteris
3178 3059 3376 3126 duplici
3391 3063 3445 3115 in

178 3146 464 3202 laterculo
488 3153 765 3197 exoratus.
795 3141 997 3195 Habuit
1025 3142 1071 3195 is
1107 3136 1646 3211 sexagiritahomilias
1666 3142 1908 3212 (quarum
1937 3159 2073 3196 nunc
2094 3158 2294 3206 novem,
2314 3140 2377 3196 ob
2395 3142 2592 3196 amissa
2608 3143 2984 3214 folia,desunt)
3006 3145 3230 3202 Patrum
3262 3152 3443 3206 ortho-

173 3239 456 3290 doxomm
475 3233 632 3304 Greg.
650 3231 701 3284 Ν
706 3233 898 3300 ysseni,
915 3229 1066 3301 Greg.
1089 3231 1354 3303 Theologi,
1369 3231 1578 3297 Basilii,
1599 3233 1970 3302 Amphilochii,
1983 3233 2143 3289 Joan.
2160 3231 2541 3304 Chrysostomi,
2558 3233 2757 3295 Procli,
2779 3232 2958 3288 Isaaci
2974 3236 3155 3307 (unum
3173 3243 3330 3296 etiam
3346 3243 3448 3297 Eu-

175 3327 314 3381 sebii
337 3326 530 3388 Alex.,
557 3338 681 3377 nam
710 3321 958 3374 mendum”
971 3329 1048 3375 est
1066 3321 1119 3374 in
1135 3323 1397 3394 catalogo,
1424 3324 1530 3377 alio
1549 3325 1756 3377 nomine
1776 3324 2080 3390 substituto,
2099 3325 2174 3381 De
2199 3324 2288 3380 die
2311 3323 2634 3392 Dominica).
2665 3323 2812 3378 Inter
2828 3327 2920 3382 hos
2947 3331 3242 3387 vicesimum
3271 3337 3444 3392 locum

177 3428 326 3474 tenet
360 3415 664 3472 Alexandri
697 3415 781 3468 hic
811 3411 1016 3476 sermo;
1042 3429 1192 3483 quem
1230 3425 1415 3473 auctor
1444 3414 1622 3472 erce
1651 3419 1953 3486 scripserat,
1981 3418 2106 3488 Syri
2147 3431 2196 3474 et
2228 3418 2452 3483 Arabes,
2491 3427 2546 3472 ut
2575 3417 2946 3487 demonstravi,
2980 3423 3033 3477 in
3083 3425 3289 3496 linguas
3319 3447 3444 3486 suas

178 3511 623 3571 transtulerunt;
652 3507 716 3561 de
739 3507 890 3576 cujus
921 3507 1222 3564 sinceritate
1247 3511 1546 3566 testimonia
1575 3511 1830 3580 praedicta
1851 3511 2086 3566 codicum
2116 3523 2164 3566 et
2194 3523 2468 3567 auctorum
2497 3513 2740 3568 dubitare
2765 3529 2857 3567 nos
2887 3515 3034 3569 nullo
3055 3519 3208 3573 modo
3240 3523 3442 3582 sinunt.

256 3602 348 3672 (α)
388 3599 525 3655 Vide
560 3616 747 3671 supra,
776 3601 880 3655 col.
913 3599 1046 3656 458.

283 3726 3431 3771 W

2129 3739 2994 3752 ,,ﬁ

201 3869 485 4031 ἠέ.
524 3874 688 4016 ἧς»
1433 3847 1743 4061 ποίει

1886 3844 2064 4020 $7
2123 3869 2536 4030 1.15235
3111 3878 3428 4048 ιὶκιεῑ

1272 4102 1386 4159 γρ
1669 4102 1978 4162 τῖμν
2118 4105 2195 4162 ,9
2309 4117 2356 4162 ν

1223 4138 1460 4310 {sine
1563 4138 2066 4262 «AL-Xo
2118 4138 2438 4330 lies

1682 4353 1974 4368 ——~

895 4457 978 4574 S.
1055 4457 1578 4577 ALEXANBRI
1647 4456 2066 4573 EPiSCOPl
2121 4449 2231 4521 (⁸⁵)
2270 4465 2882 4590 A-LEXANDlll/E

1632 4673 2033 4769 SEBMO

605 4846 724 4907 DE
781 4848 1063 4909 ANIMA
1128 4851 1236 4910 ET
1303 4849 1740 4914 CORPORE
1803 4851 2115 4927 DEQUE
2182 4861 2636 4929 PASSIONE
2693 4871 3053 4938 DOMINI.

267 5093 320 5135 ν
412 5091 524 5141 ογ
691 5109 736 5148 m
853 5091 888 5120 ”
1099 5097 1129 5146 ρ
1183 5105 1235 5143 r
1330 5091 1365 5123 ⁷
1485 5109 1535 5146 γ
1818 5122 1860 5157 η.
3423 5101 3439 5115 ‘

234 5157 324 5236 ,ιο
365 5114 623 5224 λιι-Ἅι
660 5167 761 5250 ρ
1310 5125 1406 5239 υξ
1445 5173 1546 5256 δ
1591 5132 1886 5234 Im
2005 5112 2058 5172 Α
2163 5142 2219 5205 1.
2254 5143 2560 5225 Verbum,
2593 5151 2766 5232 quod
2796 5154 2939 5218 sine
2966 5156 3305 5222 invidiade
3337 5179 3458 5228 cm-

403 5263 628 5307 νμνηδ
777 5298 851 5307 κ,
950 5269 993 5304 ιδ
1311 5287 1336 5307 ι.
1421 5295 1464 5307 ν
1661 5270 1692 5307 9
1751 5299 1794 5307 η
2088 5263 2148 5307 In
2170 5263 2528 5307 ﬂaminis...
2588 5275 2887 5307 ηΑ-,ιςιηη
2915 5279 3148 5307 ---ι-ε-
3177 5279 3290 5307 :__:

757 5269 1579 5450 Lienis-«134::
1619 5270 1774 5431 liii

1916 5308 1958 5344 η,
2087 5261 2148 5324 lo
2170 5263 2549 5346 demittitur,
2588 5275 2888 5338 cordibus
2915 5279 3148 5343 nostris
3177 5279 3456 5362 irrigan-

1914 5365 1982 5414 κ
2083 5383 2184 5447 dis
2215 5384 2525 5450 idoneum
2555 5401 2673 5450 est.
2706 5396 2762 5450 si
2807 5399 3161 5450 nnsvirtnii
3189 5402 3330 5450 ρίιιι
3360 5421 3456 5450 rm-

2083 5383 2184 5447 dis
2215 5384 2525 5454 idoneum
2555 5401 2673 5469 est,
2706 5396 2762 5459 si
2807 5414 2926 5461 nos
2944 5399 3162 5462 virtuti
3189 5402 3330 5481 eius
3359 5421 3464 5484 pa-

231 5440 1418 5635 ψιᾷιέώιψ
1234 5479 1287 5519 ⁷
1456 5456 1773 5636 ᾇ..Θῖ

2093 5440 2182 5447 ..η
2215 5440 2525 5454 --ν-ν-ω
2556 5440 2673 5469 νυν,
2706 5440 2762 5459 σι
2807 5440 2926 5461 uua
2954 5440 3026 5461 vn
3047 5440 3162 5462 ιυιι
3189 5440 3330 5481 qua
3359 5440 3463 5484 μα-

1921 5552 1984 5600 ο,
2085 5509 2200 5572 rati
2223 5507 2562 5592 fuerimus,
2602 5536 2727 5584 non
2776 5521 3050 5586 dicendo
3079 5531 3463 5589 tantummo-

288 5671 769 5760 (Ef-litaﬁiuycod.
787 5674 1134 5760 episcppi,‘ut
1164 5684 1250 5732 est
1263 5679 1448 5760 etiam
1487 5679 1542 5760 in
1577 5680 1933 5760 magnarius
1959 5681 2192 5760 epistola
2232 5682 2561 5760 dogmatics,
2607 5701 2716 5760 non
2748 5685 3147 5760 archiepiscopi,
3189 5695 3249 5743 ut
3270 5685 3466 5743 deinde

235 5741 463 5810 appellati
500 5741 721 5797 fuerunt
748 5741 1009 5813 praesules
1038 5746 1426 5818 Alexandrini;
1453 5751 1538 5807 vel
1565 5741 1750 5822 potius
1780 5741 1870 5808 hic
1893 5741 2085 5811 titulus
2115 5768 2217 5825 pro
2239 5741 2393 5811 Ιίῢῖιο
2421 5741 2594 5811 variat
2626 5757 2680 5811 in
2707 5757 2863 5813 codd.

499 5833 768 5899 Ρλτιοι.
806 5836 922 5899 δι.
965 5837 1189 5902 XVIII.

2722 5877 2731 5889 -
3075 5849 3149 5910 19
