1949 3098
80 143 135 174 613

523 145 570 174 DE
583 147 882 176 ENGASTRIMYTHO
897 148 1041 178 CONTRA
1060 149 1250 179 ORIGENEM.

1649 153 1702 184 διε

83 241 1686 268 πῆξε,

303 343 566 402 ORIGEN
571 344 653 401 ES
692 343 783 402 DE
824 346 913 403 EN
919 347 1465 407 GASTRIMYTHO.

735 457 771 497 τυ
788 457 866 497 Reg.
884 457 1046 499 XXVIII.)

357 540 439 572 Vide
455 540 590 581 hujusce
604 541 797 581 Patrologt'w
812 542 1062 574 Graeco-Latinae
1077 547 1152 575 tom.
1169 546 1242 582 XII,
1259 546 1320 577 col.
1342 547 1428 578 1011.

78 655 1684 671 ————-——————-—————_

391 738 563 805 ΤΟΥ
600 736 859 804 ΑΓΙΟΥ
907 738 1390 807 ΕΥΣΤΑΘΙΟΥ

320 869 961 928 ΑΡΧΙΕΠΙΣΚΟΠΟΥ
993 871 1462 930 ΑΝΤΙΟΧΕΙΑΣ

745 992 838 1017 ΚΑΤΑ
855 992 1044 1018 ΩΡΗἙΝΟΥΣ

76 1083 163 1127 ΕΙΣ
201 1085 276 1127 ΤΟ
323 1084 430 1127 ΤΗΣ
475 1080 937 1127 ΕΓΓΑΣΤΡΙΜΥΘΟΥ
975 1083 1241 1129 ΘΕΩΡΗΜΑ
1278 1085 1693 1132 ΔΙΑΓΝΩΣΤΙΚΟΣ.

456 1257 791 1315 εΑιιῐατι
833 1259 1328 1318 EUSTATHII

649 1362 908 1392 ARCHIEPISCOPI
926 1364 1135 1393 ANTIOCHENI

307 1443 474 1475 CONTRA
492 1443 722 1476 ORIGENEM
731 1446 790 1476 DE
805 1446 1169 1479 ENGASTRIMYTHO
1184 1448 1461 1480 DISSERTATIO

716 1526 799 1552 Leone
808 1528 900 1552 Allatio
912 1528 1071 1561 interprete:

109 1660 130 1687 1.
158 1659 215 1686 Ἀεὶ
236 1658 285 1694 μὲν
299 1658 404 1694 ἄγαμαι
417 1659 461 1685 τὸν
476 1658 607 1695 ἀξιοφανῆ
621 1660 670 1695 τῆς
688 1660 779 1687 ἐνθέου
792 1661 867 1687 πολι-

952 1660 973 1688 l.
1001 1659 1113 1694 Semper
1125 1658 1250 1694 equidem
1267 1659 1364 1686 divinae
1380 1659 1487 1687 vivendi
1510 1660 1623 1689 rationis
1645 1665 1698 1689 tuae

77 1704 154 1735 τείας
176 1712 225 1730 σου
248 1702 338 1738 ζῆλον,
361 1700 383 1729 ὧ
406 1703 622 1738 διαπρεπέστατε
644 1704 694 1739 τῆς
714 1704 866 1740 ὀρθοδοξίας

78 1749 227 1786 ἱεροκήρυξ
244 1749 389 1785 Εὑτρόπιε·
410 1750 441 1775 τὸ
458 1750 486 1776 δὲ
506 1750 555 1785 τῆς
572 1750 712 1782 εὐσεϐείας
733 1759 778 1777 σου
798 1751 868 1785 γνώ-

80 1804 167 1831 ρισμα
178 1794 320 1830 πολλαχῶς
337 1794 553 1830 ἐκπληττόμενος
570 1795 619 1830 οὺχ
630 1795 729 1830 ἥκιστα
742 1797 789 1822 καὶ
804 1797 867 1832 περὶ

78 1841 140 1868 τόδε
166 1841 282 1876 μάλιστα
303 1840 463 1877 τεθαύμακα
477 1840 508 1867 τὺ
523 1841 615 1876 μέρος·
636 1841 676 1867 ὅτι
688 1841 779 1876 σαφῶς
790 1843 868 1879 ἀκρι-

77 1887 166 1914 σῶσαι
182 1886 272 1922 βούλει
284 1886 344 1918 πῶς
361 1886 393 1914 ἂν
406 1887 494 1922 ἔχοιμι
507 1886 619 1922 γνώμης
632 1886 713 1913 ἕνεκα
724 1888 774 1922 τῆς
787 1888 869 1922 ἐγγα-

79 1933 230 1969 στριμύϐου
250 1933 300 1968 τῆς
314 1933 343 1959 ἐν
363 1933 396 1968 τῇ
414 1932 509 1968 πρώτῃ
522 1932 575 1958 τῶν
588 1932 733 1959 Βασιλειῶν
749 1933 869 1968 ἱστορου-

77 1979 173 2015 μένης·
191 1979 223 2005 οὐ
240 1979 295 2014 γὰρ
308 1978 472 2014 ἀρέσκεσθαι
488 1978 540 2013 φῂς
553 1975 594 2009 οἷς
613 1978 742 2010 ἐξέδωκεν
764 1979 868 2015 Ὠριγέ-

77 2033 124 2060 νης
137 2027 179 2057 εἰς
195 2024 274 2060 τήνδε
289 2025 339 2060 τὴν
356 2023 492 2051 ὑπόθεσιν.
514 2024 551 2050 υῦ
570 2024 622 2059 μὴν
641 2023 707 2050 ἀλλὰ
718 2023 804 2058 ἔγωγε
820 2024 867 2051 καὶ

78 2071 172 2103 ἄλλους
188 2068 248 2098 οἴδα
262 2071 301 2097 ἔτι
317 2070 507 2106 μεμφομένους
521 2071 571 2097 οὐκ
582 2070 686 2105 ὀλίγους
692 2070 738 2105 ἐφ’
753 2067 792 2102 οἷς
803 2070 868 2106 ὡρι-

78 2124 141 2143 σατο
159 2118 329 2153 προχείρως,
342 2116 409 2143 ἀλλὰ
422 2116 514 2151 συχνοὶ
527 2115 575 2152 μέν
590 2118 658 2143 εἰσιν
669 2117 694 2142 οἰ
710 2116 866 2151 δακνόμενοι

77 2162 124 2194 τὰς
138 2163 233 2199 ψυχὰς
248 2162 424 2198 ἀσχάλλοντες
436 2163 465 2188 οὑ
484 2162 609 2198 μετρίως·
626 2162 680 2189 ἔσθ’
693 2163 736 2189 ὅτε
754 2163 782 2189 δέ
796 2171 867 2195 τινες

77 2205 115 2240 οἷς
138 2209 263 2244 ἔγραψεν
288 2209 390 2240 ἐκεῖνος
405 2208 570 2242 ὑπάγονται,
592 2210 624 2244 τῇ
641 2199 812 2245 προλαϐούσῃ
825 2209 867 2235 δο-

77 2253 193 2290 ξοκοπίᾳ
211 2255 275 2290 ῥᾷον
287 2253 487 2289 ἀνατιθέμενοι,
504 2254 550 2280 καὶ
560 2255 615 2285 τοῖς
628 2254 739 2289 ὀνόμασι
758 2255 866 2290 μᾶλλον,

77 2301 131 2327 ἀλλ’
145 2302 177 2328 οὐ
196 2302 251 2332 τοῖς
265 2300 408 2336 πράγμασι
423 2301 608 2336 προσέχοντες,
621 2301 657 2333 ὡς
670 2301 739 2328 δέον.
758 2302 805 2327 “Ἰν’
820 2299 866 2328 οὖν

917 1706 1015 1737 zelum,
1034 1705 1145 1740 dignum
1162 1705 1246 1739 quiet
1259 1705 1319 1732 aliis
1333 1705 1495 1738 innotescat,
1511 1713 1527 1733 ο
1542 1712 1622 1734 rectae
1635 1708 1697 1736 ﬁdei

916 1751 1093 1780 celeberrime
1106 1754 1132 1778 et
1148 1758 1225 1777 sacer
1239 1751 1400 1785 praedicator
1414 1751 1523 1786 Eutropi
1535 1772 1541 1784 ,
1559 1760 1698 1780 commen-

916 1797 951 1825 do
964 1806 970 1824 :
986 1804 1079 1824 verum
1095 1799 1149 1823 tua:
1160 1796 1275 1831 insignis
1287 1796 1395 1831 pietatis
1408 1797 1506 1831 saepius
1518 1798 1698 1827 admiratione

916 1848 1080 1874 commotus,
1097 1850 1152 1869 non
1168 1842 1257 1869 minus
1272 1843 1400 1877 atqueilli
1418 1844 1553 1878 praacipue
1563 1851 1622 1871 eam
1635 1844 1696 1872 lau-

916 1889 987 1917 davi.
1008 1888 1056 1916 Vis
1067 1889 1165 1923 quippe
1179 1892 1208 1915 ut
1222 1888 1384 1916 sententiam
1403 1896 1489 1915 meam
1507 1889 1540 1917 de
1557 1889 1698 1925 Engastri-

916 1936 1009 1971 mytho
1019 1956 1026 1968 ,
1043 1935 1122 1969 cujus
1140 1935 1228 1969 primo
1241 1933 1344 1969 Regum
1358 1934 1469 1962 historia
1485 1935 1593 1970 legitur,
1606 1936 1698 1963 decla-

916 1990 973 2010 rem
1003 1981 1176 2016 dilucideque
1204 1983 1333 2015 aperiam.
1363 1979 1468 2007 Etenim
1494 1988 1554 2015 quae
1583 1982 1617 2009 de
1647 1982 1698 2010 hac

916 2027 1030 2054 materia
1045 2027 1163 2062 vulgavit
1176 2024 1322 2061 Origenes,
1345 2026 1395 2053 tibi
1409 2034 1497 2061 neque
1512 2030 1589 2062 grata
1609 2036 1699 2064 neque

916 2077 1028 2108 accepta
1039 2076 1112 2100 sunt.
1131 2071 1198 2098 Novi
1215 2071 1339 2106 equidem
1351 2071 1429 2103 alios,
1446 2079 1547 2107 eosque
1562 2081 1615 2100 non
1631 2081 1698 2109 pau-

916 2126 975 2152 cos,
991 2123 1102 2153 questos
1113 2117 1146 2144 de
1161 2117 1194 2144 iis
1207 2125 1268 2152 quae
1279 2121 1379 2145 temere
1393 2118 1426 2144 ab
1440 2117 1485 2145 illo
1498 2118 1601 2152 prolata
1617 2123 1696 2153 sunt,

917 2163 1104 2199 plurimosque
1124 2162 1208 2189 fuisse
1220 2162 1266 2197 qui
1283 2166 1425 2197 propterea
1446 2163 1536 2190 animo
1554 2164 1698 2192 vehemen-

917 2209 1020 2236 tissime
1035 2207 1239 2236 excruciantur.
1250 2206 1380 2234 Nonnulli
1396 2208 1459 2235 item
1472 2208 1544 2240 illius
1559 2216 1699 2236 commen-

917 2255 1066 2282 tationibus
1096 2254 1292 2289 acquiescunt,
1321 2261 1477 2288 novumque
1505 2254 1602 2289 dogma
1628 2255 1699 2283 male

917 2300 1054 2327 intrusum
1067 2299 1146 2326 facile
1159 2299 1375 2334 amplectuntur.
1393 2303 1419 2326 et
1434 2299 1592 2327 nominibus
1608 2301 1699 2335 potius

80 2348 114 2382 μὴ
131 2347 243 2382 δόξαιμι
266 2346 327 2373 κατ’
342 2346 458 2381 ἐμαυτὸν
476 2347 568 2381 ἀγῶνα
586 2347 721 2373 δικανικὸν
736 2347 864 2382 εἰσάγειν,

917 2353 999 2381 quam
1011 2345 1102 2377 rebus,
1120 2345 1192 2380 quod
1208 2345 1279 2372 facto
1290 2352 1359 2380 opus
1374 2348 1456 2377 esset,
1470 2345 1591 2372 animum
1605 2346 1700 2373 adver-

78 2393 127 2419 οὐχ
141 2393 276 2420 ἀνοίκειον
291 2392 410 2427 ἡγοῦμαι
427 2394 515 2419 πᾶσαν
536 2392 583 2428 μὲν
597 2392 662 2428 ὁμοῦ
678 2393 803 2426 συζεῦξαι
819 2392 866 2429 τὴν

916 2395 986 2419 tunt.
1004 2391 1042 2418 Ne
1066 2391 1148 2427 igitur
1167 2395 1263 2426 sponte
1284 2391 1392 2419 forense
1411 2398 1443 2418 ac
1470 2392 1698 2419 concertatorium

79 2437 210 2474 ἐξήγησιν
233 2437 317 2464 αὑτοῦ
341 2437 404 2473 τῇδε
424 2437 470 2464 τοῦ
494 2438 654 2473 γράμματος
672 2438 818 2474 ὑπαγορίᾳ,
833 2438 867 2464 δι’

916 2437 1044 2472 iudiciale
1055 2444 1141 2472 genus
1157 2436 1275 2464 subiisse
1292 2436 1401 2468 videar,
1420 2443 1509 2470 operm
1524 2436 1699 2470 pretiumfe-

80 2483 213 2518 ἑκατέρου
238 2483 266 2510 δὲ
288 2483 424 2520 τρανῶσαι
440 2483 471 2509 τὺ
492 2483 585 2518 σαφές·
606 2484 643 2515 ὡς
660 2483 693 2510 ἂν
710 2484 777 2519 μήτε
795 2483 868 2516 τινὲς

79 2527 179 2553 οἵοιιηο
190 2529 364 2563 συκοφαντεῖν
377 2528 450 2563 ἡμᾶς
462 2528 534 2560 ὅπως
547 2528 645 2564 δήποτε
660 2528 769 2560 δοξάσαι
784 2536 869 2565 προσ-

79 2573 230 2608 αχθέντας,
260 2574 322 2610 μήτ’
344 2571 376 2600 αὖ
407 2573 487 2601 πάλιν
517 2573 703 2610 ἀμφηρίστους
726 2571 795 2601 εἶναι
819 2573 869 2606 τὰς

78 2619 159 2651 δόξας
184 2621 336 2656 ἑκατέρων·
361 2620 461 2647 οἴονται
487 2620 540 2656 γὰρ
565 2621 597 2646 ὲκ
620 2620 669 2656 τῆς
698 2620 869 2656 παραλλήλου

80 2665 251 2700 συγκρίσεως
264 2665 435 2698 ἀνεξετάζειν
451 2666 499 2701 μὲν
513 2666 585 2697 ὅπως
599 2664 648 2701 ἔχῃ
659 2665 736 2701 δόξης
753 2665 869 2699 ἑκάτερα

81 2711 113 2737 τὰ
128 2711 215 2746 μέρη,
233 2712 282 2748 τὴν
297 2712 427 2747 ἀμείνονα
442 2711 469 2738 δὲ
477 2701 596 2747 ὶγνώμην
619 2712 647 2745 ἐξ
663 2713 763 2747 ἀμφοῖν
779 2713 867 2748 αἱρεῖ-

84 2756 142 2783 σθαι
165 2758 231 2789 ⁴τοὺς
250 2758 416 2793 φιλολόγους.
436 2757 503 2785 Οὒτε
528 2758 593 2792 γοῦν
615 2758 697 2790 ἵππος
717 2758 867 2794 ἀγωνιστὴς

86 2798 148 2829 εἶναι
175 2802 299 2839 κρίνεται
325 2804 435 2839 δόκιμος
460 2804 566 2840 ἑαυτῷ,
587 2804 694 2840 τρέχων
718 2804 863 2837 εὐσκελῶς,

87 2849 134 2877 οὐδ’
150 2851 176 2878 εἰ
192 2851 294 2887 σφόδρα
316 2850 415 2886 κοῦφος
437 2850 473 2878 ὢν
486 2849 579 2886 ὥσπερ
594 2850 745 2886 ὑπόπτερος
765 2850 864 2878 ἐπιδεί-

916 2484 1000 2511 cerim
1019 2482 1041 2510 si
1057 2490 1164 2509 onmem
1180 2482 1254 2509 illius
1274 2482 1470 2517 expositionem
1486 2489 1541 2508 una
1562 2489 1624 2509 cum
1645 2481 1695 2509 hac

916 2536 976 2556 mea
1008 2529 1154 2563 scriptione
1179 2527 1361 2563 coniungam,
1391 2531 1417 2555 et
1446 2528 1575 2563 utrinque
1599 2535 1694 2555 verum

917 2574 1036 2609 aperiam
1050 2583 1056 2601 :
1070 2582 1104 2601 ne
1119 2573 1168 2600 ulli
1183 2573 1312 2609 opinandi
1328 2574 1364 2601 sit
1379 2574 1455 2602 locus
1470 2582 1521 2602 nos
1539 2578 1632 2610 aperte
1646 2582 1696 2601 ca-

916 2619 1061 2652 lumniari,
1086 2619 1165 2655 quasi
1189 2618 1292 2646 homini
1312 2626 1407 2660 parum
1430 2619 1546 2655 ingenue
1561 2621 1698 2655 imposue-

915 2665 1020 2699 rimus;
1041 2664 1157 2700 ideoque
1176 2665 1318 2701 utriusque
1338 2666 1489 2694 sententias
1511 2665 1608 2693 dubias
1624 2674 1695 2694 esse.

915 2711 1069 2746 Opinantur
1082 2711 1156 2738 enim
1175 2710 1319 2745 utriusque
1333 2711 1536 2744 comparatione
1553 2711 1697 2746 utriusque

915 2757 1002 2792 partis
1016 2757 1179 2784 sententiam
1200 2756 1297 2783 melius
1312 2755 1448 2787 discerni,
1467 2756 1593 2790 deinceps
1606 2757 1695 2791 philu—

917 2804 993 2839 logos
1005 2803 1039 2831 ad
1059 2802 1199 2830 meliorem
1216 2810 1276 2830 sese
1302 2802 1446 2837 applicare.
1466 2802 1525 2829 Non
1545 2802 1635 2837 itaque
1651 2802 1695 2830 ille

917 2857 1004 2885 equus
1020 2851 1193 2878 concertator
1208 2855 1269 2878 esse
1285 2848 1400 2877 aliorum
1415 2847 1519 2883 judicio
1534 2847 1695 2883 comproba-
