3898 6196
566 222 671 280 615

1437 209 1495 266 S.
1530 206 1902 267 EUSTATBII
1929 206 2450 266 ARCHIEPISCOPI
2482 203 2898 267 ANTIOCHENI
3604 221 3687 277 θὶθ

568 348 657 394 tur
707 339 802 410 qnl
862 336 1186 393 festinanter
1228 333 1397 388 citato
1453 329 1623 403 gradu
1657 336 1952 403 properat,
2003 327 2126 382 licet

2230 344 2416 381 κνυται
2458 326 2556 391 τὰς
2607 328 2868 398 κινήσεις*
2918 325 3029 380 οὔτ’
3074 320 3219 394 αὖθις
3259 328 3471 402 ἀθλητῶν
3496 330 3689 390 ὠκύτατα

564 428 870 485 incredibili
898 426 1207 487 celeritate,
1249 423 1408 496 quasi
1437 424 1540 479 alis
1572 422 1856 485 niteretur,
1884 420 2130 490 miraque

564 518 887 579 incitatione
939 517 1227 575 confestim
1286 517 1518 573 advolet.
1562 514 1748 586 Neque
1801 514 2129 568 athletarum

562 613 653 667 ille
680 611 918 681 optimus
951 619 1033 666 est
1065 610 1158 683 qui
1206 610 1350 664 inter
1390 606 1714 663 certandum
1749 607 1905 663 ocius
1939 604 2130 677 pedem

560 701 811 757 conferre
845 709 1056 773 potest.
1107 716 1209 757 nec
1261 700 1550 771 quisquam
1596 698 1772 762 alius,
1822 696 1938 752 sive
1984 696 2130 751 lucta

560 793 774 862 agiliter
795 792 1105 856 contendat,
1137 791 1251 847 sive
1272 789 1570 845 durissimo
1599 788 1881 859 pancratio
1908 787 2131 843 vulnera

560 883 821 952 patiatur,
857 883 972 938 sive
992 892 1162 937 caastu
1195 883 1440 952 pugnam
1462 880 1801 940 committat.
1837 876 1921 932 vel
1948 866 2127 933 acrem

560 973 709 1029 inani
735 976 1084 1031 brachiorum
1104 973 1402 1045 jactatione
1431 972 1730 1027 everberet.
1763 969 1869 1024 Eos
1895 984 2131 1039 namque
2177 1007 2190 1023 .

559 1066 655 1137 qui
685 1075 963 1122 certamen
1006 1068 1230 1130 ineunt,
1282 1064 1532 1119 cominus
1566 1078 1690 1118 cum
1728 1061 1978 1117 hostibus
2027 1076 2129 1131 pu-

2235 419 2450 489 τρέχειν
2502 420 2559 472 ἐν
2614 417 2811 489 σταδίῳ
2868 417 3188 489 δυνάμενος,
3233 420 3347 475 οὔτε
3383 423 3515 488 ἄλλος
3544 426 3693 493 ουδεὶς,

2233 510 2358 565 οὕτε
2404 510 2649 564 παλαίων
2699 509 2899 582 ὑγρῶς,
2943 509 3067 563 οὔτε
3109 512 3389 583 τραχύτατα
3432 518 3695 587 παγκρατιάσ

2236 601 2364 666 ζων,
2403 601 2435 674 ἢ
2481 601 2807 673 πυγμαχῶν,
2852 601 2885 672 ἢ
2929 601 3022 657 τὸν
3062 602 3194 674 ἀέρα
3232 604 3387 676 δέρων
3416 606 3697 679 ἐωροκοπίαις

2236 693 2635 765 ὑποκειμένοις·
2662 692 2796 746 ἀλλὰ
2835 686 3092 747 συσταδὸν
3121 695 3360 767 ἁρμόττει
3392 695 3451 749 τὰ
3483 698 3699 769 μαχόμενα

2234 788 2347 850 τοῖς
2378 786 2638 849 ἐναντίοις
2662 787 3014 841 ἀντιπατείψ
3050 787 3115 839 ἶν’
3156 785 3211 851 ἓξ
3247 787 3353 852 ἐνὸς
3383 789 3597 859 ὁποτέρου
3620 789 3703 842 δια-

2235 876 2569 949 γινώσκηται
2616 877 2677 930 τὸ
2724 874 2980 949 προῦχον.
3030 878 3184 931 Ὥστε
3229 878 3294 931 τὰ
3338 878 3423 949 μὲν
3473 880 3703 950 Ὤριγένεια

2237 971 2570 1041 προτακτέον
2604 970 2660 1021 ἐν
2710 969 2968 1042 πρώτοις.
3001 970 3104 1041 ίδία
3131 970 3187 1024 δέ
3211 970 3350 1036 τάξει
3376 970 3457 1023 καὶ
3488 970 3564 1025 τὸν
3597 972 3704 1025 ἀντιο

2235 1061 2499 1115 πίπτοντα
2529 1060 2651 1116 νοῦν
2673 1062 2897 1126 ἐκείνοις
2925 1063 3173 1127 ἐξετάσαι
3204 1062 3545 1117 σπουδαστέον.

555 1176 729 1232 gnare
776 1169 1075 1231 contraque
1130 1160 1347 1216 obstare
1411 1160 1597 1221 decet,
1645 1168 1704 1211 ut
1736 1156 1861 1227 quis
1900 1155 2091 1210 melior
2133 1154 2205 1210 sit
2265 1155 2511 1227 dignosci
2561 1155 2721 1212 facile
2766 1157 2958 1227 possit.
2999 1158 3178 1223 Quare
3230 1158 3282 1211 in
3334 1157 3503 1227 primis
3540 1156 3709 1229 quidem

561 1261 689 1309 ante
742 1254 849 1307 alia
927 1252 1179 1324 Origenis
1242 1252 1390 1307 dicta
1459 1262 1869 1322 proponemus,
1933 1246 2131 1302 deinde
2179 1248 2512 1303 contrariam
2579 1248 2689 1303 illis
2747 1248 3076 1305 sententiam
3158 1247 3544 1315 subnectenius,
3587 1262 3711 1322 quam

562 1346 765 1416 ingenii
794 1346 1062 1401 industria
1105 1353 1269 1415 atque
1312 1344 1592 1415 diligentia
1637 1342 1911 1397 discutere
1955 1355 2135 1411 operae
2170 1342 2403 1411 pretium
2438 1342 2563 1398 erit.

630 1438 695 1492 ll.
728 1438 839 1508 Age
870 1437 1034 1508 igitur
1075 1436 1319 1491 historiae
1347 1436 1543 1491 seriem
1566 1473 1582 1498 ,
1620 1432 1802 1506 quoad
1844 1432 1964 1503 ejus
2012 1432 2130 1487 fieri

557 1529 762 1603 poterit
789 1530 1055 1599 nobisque
1078 1527 1308 1582 facultas
1333 1525 1575 1588 dabitur,
1607 1523 1974 1594 speculemur,
2005 1520 2131 1576 inde

2308 1434 2373 1487 II.
2402 1434 2539 1506 Φέρε
2561 1431 2661 1488 οὗν
2691 1434 2823 1488 αὐτὸ
2848 1433 2908 1488 τὸ
2935 1434 3037 1505 τῆς
3070 1433 3305 1507 ἱστορίας
3328 1434 3535 1507 γράμμα
3557 1434 3716 1509 θεωρή-

2237 1543 2418 1597 σωμεν
2468 1527 2544 1590 ὼς
2585 1521 2696 1580 οἷόν
2748 1544 2808 1579 τε
2862 1527 3003 1581 κατὰ
3046 1526 3109 1581 τὸ
3154 1526 3362 1597 ἐφικτὸν
3388 1525 3567 1580 ἐνθένδε
3592 1528 3714 1583 πόθεν

558 1621 704 1676 unde
725 1635 824 1690 par
854 1626 939 1673 est
961 1617 1379 1722 sumpukinitio.
1395 1614 1532 1671 Cum
1564 1612 1694 1669 Saul
1718 1614 1919 1683 optime
1942 1611 2126 1683 populi

2235 1618 2482 1689 ἀρκτέον.
2526 1618 2791 1689 Ὀπηνίκα
2836 1619 2933 1690 μὲν
2985 1620 3015 1671 ὁ
3054 1618 3229 1673 Σαοὺλ
3269 1618 3451 1691 ἄριστα
3488 1620 3715 1691 προῖστατο

556 1716 823 1782 praeesset
866 1702 1201 1763 multitudirii
1226 1744 1243 1771 ,
1291 1722 1468 1760 omnes
1488 1747 1503 1772 ,
1533 1704 1712 1775 inquit
1744 1703 1762 1733 ⁸
1783 1743 1800 1768 ,
1864 1702 2121 1773 engastri-

559 1800 765 1873 mythos
802 1800 985 1870 ejecit,
1036 1813 1336 1870 omnesque
1375 1797 1615 1867 reliquos
1653 1802 1871 1867 gnostas
1918 1794 2125 1858 dictos,

556 1892 727 1948 veluti
763 1890 1258 1961 perniciosissimas
1288 1898 1494 1961 pestes,
1527 1888 1622 1959 qui
1654 1888 1729 1941 ita
1761 1885 2122 1949 vocabantur,

558 1984 763 2038 ariolos
794 1982 1017 2052 depulit.
1054 1979 1254 2036 Verum
1291 1981 1379 2035 ubi
1415 1980 1579 2035 rebus
1605 1978 1859 2049 pessimis
1882 1976 2124 2031 animum

556 2074 810 2135 advertit,
840 2089 870 2127 a
900 2072 1236 2144 nequissimo
1263 2070 1509 2127 daemone
1528 2072 1670 2126 male
1706 2078 1968 2133 vexatus,
2003 2083 2127 2122 rur-

556 2179 678 2220 sum
719 2162 879 2217 allata
929 2161 1273 2217 fatidicorum
1316 2176 1381 2215 ac
1410 2167 1597 2214 vatum
1629 2159 1917 2213 ambitiose
1958 2156 2125 2211 nimis

550 2256 929 2328 amplectitur,
963 2255 1126 2326 paqu
1154 2261 1282 2309 ante
1315 2253 1580 2309 dissoluta
1613 2266 1970 2322 componens,
2001 2265 2127 2320 pro-

553 2359 850 2423 ptereaque
899 2348 1251 2419 semetipsum
1299 2346 1486 2400 violati
1544 2343 1784 2399 mandati
1838 2358 1992 2399 reum
2037 2358 2125 2396 ar-

552 2456 750 2516 guens.
807 2439 1017 2511 Quippe
1078 2455 1205 2494 cum
1275 2438 1443 2493 vicini
1509 2436 1818 2507 alienigena:
1878 2432 2124 2490 unanimi

549 2549 829 2591 consensu
862 2532 1061 2588 bellum
1088 2531 1390 2586 indicerent
1412 2533 1529 2595 ’,ει
1560 2529 1776 2583 collatis
1800 2527 1990 2598 signis,
2022 2542 2125 2580 nu-

555 2643 771 2685 merosa
805 2627 1133 2698 phalangum
1162 2623 1318 2695 copia
1341 2637 1491 2678 arma
1522 2627 1906 2685 consererent,
1935 2634 2126 2675 exser-

2227 1709 2326 1781 τῆς
2351 1710 2444 1764 τοῦ
2474 1709 2604 1765 λαοῦ
2644 1710 3006 1782 πολυανδρίας
3025 1751 3040 1776 ,
3081 1710 3241 1784 ἐξῆρε
3270 1711 3481 1777 πάντας
3506 1711 3622 1777 τοὺς
3643 1711 3712 1780 er.

2226 1804 2682 1873 γαστριμύθους,
2711 1802 2837 1875 ἔφη,
2867 1803 2962 1857 καὶ
2989 1803 3119 1866 τοὺς
3138 1804 3273 1857 οὕτω
3293 1803 3614 1873 καλουμένους
3633 1802 3715 1856 ὀνό-

2230 1911 2358 1965 ματι
2395 1894 2685 1966 γνώστας,
2722 1896 2818 1950 ἅτε
2849 1895 2916 1968 δὴ
2960 1895 3246 1966 λυμεῶνας
3293 1893 3638 1966 ἐμφοχεύοντσς
3658 1892 3712 1963 (l)

2227 1983 2519 2055 ἐχθίστους.
2564 1985 2780 2057 Ἐπειδὴ
2808 1985 2864 2039 δὲ
2903 1988 3139 2057 τραπεὶς
3165 1986 3257 2039 ἐπὶ
3285 1984 3351 2038 τὰ
3383 1984 3597 2056 χείριστα
3619 1984 3715 2055 πρὸς

2224 2075 2318 2129 τοῦ
2372 2076 2651 2149 ἀλιτηρίου
2705 2077 2918 2151 πικρῶς
2971 2077 3240 2149 ἠλαύνετο
3292 2077 3550 2148 δαίμονος,
3593 2074 3719 2147 ᾤχετο

2228 2167 2388 2222 πάλιν
2415 2171 2507 2223 ἐπὶ
2549 2169 2619 2223 τὰ
2650 2172 2913 2242 φάσματα
2952 2170 3053 2241 τῆς
3085 2171 3343 2244 μαντείας
3371 2168 3548 2232 αὐτῶν,
3573 2168 3721 2222 οἰκοδο-

2229 2257 2494 2330 μούμενος
2527 2257 2563 2313 ἃ.
2595 2259 2885 2313 κατέλυσεν
2914 2259 3079 2331 ὀλίγῳ
3107 2260 3368 2333 πρόσθεν,
3400 2259 3564 2313 ἐαυτὸν
3587 2257 3633 2310 δὲ
3653 2255 3720 2309 καὶ

2223 2349 2311 2404 διὰ
2350 2350 2506 2404 τοῦτο
2552 2350 2872 2423 παραϐάτην
2924 2350 3200 2423 ἐλέγχωνο
3254 2352 3328 2415 ὡς
3378 2352 3476 2424 γὰρ
3516 2351 3559 2405 oi
3605 2346 3721 2419 πέριξ

2224 2440 2573 2513 ωλογενεῖς
2596 2442 2856 2513 ὁμοθύμῳ
2884 2443 3085 2514 σπουδῇ
3110 2442 3352 2515 πολέμου
3376 2443 3561 2512 γένεσιν
3584 2437 3721 2505 ἀνεκή-

2176 2554 2183 2564 ·
2229 2550 2436 2603 ρυττον,
2475 2533 2851 2605 ἀθροισθέντες
2896 2535 2995 2605 μὲν
3030 2534 3106 2597 ὼς
3158 2535 3236 2589 ἔνι
3282 2534 3500 2607 μάλιστα
3522 2527 3719 2603 παμπλη·

2226 2623 2311 2677 θεὶ
2336 2623 2437 2688 τὰς
2482 2623 2767 2695 φάλαγγας
2811 2625 3303 2697 ἀντιπαρέταττον,
3336 2625 3465 2678 ὅπλα
3495 2622 3544 2676 δὲ
3568 2618 3721 2690 γυμνά·

548 2719 736 2792 tisque
779 2719 973 2791 gladiis
1019 2730 1232 2774 summa
1279 2713 1443 2769 animi
1494 2714 1841 2769 contentione
1887 2726 2123 2784 pugnam

2229 2737 2416 2785 σαντες
2440 2723 2519 2786 είς
2554 2721 2730 2793 μάχην
2760 2721 2970 2787 ἐξίεσαν
3005 2721 3317 2794 εὐρώστως
3344 2724 3372 2777 δ
3402 2720 3612 2793 μέντοιγε
3638 2714 3723 2786 σχέ-

554 2813 946 2884 deposcerent;
981 2808 1228 2864 misellus
1270 2804 1402 2860 Saul
1431 2804 1773 2861 tabernaculi
1813 2819 2121 2876 propugna-

2224 2812 2369 2877 τλιος
2410 2813 2603 2880 Σαοὺλ,
2631 2814 2764 2868 αὐτὸ
2810 2815 2868 2868 τὸ
2906 2815 3004 2885 τῆς
3056 2815 3410 2887 παρεμϐολῆς
3451 2809 3721 2880 ἐπιτείχισμα

548 2908 739 2960 culum
767 2912 822 2960 et
849 2904 1057 2973 reliqua
1087 2900 1289 2962 omnia,
1319 2906 1378 2953 ut
1407 2898 1483 2952 ita
1513 2897 1691 2952 dicam
1711 2938 1728 2965 ,
1767 2898 1987 2952 oculata
2017 2894 2122 2951 ﬂde

2228 2906 2609 2977 πεφραγμένον
2657 2905 2781 2959 ἰδὼν
2812 2906 3033 2976 αὐτοψεὶ
3050 2945 3065 2970 ,
3098 2907 3206 2961 καὶ
3224 2946 3239 2971 ,
3267 2906 3327 2959 τὸ
3361 2905 3557 2977 σύμπαν
3580 2901 3720 2961 εἰπεῖν,

548 2998 792 3054 hostium
816 2995 985 3051 armis
1008 2992 1229 3049 occlusa
1261 2991 1538 3046 contuitus
1556 3030 1572 3054 ,
1599 3004 1628 3042 a
1652 3005 1712 3047 se
1734 2989 1850 3060 ipse
1870 2987 2123 3045 discessit

2228 2995 2418 3070 ἐξέστη
2462 2998 2859 3068 καταπλαγεὶς,
2892 2998 3029 3071 ὼςή
3076 2997 3207 3053 θεία
3250 2995 3530 3069 διαγορεύει
3564 2992 3719 3065 Γριφῆ

547 3088 851 3149 attonitus,
908 3093 968 3140 ut
1024 3084 1221 3138 divina:
1264 3089 1537 3137 testantur
1589 3079 1826 3136 Litterae.
1858 3078 2123 3148 Deinceps

554 3179 795 3241 addunt,
823 3175 1125 3231 consulebat
1155 3173 1438 3227 Dominum
1466 3172 1487 3204 ³
1511 3212 1527 3238 ,
1574 3179 1836 3243 appetens
1873 3172 2124 3227 videlicet

554 3272 697 3329 scire
727 3270 859 3341 quid
887 3283 1023 3339 opus
1053 3266 1197 3322 laetu
1253 3273 1430 3334 esset;
1460 3275 1511 3320 et
1548 3266 1759 3320 omnino
1790 3281 1893 3319 non
1918 3279 2125 3334 respon-

548 3363 629 3418 dit
660 3364 708 3418 ei
739 3361 993 3416 Dominus
1026 3360 1077 3414 in
1109 3359 1353 3423 somniis,
1382 3359 1435 3412 in
1455 3357 1971 3427 manifestationibus
1995 3366 2044 3411 ct
2067 3356 2122 3411 in

546 3455 836 3530 prophetis.
874 3452 1116 3511 Scelesto
1152 3468 1387 3524 namque
1426 3452 1699 3523 impieque
1737 3451 1919 3522 agenti
1968 3449 2121 3505 Sauli

550 3550 766 3607 Numen
796 3562 1059 3618 responsa
1089 3562 1195 3602 non
1220 3546 1334 3600 dat.
1376 3543 1519 3611 Quid
1560 3559 1689 3599 vero
1725 3541 1910 3597 divino
1947 3541 2119 3597 desti-

548 3651 703 3699 tutus
735 3641 938 3697 auxilio
958 3639 1184 3711 posthac
1211 3635 1590 3692 machinatur?
1609 3634 1725 3690 Non
1750 3635 1929 3706 placat
1951 3633 2118 3689 Deum

551 3735 807 3807 precibus
846 3734 1059 3790 iteratis
1095 3731 1429 3802 assiduoque
1475 3728 1643 3787 animi
1696 3729 1883 3792 cultu,
1927 3729 1949 3761 δ
1986 3728 2119 3799 quin

549 3825 846 3883 contrariis
882 3839 946 3880 ac
988 3823 1360 3896 pugnantibus
1407 3822 1606 3877 studiis
1650 3821 1902 3877 resiliens
1946 3821 2119 3892 magis

545 3932 616 3974 ac
645 3915 960 3986 magisjura
996 3917 1182 3972 violat.
1216 3914 1407 3971 Pueris
1434 3915 1549 3970 suis
1589 3914 1818 3984 imperat
1848 3912 2116 3967 mulierem

542 4007 1023 4081 engastrimytltum
1049 4024 1300 4080 quwrere,
1334 4016 1392 4061 ut
1427 4005 1496 4061 ad
1529 4023 1647 4062 eam
1681 4004 1929 4060 accedens
1958 3994 2119 4059 veluti

542 4116 615 4156 ea;
636 4100 852 4155 oraculo
878 4099 1261 4154 sciscitaretur.
1292 4097 1336 4150 A
1360 4096 1629 4152 ministris
1657 4104 1837 4151 autem
1863 4094 2116 4167 pessimis

544 4197 698 4254 illico
740 4194 975 4250 fanatica
1022 4191 1274 4265 prodita,
1316 4188 1447 4247 Saul
1480 4198 1729 4261 prompte
1780 4188 1971 4245 habitu
2014 4202 2116 4244 suo

2229 3089 2366 3159 μετά
2392 3089 2448 3144 δὲ
2490 3092 2647 3145 τοῦτό
2688 3107 2868 3163 φησιν,
2899 3090 3094 3159 ἠρώτα
3124 3091 3229 3147 διὰ
3258 3091 3360 3146 τοῦ
3388 3089 3599 3159 Κυρίου,
3624 3089 3715 3154 γνῶ-

2223 3198 2311 3235 ναι
2339 3181 2537 3254 δηλαδὴ
2561 3181 2627 3236 τὰ
2656 3181 2901 3254 πρακτέα
2927 3181 3272 3253 γλιχόμενος·
3305 3187 3339 3237 ό
3360 3182 3425 3236 δὲ
3449 3180 3628 3248 Κύριος
3646 3176 3719 3227 σὺν

2222 3274 2580 3343 ἀπεκρίνατο
2607 3274 2672 3328 τὸ
2712 3274 2993 3343 παράπαν
3032 3274 3206 3343 αὐτῷ
3234 3276 3322 3331 διὰ
3347 3274 3441 3339 τὰς
3467 3272 3551 3344 τῆς
3572 3265 3722 3325 ἀδικίας

2222 3364 2559 3438 ὑπερϐολάς,
2609 3366 2745 3420 οὔτε
2788 3366 2859 3420 ἐν
2889 3366 3237 3434 ἐνυπνίοις,
3287 3369 3422 3422 οὔτε
3462 3367 3525 3419 ἐν
3553 3361 3722 3429 δήλω(-

2222 3457 2365 3511 οΰτε
2394 3457 2463 3511 ἐν
2507 3455 2632 3523 τοῖς
2671 3457 3024 3527 προφήταις.
3080 3457 3255 3512 Ἀλλὰ
3292 3458 3394 3531 μὴν
3422 3454 3587 3524 ἐκείνῳ
3616 3465 3661 3517 γε
3680 3447 3723 3499 τί

2220 3548 2371 3602 Θεῖον
2413 3547 2510 3602 οὐκ
2548 3548 2912 3621 ἐχρημάτιζεν
2944 3550 3208 3621 οὐδαμῶς
3253 3550 3475 3621 ἀθέμιτα
3515 3547 3724 3618 δράσαντι.

2221 3640 2286 3693 Τί
2309 3639 2365 3694 δὲ
2411 3640 2548 3712 μετὰ
2576 3640 2747 3695 ταῦτα
2790 3642 3019 3714 πράττει
3046 3643 3156 3714 τῆς
3189 3643 3442 3697 ἀνωτάτω
3469 3631 3727 3711 γυμνασθεὶς

2222 3732 2296 3802 (2)
2332 3733 2683 3805 ἐπικουρίας;
2724 3734 2845 3786 ἀντὶ
2888 3731 2984 3787 τοῦ
3036 3734 3247 3805 μᾶλλον
3292 3732 3633 3801 ἐξιλεὼσασθαι
3660 3741 3727 3777 συ·

2216 3824 2447 3897 χνοτέρᾳ
2495 3825 2676 3895 δεήσει
2724 3825 2815 3878 καὶ
2870 3827 3123 3898 καρτερᾷ
3167 3825 3534 3899 ψυχολατρεία,
3555 3820 3729 3875 τούναν-

2218 3916 2330 3969 τίον
2360 3915 2719 3989 ἀποπηδήσας
2754 3915 2907 3984 αΰξει
2945 3917 3044 3988 μὲν
3076 3918 3153 3972 τὰ
3199 3920 3304 3990 τῆς
3327 3916 3619 3975 ἀποστασίας
3641 3912 3732 3962 ἐπ’

2215 4008 2547 4081 τηδεύματα.
2592 4009 2716 4073 Τοῖς
2758 4009 2815 4062 δὲ
2867 4008 3054 4062 παισὶν
3105 4011 3280 4064 αὐτοῦ
3328 4009 3609 4082 προσέταττε
3646 4016 3730 4069 rv-

2216 4099 2394 4155 ναῖκα
2417 4098 2700 4168 ζητήσειν
2721 4100 3226 4172 ἐγγαστρίμυθον,
3247 4105 3347 4157 ἵνα
3364 4101 3589 4170 ἀφίκοιτο
3606 4090 3731 4158 ,ερὲς

2215 4195 2408 4263 αὐτὴν
2461 4195 2834 4264 πευσόμενος
2881 4196 2962 4263 ὡς
3009 4198 3079 4251 ἐν
3125 4196 3402 4267 μαντείῳ.
3446 4187 3546 4243 Τῶν
3588 4183 3638 4238 δὲ
3676 4180 3733 4251 δὴ

544 4294 801 4353 mutato,
856 4285 1190 4355 indutusque
1247 4283 1370 4339 aliis
1426 4280 1812 4346 vestimentis,
1869 4280 2118 4339 velocia:

2223 4287 2502 4357 χειρίστων
2537 4286 2825 4358 ὑπηρετῶν
2853 4287 3049 4343 αὐτίκα
3094 4289 3166 4362 δὴ
3210 4289 3355 4362 μάλα
3381 4273 3734 4353 καταμηνυσάν·

538 4381 789 4440 exercitu
816 4378 1047 4434 dimisso
1070 4375 1391 4448 pervolavit.
1430 4374 1532 4431 Ubi
1563 4373 1631 4429 ad
1672 4372 1845 4444 ipsam
1878 4374 2113 4428 accessit

2223 4395 2343 4439 των.
2379 4378 2477 4450 τὴν
2511 4378 2841 4450 ἔμπληκτον,
2862 4382 2892 4433 ὁ
2928 4380 3024 4452 μὲν
3059 4381 3244 4436 Σαοὺλ
3272 4375 3486 4453 ἀμελητὶ
3512 4384 3734 4446 μετασχη-

537 4488 669 4528 cum
704 4471 920 4528 duobus
948 4470 1078 4524 viris
1109 4477 1300 4530 nocte,
1333 4474 1465 4520 tunc
1513 4465 1744 4536 supplex
1795 4464 1944 4519 illam
1977 4464 2117 4519 allo-

2223 4469 2450 4542 ματίσας
2483 4469 2694 4536 ἐαυτὸν,
2732 4471 2828 4525 καὶ
2866 4471 2936 4527 τὰ
2978 4473 3080 4544 τῆς
3124 4474 3359 4546 ἐσθῆτος
3388 4468 3597 4543 ἀμείψας
3621 4457 3733 4516 ἐνδύη

538 4564 845 4637 quebatur:
881 4561 1181 4617 Vaticinare
1206 4557 1354 4623 mihi,
1370 4557 1580 4623 dicens,
1602 4559 1657 4611 in
1677 4556 2113 4628 engastrimytho,

2223 4580 2385 4635 ματα,
2412 4562 2667 4636 δρομαῖος
2695 4562 2887 4635 ᾤχετο,
2920 4565 3019 4637 τὴν
3054 4567 3323 4637 στρατιὰν
3349 4558 3581 4618 ἐκλιπών·
3608 4553 3671 4615 ὡς
3692 4548 3734 4601 δέ

537 4667 595 4713 et
624 4656 711 4727 {ac
731 4654 862 4710 mihi
885 4652 1163 4708 ascendere
1182 4664 1334 4720 quem
1357 4647 1542 4704 dixero
1562 4647 1680 4702 tibi.
1711 4645 1883 4720 Igitur
1909 4648 1957 4704 si
1981 4646 2113 4703 Saul

2223 4655 2466 4723 ἀφίκοιτο
2514 4655 2651 4728 πρὸς
2698 4654 2868 4727 αὐτὴν
2914 4656 3032 4728 ἅμα
3078 4656 3241 4711 δυσὶν
3291 4655 3506 4728 ἀνδράσι
3545 4646 3734 4711 νύκτωρ·

541 4766 642 4821 per
667 4746 1158 4821 engastrimythum
1188 4753 1248 4801 ut
1286 4740 1392 4798 sibi
1434 4741 1778 4797 divinaretur
1808 4742 2111 4812 exorabat,

2223 4746 2452 4815 ἀξιώσας
2492 4748 2631 4820 αὐτῇ
2681 4748 3045 4821 προσεφέρετο
3078 4748 3420 4822 τηνικαῦτα,
3452 4741 3734 4799 Μάντευσα*

540 4855 707 4898 veras
734 4838 1006 4911 quispiam
1040 4836 1216 4892 fuisse
1255 4834 1376 4905 ejus
1403 4847 1565 4889 voces
1603 4832 1977 4888 asseverabit?
2007 4832 2112 4888 Ve-

2223 4839 2291 4907 δή
2324 4856 2461 4910 μοι,
2509 4838 2719 4910 λέγων,
2765 4839 2836 4894 ἐν
2883 4838 2962 4907 τῷ
3009 4840 3485 4912 ἐγγαστριμύθῳ·
3528 4821 3734 4897 ἀνάγαγέ

539 4946 665 4991 rum
709 4930 836 5002 quis
889 4929 1041 4985 illum
1078 4930 1132 4983 in
1177 4927 1491 5000 deploratas
1526 4930 1853 4980 conversum
1898 4925 2109 4981 divina-

2223 4948 2343 4999 μοι.
2391 4931 2584 5002 φησιν,
2618 4930 2694 4985 ὃν
2740 4931 2818 4986 ἂν
2869 4932 3015 4985 εἴπω
3058 4947 3182 4986 σοι.
3238 4927 3530 5001 Τοιγαροῦν
3568 4914 3733 4987 εἰπερδ

535 5026 720 5083 tiones
744 5033 801 5082 et
828 5024 1128 5081 diabolicas
1159 5022 1468 5078 fabularum
1501 5019 1848 5091 operationes
1881 5020 2104 5076 immani

2223 5022 2385 5078 Σαοὺλ
2412 5023 2582 5078 ἐδεῖτο
2622 5022 2710 5078 διὰ
2740 5024 2839 5097 τῆς
2876 5025 3324 5096 ἐγγαστριμύθου
3361 5010 3729 5097 μαντεὴασθσξς

536 5116 726 5174 furore
756 5132 787 5172 a
821 5116 1065 5191 daemone
1111 5121 1366 5170 vexatum
1411 5090 1584 5169 fuisse
1634 5109 1884 5183 ignorat?
1915 5109 2108 5168 Nonne

2223 5114 2348 5187 φαίη
2383 5130 2469 5178 τις
2501 5113 2567 5167 ἂν
2609 5090 2828 5185 ἀληθεῖς
2855 5090 2995 5167 εἶναι
3022 5090 3122 5176 τὰς
3146 5090 3374 5167 ’ἐκείνου
3404 5107 3599 5182 φωνάςς

540 5205 706 5275 Deus,
735 5209 831 5280 qui
870 5188 926 5265 in
950 5224 1014 5265 os
1038 5204 1279 5262 Balaami
1314 5219 1598 5267 sermones
1625 5203 1887 5274 imposuit
1909 5242 1925 5268 ,
1960 5202 2107 5277 Moy-

2223 5206 2330 5260 έστι
2358 5224 2440 5271 τις
2466 5205 2676 5276 ἀγνοῶν
2701 5206 2778 5271 ὡς
2807 5208 3013 5269 ἐκεῖνος
3039 5203 3147 5258 ὑπὸ
3183 5204 3285 5259 τοῦ
3312 5203 3552 5275 δαίμονος
3571 5187 3729 5280 ἀγρὶριε

536 5297 695 5371 sique
717 5313 777 5358 ut
803 5316 1064 5374 expresse
1095 5301 1152 5354 in
1194 5295 1446 5354 Numeris
1482 5297 1751 5355 scriberet
1782 5275 2106 5369 imperavit,

2223 5297 2469 5352 ἐλαύνετο
2494 5275 2684 5368 θυμοῖς
2720 5300 2801 5361 είς
2837 5296 3174 5371 ἀνηκέστους
3204 5295 3502 5369 ἐκτραπεις
3518 5275 3728 5362 μαντείας

610 5481 633 5514 ³
665 5480 696 5536 1
725 5483 849 5553 Reg.
889 5497 1082 5547 nvnt,
1122 5483 1176 5536 3.
1253 5480 1273 5512 ⁸
1301 5480 1432 5536 ibid.
1467 5480 1525 5536 4.
1599 5479 1620 5510 ³
1643 5475 1773 5535 ibid.
1810 5476 1865 5535 6.
1942 5477 1964 5511 ⁸
1992 5474 2119 5532 ibid.
2153 5476 2203 5531 7.

608 5662 1180 5738 (ηἙμφοχεύοιοτας,
1228 5652 1690 5730 Ἒμφωλεύοντας.
2295 5655 2372 5731 (‘2)
2399 5658 2797 5749 Γυμνᾳσθσίς.
2826 5657 3155 5731 Γυμνωθεες,
