3898 6196
605 285 722 343 649

1571 270 1632 331 S.
1665 269 2039 330 EUSTATﬂll
2067 267 2389 328 'EPISCOPI
2433 260 2850 328 ΔΝΉΟΟΗΕΜ

3652 273 3734 330 69.0

614 408 673 466 in
701 414 843 459 terra
862 440 877 465 ,
916 407 967 454 et
988 393 1229 452 adoravit
1259 390 1439 448 ειμιιῆ
1474 389 1821 448 Manifestum
1850 392 2036 462 itaque
2065 396 2178 454 est,

2294 387 2493 453 τούτοις
2514 387 2820 460 διαγορεύει
2844 387 2877 459 ή
2907 384 3027 441 θεία
3051 386 3260 458 Γραφή;
3287 386 3385 442 Kal
3417 387 3550 458 ἔγνω
3568 390 3736 458 Σαοὺλ,

616 493 809 557 nullibi
851 489 1075 546 omnino
1108 499 1387 542 sacrarum
1435 484 1740 541 litterarum
1786 481 1981 539 seriem
2032 480 2177 536 alIir-

617 603 797 648 masse
824 599 920 656 per
944 580 1226 636 mulierem
1252 578 1399 633 illam
1429 575 1921 648 engastrimythum
1950 572 2182 629 Samue-

606 686 723 739 lem
769 682 1056 735 evocatum
1111 672 1302 727 tuisse.
1340 667 1451 725 Sed
1500 669 1591 724 illa
1639 665 1860 739 quidem
1906 666 1960 721 in
1994 665 2180 736 primis

608 788 717 845 .per
762 768 1080 825 incitantem
1137 763 1310 835 ipsam
1343 761 1642 817 daemonem
1687 758 1821 814 dicit
1864 758 2019 814 illum
2061 772 2184 812 evo-

608 862 893 930 candum;
928 856 1125 916 deinde
1175 863 1230 912 et
1264 855 1396 911 deos
1448 852 1807 909 ascendentes
1852 850 2036 907 videre
2067 850 2183 920 glo-

621 957 792 1020 riata,
830 950 1206 1008 fraudulenter
1247 946 1403 1017 signa
1431 944 1668 1001 hominis
1699 942 1984 1008 tradebat,
2027 950 2087 997 ut
2113 956 2183 997 ex

620 1046 838 1105 insidiis
864 1048 1174 1115 occuparet.
1208 1037 1275 1094 Et
1296 1038 1522 1094 demens
1547 1035 1679 1091 Saul
1712 1051 1779 1092 ex
1813 1035 1903 1091 his
1931 1048 2055 1106 quat
2079 1048 2183 1088 au-

621 1142 824 1208 dierat,
846 1137 1125 1193 intellexit
1146 1131 1290 1206 quod
1316 1132 1408 1185 ille
1428 1130 1545 1201 ipse
1572 1134 1720 1185 esset
1751 1126 1990 1182 Samuel.

695 1406 784 1463 IV.
814 1407 897 1462 An
946 1420 1076 1476 ergo
1115 1403 1248 1458 ﬁdes
1296 1399 1600 1477 adhibenda
1633 1399 1705 1456 sit
1738 1399 1823 1455 vel
1870 1413 1902 1452 a
1944 1396 2189 1453 daemone

618 1508 817 1558 vexato
844 1498 1016 1563 Sauli,
1050 1495 1206 1569 quasi
1231 1509 1412 1550 veram
1442 1500 1798 1562 exactamque
1823 1489 2187 1561 cognitionem

622 1591 882 1655 haberet,
924 1587 1009 1642 vel
1066 1584 1298 1641 ὁποιοιιί
1334 1583 1400 1637 de
1454 1586 1627 1637 semet
1672 1579 1908 1651 gloriose
1948 1575 2188 1646 loquenti

624 1683 1071 1756 promittentique
1090 1679 1160 1735 ab
1189 1676 1381 1734 inferis
1396 1676 1674 1745 justorum
1713 1672 1927 1727 animas
1955 1668 2190 1726 eductu-

2280 478 2369 534 ὅτι
2396 477 2674 550 Σαμουὴλ
2701 479 2871 533 ἐστιν
2893 473 3088 545 οὗτος,
3110 477 3204 532 καὶ
3226 478 3437 548 ἔκυψεν-
3462 480 3546 535 ea
3567 487 3745 552 πρόσω-

2282 584 2400 626 πον
2424 571 2610 627 αὐτοῦ
2636 571 2735 625 ἐπὶ
2764 571 2879 640 τὴν
2899 570 3035 641 γῆν,
3063 572 3157 624 καί
3182 574 3591 641 προσεκύνησεν
3607 578 3742 643 αὐτῷ.

2281 662 2533 716 Φαίνεται
2563 661 2739 716 τοίνυν
2770 662 2847 725 ὡς
2878 660 3111 732 οὐδαμοῦ
3138 662 3202 715 τὸ
3230 661 3519 735 παράπανὴ
3544 664 3622 719 τοῦ
3642 666 3749 721 θείου

2282 753 2605 826 γράμματος
2633 754 2832 825 ἐφησεν
2868 752 3061 825 ἐκδοχὴ
3098 754 3187 807 τὸν
3219 754 3451 825 Σαμουὴλ
3476 756 3667 826 ἀνῆχθαι
3687 758 3752 811 διά

2281 847 2381 919 τῆς
2416 847 2868 920 ὲγγαστριμύθου·
2899 846 3014 901 ἀλλ’
3037 846 3170 917 αὑτὴ
3201 847 3293 917 μὲν
3313 836 3756 920 προηγουμένωςδώ

2282 938 2376 994 τοῦ
2394 939 2814 1013 ὲκὸακχεύοντος
2830 940 2968 1012 αὐτῇ
2987 939 3054 1011 [Ῑ.
3076 940 3262 1008 αὐτὴν,
3277 956 3321 994 υ.
3337 942 3390 992 ὲν
3408 940 3551 1011 αὐτῇ]
3564 940 3757 1012 δαίμονος

2283 1032 2683 1102 ἀποφθέγγεται
2719 1033 2828 1086 δεῖν
2888 1032 3110 1102 ἀνάγειν
3132 1032 3307 1087 αὐτόν’
3370 1028 3480 1086 εἷτα
3525 1036 3606 1088 καὶ
3645 1035 3762 1097 θεοὺς

2283 1125 2530 1189 ἀνιόντας
2552 1124 2930 1197 ὲπικομποῦσα
2958 1125 3201 1198 θεωρεῖν,
3229 1125 3404 1196 ἀπάτῃ
3440 1125 3527 1197 μὲν
3546 1126 3683 1179 ἐδίδου
3712 1129 3763 1180 τὰ

2287 1218 2486 1287 σημεῖα
2533 1215 2756 1287 τάνδρὸς
2795 1218 2875 1280 είς
2926 1215 3167 1288 ἐνέδραν·
3211 1218 3240 1268 6
3272 1217 3328 1270 δὲ
3364 1216 3631 1289 παράφρων
3660 1218 3768 1287 ἔγνω

2285 1307 2457 1360 Σαοὺλ
2493 1305 2553 1372 ἐξ
2589 1300 2664 1362 ὧν
2687 1307 2922 1379 ἀκήκοεν
2954 1306 3031 1371 ὡς
3059 1307 3221 1370 αὐτὸς
3250 1303 3396 1372 οὗτός
3421 1310 3527 1361 ἐστι
3554 1310 3767 1382 Σαμουὴλ,

2278 1448 2289 1455 ,
2354 1395 2442 1449 1V.
2475 1398 2538 1451 Ei
2562 1396 2619 1450 δὲ
2648 1397 2729 1451 δεῖ
2755 1396 3026 1451 πιστεύειν
3054 1396 3186 1469 ἢτῷ
3215 1396 3607 1470 δαιμονιζομένῳ
3621 1399 3771 1462 Σαοὺλ,

2284 1488 2360 1553 ὡς
2390 1488 2563 1560 ἀληθῆ
2598 1488 2847 1557 γνώσεως
2871 1489 3201 1563 ἡκριϐωκότι
3228 1489 3530 1561 κατάληψιν,
3557 1490 3584 1561 ἥ
3611 1490 3772 1561 δαίμονι

2286 1580 2617 1652 καυχωμὲνῳ
2642 1581 2735 1634 καὶ
2761 1580 2937 1651 ψυχὰς
2958 1580 3367 1651 ὑπισχνουμένῳ
3398 1580 3596 1635 δικαίων
3614 1580 3662 1647 ἐξ
3680 1578 3773 1650 ᾅδου

2290 1670 2764 1742 μεταπέμπεσθαι,
2793 1671 3066 1743 κρίνωμεν
3100 1672 3231 1742 παρ’
3266 1672 3468 1735 ἑαυτοῖς
3501 1672 3614 1742 ὅσης
3638 1670 3689 1725 ἂν
3713 1672 3776 1739 εἴη

624 1793 771 1843 rum,
805 1777 948 1833 inter
967 1789 1071 1829 nos
1092 1774 1242 1844 ipsos
1270 1767 1668 1843 dijudicemuls,
1701 1764 2186 1831 discernamusque

2294 1779 2346 1832 γε
2388 1762 2697 1834 δυσφημίας
2728 1762 2993 1825 ἀνάπλεα,
3029 1762 3200 1817 ταῦτα
3230 1763 3323 1817 καὶ
3346 1763 3410 1816 τά
3435 1761 3632 1816 τοιαῦτα
3656 1765 3774 1823 νοεῖν.

627 1873 743 1928 haec
770 1875 824 1926 et
856 1866 1055 1925 similia
1087 1865 1190 1920 hoc
1218 1860 1380 1918 modo
1412 1858 1713 1929 intelligere
1732 1897 1746 1920 ,
1794 1870 1957 1926 quam
1986 1868 2186 1908 vanum

626 1964 963 2035 impiumque
993 1958 1085 2023 sit,
1120 1972 1153 2011 o
1182 1955 1385 2025 optime
1410 1950 1691 2007 hominum
1726 1944 2188 2017 EutropiJlirum

624 2055 772 2110 enim
819 2057 1083 2123 quantum
1135 2062 1167 2102 a
1212 2046 1476 2108 veritate,
1530 2049 1591 2097 ut
1639 2040 1874 2104 videtur,
1930 2036 2189 2107 Origenes

628 2143 985 2203 aherraverit.
1017 2141 1083 2196 Et
1122 2140 1167 2197 si
1204 2137 1468 2194 Dominus
1497 2141 1684 2190 noster
1729 2129 1889 2187 Jcsns
1935 2128 2189 2184 Christus

628 2240 695 2297 de
723 2231 1350 2301 diabolodicat’-":Ipse
1387 2224 1651 2282 homicida
1685 2232 1801 2277 erat
1830 2221 1894 2276 ab
1920 2221 2103 2285 initio,
2140 2228 2190 2274 et

625 2334 684 2389 in
707 2332 925 2389 veritate
964 2346 1068 2384 non
1113 2326 1289 2389 stetit;
1332 2322 1581 2395 quoniam
1619 2317 1813 2373 ueritas
1854 2315 1908 2369 in
1933 2316 2059 2383 ipso
2087 2329 2191 2367 non

625 2431 763 2480 erat.
795 2421 929 2477 Cum
953 2419 1186 2491 loquitur
1215 2413 1567 2476 mendacium,
1600 2425 1665 2465 ea:
1686 2407 1915 2477 propriis
1940 2404 2187 2475 loquitur,

626 2512 875 2587 quoniam
909 2510 1133 2567 mendax
1158 2517 1234 2562 est
1252 2548 1267 2571 ,
1297 2515 1346 2560 et
1367 2512 1518 2575 pater
1556 2501 1720 2572 ipsius
1738 2517 1757 2555 :
1790 2499 1920 2570 quid
1944 2498 2054 2563 hic,
2074 2496 2154 2552 ais
2175 2535 2191 2561 ,

628 2603 928 2677 Origenes?
962 2601 1122 2657 Prius
1147 2600 1294 2656 enim
1323 2594 1740 2666 interrogandus
1783 2608 1844 2648 es
1875 2610 1888 2645 :
1924 2590 2047 2646 Harc
2071 2604 2193 2659 quae

633 2696 883 2753 Salvator
909 2695 1046 2750 dixit
1070 2706 1199 2747 vera
1227 2698 1377 2752 sunt,
1398 2703 1467 2741 an
1491 2685 1831 2758 respondens
1853 2681 2191 2739 contrarium

630 2786 820 2844 dices?
846 2787 1034 2855 Itaque
1068 2782 1115 2837 si
1140 2780 1303 2835 verba
1338 2775 1553 2831 Domini
1581 2773 1649 2829 de
1691 2788 1843 2828 more
1870 2785 1997 2826 vera
2029 2776 2190 2835 sunt,

627 2863 761 2951 ergo
809 2876 1020 2933 daemon
1077 2870 1337 2926 audacter
1387 2866 1726 2922 insolescens
1772 2861 2033 2918 mentitus
2086 2866 2190 2915 est.

630 2970 834 3026 Verum
862 2968 912 3025 si
944 2962 1208 3022 daemonis
1247 2974 1528 3018 sermones
1560 2958 1773 3015 veritati
1807 2971 1916 3011 non
1956 2955 2194 3010 absonos

630 3060 849 3125 deﬁnis,
882 3056 1198 3113 mendacem
1229 3051 1516 3108 Dominum
1543 3050 1729 3120 utique
1760 3046 1928 3102 audes
1972 3044 2196 3101 demon-

632 3161 828 3210 strare.
871 3147 1107 3204 Videsne
1144 3159 1307 3216 quam
1358 3142 1604 3199 inculcas
1670 3137 2030 3201 sententiam,
2074 3151 2195 3206 qua:
2221 3128 2262 3187 C

632 3240 873 3299 absurda
905 3240 1193 3308 ineptaque
1215 3232 1524 3289 contineat?
1548 3229 1885 3300 Quandoque
1914 3229 2057 3283 enim
2090 3226 2198 3281 dae-

632 3346 826 3390 mones
853 3330 922 3384 ad
960 3327 1247 3383 veritatem
1272 3323 1558 3379 dicendam
1582 3324 1633 3376 vi
1672 3320 2074 3392 compelluntur
2101 3318 2199 3373 do-

629 3422 846 3481 tioribus
862 3418 997 3475 torti
1029 3436 1043 3475 :
1074 3423 1446 3472 verumtamen
1477 3414 1612 3468 nihil
1641 3427 1873 3483 usquam
1896 3411 2199 3466 voluntarie

628 3514 757 3573 sine
786 3512 1068 3569 mendacio
1109 3508 1365 3564 dixerint.
1412 3505 1618 3561 Tamen
1659 3504 1704 3561 si
1741 3503 1866 3574 quis
1900 3505 2199 3558 daemonem

628 3606 815 3678 justos
848 3603 918 3658 ab
946 3597 1136 3658 inieris
1166 3612 1394 3653 evocare
1424 3595 1745 3658 aﬂirmabit,
1791 3591 2061 3664 quomodo
2084 3606 2201 3646 ma-

628 3697 897 3752 nifestum
926 3709 1037 3749 non
1081 3691 1221 3755 erit,
1263 3687 1452 3744 fraude
1486 3686 1830 3742 mendacium
1871 3683 2198 3750 obtrudere,

628 3790 733 3847 "illo
752 3787 931 3842 animo
952 3796 1010 3840 ιιι
1032 3785 1263 3855 aliquem
1287 3780 1621 3852 praecipitem
1644 3787 1826 3832 actum
1848 3776 2203 3833 consternat?

638 3882 719 3937 Ita
742 3888 857 3945 est,
888 3879 963 3933 ait
988 3897 1004 3934 :
1029 3877 1096 3932 At
1131 3878 1221 3931 illa
1249 3874 1460 3930 daemon
1502 3872 1688 3928 nullus
1726 3870 1923 3928 eil‘atus
1951 3881 2068 3938 est,
2104 3870 2202 3927 sed

629 3988 873 4029 narrans
899 3969 1184 4042 scriptoris
1216 3983 1353 4033 vox;
1381 3981 1701 4023 sermonum
1725 3980 1855 4021 vero
1879 3964 2202 4035 scriptorem

634 4083 762 4126 esse
789 4064 1049 4136 Spiritum
1078 4071 1358 4125 sanctum.
1391 4068 1445 4117 et
1467 4076 1576 4117 non
1606 4058 1881 4115 hominem
1904 4058 2200 4113 credimus.

631 4159 805 4218 Forte
836 4160 997 4217 seriei
1043 4156 1371 4213 narrationis
1414 4156 1716 4228 pugnantia
1747 4155 1804 4211 in
1845 4153 2083 4209 medium
2121 4150 2205 4206 ai-

631 4253 787 4311 .ferre
825 4268 937 4308 non
986 4252 1142 4321 plane
1189 4248 1481 4322 intelligis?
1544 4246 1770 4303 Rectius
1831 4248 2049 4316 itaque,
2108 4242 2202 4314 qui

630 4344 903 4420 paulatim
947 4342 1016 4398 ad
1046 4342 1367 4398 omnifarios
1400 4355 1682 4399 sermones
1734 4338 1976 4393 animum
2024 4338 2205 4391 inten-

643 4440 773 4497 dere
822 4440 1123 4501 noverunt,
1174 4431 1468 4488 tradidisse
1530 4430 1865 4485 narrativam
1918 4426 2203 4497 scriptoris

645 4529 969 4589 locutionem
991 4566 1007 4593 ,
1046 4540 1166 4596 qua:
1202 4525 1487 4582 videbatur
1532 4521 1709 4577 facere
1742 4520 1831 4576 .vel
1868 4520 2051 4576 dicere
2081 4535 2207 4574 ora-

638 4621 789 4688 cula,
814 4618 1014 4692 petenti
1046 4616 1197 4673 Sauli
1228 4613 1693 4686 engastrimytbus
1716 4651 1732 4677 ,
1763 4612 1831 4667 de
1864 4625 1929 4667 ea
1957 4610 2208 4667 videlicet

646 4716 1095 4766 auctornarrans
1126 4705 1355 4776 ejusque
1404 4704 1470 4757 ad
1518 4702 1742 4758 verbum
1780 4716 2062 4758 sermones
2104 4717 2204 4757 ex-

638 4817 890 4875 ponens,
929 4799 1105 4870 inquit
1172 4817 1184 4853 :
1230 4796 1298 4851 Et
1335 4796 1469 4850 dixit
1507 4795 1696 4849 mulier
1723 4813 1741 4849 :
1777 4795 1943 4862 Quem
1984 4794 2203 4851 evocabo

634 4894 784 4952 .tibi?
813 4892 947 4963 Quis
973 4892 1047 4947 ita
1076 4904 1267 4950 vecors
1294 4896 1349 4944 et
1378 4888 1608 4944 stolidus
1636 4886 1762 4952 erit,
1799 4894 1858 4941 ut
1896 4886 2115 4943 simulet
2146 4902 2206 4944 se

638 4986 871 5043 minime
902 4999 1126 5056 capere,
1156 4997 1320 5038 voces
1359 4981 1457 5037 has
1486 4980 1770 5051 scriptoris
1803 4979 2026 5035 minime
2048 4994 2204 5041 esse,

635 5077 745 5136 sed
794 5075 1039 5133 mulieris
1078 5090 1109 5130 a
1138 5075 1382 5130 daemone
1412 5074 1650 5129 vexata?
1692 5072 1853 5130 Certe
1882 5074 1931 5129 si
1977 5074 2109 5145 quid
2148 5073 2204 5128 in

637 5171 750 5227 hac
769 5184 831 5226 re
844 5182 1039 5223 verum
1070 5168 1451 5238 sincerumque
1469 5167 1559 5231 sit,
1588 5166 1897 5238 perspicere
1921 5165 2204 5231 debemus,

647 5258 891 5325 narratio
912 5255 1046 5313 illud
1082 5265 1288 5314 tantum
1320 5257 1510 5312 habuit
1547 5277 1559 5312 :
1605 5257 1746 5312 Vidit
1770 5256 1959 5313 mulier
1983 5256 2207 5313 Samue-

642 5352 770 5410 lem.
830 5350 957 5407 Haec
1017 5366 1179 5423 porro
1226 5350 1301 5405 ita
1342 5357 1681 5422 prosecutus
1734 5359 1820 5406 est
1878 5349 2204 5421 scriptione,

648 5444 806 5513 quasi
835 5444 905 5499 ad
937 5444 1160 5502 minime
1182 5444 1398 5515 ignaros
1421 5442 1489 5499 de
1511 5442 1845 5499 daemoniaea
1870 5443 2205 5514 loqueretur.

646 5529 837 5606 Neque
858 5535 1003 5590 enim
1031 5536 1254 5593 dubium
1279 5550 1402 5594 esse
1423 5534 1616 5601 debet,
1644 5536 1944 5592 daemonem
1978 5534 2070 5608 qui
2086 5535 2212 5607 pio-

753 5710 829 5770 ⁸1
855 5710 979 5782 Reg.
1007 5729 1195 5783 xxviii,
1229 5714 1409 5771 {2-14.
1473 5716 1576 5751 ’σι’
1607 5715 1770 5775 Joan.
1802 5732 1919 5788 vni,
1941 5718 2031 5774 ιι.

2285 1849 2332 1909 ὧ
2373 1855 2627 1927 κράτιστε
2659 1854 2868 1927 ἀνδρῶν
2900 1854 3203 1927 Εὐτρόπιεο
3232 1855 3362 1909 πολὺ
3393 1854 3516 1927 γὰρ,
3540 1853 3775 1917 ilicium.

2298 1949 2576 2021 Ὦριγένης
2595 1951 2693 2019 τῆς
2725 1946 2983 2020 ἀληθείας
3004 1948 3436 2019 ὲσφὰλη·’καίτοι
3469 1946 3555 2001 τοῦ
3569 1947 3775 1999 Δεσπὸτου

2286 2042 2443 2112 ἡμῶν
2480 2038 2652 2111 Ἰησοῦ
2699 2039 2935 2110 Χριστοῦ
2986 2041 3118 2112 περὶ
3162 2040 3255 2094 τοῦ
3294 2041 3524 2095 διαϐόλου
3548 2041 3776 2111 διαρρήδην

2287 2131 2584 2204 εῳηκότος·
2617 2130 2878 2198 Ἐκεῖνος
2903 2131 3395 2200 ἀνθρωποκτόνος
3417 2128 3491 2204 ἦν
3512 2132 3601 2186 ἀπ’
3618 2128 3776 2199 ἀρχῆς,

2287 2221 2386 2275 καί
2411 2221 2481 2274 ἐν
2508 2220 2584 2290 τῇ
2615 2221 2867 2289 ἀληθείᾳ
2892 2224 3004 2291 οὐχ
3045 2221 3328 2291 ἕστηκεν,
3357 2221 3443 2276 ὅτι
3467 2222 3678 2289 ἀλήθεια
3700 2222 3776 2273 οὐκ

2284 2309 2460 2363 ἐστιν
2503 2309 2572 2362 ἐν
2598 2308 2775 2375 αὐτῷ.
2816 2311 2991 2364 Ὅταν
3032 2310 3201 2381 λαλῇ
3252 2312 3315 2365 τὸ
3363 2312 3571 2382 ψεῦδος
3613 2313 3670 2365 ἐκ
3696 2308 3776 2362 τῶν

2282 2406 2452 2461 ἰδίων
2476 2406 2669 2471 λαλεῖ,
2704 2406 2792 2460 ὅτι
2827 2407 3098 2476 ψεύστης
3140 2408 3275 2463 ἐστὶ
3317 2409 3415 2463 καὶ
3455 2412 3485 2463 ὀ
3520 2407 3684 2475 πατὴρ
3708 2412 3776 2462 ait

2289 2501 2415 2554 τοῦ.
2448 2500 2512 2552 Τί
2543 2499 2717 2553 τοίνυν
2745 2500 2869 2571 φῂς,
2903 2494 2948 2553 ὦ
2994 2500 3306 2571 Ὠρίγενες;
3340 2502 3537 2570 ἀνάγκη
3570 2501 3659 2572 γὰρ
3696 2500 3776 2567 ἐρέ.

2292 2590 2415 2645 σθαι
2461 2608 2519 2645 σε
2566 2593 2811 2665 πότερον,
2848 2591 3022 2664 ἀληθῆ
3067 2594 3246 2648 ταῦτά
3286 2595 3427 2648 ἐστιν
3453 2593 3579 2666 ειπερ
3607 2591 3776 2664 ἔφρασεν

2290 2686 2319 2736 6
2350 2684 2559 2756 Σωτὴρ,
2589 2684 2622 2755 ἦ
2652 2684 2960 2738 τούναντίον
3004 2684 3393 2758 ἀνθυποφέρων
3434 2687 3596 2757 ὲρείς;
3634 2685 3684 2737 Ei
3713 2683 3776 2754 μὲν

2292 2772 2383 2828 οὖν
2418 2775 2635 2848 ἀληθεῖς
2663 2778 2712 2829 οἱ
2742 2775 2836 2830 τοῦ
2872 2776 3074 2849 Κυρίου
3115 2777 3440 2849 τυγχάνουσι
3469 2779 3626 2847 λόγοι,
3650 2775 3776 2830 είωθὸ-

2292 2885 2419 2933 τως,
2450 2868 2557 2941 ἄρα
2602 2870 2631 2923 6
2675 2868 2882 2941 δαίμων
2931 2868 3203 2940 ἐψεύσατο
3251 2868 3645 2944 θρασυνόμενος·
3674 2869 3710 2920 εί
3740 2867 3776 2920 δὲ

2295 2959 2497 3033 ἀψευδῆ
2524 2960 2592 3015 τά
2620 2961 2712 3014 τοῦ
2740 2960 2989 3032 δαίμονος
3019 2963 3183 3036 ὁρίζῃ
3208 2964 3444 3035 ῥήματα,
3470 2962 3671 3032 ψεύστην
3686 2962 3776 3015 ἀπο-

2299 3056 2460 3125 φῆναι
2487 3053 2577 3108 τὸν
2608 3053 2810 3125 Κύριον
2837 3056 3126 3125 ὲγχειρείς’
3153 3058 3287 3128 ὁρᾷς
3323 3059 3401 3121 εις
3428 3059 3549 3126 ὅσην
3571 3053 3776 3107 ἐκπέπτω-

2296 3164 2391 3201 κεν
2422 3145 2646 3201 ἀτοπίαν
2676 3147 2705 3199 ὁ
2734 3144 2883 3219 παρά
2906 3146 2989 3200 σοὶ
3014 3146 3469 3220 δογματιζόμενος
3486 3149 3621 3220 ὄρος;
3646 3147 3776 3198 Ἀκον-

2295 3257 2386 3305 τες
2415 3240 2511 3311 μὲν
2534 3240 2644 3312 γὰρ
2665 3240 2774 3294 ἐσθ’
2801 3242 2891 3295 ὅτε
2915 3240 3125 3313 τάληθῆ
3150 3242 3330 3311 λέγειν
3351 3244 3399 3296 oi
3424 3242 3645 3314 δαίμονες
3665 3240 3776 3302 ἀναγ⁴

2296 3330 2550 3397 κάζονται
2591 3332 3002 3405 στρεϐλούμενοι
3031 3336 3149 3399 τοῖς
3182 3336 3385 3400 πόνοις,
3428 3336 3486 3388 ού
3516 3333 3607 3405 μὴν
3629 3329 3776 3389 ἑκόντες

2298 3422 2543 3493 ἀνᾷευδῶς
2581 3425 2783 3478 εἴποιεν
2823 3425 2890 3478 ἂν
2914 3423 3112 3479 ὁτιοῦν.
3148 3414 3293 3479 Είδὲ
3324 3425 3405 3479 δεῖ
3436 3425 3495 3496 (Ῑ.
3523 3424 3578 3495 δὴ
3606 3420 3668 3477 ιιι
3685 3420 3776 3485 δεῖν]

2300 3518 2394 3570 καὶ
2426 3514 2665 3580 δικαίους
2700 3515 2920 3584 ἀνάγειν
2941 3514 3001 3582 ἐξ
3025 3516 3157 3589 ᾅδου
3169 3519 3357 3572 τοῦτον
3382 3517 3587 3591 ὁριεῖταί
3602 3530 3663 3576 τις
3685 3512 3776 3581 ἀμε-

2298 3604 2440 3678 λητὶ,
2475 3607 2592 3671 πῶς
2623 3608 2724 3660 ούκ
2766 3607 2831 3661 ἂν
2864 3607 2951 3678 εἴη
2980 3624 3044 3677 γε
3077 3610 3255 3680 σαφὲς
3281 3611 3357 3675 ὡς
3382 3611 3551 3682 ἀπάτῃ
3575 3607 3624 3660 τὸ
3645 3601 3776 3674 ψεῦδος

2301 3698 2639 3767 ἀντεισάγει,
2687 3698 3003 3770 βουλόμενος
3049 3702 3475 3774 ἐκτραχηλιάσαι
3517 3697 3647 3759 τινά;
3686 3691 3776 3747 Ναὶ.

2302 3791 2486 3863 φησὶν,
2519 3791 2632 3845 ἀλλ’
2664 3792 2764 3863 ούχ
2794 3793 2822 3845 ὁ
2864 3792 3073 3865 δαίμων
3122 3795 3300 3849 ταῦτα
3329 3796 3548 3867 εἴρηκεν,
3692 3784 3776 3855 ἡδὶ·

2301 3883 2617 3957 ηγηματικὴ
2661 3884 2753 3938 τοῦ
2787 3885 3145 3956 συγγραφέως
3206 3889 3390 3959 φωνή’
3436 3879 3722 3955 συγγραφεὺς
3748 3873 3776 3927 δῖ

2300 3975 2409 4029 τῶν
2441 3975 2613 4046 λόγων
2645 3971 2781 4031 εῖναι
2817 3978 3175 4033 πεπίστευται
3217 3980 3279 4034 τὸ
3327 3978 3531 4048 Πνεῦμα
3564 3972 3614 4027 τὸ
3655 3970 3775 4035 ἅγιον

2301 4067 2414 4123 ἀλλ’
2447 4068 2547 4122 οὐκ
2574 4067 2873 4141 ἄνθρωπος.
2922 4065 3033 4124 Εἶτ’
3071 4072 3135 4124 ού
3171 4075 3285 4126 νοεῖ
3316 4071 3428 4135 πῶς
3451 4066 3626 4124 ἐναντία
3648 4061 3772 4133 φαῖνε

2301 4163 2367 4231 τῇ
2395 4159 2489 4214 τοῦ
2537 4161 2870 4233 διηγήματος
2915 4163 3148 4236 ἐκδοχῇ;
3203 4164 3433 4219 Κάλλιον
3473 4157 3547 4215 οὖν
3579 4158 3722 4209 ἴσασιν
3748 4167 3772 4201 ο

2303 4250 2575 4315 παντοίοις
2615 4252 2982 4325 σχολαιότερον
3034 4255 3401 4327 ὁμιλήσαντες
3450 4252 3612 4321 λόγοις,
3652 4244 3715 4307 ὡς
3761 4243 3776 4292 ί

2302 4342 2670 4415 διηγηματικὴ
2699 4344 2792 4398 τοῦ
2837 4347 3199 4418 συγγραφέως
3230 4348 3515 4419 ὁμιλήσασα
3535 4337 3679 4394 ταῦτα
3705 4332 3776 4397 ὲξέ

2305 4435 2498 4500 δωκεν,
2529 4436 2674 4508 άπερ
2713 4437 2886 4491 ἐδόκει
2930 4439 3190 4510 πράττειν
3233 4440 3268 4511 ἢ
3299 4440 3469 4508 λέγειν
3491 4433 3558 4505 τῷ
3590 4440 3776 4502 μαντευο

2312 4525 2457 4599 μένῳ
2493 4525 2665 4580 Σαοὺλ
2710 4528 2744 4598 ἡ
2778 4526 3236 4601 ὲγγαστρίμυθοςο
3270 4529 3455 4599 ἀμέλει
3492 4523 3602 4594 περὶ
3630 4516 3775 4583 ἐκείνη

2307 4615 2724 4689 ἐκδιηγούμενος
2757 4619 2786 4671 6
2820 4619 3187 4691 συγγραφεὺς,
3224 4621 3465 4683 καὶτοὺς
3489 4616 3650 4684 λόγους
3668 4604 3775 4672 αὐτῆ

2307 4707 2400 4761 ἐπὶ
2442 4707 2638 4773 λέξεως
2683 4709 3044 4781 ἐκτιθέμενος,
3098 4710 3227 4784 ἔφη’
3264 4712 3375 4766 Καὶ
3412 4707 3565 4765 εἶπεν
3595 4704 3629 4771 ἠ
3662 4692 3776 4769 γωῆ

2321 4798 2460 4855 Τίνα
2486 4800 2758 4871 ἀνανάγω
2782 4817 2916 4866 σοι;
2947 4802 3043 4867 Τίς
3074 4801 3131 4856 δὲ
3164 4804 3343 4868 οὕτως
3379 4800 3564 4874 εὐήθης
3607 4788 3775 4849 ὲστὶνὼ

2306 4890 2654 4962 ὑποκρίνεται
2679 4892 2745 4964 υ.
2772 4892 3181 4967 ὑποκρίνεσθαι]
3199 4897 3276 4970 μὴ
3308 4899 3462 4959 νοεῖν,
3489 4895 3563 4947 ὅτι
3582 4880 3775 4952 αὗταιμὲ

2310 4981 2404 5036 τοῦ
2432 4983 2787 5056 συγγραφέως
2807 4983 2907 5039 οὔκ
2917 4986 3021 5039 είσι
3035 4989 3232 5055 φωναὶ,
3248 4988 3348 5057 τῆς
3361 4978 3712 5055 δὲδαιμονώσης
3720 4972 3776 5022 iii

2312 5076 2565 5146 γυναικός
2586 5094 2602 5144 ;
2629 5076 2786 5130 Ἀλλά
2802 5076 2907 5150 μὴν
2936 5077 3050 5146 εἴγε
3059 5078 3145 5133 δεῖ
3159 5080 3469 5152 φιλαλήθως
3487 5076 3655 5133 εἰπεῖν,
3672 5071 3696 5137 ἡ
3714 5065 3776 5152 διιξ

2304 5168 2590 5241 ,γηματικὴ
2611 5168 2798 5223 τοῦτον
2817 5169 2881 5239 (Ι.
2911 5168 3091 5242 τοῦτο)
3115 5172 3287 5244 ἔφησε
3312 5150 3487 5243 μόνον,
3510 5168 3596 5231 ὡς,
3620 5150 3776 5244 Hier?

2311 5260 2465 5331 γυνὴ
2480 5260 2586 5314 τὸν
2612 5261 2913 5331 Σαμουήλ-
2932 5263 3102 5328 οὖτως
3120 5264 3177 5319 δὲ
3203 5243 3378 5319 ταῦτα
3391 5260 3606 5336 ἔγραψεν
3617 5255 3675 5315 ὡς
3694 5243 3776 5319 πρδί

2298 5348 2518 5414 ,εἰδότας
2541 5352 2668 5422 περὶ
2692 5351 3029 5426 δαιμονὼσης
3045 5353 3268 5425 ὁμιλῶν.
3284 5356 3360 5409 Οὐ
3374 5354 3477 5425 γάρ
3500 5354 3625 5405 ἐστιν
3644 5345 3771 5410 alii“

2312 5441 2514 5513 σητείν,
2534 5420 2843 5515 ὃτινδαίμιον
2860 5445 2959 5499 ούκ
2984 5420 3175 5517 ἀνάγει
3196 5420 3613 5519 ψυχὴννούδενδςν
3633 5434 3691 5495 δί’

2309 5533 2422 5589 τῶν
2437 5533 2673 5590 εὐσεϐῶν
2687 5513 2998 5611 ὁριζόμενος
3019 5513 3626 5612 ἀνθρὼᾇαιίνξὲλαύνεται,
3639 5513 3776 5595 πυροῦ
