  <div class='ocr_page' id='page_1' title='image "/cluster/home/n/w/nwhite01/storage/ocr_20150623/18/hvd.32044073501207/316.png"; bbox 0 0 3898 6196; ppageno 0'>
   <div class='ocr_carea' id='block_1_1' title="bbox 300 217 406 275">
    <p class='ocr_par' dir='ltr' id='par_1_1' title="bbox 300 217 406 275">
     <span class='ocr_line' id='line_1_1' title="bbox 300 217 406 275; baseline 0.019 -1"><span class='ocrx_word' id='word_1_1' title='bbox 300 217 406 275; x_wconf 72' lang='grc'><strong>621</strong></span> 
     </span>
    </p>
   </div>
   <div class='ocr_carea' id='block_1_2' title="bbox 1190 226 2630 303">
    <p class='ocr_par' dir='ltr' id='par_1_2' title="bbox 1190 226 2630 303">
     <span class='ocr_line' id='line_1_2' title="bbox 1190 226 2630 303; baseline 0.015 -22"><span class='ocrx_word' id='word_1_2' title='bbox 1190 226 1279 284; x_wconf 86' lang='lat' dir='ltr'><strong>DE</strong></span> <span class='ocrx_word' id='word_1_3' title='bbox 1316 229 1909 292; x_wconf 73' lang='lat' dir='ltr'><strong>ENGASTRIMYTHO</strong></span> <span class='ocrx_word' id='word_1_4' title='bbox 1940 234 2220 294; x_wconf 79' lang='lat' dir='ltr'><strong>CONTRA</strong></span> <span class='ocrx_word' id='word_1_5' title='bbox 2257 238 2630 303; x_wconf 80' lang='lat' dir='ltr'><strong>ORIGENEM.</strong></span> 
     </span>
    </p>
   </div>
   <div class='ocr_carea' id='block_1_3' title="bbox 3443 267 3551 325">
    <p class='ocr_par' dir='ltr' id='par_1_3' title="bbox 3443 267 3551 325">
     <span class='ocr_line' id='line_1_3' title="bbox 3443 267 3551 325; baseline 0.037 -4"><span class='ocrx_word' id='word_1_6' title='bbox 3443 267 3551 325; x_wconf 73' lang='lat'><strong>6‘32</strong></span> 
     </span>
    </p>
   </div>
   <div class='ocr_carea' id='block_1_4' title="bbox 301 331 1833 461">
    <p class='ocr_par' dir='ltr' id='par_1_4' title="bbox 301 331 1833 461">
     <span class='ocr_line' id='line_1_4' title="bbox 301 331 1833 420; baseline 0.011 -35"><span class='ocrx_word' id='word_1_7' title='bbox 301 351 423 398; x_wconf 81' lang='grc' dir='ltr'><strong>ται,</strong></span> <span class='ocrx_word' id='word_1_8' title='bbox 462 331 793 403; x_wconf 76' lang='grc' dir='ltr'><strong>μαστίζεται,</strong></span> <span class='ocrx_word' id='word_1_9' title='bbox 825 335 919 390; x_wconf 69' lang='grc' dir='ltr'><strong>καὶ</strong></span> <span class='ocrx_word' id='word_1_10' title='bbox 949 338 1136 407; x_wconf 80' lang='grc' dir='ltr'><strong>φεύγει</strong></span> <span class='ocrx_word' id='word_1_11' title='bbox 1175 339 1237 393; x_wconf 81' lang='grc' dir='ltr'><strong>τδ</strong></span> <span class='ocrx_word' id='word_1_12' title='bbox 1275 344 1539 417; x_wconf 84' lang='grc' dir='ltr'><strong>σκήνωμα</strong></span> <span class='ocrx_word' id='word_1_13' title='bbox 1574 348 1833 420; x_wconf 69' lang='grc' dir='ltr'><strong>προλιπώε</strong></span> 
     </span>
     <span class='ocr_line' id='line_1_5' title="bbox 304 417 1833 461; baseline 0 0"><span class='ocrx_word' id='word_1_14' title='bbox 304 417 428 461; x_wconf 48' lang='grc' dir='ltr'><strong>λιδὶν</strong></span> <span class='ocrx_word' id='word_1_15' title='bbox 450 423 579 461; x_wconf 65' lang='grc' dir='ltr'><strong>εἷκε..</strong></span> <span class='ocrx_word' id='word_1_16' title='bbox 602 429 632 461; x_wconf 74' lang='grc' dir='ltr'><strong>ιι.</strong></span> <span class='ocrx_word' id='word_1_17' title='bbox 662 429 953 461; x_wconf 64' lang='grc' dir='ltr'><strong>..-η-...ηιξ</strong></span> <span class='ocrx_word' id='word_1_18' title='bbox 973 431 1048 461; x_wconf 67' lang='grc' dir='ltr'><strong>ιε.-</strong></span> <span class='ocrx_word' id='word_1_19' title='bbox 1073 432 1309 461; x_wconf 77' lang='grc' dir='ltr'><strong>ι------.</strong></span> <span class='ocrx_word' id='word_1_20' title='bbox 1333 438 1386 461; x_wconf 68' lang='grc' dir='ltr'><strong>...ν</strong></span> <span class='ocrx_word' id='word_1_21' title='bbox 1400 441 1461 461; x_wconf 68' lang='grc' dir='ltr'><strong>,ις</strong></span> <span class='ocrx_word' id='word_1_22' title='bbox 1488 438 1541 461; x_wconf 66' lang='grc' dir='ltr'><strong>-ι</strong></span> <span class='ocrx_word' id='word_1_23' title='bbox 1575 441 1665 461; x_wconf 53' lang='lat'><strong>-3</strong></span> <span class='ocrx_word' id='word_1_24' title='bbox 1682 458 1709 461; x_wconf 67' lang='grc'><strong>-.</strong></span> <span class='ocrx_word' id='word_1_25' title='bbox 1728 459 1749 461; x_wconf 44' lang='grc' dir='ltr'>μ</span> <span class='ocrx_word' id='word_1_26' title='bbox 1784 441 1833 461; x_wconf 62' lang='grc' dir='ltr'><strong>,ε</strong></span> 
     </span>
    </p>
   </div>
   <div class='ocr_carea' id='block_1_5' title="bbox 1937 331 3544 461">
    <p class='ocr_par' dir='ltr' id='par_1_5' title="bbox 1937 349 3544 461">
     <span class='ocr_line' id='line_1_6' title="bbox 1937 349 3544 461; baseline 0.021 -60"><span class='ocrx_word' id='word_1_27' title='bbox 1937 373 1952 412; x_wconf 62' lang='grc' dir='ltr'>ι</span> <span class='ocrx_word' id='word_1_28' title='bbox 1979 363 2101 404; x_wconf 89' lang='lat' dir='ltr'><strong>rum</strong></span> <span class='ocrx_word' id='word_1_29' title='bbox 2133 349 2413 409; x_wconf 82' lang='lat' dir='ltr'><strong>hominum</strong></span> <span class='ocrx_word' id='word_1_30' title='bbox 2453 355 2682 427; x_wconf 90' lang='lat' dir='ltr'><strong>imperio</strong></span> <span class='ocrx_word' id='word_1_31' title='bbox 2713 363 2938 461; x_wconf 59' lang='lat' dir='ltr'><strong>supest,</strong></span> <span class='ocrx_word' id='word_1_32' title='bbox 2982 366 3233 439; x_wconf 72' lang='lat' dir='ltr'><strong>eiicitur,</strong></span> <span class='ocrx_word' id='word_1_33' title='bbox 3269 371 3396 447; x_wconf 87' lang='lat' dir='ltr'><strong>igne</strong></span> <span class='ocrx_word' id='word_1_34' title='bbox 3423 392 3544 434; x_wconf 83' lang='lat' dir='ltr'><strong>crc-</strong></span> 
     </span>
    </p>
   </div>
   <div class='ocr_carea' id='block_1_6' title="bbox 302 417 1833 540">
    <p class='ocr_par' dir='ltr' id='par_1_6' title="bbox 302 417 1833 540">
     <span class='ocr_line' id='line_1_7' title="bbox 302 417 1833 540; baseline 0.01 -60"><span class='ocrx_word' id='word_1_35' title='bbox 302 417 428 481; x_wconf 68' lang='grc' dir='ltr'><strong>ἀλλ*</strong></span> <span class='ocrx_word' id='word_1_36' title='bbox 448 423 579 482; x_wconf 72' lang='grc' dir='ltr'><strong>εἶδεν</strong></span> <span class='ocrx_word' id='word_1_37' title='bbox 602 429 634 500; x_wconf 83' lang='grc' dir='ltr'><strong>ή</strong></span> <span class='ocrx_word' id='word_1_38' title='bbox 662 429 954 502; x_wconf 78' lang='grc' dir='ltr'><strong>παραπλὴξ</strong></span> <span class='ocrx_word' id='word_1_39' title='bbox 972 431 1048 495; x_wconf 84' lang='grc' dir='ltr'><strong>ὡς</strong></span> <span class='ocrx_word' id='word_1_40' title='bbox 1073 432 1309 505; x_wconf 76' lang='grc' dir='ltr'><strong>ἔπρεπεν</strong></span> <span class='ocrx_word' id='word_1_41' title='bbox 1328 438 1465 511; x_wconf 79' lang='grc' dir='ltr'><strong>αὐτῇ</strong></span> <span class='ocrx_word' id='word_1_42' title='bbox 1486 438 1547 540; x_wconf 56' lang='grc' dir='ltr'><strong>τὸ</strong></span> 
     </span>
    </p>
   </div>
   <div class='ocr_carea' id='block_1_7' title="bbox 1937 417 3541 540">
    <p class='ocr_par' dir='ltr' id='par_1_7' title="bbox 1979 417 3541 540">
     <span class='ocr_line' id='line_1_8' title="bbox 1979 417 3541 540; baseline 0.022 -46"><span class='ocrx_word' id='word_1_43' title='bbox 1979 449 2180 509; x_wconf 89' lang='lat' dir='ltr'><strong>matur,</strong></span> <span class='ocrx_word' id='word_1_44' title='bbox 2218 442 2401 517; x_wconf 83' lang='lat' dir='ltr'><strong>ﬂagris</strong></span> <span class='ocrx_word' id='word_1_45' title='bbox 2420 417 2650 504; x_wconf 67' lang='lat' dir='ltr'><strong>caeditur</strong></span> <span class='ocrx_word' id='word_1_46' title='bbox 2664 460 2719 507; x_wconf 88' lang='lat' dir='ltr'><strong>et</strong></span> <span class='ocrx_word' id='word_1_47' title='bbox 2742 421 2901 526; x_wconf 64' lang='lat' dir='ltr'><strong>idgit,</strong></span> <span class='ocrx_word' id='word_1_48' title='bbox 2921 417 3256 521; x_wconf 57' lang='lat' dir='ltr'><strong>habitatione</strong></span> <span class='ocrx_word' id='word_1_49' title='bbox 3271 417 3541 540; x_wconf 63' lang='lat' dir='ltr'><strong>:eglecta.</strong></span> 
     </span>
    </p>
   </div>
   <div class='ocr_carea' id='block_1_8' title="bbox 306 523 1833 634">
    <p class='ocr_par' dir='ltr' id='par_1_8' title="bbox 306 523 1833 634">
     <span class='ocr_line' id='line_1_9' title="bbox 306 523 1833 634; baseline 0.01 -62"><span class='ocrx_word' id='word_1_50' title='bbox 306 523 959 595; x_wconf 81' lang='grc' dir='ltr'><strong>πεφαντασιοκοπημένης</strong></span> <span class='ocrx_word' id='word_1_51' title='bbox 1004 525 1197 597; x_wconf 71' lang='grc' dir='ltr'><strong>ὅψεως.</strong></span> <span class='ocrx_word' id='word_1_52' title='bbox 1237 528 1404 582; x_wconf 81' lang='grc' dir='ltr'><strong>Είωθε</strong></span> <span class='ocrx_word' id='word_1_53' title='bbox 1435 530 1564 634; x_wconf 66' lang='grc' dir='ltr'><strong>γρύν</strong></span> <span class='ocrx_word' id='word_1_54' title='bbox 1597 534 1626 586; x_wconf 98' lang='lat'><strong>6</strong></span> <span class='ocrx_word' id='word_1_55' title='bbox 1666 532 1769 634; x_wconf 75' lang='grc' dir='ltr'><strong>θὴρ</strong></span> <span class='ocrx_word' id='word_1_56' title='bbox 1797 537 1833 634; x_wconf 47' lang='lat' dir='ltr'><strong>e-i</strong></span> 
     </span>
    </p>
   </div>
   <div class='ocr_carea' id='block_1_9' title="bbox 1937 523 3545 634">
    <p class='ocr_par' dir='ltr' id='par_1_9' title="bbox 1979 523 3545 634">
     <span class='ocr_line' id='line_1_10' title="bbox 1979 523 3545 634; baseline 0.022 -48"><span class='ocrx_word' id='word_1_57' title='bbox 1979 533 2142 590; x_wconf 84' lang='lat' dir='ltr'><strong>ullius</strong></span> <span class='ocrx_word' id='word_1_58' title='bbox 2170 536 2408 592; x_wconf 88' lang='lat' dir='ltr'><strong>animam</strong></span> <span class='ocrx_word' id='word_1_59' title='bbox 2442 555 2695 602; x_wconf 83' lang='lat' dir='ltr'><strong>evocare.</strong></span> <span class='ocrx_word' id='word_1_60' title='bbox 2720 523 2830 601; x_wconf 83' lang='lat' dir='ltr'><strong>Sed</strong></span> <span class='ocrx_word' id='word_1_61' title='bbox 2852 549 2987 607; x_wconf 91' lang='lat' dir='ltr'><strong>vidit</strong></span> <span class='ocrx_word' id='word_1_62' title='bbox 3007 568 3230 623; x_wconf 85' lang='lat' dir='ltr'><strong>vesana,</strong></span> <span class='ocrx_word' id='word_1_63' title='bbox 3264 567 3325 615; x_wconf 90' lang='lat' dir='ltr'><strong>ut</strong></span> <span class='ocrx_word' id='word_1_64' title='bbox 3342 523 3545 634; x_wconf 62' lang='lat' dir='ltr'><strong>aptiori</strong></span> 
     </span>
    </p>
   </div>
   <div class='ocr_carea' id='block_1_10' title="bbox 306 611 1871 686">
    <p class='ocr_par' dir='ltr' id='par_1_10' title="bbox 306 611 1871 686">
     <span class='ocr_line' id='line_1_11' title="bbox 306 611 1871 686; baseline 0.01 -23"><span class='ocrx_word' id='word_1_65' title='bbox 306 611 765 680; x_wconf 71' lang='grc' dir='ltr'><strong>πολυπροσώπως</strong></span> <span class='ocrx_word' id='word_1_66' title='bbox 806 615 995 671; x_wconf 80' lang='grc' dir='ltr'><strong>ἑαυτὸν</strong></span> <span class='ocrx_word' id='word_1_67' title='bbox 1049 615 1388 682; x_wconf 78' lang='grc' dir='ltr'><strong>ἐξαλλάττειν</strong></span> <span class='ocrx_word' id='word_1_68' title='bbox 1444 622 1587 686; x_wconf 84' lang='grc' dir='ltr'><strong>ίδέας</strong></span> <span class='ocrx_word' id='word_1_69' title='bbox 1607 639 1622 654; x_wconf 88' lang='grc'><strong>·</strong></span> <span class='ocrx_word' id='word_1_70' title='bbox 1675 623 1762 677; x_wconf 82' lang='grc' dir='ltr'><strong>ἵνα</strong></span> <span class='ocrx_word' id='word_1_71' title='bbox 1814 624 1871 679; x_wconf 82' lang='grc' dir='ltr'><strong>δὲ</strong></span> 
     </span>
    </p>
   </div>
   <div class='ocr_carea' id='block_1_11' title="bbox 302 704 1873 791">
    <p class='ocr_par' dir='ltr' id='par_1_11' title="bbox 302 704 1873 791">
     <span class='ocr_line' id='line_1_12' title="bbox 302 704 1873 791; baseline 0.011 -36"><span class='ocrx_word' id='word_1_72' title='bbox 302 705 446 757; x_wconf 83' lang='grc' dir='ltr'><strong>κατά</strong></span> <span class='ocrx_word' id='word_1_73' title='bbox 473 704 564 758; x_wconf 83' lang='grc' dir='ltr'><strong>τὸν</strong></span> <span class='ocrx_word' id='word_1_74' title='bbox 608 707 880 780; x_wconf 82' lang='grc' dir='ltr'><strong>ἀγιοφανῆ</strong></span> <span class='ocrx_word' id='word_1_75' title='bbox 909 709 1121 765; x_wconf 83' lang='grc' dir='ltr'><strong>Παῦλον</strong></span> <span class='ocrx_word' id='word_1_76' title='bbox 1159 712 1635 785; x_wconf 64' lang='grc' dir='ltr'><strong>ἀπφθεγξάμενος</strong></span> <span class='ocrx_word' id='word_1_77' title='bbox 1667 717 1873 791; x_wconf 72' lang='grc' dir='ltr'><strong>εἴποιμ’</strong></span> 
     </span>
    </p>
   </div>
   <div class='ocr_carea' id='block_1_12' title="bbox 1974 624 3545 714">
    <p class='ocr_par' dir='ltr' id='par_1_12' title="bbox 1974 624 3545 714">
     <span class='ocr_line' id='line_1_13' title="bbox 1974 624 3545 714; baseline 0.023 -34"><span class='ocrx_word' id='word_1_78' title='bbox 1974 624 2148 698; x_wconf 82' lang='lat' dir='ltr'><strong>ﬁgura</strong></span> <span class='ocrx_word' id='word_1_79' title='bbox 2178 645 2293 686; x_wconf 90' lang='lat' dir='ltr'><strong>rem</strong></span> <span class='ocrx_word' id='word_1_80' title='bbox 2321 647 2487 703; x_wconf 89' lang='lat' dir='ltr'><strong>quam</strong></span> <span class='ocrx_word' id='word_1_81' title='bbox 2522 634 2912 709; x_wconf 79' lang='lat' dir='ltr'><strong>imaginatione</strong></span> <span class='ocrx_word' id='word_1_82' title='bbox 2946 645 3053 702; x_wconf 88' lang='lat' dir='ltr'><strong>sibi</strong></span> <span class='ocrx_word' id='word_1_83' title='bbox 3087 624 3545 714; x_wconf 51' lang='lat' dir='ltr'><strong>conﬁctam-con-</strong></span> 
     </span>
    </p>
   </div>
   <div class='ocr_carea' id='block_1_13' title="bbox 1973 728 3542 812">
    <p class='ocr_par' dir='ltr' id='par_1_13' title="bbox 1973 728 3542 812">
     <span class='ocr_line' id='line_1_14' title="bbox 1973 728 3542 812; baseline 0.022 -39"><span class='ocrx_word' id='word_1_84' title='bbox 1973 728 2213 791; x_wconf 76' lang='lat' dir='ltr'><strong>ceperat,</strong></span> <span class='ocrx_word' id='word_1_85' title='bbox 2240 734 2678 794; x_wconf 73' lang='lat' dir='ltr'><strong>reprtesentaret.</strong></span> <span class='ocrx_word' id='word_1_86' title='bbox 2701 731 2890 790; x_wconf 90' lang='lat' dir='ltr'><strong>Bellua</strong></span> <span class='ocrx_word' id='word_1_87' title='bbox 2920 753 3155 812; x_wconf 85' lang='lat' dir='ltr'><strong>namque</strong></span> <span class='ocrx_word' id='word_1_88' title='bbox 3173 759 3233 800; x_wconf 89' lang='lat' dir='ltr'><strong>se</strong></span> <span class='ocrx_word' id='word_1_89' title='bbox 3260 745 3317 802; x_wconf 89' lang='lat' dir='ltr'><strong>in</strong></span> <span class='ocrx_word' id='word_1_90' title='bbox 3340 750 3542 809; x_wconf 88' lang='lat' dir='ltr'><strong>multas</strong></span> 
     </span>
    </p>
   </div>
   <div class='ocr_carea' id='block_1_14' title="bbox 294 794 1833 901">
    <p class='ocr_par' dir='ltr' id='par_1_14' title="bbox 294 794 1833 876">
     <span class='ocr_line' id='line_1_15' title="bbox 294 794 1833 876; baseline 0.011 -28"><span class='ocrx_word' id='word_1_91' title='bbox 294 794 389 848; x_wconf 78' lang='grc' dir='ltr'><strong>ἄν’</strong></span> <span class='ocrx_word' id='word_1_92' title='bbox 413 797 619 864; x_wconf 77' lang='grc' dir='ltr'><strong>Αὐτὸς</strong></span> <span class='ocrx_word' id='word_1_93' title='bbox 663 799 773 869; x_wconf 79' lang='grc' dir='ltr'><strong>γὰρ</strong></span> <span class='ocrx_word' id='word_1_94' title='bbox 803 804 836 854; x_wconf 83' lang='grc' dir='ltr'><em>ὁ</em></span> <span class='ocrx_word' id='word_1_95' title='bbox 868 800 1139 870; x_wconf 79' lang='grc' dir='ltr'><em>Σατανᾶς</em></span> <span class='ocrx_word' id='word_1_96' title='bbox 1179 807 1743 876; x_wconf 79' lang='grc' dir='ltr'><strong>μετασχηματίζεται</strong></span> <span class='ocrx_word' id='word_1_97' title='bbox 1782 814 1833 865; x_wconf 80' lang='grc' dir='ltr'><strong>ει</strong></span> 
     </span>
    </p>
   </div>
   <div class='ocr_carea' id='block_1_15' title="bbox 1937 794 3544 901">
    <p class='ocr_par' dir='ltr' id='par_1_15' title="bbox 1973 810 3544 901">
     <span class='ocr_line' id='line_1_16' title="bbox 1973 810 3544 901; baseline 0.024 -37"><span class='ocrx_word' id='word_1_98' title='bbox 1973 810 2262 884; x_wconf 87' lang='lat' dir='ltr'><strong>variasque</strong></span> <span class='ocrx_word' id='word_1_99' title='bbox 2312 816 2518 876; x_wconf 82' lang='lat' dir='ltr'><strong>formas</strong></span> <span class='ocrx_word' id='word_1_100' title='bbox 2556 831 2772 883; x_wconf 88' lang='lat' dir='ltr'><strong>mutare</strong></span> <span class='ocrx_word' id='word_1_101' title='bbox 2834 835 3152 901; x_wconf 71' lang='lat' dir='ltr'><strong>consuevit,</strong></span> <span class='ocrx_word' id='word_1_102' title='bbox 3198 845 3260 893; x_wconf 90' lang='lat' dir='ltr'><strong>ut</strong></span> <span class='ocrx_word' id='word_1_103' title='bbox 3300 854 3426 897; x_wconf 90' lang='lat' dir='ltr'><strong>cum</strong></span> <span class='ocrx_word' id='word_1_104' title='bbox 3459 844 3544 900; x_wconf 89' lang='lat' dir='ltr'><strong>di-</strong></span> 
     </span>
    </p>
   </div>
   <div class='ocr_carea' id='block_1_16' title="bbox 296 893 1868 971">
    <p class='ocr_par' dir='ltr' id='par_1_16' title="bbox 296 893 1868 971">
     <span class='ocr_line' id='line_1_17' title="bbox 296 893 1868 971; baseline 0.008 -26"><span class='ocrx_word' id='word_1_105' title='bbox 296 893 556 958; x_wconf 65' lang='grc' dir='ltr'><strong>ἄτπελον</strong></span> <span class='ocrx_word' id='word_1_106' title='bbox 584 894 799 960; x_wconf 69' lang='grc' dir='ltr'><strong>φωτός-ο</strong></span> <span class='ocrx_word' id='word_1_107' title='bbox 826 894 887 947; x_wconf 83' lang='grc' dir='ltr'><strong>οὐ</strong></span> <span class='ocrx_word' id='word_1_108' title='bbox 917 893 1057 966; x_wconf 90' lang='grc' dir='ltr'><strong>μέγα</strong></span> <span class='ocrx_word' id='word_1_109' title='bbox 1082 896 1210 965; x_wconf 81' lang='grc' dir='ltr'><strong>γοῦν</strong></span> <span class='ocrx_word' id='word_1_110' title='bbox 1232 898 1280 950; x_wconf 88' lang='grc' dir='ltr'><strong>εί</strong></span> <span class='ocrx_word' id='word_1_111' title='bbox 1310 898 1688 971; x_wconf 87' lang='grc' dir='ltr'><strong>διαλεγόμενος</strong></span> <span class='ocrx_word' id='word_1_112' title='bbox 1712 902 1868 970; x_wconf 81' lang='grc' dir='ltr'>ἔταξε</span> 
     </span>
    </p>
   </div>
   <div class='ocr_carea' id='block_1_17' title="bbox 297 980 1868 1068">
    <p class='ocr_par' dir='ltr' id='par_1_17' title="bbox 297 980 1868 1068">
     <span class='ocr_line' id='line_1_18' title="bbox 297 980 1868 1068; baseline 0.011 -36"><span class='ocrx_word' id='word_1_113' title='bbox 297 980 404 1050; x_wconf 84' lang='grc' dir='ltr'><strong>μὲν</strong></span> <span class='ocrx_word' id='word_1_114' title='bbox 438 983 531 1035; x_wconf 78' lang='grc' dir='ltr'><strong>καὶ</strong></span> <span class='ocrx_word' id='word_1_115' title='bbox 558 983 678 1038; x_wconf 86' lang='grc' dir='ltr'><strong>τόδε</strong></span> <span class='ocrx_word' id='word_1_116' title='bbox 726 984 788 1039; x_wconf 78' lang='grc' dir='ltr'><strong>τὸ</strong></span> <span class='ocrx_word' id='word_1_117' title='bbox 834 988 1051 1060; x_wconf 79' lang='grc' dir='ltr'>χωρίον,</span> <span class='ocrx_word' id='word_1_118' title='bbox 1095 989 1342 1061; x_wconf 72' lang='grc' dir='ltr'><strong>οἰόμενος</strong></span> <span class='ocrx_word' id='word_1_119' title='bbox 1378 992 1442 1045; x_wconf 82' lang='grc' dir='ltr'>ἐκ</span> <span class='ocrx_word' id='word_1_120' title='bbox 1484 992 1672 1047; x_wconf 88' lang='grc' dir='ltr'><strong>τούτου</strong></span> <span class='ocrx_word' id='word_1_121' title='bbox 1714 1012 1868 1068; x_wconf 87' lang='grc' dir='ltr'><strong>περι-</strong></span> 
     </span>
    </p>
   </div>
   <div class='ocr_carea' id='block_1_18' title="bbox 290 1071 1866 1159">
    <p class='ocr_par' dir='ltr' id='par_1_18' title="bbox 290 1071 1866 1159">
     <span class='ocr_line' id='line_1_19' title="bbox 290 1071 1866 1159; baseline 0.011 -37"><span class='ocrx_word' id='word_1_122' title='bbox 290 1071 527 1141; x_wconf 78' lang='grc' dir='ltr'><strong>γράφειν</strong></span> <span class='ocrx_word' id='word_1_123' title='bbox 563 1076 690 1139; x_wconf 84' lang='grc' dir='ltr'><strong>τοὺς</strong></span> <span class='ocrx_word' id='word_1_124' title='bbox 734 1076 833 1148; x_wconf 82' lang='grc' dir='ltr'><strong>τὴν</strong></span> <span class='ocrx_word' id='word_1_125' title='bbox 877 1078 1134 1150; x_wconf 83' lang='grc' dir='ltr'><strong>ἀλήθειαν</strong></span> <span class='ocrx_word' id='word_1_126' title='bbox 1166 1080 1601 1149; x_wconf 84' lang='grc' dir='ltr'><strong>ἀντεισάγοντας,</strong></span> <span class='ocrx_word' id='word_1_127' title='bbox 1642 1085 1866 1159; x_wconf 68' lang='grc' dir='ltr'><strong>ἀτεχνίᾳ</strong></span> 
     </span>
    </p>
   </div>
   <div class='ocr_carea' id='block_1_19' title="bbox 289 1161 1865 1248">
    <p class='ocr_par' dir='ltr' id='par_1_19' title="bbox 289 1161 1865 1248">
     <span class='ocr_line' id='line_1_20' title="bbox 289 1161 1865 1248; baseline 0.011 -34"><span class='ocrx_word' id='word_1_128' title='bbox 289 1161 351 1215; x_wconf 84' lang='grc' dir='ltr'><strong>δὲ</strong></span> <span class='ocrx_word' id='word_1_129' title='bbox 386 1163 584 1233; x_wconf 77' lang='grc' dir='ltr'><strong>μᾶλλον</strong></span> <span class='ocrx_word' id='word_1_130' title='bbox 615 1166 649 1238; x_wconf 84' lang='grc' dir='ltr'>ἢ</span> <span class='ocrx_word' id='word_1_131' title='bbox 676 1167 842 1240; x_wconf 82' lang='grc' dir='ltr'><strong>τέχνῃ</strong></span> <span class='ocrx_word' id='word_1_132' title='bbox 882 1168 1052 1224; x_wconf 82' lang='grc' dir='ltr'>δοκῶν</span> <span class='ocrx_word' id='word_1_133' title='bbox 1100 1170 1489 1236; x_wconf 77' lang='grc' dir='ltr'><strong>ἀνασκευάζειν</strong></span> <span class='ocrx_word' id='word_1_134' title='bbox 1515 1173 1664 1245; x_wconf 75' lang='grc' dir='ltr'><strong>αὐτῷ</strong></span> <span class='ocrx_word' id='word_1_135' title='bbox 1698 1193 1865 1248; x_wconf 84' lang='grc' dir='ltr'><strong>προσ-</strong></span> 
     </span>
    </p>
   </div>
   <div class='ocr_carea' id='block_1_20' title="bbox 287 1254 473 1328">
    <p class='ocr_par' dir='ltr' id='par_1_20' title="bbox 287 1254 473 1328">
     <span class='ocr_line' id='line_1_21' title="bbox 287 1254 473 1328; baseline 0.022 -22"><span class='ocrx_word' id='word_1_136' title='bbox 287 1254 473 1328; x_wconf 76' lang='grc' dir='ltr'><strong>ετέθη.</strong></span> 
     </span>
    </p>
   </div>
   <div class='ocr_carea' id='block_1_21' title="bbox 355 1436 1858 1523">
    <p class='ocr_par' dir='ltr' id='par_1_21' title="bbox 355 1436 1858 1523">
     <span class='ocr_line' id='line_1_22' title="bbox 355 1436 1858 1523; baseline 0.008 -33"><span class='ocrx_word' id='word_1_137' title='bbox 355 1436 423 1491; x_wconf 67' lang='grc' dir='ltr'><strong>ν.</strong></span> <span class='ocrx_word' id='word_1_138' title='bbox 468 1439 582 1491; x_wconf 74' lang='grc' dir='ltr'><strong>Καὶ</strong></span> <span class='ocrx_word' id='word_1_139' title='bbox 605 1438 766 1506; x_wconf 86' lang='grc' dir='ltr'><strong>διατί,</strong></span> <span class='ocrx_word' id='word_1_140' title='bbox 797 1442 980 1513; x_wconf 79' lang='grc' dir='ltr'><strong>φησὶν,</strong></span> <span class='ocrx_word' id='word_1_141' title='bbox 1033 1446 1132 1499; x_wconf 78' lang='grc' dir='ltr'><strong>οὐκ</strong></span> <span class='ocrx_word' id='word_1_142' title='bbox 1160 1445 1402 1519; x_wconf 81' lang='grc' dir='ltr'><strong>εἴρηται,</strong></span> <span class='ocrx_word' id='word_1_143' title='bbox 1433 1449 1609 1507; x_wconf 78' lang='grc' dir='ltr'><strong>Εἷδεν</strong></span> <span class='ocrx_word' id='word_1_144' title='bbox 1634 1452 1673 1519; x_wconf 70' lang='grc' dir='ltr'>ἡ</span> <span class='ocrx_word' id='word_1_145' title='bbox 1704 1452 1858 1523; x_wconf 74' lang='grc' dir='ltr'><strong>γυνὴ</strong></span> 
     </span>
    </p>
   </div>
   <div class='ocr_carea' id='block_1_22' title="bbox 279 1527 1861 1612">
    <p class='ocr_par' dir='ltr' id='par_1_22' title="bbox 279 1527 1861 1612">
     <span class='ocr_line' id='line_1_23' title="bbox 279 1527 1861 1612; baseline 0.012 -31"><span class='ocrx_word' id='word_1_146' title='bbox 279 1527 596 1597; x_wconf 72' lang='grc' dir='ltr'><strong>δαιμόνιον</strong></span> <span class='ocrx_word' id='word_1_147' title='bbox 640 1532 673 1586; x_wconf 85' lang='grc' dir='ltr'><strong>ὂ</strong></span> <span class='ocrx_word' id='word_1_148' title='bbox 716 1537 1128 1602; x_wconf 79' lang='grc' dir='ltr'><strong>προσεποιεῖτο</strong></span> <span class='ocrx_word' id='word_1_149' title='bbox 1181 1536 1332 1593; x_wconf 76' lang='grc' dir='ltr'><em>εἶναι</em></span> <span class='ocrx_word' id='word_1_150' title='bbox 1380 1542 1686 1612; x_wconf 79' lang='grc' dir='ltr'><strong>Σαμουὴλ,</strong></span> <span class='ocrx_word' id='word_1_151' title='bbox 1726 1544 1861 1600; x_wconf 84' lang='grc' dir='ltr'><strong>ἀλλὰ</strong></span> 
     </span>
    </p>
   </div>
   <div class='ocr_carea' id='block_1_23' title="bbox 278 1622 1856 1704">
    <p class='ocr_par' dir='ltr' id='par_1_23' title="bbox 278 1622 1856 1704">
     <span class='ocr_line' id='line_1_24' title="bbox 278 1622 1856 1704; baseline 0.013 -30"><span class='ocrx_word' id='word_1_152' title='bbox 278 1622 595 1693; x_wconf 79' lang='grc' dir='ltr'><strong>γεγράφθαι</strong></span> <span class='ocrx_word' id='word_1_153' title='bbox 644 1625 779 1696; x_wconf 83' lang='grc' dir='ltr'><strong>πρὸς</strong></span> <span class='ocrx_word' id='word_1_154' title='bbox 806 1628 898 1681; x_wconf 75' lang='grc' dir='ltr'><strong>ἐπὶ</strong></span> <span class='ocrx_word' id='word_1_155' title='bbox 927 1628 1137 1695; x_wconf 82' lang='grc' dir='ltr'><strong>τούτοις</strong></span> <span class='ocrx_word' id='word_1_156' title='bbox 1169 1630 1388 1703; x_wconf 76' lang='grc' dir='ltr'><strong>ἔφησεν,</strong></span> <span class='ocrx_word' id='word_1_157' title='bbox 1426 1635 1615 1704; x_wconf 75' lang='grc' dir='ltr'><strong>Ἔγνω</strong></span> <span class='ocrx_word' id='word_1_158' title='bbox 1633 1638 1856 1704; x_wconf 75' lang='grc' dir='ltr'><em>Σαοὺλ,</em></span> 
     </span>
    </p>
   </div>
   <div class='ocr_carea' id='block_1_24' title="bbox 277 1693 1933 1800">
    <p class='ocr_par' dir='ltr' id='par_1_24' title="bbox 277 1693 1933 1800">
     <span class='ocr_line' id='line_1_25' title="bbox 277 1693 1933 1800; baseline 0.01 -36"><span class='ocrx_word' id='word_1_159' title='bbox 277 1711 372 1765; x_wconf 81' lang='grc' dir='ltr'><strong>ὅτι</strong></span> <span class='ocrx_word' id='word_1_160' title='bbox 399 1693 926 1783; x_wconf 26' lang='grc' dir='ltr'><strong>Σαμουήλνέπτιη</strong></span> <span class='ocrx_word' id='word_1_161' title='bbox 964 1715 1096 1773; x_wconf 75' lang='grc' dir='ltr'><strong>Εἶτα</strong></span> <span class='ocrx_word' id='word_1_162' title='bbox 1118 1693 1288 1775; x_wconf 75' lang='grc' dir='ltr'><strong>πάλιν</strong></span> <span class='ocrx_word' id='word_1_163' title='bbox 1320 1693 1568 1798; x_wconf 76' lang='grc' dir='ltr'><strong>ἐπιφέρει</strong></span> <span class='ocrx_word' id='word_1_164' title='bbox 1615 1693 1855 1800; x_wconf 65' lang='grc' dir='ltr'><strong>προϊώνΖ</strong></span> <span class='ocrx_word' id='word_1_165' title='bbox 1891 1693 1933 1749; x_wconf 76' lang='grc' dir='ltr'><strong><em>Β</em></strong></span> 
     </span>
    </p>
   </div>
   <div class='ocr_carea' id='block_1_25' title="bbox 276 1799 1856 1890">
    <p class='ocr_par' dir='ltr' id='par_1_25' title="bbox 276 1799 1856 1890">
     <span class='ocr_line' id='line_1_26' title="bbox 276 1799 1856 1890; baseline 0.015 -37"><span class='ocrx_word' id='word_1_166' title='bbox 276 1802 341 1854; x_wconf 78' lang='grc' dir='ltr'><strong>Εἰ</strong></span> <span class='ocrx_word' id='word_1_167' title='bbox 386 1802 462 1874; x_wconf 78' lang='grc' dir='ltr'><strong>μὴ</strong></span> <span class='ocrx_word' id='word_1_168' title='bbox 503 1799 573 1875; x_wconf 82' lang='grc' dir='ltr'><strong>ἦν</strong></span> <span class='ocrx_word' id='word_1_169' title='bbox 616 1806 900 1879; x_wconf 82' lang='grc' dir='ltr'><strong>Σαμουὴλ,</strong></span> <span class='ocrx_word' id='word_1_170' title='bbox 947 1808 1052 1862; x_wconf 78' lang='grc' dir='ltr'><strong>ἔδει</strong></span> <span class='ocrx_word' id='word_1_171' title='bbox 1080 1811 1422 1883; x_wconf 81' lang='grc' dir='ltr'><strong>,γεγράφθαιο</strong></span> <span class='ocrx_word' id='word_1_172' title='bbox 1480 1818 1589 1873; x_wconf 77' lang='grc' dir='ltr'><strong>Καὶ</strong></span> <span class='ocrx_word' id='word_1_173' title='bbox 1629 1799 1856 1890; x_wconf 47' lang='grc' dir='ltr'><strong>ἐνόμιζε</strong></span> 
     </span>
    </p>
   </div>
   <div class='ocr_carea' id='block_1_26' title="bbox 274 1894 1849 1983">
    <p class='ocr_par' dir='ltr' id='par_1_26' title="bbox 274 1894 1849 1983">
     <span class='ocr_line' id='line_1_27' title="bbox 274 1894 1849 1983; baseline 0.013 -34"><span class='ocrx_word' id='word_1_174' title='bbox 274 1896 477 1951; x_wconf 68' lang='grc' dir='ltr'><em>Σαοὺλ</em></span> <span class='ocrx_word' id='word_1_175' title='bbox 512 1894 663 1953; x_wconf 78' lang='grc' dir='ltr'><strong>εἶναι</strong></span> <span class='ocrx_word' id='word_1_176' title='bbox 708 1901 892 1956; x_wconf 82' lang='grc' dir='ltr'><em>αὑτὸν</em></span> <span class='ocrx_word' id='word_1_177' title='bbox 930 1904 1245 1974; x_wconf 71' lang='grc' dir='ltr'><strong>Σαμουὴλ·</strong></span> <span class='ocrx_word' id='word_1_178' title='bbox 1286 1906 1380 1962; x_wconf 83' lang='grc' dir='ltr'><strong>νῦν</strong></span> <span class='ocrx_word' id='word_1_179' title='bbox 1420 1909 1475 1963; x_wconf 80' lang='grc' dir='ltr'><strong>δὲ</strong></span> <span class='ocrx_word' id='word_1_180' title='bbox 1522 1911 1849 1983; x_wconf 70' lang='grc' dir='ltr'><strong>γέγραπται*</strong></span> 
     </span>
    </p>
   </div>
   <div class='ocr_carea' id='block_1_27' title="bbox 278 1986 1853 2072">
    <p class='ocr_par' dir='ltr' id='par_1_27' title="bbox 278 1986 1853 2072">
     <span class='ocr_line' id='line_1_28' title="bbox 278 1986 1853 2072; baseline 0.014 -34"><span class='ocrx_word' id='word_1_181' title='bbox 278 1986 468 2057; x_wconf 74' lang='grc' dir='ltr'><strong>Ἔγνω</strong></span> <span class='ocrx_word' id='word_1_182' title='bbox 499 1991 725 2044; x_wconf 75' lang='grc' dir='ltr'><em>Σαούλο</em></span> <span class='ocrx_word' id='word_1_183' title='bbox 758 1992 930 2058; x_wconf 72' lang='grc' dir='ltr'><strong>οὐδεὶς</strong></span> <span class='ocrx_word' id='word_1_184' title='bbox 954 1994 1010 2047; x_wconf 85' lang='grc' dir='ltr'><strong>δὲ</strong></span> <span class='ocrx_word' id='word_1_185' title='bbox 1043 1994 1182 2065; x_wconf 76' lang='grc' dir='ltr'><strong>ἔγνω</strong></span> <span class='ocrx_word' id='word_1_186' title='bbox 1211 1997 1273 2051; x_wconf 83' lang='grc' dir='ltr'><strong>τὸ</strong></span> <span class='ocrx_word' id='word_1_187' title='bbox 1304 1999 1380 2070; x_wconf 80' lang='grc' dir='ltr'><strong>μὴ</strong></span> <span class='ocrx_word' id='word_1_188' title='bbox 1419 2000 1498 2053; x_wconf 75' lang='grc' dir='ltr'><strong>ὃν·</strong></span> <span class='ocrx_word' id='word_1_189' title='bbox 1525 2003 1711 2072; x_wconf 75' lang='grc' dir='ltr'><strong>Ἔγνω</strong></span> <span class='ocrx_word' id='word_1_190' title='bbox 1739 2000 1853 2061; x_wconf 82' lang='grc' dir='ltr'><strong>οὖν</strong></span> 
     </span>
    </p>
   </div>
   <div class='ocr_carea' id='block_1_28' title="bbox 272 2078 1851 2166">
    <p class='ocr_par' dir='ltr' id='par_1_28' title="bbox 272 2078 1851 2166">
     <span class='ocr_line' id='line_1_29' title="bbox 272 2078 1851 2166; baseline 0.014 -35"><span class='ocrx_word' id='word_1_191' title='bbox 272 2078 497 2143; x_wconf 81' lang='grc' dir='ltr'><em>Σαοὺλ,</em></span> <span class='ocrx_word' id='word_1_192' title='bbox 534 2081 623 2136; x_wconf 85' lang='grc' dir='ltr'><strong>ὅτι</strong></span> <span class='ocrx_word' id='word_1_193' title='bbox 663 2084 944 2153; x_wconf 80' lang='grc' dir='ltr'><em>Σαμουήλ</em></span> <span class='ocrx_word' id='word_1_194' title='bbox 984 2087 1175 2142; x_wconf 78' lang='grc' dir='ltr'><strong>ἐστιν.</strong></span> <span class='ocrx_word' id='word_1_195' title='bbox 1186 2090 1443 2146; x_wconf 77' lang='grc' dir='ltr'><em>Ἔπεσεν</em></span> <span class='ocrx_word' id='word_1_196' title='bbox 1483 2094 1581 2149; x_wconf 72' lang='grc' dir='ltr'><strong>ἐπὶ</strong></span> <span class='ocrx_word' id='word_1_197' title='bbox 1621 2099 1851 2166; x_wconf 85' lang='grc' dir='ltr'><strong>πρόσω-</strong></span> 
     </span>
    </p>
   </div>
   <div class='ocr_carea' id='block_1_29' title="bbox 271 2172 1849 2253">
    <p class='ocr_par' dir='ltr' id='par_1_29' title="bbox 271 2172 1849 2253">
     <span class='ocr_line' id='line_1_30' title="bbox 271 2172 1849 2253; baseline 0.012 -27"><span class='ocrx_word' id='word_1_198' title='bbox 271 2182 391 2226; x_wconf 71' lang='grc' dir='ltr'><em>πον</em></span> <span class='ocrx_word' id='word_1_199' title='bbox 417 2172 519 2226; x_wconf 79' lang='grc' dir='ltr'><strong>ἐπὶ</strong></span> <span class='ocrx_word' id='word_1_200' title='bbox 555 2172 673 2242; x_wconf 79' lang='grc' dir='ltr'><strong>τὴν</strong></span> <span class='ocrx_word' id='word_1_201' title='bbox 701 2174 834 2245; x_wconf 73' lang='grc' dir='ltr'><strong>γῆν,</strong></span> <span class='ocrx_word' id='word_1_202' title='bbox 865 2178 959 2232; x_wconf 79' lang='grc' dir='ltr'><em>καὶ</em></span> <span class='ocrx_word' id='word_1_203' title='bbox 989 2182 1447 2251; x_wconf 74' lang='grc' dir='ltr'><strong>προσεκύνησεν</strong></span> <span class='ocrx_word' id='word_1_204' title='bbox 1469 2186 1772 2253; x_wconf 84' lang='grc' dir='ltr'><strong>αὺτῷ.”Ινα</strong></span> <span class='ocrx_word' id='word_1_205' title='bbox 1792 2191 1849 2246; x_wconf 83' lang='grc' dir='ltr'><strong>δὲ</strong></span> 
     </span>
    </p>
   </div>
   <div class='ocr_carea' id='block_1_30' title="bbox 270 2260 1849 2345">
    <p class='ocr_par' dir='ltr' id='par_1_30' title="bbox 270 2260 1849 2345">
     <span class='ocr_line' id='line_1_31' title="bbox 270 2260 1849 2345; baseline 0.014 -34"><span class='ocrx_word' id='word_1_206' title='bbox 270 2260 345 2331; x_wconf 84' lang='grc' dir='ltr'><strong>μὴ</strong></span> <span class='ocrx_word' id='word_1_207' title='bbox 378 2261 664 2334; x_wconf 75' lang='grc' dir='ltr'><strong>παρεκόὰς</strong></span> <span class='ocrx_word' id='word_1_208' title='bbox 703 2265 788 2334; x_wconf 76' lang='grc' dir='ltr'><strong>ἐφ’</strong></span> <span class='ocrx_word' id='word_1_209' title='bbox 817 2265 981 2339; x_wconf 73' lang='grc' dir='ltr'><strong>ἕτερα</strong></span> <span class='ocrx_word' id='word_1_210' title='bbox 1020 2267 1127 2322; x_wconf 83' lang='grc' dir='ltr'><strong>τῶν</strong></span> <span class='ocrx_word' id='word_1_211' title='bbox 1156 2270 1633 2345; x_wconf 81' lang='grc' dir='ltr'><strong>παραδειγμάτων,</strong></span> <span class='ocrx_word' id='word_1_212' title='bbox 1664 2276 1722 2345; x_wconf 76' lang='grc' dir='ltr'>ἐξ</span> <span class='ocrx_word' id='word_1_213' title='bbox 1753 2280 1849 2332; x_wconf 81' lang='grc' dir='ltr'><strong>αύ-</strong></span> 
     </span>
    </p>
   </div>
   <div class='ocr_carea' id='block_1_31' title="bbox 266 2345 1842 2441">
    <p class='ocr_par' dir='ltr' id='par_1_31' title="bbox 266 2345 1842 2441">
     <span class='ocr_line' id='line_1_32' title="bbox 266 2345 1842 2441; baseline 0.013 -38"><span class='ocrx_word' id='word_1_214' title='bbox 266 2350 376 2404; x_wconf 84' lang='grc' dir='ltr'><strong>τῶν</strong></span> <span class='ocrx_word' id='word_1_215' title='bbox 417 2345 496 2405; x_wconf 82' lang='grc' dir='ltr'><strong>ὧν</strong></span> <span class='ocrx_word' id='word_1_216' title='bbox 538 2353 798 2426; x_wconf 73' lang='grc' dir='ltr'><strong>ἔγραψεν,</strong></span> <span class='ocrx_word' id='word_1_217' title='bbox 829 2357 1057 2413; x_wconf 73' lang='grc' dir='ltr'><strong>ἐνταῦθα</strong></span> <span class='ocrx_word' id='word_1_218' title='bbox 1085 2362 1382 2434; x_wconf 81' lang='grc' dir='ltr'><strong>ποιήσομαι</strong></span> <span class='ocrx_word' id='word_1_219' title='bbox 1414 2364 1511 2437; x_wconf 88' lang='grc' dir='ltr'><strong>τὴν</strong></span> <span class='ocrx_word' id='word_1_220' title='bbox 1544 2365 1842 2441; x_wconf 72' lang='grc' dir='ltr'><strong>ὲράηησινο</strong></span> 
     </span>
    </p>
   </div>
   <div class='ocr_carea' id='block_1_32' title="bbox 263 2434 1840 2531">
    <p class='ocr_par' dir='ltr' id='par_1_32' title="bbox 263 2434 1840 2531">
     <span class='ocr_line' id='line_1_33' title="bbox 263 2434 1840 2531; baseline 0.016 -39"><span class='ocrx_word' id='word_1_221' title='bbox 263 2434 564 2506; x_wconf 78' lang='grc' dir='ltr'><strong>εῐθόῦτως</strong></span> <span class='ocrx_word' id='word_1_222' title='bbox 611 2444 704 2498; x_wconf 74' lang='grc' dir='ltr'><strong>ἐπὶ</strong></span> <span class='ocrx_word' id='word_1_223' title='bbox 755 2445 824 2500; x_wconf 87' lang='grc' dir='ltr'><strong>τά</strong></span> <span class='ocrx_word' id='word_1_224' title='bbox 868 2446 1027 2502; x_wconf 86' lang='grc' dir='ltr'><strong>λοιπά</strong></span> <span class='ocrx_word' id='word_1_225' title='bbox 1082 2450 1365 2523; x_wconf 80' lang='grc' dir='ltr'><strong>βαδιοῦμαι</strong></span> <span class='ocrx_word' id='word_1_226' title='bbox 1406 2434 1840 2531; x_wconf 76' lang='grc' dir='ltr'><strong>παραδείγματα.</strong></span> 
     </span>
    </p>
   </div>
   <div class='ocr_carea' id='block_1_33' title="bbox 192 2531 1841 2620">
    <p class='ocr_par' dir='ltr' id='par_1_33' title="bbox 192 2531 1841 2620">
     <span class='ocr_line' id='line_1_34' title="bbox 192 2531 1841 2620; baseline 0.015 -38"><span class='ocrx_word' id='word_1_227' title='bbox 192 2568 201 2580; x_wconf 90' lang='grc'>.</span> <span class='ocrx_word' id='word_1_228' title='bbox 259 2531 374 2584; x_wconf 83' lang='grc' dir='ltr'><strong>Καί</strong></span> <span class='ocrx_word' id='word_1_229' title='bbox 406 2549 499 2603; x_wconf 85' lang='grc' dir='ltr'><strong>μοι</strong></span> <span class='ocrx_word' id='word_1_230' title='bbox 527 2532 654 2604; x_wconf 83' lang='grc' dir='ltr'><strong>λέγε</strong></span> <span class='ocrx_word' id='word_1_231' title='bbox 692 2535 827 2609; x_wconf 79' lang='grc' dir='ltr'><strong>πρὸς</strong></span> <span class='ocrx_word' id='word_1_232' title='bbox 852 2537 985 2593; x_wconf 82' lang='grc' dir='ltr'><strong>Θεοῦ</strong></span> <span class='ocrx_word' id='word_1_233' title='bbox 1007 2557 1020 2570; x_wconf 88' lang='grc'><strong>·</strong></span> <span class='ocrx_word' id='word_1_234' title='bbox 1053 2541 1118 2593; x_wconf 88' lang='grc' dir='ltr'><strong>Τί</strong></span> <span class='ocrx_word' id='word_1_235' title='bbox 1156 2544 1281 2615; x_wconf 69' lang='grc' dir='ltr'><strong>φῂς,</strong></span> <span class='ocrx_word' id='word_1_236' title='bbox 1320 2539 1365 2597; x_wconf 82' lang='grc' dir='ltr'>ὢ</span> <span class='ocrx_word' id='word_1_237' title='bbox 1400 2546 1700 2620; x_wconf 43' lang='grc' dir='ltr'><strong>Ὠρίγενεςος</strong></span> <span class='ocrx_word' id='word_1_238' title='bbox 1747 2553 1841 2606; x_wconf 85' lang='grc' dir='ltr'><strong>πό-</strong></span> 
     </span>
    </p>
   </div>
   <div class='ocr_carea' id='block_1_34' title="bbox 257 2627 1839 2715">
    <p class='ocr_par' dir='ltr' id='par_1_34' title="bbox 257 2627 1839 2715">
     <span class='ocr_line' id='line_1_35' title="bbox 257 2627 1839 2715; baseline 0.013 -38"><span class='ocrx_word' id='word_1_239' title='bbox 257 2640 418 2695; x_wconf 87' lang='grc' dir='ltr'><strong>τερον</strong></span> <span class='ocrx_word' id='word_1_240' title='bbox 444 2627 480 2697; x_wconf 80' lang='grc' dir='ltr'><strong>ἡ</strong></span> <span class='ocrx_word' id='word_1_241' title='bbox 515 2628 650 2700; x_wconf 90' lang='grc' dir='ltr'><strong>γυνὴ</strong></span> <span class='ocrx_word' id='word_1_242' title='bbox 677 2630 766 2683; x_wconf 86' lang='grc' dir='ltr'><strong>τὸν</strong></span> <span class='ocrx_word' id='word_1_243' title='bbox 794 2630 1045 2703; x_wconf 81' lang='grc' dir='ltr'><strong>Σαμουὴλ</strong></span> <span class='ocrx_word' id='word_1_244' title='bbox 1074 2633 1345 2705; x_wconf 81' lang='grc' dir='ltr'><strong>ἀνήγαγεν</strong></span> <span class='ocrx_word' id='word_1_245' title='bbox 1366 2637 1514 2709; x_wconf 84' lang='grc' dir='ltr'><strong>αύτῷ</strong></span> <span class='ocrx_word' id='word_1_246' title='bbox 1543 2637 1772 2712; x_wconf 85' lang='grc' dir='ltr'><strong>σώματι,</strong></span> <span class='ocrx_word' id='word_1_247' title='bbox 1806 2643 1839 2715; x_wconf 79' lang='grc' dir='ltr'><strong>ἢ</strong></span> 
     </span>
    </p>
   </div>
   <div class='ocr_carea' id='block_1_35' title="bbox 252 2717 1835 2807">
    <p class='ocr_par' dir='ltr' id='par_1_35' title="bbox 252 2717 1835 2807">
     <span class='ocr_line' id='line_1_36' title="bbox 252 2717 1835 2807; baseline 0.015 -39"><span class='ocrx_word' id='word_1_248' title='bbox 252 2717 335 2788; x_wconf 80' lang='grc' dir='ltr'><strong>τῷ</strong></span> <span class='ocrx_word' id='word_1_249' title='bbox 376 2736 444 2787; x_wconf 89' lang='grc' dir='ltr'><strong>γε</strong></span> <span class='ocrx_word' id='word_1_250' title='bbox 495 2723 736 2792; x_wconf 81' lang='grc' dir='ltr'><strong>σχήματι</strong></span> <span class='ocrx_word' id='word_1_251' title='bbox 780 2726 1138 2796; x_wconf 80' lang='grc' dir='ltr'><strong>σκιογραφίας</strong></span> <span class='ocrx_word' id='word_1_252' title='bbox 1176 2728 1305 2784; x_wconf 79' lang='grc' dir='ltr'><strong>εῖδει</strong></span> <span class='ocrx_word' id='word_1_253' title='bbox 1339 2732 1835 2807; x_wconf 79' lang='grc' dir='ltr'><strong>περιϐεϐλημένον;</strong></span> 
     </span>
    </p>
   </div>
   <div class='ocr_carea' id='block_1_36' title="bbox 245 2808 1838 2898">
    <p class='ocr_par' dir='ltr' id='par_1_36' title="bbox 245 2808 1838 2898">
     <span class='ocr_line' id='line_1_37' title="bbox 245 2808 1838 2898; baseline 0.013 -36"><span class='ocrx_word' id='word_1_254' title='bbox 245 2808 316 2862; x_wconf 70' lang='grc' dir='ltr'><strong>ΕΞ</strong></span> <span class='ocrx_word' id='word_1_255' title='bbox 373 2811 477 2880; x_wconf 80' lang='grc' dir='ltr'><strong>μὲν</strong></span> <span class='ocrx_word' id='word_1_256' title='bbox 521 2808 615 2866; x_wconf 74' lang='grc' dir='ltr'><strong>οὖν</strong></span> <span class='ocrx_word' id='word_1_257' title='bbox 645 2812 931 2885; x_wconf 84' lang='grc' dir='ltr'><strong>ἀσώματον</strong></span> <span class='ocrx_word' id='word_1_258' title='bbox 959 2816 1232 2889; x_wconf 79' lang='grc' dir='ltr'><strong>ἀνήγαγεν</strong></span> <span class='ocrx_word' id='word_1_259' title='bbox 1272 2821 1453 2887; x_wconf 80' lang='grc' dir='ltr'><strong>αὐτὸν,</strong></span> <span class='ocrx_word' id='word_1_260' title='bbox 1484 2825 1583 2877; x_wconf 82' lang='grc' dir='ltr'><strong>οὐκ</strong></span> <span class='ocrx_word' id='word_1_261' title='bbox 1613 2824 1722 2898; x_wconf 78' lang='grc' dir='ltr'><strong>ἄρα</strong></span> <span class='ocrx_word' id='word_1_262' title='bbox 1749 2826 1838 2882; x_wconf 85' lang='grc' dir='ltr'><strong>τὸν</strong></span> 
     </span>
    </p>
   </div>
   <div class='ocr_carea' id='block_1_37' title="bbox 243 2898 1838 2990">
    <p class='ocr_par' dir='ltr' id='par_1_37' title="bbox 243 2898 1838 2990">
     <span class='ocr_line' id='line_1_38' title="bbox 243 2898 1838 2990; baseline 0.014 -40"><span class='ocrx_word' id='word_1_263' title='bbox 243 2898 517 2972; x_wconf 80' lang='grc' dir='ltr'><strong>Σαμουὴλ</strong></span> <span class='ocrx_word' id='word_1_264' title='bbox 539 2901 852 2976; x_wconf 78' lang='grc' dir='ltr'><strong>ἀνέστησεν,</strong></span> <span class='ocrx_word' id='word_1_265' title='bbox 881 2904 1015 2961; x_wconf 86' lang='grc' dir='ltr'><strong>ἀλλά</strong></span> <span class='ocrx_word' id='word_1_266' title='bbox 1047 2908 1357 2980; x_wconf 78' lang='grc' dir='ltr'><strong>πνεύματος</strong></span> <span class='ocrx_word' id='word_1_267' title='bbox 1382 2912 1555 2968; x_wconf 80' lang='grc' dir='ltr'><strong>ίδέαν’</strong></span> <span class='ocrx_word' id='word_1_268' title='bbox 1584 2916 1614 2968; x_wconf 89' lang='lat'><strong>6</strong></span> <span class='ocrx_word' id='word_1_269' title='bbox 1643 2914 1751 2990; x_wconf 88' lang='grc' dir='ltr'><strong>γὰρ</strong></span> <span class='ocrx_word' id='word_1_270' title='bbox 1773 2918 1838 2972; x_wconf 82' lang='grc' dir='ltr'><em>ὲκ</em></span> 
     </span>
    </p>
   </div>
   <div class='ocr_carea' id='block_1_38' title="bbox 1969 903 3543 997">
    <p class='ocr_par' dir='ltr' id='par_1_38' title="bbox 1969 903 3543 997">
     <span class='ocr_line' id='line_1_39' title="bbox 1969 903 3543 997; baseline 0.026 -42"><span class='ocrx_word' id='word_1_271' title='bbox 1969 903 2099 960; x_wconf 89' lang='lat' dir='ltr'><strong>vino</strong></span> <span class='ocrx_word' id='word_1_272' title='bbox 2125 904 2295 964; x_wconf 89' lang='lat' dir='ltr'><strong>Paulo</strong></span> <span class='ocrx_word' id='word_1_273' title='bbox 2333 910 2511 970; x_wconf 86' lang='lat' dir='ltr'><strong>dicam</strong></span> <span class='ocrx_word' id='word_1_274' title='bbox 2542 936 2555 971; x_wconf 88' lang='lat'><strong>:</strong></span> <span class='ocrx_word' id='word_1_275' title='bbox 2589 915 2710 985; x_wconf 83' lang='lat' dir='ltr'><strong>Ipse</strong></span> <span class='ocrx_word' id='word_1_276' title='bbox 2733 921 2874 976; x_wconf 88' lang='lat' dir='ltr'><strong>enim</strong></span> <span class='ocrx_word' id='word_1_277' title='bbox 2902 922 3132 984; x_wconf 86' lang='lat' dir='ltr'><strong>Satanas</strong></span> <span class='ocrx_word' id='word_1_278' title='bbox 3149 938 3543 997; x_wconf 81' lang='lat' dir='ltr'><strong>transmutatur</strong></span> 
     </span>
    </p>
   </div>
   <div class='ocr_carea' id='block_1_39' title="bbox 1968 991 3540 1090">
    <p class='ocr_par' dir='ltr' id='par_1_39' title="bbox 1968 991 3540 1090">
     <span class='ocr_line' id='line_1_40' title="bbox 1968 991 3540 1090; baseline 0.027 -45"><span class='ocrx_word' id='word_1_279' title='bbox 1968 991 2024 1046; x_wconf 90' lang='lat' dir='ltr'><strong>in</strong></span> <span class='ocrx_word' id='word_1_280' title='bbox 2053 996 2294 1067; x_wconf 83' lang='lat' dir='ltr'><strong>angelum</strong></span> <span class='ocrx_word' id='word_1_281' title='bbox 2328 1000 2463 1058; x_wconf 84' lang='lat' dir='ltr'><strong>lucis</strong></span> <span class='ocrx_word' id='word_1_282' title='bbox 2498 1004 2563 1063; x_wconf 72' lang='grc' dir='ltr'><strong>ιι.</strong></span> <span class='ocrx_word' id='word_1_283' title='bbox 2603 1003 2752 1066; x_wconf 81' lang='lat' dir='ltr'><strong>Nihil</strong></span> <span class='ocrx_word' id='word_1_284' title='bbox 2780 1012 2979 1070; x_wconf 89' lang='lat' dir='ltr'><strong>mirum</strong></span> <span class='ocrx_word' id='word_1_285' title='bbox 3023 1016 3207 1090; x_wconf 92' lang='lat' dir='ltr'><strong>itaque</strong></span> <span class='ocrx_word' id='word_1_286' title='bbox 3235 1022 3283 1078; x_wconf 89' lang='lat' dir='ltr'><strong>si</strong></span> <span class='ocrx_word' id='word_1_287' title='bbox 3313 1023 3363 1080; x_wconf 91' lang='lat' dir='ltr'><strong>is</strong></span> <span class='ocrx_word' id='word_1_288' title='bbox 3394 991 3540 1086; x_wconf 87' lang='lat' dir='ltr'><strong>inter</strong></span> 
     </span>
    </p>
   </div>
   <div class='ocr_carea' id='block_1_40' title="bbox 1966 1082 3533 1185">
    <p class='ocr_par' dir='ltr' id='par_1_40' title="bbox 1966 1082 3533 1185">
     <span class='ocr_line' id='line_1_41' title="bbox 1966 1082 3533 1185; baseline 0.026 -46"><span class='ocrx_word' id='word_1_289' title='bbox 1966 1082 2367 1162; x_wconf 85' lang='lat' dir='ltr'><strong>disserendum,</strong></span> <span class='ocrx_word' id='word_1_290' title='bbox 2393 1095 2572 1154; x_wconf 89' lang='lat' dir='ltr'><strong>locum</strong></span> <span class='ocrx_word' id='word_1_291' title='bbox 2597 1097 2745 1159; x_wconf 86' lang='lat' dir='ltr'><strong>hunc</strong></span> <span class='ocrx_word' id='word_1_292' title='bbox 2771 1102 3069 1178; x_wconf 59' lang='lat' dir='ltr'><strong>Scriptura:</strong></span> <span class='ocrx_word' id='word_1_293' title='bbox 3086 1082 3356 1185; x_wconf 79' lang='lat' dir='ltr'><strong>apposuit,</strong></span> <span class='ocrx_word' id='word_1_294' title='bbox 3380 1129 3533 1181; x_wconf 87' lang='lat' dir='ltr'><strong>ratus</strong></span> 
     </span>
    </p>
   </div>
   <div class='ocr_carea' id='block_1_41' title="bbox 1965 1178 3532 1284">
    <p class='ocr_par' dir='ltr' id='par_1_41' title="bbox 1965 1178 3532 1284">
     <span class='ocr_line' id='line_1_42' title="bbox 1965 1178 3532 1284; baseline 0.027 -54"><span class='ocrx_word' id='word_1_295' title='bbox 1965 1178 2234 1249; x_wconf 78' lang='lat' dir='ltr'><strong>exquisite</strong></span> <span class='ocrx_word' id='word_1_296' title='bbox 2262 1184 2574 1249; x_wconf 84' lang='lat' dir='ltr'><strong>describere</strong></span> <span class='ocrx_word' id='word_1_297' title='bbox 2614 1208 2709 1250; x_wconf 87' lang='lat' dir='ltr'><strong>eos</strong></span> <span class='ocrx_word' id='word_1_298' title='bbox 2744 1197 2837 1267; x_wconf 89' lang='lat' dir='ltr'><strong>qui</strong></span> <span class='ocrx_word' id='word_1_299' title='bbox 2882 1201 3164 1260; x_wconf 85' lang='lat' dir='ltr'><strong>veritatem</strong></span> <span class='ocrx_word' id='word_1_300' title='bbox 3190 1222 3532 1284; x_wconf 84' lang='lat' dir='ltr'><strong>assererem,</strong></span> 
     </span>
    </p>
   </div>
   <div class='ocr_carea' id='block_1_42' title="bbox 1965 1269 3531 1378">
    <p class='ocr_par' dir='ltr' id='par_1_42' title="bbox 1965 1269 3531 1378">
     <span class='ocr_line' id='line_1_43' title="bbox 1965 1269 3531 1378; baseline 0.026 -57"><span class='ocrx_word' id='word_1_301' title='bbox 1965 1269 2057 1323; x_wconf 88' lang='lat' dir='ltr'><strong>cui</strong></span> <span class='ocrx_word' id='word_1_302' title='bbox 2091 1271 2143 1325; x_wconf 90' lang='lat' dir='ltr'><strong>id</strong></span> <span class='ocrx_word' id='word_1_303' title='bbox 2168 1274 2404 1343; x_wconf 86' lang='lat' dir='ltr'><strong>addidit,</strong></span> <span class='ocrx_word' id='word_1_304' title='bbox 2430 1289 2490 1336; x_wconf 90' lang='lat' dir='ltr'><strong>ut</strong></span> <span class='ocrx_word' id='word_1_305' title='bbox 2518 1287 2794 1357; x_wconf 85' lang='lat' dir='ltr'><strong>propriam</strong></span> <span class='ocrx_word' id='word_1_306' title='bbox 2811 1292 3159 1353; x_wconf 85' lang='lat' dir='ltr'><strong>conﬁrmaret</strong></span> <span class='ocrx_word' id='word_1_307' title='bbox 3184 1269 3531 1378; x_wconf 66' lang='lat' dir='ltr'><strong>sententiam;</strong></span> 
     </span>
    </p>
   </div>
   <div class='ocr_carea' id='block_1_43' title="bbox 1964 1364 2425 1429">
    <p class='ocr_par' dir='ltr' id='par_1_43' title="bbox 1964 1364 2425 1429">
     <span class='ocr_line' id='line_1_44' title="bbox 1964 1364 2425 1429; baseline 0.024 -11"><span class='ocrx_word' id='word_1_308' title='bbox 1964 1364 2067 1419; x_wconf 88' lang='lat' dir='ltr'><strong>etsi</strong></span> <span class='ocrx_word' id='word_1_309' title='bbox 2099 1368 2248 1424; x_wconf 89' lang='lat' dir='ltr'><strong>nulla</strong></span> <span class='ocrx_word' id='word_1_310' title='bbox 2288 1379 2425 1429; x_wconf 82' lang='lat' dir='ltr'><strong>arte.</strong></span> 
     </span>
    </p>
   </div>
   <div class='ocr_carea' id='block_1_44' title="bbox 2034 1456 3529 1559">
    <p class='ocr_par' dir='ltr' id='par_1_44' title="bbox 2034 1456 3529 1559">
     <span class='ocr_line' id='line_1_45' title="bbox 2034 1456 3529 1559; baseline 0.029 -50"><span class='ocrx_word' id='word_1_311' title='bbox 2034 1456 2097 1511; x_wconf 83' lang='lat' dir='ltr'><strong>V.</strong></span> <span class='ocrx_word' id='word_1_312' title='bbox 2139 1459 2208 1515; x_wconf 87' lang='lat' dir='ltr'><strong>Et</strong></span> <span class='ocrx_word' id='word_1_313' title='bbox 2229 1479 2425 1534; x_wconf 80' lang='lat' dir='ltr'><strong>quare,</strong></span> <span class='ocrx_word' id='word_1_314' title='bbox 2458 1468 2656 1540; x_wconf 89' lang='lat' dir='ltr'><strong>inquit,</strong></span> <span class='ocrx_word' id='word_1_315' title='bbox 2702 1490 2811 1533; x_wconf 91' lang='lat' dir='ltr'><strong>non</strong></span> <span class='ocrx_word' id='word_1_316' title='bbox 2851 1477 3057 1537; x_wconf 90' lang='lat' dir='ltr'><strong>dictum</strong></span> <span class='ocrx_word' id='word_1_317' title='bbox 3088 1496 3209 1541; x_wconf 87' lang='lat' dir='ltr'><strong>est:</strong></span> <span class='ocrx_word' id='word_1_318' title='bbox 3238 1487 3379 1546; x_wconf 88' lang='lat' dir='ltr'><strong>Vidit</strong></span> <span class='ocrx_word' id='word_1_319' title='bbox 3408 1509 3529 1559; x_wconf 84' lang='lat' dir='ltr'><strong>ntu-</strong></span> 
     </span>
    </p>
   </div>
   <div class='ocr_carea' id='block_1_45' title="bbox 1962 1545 3527 1649">
    <p class='ocr_par' dir='ltr' id='par_1_45' title="bbox 1962 1545 3527 1649">
     <span class='ocr_line' id='line_1_46' title="bbox 1962 1545 3527 1649; baseline 0.029 -51"><span class='ocrx_word' id='word_1_320' title='bbox 1962 1545 2061 1602; x_wconf 85' lang='lat' dir='ltr'><strong>lier</strong></span> <span class='ocrx_word' id='word_1_321' title='bbox 2082 1549 2419 1622; x_wconf 74' lang='lat' dir='ltr'><strong>(immanium,</strong></span> <span class='ocrx_word' id='word_1_322' title='bbox 2450 1564 2589 1630; x_wconf 85' lang='lat' dir='ltr'><strong>quod</strong></span> <span class='ocrx_word' id='word_1_323' title='bbox 2616 1566 2843 1637; x_wconf 85' lang='lat' dir='ltr'><strong>ﬁngebat</strong></span> <span class='ocrx_word' id='word_1_324' title='bbox 2868 1588 2923 1626; x_wconf 80' lang='lat' dir='ltr'><strong>se</strong></span> <span class='ocrx_word' id='word_1_325' title='bbox 2950 1589 3059 1630; x_wconf 86' lang='lat' dir='ltr'><strong>esse</strong></span> <span class='ocrx_word' id='word_1_326' title='bbox 3080 1545 3375 1638; x_wconf 87' lang='lat' dir='ltr'><strong>Samuelem</strong></span> <span class='ocrx_word' id='word_1_327' title='bbox 3392 1545 3527 1649; x_wconf 58' lang='grc' dir='ltr'><strong>έξξά</strong></span> 
     </span>
    </p>
   </div>
   <div class='ocr_carea' id='block_1_46' title="bbox 1962 1641 3530 1743">
    <p class='ocr_par' dir='ltr' id='par_1_46' title="bbox 1962 1641 3530 1743">
     <span class='ocr_line' id='line_1_47' title="bbox 1962 1641 3530 1743; baseline 0.027 -51"><span class='ocrx_word' id='word_1_328' title='bbox 1962 1641 2229 1711; x_wconf 90' lang='lat' dir='ltr'><strong>scriptum</strong></span> <span class='ocrx_word' id='word_1_329' title='bbox 2265 1661 2387 1702; x_wconf 90' lang='lat' dir='ltr'><strong>esse</strong></span> <span class='ocrx_word' id='word_1_330' title='bbox 2406 1648 2541 1707; x_wconf 83' lang='lat' dir='ltr'><strong>dein</strong></span> <span class='ocrx_word' id='word_1_331' title='bbox 2572 1653 2747 1711; x_wconf 86' lang='lat' dir='ltr'><strong>dicit:</strong></span> <span class='ocrx_word' id='word_1_332' title='bbox 2781 1658 3054 1721; x_wconf 73' lang='lat' dir='ltr'><strong>Intellexit</strong></span> <span class='ocrx_word' id='word_1_333' title='bbox 3082 1666 3221 1726; x_wconf 88' lang='lat' dir='ltr'><strong>Saul</strong></span> <span class='ocrx_word' id='word_1_334' title='bbox 3245 1641 3530 1743; x_wconf 38' lang='lat' dir='ltr'><strong>quod&#39;Sa-</strong></span> 
     </span>
    </p>
   </div>
   <div class='ocr_carea' id='block_1_47' title="bbox 1958 1733 3526 1829">
    <p class='ocr_par' dir='ltr' id='par_1_47' title="bbox 1958 1733 3526 1829">
     <span class='ocr_line' id='line_1_48' title="bbox 1958 1733 3526 1829; baseline 0.027 -45"><span class='ocrx_word' id='word_1_335' title='bbox 1958 1733 2101 1787; x_wconf 85' lang='lat' dir='ltr'><strong>muel</strong></span> <span class='ocrx_word' id='word_1_336' title='bbox 2127 1747 2262 1791; x_wconf 87' lang='lat' dir='ltr'><strong>esset</strong></span> <span class='ocrx_word' id='word_1_337' title='bbox 2282 1739 2364 1796; x_wconf 74' lang='lat'><strong>&quot;2</strong></span> <span class='ocrx_word' id='word_1_338' title='bbox 2391 1740 2605 1808; x_wconf 85' lang='lat' dir='ltr'><strong>Quibus</strong></span> <span class='ocrx_word' id='word_1_339' title='bbox 2636 1753 2827 1819; x_wconf 87' lang='lat' dir='ltr'><strong>paucis</strong></span> <span class='ocrx_word' id='word_1_340' title='bbox 2877 1755 3182 1829; x_wconf 88' lang='lat' dir='ltr'><strong>interjectis</strong></span> <span class='ocrx_word' id='word_1_341' title='bbox 3211 1733 3395 1825; x_wconf 77' lang='lat' dir='ltr'><strong>subdit</strong></span> <span class='ocrx_word' id='word_1_342' title='bbox 3428 1789 3440 1826; x_wconf 92' lang='lat'>:</span> <span class='ocrx_word' id='word_1_343' title='bbox 3467 1768 3526 1826; x_wconf 91' lang='lat' dir='ltr'><strong>Si</strong></span> 
     </span>
    </p>
   </div>
   <div class='ocr_carea' id='block_1_48' title="bbox 1958 1821 3525 1930">
    <p class='ocr_par' dir='ltr' id='par_1_48' title="bbox 1958 1821 3525 1930">
     <span class='ocr_line' id='line_1_49' title="bbox 1958 1821 3525 1930; baseline 0.026 -54"><span class='ocrx_word' id='word_1_344' title='bbox 1958 1821 2178 1881; x_wconf 85' lang='lat' dir='ltr'><strong>Samuel</strong></span> <span class='ocrx_word' id='word_1_345' title='bbox 2206 1842 2318 1884; x_wconf 88' lang='lat' dir='ltr'><strong>non</strong></span> <span class='ocrx_word' id='word_1_346' title='bbox 2350 1842 2488 1898; x_wconf 86' lang='lat' dir='ltr'><strong>erat,</strong></span> <span class='ocrx_word' id='word_1_347' title='bbox 2524 1839 2874 1899; x_wconf 87' lang='lat' dir='ltr'><strong>scribendum</strong></span> <span class='ocrx_word' id='word_1_348' title='bbox 2900 1849 3126 1906; x_wconf 89' lang='lat' dir='ltr'><strong>omnino</strong></span> <span class='ocrx_word' id='word_1_349' title='bbox 3155 1863 3307 1912; x_wconf 88' lang='lat' dir='ltr'><strong>erat:</strong></span> <span class='ocrx_word' id='word_1_350' title='bbox 3335 1856 3408 1913; x_wconf 87' lang='lat' dir='ltr'><strong>Et</strong></span> <span class='ocrx_word' id='word_1_351' title='bbox 3424 1875 3525 1930; x_wconf 82' lang='lat' dir='ltr'><strong>pu-</strong></span> 
     </span>
    </p>
   </div>
   <div class='ocr_carea' id='block_1_49' title="bbox 1955 1912 3521 2014">
    <p class='ocr_par' dir='ltr' id='par_1_49' title="bbox 1955 1912 3521 2014">
     <span class='ocr_line' id='line_1_50' title="bbox 1955 1912 3521 2014; baseline 0.029 -49"><span class='ocrx_word' id='word_1_352' title='bbox 1955 1912 2103 1970; x_wconf 81' lang='lat' dir='ltr'><strong>tabat</strong></span> <span class='ocrx_word' id='word_1_353' title='bbox 2146 1915 2281 1973; x_wconf 86' lang='lat' dir='ltr'><strong>Saul</strong></span> <span class='ocrx_word' id='word_1_354' title='bbox 2314 1921 2467 1978; x_wconf 89' lang='lat' dir='ltr'><strong>illum</strong></span> <span class='ocrx_word' id='word_1_355' title='bbox 2506 1943 2618 1983; x_wconf 90' lang='lat' dir='ltr'><strong>esse</strong></span> <span class='ocrx_word' id='word_1_356' title='bbox 2651 1929 2970 2014; x_wconf 87' lang='lat' dir='ltr'><strong>Samuelem.</strong></span> <span class='ocrx_word' id='word_1_357' title='bbox 3012 1938 3169 2008; x_wconf 68' lang='lat' dir='ltr'><strong>Nunc</strong></span> <span class='ocrx_word' id='word_1_358' title='bbox 3213 1912 3521 2010; x_wconf 84' lang='lat' dir='ltr'><strong>vero</strong></span> 
     </span>
    </p>
   </div>
   <div class='ocr_carea' id='block_1_50' title="bbox 1950 2010 3518 2111">
    <p class='ocr_par' dir='ltr' id='par_1_50' title="bbox 1950 2010 3518 2111">
     <span class='ocr_line' id='line_1_51' title="bbox 1950 2010 3518 2111; baseline 0.029 -53"><span class='ocrx_word' id='word_1_359' title='bbox 1950 2012 2105 2075; x_wconf 89' lang='lat' dir='ltr'><strong>ptum</strong></span> <span class='ocrx_word' id='word_1_360' title='bbox 2128 2018 2210 2065; x_wconf 86' lang='lat' dir='ltr'><strong>est</strong></span> <span class='ocrx_word' id='word_1_361' title='bbox 2238 2029 2252 2066; x_wconf 92' lang='lat'><strong>:</strong></span> <span class='ocrx_word' id='word_1_362' title='bbox 2287 2010 2539 2085; x_wconf 81' lang='lat' dir='ltr'><strong>Cognovit</strong></span> <span class='ocrx_word' id='word_1_363' title='bbox 2569 2017 2723 2079; x_wconf 88' lang='lat' dir='ltr'><strong>Saul.</strong></span> <span class='ocrx_word' id='word_1_364' title='bbox 2760 2011 2934 2084; x_wconf 86' lang='lat' dir='ltr'><strong>Nemo</strong></span> <span class='ocrx_word' id='word_1_365' title='bbox 2961 2040 3141 2090; x_wconf 89' lang='lat' dir='ltr'><strong>autem</strong></span> <span class='ocrx_word' id='word_1_366' title='bbox 3174 2042 3429 2111; x_wconf 83' lang='lat' dir='ltr'><strong>cognovit</strong></span> <span class='ocrx_word' id='word_1_367' title='bbox 3464 2045 3518 2104; x_wconf 88' lang='lat' dir='ltr'><strong>id</strong></span> 
     </span>
    </p>
   </div>
   <div class='ocr_carea' id='block_1_51' title="bbox 1951 2098 3521 2196">
    <p class='ocr_par' dir='ltr' id='par_1_51' title="bbox 1951 2098 3521 2196">
     <span class='ocr_line' id='line_1_52' title="bbox 1951 2098 3521 2196; baseline 0.027 -47"><span class='ocrx_word' id='word_1_368' title='bbox 1951 2098 2093 2165; x_wconf 91' lang='lat' dir='ltr'><strong>quod</strong></span> <span class='ocrx_word' id='word_1_369' title='bbox 2135 2115 2245 2157; x_wconf 88' lang='lat' dir='ltr'><strong>non</strong></span> <span class='ocrx_word' id='word_1_370' title='bbox 2277 2113 2383 2161; x_wconf 91' lang='lat' dir='ltr'><strong>est.</strong></span> <span class='ocrx_word' id='word_1_371' title='bbox 2416 2106 2690 2167; x_wconf 72' lang='lat' dir='ltr'><strong>Intellezit</strong></span> <span class='ocrx_word' id='word_1_372' title='bbox 2733 2117 2908 2190; x_wconf 78' lang='lat' dir='ltr'><strong>itaque</strong></span> <span class='ocrx_word' id='word_1_373' title='bbox 2939 2120 3093 2192; x_wconf 86' lang='lat' dir='ltr'><strong>Saul,</strong></span> <span class='ocrx_word' id='word_1_374' title='bbox 3120 2098 3271 2196; x_wconf 57' lang='lat' dir='ltr'><strong>quod</strong></span> <span class='ocrx_word' id='word_1_375' title='bbox 3301 2098 3521 2191; x_wconf 72' lang='lat' dir='ltr'><strong>Samuel</strong></span> 
     </span>
    </p>
   </div>
   <div class='ocr_carea' id='block_1_52' title="bbox 1948 2190 3516 2287">
    <p class='ocr_par' dir='ltr' id='par_1_52' title="bbox 1948 2190 3516 2287">
     <span class='ocr_line' id='line_1_53' title="bbox 1948 2190 3516 2287; baseline 0.03 -47"><span class='ocrx_word' id='word_1_376' title='bbox 1948 2197 2102 2242; x_wconf 88' lang='lat' dir='ltr'><strong>esset.</strong></span> <span class='ocrx_word' id='word_1_377' title='bbox 2132 2190 2375 2252; x_wconf 83' lang='lat' dir='ltr'><strong>Procidit</strong></span> <span class='ocrx_word' id='word_1_378' title='bbox 2405 2214 2603 2267; x_wconf 86' lang='lat' dir='ltr'><strong>pronus</strong></span> <span class='ocrx_word' id='word_1_379' title='bbox 2632 2206 2688 2261; x_wconf 87' lang='lat' dir='ltr'><strong>in</strong></span> <span class='ocrx_word' id='word_1_380' title='bbox 2719 2218 2939 2276; x_wconf 86' lang='lat' dir='ltr'><strong>terram,</strong></span> <span class='ocrx_word' id='word_1_381' title='bbox 2978 2224 3030 2270; x_wconf 89' lang='lat' dir='ltr'><strong>et</strong></span> <span class='ocrx_word' id='word_1_382' title='bbox 3062 2190 3306 2279; x_wconf 75' lang='lat' dir='ltr'><strong>adoravit</strong></span> <span class='ocrx_word' id='word_1_383' title='bbox 3338 2224 3516 2287; x_wconf 79' lang='lat' dir='ltr'><strong>illum.</strong></span> 
     </span>
    </p>
   </div>
   <div class='ocr_carea' id='block_1_53' title="bbox 1948 2277 3517 2390">
    <p class='ocr_par' dir='ltr' id='par_1_53' title="bbox 1948 2277 3517 2390">
     <span class='ocr_line' id='line_1_54' title="bbox 1948 2277 3517 2390; baseline 0.03 -59"><span class='ocrx_word' id='word_1_384' title='bbox 1948 2277 2065 2335; x_wconf 86' lang='lat' dir='ltr'><strong>Non</strong></span> <span class='ocrx_word' id='word_1_385' title='bbox 2093 2282 2312 2342; x_wconf 89' lang='lat' dir='ltr'><strong>aliunde</strong></span> <span class='ocrx_word' id='word_1_386' title='bbox 2342 2292 2528 2361; x_wconf 90' lang='lat' dir='ltr'><strong>petitis</strong></span> <span class='ocrx_word' id='word_1_387' title='bbox 2560 2302 2845 2370; x_wconf 85' lang='lat' dir='ltr'><strong>exemplis.</strong></span> <span class='ocrx_word' id='word_1_388' title='bbox 2877 2306 2972 2361; x_wconf 86' lang='lat' dir='ltr'><strong>sed</strong></span> <span class='ocrx_word' id='word_1_389' title='bbox 3022 2309 3093 2365; x_wconf 88' lang='lat' dir='ltr'><strong>ab</strong></span> <span class='ocrx_word' id='word_1_390' title='bbox 3121 2311 3190 2367; x_wconf 90' lang='lat' dir='ltr'><strong>iis</strong></span> <span class='ocrx_word' id='word_1_391' title='bbox 3225 2277 3517 2390; x_wconf 10' lang='lat' dir='ltr'><strong>ipsis:</strong></span> 
     </span>
    </p>
   </div>
   <div class='ocr_carea' id='block_1_54' title="bbox 1947 2374 3529 2477">
    <p class='ocr_par' dir='ltr' id='par_1_54' title="bbox 1947 2374 3529 2477">
     <span class='ocr_line' id='line_1_55' title="bbox 1947 2374 3529 2477; baseline 0.027 -51"><span class='ocrx_word' id='word_1_392' title='bbox 1947 2374 2172 2445; x_wconf 78' lang='lat' dir='ltr'><strong>scriptis</strong></span> <span class='ocrx_word' id='word_1_393' title='bbox 2206 2381 2505 2450; x_wconf 80' lang='lat' dir='ltr'><strong>mandavit,</strong></span> <span class='ocrx_word' id='word_1_394' title='bbox 2546 2387 2652 2445; x_wconf 88' lang='lat' dir='ltr'><strong>hoc</strong></span> <span class='ocrx_word' id='word_1_395' title='bbox 2705 2392 2763 2448; x_wconf 89' lang='lat' dir='ltr'><strong>in</strong></span> <span class='ocrx_word' id='word_1_396' title='bbox 2806 2395 2929 2453; x_wconf 91' lang='lat' dir='ltr'><strong>loco</strong></span> <span class='ocrx_word' id='word_1_397' title='bbox 2963 2399 3391 2477; x_wconf 78' lang='lat' dir='ltr'><strong>interrogatione</strong></span> <span class='ocrx_word' id='word_1_398' title='bbox 3429 2392 3529 2466; x_wconf 35' lang='lat' dir='ltr'><strong>in:</strong></span> 
     </span>
    </p>
   </div>
   <div class='ocr_carea' id='block_1_55' title="bbox 1946 2466 3515 2567">
    <p class='ocr_par' dir='ltr' id='par_1_55' title="bbox 1946 2466 3515 2567">
     <span class='ocr_line' id='line_1_56' title="bbox 1946 2466 3515 2567; baseline 0.027 -48"><span class='ocrx_word' id='word_1_399' title='bbox 1946 2466 2126 2523; x_wconf 89' lang='lat' dir='ltr'><strong>stabo.</strong></span> <span class='ocrx_word' id='word_1_400' title='bbox 2174 2468 2415 2531; x_wconf 82' lang='lat' dir='ltr'><strong>Tandem</strong></span> <span class='ocrx_word' id='word_1_401' title='bbox 2468 2488 2522 2534; x_wconf 90' lang='lat' dir='ltr'><strong>et</strong></span> <span class='ocrx_word' id='word_1_402' title='bbox 2568 2482 2791 2554; x_wconf 89' lang='lat' dir='ltr'><strong>reliquis</strong></span> <span class='ocrx_word' id='word_1_403' title='bbox 2836 2497 2958 2561; x_wconf 71' lang='lat' dir='ltr'><strong>utar</strong></span> <span class='ocrx_word' id='word_1_404' title='bbox 3003 2466 3285 2567; x_wconf 64' lang='lat' dir='ltr'><strong>exemplis.</strong></span> <span class='ocrx_word' id='word_1_405' title='bbox 3336 2500 3515 2562; x_wconf 71' lang='lat' dir='ltr'><strong>Effare</strong></span> 
     </span>
    </p>
   </div>
   <div class='ocr_carea' id='block_1_56' title="bbox 1943 2561 3514 2660">
    <p class='ocr_par' dir='ltr' id='par_1_56' title="bbox 1943 2561 3514 2660">
     <span class='ocr_line' id='line_1_57' title="bbox 1943 2561 3514 2660; baseline 0.027 -50"><span class='ocrx_word' id='word_1_406' title='bbox 1943 2571 2071 2630; x_wconf 82' lang='lat' dir='ltr'><strong>ergo</strong></span> <span class='ocrx_word' id='word_1_407' title='bbox 2101 2561 2236 2617; x_wconf 88' lang='lat' dir='ltr'><strong>mibi</strong></span> <span class='ocrx_word' id='word_1_408' title='bbox 2283 2581 2380 2637; x_wconf 87' lang='lat' dir='ltr'><strong>per</strong></span> <span class='ocrx_word' id='word_1_409' title='bbox 2399 2567 2599 2638; x_wconf 83' lang='lat' dir='ltr'><strong>Deum,</strong></span> <span class='ocrx_word' id='word_1_410' title='bbox 2635 2576 2777 2643; x_wconf 85' lang='lat' dir='ltr'><strong>Quid</strong></span> <span class='ocrx_word' id='word_1_411' title='bbox 2811 2578 2899 2635; x_wconf 86' lang='lat' dir='ltr'><strong>hic</strong></span> <span class='ocrx_word' id='word_1_412' title='bbox 2932 2582 3036 2651; x_wconf 87' lang='lat' dir='ltr'><strong>ais,</strong></span> <span class='ocrx_word' id='word_1_413' title='bbox 3068 2561 3364 2660; x_wconf 71' lang='lat' dir='ltr'><strong>Origenes?</strong></span> <span class='ocrx_word' id='word_1_414' title='bbox 3392 2561 3514 2651; x_wconf 29' lang='lat' dir='ltr'><strong>Mui-</strong></span> 
     </span>
    </p>
   </div>
   <div class='ocr_carea' id='block_1_57' title="bbox 1943 2644 3513 2751">
    <p class='ocr_par' dir='ltr' id='par_1_57' title="bbox 1943 2644 3513 2751">
     <span class='ocr_line' id='line_1_58' title="bbox 1943 2644 3513 2751; baseline 0.029 -53"><span class='ocrx_word' id='word_1_415' title='bbox 1943 2644 2045 2700; x_wconf 91' lang='lat' dir='ltr'><strong>lier</strong></span> <span class='ocrx_word' id='word_1_416' title='bbox 2076 2654 2392 2713; x_wconf 84' lang='lat' dir='ltr'><strong>evocavilne</strong></span> <span class='ocrx_word' id='word_1_417' title='bbox 2439 2659 2745 2720; x_wconf 89' lang='lat' dir='ltr'><strong>Samuelem</strong></span> <span class='ocrx_word' id='word_1_418' title='bbox 2806 2684 2915 2725; x_wconf 88' lang='lat' dir='ltr'><strong>una</strong></span> <span class='ocrx_word' id='word_1_419' title='bbox 2962 2688 3087 2731; x_wconf 86' lang='lat' dir='ltr'><strong>cum</strong></span> <span class='ocrx_word' id='word_1_420' title='bbox 3135 2694 3385 2751; x_wconf 90' lang='lat' dir='ltr'><strong>corpore,</strong></span> <span class='ocrx_word' id='word_1_421' title='bbox 3440 2701 3513 2745; x_wconf 76' lang='lat' dir='ltr'><strong>an</strong></span> 
     </span>
    </p>
   </div>
   <div class='ocr_carea' id='block_1_58' title="bbox 1943 2738 3512 2836">
    <p class='ocr_par' dir='ltr' id='par_1_58' title="bbox 1943 2738 3512 2836">
     <span class='ocr_line' id='line_1_59' title="bbox 1943 2738 3512 2836; baseline 0.029 -45"><span class='ocrx_word' id='word_1_422' title='bbox 1943 2738 2113 2810; x_wconf 79' lang='lat' dir='ltr'><strong>ﬁgura</strong></span> <span class='ocrx_word' id='word_1_423' title='bbox 2147 2744 2355 2803; x_wconf 84' lang='lat' dir='ltr'><strong>umbrae</strong></span> <span class='ocrx_word' id='word_1_424' title='bbox 2400 2758 2614 2810; x_wconf 91' lang='lat' dir='ltr'><strong>tantum</strong></span> <span class='ocrx_word' id='word_1_425' title='bbox 2653 2757 2888 2832; x_wconf 85' lang='lat' dir='ltr'><strong>imagine</strong></span> <span class='ocrx_word' id='word_1_426' title='bbox 2932 2738 3290 2828; x_wconf 75' lang='lat' dir='ltr'><strong>obvolutum?</strong></span> <span class='ocrx_word' id='word_1_427' title='bbox 3320 2738 3384 2832; x_wconf 81' lang='lat' dir='ltr'><strong>Si</strong></span> <span class='ocrx_word' id='word_1_428' title='bbox 3423 2778 3512 2836; x_wconf 71' lang='lat' dir='ltr'><strong>in-</strong></span> 
     </span>
    </p>
   </div>
   <div class='ocr_carea' id='block_1_59' title="bbox 1940 2839 3503 2937">
    <p class='ocr_par' dir='ltr' id='par_1_59' title="bbox 1940 2839 3503 2937">
     <span class='ocr_line' id='line_1_60' title="bbox 1940 2839 3503 2937; baseline 0.026 -53"><span class='ocrx_word' id='word_1_429' title='bbox 1940 2845 2264 2904; x_wconf 89' lang='lat' dir='ltr'><strong>corporeum</strong></span> <span class='ocrx_word' id='word_1_430' title='bbox 2320 2839 2472 2898; x_wconf 87' lang='lat' dir='ltr'><strong>illum</strong></span> <span class='ocrx_word' id='word_1_431' title='bbox 2519 2850 2789 2917; x_wconf 89' lang='lat' dir='ltr'><strong>evocavit,</strong></span> <span class='ocrx_word' id='word_1_432' title='bbox 2835 2870 2946 2912; x_wconf 91' lang='lat' dir='ltr'><strong>non</strong></span> <span class='ocrx_word' id='word_1_433' title='bbox 2990 2875 3120 2933; x_wconf 90' lang='lat' dir='ltr'><strong>ergo</strong></span> <span class='ocrx_word' id='word_1_434' title='bbox 3172 2862 3503 2937; x_wconf 89' lang='lat' dir='ltr'><strong>Samuelem,</strong></span> 
     </span>
    </p>
   </div>
   <div class='ocr_carea' id='block_1_60' title="bbox 1939 2922 3508 3023">
    <p class='ocr_par' dir='ltr' id='par_1_60' title="bbox 1939 2922 3508 3023">
     <span class='ocr_line' id='line_1_61' title="bbox 1939 2922 3508 3023; baseline 0.029 -46"><span class='ocrx_word' id='word_1_435' title='bbox 1939 2922 2034 2979; x_wconf 87' lang='lat' dir='ltr'><strong>sed</strong></span> <span class='ocrx_word' id='word_1_436' title='bbox 2064 2927 2295 2996; x_wconf 88' lang='lat' dir='ltr'><strong>spiritus</strong></span> <span class='ocrx_word' id='word_1_437' title='bbox 2330 2932 2562 2994; x_wconf 80' lang='lat' dir='ltr'><strong>formam</strong></span> <span class='ocrx_word' id='word_1_438' title='bbox 2599 2945 2887 3003; x_wconf 88' lang='lat' dir='ltr'><strong>suscitavit</strong></span> <span class='ocrx_word' id='word_1_439' title='bbox 2919 2969 2932 3007; x_wconf 90' lang='lat'><strong>:</strong></span> <span class='ocrx_word' id='word_1_440' title='bbox 2965 2967 3031 3007; x_wconf 84' lang='lat' dir='ltr'><strong>ex</strong></span> <span class='ocrx_word' id='word_1_441' title='bbox 3066 2956 3247 3012; x_wconf 87' lang='lat' dir='ltr'><strong>anima</strong></span> <span class='ocrx_word' id='word_1_442' title='bbox 3276 2961 3423 3020; x_wconf 87' lang='lat' dir='ltr'><strong>enim</strong></span> <span class='ocrx_word' id='word_1_443' title='bbox 3452 2974 3508 3023; x_wconf 87' lang='lat' dir='ltr'><strong>et</strong></span> 
     </span>
    </p>
   </div>
   <div class='ocr_carea' id='block_1_61' title="bbox 237 2988 1833 3117">
    <p class='ocr_par' dir='ltr' id='par_1_61' title="bbox 237 2988 1833 3117">
     <span class='ocr_line' id='line_1_62' title="bbox 237 2988 1833 3081; baseline 0.011 -36"><span class='ocrx_word' id='word_1_444' title='bbox 237 2988 435 3062; x_wconf 61' lang='grc' dir='ltr'><strong>ψυῂς</strong></span> <span class='ocrx_word' id='word_1_445' title='bbox 466 2993 566 3046; x_wconf 80' lang='grc' dir='ltr'><strong>καὶ</strong></span> <span class='ocrx_word' id='word_1_446' title='bbox 595 2992 845 3065; x_wconf 84' lang='grc' dir='ltr'><strong>σώματος</strong></span> <span class='ocrx_word' id='word_1_447' title='bbox 865 2999 1209 3071; x_wconf 83' lang='grc' dir='ltr'><strong>ἡρμοσμένος</strong></span> <span class='ocrx_word' id='word_1_448' title='bbox 1237 2995 1391 3067; x_wconf 76' lang='grc' dir='ltr'><strong>οὗτός</strong></span> <span class='ocrx_word' id='word_1_449' title='bbox 1437 3006 1555 3061; x_wconf 87' lang='grc' dir='ltr'><strong>ἐστι</strong></span> <span class='ocrx_word' id='word_1_450' title='bbox 1582 2988 1833 3081; x_wconf 85' lang='grc' dir='ltr'><strong>Σαμουὴλ</strong></span> 
     </span>
     <span class='ocr_line' id='line_1_63' title="bbox 237 3084 1824 3117; baseline 0 0"><span class='ocrx_word' id='word_1_451' title='bbox 237 3084 271 3117; x_wconf 62' lang='grc' dir='ltr'><strong><em>λ</em></strong></span> <span class='ocrx_word' id='word_1_452' title='bbox 300 3085 599 3117; x_wconf 64' lang='grc' dir='ltr'><strong>ιυΩΑ...-ιι-</strong></span> <span class='ocrx_word' id='word_1_453' title='bbox 646 3089 671 3117; x_wconf 64' lang='grc' dir='ltr'><strong>εἰ</strong></span> <span class='ocrx_word' id='word_1_454' title='bbox 700 3092 893 3117; x_wconf 62' lang='grc' dir='ltr'><strong>..-ἕ-..ι</strong></span> <span class='ocrx_word' id='word_1_455' title='bbox 920 3092 995 3117; x_wconf 72' lang='grc' dir='ltr'><strong>ζ---</strong></span> <span class='ocrx_word' id='word_1_456' title='bbox 1011 3110 1055 3117; x_wconf 81' lang='grc'><strong>.-.</strong></span> <span class='ocrx_word' id='word_1_457' title='bbox 1083 3094 1137 3117; x_wconf 64' lang='grc' dir='ltr'><strong>ιη</strong></span> <span class='ocrx_word' id='word_1_458' title='bbox 1165 3096 1359 3117; x_wconf 48' lang='lat' dir='ltr'><strong>2._-u-9,_</strong></span> <span class='ocrx_word' id='word_1_459' title='bbox 1397 3097 1511 3117; x_wconf 41' lang='grc' dir='ltr'><strong>’.ηις</strong></span> <span class='ocrx_word' id='word_1_460' title='bbox 1738 3104 1750 3117; x_wconf 67' lang='grc' dir='ltr'><strong>ι</strong></span> <span class='ocrx_word' id='word_1_461' title='bbox 1782 3102 1824 3117; x_wconf 62' lang='grc' dir='ltr'>ιι</span> 
     </span>
    </p>
   </div>
   <div class='ocr_carea' id='block_1_62' title="bbox 1937 2988 3504 3117">
    <p class='ocr_par' dir='ltr' id='par_1_62' title="bbox 1940 2988 3504 3117">
     <span class='ocr_line' id='line_1_64' title="bbox 2094 2988 3504 3023; baseline 0.029 -42"><span class='ocrx_word' id='word_1_462' title='bbox 2094 2988 2110 2996; x_wconf 91' lang='lat'>_</span> <span class='ocrx_word' id='word_1_463' title='bbox 2421 2988 2447 2989; x_wconf 56' lang='grc' dir='ltr'><em>η</em></span> <span class='ocrx_word' id='word_1_464' title='bbox 2477 2988 2562 2994; x_wconf 79' lang='lat'><strong>_..-</strong></span> <span class='ocrx_word' id='word_1_465' title='bbox 2599 2988 2887 3003; x_wconf 65' lang='grc' dir='ltr'><strong>-..ην-...ην</strong></span> <span class='ocrx_word' id='word_1_466' title='bbox 2919 2992 2932 3007; x_wconf 90' lang='grc'><strong>.</strong></span> <span class='ocrx_word' id='word_1_467' title='bbox 2965 2988 3031 3007; x_wconf 62' lang='lat' dir='ltr'><strong>wn</strong></span> <span class='ocrx_word' id='word_1_468' title='bbox 3066 2988 3247 3012; x_wconf 71' lang='lat' dir='ltr'><strong>uxrltua</strong></span> <span class='ocrx_word' id='word_1_469' title='bbox 3276 2988 3423 3020; x_wconf 73' lang='lat' dir='ltr'><strong>cultu</strong></span> <span class='ocrx_word' id='word_1_470' title='bbox 3452 2988 3504 3023; x_wconf 65' lang='grc' dir='ltr'><strong>(τι</strong></span> 
     </span>
     <span class='ocr_line' id='line_1_65' title="bbox 1940 3027 3504 3117; baseline 0.032 -51"><span class='ocrx_word' id='word_1_471' title='bbox 1940 3027 2172 3086; x_wconf 91' lang='lat' dir='ltr'><strong>corpore</strong></span> <span class='ocrx_word' id='word_1_472' title='bbox 2217 3028 2558 3097; x_wconf 88' lang='lat' dir='ltr'><strong>compositus</strong></span> <span class='ocrx_word' id='word_1_473' title='bbox 2600 3033 2716 3104; x_wconf 89' lang='lat' dir='ltr'><strong>ipse</strong></span> <span class='ocrx_word' id='word_1_474' title='bbox 2768 3047 2853 3094; x_wconf 89' lang='lat' dir='ltr'><strong>est</strong></span> <span class='ocrx_word' id='word_1_475' title='bbox 2910 3039 3167 3116; x_wconf 88' lang='lat' dir='ltr'><strong>Samuel;</strong></span> <span class='ocrx_word' id='word_1_476' title='bbox 3224 3050 3387 3111; x_wconf 89' lang='lat' dir='ltr'><strong>homo</strong></span> <span class='ocrx_word' id='word_1_477' title='bbox 3436 3073 3504 3117; x_wconf 80' lang='lat' dir='ltr'><strong>ex</strong></span> 
     </span>
    </p>
   </div>
   <div class='ocr_carea' id='block_1_63' title="bbox 234 3084 1836 3169">
    <p class='ocr_par' dir='ltr' id='par_1_63' title="bbox 234 3084 1836 3169">
     <span class='ocr_line' id='line_1_66' title="bbox 234 3084 1836 3169; baseline 0.012 -32"><span class='ocrx_word' id='word_1_478' title='bbox 234 3084 271 3138; x_wconf 80' lang='grc' dir='ltr'>ὀ</span> <span class='ocrx_word' id='word_1_479' title='bbox 296 3085 620 3158; x_wconf 76' lang='grc' dir='ltr'><strong>ἄνθρωπος,</strong></span> <span class='ocrx_word' id='word_1_480' title='bbox 645 3089 674 3141; x_wconf 91' lang='lat'><strong>6</strong></span> <span class='ocrx_word' id='word_1_481' title='bbox 700 3092 893 3162; x_wconf 84' lang='grc' dir='ltr'><strong>κρᾶσιν</strong></span> <span class='ocrx_word' id='word_1_482' title='bbox 918 3092 1056 3164; x_wconf 80' lang='grc' dir='ltr'><strong>ἔχων</strong></span> <span class='ocrx_word' id='word_1_483' title='bbox 1079 3094 1137 3161; x_wconf 74' lang='grc' dir='ltr'><strong>ἐξ</strong></span> <span class='ocrx_word' id='word_1_484' title='bbox 1159 3092 1360 3167; x_wconf 81' lang='grc' dir='ltr'><strong>ἀμφοῖν</strong></span> <span class='ocrx_word' id='word_1_485' title='bbox 1388 3097 1675 3169; x_wconf 84' lang='grc' dir='ltr'><strong>ἀνάλογον’</strong></span> <span class='ocrx_word' id='word_1_486' title='bbox 1704 3104 1753 3155; x_wconf 87' lang='grc' dir='ltr'><strong>εί</strong></span> <span class='ocrx_word' id='word_1_487' title='bbox 1777 3102 1836 3157; x_wconf 82' lang='grc' dir='ltr'><strong>δὲ</strong></span> 
     </span>
    </p>
   </div>
   <div class='ocr_carea' id='block_1_64' title="bbox 231 3174 1836 3265">
    <p class='ocr_par' dir='ltr' id='par_1_64' title="bbox 231 3174 1836 3265">
     <span class='ocr_line' id='line_1_67' title="bbox 231 3174 1836 3265; baseline 0.012 -37"><span class='ocrx_word' id='word_1_488' title='bbox 231 3174 529 3248; x_wconf 76' lang='grc' dir='ltr'><strong>ὁλόσωμον</strong></span> <span class='ocrx_word' id='word_1_489' title='bbox 573 3179 735 3234; x_wconf 67' lang='grc' dir='ltr'><strong>αὐτὸν</strong></span> <span class='ocrx_word' id='word_1_490' title='bbox 781 3182 1023 3254; x_wconf 83' lang='grc' dir='ltr'><strong>ἀνήγαγε</strong></span> <span class='ocrx_word' id='word_1_491' title='bbox 1051 3185 1141 3241; x_wconf 84' lang='grc' dir='ltr'><strong>τὸν</strong></span> <span class='ocrx_word' id='word_1_492' title='bbox 1173 3187 1360 3261; x_wconf 81' lang='grc' dir='ltr'><strong>ἄνδρα,</strong></span> <span class='ocrx_word' id='word_1_493' title='bbox 1393 3189 1508 3255; x_wconf 85' lang='grc' dir='ltr'><strong>πῶς</strong></span> <span class='ocrx_word' id='word_1_494' title='bbox 1535 3192 1633 3264; x_wconf 85' lang='grc' dir='ltr'><strong>οὐχ</strong></span> <span class='ocrx_word' id='word_1_495' title='bbox 1662 3192 1836 3265; x_wconf 75' lang='grc' dir='ltr'><strong>ἑώρα-</strong></span> 
     </span>
    </p>
   </div>
   <div class='ocr_carea' id='block_1_65' title="bbox 234 3272 1828 3358">
    <p class='ocr_par' dir='ltr' id='par_1_65' title="bbox 234 3272 1828 3358">
     <span class='ocr_line' id='line_1_68' title="bbox 234 3272 1828 3358; baseline 0.011 -35"><span class='ocrx_word' id='word_1_496' title='bbox 234 3285 344 3324; x_wconf 79' lang='grc' dir='ltr'><strong>κεν</strong></span> <span class='ocrx_word' id='word_1_497' title='bbox 372 3272 541 3325; x_wconf 81' lang='grc' dir='ltr'><strong>αὑτὸν</strong></span> <span class='ocrx_word' id='word_1_498' title='bbox 569 3273 599 3325; x_wconf 82' lang='grc' dir='ltr'>ὁ</span> <span class='ocrx_word' id='word_1_499' title='bbox 624 3273 828 3342; x_wconf 89' lang='grc' dir='ltr'><strong>Σαούλ;</strong></span> <span class='ocrx_word' id='word_1_500' title='bbox 857 3279 905 3330; x_wconf 89' lang='grc' dir='ltr'><strong>εί</strong></span> <span class='ocrx_word' id='word_1_501' title='bbox 925 3278 1033 3351; x_wconf 86' lang='grc' dir='ltr'><strong>γὰρ</strong></span> <span class='ocrx_word' id='word_1_502' title='bbox 1051 3274 1117 3351; x_wconf 77' lang='grc' dir='ltr'><strong>ἦν</strong></span> <span class='ocrx_word' id='word_1_503' title='bbox 1142 3280 1364 3353; x_wconf 50' lang='lat' dir='ltr'><strong>moreest</strong></span> <span class='ocrx_word' id='word_1_504' title='bbox 1386 3283 1717 3358; x_wconf 82' lang='grc' dir='ltr'><strong>θεασάμενος</strong></span> <span class='ocrx_word' id='word_1_505' title='bbox 1738 3287 1828 3340; x_wconf 84' lang='grc' dir='ltr'><strong>αὐ·-</strong></span> 
     </span>
    </p>
   </div>
   <div class='ocr_carea' id='block_1_66' title="bbox 233 3362 1828 3452">
    <p class='ocr_par' dir='ltr' id='par_1_66' title="bbox 233 3362 1828 3452">
     <span class='ocr_line' id='line_1_69' title="bbox 233 3362 1828 3452; baseline 0.013 -36"><span class='ocrx_word' id='word_1_506' title='bbox 233 3362 360 3430; x_wconf 79' lang='grc' dir='ltr'><strong>τὺν,</strong></span> <span class='ocrx_word' id='word_1_507' title='bbox 392 3366 496 3420; x_wconf 70' lang='grc' dir='ltr'><strong>οὐκ</strong></span> <span class='ocrx_word' id='word_1_508' title='bbox 532 3367 599 3422; x_wconf 79' lang='grc' dir='ltr'><strong>ἂν</strong></span> <span class='ocrx_word' id='word_1_509' title='bbox 639 3368 715 3434; x_wconf 84' lang='grc' dir='ltr'><strong>ὡς</strong></span> <span class='ocrx_word' id='word_1_510' title='bbox 746 3370 1029 3428; x_wconf 81' lang='grc' dir='ltr'><strong>ἀδλεπτῶν</strong></span> <span class='ocrx_word' id='word_1_511' title='bbox 1055 3374 1283 3448; x_wconf 77' lang='grc' dir='ltr'><strong>ἐξήταζε</strong></span> <span class='ocrx_word' id='word_1_512' title='bbox 1308 3377 1404 3450; x_wconf 90' lang='grc' dir='ltr'><strong>τὴν</strong></span> <span class='ocrx_word' id='word_1_513' title='bbox 1436 3383 1685 3447; x_wconf 83' lang='grc' dir='ltr'><strong>γυναῖκα,</strong></span> <span class='ocrx_word' id='word_1_514' title='bbox 1722 3382 1828 3452; x_wconf 87' lang='grc' dir='ltr'><strong>φά-</strong></span> 
     </span>
    </p>
   </div>
   <div class='ocr_carea' id='block_1_67' title="bbox 236 3458 1829 3543">
    <p class='ocr_par' dir='ltr' id='par_1_67' title="bbox 236 3458 1829 3543">
     <span class='ocr_line' id='line_1_70' title="bbox 236 3458 1829 3543; baseline 0.014 -36"><span class='ocrx_word' id='word_1_515' title='bbox 236 3470 400 3508; x_wconf 67' lang='lat' dir='ltr'><strong>unum</strong></span> <span class='ocrx_word' id='word_1_516' title='bbox 430 3458 706 3527; x_wconf 76' lang='grc' dir='ltr'><strong>αύτολεξεὶ</strong></span> <span class='ocrx_word' id='word_1_517' title='bbox 750 3463 831 3528; x_wconf 88' lang='grc' dir='ltr'><strong>τό,</strong></span> <span class='ocrx_word' id='word_1_518' title='bbox 866 3465 928 3519; x_wconf 81' lang='grc' dir='ltr'><strong>Τί</strong></span> <span class='ocrx_word' id='word_1_519' title='bbox 954 3465 1249 3535; x_wconf 81' lang='grc' dir='ltr'><strong>ἐώρακας;</strong></span> <span class='ocrx_word' id='word_1_520' title='bbox 1288 3470 1495 3525; x_wconf 83' lang='grc' dir='ltr'><strong>Οὐκοῦν</strong></span> <span class='ocrx_word' id='word_1_521' title='bbox 1526 3474 1574 3526; x_wconf 86' lang='grc' dir='ltr'><strong>εί</strong></span> <span class='ocrx_word' id='word_1_522' title='bbox 1609 3474 1708 3543; x_wconf 82' lang='grc' dir='ltr'><strong>μὲν</strong></span> <span class='ocrx_word' id='word_1_523' title='bbox 1739 3475 1829 3528; x_wconf 84' lang='grc' dir='ltr'><strong>ἀό-</strong></span> 
     </span>
    </p>
   </div>
   <div class='ocr_carea' id='block_1_68' title="bbox 235 3543 1826 3635">
    <p class='ocr_par' dir='ltr' id='par_1_68' title="bbox 235 3543 1826 3635">
     <span class='ocr_line' id='line_1_71' title="bbox 235 3543 1826 3635; baseline 0.012 -36"><span class='ocrx_word' id='word_1_524' title='bbox 235 3561 421 3616; x_wconf 72' lang='grc' dir='ltr'><strong>ρατος</strong></span> <span class='ocrx_word' id='word_1_525' title='bbox 453 3543 536 3618; x_wconf 81' lang='grc' dir='ltr'><strong>ἦν,</strong></span> <span class='ocrx_word' id='word_1_526' title='bbox 564 3551 947 3623; x_wconf 76' lang='grc' dir='ltr'><strong>ἀναμφιλόγως</strong></span> <span class='ocrx_word' id='word_1_527' title='bbox 973 3556 1263 3629; x_wconf 85' lang='grc' dir='ltr'><strong>ἀσώματος</strong></span> <span class='ocrx_word' id='word_1_528' title='bbox 1290 3555 1359 3632; x_wconf 75' lang='grc' dir='ltr'><strong>ἦν</strong></span> <span class='ocrx_word' id='word_1_529' title='bbox 1378 3578 1394 3592; x_wconf 74' lang='grc' dir='ltr'><strong><em>ο</em></strong></span> <span class='ocrx_word' id='word_1_530' title='bbox 1428 3562 1476 3614; x_wconf 85' lang='grc' dir='ltr'><strong>εί</strong></span> <span class='ocrx_word' id='word_1_531' title='bbox 1506 3562 1563 3616; x_wconf 83' lang='grc' dir='ltr'><strong>δὲ</strong></span> <span class='ocrx_word' id='word_1_532' title='bbox 1599 3562 1826 3635; x_wconf 86' lang='grc' dir='ltr'><strong>ἀσώμα-</strong></span> 
     </span>
    </p>
   </div>
   <div class='ocr_carea' id='block_1_69' title="bbox 230 3641 1825 3729">
    <p class='ocr_par' dir='ltr' id='par_1_69' title="bbox 230 3641 1825 3729">
     <span class='ocr_line' id='line_1_72' title="bbox 230 3641 1825 3729; baseline 0.013 -38"><span class='ocrx_word' id='word_1_533' title='bbox 230 3654 344 3703; x_wconf 80' lang='grc' dir='ltr'><strong>τος</strong></span> <span class='ocrx_word' id='word_1_534' title='bbox 367 3641 599 3712; x_wconf 77' lang='grc' dir='ltr'><strong>σχήματι</strong></span> <span class='ocrx_word' id='word_1_535' title='bbox 621 3644 942 3715; x_wconf 81' lang='grc' dir='ltr'><strong>διεφαίνετο,</strong></span> <span class='ocrx_word' id='word_1_536' title='bbox 971 3649 1239 3723; x_wconf 81' lang='grc' dir='ltr'><strong>τίοδήποτε</strong></span> <span class='ocrx_word' id='word_1_537' title='bbox 1261 3654 1570 3709; x_wconf 81' lang='grc' dir='ltr'><strong>τούναντίον</strong></span> <span class='ocrx_word' id='word_1_538' title='bbox 1592 3654 1825 3729; x_wconf 78' lang='grc' dir='ltr'><strong>ἔφραζεν</strong></span> 
     </span>
    </p>
   </div>
   <div class='ocr_carea' id='block_1_70' title="bbox 232 3729 1823 3820">
    <p class='ocr_par' dir='ltr' id='par_1_70' title="bbox 232 3729 1823 3820">
     <span class='ocr_line' id='line_1_73' title="bbox 232 3729 1823 3820; baseline 0.016 -40"><span class='ocrx_word' id='word_1_539' title='bbox 232 3729 274 3798; x_wconf 74' lang='grc' dir='ltr'><strong>ἡ</strong></span> <span class='ocrx_word' id='word_1_540' title='bbox 305 3730 669 3804; x_wconf 77' lang='grc' dir='ltr'><strong>πυθόμαντις,</strong></span> <span class='ocrx_word' id='word_1_541' title='bbox 686 3737 984 3809; x_wconf 75' lang='grc' dir='ltr'><strong>ἑωρακέναι</strong></span> <span class='ocrx_word' id='word_1_542' title='bbox 1013 3741 1113 3812; x_wconf 83' lang='grc' dir='ltr'><strong>μὲν</strong></span> <span class='ocrx_word' id='word_1_543' title='bbox 1132 3742 1299 3814; x_wconf 80' lang='grc' dir='ltr'><strong>ἄνδρα</strong></span> <span class='ocrx_word' id='word_1_544' title='bbox 1318 3744 1499 3816; x_wconf 79' lang='grc' dir='ltr'><strong>ὄρθιον</strong></span> <span class='ocrx_word' id='word_1_545' title='bbox 1514 3746 1578 3800; x_wconf 83' lang='grc' dir='ltr'><strong>ἐκ</strong></span> <span class='ocrx_word' id='word_1_546' title='bbox 1602 3747 1701 3819; x_wconf 86' lang='grc' dir='ltr'><strong>τῆς</strong></span> <span class='ocrx_word' id='word_1_547' title='bbox 1720 3749 1823 3820; x_wconf 82' lang='grc' dir='ltr'><strong>γῆς</strong></span> 
     </span>
    </p>
   </div>
   <div class='ocr_carea' id='block_1_71' title="bbox 237 3818 1818 3910">
    <p class='ocr_par' dir='ltr' id='par_1_71' title="bbox 237 3818 1818 3910">
     <span class='ocr_line' id='line_1_74' title="bbox 237 3818 1818 3910; baseline 0.014 -38"><span class='ocrx_word' id='word_1_548' title='bbox 237 3818 626 3891; x_wconf 74' lang='grc' dir='ltr'><strong>ἀναϐαίνοντα,</strong></span> <span class='ocrx_word' id='word_1_549' title='bbox 684 3827 925 3886; x_wconf 76' lang='grc' dir='ltr'><strong>διπλοΐδα</strong></span> <span class='ocrx_word' id='word_1_550' title='bbox 972 3832 1050 3898; x_wconf 82' lang='grc' dir='ltr'><strong>δὲ,</strong></span> <span class='ocrx_word' id='word_1_551' title='bbox 1105 3834 1245 3888; x_wconf 86' lang='grc' dir='ltr'><strong>κατά</strong></span> <span class='ocrx_word' id='word_1_552' title='bbox 1288 3836 1351 3890; x_wconf 86' lang='grc' dir='ltr'><strong>τδ</strong></span> <span class='ocrx_word' id='word_1_553' title='bbox 1400 3837 1630 3910; x_wconf 80' lang='grc' dir='ltr'><strong>πρόσθεν</strong></span> <span class='ocrx_word' id='word_1_554' title='bbox 1679 3818 1818 3907; x_wconf 77' lang='grc' dir='ltr'><strong>ἔθος,</strong></span> 
     </span>
    </p>
   </div>
   <div class='ocr_carea' id='block_1_72' title="bbox 240 3911 1819 4002">
    <p class='ocr_par' dir='ltr' id='par_1_72' title="bbox 240 3911 1819 4002">
     <span class='ocr_line' id='line_1_75' title="bbox 240 3911 1819 4002; baseline 0.013 -38"><span class='ocrx_word' id='word_1_555' title='bbox 240 3911 716 3987; x_wconf 74' lang='grc' dir='ltr'><strong>ἀναϐεϐλημένον;</strong></span> <span class='ocrx_word' id='word_1_556' title='bbox 755 3921 895 3993; x_wconf 75' lang='grc' dir='ltr'><strong>’Ἄρα</strong></span> <span class='ocrx_word' id='word_1_557' title='bbox 922 3918 1015 3977; x_wconf 81' lang='grc' dir='ltr'><strong>οὖν</strong></span> <span class='ocrx_word' id='word_1_558' title='bbox 1042 3924 1183 3981; x_wconf 78' lang='grc' dir='ltr'><strong>αὐτά</strong></span> <span class='ocrx_word' id='word_1_559' title='bbox 1221 3924 1290 3981; x_wconf 86' lang='grc' dir='ltr'><strong>τά</strong></span> <span class='ocrx_word' id='word_1_560' title='bbox 1325 3927 1625 4000; x_wconf 84' lang='grc' dir='ltr'><strong>πράγματα</strong></span> <span class='ocrx_word' id='word_1_561' title='bbox 1653 3931 1819 4002; x_wconf 83' lang='grc' dir='ltr'><strong>μάχε-</strong></span> 
     </span>
    </p>
   </div>
   <div class='ocr_carea' id='block_1_73' title="bbox 240 4002 1819 4090">
    <p class='ocr_par' dir='ltr' id='par_1_73' title="bbox 240 4002 1819 4090">
     <span class='ocr_line' id='line_1_76' title="bbox 240 4002 1819 4090; baseline 0.013 -33"><span class='ocrx_word' id='word_1_562' title='bbox 240 4002 338 4058; x_wconf 77' lang='grc' dir='ltr'><strong>ταί</strong></span> <span class='ocrx_word' id='word_1_563' title='bbox 371 4023 460 4059; x_wconf 89' lang='grc' dir='ltr'><strong>σου</strong></span> <span class='ocrx_word' id='word_1_564' title='bbox 489 4010 605 4072; x_wconf 79' lang='grc' dir='ltr'><strong>τοῖς</strong></span> <span class='ocrx_word' id='word_1_565' title='bbox 621 4009 817 4079; x_wconf 82' lang='grc' dir='ltr'><strong>λόγοις,</strong></span> <span class='ocrx_word' id='word_1_566' title='bbox 846 4005 891 4065; x_wconf 80' lang='grc' dir='ltr'><strong>ὦ</strong></span> <span class='ocrx_word' id='word_1_567' title='bbox 924 4013 1194 4085; x_wconf 85' lang='grc' dir='ltr'><strong>Ὠρίγενες</strong></span> <span class='ocrx_word' id='word_1_568' title='bbox 1212 4033 1226 4047; x_wconf 76' lang='grc' dir='ltr'><strong><em>ο</em></strong></span> <span class='ocrx_word' id='word_1_569' title='bbox 1257 4019 1286 4071; x_wconf 89' lang='lat'><strong>6</strong></span> <span class='ocrx_word' id='word_1_570' title='bbox 1313 4019 1412 4090; x_wconf 86' lang='grc' dir='ltr'><strong>μέν</strong></span> <span class='ocrx_word' id='word_1_571' title='bbox 1439 4037 1503 4089; x_wconf 90' lang='grc' dir='ltr'><strong>γε</strong></span> <span class='ocrx_word' id='word_1_572' title='bbox 1526 4021 1698 4077; x_wconf 84' lang='grc' dir='ltr'><strong>Σαοὺλ</strong></span> <span class='ocrx_word' id='word_1_573' title='bbox 1729 4024 1819 4078; x_wconf 83' lang='grc' dir='ltr'><strong>οὐ-</strong></span> 
     </span>
    </p>
   </div>
   <div class='ocr_carea' id='block_1_74' title="bbox 240 4090 1816 4185">
    <p class='ocr_par' dir='ltr' id='par_1_74' title="bbox 240 4090 1816 4185">
     <span class='ocr_line' id='line_1_77' title="bbox 240 4090 1816 4185; baseline 0.015 -38"><span class='ocrx_word' id='word_1_574' title='bbox 240 4090 335 4147; x_wconf 72' lang='grc' dir='ltr'><strong>δὲν</strong></span> <span class='ocrx_word' id='word_1_575' title='bbox 355 4096 486 4162; x_wconf 76' lang='grc' dir='ltr'><strong>ὅλως</strong></span> <span class='ocrx_word' id='word_1_576' title='bbox 510 4100 772 4171; x_wconf 77' lang='grc' dir='ltr'><strong>ἑωρακὼς</strong></span> <span class='ocrx_word' id='word_1_577' title='bbox 792 4102 867 4167; x_wconf 82' lang='grc' dir='ltr'><strong>ὡς</strong></span> <span class='ocrx_word' id='word_1_578' title='bbox 889 4105 1016 4178; x_wconf 79' lang='grc' dir='ltr'><strong>περὶ</strong></span> <span class='ocrx_word' id='word_1_579' title='bbox 1045 4108 1428 4181; x_wconf 85' lang='grc' dir='ltr'><strong>φαντάσματος</strong></span> <span class='ocrx_word' id='word_1_580' title='bbox 1448 4112 1678 4185; x_wconf 85' lang='grc' dir='ltr'><strong>ἀοράτου</strong></span> <span class='ocrx_word' id='word_1_581' title='bbox 1701 4115 1816 4171; x_wconf 90' lang='grc' dir='ltr'><strong>δια-</strong></span> 
     </span>
    </p>
   </div>
   <div class='ocr_carea' id='block_1_75' title="bbox 242 4181 1812 4280">
    <p class='ocr_par' dir='ltr' id='par_1_75' title="bbox 242 4181 1812 4280">
     <span class='ocr_line' id='line_1_78' title="bbox 242 4181 1812 4280; baseline 0.015 -41"><span class='ocrx_word' id='word_1_582' title='bbox 242 4181 531 4260; x_wconf 78' lang='grc' dir='ltr'><strong>λεγόμενος</strong></span> <span class='ocrx_word' id='word_1_583' title='bbox 557 4193 905 4261; x_wconf 77' lang='grc' dir='ltr'><strong>ἐπυνθάνετο,</strong></span> <span class='ocrx_word' id='word_1_584' title='bbox 929 4196 1010 4261; x_wconf 83' lang='grc' dir='ltr'><strong>τὸ,</strong></span> <span class='ocrx_word' id='word_1_585' title='bbox 1055 4200 1117 4253; x_wconf 84' lang='grc' dir='ltr'><strong>Τί</strong></span> <span class='ocrx_word' id='word_1_586' title='bbox 1140 4199 1436 4270; x_wconf 82' lang='grc' dir='ltr'><strong>ἐώρακας;</strong></span> <span class='ocrx_word' id='word_1_587' title='bbox 1467 4181 1636 4260; x_wconf 73' lang='grc' dir='ltr'><strong>εἰπών</strong></span> <span class='ocrx_word' id='word_1_588' title='bbox 1654 4223 1668 4237; x_wconf 89' lang='grc'><strong>·</strong></span> <span class='ocrx_word' id='word_1_589' title='bbox 1699 4207 1812 4280; x_wconf 78' lang='grc' dir='ltr'><strong>ἠδὲ</strong></span> 
     </span>
    </p>
   </div>
   <div class='ocr_carea' id='block_1_76' title="bbox 243 4280 1812 4367">
    <p class='ocr_par' dir='ltr' id='par_1_76' title="bbox 243 4280 1812 4367">
     <span class='ocr_line' id='line_1_79' title="bbox 243 4280 1812 4367; baseline 0.013 -35"><span class='ocrx_word' id='word_1_590' title='bbox 243 4280 546 4337; x_wconf 71' lang='grc' dir='ltr'><strong>τούναντίον</strong></span> <span class='ocrx_word' id='word_1_591' title='bbox 565 4284 642 4350; x_wconf 84' lang='grc' dir='ltr'><strong>ὡς</strong></span> <span class='ocrx_word' id='word_1_592' title='bbox 664 4285 822 4340; x_wconf 84' lang='grc' dir='ltr'><strong>αὑτὸν</strong></span> <span class='ocrx_word' id='word_1_593' title='bbox 845 4287 1127 4360; x_wconf 74' lang='grc' dir='ltr'><strong>ἄνθρωπον</strong></span> <span class='ocrx_word' id='word_1_594' title='bbox 1151 4290 1331 4346; x_wconf 76' lang='grc' dir='ltr'><strong>ἰδοῦσα</strong></span> <span class='ocrx_word' id='word_1_595' title='bbox 1356 4293 1624 4367; x_wconf 83' lang='grc' dir='ltr'><strong>κέκραγεν</strong></span> <span class='ocrx_word' id='word_1_596' title='bbox 1643 4313 1657 4328; x_wconf 73' lang='grc' dir='ltr'><strong>ο</strong></span> <span class='ocrx_word' id='word_1_597' title='bbox 1684 4299 1812 4352; x_wconf 81' lang='grc' dir='ltr'><strong>Ἄν-</strong></span> 
     </span>
    </p>
   </div>
   <div class='ocr_carea' id='block_1_77' title="bbox 242 4364 1886 4458">
    <p class='ocr_par' dir='ltr' id='par_1_77' title="bbox 242 4364 1886 4458">
     <span class='ocr_line' id='line_1_80' title="bbox 242 4364 1886 4458; baseline 0.013 -35"><span class='ocrx_word' id='word_1_598' title='bbox 242 4364 357 4434; x_wconf 72' lang='grc' dir='ltr'><strong>δρα</strong></span> <span class='ocrx_word' id='word_1_599' title='bbox 384 4370 579 4441; x_wconf 75' lang='grc' dir='ltr'><strong>ὄρθιον</strong></span> <span class='ocrx_word' id='word_1_600' title='bbox 601 4372 996 4433; x_wconf 77' lang='grc' dir='ltr'><strong>ἁναόαίνοντα</strong></span> <span class='ocrx_word' id='word_1_601' title='bbox 1036 4380 1104 4433; x_wconf 83' lang='grc' dir='ltr'><strong>ἐκ</strong></span> <span class='ocrx_word' id='word_1_602' title='bbox 1145 4381 1257 4451; x_wconf 79' lang='grc' dir='ltr'><strong>τῆς</strong></span> <span class='ocrx_word' id='word_1_603' title='bbox 1286 4382 1398 4453; x_wconf 73' lang='grc' dir='ltr'><strong>τῆς</strong></span> <span class='ocrx_word' id='word_1_604' title='bbox 1417 4402 1430 4415; x_wconf 86' lang='grc'><strong>·</strong></span> <span class='ocrx_word' id='word_1_605' title='bbox 1459 4364 1599 4458; x_wconf 64' lang='grc' dir='ltr'><strong>ύπὲρ</strong></span> <span class='ocrx_word' id='word_1_606' title='bbox 1630 4387 1685 4442; x_wconf 86' lang='grc' dir='ltr'><strong>δὲ</strong></span> <span class='ocrx_word' id='word_1_607' title='bbox 1715 4388 1807 4443; x_wconf 79' lang='grc' dir='ltr'><strong>τοῦ</strong></span> <span class='ocrx_word' id='word_1_608' title='bbox 1840 4379 1886 4434; x_wconf 84' lang='grc' dir='ltr'><strong>Ῑ)</strong></span> 
     </span>
    </p>
   </div>
   <div class='ocr_carea' id='block_1_78' title="bbox 244 4463 1807 4552">
    <p class='ocr_par' dir='ltr' id='par_1_78' title="bbox 244 4463 1807 4552">
     <span class='ocr_line' id='line_1_81' title="bbox 244 4463 1807 4552; baseline 0.015 -39"><span class='ocrx_word' id='word_1_609' title='bbox 244 4463 426 4516; x_wconf 66' lang='grc' dir='ltr'><strong>πίει-αι</strong></span> <span class='ocrx_word' id='word_1_610' title='bbox 474 4464 549 4528; x_wconf 82' lang='grc' dir='ltr'><strong>ὡς</strong></span> <span class='ocrx_word' id='word_1_611' title='bbox 600 4466 759 4531; x_wconf 83' lang='grc' dir='ltr'><strong>αὐτὸς</strong></span> <span class='ocrx_word' id='word_1_612' title='bbox 802 4467 1084 4541; x_wconf 79' lang='grc' dir='ltr'><strong>ἄνθρωπός</strong></span> <span class='ocrx_word' id='word_1_613' title='bbox 1128 4473 1262 4539; x_wconf 82' lang='grc' dir='ltr'><strong>ἐστι,</strong></span> <span class='ocrx_word' id='word_1_614' title='bbox 1291 4475 1501 4531; x_wconf 86' lang='grc' dir='ltr'><strong>δίδωσιν</strong></span> <span class='ocrx_word' id='word_1_615' title='bbox 1539 4480 1686 4552; x_wconf 84' lang='grc' dir='ltr'><strong>αὐτῷ</strong></span> <span class='ocrx_word' id='word_1_616' title='bbox 1713 4482 1807 4536; x_wconf 77' lang='grc' dir='ltr'><strong>καὶ</strong></span> 
     </span>
    </p>
   </div>
   <div class='ocr_carea' id='block_1_79' title="bbox 245 4556 1806 4644">
    <p class='ocr_par' dir='ltr' id='par_1_79' title="bbox 245 4556 1806 4644">
     <span class='ocr_line' id='line_1_82' title="bbox 245 4556 1806 4644; baseline 0.017 -40"><span class='ocrx_word' id='word_1_617' title='bbox 245 4556 464 4622; x_wconf 79' lang='grc' dir='ltr'><strong>σημεῖον</strong></span> <span class='ocrx_word' id='word_1_618' title='bbox 488 4556 927 4631; x_wconf 75' lang='grc' dir='ltr'><strong>ἐπιφθεγξαμένη</strong></span> <span class='ocrx_word' id='word_1_619' title='bbox 946 4578 959 4590; x_wconf 79' lang='grc'><strong>”</strong></span> <span class='ocrx_word' id='word_1_620' title='bbox 992 4563 1099 4616; x_wconf 77' lang='grc' dir='ltr'><em>Καὶ</em></span> <span class='ocrx_word' id='word_1_621' title='bbox 1127 4560 1304 4633; x_wconf 83' lang='grc' dir='ltr'><strong>οὗτος</strong></span> <span class='ocrx_word' id='word_1_622' title='bbox 1328 4570 1806 4644; x_wconf 76' lang='grc' dir='ltr'><strong>ἀναϐεϐλημένος</strong></span> 
     </span>
    </p>
   </div>
   <div class='ocr_carea' id='block_1_80' title="bbox 238 4640 1804 4739">
    <p class='ocr_par' dir='ltr' id='par_1_80' title="bbox 238 4640 1804 4739">
     <span class='ocr_line' id='line_1_83' title="bbox 238 4640 1804 4739; baseline 0.007 -41"><span class='ocrx_word' id='word_1_623' title='bbox 238 4640 531 4702; x_wconf 70' lang='grc' dir='ltr'><strong>διπλοΐδα.</strong></span> <span class='ocrx_word' id='word_1_624' title='bbox 568 4648 635 4702; x_wconf 93' lang='grc' dir='ltr'><strong>Τί</strong></span> <span class='ocrx_word' id='word_1_625' title='bbox 662 4647 776 4714; x_wconf 79' lang='grc' dir='ltr'><strong>οὖν,</strong></span> <span class='ocrx_word' id='word_1_626' title='bbox 809 4644 855 4703; x_wconf 79' lang='grc' dir='ltr'><strong>ὦ</strong></span> <span class='ocrx_word' id='word_1_627' title='bbox 881 4653 977 4724; x_wconf 87' lang='grc' dir='ltr'><strong>τῆς</strong></span> <span class='ocrx_word' id='word_1_628' title='bbox 1009 4654 1267 4727; x_wconf 83' lang='grc' dir='ltr'><strong>ἀθεμίτου</strong></span> <span class='ocrx_word' id='word_1_629' title='bbox 1299 4664 1554 4732; x_wconf 85' lang='grc' dir='ltr'><strong>μαντείας</strong></span> <span class='ocrx_word' id='word_1_630' title='bbox 1599 4640 1804 4739; x_wconf 39' lang='grc' dir='ltr'><strong>ύ-ποθήξ</strong></span> 
     </span>
    </p>
   </div>
   <div class='ocr_carea' id='block_1_81' title="bbox 240 4738 1804 4828">
    <p class='ocr_par' dir='ltr' id='par_1_81' title="bbox 240 4738 1804 4828">
     <span class='ocr_line' id='line_1_84' title="bbox 240 4738 1804 4828; baseline 0.02 -44"><span class='ocrx_word' id='word_1_631' title='bbox 240 4748 384 4801; x_wconf 81' lang='grc' dir='ltr'><strong>μων,</strong></span> <span class='ocrx_word' id='word_1_632' title='bbox 408 4738 559 4811; x_wconf 73' lang='grc' dir='ltr'><strong>εἰπερ</strong></span> <span class='ocrx_word' id='word_1_633' title='bbox 588 4740 883 4812; x_wconf 77' lang='grc' dir='ltr'><strong>ἐτύγχανεν</strong></span> <span class='ocrx_word' id='word_1_634' title='bbox 910 4744 1067 4817; x_wconf 82' lang='grc' dir='ltr'><strong>ἀνὴρ,</strong></span> <span class='ocrx_word' id='word_1_635' title='bbox 1088 4749 1187 4803; x_wconf 83' lang='grc' dir='ltr'><strong>οὐκ</strong></span> <span class='ocrx_word' id='word_1_636' title='bbox 1208 4747 1345 4808; x_wconf 79' lang='grc' dir='ltr'><strong>εἶδεν</strong></span> <span class='ocrx_word' id='word_1_637' title='bbox 1371 4755 1531 4809; x_wconf 80' lang='grc' dir='ltr'><strong>αὑτὸν</strong></span> <span class='ocrx_word' id='word_1_638' title='bbox 1551 4759 1579 4811; x_wconf 93' lang='lat'><strong>6</strong></span> <span class='ocrx_word' id='word_1_639' title='bbox 1599 4738 1770 4817; x_wconf 80' lang='grc' dir='ltr'><strong>Σαούλ</strong></span> <span class='ocrx_word' id='word_1_640' title='bbox 1789 4779 1804 4828; x_wconf 89' lang='lat'><strong>;</strong></span> 
     </span>
    </p>
   </div>
   <div class='ocr_carea' id='block_1_82' title="bbox 236 4824 1807 4916">
    <p class='ocr_par' dir='ltr' id='par_1_82' title="bbox 236 4824 1807 4916">
     <span class='ocr_line' id='line_1_85' title="bbox 236 4824 1807 4916; baseline 0.02 -39"><span class='ocrx_word' id='word_1_641' title='bbox 236 4824 402 4891; x_wconf 72' lang='grc' dir='ltr'><strong>ἐκτὸς</strong></span> <span class='ocrx_word' id='word_1_642' title='bbox 425 4831 470 4882; x_wconf 76' lang='grc' dir='ltr'><strong>εἱ</strong></span> <span class='ocrx_word' id='word_1_643' title='bbox 498 4833 657 4904; x_wconf 77' lang='grc' dir='ltr'><strong>μήτοι</strong></span> <span class='ocrx_word' id='word_1_644' title='bbox 693 4834 789 4888; x_wconf 74' lang='grc' dir='ltr'><strong>καὶ</strong></span> <span class='ocrx_word' id='word_1_645' title='bbox 813 4834 873 4888; x_wconf 79' lang='grc' dir='ltr'><strong>τὸ</strong></span> <span class='ocrx_word' id='word_1_646' title='bbox 905 4837 1158 4912; x_wconf 74' lang='grc' dir='ltr'><strong>αἰσθητὸν</strong></span> <span class='ocrx_word' id='word_1_647' title='bbox 1183 4843 1337 4916; x_wconf 75' lang='grc' dir='ltr'><strong>ὄμμα</strong></span> <span class='ocrx_word' id='word_1_648' title='bbox 1362 4847 1687 4916; x_wconf 83' lang='grc' dir='ltr'><strong>τυφλώττειν</strong></span> <span class='ocrx_word' id='word_1_649' title='bbox 1709 4824 1807 4909; x_wconf 48' lang='lat' dir='ltr'><strong>at);</strong></span> 
     </span>
    </p>
   </div>
   <div class='ocr_carea' id='block_1_83' title="bbox 235 4911 1803 5009">
    <p class='ocr_par' dir='ltr' id='par_1_83' title="bbox 235 4911 1803 5009">
     <span class='ocr_line' id='line_1_86' title="bbox 235 4911 1803 5009; baseline 0.019 -39"><span class='ocrx_word' id='word_1_650' title='bbox 235 4916 341 4973; x_wconf 81' lang='grc' dir='ltr'><strong>τδν</strong></span> <span class='ocrx_word' id='word_1_651' title='bbox 370 4911 549 4991; x_wconf 65' lang='lat' dir='ltr'><strong>tim,</strong></span> <span class='ocrx_word' id='word_1_652' title='bbox 583 4927 867 5002; x_wconf 80' lang='grc' dir='ltr'><strong>ὠσπεροῦν</strong></span> <span class='ocrx_word' id='word_1_653' title='bbox 894 4932 1083 5003; x_wconf 85' lang='grc' dir='ltr'><strong>ἀμέλει</strong></span> <span class='ocrx_word' id='word_1_654' title='bbox 1124 4911 1299 4991; x_wconf 68' lang='grc' dir='ltr'><strong>καὶτὸ</strong></span> <span class='ocrx_word' id='word_1_655' title='bbox 1318 4940 1419 5005; x_wconf 79' lang='grc' dir='ltr'><strong>τῆς</strong></span> <span class='ocrx_word' id='word_1_656' title='bbox 1440 4911 1645 5009; x_wconf 69' lang='grc' dir='ltr'><strong>έννοίας</strong></span> <span class='ocrx_word' id='word_1_657' title='bbox 1671 4946 1803 5001; x_wconf 74' lang='grc' dir='ltr'><strong>αὐτὸ</strong></span> 
     </span>
    </p>
   </div>
   <div class='ocr_carea' id='block_1_84' title="bbox 234 5006 529 5085">
    <p class='ocr_par' dir='ltr' id='par_1_84' title="bbox 234 5006 529 5085">
     <span class='ocr_line' id='line_1_87' title="bbox 234 5006 529 5085; baseline 0.034 -24"><span class='ocrx_word' id='word_1_658' title='bbox 234 5006 297 5062; x_wconf 74' lang='grc' dir='ltr'><strong>τὸ</strong></span> <span class='ocrx_word' id='word_1_659' title='bbox 332 5015 529 5085; x_wconf 79' lang='grc' dir='ltr'><strong>νοητόν.</strong></span> 
     </span>
    </p>
   </div>
   <div class='ocr_carea' id='block_1_85' title="bbox 309 5193 1800 5287">
    <p class='ocr_par' dir='ltr' id='par_1_85' title="bbox 309 5193 1800 5287">
     <span class='ocr_line' id='line_1_88' title="bbox 309 5193 1800 5287; baseline 0.02 -38"><span class='ocrx_word' id='word_1_660' title='bbox 309 5193 391 5250; x_wconf 74' lang='grc' dir='ltr'><strong>Ἦ.</strong></span> <span class='ocrx_word' id='word_1_661' title='bbox 445 5199 582 5255; x_wconf 73' lang='grc' dir='ltr'><strong>Ἀλλ’</strong></span> <span class='ocrx_word' id='word_1_662' title='bbox 617 5202 746 5268; x_wconf 81' lang='grc' dir='ltr'><strong>ἴσως</strong></span> <span class='ocrx_word' id='word_1_663' title='bbox 789 5208 936 5278; x_wconf 73' lang='grc' dir='ltr'><strong>ἐρεῖς</strong></span> <span class='ocrx_word' id='word_1_664' title='bbox 960 5209 1312 5285; x_wconf 84' lang='grc' dir='ltr'><strong>ἁλισκόμενος</strong></span> <span class='ocrx_word' id='word_1_665' title='bbox 1355 5218 1612 5287; x_wconf 78' lang='grc' dir='ltr'><strong>εὐπετῶς·</strong></span> <span class='ocrx_word' id='word_1_666' title='bbox 1660 5224 1800 5278; x_wconf 77' lang='grc' dir='ltr'><strong>Αὐτὸ</strong></span> 
     </span>
    </p>
   </div>
   <div class='ocr_carea' id='block_1_86' title="bbox 240 5281 1802 5385">
    <p class='ocr_par' dir='ltr' id='par_1_86' title="bbox 240 5281 1802 5385">
     <span class='ocr_line' id='line_1_89' title="bbox 240 5281 1802 5385; baseline 0.022 -47"><span class='ocrx_word' id='word_1_667' title='bbox 240 5281 297 5338; x_wconf 59' lang='lat' dir='ltr'><strong>ab</strong></span> <span class='ocrx_word' id='word_1_668' title='bbox 322 5289 419 5361; x_wconf 80' lang='grc' dir='ltr'><strong>τῆς</strong></span> <span class='ocrx_word' id='word_1_669' title='bbox 444 5291 629 5364; x_wconf 75' lang='grc' dir='ltr'><strong>ψυχῆς</strong></span> <span class='ocrx_word' id='word_1_670' title='bbox 658 5296 886 5369; x_wconf 73' lang='grc' dir='ltr'><strong>ὄργανον</strong></span> <span class='ocrx_word' id='word_1_671' title='bbox 918 5281 1376 5381; x_wconf 66' lang='grc' dir='ltr'><strong>ἀνθρωπόμορφον</strong></span> <span class='ocrx_word' id='word_1_672' title='bbox 1408 5281 1802 5385; x_wconf 80' lang='grc' dir='ltr'><strong>ἐσχηματίζετο</strong></span> 
     </span>
    </p>
   </div>
   <div class='ocr_carea' id='block_1_87' title="bbox 246 5382 1803 5485">
    <p class='ocr_par' dir='ltr' id='par_1_87' title="bbox 246 5382 1803 5485">
     <span class='ocr_line' id='line_1_90' title="bbox 246 5382 1803 5485; baseline 0.021 -53"><span class='ocrx_word' id='word_1_673' title='bbox 246 5382 367 5435; x_wconf 67' lang='grc' dir='ltr'><strong>κατά</strong></span> <span class='ocrx_word' id='word_1_674' title='bbox 392 5384 489 5457; x_wconf 86' lang='grc' dir='ltr'><strong>τὴν</strong></span> <span class='ocrx_word' id='word_1_675' title='bbox 521 5386 693 5460; x_wconf 85' lang='grc' dir='ltr'><strong>ὤραν,</strong></span> <span class='ocrx_word' id='word_1_676' title='bbox 719 5391 805 5445; x_wconf 81' lang='grc' dir='ltr'><strong>ἵνα</strong></span> <span class='ocrx_word' id='word_1_677' title='bbox 835 5394 1095 5464; x_wconf 79' lang='grc' dir='ltr'><strong>ἐπιφανὲν</strong></span> <span class='ocrx_word' id='word_1_678' title='bbox 1134 5398 1323 5484; x_wconf 67' lang='grc' dir='ltr'><strong>εξείπῃ</strong></span> <span class='ocrx_word' id='word_1_679' title='bbox 1353 5382 1675 5480; x_wconf 74' lang='grc' dir='ltr'><strong>προφὴτικῷ</strong></span> <span class='ocrx_word' id='word_1_680' title='bbox 1705 5429 1803 5485; x_wconf 83' lang='grc' dir='ltr'><strong>μη-</strong></span> 
     </span>
    </p>
   </div>
   <div class='ocr_carea' id='block_1_88' title="bbox 248 5468 1800 5563">
    <p class='ocr_par' dir='ltr' id='par_1_88' title="bbox 248 5468 1800 5563">
     <span class='ocr_line' id='line_1_91' title="bbox 248 5468 1800 5563; baseline 0.021 -38"><span class='ocrx_word' id='word_1_681' title='bbox 248 5468 419 5542; x_wconf 64' lang='lat' dir='ltr'><strong>lium</strong></span> <span class='ocrx_word' id='word_1_682' title='bbox 447 5478 510 5531; x_wconf 81' lang='grc' dir='ltr'><strong>τὸ</strong></span> <span class='ocrx_word' id='word_1_683' title='bbox 542 5478 733 5550; x_wconf 85' lang='grc' dir='ltr'><strong>μέλλον</strong></span> <span class='ocrx_word' id='word_1_684' title='bbox 751 5498 763 5511; x_wconf 92' lang='grc'><strong>·</strong></span> <span class='ocrx_word' id='word_1_685' title='bbox 800 5477 888 5537; x_wconf 75' lang='grc' dir='ltr'><strong>οἷα</strong></span> <span class='ocrx_word' id='word_1_686' title='bbox 930 5485 993 5557; x_wconf 86' lang='grc' dir='ltr'><strong>δὴ</strong></span> <span class='ocrx_word' id='word_1_687' title='bbox 1043 5479 1180 5543; x_wconf 88' lang='grc' dir='ltr'><strong>κατά</strong></span> <span class='ocrx_word' id='word_1_688' title='bbox 1222 5468 1349 5557; x_wconf 58' lang='grc' dir='ltr'><strong>τούς</strong></span> <span class='ocrx_word' id='word_1_689' title='bbox 1388 5468 1587 5563; x_wconf 66' lang='grc' dir='ltr'><strong>ύπνους</strong></span> <span class='ocrx_word' id='word_1_690' title='bbox 1628 5468 1800 5557; x_wconf 61' lang='grc' dir='ltr'><strong>ἐνίοτε</strong></span> 
     </span>
    </p>
   </div>
   <div class='ocr_carea' id='block_1_89' title="bbox 1936 3110 3503 3209">
    <p class='ocr_par' dir='ltr' id='par_1_89' title="bbox 1936 3110 3503 3209">
     <span class='ocr_line' id='line_1_92' title="bbox 1936 3110 3503 3209; baseline 0.029 -46"><span class='ocrx_word' id='word_1_691' title='bbox 1936 3110 2184 3182; x_wconf 91' lang='lat' dir='ltr'><strong>utrisque</strong></span> <span class='ocrx_word' id='word_1_692' title='bbox 2216 3121 2566 3188; x_wconf 88' lang='lat' dir='ltr'><strong>proportione</strong></span> <span class='ocrx_word' id='word_1_693' title='bbox 2597 3127 2829 3196; x_wconf 78' lang='lat' dir='ltr'><strong>quadam</strong></span> <span class='ocrx_word' id='word_1_694' title='bbox 2871 3147 3105 3195; x_wconf 90' lang='lat' dir='ltr'><strong>constat.</strong></span> <span class='ocrx_word' id='word_1_695' title='bbox 3141 3110 3198 3197; x_wconf 82' lang='lat' dir='ltr'><strong>Si</strong></span> <span class='ocrx_word' id='word_1_696' title='bbox 3238 3160 3369 3204; x_wconf 90' lang='lat' dir='ltr'><strong>vero</strong></span> <span class='ocrx_word' id='word_1_697' title='bbox 3391 3165 3503 3209; x_wconf 81' lang='lat' dir='ltr'><strong>una</strong></span> 
     </span>
    </p>
   </div>
   <div class='ocr_carea' id='block_1_90' title="bbox 1935 3212 3504 3304">
    <p class='ocr_par' dir='ltr' id='par_1_90' title="bbox 1935 3212 3504 3304">
     <span class='ocr_line' id='line_1_93' title="bbox 1935 3212 3504 3304; baseline 0.03 -50"><span class='ocrx_word' id='word_1_698' title='bbox 1935 3216 2059 3256; x_wconf 86' lang='lat' dir='ltr'><strong>cum</strong></span> <span class='ocrx_word' id='word_1_699' title='bbox 2090 3212 2207 3261; x_wconf 87' lang='lat' dir='ltr'><strong>toto</strong></span> <span class='ocrx_word' id='word_1_700' title='bbox 2257 3224 2488 3283; x_wconf 88' lang='lat' dir='ltr'><strong>corpore</strong></span> <span class='ocrx_word' id='word_1_701' title='bbox 2543 3217 2721 3274; x_wconf 90' lang='lat' dir='ltr'><strong>virum</strong></span> <span class='ocrx_word' id='word_1_702' title='bbox 2763 3229 3031 3295; x_wconf 89' lang='lat' dir='ltr'><strong>evocavit,</strong></span> <span class='ocrx_word' id='word_1_703' title='bbox 3080 3239 3354 3304; x_wconf 90' lang='lat' dir='ltr'><strong>quomodo</strong></span> <span class='ocrx_word' id='word_1_704' title='bbox 3393 3258 3504 3300; x_wconf 92' lang='lat' dir='ltr'><strong>non</strong></span> 
     </span>
    </p>
   </div>
   <div class='ocr_carea' id='block_1_91' title="bbox 1931 3293 3503 3404">
    <p class='ocr_par' dir='ltr' id='par_1_91' title="bbox 1931 3293 3503 3404">
     <span class='ocr_line' id='line_1_94' title="bbox 1931 3293 3503 3404; baseline 0.031 -58"><span class='ocrx_word' id='word_1_705' title='bbox 1931 3293 2069 3351; x_wconf 89' lang='lat' dir='ltr'><strong>vidit</strong></span> <span class='ocrx_word' id='word_1_706' title='bbox 2099 3298 2250 3355; x_wconf 89' lang='lat' dir='ltr'><strong>illum</strong></span> <span class='ocrx_word' id='word_1_707' title='bbox 2289 3301 2460 3359; x_wconf 88' lang='lat' dir='ltr'><strong>Saul?</strong></span> <span class='ocrx_word' id='word_1_708' title='bbox 2491 3310 2693 3382; x_wconf 89' lang='lat' dir='ltr'><strong>quippe</strong></span> <span class='ocrx_word' id='word_1_709' title='bbox 2721 3314 2768 3369; x_wconf 89' lang='lat' dir='ltr'><strong>si</strong></span> <span class='ocrx_word' id='word_1_710' title='bbox 2795 3293 3049 3380; x_wconf 87' lang='lat' dir='ltr'><strong>oculatus</strong></span> <span class='ocrx_word' id='word_1_711' title='bbox 3080 3293 3238 3384; x_wconf 73' lang='lat' dir='ltr'><strong>testis</strong></span> <span class='ocrx_word' id='word_1_712' title='bbox 3267 3293 3503 3404; x_wconf 34' lang='lat' dir='ltr'><strong>ipseﬂvi:</strong></span> 
     </span>
    </p>
   </div>
   <div class='ocr_carea' id='block_1_92' title="bbox 1931 3388 3499 3485">
    <p class='ocr_par' dir='ltr' id='par_1_92' title="bbox 1931 3388 3499 3485">
     <span class='ocr_line' id='line_1_95' title="bbox 1931 3388 3499 3485; baseline 0.027 -42"><span class='ocrx_word' id='word_1_713' title='bbox 1931 3388 2125 3459; x_wconf 88' lang='lat' dir='ltr'><strong>disset,</strong></span> <span class='ocrx_word' id='word_1_714' title='bbox 2166 3409 2277 3450; x_wconf 92' lang='lat' dir='ltr'><strong>non</strong></span> <span class='ocrx_word' id='word_1_715' title='bbox 2307 3396 2701 3472; x_wconf 74' lang='lat' dir='ltr'><strong>interrogasset</strong></span> <span class='ocrx_word' id='word_1_716' title='bbox 2734 3410 3040 3479; x_wconf 87' lang='lat' dir='ltr'><strong>mulierem,</strong></span> <span class='ocrx_word' id='word_1_717' title='bbox 3086 3432 3152 3474; x_wconf 90' lang='lat' dir='ltr'><strong>ac</strong></span> <span class='ocrx_word' id='word_1_718' title='bbox 3193 3422 3238 3478; x_wconf 89' lang='lat' dir='ltr'><strong>si</strong></span> <span class='ocrx_word' id='word_1_719' title='bbox 3271 3440 3380 3483; x_wconf 92' lang='lat' dir='ltr'><strong>non</strong></span> <span class='ocrx_word' id='word_1_720' title='bbox 3415 3431 3499 3485; x_wconf 57' lang='lat' dir='ltr'><strong>vi.</strong></span> 
     </span>
    </p>
   </div>
   <div class='ocr_carea' id='block_1_93' title="bbox 1928 3482 3498 3578">
    <p class='ocr_par' dir='ltr' id='par_1_93' title="bbox 1928 3482 3498 3578">
     <span class='ocr_line' id='line_1_96' title="bbox 1928 3482 3498 3578; baseline 0.026 -41"><span class='ocrx_word' id='word_1_721' title='bbox 1928 3482 2104 3548; x_wconf 89' lang='lat' dir='ltr'><strong>deret,</strong></span> <span class='ocrx_word' id='word_1_722' title='bbox 2145 3487 2239 3543; x_wconf 90' lang='lat' dir='ltr'><strong>illa</strong></span> <span class='ocrx_word' id='word_1_723' title='bbox 2285 3489 2405 3561; x_wconf 90' lang='lat' dir='ltr'><strong>ipsa</strong></span> <span class='ocrx_word' id='word_1_724' title='bbox 2445 3494 2611 3551; x_wconf 88' lang='lat' dir='ltr'><strong>verba</strong></span> <span class='ocrx_word' id='word_1_725' title='bbox 2651 3501 2987 3563; x_wconf 88' lang='lat' dir='ltr'><strong>enuntians:</strong></span> <span class='ocrx_word' id='word_1_726' title='bbox 3022 3508 3164 3576; x_wconf 83' lang='lat' dir='ltr'><strong>Quid</strong></span> <span class='ocrx_word' id='word_1_727' title='bbox 3207 3482 3498 3578; x_wconf 29' lang='lat' dir='ltr'><strong>vidisti“?</strong></span> 
     </span>
    </p>
   </div>
   <div class='ocr_carea' id='block_1_94' title="bbox 1928 3573 3497 3673">
    <p class='ocr_par' dir='ltr' id='par_1_94' title="bbox 1928 3573 3497 3673">
     <span class='ocr_line' id='line_1_97' title="bbox 1928 3573 3497 3673; baseline 0.024 -45"><span class='ocrx_word' id='word_1_728' title='bbox 1928 3573 2117 3646; x_wconf 84' lang='lat' dir='ltr'><strong>Itaque</strong></span> <span class='ocrx_word' id='word_1_729' title='bbox 2155 3579 2201 3634; x_wconf 92' lang='lat' dir='ltr'><strong>si</strong></span> <span class='ocrx_word' id='word_1_730' title='bbox 2224 3581 2508 3637; x_wconf 89' lang='lat' dir='ltr'><strong>oculorum</strong></span> <span class='ocrx_word' id='word_1_731' title='bbox 2549 3583 2737 3659; x_wconf 78' lang='lat' dir='ltr'><strong>eﬂ&#39;ugit</strong></span> <span class='ocrx_word' id='word_1_732' title='bbox 2780 3573 3058 3663; x_wconf 66' lang='lat' dir='ltr'><strong>obtutum,</strong></span> <span class='ocrx_word' id='word_1_733' title='bbox 3088 3599 3298 3673; x_wconf 90' lang='lat' dir='ltr'><strong>absque</strong></span> <span class='ocrx_word' id='word_1_734' title='bbox 3326 3573 3497 3664; x_wconf 84' lang='lat' dir='ltr'><strong>dubio</strong></span> 
     </span>
    </p>
   </div>
   <div class='ocr_carea' id='block_1_95' title="bbox 1925 3673 3495 3770">
    <p class='ocr_par' dir='ltr' id='par_1_95' title="bbox 1925 3673 3495 3770">
     <span class='ocr_line' id='line_1_98' title="bbox 1925 3673 3495 3770; baseline 0.025 -50"><span class='ocrx_word' id='word_1_735' title='bbox 1925 3674 1980 3721; x_wconf 88' lang='lat' dir='ltr'><strong>et</strong></span> <span class='ocrx_word' id='word_1_736' title='bbox 2022 3673 2272 3742; x_wconf 89' lang='lat' dir='ltr'><strong>corporis</strong></span> <span class='ocrx_word' id='word_1_737' title='bbox 2300 3689 2496 3746; x_wconf 82' lang='lat' dir='ltr'><strong>expers</strong></span> <span class='ocrx_word' id='word_1_738' title='bbox 2522 3689 2662 3736; x_wconf 89' lang='lat' dir='ltr'><strong>erat.</strong></span> <span class='ocrx_word' id='word_1_739' title='bbox 2712 3680 2771 3738; x_wconf 89' lang='lat' dir='ltr'><strong>Si</strong></span> <span class='ocrx_word' id='word_1_740' title='bbox 2810 3689 3061 3758; x_wconf 90' lang='lat' dir='ltr'><strong>corporis</strong></span> <span class='ocrx_word' id='word_1_741' title='bbox 3090 3707 3288 3765; x_wconf 82' lang='lat' dir='ltr'><strong>expers</strong></span> <span class='ocrx_word' id='word_1_742' title='bbox 3319 3698 3495 3770; x_wconf 82' lang='lat' dir='ltr'><strong>ﬁgura</strong></span> 
     </span>
    </p>
   </div>
   <div class='ocr_carea' id='block_1_96' title="bbox 1924 3763 3495 3854">
    <p class='ocr_par' dir='ltr' id='par_1_96' title="bbox 1924 3763 3495 3854">
     <span class='ocr_line' id='line_1_99' title="bbox 1924 3763 3495 3854; baseline 0.025 -44"><span class='ocrx_word' id='word_1_743' title='bbox 1924 3763 2236 3829; x_wconf 87' lang='lat' dir='ltr'><strong>apparebat,</strong></span> <span class='ocrx_word' id='word_1_744' title='bbox 2288 3773 2349 3820; x_wconf 92' lang='lat' dir='ltr'><strong>ut</strong></span> <span class='ocrx_word' id='word_1_745' title='bbox 2394 3769 2527 3838; x_wconf 91' lang='lat' dir='ltr'><strong>quid</strong></span> <span class='ocrx_word' id='word_1_746' title='bbox 2574 3772 2948 3844; x_wconf 87' lang='lat' dir='ltr'><strong>pytbomantis</strong></span> <span class='ocrx_word' id='word_1_747' title='bbox 3002 3763 3311 3854; x_wconf 77' lang='lat' dir='ltr'><strong>oppositum</strong></span> <span class='ocrx_word' id='word_1_748' title='bbox 3343 3763 3495 3849; x_wconf 72' lang='lat' dir='ltr'><strong>dice~</strong></span> 
     </span>
    </p>
   </div>
   <div class='ocr_carea' id='block_1_97' title="bbox 1921 3850 3491 3943">
    <p class='ocr_par' dir='ltr' id='par_1_97' title="bbox 1921 3850 3491 3943">
     <span class='ocr_line' id='line_1_100' title="bbox 1921 3850 3491 3943; baseline 0.025 -39"><span class='ocrx_word' id='word_1_749' title='bbox 1921 3850 2015 3906; x_wconf 91' lang='lat' dir='ltr'><strong>bat</strong></span> <span class='ocrx_word' id='word_1_750' title='bbox 2036 3852 2119 3909; x_wconf 70' lang='grc' dir='ltr'><strong>’δε</strong></span> <span class='ocrx_word' id='word_1_751' title='bbox 2153 3854 2360 3914; x_wconf 84' lang='lat' dir='ltr'><strong>Vidisse</strong></span> <span class='ocrx_word' id='word_1_752' title='bbox 2399 3861 2621 3933; x_wconf 86' lang='lat' dir='ltr'><strong>quidem</strong></span> <span class='ocrx_word' id='word_1_753' title='bbox 2655 3866 2919 3927; x_wconf 75' lang='lat' dir='ltr'><strong>hominem</strong></span> <span class='ocrx_word' id='word_1_754' title='bbox 2957 3850 3156 3932; x_wconf 75' lang='lat' dir='ltr'><strong>rectum</strong></span> <span class='ocrx_word' id='word_1_755' title='bbox 3187 3891 3378 3940; x_wconf 82' lang='lat' dir='ltr'><strong>eterra</strong></span> <span class='ocrx_word' id='word_1_756' title='bbox 3406 3902 3491 3943; x_wconf 86' lang='lat' dir='ltr'><strong>sa-</strong></span> 
     </span>
    </p>
   </div>
   <div class='ocr_carea' id='block_1_98' title="bbox 1920 3945 3484 4049">
    <p class='ocr_par' dir='ltr' id='par_1_98' title="bbox 1920 3945 3484 4049">
     <span class='ocr_line' id='line_1_101' title="bbox 1920 3945 3484 4049; baseline 0.025 -51"><span class='ocrx_word' id='word_1_757' title='bbox 1920 3945 2129 4002; x_wconf 86' lang='lat' dir='ltr'><strong>lientem</strong></span> <span class='ocrx_word' id='word_1_758' title='bbox 2161 3950 2350 4020; x_wconf 84' lang='lat' dir='ltr'><strong>pallio,</strong></span> <span class='ocrx_word' id='word_1_759' title='bbox 2402 3956 2479 4010; x_wconf 90' lang='lat' dir='ltr'><strong>uti</strong></span> <span class='ocrx_word' id='word_1_760' title='bbox 2516 3958 2670 4028; x_wconf 88' lang='lat' dir='ltr'><strong>prius</strong></span> <span class='ocrx_word' id='word_1_761' title='bbox 2714 3962 2784 4018; x_wconf 88' lang='lat' dir='ltr'><strong>ab</strong></span> <span class='ocrx_word' id='word_1_762' title='bbox 2834 3979 2900 4021; x_wconf 90' lang='lat' dir='ltr'><strong>eo</strong></span> <span class='ocrx_word' id='word_1_763' title='bbox 2933 3966 3051 4025; x_wconf 76' lang='lat' dir='ltr'><strong>fieri</strong></span> <span class='ocrx_word' id='word_1_764' title='bbox 3099 3986 3484 4049; x_wconf 84' lang='lat' dir='ltr'><strong>consueverat,</strong></span> 
     </span>
    </p>
   </div>
   <div class='ocr_carea' id='block_1_99' title="bbox 1919 4037 3488 4128">
    <p class='ocr_par' dir='ltr' id='par_1_99' title="bbox 1919 4037 3488 4128">
     <span class='ocr_line' id='line_1_102' title="bbox 1919 4037 3488 4128; baseline 0.025 -39"><span class='ocrx_word' id='word_1_765' title='bbox 1919 4037 2213 4096; x_wconf 84' lang='lat' dir='ltr'><strong>amictum?</strong></span> <span class='ocrx_word' id='word_1_766' title='bbox 2238 4039 2347 4099; x_wconf 82' lang='lat' dir='ltr'><strong>Res</strong></span> <span class='ocrx_word' id='word_1_767' title='bbox 2369 4044 2555 4118; x_wconf 88' lang='lat' dir='ltr'><strong>itaque</strong></span> <span class='ocrx_word' id='word_1_768' title='bbox 2581 4049 2737 4122; x_wconf 64' lang='lat' dir='ltr'><strong>ipsae,</strong></span> <span class='ocrx_word' id='word_1_769' title='bbox 2762 4052 3045 4128; x_wconf 73' lang='lat' dir='ltr'><strong>Origenes,</strong></span> <span class='ocrx_word' id='word_1_770' title='bbox 3078 4077 3204 4119; x_wconf 89' lang='lat' dir='ltr'><strong>cum</strong></span> <span class='ocrx_word' id='word_1_771' title='bbox 3231 4067 3341 4123; x_wconf 88' lang='lat' dir='ltr'><strong>tuis</strong></span> <span class='ocrx_word' id='word_1_772' title='bbox 3368 4085 3488 4127; x_wconf 85' lang='lat' dir='ltr'><strong>ser-</strong></span> 
     </span>
    </p>
   </div>
   <div class='ocr_carea' id='block_1_100' title="bbox 1915 4126 3484 4218">
    <p class='ocr_par' dir='ltr' id='par_1_100' title="bbox 1915 4126 3484 4218">
     <span class='ocr_line' id='line_1_103' title="bbox 1915 4126 3484 4218; baseline 0.025 -40"><span class='ocrx_word' id='word_1_773' title='bbox 1915 4126 2170 4185; x_wconf 90' lang='lat' dir='ltr'><strong>monibus</strong></span> <span class='ocrx_word' id='word_1_774' title='bbox 2196 4144 2458 4204; x_wconf 87' lang='lat' dir='ltr'><strong>pugnant.</strong></span> <span class='ocrx_word' id='word_1_775' title='bbox 2512 4136 2580 4194; x_wconf 86' lang='lat' dir='ltr'><strong>Et</strong></span> <span class='ocrx_word' id='word_1_776' title='bbox 2613 4139 2744 4198; x_wconf 86' lang='lat' dir='ltr'><strong>Sani</strong></span> <span class='ocrx_word' id='word_1_777' title='bbox 2775 4126 2892 4217; x_wconf 83' lang='lat' dir='ltr'><strong>ipse</strong></span> <span class='ocrx_word' id='word_1_778' title='bbox 2932 4164 3054 4206; x_wconf 90' lang='lat' dir='ltr'><strong>cum</strong></span> <span class='ocrx_word' id='word_1_779' title='bbox 3088 4154 3224 4210; x_wconf 91' lang='lat' dir='ltr'><strong>nihil</strong></span> <span class='ocrx_word' id='word_1_780' title='bbox 3257 4126 3484 4218; x_wconf 88' lang='lat' dir='ltr'><strong>omnino</strong></span> 
     </span>
    </p>
   </div>
   <div class='ocr_carea' id='block_1_101' title="bbox 1913 4220 3482 4310">
    <p class='ocr_par' dir='ltr' id='par_1_101' title="bbox 1913 4220 3482 4310">
     <span class='ocr_line' id='line_1_104' title="bbox 1913 4220 3482 4310; baseline 0.024 -38"><span class='ocrx_word' id='word_1_781' title='bbox 1913 4220 2238 4289; x_wconf 82' lang='lat' dir='ltr'><strong>aspexisset,</strong></span> <span class='ocrx_word' id='word_1_782' title='bbox 2273 4232 2534 4298; x_wconf 87' lang='lat' dir='ltr'><strong>tanquam</strong></span> <span class='ocrx_word' id='word_1_783' title='bbox 2558 4231 2627 4288; x_wconf 91' lang='lat' dir='ltr'><strong>de</strong></span> <span class='ocrx_word' id='word_1_784' title='bbox 2655 4234 3037 4305; x_wconf 88' lang='lat' dir='ltr'><strong>phantasmate</strong></span> <span class='ocrx_word' id='word_1_785' title='bbox 3064 4241 3327 4305; x_wconf 87' lang='lat' dir='ltr'><strong>invisibili</strong></span> <span class='ocrx_word' id='word_1_786' title='bbox 3361 4266 3482 4310; x_wconf 78' lang='lat' dir='ltr'><strong>ser~</strong></span> 
     </span>
    </p>
   </div>
   <div class='ocr_carea' id='block_1_102' title="bbox 1916 4314 3484 4409">
    <p class='ocr_par' dir='ltr' id='par_1_102' title="bbox 1916 4314 3484 4409">
     <span class='ocr_line' id='line_1_105' title="bbox 1916 4314 3484 4409; baseline 0.024 -45"><span class='ocrx_word' id='word_1_787' title='bbox 1916 4325 2132 4370; x_wconf 88' lang='lat' dir='ltr'><strong>monem</strong></span> <span class='ocrx_word' id='word_1_788' title='bbox 2159 4314 2388 4387; x_wconf 87' lang='lat' dir='ltr'><strong>habens,</strong></span> <span class='ocrx_word' id='word_1_789' title='bbox 2426 4320 2819 4398; x_wconf 85' lang='lat' dir='ltr'><strong>interrogabat,</strong></span> <span class='ocrx_word' id='word_1_790' title='bbox 2862 4331 3157 4403; x_wconf 88' lang='lat' dir='ltr'><strong>inquiens:</strong></span> <span class='ocrx_word' id='word_1_791' title='bbox 3184 4339 3330 4409; x_wconf 83' lang='lat' dir='ltr'><strong>Quid</strong></span> <span class='ocrx_word' id='word_1_792' title='bbox 3356 4346 3484 4402; x_wconf 81' lang='lat' dir='ltr'><strong>vidi-</strong></span> 
     </span>
    </p>
   </div>
   <div class='ocr_carea' id='block_1_103' title="bbox 1915 4401 3482 4497">
    <p class='ocr_par' dir='ltr' id='par_1_103' title="bbox 1915 4401 3482 4497">
     <span class='ocr_line' id='line_1_106' title="bbox 1915 4401 3482 4497; baseline 0.022 -43"><span class='ocrx_word' id='word_1_793' title='bbox 1915 4402 2025 4457; x_wconf 80' lang='lat' dir='ltr'><strong>sti?</strong></span> <span class='ocrx_word' id='word_1_794' title='bbox 2059 4401 2155 4458; x_wconf 89' lang='lat' dir='ltr'><strong>llla</strong></span> <span class='ocrx_word' id='word_1_795' title='bbox 2186 4420 2351 4475; x_wconf 90' lang='lat' dir='ltr'><strong>porro</strong></span> <span class='ocrx_word' id='word_1_796' title='bbox 2393 4424 2458 4465; x_wconf 89' lang='lat' dir='ltr'><strong>ac</strong></span> <span class='ocrx_word' id='word_1_797' title='bbox 2487 4412 2535 4468; x_wconf 91' lang='lat' dir='ltr'><strong>si</strong></span> <span class='ocrx_word' id='word_1_798' title='bbox 2564 4412 2841 4473; x_wconf 91' lang='lat' dir='ltr'><strong>hominem</strong></span> <span class='ocrx_word' id='word_1_799' title='bbox 2869 4401 3066 4478; x_wconf 81' lang='lat' dir='ltr'><strong>intuita</strong></span> <span class='ocrx_word' id='word_1_800' title='bbox 3107 4401 3325 4497; x_wconf 64' lang='lat' dir='ltr'><strong>fuisset,</strong></span> <span class='ocrx_word' id='word_1_801' title='bbox 3369 4432 3482 4487; x_wconf 85' lang='lat' dir='ltr'><strong>cla-</strong></span> 
     </span>
    </p>
   </div>
   <div class='ocr_carea' id='block_1_104' title="bbox 1910 4498 3479 4582">
    <p class='ocr_par' dir='ltr' id='par_1_104' title="bbox 1910 4498 3479 4582">
     <span class='ocr_line' id='line_1_107' title="bbox 1910 4498 3479 4582; baseline 0.021 -33"><span class='ocrx_word' id='word_1_802' title='bbox 1910 4498 2079 4553; x_wconf 88' lang='lat' dir='ltr'><strong>mavit</strong></span> <span class='ocrx_word' id='word_1_803' title='bbox 2114 4518 2129 4554; x_wconf 87' lang='lat'><strong>:</strong></span> <span class='ocrx_word' id='word_1_804' title='bbox 2181 4499 2362 4557; x_wconf 84' lang='lat' dir='ltr'><strong>Virum</strong></span> <span class='ocrx_word' id='word_1_805' title='bbox 2398 4515 2625 4562; x_wconf 80' lang='lat' dir='ltr'><strong>stantem</strong></span> <span class='ocrx_word' id='word_1_806' title='bbox 2673 4512 3035 4571; x_wconf 86' lang='lat' dir='ltr'><strong>ascendentem</strong></span> <span class='ocrx_word' id='word_1_807' title='bbox 3088 4519 3152 4574; x_wconf 86' lang='lat' dir='ltr'><strong>de</strong></span> <span class='ocrx_word' id='word_1_808' title='bbox 3198 4530 3340 4578; x_wconf 87' lang='lat' dir='ltr'><strong>terra</strong></span> <span class='ocrx_word' id='word_1_809' title='bbox 3369 4541 3391 4582; x_wconf 91' lang='lat'><strong><em>:</em></strong></span> <span class='ocrx_word' id='word_1_810' title='bbox 3419 4537 3479 4582; x_wconf 92' lang='lat' dir='ltr'><strong>ut</strong></span> 
     </span>
    </p>
   </div>
   <div class='ocr_carea' id='block_1_105' title="bbox 1908 4592 3479 4678">
    <p class='ocr_par' dir='ltr' id='par_1_105' title="bbox 1908 4592 3479 4678">
     <span class='ocr_line' id='line_1_108' title="bbox 1908 4592 3479 4678; baseline 0.02 -35"><span class='ocrx_word' id='word_1_811' title='bbox 1908 4596 2091 4644; x_wconf 88' lang='lat' dir='ltr'><strong>autem</strong></span> <span class='ocrx_word' id='word_1_812' title='bbox 2140 4592 2219 4646; x_wconf 91' lang='lat' dir='ltr'><strong>illi</strong></span> <span class='ocrx_word' id='word_1_813' title='bbox 2275 4596 2529 4654; x_wconf 85' lang='lat' dir='ltr'><strong>suaderet</strong></span> <span class='ocrx_word' id='word_1_814' title='bbox 2575 4600 2850 4661; x_wconf 89' lang='lat' dir='ltr'><strong>hominem</strong></span> <span class='ocrx_word' id='word_1_815' title='bbox 2901 4623 3057 4675; x_wconf 89' lang='lat' dir='ltr'><strong>esse,</strong></span> <span class='ocrx_word' id='word_1_816' title='bbox 3123 4623 3282 4670; x_wconf 88' lang='lat' dir='ltr'><strong>notas</strong></span> <span class='ocrx_word' id='word_1_817' title='bbox 3331 4617 3479 4678; x_wconf 83' lang='lat' dir='ltr'><strong>illius</strong></span> 
     </span>
    </p>
   </div>
   <div class='ocr_carea' id='block_1_106' title="bbox 1905 4686 3478 4784">
    <p class='ocr_par' dir='ltr' id='par_1_106' title="bbox 1905 4686 3478 4784">
     <span class='ocr_line' id='line_1_109' title="bbox 1905 4686 3478 4784; baseline 0.022 -50"><span class='ocrx_word' id='word_1_818' title='bbox 1905 4693 2146 4749; x_wconf 88' lang='lat' dir='ltr'><strong>enarrat,</strong></span> <span class='ocrx_word' id='word_1_819' title='bbox 2183 4686 2424 4746; x_wconf 87' lang='lat' dir='ltr'><strong>subdens</strong></span> <span class='ocrx_word' id='word_1_820' title='bbox 2448 4710 2461 4747; x_wconf 90' lang='lat'><strong>:</strong></span> <span class='ocrx_word' id='word_1_821' title='bbox 2496 4691 2565 4747; x_wconf 87' lang='lat' dir='ltr'><strong>Et</strong></span> <span class='ocrx_word' id='word_1_822' title='bbox 2591 4695 2676 4749; x_wconf 86' lang='lat' dir='ltr'><strong>hic</strong></span> <span class='ocrx_word' id='word_1_823' title='bbox 2703 4698 2867 4768; x_wconf 81' lang='lat' dir='ltr'><strong>pallio</strong></span> <span class='ocrx_word' id='word_1_824' title='bbox 2895 4704 3139 4759; x_wconf 85' lang='lat' dir='ltr'><strong>amictus.</strong></span> <span class='ocrx_word' id='word_1_825' title='bbox 3168 4705 3349 4775; x_wconf 88' lang='lat' dir='ltr'><strong>Quare</strong></span> <span class='ocrx_word' id='word_1_826' title='bbox 3375 4712 3478 4784; x_wconf 83' lang='lat' dir='ltr'><strong>igi-</strong></span> 
     </span>
    </p>
   </div>
   <div class='ocr_carea' id='block_1_107' title="bbox 1906 4779 3475 4869">
    <p class='ocr_par' dir='ltr' id='par_1_107' title="bbox 1906 4779 3475 4869">
     <span class='ocr_line' id='line_1_110' title="bbox 1906 4779 3475 4869; baseline 0.021 -42"><span class='ocrx_word' id='word_1_827' title='bbox 1906 4779 2016 4840; x_wconf 90' lang='lat' dir='ltr'><strong>tur,</strong></span> <span class='ocrx_word' id='word_1_828' title='bbox 2069 4792 2103 4832; x_wconf 94' lang='lat' dir='ltr'><strong>o</strong></span> <span class='ocrx_word' id='word_1_829' title='bbox 2139 4780 2420 4854; x_wconf 66' lang='lat' dir='ltr'><strong>sacrilega:</strong></span> <span class='ocrx_word' id='word_1_830' title='bbox 2457 4786 2870 4848; x_wconf 84' lang='lat' dir='ltr'><strong>vaticinationis</strong></span> <span class='ocrx_word' id='word_1_831' title='bbox 2917 4808 3238 4869; x_wconf 59' lang='lat' dir='ltr'><strong>praeceptor,</strong></span> <span class='ocrx_word' id='word_1_832' title='bbox 3291 4802 3338 4858; x_wconf 84' lang='lat' dir='ltr'><strong>si</strong></span> <span class='ocrx_word' id='word_1_833' title='bbox 3390 4806 3475 4860; x_wconf 87' lang='lat' dir='ltr'><strong>vir</strong></span> 
     </span>
    </p>
   </div>
   <div class='ocr_carea' id='block_1_108' title="bbox 1903 4874 3473 4953">
    <p class='ocr_par' dir='ltr' id='par_1_108' title="bbox 1903 4874 3473 4953">
     <span class='ocr_line' id='line_1_111' title="bbox 1903 4874 3473 4953; baseline 0.019 -31"><span class='ocrx_word' id='word_1_834' title='bbox 1903 4874 2043 4933; x_wconf 88' lang='lat' dir='ltr'><strong>erat,</strong></span> <span class='ocrx_word' id='word_1_835' title='bbox 2074 4884 2186 4924; x_wconf 89' lang='lat' dir='ltr'><strong>non</strong></span> <span class='ocrx_word' id='word_1_836' title='bbox 2210 4875 2426 4943; x_wconf 85' lang='lat' dir='ltr'><strong>aspexit</strong></span> <span class='ocrx_word' id='word_1_837' title='bbox 2459 4876 2612 4931; x_wconf 89' lang='lat' dir='ltr'><strong>illum</strong></span> <span class='ocrx_word' id='word_1_838' title='bbox 2647 4878 2813 4936; x_wconf 82' lang='lat' dir='ltr'><strong>Saul?</strong></span> <span class='ocrx_word' id='word_1_839' title='bbox 2840 4885 2948 4941; x_wconf 89' lang='lat' dir='ltr'><strong>nisi</strong></span> <span class='ocrx_word' id='word_1_840' title='bbox 2982 4886 3059 4942; x_wconf 89' lang='lat' dir='ltr'><strong>illi</strong></span> <span class='ocrx_word' id='word_1_841' title='bbox 3087 4891 3250 4946; x_wconf 87' lang='lat' dir='ltr'><strong>etiam</strong></span> <span class='ocrx_word' id='word_1_842' title='bbox 3282 4894 3473 4953; x_wconf 91' lang='lat' dir='ltr'><strong>oculos</strong></span> 
     </span>
    </p>
   </div>
   <div class='ocr_carea' id='block_1_109' title="bbox 1901 4957 3471 5056">
    <p class='ocr_par' dir='ltr' id='par_1_109' title="bbox 1901 4957 3471 5056">
     <span class='ocr_line' id='line_1_112' title="bbox 1901 4957 3471 5056; baseline 0.021 -46"><span class='ocrx_word' id='word_1_843' title='bbox 1901 4957 1997 5027; x_wconf 92' lang='lat' dir='ltr'><strong>qui</strong></span> <span class='ocrx_word' id='word_1_844' title='bbox 2019 4961 2206 5017; x_wconf 89' lang='lat' dir='ltr'><strong>sensui</strong></span> <span class='ocrx_word' id='word_1_845' title='bbox 2233 4964 2488 5031; x_wconf 87' lang='lat' dir='ltr'><strong>subsunt,</strong></span> <span class='ocrx_word' id='word_1_846' title='bbox 2518 4972 2773 5027; x_wconf 73' lang='lat' dir='ltr'><strong>ctecutire</strong></span> <span class='ocrx_word' id='word_1_847' title='bbox 2801 4975 2938 5032; x_wconf 90' lang='lat' dir='ltr'><strong>velis</strong></span> <span class='ocrx_word' id='word_1_848' title='bbox 2960 4977 3249 5050; x_wconf 76' lang='lat' dir='ltr'><strong>aliirmare,</strong></span> <span class='ocrx_word' id='word_1_849' title='bbox 3282 5000 3471 5056; x_wconf 87' lang='lat' dir='ltr'><strong>quem-</strong></span> 
     </span>
    </p>
   </div>
   <div class='ocr_carea' id='block_1_110' title="bbox 1900 5045 3469 5148">
    <p class='ocr_par' dir='ltr' id='par_1_110' title="bbox 1900 5045 3469 5148">
     <span class='ocr_line' id='line_1_113' title="bbox 1900 5045 3469 5148; baseline 0.024 -49"><span class='ocrx_word' id='word_1_850' title='bbox 1900 5045 2196 5106; x_wconf 88' lang='lat' dir='ltr'><strong>admodum</strong></span> <span class='ocrx_word' id='word_1_851' title='bbox 2226 5052 2492 5112; x_wconf 81' lang='lat' dir='ltr'><strong>duntaxat</strong></span> <span class='ocrx_word' id='word_1_852' title='bbox 2528 5064 2583 5115; x_wconf 87' lang='lat' dir='ltr'><strong>et</strong></span> <span class='ocrx_word' id='word_1_853' title='bbox 2624 5059 2936 5123; x_wconf 90' lang='lat' dir='ltr'><strong>intellectus</strong></span> <span class='ocrx_word' id='word_1_854' title='bbox 2973 5084 3037 5125; x_wconf 89' lang='lat' dir='ltr'><strong>ea</strong></span> <span class='ocrx_word' id='word_1_855' title='bbox 3075 5088 3205 5143; x_wconf 87' lang='lat' dir='ltr'><strong>pars</strong></span> <span class='ocrx_word' id='word_1_856' title='bbox 3230 5045 3352 5148; x_wconf 66' lang='lat' dir='ltr'><strong>quae</strong></span> <span class='ocrx_word' id='word_1_857' title='bbox 3386 5078 3469 5135; x_wconf 85' lang='lat' dir='ltr'><strong>in-</strong></span> 
     </span>
    </p>
   </div>
   <div class='ocr_carea' id='block_1_111' title="bbox 1901 5139 2201 5210">
    <p class='ocr_par' dir='ltr' id='par_1_111' title="bbox 1901 5139 2201 5210">
     <span class='ocr_line' id='line_1_114' title="bbox 1901 5139 2201 5210; baseline 0.02 -17"><span class='ocrx_word' id='word_1_858' title='bbox 1901 5139 2201 5210; x_wconf 88' lang='lat' dir='ltr'><strong>telligibile.</strong></span> 
     </span>
    </p>
   </div>
   <div class='ocr_carea' id='block_1_112' title="bbox 1972 5227 3464 5333">
    <p class='ocr_par' dir='ltr' id='par_1_112' title="bbox 1972 5227 3464 5333">
     <span class='ocr_line' id='line_1_115' title="bbox 1972 5227 3464 5333; baseline 0.028 -51"><span class='ocrx_word' id='word_1_859' title='bbox 1972 5227 2063 5285; x_wconf 78' lang='lat' dir='ltr'><strong>VI.</strong></span> <span class='ocrx_word' id='word_1_860' title='bbox 2106 5231 2214 5289; x_wconf 90' lang='lat' dir='ltr'><strong>Sed</strong></span> <span class='ocrx_word' id='word_1_861' title='bbox 2260 5250 2384 5293; x_wconf 91' lang='lat' dir='ltr'><strong>cum</strong></span> <span class='ocrx_word' id='word_1_862' title='bbox 2437 5239 2584 5297; x_wconf 82' lang='lat' dir='ltr'><strong>facili</strong></span> <span class='ocrx_word' id='word_1_863' title='bbox 2636 5250 2856 5319; x_wconf 81' lang='lat' dir='ltr'><strong>negotio</strong></span> <span class='ocrx_word' id='word_1_864' title='bbox 2899 5254 3188 5326; x_wconf 78' lang='lat' dir='ltr'><strong>refellaris,</strong></span> <span class='ocrx_word' id='word_1_865' title='bbox 3232 5259 3464 5333; x_wconf 70' lang='lat' dir='ltr'><strong>fortasse</strong></span> 
     </span>
    </p>
   </div>
   <div class='ocr_carea' id='block_1_113' title="bbox 1899 5321 3459 5420">
    <p class='ocr_par' dir='ltr' id='par_1_113' title="bbox 1899 5321 3459 5420">
     <span class='ocr_line' id='line_1_116' title="bbox 1899 5321 3459 5420; baseline 0.026 -43"><span class='ocrx_word' id='word_1_866' title='bbox 1899 5321 2072 5389; x_wconf 88' lang='lat' dir='ltr'><strong>dicas,</strong></span> <span class='ocrx_word' id='word_1_867' title='bbox 2106 5334 2237 5385; x_wconf 88' lang='lat' dir='ltr'><strong>tunc</strong></span> <span class='ocrx_word' id='word_1_868' title='bbox 2267 5345 2530 5402; x_wconf 87' lang='lat' dir='ltr'><strong>organum</strong></span> <span class='ocrx_word' id='word_1_869' title='bbox 2577 5342 2773 5401; x_wconf 72' lang='lat' dir='ltr'><strong>anima:</strong></span> <span class='ocrx_word' id='word_1_870' title='bbox 2793 5344 2849 5401; x_wconf 93' lang='lat' dir='ltr'><strong>in</strong></span> <span class='ocrx_word' id='word_1_871' title='bbox 2902 5350 3138 5420; x_wconf 90' lang='lat' dir='ltr'><strong>speciem</strong></span> <span class='ocrx_word' id='word_1_872' title='bbox 3170 5354 3459 5419; x_wconf 81' lang='lat' dir='ltr'><strong>humanam</strong></span> 
     </span>
    </p>
   </div>
   <div class='ocr_carea' id='block_1_114' title="bbox 1899 5414 3454 5516">
    <p class='ocr_par' dir='ltr' id='par_1_114' title="bbox 1899 5414 3454 5516">
     <span class='ocr_line' id='line_1_117' title="bbox 1899 5414 3454 5516; baseline 0.028 -48"><span class='ocrx_word' id='word_1_873' title='bbox 1899 5414 2241 5476; x_wconf 84' lang='lat' dir='ltr'><strong>ell‘ormatum</strong></span> <span class='ocrx_word' id='word_1_874' title='bbox 2267 5422 2458 5495; x_wconf 82' lang='lat' dir='ltr'><strong>fuisse,</strong></span> <span class='ocrx_word' id='word_1_875' title='bbox 2502 5438 2561 5486; x_wconf 94' lang='lat' dir='ltr'><strong>ut</strong></span> <span class='ocrx_word' id='word_1_876' title='bbox 2610 5448 2881 5506; x_wconf 88' lang='lat' dir='ltr'><strong>apparens</strong></span> <span class='ocrx_word' id='word_1_877' title='bbox 2922 5414 3454 5516; x_wconf 65' lang='lat' dir='ltr'><strong>propheticovaticiv</strong></span> 
     </span>
    </p>
   </div>
   <div class='ocr_carea' id='block_1_115' title="bbox 1899 5506 3456 5614">
    <p class='ocr_par' dir='ltr' id='par_1_115' title="bbox 1899 5506 3456 5614">
     <span class='ocr_line' id='line_1_118' title="bbox 1899 5506 3456 5614; baseline 0.03 -54"><span class='ocrx_word' id='word_1_878' title='bbox 1899 5506 1992 5564; x_wconf 91' lang='lat' dir='ltr'><strong>nio</strong></span> <span class='ocrx_word' id='word_1_879' title='bbox 2018 5507 2203 5567; x_wconf 83' lang='lat' dir='ltr'><strong>futura</strong></span> <span class='ocrx_word' id='word_1_880' title='bbox 2245 5516 2610 5586; x_wconf 71' lang='lat' dir='ltr'><strong>praediceret:</strong></span> <span class='ocrx_word' id='word_1_881' title='bbox 2644 5506 3101 5602; x_wconf 61' lang='lat' dir='ltr'><strong>quemadmodum</strong></span> <span class='ocrx_word' id='word_1_882' title='bbox 3127 5540 3183 5604; x_wconf 88' lang='lat' dir='ltr'><strong>in</strong></span> <span class='ocrx_word' id='word_1_883' title='bbox 3230 5506 3456 5614; x_wconf 69' lang='lat' dir='ltr'><strong>somnii:</strong></span> 
     </span>
    </p>
   </div>
   <div class='ocr_carea' id='block_1_116' title="bbox 282 5644 1833 5787">
    <p class='ocr_par' dir='ltr' id='par_1_116' title="bbox 282 5644 1833 5780">
     <span class='ocr_line' id='line_1_119' title="bbox 282 5644 1833 5780; baseline 0.023 -68"><span class='ocrx_word' id='word_1_884' title='bbox 282 5656 317 5690; x_wconf 71' lang='grc' dir='ltr'><strong>ιι</strong></span> <span class='ocrx_word' id='word_1_885' title='bbox 345 5657 401 5716; x_wconf 87' lang='grc' dir='ltr'><strong>ιι</strong></span> <span class='ocrx_word' id='word_1_886' title='bbox 423 5658 562 5720; x_wconf 75' lang='grc' dir='ltr'><strong>σον.</strong></span> <span class='ocrx_word' id='word_1_887' title='bbox 598 5666 787 5733; x_wconf 67' lang='lat'><strong>$1,“.</strong></span> <span class='ocrx_word' id='word_1_888' title='bbox 864 5670 907 5750; x_wconf 55' lang='grc' dir='ltr'><strong>ιβ</strong></span> <span class='ocrx_word' id='word_1_889' title='bbox 930 5670 1115 5749; x_wconf 62' lang='lat' dir='ltr'><strong>1mg.</strong></span> <span class='ocrx_word' id='word_1_890' title='bbox 1143 5680 1450 5773; x_wconf 77' lang='lat' dir='ltr'><strong>mm,_u.</strong></span> <span class='ocrx_word' id='word_1_891' title='bbox 1468 5769 1487 5776; x_wconf 25' lang='grc' dir='ltr'><strong>ν</strong></span> <span class='ocrx_word' id='word_1_892' title='bbox 1525 5683 1577 5779; x_wconf 59' lang='grc' dir='ltr'><em>ε</em></span> <span class='ocrx_word' id='word_1_893' title='bbox 1599 5684 1749 5780; x_wconf 52' lang='lat' dir='ltr'><strong>fuit.</strong></span> <span class='ocrx_word' id='word_1_894' title='bbox 1787 5687 1833 5777; x_wconf 70' lang='grc' dir='ltr'><strong>ιε</strong></span> 
     </span>
    </p>
   </div>
   <div class='ocr_carea' id='block_1_117' title="bbox 1937 5644 2295 5787">
    <p class='ocr_par' dir='ltr' id='par_1_117' title="bbox 1944 5694 2295 5787">
     <span class='ocr_line' id='line_1_120' title="bbox 1944 5694 2295 5787; baseline 0.028 -36"><span class='ocrx_word' id='word_1_895' title='bbox 1944 5694 1994 5783; x_wconf 55' lang='grc' dir='ltr'><strong>[ι</strong></span> <span class='ocrx_word' id='word_1_896' title='bbox 2010 5695 2146 5783; x_wconf 77' lang='lat' dir='ltr'><strong>ibid.</strong></span> <span class='ocrx_word' id='word_1_897' title='bbox 2183 5700 2295 5787; x_wconf 49' lang='grc' dir='ltr'><strong>14η</strong></span> 
     </span>
    </p>
   </div>
  </div>
