3898 6196
596 299 703 356 ϐἒδ

1610 296 1667 355 S.
1711 296 2080 353 EUSTATHII
2106 295 2412 353 EPISCOPI
2451 296 2872 353 ANTIOCHENI
3054 300 3059 313 ‘
3644 309 3725 368 θεέ

598 418 927 493 quandoque
983 423 1037 473 et
1094 416 1323 488 spiritus
1377 425 1431 470 et
1482 417 1677 473 anima:
1730 418 1989 473 omnibus
2050 419 2155 475 suis

2272 416 2558 491 πνεύματα
2593 420 2687 472 καί¹
2706 418 2876 489 ψυχαὶ
2901 420 3012 482 τοῖς
3042 415 3327 491 ἀνθρώποις
3344 416 3604 489 ἐφίστανται
3623 445 3731 499 ma-

598 509 860 569 membris
894 507 1179 573 absolutae,
1215 508 1596 587 humanasque
1626 509 1831 567 formas
1862 527 1972 582 prae
2007 527 2066 567 se
2096 511 2173 568 fe-

598 611 803 666 rentes,
832 598 1161 669 adVeniunt;
1223 601 1275 655 in
1324 602 1527 672 quibus
1562 618 1668 657 non
1701 616 1832 670 una,
1885 602 1980 657 sed
2022 604 2172 658 varia

600 695 917 749 indumenta
966 693 1295 763 conspicies,
1333 710 1435 749 nec
1483 710 1591 749 non
1626 695 1972 759 cicatricum.
2014 705 2170 768 typo-

598 799 716 838 rum
756 783 1127 853 vibicumque,
1162 782 1294 853 quin
1330 792 1383 837 et
1419 783 1699 855 plagarum
1742 793 1797 839 et
1840 785 2172 841 vulneratio-

594 871 737 931 num'
776 883 934 931 notas
988 876 1307 946 impressas.
1359 874 1416 931 Si
1460 877 1629 947 igitur
1684 877 1920 931 animam
1958 883 2168 932 tantum

593 978 910 1036 evocatam,
964 984 1070 1024 non
1122 974 1242 1040 ipso
1284 985 1513 1040 corpore
1559 969 1833 1025 hominem
1882 969 2165 1037 decernis;

593 1061 738 1130 quod
772 1063 937 1118 etiam
972 1063 1016 1117 si
1053 1062 1311 1127 volueris,
1351 1062 1650 1135 Scriptura:
1684 1063 1857 1119 series
1889 1080 1997 1118 non
2034 1079 2168 1120 con—

594 1156 786 1222 cedet;
842 1156 1055 1212 tibimet
1095 1157 1195 1227 ipsi
1232 1158 1533 1228 pugnantia
1583 1159 1974 1230 contrariaque
2018 1160 2166 1232 loqui

591 1265 703 1308 non
734 1250 975 1322 percipis
994 1251 1017 1303 ?
1033 1248 1254 1321 Hocque
1278 1251 1374 1304 tibi
1400 1250 1601 1321 aliquis
1629 1264 1927 1322 opponeret
1951 1273 1962 1307 :
1986 1254 2166 1322 Quare

591 1356 702 1397 non
753 1341 888 1396 dixit
933 1340 1169 1394 mulier:
1201 1338 1567 1410 Prophcticam
1615 1345 1851 1397 animam
1902 1344 2027 1411 vidi,
2069 1347 2163 1401 sed

591 1433 925 1506 oppositum,
975 1433 1141 1486 virum
1179 1436 1452 1488 erectum?
1493 1440 1547 1489 et
1576 1435 1846 1502 eamdem,
1883 1453 2045 1508 quam
2080 1438 2166 1493 in—

591 1528 719 1583 nuis
753 1526 1046 1590 rationem,
1081 1541 1252 1596 quare
1286 1524 1569 1598 Scriptura
1605 1544 1713 1583 non
1748 1528 1823 1582 ita
1846 1529 2006 1585 effata
2037 1538 2161 1587 est:

598 1615 746 1673 Vidit
778 1616 968 1671 mulier
993 1616 1335 1683 dwmom’um,
1368 1617 1505 1687 quod
1539 1619 1770 1691 ﬁngebat
1813 1638 1867 1675 se
1915 1638 2026 1677 esse
2060 1621 2165 1677 Sa-

591 1711 853 1769 muelem.’
885 1708 997 1765 Hac
1032 1711 1218 1781 utique
1250 1711 1460 1766 ratione
1501 1728 1602 1783 ego
1624 1713 1719 1767 tibi
1759 1728 2040 1785 opponens
2066 1716 2165 1772 ob-

586 1804 814 1875 jicerem
837 1801 1048 1870 :Quare
1070 1811 1292 1859 evocata
1322 1805 1503 1858 anima
1533 1820 1641 1860 non
1670 1806 1807 1862 dixit
1834 1808 2071 1863 animam
2101 1825 2160 1866 se
2191 1794 2232 1848 Β

587 1896 811 1962 vidisse,
862 1896 908 1951 sl
973 1910 1063 1952 res
1103 1897 1178 1951 ila
1223 1912 1283 1952 se
1334 1897 1578 1963 haberet,
1618 1899 1751 1969 quin
1797 1902 2155 1968 contrarium,

587 1988 845 2042 hominem
872 1996 926 2043 et
955 1988 1101 2043 hunc
1128 1998 1381 2054 erectum,
1420 1988 1569 2059 quod
1596 1989 1936 2047 ltabitudinis
1966 2008 2160 2064 corpo-

586 2095 714 2147 reae,
770 2081 1027 2152 illiusque
1076 2089 1239 2137 certae
1288 2080 1473 2153 figurae
1519 2084 1736 2155 signum
1790 2087 1917 2141 est?
1950 2086 2159 2158 Quippe

585 2187 790 2228 maenas
840 2173 931 2227 illa
995 2173 1217 2229 minime
1266 2189 1324 2229 se
1368 2174 1574 2231 vidisse
1620 2175 1923 2233 aﬂirmabat
1972 2195 2157 2235 senem

586 2266 896 2335 gibbosum,
942 2267 1252 2335 incurvum,
1299 2267 1395 2324 sed
1433 2262 1692 2336 stantem,
1728 2270 2029 2335 intonsum,
2075 2272 2160 2327 di-

584 2368 815 2427 rectum,
847 2361 1075 2431 juvenili
1111 2359 1304 2415 ardore
1336 2360 1535 2416 bellum
1569 2362 1919 2428 ambientem,
1959 2364 2025 2419 ad
2072 2380 2161 2420 ne-

583 2453 787 2523 quitias
829 2462 1163 2523 promptum,
1207 2469 1410 2509 vesano
1446 2453 1597 2509 Sauli
1635 2453 1882 2511 fraudem
1914 2456 2155 2525 faciens;

582 2554 746 2617 atque
773 2544 906 2598 illud
947 2546 1210 2600 suadebat
1253 2554 1597 2616 argumento,
1643 2547 1788 2616 quod
1822 2547 1984 2603 homo
2013 2557 2159 2604 esset

583 2639 679 2709 qui
712 2639 1042 2693 ascendebat
1072 2656 1102 2692 σι
1151 2647 1319 2704 terra,
1355 2657 1590 2711 eumque
1617 2641 1856 2711 diploide
1895 2644 2156 2699 amictum

582 2727 875 2784 fatebatur.
909 2728 1049 2795 Quid
1084 2730 1246 2800 igitur
1288 2732 1558 2801 quispiam
1594 2733 1682 2787 hic
1717 2732 1902 2790 dicere
1933 2737 2158 2805 posset?

582 2821 631 2877 si
667 2822 752 2875 vir
779 2821 868 2877 ille
890 2823 1168 2892 prodiens,
1199 2821 1317 2893 ipso
1347 2834 1651 2896 emergeret
1683 2842 1939 2898 corpore,
1973 2845 2156 2886 nonne

581 2927 705 2968 eum
758 2910 889 2968 Saul
924 2914 1168 2977 vidisset.
1215 2931 1389 2986 neque
1449 2918 1518 2973 ab
1571 2919 1680 2973 alio
1727 2920 1852 2990 quis
1894 2921 1941 2977 is
1985 2931 2151 2984 esset,

581 3006 741 3076 quasi
791 3006 1035 3061 caecitate
1086 3008 1396 3079 perculsus,
1459 3018 1754 3066 conaretur
1804 3012 2154 3083 perdiscere?

582 3095 752 3170 Igitur
801 3115 888 3155 res
920 3100 1038 3170 ipsa
1089 3100 1288 3155 clamat
1328 3118 1454 3157 eum
1509 3103 1781 3159 hominem
1816 3121 1925 3161 non
1960 3103 2151 3175 fuisse,
2182 3140 2224 3197 Ο

583 3190 679 3247 sed
727 3191 997 3255 umbram,
1048 3201 1107 3246 ut
1158 3193 1389 3258 videtur,
1433 3196 1725 3251 obscuram
1776 3206 1829 3253 et
1881 3198 2149 3264 fallacem,

582 3296 760 3352 neque
792 3283 937 3335 enim
981 3281 1173 3337 oculos
1203 3282 1451 3354 fugisset.
1496 3285 1561 3339 Et
1592 3287 1637 3342 si
1672 3288 1937 3358 opinaris,
1962 3287 2154 3360 Orige-

581 3391 703 3439 nes,
738 3376 973 3430 animam
1027 3373 1297 3433 Samuelis
1347 3379 1458 3434 illic
1507 3379 1696 3445 fuisse,
1747 3397 1918 3452 quare
1961 3384 2153 3438 umbra

582 3469 674 3524 il-lb
714 3469 970 3524 obvoluta
998 3469 1234 3541 diploide
1262 3472 1598 3543 apparebat?
1631 3472 1977 3529 Manifestum
1999 3477 2154 3546 equi-

580 3560 705 3616 dem
738 3570 820 3616 est
843 3568 1043 3625 vestes,
1077 3562 1413 3626 indumenta,
1445 3578 1547 3618 nec
1582 3578 1689 3617 non
1721 3565 1998 3619 involucra
2030 3581 2154 3620 cor-

580 3653 808 3724 poribus
842 3653 1046 3723 potius,
1082 3668 1245 3724 quam
1279 3654 1566 3710 animabus
1596 3654 1909 3709 convenire.
1940 3654 2151 3710 Etenim

577 3759 691 3800 non
735 3745 986 3800 existimo
1037 3753 1091 3801 te
1137 3747 1342 3800 urbane
1388 3745 1670 3817 faceteque
1731 3746 2151 3817 respondentem

579 3838 746 3895 ctiam
776 3854 873 3910 per
900 3839 1303 3895 simulationem
1335 3838 1633 3903 dicturum,
1664 3838 1959 3910 diploidem
2000 3841 2148 3896 illam

578 3940 663 3990 tot
707 3934 867 3989 annis
907 3936 960 3988 in
993 3935 1245 4005 sepulcro
1275 3933 1341 3987 ad
1376 3933 1523 3988 illam
1553 3932 1697 3989 diem
1742 3942 2148 4002 conservatam,

579 4032 642 4080 ut
671 4026 947 4096 propheta:
970 4028 1152 4081 anima
1185 4026 1502 4090 vestiretur,
1550 4042 1649 4081 nec
1684 4027 1830 4082 nuda
1863 4028 1990 4084 hinc
2022 4029 2151 4085 inde

580 4117 844 4173 aberrans
872 4118 1110 4188 degeret.
1144 4117 1209 4172 Et
1240 4133 1373 4173 sane
1402 4118 1609 4173 diceret
1640 4119 1912 4190 quispiam
1938 4122 2149 4175 nullum

580 4213 852 4284 ignorare.
903 4211 1110 4266 sanctis
1140 4226 1170 4266 e
1216 4212 1357 4266 caelo
1402 4211 1720 4267 indumenta
1762 4212 1966 4283 parari,
2015 4212 2150 4267 nulli

580 4303 921 4375 corruptioni
969 4303 1224 4366 obnoxia,
1277 4303 1441 4358 claris
1479 4302 1783 4358 luminibus
1814 4304 1923 4359 late
1969 4304 2152 4374 splen-

579 4395 787 4461 dentia,
821 4411 930 4450 non
962 4395 1101 4450 male
1129 4395 1356 4451 textoris
1392 4393 1601 4465 pectine
1631 4409 1913 4464 percussa.
1947 4393 2150 4451 Verum

2284 512 2454 584 μελεὶ,
2478 512 2604 576 τοὺς
2624 510 2992 583 ἀνθρωπείους
3023 510 3422 583 ἐπιδεικνύμεναι
3448 519 3733 589 χαρακτῆρας-

2278 605 2339 659 οὑ
2377 605 2483 678 μὴν
2515 604 2650 659 ἀλλά
2686 621 2748 673 γε
2778 605 2872 658 καί⁵
2902 603 3128 674 διάφορα
3171 604 3258 656 καὶ
3289 605 3481 659 ποικίλα
3518 608 3734 680 φοροῦντες

2279 698 2583 770 ἐσθήματα,
2613 698 2707 751 καὶ
2735 698 3010 769 σημασίας
3040 695 3223 761 οὐλῶν,
3257 695 3288 768 ἧ
3322 697 3572 770 maqu
3601 701 3739 771 μωλὼ-

2279 807 2395 843 πων
2441 789 2848 861 ἐπιφερόμενοι,
2883 789 2977 842 καὶ
3006 787 3239 859 πληγῶν,
3268 789 3299 859 ἢ
3329 788 3566 859 τρώσεων.
3589 789 3637 842 Εἰ
3660 793 3738 843 τοί-

2268 894 2372 937 ’νυν
2403 880 2561 955 ὁρίζῃ
2596 880 2770 953 ψυχὴν
2803 880 3035 951 ἀνῆχθαι
3072 881 3245 952 μόνον,
3276 879 3378 933 ἀλλ’
3404 880 3493 933 ούκ
3531 880 3743 953 ἄνθρωπον

2275 973 2422 1046 αύτῷ
2448 973 2660 1045 σώματι
2707 973 2850 1045 (οὐδὲ
2874 972 2983 1043 γὰρ
3003 974 3050 1025 εί
3074 971 3247 1042 βούλει
3270 971 3434 1024 δίδωσί
3460 988 3530 1025 σοι
3549 972 3597 1024 τὸ
3618 975 3743 1043 γράμ-

2278 1067 2408 1140 μα),
2461 1067 2741 1139 μαχόμενα
2789 1065 2889 1137 μὲν
2940 1064 3120 1136 ἐαυτῷ
3152 1063 3403 1129 θεσπίζων
3430 1065 3515 1117 οὐκ
3541 1064 3747 1139 atellam;

2274 1161 2479 1216 Σαυτὸν
2492 1159 2609 1234 (5")
2626 1161 2681 1214 δὲ
2706 1160 2864 1213 τοῦτό
2889 1177 2972 1223 τις
2990 1158 3367 1229 ἁνθυποφέρων
3385 1160 3488 1229 ἐρεῖ
3505 1174 3594 1209 σοι⁸
3617 1158 3667 1210 Τί
3687 1158 3747 1227 8i;-

2274 1273 2404 1309 ποτε
2436 1256 2536 1308 ούκ
2564 1250 2714 1307 εἶπεν
2743 1255 2776 1325 ὴ
2805 1252 2963 1324 γυνὴ,
2998 1250 3370 1321 Προφητικὴν
3400 1247 3544 1304 εἶδον
3576 1250 3748 1319 ψυχὴν,

2272 1346 2407 1402 ἀλλὰ
2422 1345 2747 1408 τούναντίον,
2769 1343 2958 1411 ἄνδρα
2979 1342 3208 1410 ὄρθιον;
3227 1333 3269 1409 ᾧ
3283 1341 3383 1412 γὰρ
3395 1339 3577 1411 ἔφησθα
3593 1341 3748 1411 τρόπῳ,

2272 1439 2366 1494 καὶ
2393 1438 2534 1492 διατί
2573 1437 2747 1506 λέγων
2772 1436 2872 1489 οὐκ
2905 1436 3148 1506 εἴρηται·
3177 1429 3348 1487 Εἶδεν
3373 1434 3408 1501 ἡ
3432 1431 3567 1501 γυνὴ
3600 1431 3748 1501 δαιμό·

2270 1549 2404 1585 γιον
2459 1530 2491 1583 ὃ
2543 1526 2959 1599 προσεποιεῖτο
3003 1522 3157 1582 εἶναι
3207 1523 3503 1595 Σαμουήλ;
3527 1524 3677 1594 Τούτῳ
3697 1523 3748 1593 τῷ

2269 1622 2413 1694 λόγῳ
2460 1621 2626 1692 φαίην
2672 1620 2739 1674 ἂν
2783 1610 3190 1687 ἁνθυπενέγκας
3239 1616 3433 1686 ἔγωγε’
3462 1616 3597 1679 Τίνος
3617 1616 3748 1679 ἕνεκα,

2268 1713 2445 1785 ψυχῆς
2489 1712 2832 1784 ἀναχθείσης,
2884 1711 2982 1765 οὐκ
3032 1712 3251 1783 εἴρηκεν
3297 1708 3568 1780 ἑωρακέναι
3608 1706 3748 1777 dum),

2259 1790 2416 1879 εἴπερ
2444 1805 2612 1870 οὕτως
2645 1801 2809 1875 εἶχεν,
2870 1804 2984 1858 ἀλλ’
3006 1805 3069 1857 ἐκ
3099 1803 3208 1857 τῶν
3232 1802 3471 1856 ἐναντίων
3495 1799 3666 1867 ἄνδρα,
3689 1800 3748 1852 καἸ

2260 1901 2446 1955 τοῦτον
2508 1899 2727 1969 ὄρθιον,
2754 1900 2891 1972 ὅπερ
2921 1899 3038 1950 ἐστὶ
3092 1896 3373 1966 γνώρισμα
3400 1896 3667 1963 σωματικῆς
3690 1893 3748 1944 εύ-

2259 1992 2442 2059 εξίας;
2479 1992 2539 2046 οὐ
2563 1991 2672 2063 γὰρ
2722 1989 3088 2063 ἀμφίκυρτον,
3139 1989 3257 2042 οὐδὲ
3300 1986 3549 2055 κεκυφότα
3588 1984 3748 2055 γέῳντα

2261 2084 2484 2157 θεωρεῖν
2520 2082 2754 2153 ἔφασκεν
2781 2084 2814 2154 ἡ
2845 2082 3060 2153 μαινὰς,
3094 2083 3211 2136 ἀλλ’
3238 2080 3431 2152 δρθιον,
3464 2077 3748 2146 ἐντεταμένον1

2261 2175 2664 2248 ἀπηυθυμένον,
2695 2178 2774 2239 εἰς
2794 2176 3026 2247 πόλεμον
3047 2176 3134 2229 ἀεὶ
3165 2174 3434 2239 νεάζοντα,
3467 2171 3579 2243 περὶ
3597 2170 3674 2232 τὰς
3692 2167 3748 2236 τῆέ

2261 2273 2459 2335 κακίας
2484 2271 2780 2335 όιναδόσεις⁹
2811 2270 2995 2344 ἀπάτῃ
3023 2270 3081 2324 δὲ
3111 2270 3210 2325 τὸν
3243 2270 3466 2341 ἔκφρονα
3488 2263 3744 2327 δελεάζουσα

2263 2364 2472 2436 σημείῳ
2534 2363 2631 2435 μὲν
2686 2362 2898 2417 ἔπειθεν
2943 2362 3137 2426 αὑτὸν,
3181 2362 3255 2426 ὡς
3300 2357 3559 2431 ἄνθρωπός
3602 2354 3748 2410 ὲστινί

2261 2455 2425 2510 ἀνιὼν
2458 2457 2521 2509 ἐκ
2546 2457 2646 2526 τῆς
2672 2457 2773 2526 γῆς
2797 2494 2812 2519 ,
2848 2454 3257 2526 ἀναϐεϐλῆσθαι
3284 2454 3340 2507 δὲ
3368 2452 3517 2508 αὐτὸν
3543 2450 3689 2519 ἔφαινε
3709 2446 3743 2499 δι

2261 2543 2469 2598 πλοῗδα.
2500 2544 2564 2597 Τί
2587 2538 2680 2597 οὖν
2706 2542 2871 2613 (εἴποι
2888 2561 2968 2608 τις
2987 2543 3098 2616 ἄν);
3117 2537 3281 2617 εἴπερ
3308 2542 3446 2614 αύτῷ
3470 2540 3648 2612 σώματι
3670 2552 3748 2609 προ

2260 2636 2480 2690 κύπτων
2533 2637 2827 2708 ἐτύγχανεν
2874 2636 3034 2708 ἀνὴρ,
3066 2638 3177 2692 οὐκ
3227 2637 3293 2691 ἂν
3346 2636 3567 2709 ἐώρακεν
3606 2634 3748 2686 sitim

2259 2728 2465 2793 Σαοὺλ,
2525 2729 2661 2784 ἀλλὰ
2712 2730 2839 2801 παρ’
2872 2729 3061 2801 ἐτέρου
3120 2729 3372 2800 βούλεται
3432 2727 3599 2800 μαθεῖν
3632 2720 3748 2781 61:926.:

2258 2823 2425 2887 ἐστιν,
2456 2822 2531 2888 ὡς
2569 2823 2801 2895 ἁορασίᾳ
2850 2822 3114 2894 πληγείς
3171 2822 3375 2876 Οὐκοῦν
3405 2820 3531 2874 αὐτὰ
3573 2816 3630 2871 τὰ
3667 2814 3748 2886 τερα

2258 2931 2441 2984 ’ίματα
2476 2914 2765 2987 κέκραγεν,
2785 2912 2859 2977 ὼς
2885 2911 3179 2985 ἄνθρωπος
3210 2912 3307 2984 μὲν
3331 2913 3426 2964 οὐκ
3446 2906 3525 2981 ἦν,
3546 2905 3655 2961 ἀλλὰ
3673 2900 3748 2955 σκιέ

2255 3025 2358 3071 τις,
2392 3006 2467 3071 ὡς
2501 3006 2695 3070 ἔοικεν,
2729 3005 2943 3075 ἀφανής
2963 3021 2975 3034 ·
3008 3006 3068 3058 οὐ
3095 3006 3215 3077 γὰρ
3241 3005 3306 3059 ἂν
3338 3004 3547 3075 ἀόρατος
3566 2994 3637 3070 ἦν.
3663 2996 3704 3047 ΕΞ
3722 2991 3748 3044 ίί

2258 3099 2516 3173 νομίζεις,
2534 3100 2823 3173 Ὠρίγενες,
2868 3099 2947 3152 ὅτι
2972 3098 3118 3169 ψυχὴ
3154 3098 3249 3152 τοῦ
3293 3094 3528 3167 Σαμουὴλ
3546 3091 3748 3158 ἐτύγχανε*

2256 3191 2463 3256 αὐτόθι,
2521 3190 2663 3244 διατί
2712 3190 2955 3244 διπλοΐδα
3000 3189 3468 3261 περιϐεϐλημένον
3515 3183 3684 3255 ἑωρᾶτο
3720 3173 3748 3227 τί

2256 3283 2479 3353 φάσμας
2528 3281 2787 3352 Προδήλῳ
2850 3280 2977 3349 γοῦν
3053 3282 3381 3349 ἐκεραίνεται
3433 3273 3670 3348 σημασίᾳ,
3708 3264 3748 3328 ὡς

2256 3375 2469 3429 ἅπαντα
2498 3372 2566 3426 τὰ
2596 3374 2695 3443 τῆς
2744 3371 2967 3443 ἐσθῆτος
3014 3371 3298 3445 ἐνδύματα
3345 3372 3435 3425 καὶ
3484 3366 3748 3432 σκεπάσματε

2258 3465 2473 3537 σώμασι
2492 3464 2672 3531 πλέον,
2702 3465 2817 3518 ἀλλ’
2835 3466 2895 3518 οὐ
2914 3464 3111 3535 ψυχαῖς
3136 3466 3420 3538 ἁρμόττεν
3445 3462 3501 3515 ού
3525 3460 3609 3531 γὰρ
3628 3456 3743 3523 οίομα

2256 3578 2315 3613 σε
2347 3560 2516 3630 φῆσαι
2546 3559 2606 3630 (ί.
2643 3560 2863 3630 φήσειν)
2897 3558 3015 3630 μεθ’
3045 3559 3397 3630 ὑποκρίσεως
3444 3551 3747 3619 ἀστεϊζόμενον

2253 3637 2334 3707 ὅτί
2354 3652 2661 3724 μεμένηκεν
2683 3652 2715 3721 ἡ
2735 3648 2939 3713 διπλοῖς
2961 3649 3053 3701 ἐπὶ
3071 3649 3177 3702 τοῦ
3198 3649 3370 3718 τάφου
3386 3645 3623 3703 τοσούτοις
3635 3639 3748 3691 ἐτεσιν

2254 3737 2382 3810 ἄχρι
2431 3736 2591 3807 τῆσδε
2638 3736 2737 3806 τῆς
2765 3736 3001 3808 ἡμέρας,
3037 3735 3127 3789 ἴνα
3177 3739 3212 3808 ἡ
3254 3736 3398 3808 ψυχὴ
3423 3733 3508 3788 τοῦ
3553 3728 3748 3802 προφῆτα⁴

2255 3833 2429 3902 φορῇ,
2467 3831 2540 3901 μή
2576 3846 2653 3900 πη
2678 3828 2787 3901 ἄρα
2816 3828 2997 3899 γυμνὴ
3033 3827 3336 3899 βαδίζουσα
3364 3829 3542 3895 διάγοι·
3572 3827 3747 3908 mimi"

2257 3923 2388 3995 φαίη
2444 3939 2525 3986 τις
2556 3921 2642 3989 ἂν,
2666 3921 2741 3986 ὡς
2763 3920 2935 3986 οὐδεὶς
2964 3920 3145 3975 ἔοικεν
3167 3924 3409 3991 ἀγνοεῖν,
3433 3922 3505 3975 ὅτι
3529 3919 3619 3978 τοῖς
3638 3911 3747 3978 ἁγίοε

2256 4015 2554 4087 ἀδιάφθορα
2586 4013 2845 4087 πάρεστιν
2875 4012 3175 4084 οὐρανόθεν
3203 4014 3469 4085 ἐνδύματα
3491 4000 3747 4078 (pen/6661M

2254 4108 2602 4179 ἐκλάμποντα
2630 4108 3040 4179 μαρμαρυγαῖς,
3071 4105 3196 4160 ἀλλ’
3227 4108 3331 4161 οὐκ
3354 4104 3550 4173 ἐσθῆτος
3567 4093 3748 4163 ὑςάσμα

2253 4219 2320 4255 τα
2351 4199 2612 4264 ποικίλοις
2643 4197 2957 4269 εύδιάφορα.
2986 4196 3050 4251 Et
3082 4198 3146 4251 δὲ
3176 4199 3280 4271 τὴν
3314 4197 3404 4253 τοῦ
3434 4186 3639 4262 Σαμουὴλ
3674 4180 3745 4250 όρί

2256 4292 2323 4366 ζῃ
2346 4289 2522 4362 ψυχὴν
2559 4290 2655 4361 μὲν
2688 4284 2826 4343 εἶναι
2850 4287 2947 4360 τὴν
2973 4288 3265 4357 ὀφθεῖσαν,
3301 4288 3495 4361 ίμὰτιον
3515 4279 3667 4353 μέντοι
3685 4272 3748 4343 φῇ

2256 4384 2529 4455 ἑωρᾶσθαι
2559 4382 2679 4438 κατ’
2714 4381 2941 4445 ἔννοιαν,
2973 4382 3036 4435 ἵν’
3068 4383 3097 4435 ὁ
3138 4382 3247 4453 τῆς
3291 4378 3573 4454 ἱερουργίας
3594 4366 3748 4437 ἓκδτιλθ

579 4486 628 4545 si
658 4485 927 4542 Samuelis
968 4484 1205 4539 animam
1239 4493 1515 4555 spectrum
1550 4483 1684 4537 illud
1716 4482 1888 4539 fuisse
1930 4485 2151 4556 statuis,

2260 4475 2342 4548 είη
2391 4475 2592 4547 τρόπος
2636 4474 2957 4546 (ἀμφότερα
3004 4474 3059 4528 δὲ
3106 4474 3292 4529 ταῦτα
3326 4472 3517 4545 νοητῶν
3543 4469 3639 4520 ἐστι
3665 4474 3748 4556 πρ]

579 4577 891 4648 asserisque
937 4584 1140 4631 vestem
1179 4581 1391 4628 tantum
1432 4572 1709 4627 intellectu
1752 4572 2145 4643 deprehensam

578 4667 771 4732 fuisse,
812 4676 871 4721 ut
914 4666 1059 4720 illius
1098 4661 1435 4719 caeremoniae
1478 4662 1617 4715 ratio
1656 4660 2144 4731 manifestaretur;

578 4766 813 4829 utraque
869 4770 998 4811 vero
1041 4754 1155 4808 haec
1209 4750 1633 4823 intelligibilium
1691 4767 1873 4806 rerum
1927 4754 2147 4822 pr0pria

578 4856 744 4906 sunt:
769 4846 1113 4905 convincitur
1135 4844 1268 4899 nihil
1299 4859 1491 4900 sanum
1518 4858 1817 4914 verumque
1848 4842 2144 4899 maenadem

576 4943 725 4999 illam
776 4940 1058 4998 effutiisse.
1115 4935 1224 4993 Res
1277 4935 1421 4990 enim
1466 4934 1627 4989 aliter
1658 4949 1722 4989 ac
1774 4949 1834 4990 se
1875 4934 2150 4990 habebant

574 5031 920 5095 enuntiahat,
950 5044 1137 5084 eorum
1177 5026 1399 5083 nomina
1446 5042 1567 5097 quae
1617 5024 1719 5080 sub
1750 5040 1912 5081 sensu
1945 5026 2149 5083 cadunt

575 5126 873 5188 invertens,
896 5130 949 5179 et
977 5120 1367 5177 intellectualia
1398 5119 1782 5176 manifestans.
1828 5117 2010 5173 Virum
2042 5121 2147 5176 ita-

2255 4568 2482 4640 γμάτων
2515 4566 2667 4637 ἴδια),
2705 4566 3027 4639 συνέστηκεν
3062 4571 3137 4630 ὡς
3171 4568 3331 4621 οὐδὲν
3359 4565 3517 4633 ὑγιὲς,
3549 4556 3649 4612 οὑδὲ
3674 4551 3748 4620 ἀλη

2256 4662 2365 4726 θῶς
2413 4660 2743 4735 ἀπήγγειλεν
2787 4661 2820 4732 ἡ
2881 4658 3075 4730 μαινὰς
3099 4676 3112 4690 ο
3161 4660 3336 4733 ἕτερα
3363 4658 3468 4730 γὰρ
3499 4654 3630 4720 ἔλεγε
3660 4659 3747 4714 παρ

2255 4756 2322 4809 τὰ
2370 4754 2518 4819 ὄντα,
2554 4753 2624 4807 τὰ
2674 4753 2780 4807 τῶν
2830 4752 3102 4825 αίσθητῶν
3154 4753 3403 4825 ὀνόματα
3430 4744 3748 4834 παραφέρουσξ

2257 4848 2351 4902 καὶ
2378 4847 2447 4903 τὰ
2475 4849 2638 4918 νοητὰ
2680 4845 3087 4901 διαδεικνύουσα
3124 4836 3647 4917 πράγματα.Ἀνδρα
3675 4845 3748 4897 γον

2258 4939 2458 5007 ὄρθιον
2486 4939 2846 5009 ὀνομάζουσα,
2883 4937 2976 4991 καὶ
3020 4937 3324 5007 περιϐολῆς
3369 4928 3585 5003 ὑφαντὸν
3608 4922 3748 4988 E6071.”-

2256 5034 2656 5105 χειρότευκτον,
2710 5032 2962 5104 ἀόρατον,
3022 5032 3084 5083 ἐκ
3144 5030 3262 5083 τῶν
3315 5026 3560 5083 ἐναντίων
3606 5014 3747 5082 εἰσῆγε

2257 5124 2473 5195 πνεῦμα
2508 5123 2892 5194 φαντασιιὶδες.

575 5237 682 5294 que
727 5230 956 5278 erectum
1002 5220 1301 5291 appellans,
1354 5224 1407 5272 et
1469 5216 1657 5272 textile
1718 5216 1989 5271 involucri
2040 5217 2421 5275 indumentum
2468 5235 2633 5275 manu
2690 5219 2915 5282 factum,
2976 5217 3122 5288 quod
3185 5232 3302 5273 non
3358 5214 3653 5272 videbatur.
3710 5211 3748 5252 ει

576 5315 871 5372 contrariis
928 5312 1180 5385 spiritum
1245 5311 1634 5381 imaginatione
1683 5318 1894 5364 tantum
1953 5319 2270 5383 perceptum
2300 5313 2590 5369 inferebat.

644 5402 758 5461 Vll.
798 5405 899 5461 Eia
943 5406 1034 5461 die
1070 5421 1222 5477 ergo.
1276 5418 1310 5460 o
1361 5404 1565 5474 optime
1608 5402 1955 5474 dogmatista,
2005 5420 2144 5475 quo-

577 5497 740 5552 modo
755 5501 1007 5569 cognovit
1032 5498 1161 5554 Saul
1190 5499 1341 5553 illum
1375 5494 1545 5551 fuisse
1570 5494 1900 5562 Samuelem,
1926 5496 2147 5567 quando

580 5604 685 5644 nec
744 5591 949 5644 umbra:
1007 5591 1225 5659 quidem
1293 5588 1571 5644 minimam
1625 5594 1868 5656 partem,
1932 5596 2143 5643 tantum

2328 5404 2437 5459 VII.
2480 5406 2611 5459 Εἰπὲ
2664 5406 2863 5472 τοίνυν,
2919 5399 2963 5459 ὦ
3007 5404 3253 5476 βέλτιστε
3309 5394 3638 5475 δογματιστὲ,
3673 5382 3747 5437 πῶε

2255 5496 2394 5564 ἔγνω
2420 5495 2608 5559 Σαοὺλ,
2631 5496 2705 5559 ὡς
2738 5496 2899 5561 αὐτὸς
2927 5490 3079 5560 οὗτος
3100 5495 3379 5569 ἐτύγχανε
3408 5485 3640 5564 Σαμουὴλν
3659 5480 3748 5545 ὁπη

2254 5588 2377 5642 νίκα
2409 5587 2544 5658 μηδὲ
2583 5590 2740 5653 σκιᾶς
2765 5583 2869 5641 εἶδε
2896 5588 3103 5660 μόριον,
3132 5588 3239 5660 οὐχ
3269 5589 3421 5652 ὅπως
3441 5580 3603 5656 ἀνδρὸς
3624 5569 3743 5628 iam

646 5742 1032 5818 (3")L‘avrdr.
1080 5744 1171 5800 Sic
1210 5747 1396 5819 impr.,
1428 5760 1613 5820 prave.
1657 5745 1968 5819 Legendum
1998 5759 2155 5817 prora

2260 5744 2469 5803 videtur
2495 5746 2714 5814 ταυτὸν,
2747 5754 2805 5803 ιιι
2828 5761 2949 5813 pag.
2985 5738 3106 5809 6η,
3146 5744 3214 5797 Β.
3246 5743 3404 5805 Eon.
