3898 6196
1175 287 1263 344 DE
1289 288 1874 352 ENGASTRIMYTHO
1909 296 2188 354 CONTRA
2226 298 2600 359 ΟΒΙΟΕΝΕἭ.

3405 304 3521 363 εκ.

303 396 538 469 πληγαῖς
576 398 651 462 εις
699 399 923 471 αἵματος
965 402 1108 459 ἰδέαν
1153 406 1435 476 ἀμείϐουσι
1479 410 1604 476 τοὺς
1641 411 1849 483 ὀχετοὺς

1957 423 2173 472 vertunt
2216 431 2281 474 ea
2317 432 2446 473 cura
2477 425 2543 475 et:
2578 417 2759 474 studio
2812 427 2885 474 ut.
2929 418 3290 477 calamitatem
3342 423 3510 477 adau-

305 489 584 555 ὼσαύτως,
603 489 784 558 αὔξειν
803 494 1220 569 ἐπιτεχνώμενοι
1243 500 1302 554 τὸ
1324 502 1511 567 πάθος,
1536 504 1693 558 ἕνεκα
1719 506 1861 571 τινος

307 581 514 672 ἀξιοῦσι
529 584 618 637 καὶ
643 584 872 653 δέονται,
892 589 1198 661 πιεζόμενοι
1213 595 1277 666 τῇ
1300 594 1446 669 δίψῃ,
1467 598 1861 672 καθαρισθῆναι

306 671 382 725 τά
397 672 527 726 κατά
545 676 723 729 πᾶσαν
736 676 1008 746 Αἴγυπτον
1023 680 1189 736 ὕδατα
1203 684 1301 754 τῆς
1317 671 1856 761 αἱμοφόρουμίξεωςς

305 763 374 815 El
419 764 477 833 (Ῑ.
505 767 575 831 oi;
615 762 682 819 αὖ
725 768 884 823 πάλιν
912 770 1505 846 ἀπειροπληθεὶςνάφνω
1540 778 1860 851 θεασάμενοι

301 852 623 925 βατράχους,
653 858 706 909 τί
738 858 936 929 δήποτε
963 863 1379 934 παραιτούμενοι
1407 868 1530 931 τοὺς
1551 868 1739 939 ὄχλους
1764 874 1862 927 αύ-

298 943 431 1011 τῶν,
466 942 623 1011 αὖθις
665 948 921 1005 ἔπλαττον
944 952 1153 1020 ἄλλους,
1187 958 1235 1010 εί
1264 955 1338 1027 μὴ
1382 959 1488 1013 τῶν
1519 959 1616 1031 μὲν
1650 964 1861 1038 ἐνισκιᾷ

299 1036 399 1130 και
440 1043 743 1130 φαντασίας
793 1046 917 1098 εἴδει
970 1049 1304 1119 φαινομένων
1327 1054 1427 1107 οὐκ
1455 1036 1855 1130 ἐπεφρόντιξον,

300 1128 407 1182 ὑπὸ
429 1129 486 1183 δὲ
516 1131 623 1184 τῶν
658 1133 830 1187 ἄλλων
857 1136 1003 1209 έργῳ
1024 1138 1380 1213 δεικνυμένων
1406 1128 1737 1220 ἐλυμήναντο
1763 1152 1861 1207 δει-

298 1220 441 1286 νῶς;
466 1223 655 1289 Οὐδεὶς
683 1226 791 1297 γὰρ
818 1226 1064 1285 ἀνέλοιτο
1081 1232 1157 1304 τῷ
1185 1234 1425 1308 πολεμίῳ
1453 1238 1642 1313 πλήθει
1674 1242 1859 1318 ἕτερον

296 1315 641 1385 προστιθέναι
664 1318 863 1390 πλῆθος
881 1323 1263 1397 ἀναρίθμητον,
1292 1329 1412 1384 ἀντὶ
1431 1332 1525 1387 τοῦ
1550 1315 1859 1403 νεολέκτους

296 1406 671 1477 στρατολογεῖν
694 1412 783 1474 εἰς
806 1416 1114 1486 συμμαχίαν
1145 1417 1488 1493 δορυφόρους·
1508 1425 1625 1480 οὐδὲ
1648 1430 1858 1498 ἐπεγεῖ-

300 1513 389 1567 ραι
417 1498 637 1570 πυρετῷ
663 1503 913 1573 πυρετὸν,
932 1505 1305 1580 ἀπαλλαγῆναι
1331 1511 1421 1565 τοῦ
1439 1511 1653 1585 πρώτου
1676 1517 1856 1590 γλιχό-

298 1604 479 1677 μενος,
513 1590 633 1644 ούδέ
658 1591 882 1664 πληγῶν
907 1595 1191 1669 ἀφορήτων
1215 1599 1304 1673 βίᾳ
1331 1604 1740 1677 μαστιζόμενος,
1766 1609 1861 1668 ἄλ-

294 1674 389 1739 λας
420 1679 602 1750 ἐαυτῷ
636 1686 1026 1760 προσεπιφέρει
1076 1688 1306 1761 πληγάς,
1356 1674 1609 1767 ἀνεθῆναι
1652 1674 1856 1756 τούτων

1962 515 2141 578 gcant,
2197 522 2429 578 quanam
2477 509 2546 564 de
2600 522 2764 565 causa
2821 510 3094 580 supplices
3149 519 3378 567 exorant
3419 512 3509 567 siti

1961 600 2135 672 pressi
2191 615 2287 670 per
2355 600 2664 655 universam
2719 598 3008 672 Egyptum
3069 603 3512 674 sanguinolentas

1960 705 2129 762 aquas
2159 691 2483 762 expurgari?
2511 689 2609 746 Vel
2654 706 2870 746 rursum
2924 692 3151 749 infinitis
3193 709 3275 749 ex.
3306 693 3512 765 impro-

1958 784 2076 839 viso
2112 782 2271 838 ranis
2306 783 2634 853 conspectis,
2673 782 2888 853 utquid,
2917 799 3041 839 cum
3075 785 3302 842 illarum
3328 786 3512 842 multi-

1960 874 2145 930 tudine
2172 874 2607 939 molestarentur,
2655 874 2799 932 alias
2835 875 3194 947 efﬁngebant;
3230 878 3336 934 nisi
3356 880 3509 950 quod

1958 965 2026 1020 de
2057 966 2166 1022 illis
2194 967 2393 1038 qute‘in
2421 967 2615 1022 umbra
2650 975 2703 1023 et
2744 968 2941 1039 spectri
2973 976 3180 1024 tantum
3214 968 3387 1025 forma
3413 986 3511 1041 ap—

1956 1057 2218 1129 parebant
2242 1073 2352 1113 non
2374 1058 2660 1123 curabant,
2688 1075 2873 1115 verum
2914 1060 2985 1116 ab
3021 1060 3143 1117 aliis
3165 1076 3286 1131 qua:
3305 1076 3375 1118 re.
3392 1060 3509 1134 ipsa

1956 1161 2111 1207 erant
2146 1158 2203 1207 et
2232 1151 2576 1217 videbantur,
2603 1154 2799 1208 mirum
2832 1155 2886 1208 in
2916 1154 3133 1208 modum
3170 1154 3283 1212 lznsi
3313 1155 3508 1226 perde-

1956 1242 2189 1298 bantur?
2214 1241 2384 1298 Nemo
2411 1243 2556 1298 enim
2594 1243 2927 1301 multitudini
2974 1246 3209 1301 hostium
3259 1246 3508 1301 multitu-

1956 1332 2138 1387 dinem
2180 1332 2340 1387 aliam
2386 1333 2729 1390 inimicorum
2785 1334 3123 1391 innumeram
3166 1336 3338 1403 addit,
3380 1352 3504 1400 cum

1955 1437 2126 1479 novos
2152 1424 2431 1481 ministros
2451 1440 2514 1482 ac
2535 1427 2794 1485 satellites
2827 1427 2895 1483 ad
2929 1428 3014 1485 sui
3044 1428 3265 1483 tutelam
3289 1428 3507 1485 deberet

1955 1517 2295 1586 conducere;
2353 1534 2528 1590 neque
2579 1519 2770 1576 febrim
2838 1534 2945 1592 qua
2997 1519 3215 1575 liberari
3258 1528 3378 1574 avet
3426 1520 3506 1576 fe-

1954 1607 2040 1663 bri
2095 1610 2333 1666 excitare
2389 1610 2623 1680 majori;
2659 1627 2839 1682 neque
2874 1611 2967 1682 qui
2997 1611 3171 1683 plagis
3213 1610 3508 1666 intoleran-

1954 1697 2040 1754 dis
2071 1699 2123 1753 vi
2152 1700 2377 1771 petitur,
2422 1702 2527 1755 alia
2558 1701 2777 1757 sibimet
2809 1702 2913 1774 ipsi
2955 1701 3171 1770 infligit,
3199 1700 3327 1757 dum
3370 1716 3515 1773 puro

294 1768 476 1838 ἐφέσει
501 1771 717 1864 καθαρᾷ
737 1776 829 1829 καὶ
849 1778 1112 1851 πρεσϐείᾳ
1136 1782 1230 1835 καὶ
1243 1783 1423 1857 δεήσει
1446 1788 1846 1862 προσλιπαρῶν·

1952 1789 2133 1845 cordis
2153 1768 2354 1847 affectu
2381 1799 2435 1849 et
2472 1793 2720 1862 precibus
2754 1799 2809 1850 et
2829 1768 3093 1850 voratione
3142 1804 3262 1851 orat
3287 1802 3348 1850 ut
3372 1768 3511 1852 libe—

292 1861 403 1914 ἀλλ’
428 1862 550 1917 οὐδὲ
580 1865 687 1918 τῶν
736 1866 872 1922 οἶκοι
900 1872 1315 1944 πιμπραμένων,
1347 1877 1468 1932 ἀντὶ⁸
1499 1881 1592 1934 τοῦ
1633 1861 1855 1955 σϐεστή-

297 1969 381 2023 ρια
402 1955 801 2026 καταψεκάξειν
823 1960 1047 2032 ὄργανα,
1072 1965 1375 2022 τούναντίον
1403 1967 1580 2024 ἔλαιον
1604 1972 1638 2044 ἢ
1664 1974 1853 2028 πίτταν

291 2046 544 2116 ἐπιχέων,
596 2050 677 2113 είς
722 2050 955 2124 ἄμετρον
988 2054 1087 2125 μὲν
1131 2057 1262 2128 ὕψος
1301 2060 1501 2133 ἐγείρει
1531 2062 1629 2135 τὴν
1663 2065 1851 2135 φλόγα,

290 2136 597 2233 φλεγομένη
716 2144 897 2213 μεῖξον
935 2146 996 2200 τὸ
1021 2148 1188 2213 πάθος
1225 2151 1397 2218 αὔξει,
1428 2158 1522 2211 καὶ
1559 2156 1669 2228 πῦρ
1690 2148 1854 2233 ’ἄρδει

288 2228 428 2320 ταιτά
459 2229 635 2302 πυρὸς
653 2232 1043 2307 ἀπειροκάλως.
1073 2240 1257 2307 Οὕτως
1276 2242 1403 2316 ἄρα,
1427 2247 1493 2301 δι’
1522 2243 1598 2304 ὧν
1622 2228 1853 2320 ἐφιλοτι-

297 2318 495 2414 μριῖντο
525 2322 783 2393 πράττειν
814 2328 862 2380 οἱ
894 2334 1191 2402 φαρμακοὶ,
1227 2334 1312 2389 διὰ
1360 2337 1564 2395 τούτων
1608 2318 1852 2414 ἐναργεῖς

291 2410 545 2485 ἐξέφερον
576 2415 844 2488 ἐλέγχους,
873 2421 949 2485 ὡς
974 2425 1282 2500 οἰησικοπίᾳ
1306 2430 1658 2500 φαντασιώδει
1679 2410 1852 2506 ψυχα-

288 2505 688 2598 γωγεῖνιῖιοντο
711 2510 822 2564 δεῖν
847 2514 1252 2580 ἐαυτούς.Ἔστι
1278 2521 1407 2589 γοῦν
1426 2524 1647 2580 αὐτόθεν
1675 2527 1734 2579 οὐ
1763 2505 1858 2598 χαο.

288 2590 466 2687 λεπτῶς
498 2594 647 2661 ίδείν,
682 2598 764 2652 ὅτι
803 2601 898 2654 καὶ
922 2606 1038 2658 νυνὶ
1063 2605 1240 2679 πολλῷ
1267 2610 1486 2667 πλείονα
1514 2615 1606 2668 καὶ
1633 2590 1852 2687 μείζονα

284 2682 489 2779 τούτων
520 2689 723 2779 ἐντοῖς
751 2690 996 2764 θεάτροις
1019 2697 1067 2749 οἱ
1095 2696 1468 2779 ψηφοπαίκται
1501 2682 1698 2777 δρῶσιν
1739 2710 1856 2764 εἰω-

290 2773 454 2842 θότως
475 2794 491 2807 ·
520 2778 639 2833 ἀλλ’
669 2782 818 2852 ὅμως
863 2786 1188 2860 αὐτοσχεδίῳ
1224 2773 1463 2866 δυνάμει.
1482 2773 1856 2860 τόύτων,ἄντι-τ

286 2883 419 2938 κρυς
446 2870 818 2965 ἁλισκομένων
841 2877 1041 2932 ἑάλων·
1070 2881 1219 2937 οὐδὲν
1237 2879 1397 2957 ἦττον
1424 2888 1457 2958 ἡ
1483 2888 1855 2965 διηγηματικὴ

283 2960 596 3033 προγράφει
637 2967 786 3038 φωνή
808 2985 821 2997 ·
866 2969 975 3023 Καὶ
1016 2971 1312 3042 ἐποίησαν
1345 2981 1397 3032 οι
1437 2960 1700 3036 exactae!
1735 2960 1851 3037 τῶν

278 3052 622 3143 Λίγυπτίων
666 3058 795 3125 ταῖς
853 3068 1236 3134 φαρμακείαις
1291 3069 1490 3126 αὐτῶν
1541 3074 1845 3143 ὡσαύτως.

280 3142 430 3196 Ἔδει
461 3146 664 3212 τοίνυν,
689 3150 765 3213 ὡς
800 3152 828 3202 ὁ
852 3151 1209 3229 δογματιστὴς
1235 3159 1618 3235 ἐνομοθέτησεν
1649 3166 1850 3239 Ὦριγέ-
1873 3149 1915 3206 C

274 3252 394 3307 νης,
425 3239 640 3292 εἰπεῖν·
693 3241 1012 3313 Ἐποίησαν
1037 3248 1104 3303 δὲ
1134 3250 1206 3306 τὰ
1227 3255 1619 3323 παραπλήσια
1653 3259 1734 3326 τῷ
1757 3260 1850 3316 60-

270 3327 407 3423 ξεῖν
430 3333 492 3423 oi
516 3330 783 3389 ἐπαοιδοὶ
815 3336 932 3391 τῶν
966 3343 1300 3411 Αἰγυπτίων
1325 3362 1340 3377 ·
1375 3348 1509 3403 ἀλλά
1542 3351 1613 3421 μὴ
1647 3351 1843 3423 λέγειν,

268 3419 581 3515 river-ﬁrmo,
610 3424 698 3515 ἵνα
744 3429 817 3500 μή
863 3446 1009 3496 τινες
1040 3434 1354 3491 ὑπολάϐοιεν
1382 3438 1455 3495 ἂν
1473 3419 1551 3507 ὡς
1571 3419 1629 3510 ἐξ
1657 3419 1847 3515 ὁμοίας

267 3509 516 3581 ὁρμᾶται
555 3513 867 3601 δυνάμεως·
897 3522 946 3574 εί
977 3521 1084 3593 γὰρ
1119 3524 1277 3595 ὃμοια
1315 3531 1427 3593 τοῖς
1454 3509 1622 3601 ἀμφι
1644 3509 1846 3589 Μωσέα

266 3602 539 3671 πράττειν
558 3598 737 3660 οἷοίτε
765 3603 922 3680 ἦσαν,
946 3612 1140 3670 οὐκοῦν
1163 3616 1421 3685 ὡσαύτως
1443 3621 1701 3692 ⁴Ιγδύναντο
1720 3626 1846 3692 τοὺς

267 3690 555 3757 ἐναντίους
592 3696 901 3767 ἀμύνασθαι
937 3706 1048 3768 τοῖς
1089 3706 1240 3772 ἴσοις,
1272 3707 1413 3763 ὥστε
1458 3690 1583 3776 τοὺς
1630 3690 1846 3783 ἀγῶνας

265 3782 617 3857 ἑκατέρωθεν
640 3789 903 3861 ὑπάρχειν
934 3795 1255 3864 ἀντιπάλους
1273 3817 1287 3831 ·
1325 3803 1383 3855 εἰ
1400 3802 1445 3856 δ’
1463 3804 1652 3859 οὐδένα
1680 3807 1747 3862 δι’
1769 3803 1844 3864 ὧν

269 3878 644 3949 ἐσχημάτιξον
675 3881 955 3951 ἔϐλαπτον,
980 3889 1349 3965 ἀποκέχρηται
1384 3896 1480 3966 μὲν
1509 3897 1616 3971 ἄρα
1644 3899 1721 3972 τῷ
1751 3903 1847 3974 ῥή-

276 3985 432 4036 ματι,
462 3973 704 4044 πρόδηλα
731 3975 788 4029 δὲ
808 3976 877 4031 τὰ
914 3979 1012 4050 τῆς
1035 3981 1241 4053 ἀψύχου
1272 3987 1567 4054 φαντασίας
1598 3973 1846 4047 ἐκτυπῶ-

279 4076 449 4157 ματα.
484 4059 589 4119 Οἴα
608 4065 671 4137 δὴ
691 4068 965 4124 κάνταῦθα
989 4073 1055 4126 τὸ
1072 4074 1182 4127 τῶν
1211 4075 1501 4134 ἐπαοιδῶν
1520 4082 1686 4154 ὄνομα
1710 4102 1845 4157 προ-

278 4150 446 4248 Ϊάξκ
481 4155 511 4207 ὁ
542 4161 909 4248 σιξγγραφεὺς,
944 4166 1037 4217 καὶ
1068 4164 1137 4221 τὰ
1159 4167 1258 4238 τῆς
1285 4150 1628 4242 φαρμακείαέ
1655 4150 1844 4248 ὲπιέη·

276 4239 540 4340 δεύματα,
580 4246 830 4315 διέδειξεν
870 4253 945 4318 ὡς
990 4255 1048 4308 οὐ
1081 4257 1255 4329 χρεὼν
1285 4239 1462 4337 ἃνήείη
1492 4265 1554 4320 τὸ
1587 4239 1844 4340 παράπαν

280 4334 668 4435 ἀμφισϐητεῖν..
687 4344 924 4435 ὅτιιλτοίς
972 4348 1165 4419 μάγοις
1190 4352 1395 4410 ἕκαστα
1428 4334 1740 4435 περιεργείᾳ
1762 4364 1843 4418 δι-

283 4428 576 4547 επράττετο
612 4431 683 4535 τά
709 4433 1154 4547 γοὼδηοιτοιαῦτα
1192 4442 1287 4496 καὶ
1314 4444 1381 4499 τὰ
1410 4428 1565 4520 τῆσδε
1584 4428 1683 4522 τῆς
1708 4428 1842 4507 isto-
1864 4486 1919 4547 υ

289 4515 411 4613 pia;
432 4518 798 4593 ἀπογράφεται
839 4524 1086 4598 δράματα
1104 4545 1117 4558 ·
1144 4530 1311 4604 αὐτὴν
1335 4535 1442 4608 γὰρ
1462 4515 1836 4613 *ἐγγαστρίμυ-

286 4608 381 4707 θον
405 4615 686 4707 όνομάσας,
714 4618 832 4675 εἶτα
857 4624 948 4678 καὶ
971 4628 1233 4699 μαντικῆς
1254 4630 1535 4701 εὑρήματα
1554 4608 1837 4707 διελέγχων

291 4700 476 4776 ἀσεϐῆ,
497 4708 936 4783 δαιμονιζομένου
973 4733 1032 4770 τε
1058 4718 1119 4773 τὸ
1148 4700 1435 4791 πρόσωπον
1458 4700 1839 4792 ἀποδείξας-εῖ-

287 4807 380 4844 ναι
415 4795 471 4848 τὸ
512 4803 923 4874 μαντευόμενον,
959 4807 1259 4873 αὐτοτελῶς
1291 4810 1565 4884 ἐξέφηνεν,
1599 4815 1678 4870 ὃτι
1704 4835 1841 4887 φαν-

287 4892 647 4977 τασιοκοπίαις
685 4893 891 4951 ἕκαστα
939 4897 1315 4972 διαπράττοιτο
1358 4904 1644 4977 κιϐδήλοις.
1678 4909 1837 4967 Ἀλλά

288 4976 461 5034 ταῦτα
490 4984 577 5053 μὲν
602 4990 735 5059 ἡμῖν
762 4988 909 5044 οὕτω
921 4992 1159 5064 νοητέον.

370 5069 434 5126 Χ.
456 5075 636 5150 Ἴωμεν
662 5080 720 5134 δὲ
752 5082 911 5138 πάλιν
938 5084 1292 5153 ἐξελίττοντες
1323 5088 1415 5142 ἐπὶ
1445 5092 1512 5144 τὰ
1535 5090 1643 5146 τῶν
1660 5092 1837 5162 λόγων

288 5162 429 5237 ιω.
461 5168 517 5221 Τί
545 5170 637 5227 οὖν
656 5213 673 5240 ,
701 5174 777 5238 ὡς
808 5176 970 5245 ἤρετο
998 5177 1097 5249 τὴν
1125 5180 1553 5253 ἐγγαστρίμυθον
1585 5186 1613 5237 ὁ
1639 5185 1845 5254 Σαοὺλμ

294 5255 358 5308 Π
383 5256 659 5330 ἐοίφακαςς
692 5265 888 5333 εἰπών;
928 5269 1014 5323 Ἑν
1041 5268 1336 5343 πρώτοιςή
1378 5273 1672 5346 παραπλὴξ
1708 5276 1834 5331 ἀνθκ

1955 1890 2127 1936 retur.
2161 1881 2253 1939 Sic
2277 1883 2439 1939 etiam
2473 1885 2557 1941 his
2576 1886 2669 1954 qui
2697 1885 2843 1940 domi
2871 1893 3209 1956 exuruntur,
3232 1903 3351 1959 pro
3393 1904 3531 1943 ηδε-»-

1954 1973 2132 2029 chinis
2165 1974 2233 2029 ad
2261 1975 2436 2046 ignem
2459 1976 2913 2049 exstinguendum
2950 1978 3292 2050 adaptandis,
3328 1979 3508 2036 oleum

1953 2071 2008 2118 et
2032 2063 2204 2135 picem
2239 2065 2283 2118 si
2309 2065 2432 2136 quis
2464 2066 2898 2137 superinfundet,
2916 2067 2980 2123 in
3004 2068 3325 2125 immensum
3354 2068 3517 2125 ﬂam-

1952 2169 2072 2212 mas
2112 2156 2390 2225 excitabit,
2423 2173 2541 2228 quae
2594 2158 2686 2214 ubi
2729 2159 3026 2223 invaiuere,
3080 2160 3280 2217 malum
3324 2161 3510 2232 majus

1954 2246 2217 2313 exoritur,
2243 2247 2488 2319 ignisque
2520 2249 2700 2322 inepte
2737 2259 2927 2306 contra
2956 2252 3136 2323 ignem
3166 2253 3510 2312 accenditur.

1956 2335 2047 2391 Sic
2079 2336 2243 2408 igitur
2278 2340 2420 2411 magi
2455 2348 2551 2411 per
2598 2356 2662 2396 ea
2705 2357 2824 2413 qua:
2876 2342 3160 2399 ambitiose
3201 2343 3507 2411 tentabant,

1953 2430 2237 2488 manifeste
2270 2430 2830 2501 deprehendebantur,
2889 2442 3097 2490 tantum
3154 2435 3322 2491 animi
3366 2451 3504 2492 con—

1952 2530 2108 2591 ceptu
2141 2533 2301 2593 atque
2327 2524 2601 2595 opinione,
2633 2535 2695 2580 ut
2734 2527 2836 2582 sibi
2870 2527 3215 2593 videbantur,
3263 2527 3504 2584 animum

1952 2612 2272 2671 obiectasse.
2308 2613 2545 2687 indeque
2571 2618 2638 2673 ad
2664 2617 2778 2673 haec
2812 2625 3051 2689 tempora
3085 2618 3251 2690 (quod
3287 2634 3397 2674 non
3419 2627 3504 2676 est

1951 2704 2170 2762 difficile
2197 2707 2458 2781 cogitatu)
2496 2708 2607 2765 illis
2634 2711 2805 2766 multo
2845 2710 3052 2782 majora
3102 2711 3402 2783 maiorique
3445 2712 3504 2768 in

1951 2795 2106 2865 copia
2140 2796 2194 2851 in
2241 2796 2466 2853 theatris
2512 2798 2801 2854 saccularii
2848 2800 2916 2856 de
2962 2815 3115 2858 more
3158 2801 3371 2857 ludunt.
3399 2801 3504 2869 Qui

1952 2895 2130 2942 tamen
2160 2886 2420 2946 facultate
2461 2905 2492 2948 e
2520 2905 2582 2947 re
2616 2895 2893 2948 nata'vanl
2942 2893 3194 2966 irritique
3225 2895 3384 2966 plane
3407 2895 3503 2952 de-

1951 2976 2205 3049 prehensi
2232 2980 2579 3049 ceciderunt;
2609 2989 2663 3038 et
2682 2983 3036 3042 nihilominus
3059 2983 3341 3056 Scriptura
3376 3002 3505 3042 nar-

1949 3080 2035 3126 rat
2066 3090 2080 3127 :
2106 3071 2175 3125 Et
2224 3072 2457 3141 fecerunt
2507 3072 2878 3145 Egyptiorum
2917 3077 3270 3134 incantatores
3299 3095 3393 3149 per
3420 3081 3506 3135 in-

1948 3163 2273 3217 cantationes
2298 3179 2478 3218 eorum
2520 3165 2783 3221 similiter.
2811 3166 3106 3224 Dicendum
3154 3171 3336 3243 itaque
3364 3182 3509 3240 erat,

1948 3261 2007 3307 ut
2039 3254 2350 3324 dogmatum
2383 3255 2525 3310 lator
2569 3254 2831 3328 Origenes
2884 3263 3043 3332 quasi
3082 3263 3201 3335 lege
3252 3265 3502 3331 sancivit.

1948 3344 2207 3401 Fecerunt
2269 3356 2445 3401 autem
2489 3346 2690 3401 similia
2752 3352 3080 3420 apparitione
3149 3353 3506 3412 incantatores

1945 3437 2341 3508 Egyptiorum,
2377 3444 2433 3493 et
2459 3433 2572 3492 nOn
2621 3439 2898 3507 similiter;
2927 3457 2997 3497 ne
3024 3443 3148 3512 quis
3195 3446 3507 3517 suspicare-

1945 3535 2035 3582 tur
2061 3543 2126 3583 ει
2154 3526 2341 3583 eadem
2395 3534 2664 3599 potestate
2712 3529 2961 3602 produci.
3021 3530 3154 3586 Nam
3205 3534 3252 3589 si
3306 3536 3504 3594 similia

1943 3615 2197 3677 Mosaicis
2237 3620 2346 3677 illis
2396 3621 2718 3679 conficiendi
2765 3622 2996 3679 facultas
3041 3622 3256 3692 fuisset,
3310 3626 3505 3686 fuisset

1945 3711 2132 3782 utique
2182 3710 2370 3768 eadem
2420 3714 2634 3770 ratione
2685 3714 2873 3770 hostes
2938 3714 3273 3781 ulciscendi,
3314 3716 3388 3771 ita
3443 3727 3504 3773 ut

1944 3803 2199 3875 utrinque
2222 3819 2379 3875 aequo
2419 3803 2588 3861 Marte
2614 3804 2934 3861 certandum
2961 3804 3121 3861 foret.
3147 3804 3206 3860 Si
3231 3821 3359 3862 vero
3391 3809 3507 3863 nul-

1952 3889 2036 3950 lus
2059 3910 2155 3965 per
2186 3910 2307 3965 quae
2327 3894 2687 3953 ef'formabant
2710 3895 3028 3966 laedebatur,
3076 3897 3321 3953 abutitur
3363 3914 3497 3970 ergo

1943 4000 2215 4051 sermone,
2255 3987 2664 4060 manifestisque
2696 3987 2834 4044 fiunt
2882 3990 3189 4046 inanimatae
3240 3991 3502 4063 imagina-

1942 4077 2108 4134 tionis
2155 4080 2388 4150 species.
2443 4081 2908 4149 Quemadmodum
2957 4089 3011 4138 et
3066 4083 3155 4139 hic
3202 4082 3502 4141 incantato-

1945 4185 2061 4223 rum
2090 4169 2312 4228 nomine
2332 4178 2388 4228 et
2423 4174 2613 4245 magiae
2632 4173 2831 4231 studiis
2852 4189 2917 4230 ac
2946 4174 3158 4231 artibus
3194 4176 3504 4247 praepositis

1942 4260 2355 4330 demonstravit,
2388 4267 2611 4321 omnino
2651 4266 3009 4321 dubitandum
3031 4281 3141 4323 non
3169 4282 3292 4324 esse
3318 4269 3502 4325 omnia

1943 4351 2034 4405 illa
2059 4370 2089 4407 a
2116 4355 2290 4427 magis
2311 4358 2693 4429 superstitiosa
2724 4360 3038 4417 curiositate
3068 4360 3308 4435 perfecta
3331 4360 3504 4419 fuisse

1944 4442 2165 4511 similia,
2205 4453 2263 4502 et
2302 4446 2530 4518 hujusce
2554 4448 2800 4507 historiae
2822 4459 2976 4523 gesta
3015 4460 3500 4524 repraesentantur.

1940 4532 2075 4590 Nam
2129 4541 2559 4613 engastrimytho
2607 4543 2853 4611 inducta,
2890 4543 3147 4616 deinceps
3181 4545 3370 4617 magia:
3412 4560 3503 4601 ar-

1941 4628 2089 4685 tibus
2121 4630 2307 4701 impiis
2341 4631 2716 4703 deprchensis,
2736 4644 2788 4692 et
2816 4651 3050 4707 persona
3082 4652 3204 4708 qua
3244 4637 3511 4695 vaticinia

1939 4722 2158 4792 petebat
2187 4724 2522 4782 daemoniaca
2565 4725 2930 4785 demonstrata
2955 4747 2971 4797 ;
3005 4729 3242 4800 perfecte
3271 4731 3500 4788 demon-

1939 4816 2135 4873 stravit
2203 4818 2686 4890 imaginationibus
2741 4821 2917 4893 iisque
2983 4823 3259 4880 ementitis
3316 4824 3508 4880 omnia

1940 4907 2109 4967 fuisse
2166 4920 2406 4982 peracta.
2478 4909 2585 4969 Sed
2644 4912 2757 4968 haec
2815 4913 2889 4968 ita
2935 4914 3094 4971 nobis
3154 4914 3499 4987 intelligenda

1938 5010 2086 5061 sunt.

2017 5094 2084 5151 X.
2111 5093 2284 5151 Porro
2326 5094 2522 5151 iterum
2556 5093 2600 5152 si
2628 5111 2748 5167 quae
2793 5103 2922 5153 sunt
2947 5096 3236 5153 verborum
3273 5096 3496 5165 indicia,

1936 5186 2366 5243 consideremus.
2433 5185 2574 5253 Quid
2636 5187 2839 5258 igitur?
2889 5197 2950 5244 ut
3010 5188 3499 5264 engastrimythum

1935 5274 2063 5331 Saul
2086 5276 2436 5349 interrogavit
2459 5297 2474 5333 :
2499 5277 2639 5346 Quid
2665 5278 2880 5335 uidisti?
2904 5279 3156 5351 inquiens
3181 5280 3247 5346 ",
3262 5280 3496 5350 primum
3574 5350 3579 5353 η

293 5350 623 5441 οπενέγκασσ,
652 5354 750 5428 βοᾷ
767 5375 782 5387 ο
810 5359 920 5412 Καὶ
962 5361 1135 5427 θεοὺς
1156 5359 1382 5430 ἑώρακα
1404 5363 1838 5434 ἀναϐαίνοντας

1950 5369 2155 5424 lemens
2206 5369 2296 5424 illa
2344 5370 2541 5426 mulier
2595 5369 2934 5441 respondens
2980 5350 3224 5426 clamat:
3273 5370 3343 5425 Et
3370 5370 3501 5427 deos

296 5436 356 5490 ἆκ
401 5440 503 5511 τῆς
541 5445 686 5516 τῆς·
739 5449 923 5522 ἐπειδὴ
979 5451 1087 5524 γάρ
1145 5452 1392 5509 ἐϐούλετο
1446 5456 1843 5529 ἐκτραχηλίσαι

248 5566 255 5573 ,
303 5535 546 5600 πιντοίως
578 5538 669 5594 τὸν
708 5540 876 5611 ἄνδρα
917 5545 1267 5616 συναρπάσας
1310 5549 1340 5601 ό
1380 5546 1641 5616 διάϐολος,
1685 5542 1833 5605 ἐπεὶ·

363 5714 399 5744 ⁸³
432 5714 463 5770 ι
516 5716 641 5790 Reg.
675 5734 865 5790 xxviii,
923 5722 1007 5779 l3.

1933 5459 2036 5514 uidi
2064 5459 2397 5516 ascendentes
2428 5476 2456 5515 e
2489 5470 2651 5518 terra.
2686 5461 2822 5518 Cum
2863 5461 3008 5519 enim
3044 5461 3222 5520 modis
3242 5460 3497 5519 omnibus

1933 5552 2108 5609 virum
2128 5552 2460 5626 praecipitem
2481 5567 2640 5624 agere
2664 5554 2722 5612 in
2747 5555 2929 5612 animo
2970 5553 3494 5617 haberetdiabolus.
