3962 6202
237 275 350 331 033

1136 276 1224 332 DE
1255 273 1851 333 ENGASTRIMYTHO
1890 274 2172 336 CONTRA
2209 279 2582 341 ORIGENEMi

3358 282 3464 339 θδι

234 392 369 446 τότε
397 389 474 462 μὴ
490 393 873 463 προσκυνήσας
894 392 969 456 ὡς
998 392 1213 465 ἰδιώτης
1236 393 1479 465 ἄρχοντι,
1496 393 1591 447 νῦν
1605 394 1670 448 ἐκ
1694 394 1803 447 τῶν

1908 395 2131 465 adorat;
2160 415 2285 454 cum
2312 417 2444 457 vero
2468 403 2642 457 virum
2671 410 2867 456 rectum
2906 397 3159 469 intelligit
3181 396 3465 456 ascenden-

237 482 506 537 ἐναντίων
531 483 560 535 6
588 481 839 552 βασιλεὺς
887 484 1210 539 ἰδιωτεύοντι
1247 487 1568 556 προσκυνεί;
1609 484 1804 555 Τρίτον

239 575 345 628 ἐπὶ
369 576 569 637 τούτοις
593 574 704 645 ἐχω
730 574 929 645 λέγειν,
958 576 1010 629 τί
1038 576 1233 647 δήποτε
1262 576 1434 643 θεοὺς
1456 577 1806 631 ἀναϐαίνον-

236 652 361 732 τας(
402 665 663 730 ἀκούσας,
693 666 866 721 οὐδενὶ
903 667 1108 721 τούτων
1157 668 1590 739 προσεκύνησεν·
1631 668 1721 721 ὅτε
1746 666 1805 721 δὲ

236 756 354 809 τὸν
373 755 561 824 ἄνδρα
586 755 786 824 ὄρθιον
807 758 1042 827 ἀκήκοεν
1064 758 1489 825 ἀναϐεϐηκότα,
1508 755 1806 828 τηνικαῦτα

233 848 625 917 προσκυνήσας
655 845 926 916 ὑπέκυψες
962 847 1072 900 Καὶ
1108 845 1235 917 μὴν,
1270 845 1347 909 ὡς
1397 844 1672 917 Ὦριγένης
1703 845 1809 897 ἀπ-

229 938 480 1007 εφήνατο
504 937 811 1009 τολμηρῶς,
843 937 1001 1010 εἴπερ
1023 937 1240 1007 ἄγγελοί
1266 953 1410 1001 τινες
1434 932 1572 1007 ἦσαν
1599 937 1662 989 ἐκ
1681 935 1807 989 τού-

230 1047 350 1083 των
388 1028 425 1098 ἢ
463 1030 617 1101 χοροὶ
648 1029 963 1102 προφητῶν,
1009 1030 1112 1083 ἔδει
1156 1032 1267 1093 τοῖς
1317 1029 1621 1101 κρείττοσιν
1675 1030 1808 1082 ύπο-

233 1122 436 1191 κύψαι.
485 1121 694 1177 Οὐκοῦν
731 1126 797 1177 ἐκ
826 1124 1040 1178 πάντων
1074 1122 1209 1196 ὁμοῦ
1230 1122 1339 1176 τῶν
1367 1122 1543 1195 ἔργων
1567 1121 1808 1193 εὐχερῶς

232 1214 389 1268 ἐστιν
442 1211 589 1278 ίδεῖν,
623 1215 704 1268 δτι
739 1215 832 1269 τὸν
856 1214 1095 1286 ἡγεμόνα
1132 1214 1230 1285 μὲν
1267 1213 1389 1268 νοῦν
1421 1213 1754 1283 ὲτύφλωττεν
1779 1214 1808 1266 6

233 1306 437 1373 Σαοὺλ,
456 1308 561 1361 ὑπὸ
578 1306 673 1360 τοῦ
694 1307 943 1379 δαίμονος
964 1307 1333 1378 ἐλαυνόμενος·
1354 1309 1382 1361 6
1401 1306 1459 1361 δὲ
1474 1305 1715 1369 διάϐολος
1728 1306 1810 1369 είς

231 1396 530 1469 διαφόρους
555 1397 872 1469 ἐξήλλαττεν
900 1397 1088 1451 ἑαυτὸν
1108 1397 1270 1461 ἰδέας,
1299 1396 1403 1449 ὑπὸ
1422 1394 1517 1449 τοῦ
1545 1395 1808 1450 δυνάστου

234 1489 683 1560 προσκυνηθῆναι
745 1488 1281 1560 πραγματευόμενος,
1350 1488 1436 1541 ἴνα
1500 1490 1568 1541 ἐκ
1620 1485 1809 1541 τούτου

236 1580 522 1645 πλείστους
534 1583 692 1644 ὅσους
711 1581 1024 1654 ἐξαπατήσῃ
1040 1580 1338 1651 λεληθότως
1352 1580 1823 1650 ὑποκύπτωνίδ⁹⁶⁹)

238 1672 409 1743 αὐτῷ.
434 1671 626 1726 Καίτοι
655 1688 718 1740 γε
743 1671 801 1724 δὲ
834 1669 897 1742 [Ῑ.
920 1671 1006 1743 δὴ]
1031 1672 1091 1724 ού
1117 1671 1267 1737 ξένον
1289 1673 1434 1724 ἐστὶν
1463 1673 1654 1737 εἰπεῖν,
1676 1671 1811 1723 ὅπου

1908 496 2030 550 rem,
2061 495 2192 546 tunc
2222 505 2290 545 eo
2310 491 2537 548 adorato
2558 491 2711 546 humi
2740 507 2801 547 se
2826 490 3059 546 stravit?
3084 490 3150 545 Et
3177 498 3380 558 tamen,
3407 507 3467 550 ut

1906 574 2169 648 Origenes
2228 580 2396 636 nimis
2448 580 2710 637 audacter
2767 580 3169 643 determinavit,
3217 582 3264 636 si
3290 586 3465 653 angeli

1907 666 1983 721 illi
2009 669 2093 723 vel
2121 669 2274 724 chori
2326 672 2715 741 prophetarum
2749 669 3004 733 fuissent,
3048 670 3153 741 ipsi
3211 679 3469 742 tanquam

1906 761 2313 828 praestantiores
2336 770 2492 816 erant
2532 762 2815 818 adorandi.
2866 760 3032 831 Igitur
3059 762 3144 817 his
3169 761 3331 819 rebus
3355 779 3470 819 om-

1906 848 2067 904 nibus
2120 850 2283 905 simul
2336 852 2736 916 consideratis,
2780 852 2939 907 facile
2995 859 3081 907 est
3132 852 3470 923 intelligere,

1909 938 2088 996 Saulis
2115 957 2147 996 a
2185 942 2429 999 daemone
2476 946 2651 1000 vexati
2684 944 2984 1015 principem
3029 942 3223 998 anima:
3257 952 3470 1014 partem

1908 1032 2247 1100 caicutiisse;
2292 1033 2571 1089 diabolum
2613 1051 2743 1091 \ero
2768 1036 2823 1089 in
2859 1037 3036 1090 varias
3065 1033 3267 1090 formas
3298 1047 3475 1090 muta-

1910 1132 2022 1178 tum
2048 1165 2062 1186 ,
2113 1125 2241 1180 dum
2276 1140 2306 1179 a
2337 1143 2462 1198 rege
2494 1127 2708 1182 adorari
2737 1126 2926 1190 ambit,
2960 1135 3016 1180 ut
3048 1127 3474 1198 quamplurimos

1910 1213 2144 1280 falleret,
2198 1217 2569 1274 adorationem
2602 1219 2707 1274 sibi
2740 1221 3025 1275 adstruere
3068 1220 3326 1277 voluisse.
3358 1220 3474 1278 lioc

1909 1322 2041 1363 sane
2066 1310 2291 1366 minime
2342 1313 2539 1366 mirum
2572 1320 2679 1377 est,
2730 1327 2832 1368 nec
2887 1319 3084 1382 praeter
3116 1316 3475 1384 exspectatio-

1910 1414 2075 1455 nem:
2130 1416 2255 1456 nam
2307 1404 2412 1458 etsi
2445 1402 2651 1460 Christi
2698 1419 2933 1474 persona
2961 1415 3273 1475 conspecta,
3310 1421 3474 1477 quem

1910 1489 2058 1547 intus
2079 1507 2136 1548 re
2156 1499 2210 1547 et
2239 1495 2559 1563 operatione
2591 1494 2759 1551 Deum
2787 1497 2854 1564 “,
2892 1503 3197 1568 naturaque
3229 1496 3321 1551 Dei
3351 1497 3476 1568 legi-

1912 1580 2103 1635 timum
2139 1581 2336 1639 Filium
2391 1585 2630 1652 videbat,
2681 1585 2902 1643 homine
2939 1602 3097 1657 puro,
3131 1587 3473 1659 incorrupto,

1912 1671 2079 1727 nullis
2133 1674 2390 1730 sordibus
2434 1677 2832 1732 commaculato
2874 1677 3293 1746 circumdatum,
3324 1689 3478 1734 extra
3574 1664 3589 1675 ‘

236 1779 301 1829 γε
330 1764 427 1815 καὶ
470 1761 532 1815 τὸ
560 1760 654 1814 τοῦ
684 1761 922 1834 Χριστοῦ
955 1761 1246 1835 πρόςωπον
1274 1760 1503 1825 εἰσιδὼν,
1537 1761 1682 1833 ἔργῳ
1721 1762 1807 1833 μὲι

1918 1779 2046 1820 vero
2067 1768 2326 1836 templum
2358 1769 2806 1838 pulcherrimum,
2831 1779 3227 1835 consecratum,
3256 1772 3481 1828 inviola-

235 1854 446 1907 ἔνδοθεν
467 1851 612 1925 ἐώρα
638 1854 731 1907 καὶ
748 1854 941 1923 πράξει
961 1853 1111 1918 Θεὸν,
1134 1854 1229 1907 καὶ
1252 1853 1408 1923 φύσει
1430 1852 1564 1907 Θεοῦ
1584 1855 1806 1925 γνήσιον

236 1942 390 2005 Υἰὸν,
424 1941 711 2013 ἄνθρωπον
743 1942 799 1996 δὲ
828 1942 1064 2015 καθαρὸν
1083 1982 1100 2006 ,
1138 1943 1436 2014 ἄχραντον,
1478 1943 1806 2016 ἀκηλίδωτον

225 2034 490 2099 ἐξωτάτω
544 2033 921 2106 περικείμενον
955 2033 1291 2099 ἐποπτεύων,
1320 2036 1435 2099 ζκαὶ
1462 2034 1591 2090 ναοῦ
1620 2034 1806 2105 χρῆμα

231 2124 597 2197 περικαλλὲς,
650 2125 1057 2196 ἀφιερωμένον,
1108 2124 1400 2195 ἀσύλητον,
1448 2126 1599 2180 οὐδὲν
1645 2121 1806 2197 ἦττον

223 2216 579 2289 ἐκπειράζων
603 2217 762 2271 αὑτὸν
786 2217 1018 2289 ἀμελητὶ
1047 2217 1271 2290 προσείη
1292 2219 1352 2288 (ι.
1378 2217 1650 2289 προσῄει),
1685 2217 1804 2270 θεο-

230 2308 427 2380 μαχῶν
443 2307 726 2371 εἰωθότως·
747 2308 821 2371 ὼς
839 2308 916 2375 δὲ,
936 2308 1004 2362 τὰ
1025 2309 1218 2380 πρῶτα
1239 2312 1332 2363 καὶ
1353 2310 1420 2365 τά
1434 2310 1659 2382 δεύτερα
1683 2310 1804 2365 καθ’

224 2400 428 2454 ἑαυτοῦ
458 2399 952 2471 προκαλεσάμενος,
980 2400 1187 2472 ἡττήθη
1214 2403 1418 2473 ραγεὶς,
1448 2402 1628 2465 ἄθλιος
1650 2399 1806 2468 αὖθις

227 2494 312 2556 είς
356 2492 483 2547 ἄλλο
523 2491 862 2561 μεταλλάξας
898 2487 1031 2563 ἦθος
1054 2532 1069 2557 ,
1104 2492 1480 2547 ὑποδεικνύναι
1517 2494 1616 2565 μὲν
1657 2494 1806 2565 αὐτῷ

232 2586 417 2640 πᾶσαν
445 2584 543 2655 τὴν
573 2583 727 2638 τοῦδε
754 2583 848 2638 τοῦ
880 2584 1083 2656 κόσμου
1111 2585 1454 2658 περιγραφὴν
1481 2585 1803 2658 ἐπεχείρησε

235 2676 335 2733 καὶ
379 2674 479 2738 τὰς
520 2673 796 2744 βασιλείας
836 2675 1036 2746 αὑτῆς,
1082 2676 1309 2747 ἀπονοία
1361 2677 1418 2731 δὲ
1461 2677 1555 2732 καὶ
1600 2677 1804 2751 ψευδη-

234 2765 401 2837 γορίᾳ
438 2764 833 2837 θρασυνόμενος
870 2766 1182 2837 ἐκόμπαζε·
1245 2766 1432 2823 Ταῦτα
1470 2767 1666 2824 πάντα
1704 2785 1803 2825 σοι

230 2856 440 2917 δώσω.
481 2857 588 2913 ἐὰν
628 2856 833 2911 πεσὼν
881 2860 1314 2931 προσκυνήσῃς
1362 2880 1485 2931 μοι.
1538 2864 1805 2931 Τοιαύτας

235 2948 341 3019 μὲν
385 2944 477 3003 οὖν
521 2951 551 3003 6
592 2949 796 3021 ἀσεϐὴς
845 2950 1043 3023 ἔρρηξε
1096 2951 1253 3024 δεῦρο
1300 2954 1510 3022 φωνάς,
1561 2956 1803 3027 οἰόμενος

233 3044 319 3104 εἰς
370 3040 540 3112 ὀργὴν
588 3042 988 3097 ἐκκαλέσασθαι
1031 3043 1100 3097 τὰ
1138 3044 1237 3115 τῆς
1276 3045 1626 3112 ἀνεξικακίας
1673 3049 1801 3122 ἤθη,

1911 1860 2061 1923 tum;
2125 1858 2481 1915 nihilominus
2536 1860 2606 1915 ad
2670 1862 2820 1916 illum
2881 1862 3146 1918 accedens
3193 1877 3476 1933 perperam

1913 1946 2177 2010 tentabat,
2235 1962 2338 2001 suo
2394 1949 2555 2004 modo
2587 1957 2641 2006 et
2689 1966 2841 2007 more
2870 1967 3104 2022 pugnam
3132 1951 3241 2007 Deo
3297 1953 3478 2008 intenn

1911 2039 2072 2095 dens.
2108 2037 2211 2093 Ubi
2239 2054 2369 2094 vero
2404 2041 2601 2095 iterum
2656 2049 2820 2112 atque
2861 2044 3057 2098 iterum
3103 2051 3293 2098 contra
3317 2059 3376 2100 se
3408 2042 3477 2099 ad

1911 2146 2143 2202 pugnam
2173 2146 2477 2201 provocans
2507 2132 2754 2190 devictus
2811 2142 2915 2200 est,
2942 2135 3138 2189 misere
3171 2135 3475 2205 disruptus,

1910 2238 2049 2277 nova
2079 2223 2183 2278 sibi
2209 2224 2387 2293 specie
2412 2223 2606 2289 ascita,
2641 2226 2955 2280 universum
3005 2235 3270 2281 terrarum
3303 2227 3479 2283 ambi-

1911 2321 2026 2367 tum
2047 2320 2102 2368 et
2130 2328 2291 2383 regna
2318 2322 2597 2369 ostentare
2631 2329 2839 2382 ausus;
2870 2316 3104 2369 amentia
3149 2315 3478 2371 mendaciis-

1909 2419 2016 2473 que
2040 2402 2363 2472 superbiens
2408 2402 2647 2471 iactabat
2683 2422 2695 2456 :
2735 2402 2862 2457 ιιητ
2891 2404 3068 2457 omnia
3114 2403 3212 2457 tibi
3241 2402 3399 2467 dabo,
3429 2406 3479 2459 εί

1911 2493 2101 2549 cadens
2142 2495 2442 2549 adorareris
2467 2512 2545 2550 me
2576 2496 2642 2549 ³ο.
2676 2494 2894 2551 Similes
2934 2496 3023 2550 hic
3084 2495 3284 2566 impius
3314 2512 3478 2554 voces

1908 2588 2109 2652 emisit,
2160 2602 2226 2642 eo
2277 2588 2460 2642 animo
2515 2595 2571 2642 ut
2618 2588 2673 2642 in
2709 2589 2845 2642 iram
2901 2588 3244 2644 clementiam
3294 2589 3471 2660 ipsam

1910 2686 2271 2748 promi-aret;
2309 2694 2418 2748 quo
2438 2678 2714 2734 videretur
2740 2678 2956 2749 aggredi
2991 2680 3338 2751 imparatum.
3376 2678 3479 2737 Ve-

1910 2788 2029 2827 rum
2063 2772 2352 2827 tolerantia
2378 2771 2628 2826 malefico
2670 2772 2925 2839 danuoni,
2958 2782 3017 2827 ut
3046 2773 3156 2830 Deo
3185 2775 3479 2833 convenie-

1908 2865 2020 2928 bat,
2056 2862 2328 2919 silentium
2357 2865 2636 2931 imposuit.
2690 2862 2874 2920 Solius
2901 2865 3102 2937 quippe
3156 2865 3248 2922 Dei
3273 2874 3358 2922 est
3394 2876 3479 2923 to-

1909 2956 2148 3011 leranler
2201 2957 2385 3011 omnia
2449 2957 2608 3012 ferre.
2643 2954 2702 3010 Si
2759 2956 2923 3027 igitur
2948 2957 3050 3028 ipsi
3088 2957 3314 3014 Domino
3347 2959 3478 3015 talia

1908 3047 2057 3103 effari
2092 3063 2284 3119 parum
2341 3048 2417 3102 illi
2450 3064 2594 3103 curae
2646 3049 2763 3117 fuit,
2793 3050 3069 3120 quomodo
3126 3049 3476 3107 manifestum

235 3130 334 3183 καὶ
356 3128 444 3182 διὰ
469 3131 561 3184 τοῦ
602 3131 807 3185 τοιοῦδε
848 3132 1023 3186 δοκεῖν
1063 3134 1545 3205 ἐπιλαμϐάνεσθαι·
1606 3120 1807 3212 μακρο-

1911 3157 2020 3197 non
2045 3140 2149 3195 erit
2170 3157 2279 3196 non
2310 3142 2494 3197 minus
2526 3141 2647 3211 ipso
2676 3141 2785 3198 Deo
2815 3143 3188 3198 adorationem
3222 3144 3476 3199 ambien-

234 3223 409 3295 θυμία
453 3224 509 3277 δὲ
553 3224 878 3291 κατεσίγασε
935 3225 1026 3278 τὸν
1078 3226 1353 3300 ἀλάστορα
1427 3228 1745 3302 θεοπρεπῶς
1775 3236 1804 3287 6

234 3313 462 3385 Κύριος·
511 3316 639 3371 ἴδιον
690 3316 798 3388 γὰρ
838 3317 904 3371 ἂν
962 3317 1046 3388 εἴη
1084 3318 1203 3389 Θεῷ
1248 3321 1422 3375 πάντα
1467 3323 1803 3389 ἀνεξικάκως

238 3406 445 3477 φέρειν.
498 3408 559 3462 Ei
603 3409 781 3463 τοίνυν
831 3410 981 3481 αύτῷ
1022 3411 1098 3483 τῷ
1140 3412 1329 3485 Κυρίῳ
1370 3415 1592 3468 τοιαῦτα
1634 3434 1800 3488 προσ-

232 3500 379 3551 οἷααι
428 3501 645 3571 ῥήματα
693 3501 821 3573 παρ’
854 3501 1005 3555 οὐδὲν
1039 3504 1311 3574 ἡγήσατο,
1385 3505 1502 3569 πῶς
1541 3507 1641 3560 οὐκ
1680 3507 1793 3561 ἔστι

1908 3238 2015 3288 tem
2054 3233 2146 3287 illa
2200 3232 2483 3288 tentasse?
2511 3232 2623 3287 Hoc
2670 3233 2762 3303 qui
2793 3249 2941 3289 sana:
2970 3235 3168 3289 mentis
3201 3242 3329 3289 sunt
3366 3250 3479 3289 om-

1908 3339 2004 3379 nes
2042 3322 2199 3378 facile
2228 3324 2552 3393 intelligunt,
2580 3338 2611 3376 a
2638 3323 2881 3380 daemone
2913 3340 3008 3394 per
3034 3324 3292 3380 furiosam
3328 3325 3476 3380 illam

1904 3413 2184 3469 mulierem
2230 3413 2535 3468 dementem
2579 3428 2759 3483 regem
2804 3412 3092 3485 deceptum
3146 3424 3342 3486 printer
3384 3416 3478 3488 jus

1901 3523 2020 3563 sese
2051 3506 2364 3562 inclinasse.

232 3593 431 3662 σαφὲς,
462 3597 543 3649 ὅτι
578 3596 992 3668 προσκυνεῖσθαι
1024 3597 1343 3669 βουλόμενος
1396 3599 1486 3654 ἴσα
1512 3601 1629 3672 Θεῷ
1672 3602 1843 3657 ταῦτα
1873 3602 2251 3675 διεπράττετο;
2276 3599 2444 3655 Τοῦτο
2469 3599 2585 3670 μὲν,
2611 3593 2783 3671 οἶμαι,
2810 3600 2922 3663 τοῖς
2943 3593 3001 3652 εὖ
3023 3592 3276 3669 φρονοῦσι
3306 3597 3477 3656 κατά·-

230 3706 419 3761 ιρωρον
441 3691 671 3764 ὑπάρχει
690 3695 870 3759 πᾶσιν,
887 3694 1069 3748 ὅτιδιά
1085 3697 1337 3764 γυναικὸς
1353 3698 1902 3771 ἐμμανοῦςὴπάτησε
1931 3697 2022 3752 τὸν
2044 3696 2279 3767 ἐκψρονα
2308 3693 2577 3767 δυνάστην
2602 3692 2877 3763 ὑποκῦψαι
2905 3691 3052 3763 αὑτῷ
3076 3693 3224 3766 παρὰ
3250 3693 3312 3748 τδ
3336 3694 3478 3750 δέον.

305 3804 401 3861 XI.
442 3807 561 3859 Ἔτι
593 3808 649 3861 δὲ
687 3808 1008 3879 διαληπτέον
1046 3809 1186 3865 αὐτὰ
1226 3811 1296 3865 τὰ
1335 3813 1544 3879 τούτοις
1582 3813 1801 3868 ὑποκεί-

234 3916 382 3971 μενα
424 3897 675 3969 καθεξῆς.
730 3900 818 3964 Ὦς
862 3896 955 3954 οὖν
992 3901 1022 3953 6
1051 3902 1222 3955 Σαοὺλ
1253 3904 1545 3976 ὑπεκλίνθη
1594 3905 1670 3975 τῷ
1698 3906 1802 3975 φά-

1971 3811 2063 3868 ΧΙ.
2119 3810 2492 3866 Examinanda
2551 3809 2679 3866 item
2733 3817 3019 3878 suntquae
3066 3807 3229 3864 dictis
3283 3809 3478 3867 ordine

1901 3906 2219 3960 continuato
2278 3904 2602 3959 subduntur.
2656 3898 2725 3955 Ut
2781 3897 2913 3953 Saul
2971 3898 3121 3953 humi
3184 3901 3475 3971 procubuit

234 4006 408 4062 σματι
451 3992 852 4063 προσκυνήσας,
889 3987 1045 4057 αὖθις
1090 3993 1436 4067 ὑποκρίνεται
1481 3996 1803 4051 πεπονθέναι

1908 3995 2130 4052 adorato
2153 4004 2391 4067 spectro,
2409 3996 2587 4050 denuo
2615 3992 2838 4047 dolosus
2859 3990 2969 4058 ille,
3001 3988 3270 4047 Samuelis
3299 3990 3474 4049 forma

235 4083 364 4155 βίαν
427 4087 456 4138 6
507 4084 838 4156 δολομήτης,
907 4089 989 4151 είς
1039 4087 1099 4140 τὸ
1153 4089 1337 4160 σχῆμα
1400 4088 1495 4142 τοῦ
1555 4090 1805 4162 Σαμουὴλ

1908 4097 2206 4160 assumpta,
2236 4088 2344 4142 vim
2372 4086 2575 4158 perpeti
2606 4084 2786 4154 fingit;
2840 4090 3027 4153 postea
3050 4099 3144 4153 per
3165 4084 3478 4141 dissimula-

233 4176 482 4248 ἀμείψας
528 4176 740 4230 ἑαυτόν·
790 4175 909 4231 εἶτα
953 4178 1092 4249 μετά
1131 4180 1412 4252 εἰρωνείας
1452 4182 1804 4255 ἀποκρίνεται

1908 4180 2111 4235 tionem
2129 4179 2395 4247 vultuque
2408 4175 2671 4230 mmstiori
2689 4173 2983 4243 respondet
3004 4193 3016 4227 :
3055 4171 3249 4245 Ulquid
3267 4185 3474 4245 pertur-

235 4269 723 4341 σκυθρωπότερον·
780 4270 964 4325 Ἰνατί
1023 4272 1503 4342 παρηνώχλησάς
1540 4292 1637 4343 με,
1692 4273 1804 4344 φά-

1908 4269 2048 4325 basti
2105 4286 2207 4333 me,
2243 4267 2455 4330 dicens,
2508 4264 2748 4334 faciendo
2801 4279 2881 4317 me
2909 4263 3185 4319 ascendere
3216 4265 3301 4318 ιιι
3350 4263 3473 4320 Haec

233 4376 409 4415 σκων
460 4361 790 4429 ἁναϐἦναι;
827 4361 1013 4418 Ταῦτα
1057 4364 1114 4418 δὲ
1150 4365 1512 4437 πλαττόμενος
1557 4367 1805 4438 ἀπαρεμ-

1908 4359 2036 4415 dum
2073 4359 2311 4422 simulat,
2346 4358 2571 4412 innuere
2620 4357 2791 4412 voluit
2823 4355 3122 4420 indefinite,
3172 4356 3471 4412 daemonem

234 4451 427 4522 φάτως
484 4450 734 4505 ἐϐούλετο
795 4452 1082 4524 σημαίνειν
1100 4493 1116 4520 ,
1175 4454 1258 4508 ὅτι
1318 4456 1410 4509 καὶ
1464 4454 1663 4510 ἄκοντα
1712 4456 1805 4510 τὸν

1908 4462 2070 4519 posse
2125 4446 2440 4518 prophetam
2483 4446 2609 4501 licet
2656 4446 2888 4500 invitum
2944 4460 3194 4510 evocare,
3232 4453 3473 4516 potesta-

235 4544 527 4615 προφήτην
571 4543 601 4595 6
640 4542 848 4614 δαίμων
904 4545 1131 4616 ἠδύνατο
1179 4546 1654 4619 μεταπέμπεσθαι,
1710 4547 1805 4602 καὶ

1908 4546 2123 4611 temque
2148 4539 2203 4594 in
2226 4554 2350 4594 eum
2400 4537 2621 4593 habere.
2674 4535 2741 4591 Et
2774 4537 2936 4592 modo
2966 4537 3041 4591 ita
3089 4537 3336 4592 nonnulli
3368 4552 3474 4592 cae-

235 4633 364 4687 κατ⁹
398 4632 564 4687 αὑτοῦ
607 4633 865 4707 τοιαύτην
905 4634 1047 4707 ἔχειν
1086 4634 1352 4701 ἐξουσίαν.
1383 4633 1516 4691 Εἶτα
1554 4636 1804 4692 τοσοῦτον

1908 4632 2139 4697 cutiunt,
2171 4638 2233 4686 ut
2272 4630 2577 4702 intelligere
2603 4637 2895 4700 nequeant,
2942 4643 3134 4685 omnes
3176 4629 3266 4699 qui
3291 4629 3475 4686 animo

234 4724 635 4797 ἁμδλυωποῦσί
676 4743 850 4792 τινες,
886 4727 963 4792 ὡς
1000 4729 1061 4782 ού
1090 4728 1344 4783 δύνασθαι
1374 4732 1535 4793 νοεῖν,
1564 4729 1645 4783 ὅτι
1680 4730 1806 4795 τοὺς

234 4814 500 4885 δαίμονας
540 4818 598 4870 ἐν
632 4815 711 4887 τῷ
743 4816 873 4890 θείῳ
912 4818 1303 4888 φυγαδεύουσιν
1342 4819 1565 4890 ὀνόματι
1606 4821 1807 4884 πάντες

235 4911 294 4962 οἱ
329 4908 398 4962 τά
434 4908 526 4962 τοῦ
562 4908 800 4981 Χριστοῦ
845 4910 1163 4983 φρονοῦντες
1211 4912 1547 4983 εἰλικρινῶς,
1585 4913 1704 4984 οὐχὶ
1745 4911 1802 4965 δὲ

235 5000 552 5055 τούναντίον
585 5001 662 5065 ὡς
696 5002 1044 5072 ὑποκείμενοι
1079 5001 1287 5067 τούτοις
1324 5004 1547 5067 ἄκοντες
1582 5002 1804 5058 ἀναόαί-

234 5108 427 5145 νουσιν
466 5092 528 5157 ἐξ
562 5092 708 5163 ᾅδου,
737 5094 1215 5166 μεταπεμπόμενοι
1240 5096 1377 5168 πρὸς
1409 5095 1610 5149 αὐτῶν.
1649 5096 1713 5149 El
1744 5093 1801 5148 δέ

232 5200 327 5247 τις
379 5184 550 5236 οἴεται
601 5185 661 5238 τὸ
701 5186 797 5257 τῆς
847 5185 1283 5260 ἐγγαστριμύθου
1338 5186 1610 5258 δαιμόνιον
1659 5185 1805 5239 οὐδε-

238 5274 464 5329 πώποτε
508 5274 932 5344 φυγαδεύεσθαι,
976 5275 1210 5349 προῦχον
1242 5278 1495 5332 ἁπάντων
1527 5275 1662 5347 ὁμοῦ
1698 5275 1805 5328 τῶν

1899 4740 2036 4795 puro
2059 4724 2385 4794 sineeroque
2404 4736 2471 4778 ea
2500 4734 2622 4791 qua:
2644 4719 2851 4775 Christi
2883 4729 3010 4775 sunt
3040 4717 3381 4789 profitentur,
3416 4720 3473 4775 in

1899 4816 2080 4875 divino
2106 4817 2326 4874 nomine
2347 4814 2615 4873 daemonia
2640 4813 2870 4884 ejicere;
2912 4820 2967 4867 at
2996 4827 3105 4867 non
3162 4827 3229 4867 ex
3252 4826 3474 4869 contra-

1897 4911 1982 4966 rio
2002 4909 2072 4965 ab
2095 4909 2205 4965 illis
2227 4908 2431 4964 invitos
2452 4906 2645 4977 jussos
2686 4902 2981 4959 ascendere
3004 4902 3073 4958 ab
3094 4900 3304 4968 inferis,
3329 4916 3394 4956 ac
3421 4902 3468 4958 si

1898 5000 1980 5057 eis
2003 4998 2236 5068 subjecti
2267 5004 2472 5052 essent.
2522 4993 2727 5049 Verum
2787 4993 2833 5048 si
2864 4992 2990 5063 quis
3028 4991 3307 5049 existimat
3364 4991 3474 5048 daa-

1899 5092 2140 5147 monium
2179 5086 2624 5161 engastrimythi,
2649 5100 2773 5140 cum
2806 5084 3020 5140 caeteris
3049 5084 3171 5140 aliis
3219 5083 3470 5155 superius

1901 5184 1996 5249 sit,
2025 5198 2131 5238 non
2183 5195 2346 5252 posse
2373 5179 2508 5234 verti
2542 5179 2600 5233 in
2632 5177 2835 5248 fugam,
2889 5183 3143 5231 recurrat
3180 5177 3249 5231 ad
3298 5176 3471 5233 Actus

1900 5274 2264 5344 apostolorum
2289 5290 2304 5339 ;
2330 5277 2383 5327 et
2407 5271 2499 5326 ubi
2554 5270 2619 5326 ad
2673 5271 2793 5325 loca
2825 5269 3151 5338 pervenerit,
3200 5267 3471 5326 examinet

239 5367 446 5429 ἄλλων,
506 5367 857 5438 ἀναδραμὲτω
915 5370 1012 5439 μὲν
1061 5372 1141 5433 είς
1191 5369 1291 5434 τὰς
1334 5369 1440 5423 τῶν
1494 5368 1802 5423 ἀποστόλων

1908 5376 1968 5420 ut
2005 5382 2159 5422 sacer
2198 5381 2378 5437 praeco
2410 5364 2615 5420 Paulus
2642 5363 2987 5420 errabundus
3014 5360 3293 5434 Philippos
3314 5361 3472 5418 deve-

240 5457 501 5527 Πράξεις,
566 5458 649 5510 ἐπ’
695 5457 871 5513 αὐτῶν
927 5458 986 5512 δὲ
1024 5459 1131 5513 τῶν
1178 5460 1389 5532 χωρίων
1442 5458 1803 5532 ἐμϐατεύσας,

1908 5459 1988 5514 nit
2024 5477 2036 5513 :
2073 5465 2133 5513 ut
2156 5473 2281 5515 vero
2303 5459 2583 5513 mulierem
2630 5455 2851 5512 nomine
2878 5452 3099 5527 Lydiam
3131 5454 3347 5526 pietatis
3378 5469 3468 5510 co-

245 5548 399 5601 ἰδέτω
442 5547 563 5610 πῶς
593 5550 622 5601 6
649 5548 971 5619 περιοδεύων
1017 5550 1301 5621 ίεροκήρυξ
1343 5550 1569 5620 ἀφίκετο
1601 5549 1807 5613 Παῦλος

1919 5551 2157 5624 gnitione
2220 5550 2567 5615 illuminavit,
2617 5549 2749 5605 abiit
2773 5555 2833 5603 ut
2860 5563 3049 5619 preces
3070 5546 3200 5621 .Deo
3227 5548 3467 5607 eﬂunds-

311 5660 358 5692 ²⁹
389 5658 594 5726 Philip.
611 5674 673 5724 ιι,
696 5661 748 5712 ε.
824 5661 868 5693 ³ο
890 5659 1084 5714 Matth.
1112 5677 1184 5726 Iv,
1210 5662 1261 5716 9.
1337 5662 1380 5693 ³¹
1403 5658 1575 5731 IReg.
1608 5676 1798 5728 xmu,
1819 5660 1904 5715 l5.

313 5750 871 5824 (3“)‘1‘m6atw.
916 5751 1075 5809 Forte
1118 5753 1400 5826 legendum
1449 5750 1802 5825 ὑποκύπτειν,

1923 5751 2189 5810 referatur
2213 5750 2280 5809 ad
2311 5747 2588 5814 πλείστους
2620 5750 2794 5814 ὅσους.
2826 5748 2980 5804 Eon.
