3898 6196
659 251 765 308 635

1631 248 1690 304 S.
1731 250 2104 306 EUSTATHII
2144 250 2455 308 EPISCOPI
2495 250 2918 309 ANTIOCHENI

659 374 762 421 ret.
823 361 1027 419 Accidit
1063 371 1238 416 autem
1284 370 1344 414 ut
1376 361 1552 429 puella
1587 362 1847 431 quadam,
1881 364 1976 428 ait,
2030 365 2198 419 haben

2196 382 2221 420 ε
2251 372 2295 428 Α
2323 368 2401 429 εὶς
2435 367 2762 431 Φιλίππουςο
2802 366 2878 429 ὡς
2923 365 2980 419 δὲ
3013 364 3104 437 τὴν
3140 363 3533 435 καλουμένην
3577 364 3732 434 ὲφὼτ

660 455 792 523 spiri
816 470 902 507 um
936 451 1186 520 Pythonis
1209 462 1521 516 occurreret,
1553 470 1668 523 qua:
1693 464 1950 522 qumstum
1977 471 2219 526 magnum

661 543 946 616 praestabat
970 542 1199 596 dominis
1224 544 1336 597 suis
1365 545 1670 599 divinando.
1704 545 1876 614 Igitur
1902 546 2011 599 hare
2043 547 2221 602 subse-

661 646 783 689 cuta
809 633 1036 686 Paulum
1058 641 1106 686 et
1138 650 1252 697 nos,
1293 633 1579 697 clamabat,
1629 634 1803 689 dicens
1828 636 1937 690 sic:
1988 636 2089 690 Isti
2129 637 2223 691 ho-

661 727 822 780 mines
842 726 976 781 serui
994 723 1093 779 Dei
1105 725 1603 791 excelsissimisunt,
1625 728 1712 795 qui
1735 729 2052 782 annuntiant
2074 730 2219 784 nobis

660 817 796 871 viam
833 816 1046 873 salutis.
1072 815 1141 869 Et
1170 816 1266 870 hoc
1293 817 1517 885 faciebat
1534 832 1626 885 per
1642 818 1832 872 multos
1871 819 1981 874 dies
2015 822 2079 874 ".
2115 820 2220 877 Sed

660 911 869 965 daemon
894 909 1255 966 invisibilibus
1290 910 1471 980 ﬂagris
1500 927 1675 968 caesus
1695 914 1882 966 nolens
1907 912 1956 965 vi
1985 912 2221 982 pelleba-

661 1012 751 1055 tur
773 1010 831 1055 ut
860 1001 981 1056 illas
1011 1003 1194 1058 ederet
1217 1019 1397 1059 voces.
1431 1002 1626 1058 Verum
1655 1003 1856 1058 Paulus
1887 1004 2031 1058 illius
2064 1008 2223 1061 testi-

661 1095 846 1148 monio
877 1093 1034 1148 fidem
1072 1109 1181 1148 non
1200 1109 1323 1150 esse
1354 1095 1712 1150 adhibendam
1769 1096 2109 1161 existimans,
2139 1097 2222 1151 id-

659 1200 765 1255 que
792 1187 1113 1249 rectissimc,
1139 1202 1280 1256 aegre
1308 1186 1488 1242 ferens
1518 1187 1654 1242 dixit
1676 1188 1889 1257 spiritui
1917 1209 1929 1244 :
1966 1189 2220 1257 Prwcipio

662 1276 755 1330 tibi
812 1279 865 1331 in
919 1279 1125 1333 nomine
1177 1277 1308 1333 Jesu
1341 1278 1539 1334 Christi
1568 1289 1805 1334 utexeas
1851 1280 1916 1334 ab
1967 1297 2051 1336 ea.
2088 1280 2219 1337 Rem

661 1378 864 1437 gestam
895 1381 1085 1423 auctor
1121 1384 1351 1425 narrans
1369 1371 1555 1425 subdit
1582 1391 1594 1425 :
1619 1371 1685 1425 Et
1714 1374 1840 1428 exiit
1861 1373 2040 1429 eadem
2068 1375 2219 1431 liora.

664 1459 796 1514 Cum
825 1462 1072 1516 vidissent
1101 1479 1223 1532 ergo
1273 1463 1474 1517 domini
1497 1465 1708 1519 ancilla:
1737 1465 1876 1536 quod
1927 1484 2042 1537 spes
2076 1483 2221 1538 qua:-

662 1561 777 1605 stus
801 1551 1014 1605 illorum
1041 1553 1283 1621 funditus
1311 1556 1619 1618 evanuisset,
1664 1557 2036 1626 apprehensum
2075 1557 2224 1613 Pau-

662 1641 771 1695 lum
800 1651 849 1696 et
870 1643 1038 1698 Silam
1060 1653 1336 1700 traxerunt
1365 1648 1418 1700 in
1445 1647 1619 1717 forum
1640 1649 1708 1702 ad
1739 1651 1995 1718 principes
2016 1651 2093 1718 ³³;
2127 1652 2221 1722 qui

662 1733 877 1790 illorum
901 1736 1191 1793 calumniis
1239 1739 1504 1793 seditione
1538 1749 1655 1795 orta
1687 1741 1903 1809 injuriis
1951 1744 2092 1798 male
2122 1743 2222 1798 ha-
2252 1778 2295 1833 Β

661 1822 759 1878 biti
782 1826 1069 1897 plagisque
1094 1830 1217 1883 caasi
1258 1838 1404 1886 sunt.
1446 1829 1614 1901 Igitur
1665 1831 1710 1886 si
1745 1831 1946 1889 Paulus
1967 1834 2220 1903 spiritum

664 1915 950 1987 increpans
984 1921 1129 1975 illico
1186 1920 1483 1992 Pythonem
1511 1922 1719 1993 depulit
1747 1925 1865 1995 ipso
1920 1927 2026 1981 ietu
2055 1927 2219 1990 oculi,

659 2017 715 2063 et
746 2009 969 2079 spiritus
994 2019 1262 2081 potestate
1290 2014 1438 2068 verbi
1470 2014 1701 2085 aufugit,
1730 2031 1852 2071 cum
1903 2017 2102 2088 linguae
2134 2035 2224 2074 so-

660 2114 788 2152 num
814 2113 922 2152 non
951 2102 1217 2170 potuisset
1239 2104 1508 2158 sustinere
1533 2147 1546 2169 ,
1588 2104 1735 2158 dicat
1764 2106 1818 2159 in
1849 2116 2093 2176 apertum
2131 2123 2224 2163 ve-

659 2191 818 2245 niens
844 2192 937 2260 qui
973 2192 1119 2245 illam
1167 2194 1491 2248 sententiam
1537 2196 1751 2266 probat,
1788 2212 1897 2267 qua
1940 2199 2224 2268 potestatis

658 2280 711 2333 vi
744 2294 850 2334 una
877 2298 998 2337 cum
1054 2282 1220 2338 Paulo
1269 2286 1587 2340 sentientem
1632 2286 1936 2343 Samuelem
1993 2290 2221 2345 invitum

657 2371 868 2427 daemon
894 2391 1128 2432 evocans
1162 2378 1230 2433 ab
1257 2379 1443 2434 inferis
1465 2380 1649 2435 eduxit
1674 2383 1697 2435 ?
1721 2380 1825 2437 Sed
1861 2383 1996 2436 nihil
2029 2385 2222 2439 horam

658 2465 802 2533 quod
832 2481 1015 2521 verum
1041 2468 1109 2521 sit
1140 2470 1335 2538 poterit
1363 2470 1755 2528 demonstrare.
1783 2473 1858 2527 Ita
1889 2484 1946 2528 ut
1967 2475 2055 2529 hic
2084 2491 2221 2545 quo-

658 2571 764 2625 que
792 2555 934 2611 facili
958 2560 1174 2629 negotio
1203 2560 1500 2631 intelligere
1529 2564 1801 2633 possimus
1819 2565 2221 2621 fraudulentum

660 2650 833 2713 illum,
862 2652 990 2706 dum
1017 2653 1220 2709 diceret
1257 2674 1271 2710 :
1300 2655 1494 2726 thuid
1521 2659 1839 2726 perturbasti
1872 2677 1952 2714 me
1981 2661 2065 2714 ³δῖ
2084 2660 2223 2716 Satt-

659 2739 765 2794 lem
796 2749 1002 2796 mutata
1034 2743 1205 2798 forma
1234 2746 1527 2800 allocutum
1544 2747 1734 2805 fuisse.
1768 2750 2034 2806 lnnuebat
2063 2753 2223 2821 quip-

657 2846 727 2901 pe
756 2848 815 2888 se
852 2849 960 2888 non
993 2851 1091 2890 sua
1118 2837 1419 2901 voluntate.
1459 2840 1554 2894 sed
1612 2841 1839 2895 invitum
1887 2844 2219 2911 ascendisse,

660 2924 966 2991 nolentem,
1016 2928 1335 2984 necessitate
1394 2938 1447 2985 et
1495 2931 1545 2985 vi
1606 2933 1771 2986 veluti
1829 2937 2221 3005 praestantioris

661 3017 885 3087 imperio
909 3027 1158 3073 coactum
1212 3020 1442 3075 missum
1476 3021 1662 3079 fuisse.
1719 3024 1833 3079 Rex
1859 3042 1991 3082 vero
2024 3028 2101 3081 illi
2134 3044 2221 3084 re-

660 3108 879 3175 spondit
926 3127 941 3164 :

658 3215 775 3264 me;
796 3209 845 3254 et
872 3200 1035 3267 Deus,
1068 3205 1163 3266 ait,
1191 3205 1429 3260 discessit
1457 3225 1487 3260 a
1515 3225 1615 3272 me,
1646 3219 1695 3264 et
1724 3227 1827 3265 non
1857 3212 2119 3266 exaudivit
2138 3230 2215 3267 me

659 3289 825 3355 ultra,
850 3292 1009 3345 etiam
1040 3295 1093 3348 in
1124 3312 1282 3350 manu
1317 3300 1685 3367 prophetarum
1711 3310 1759 3355 et
1811 3303 1865 3355 in
1895 3304 2216 3366 somniis;et

662 3396 799 3434 nunc
829 3383 1005 3436 vocavi
1038 3394 1085 3438 te
1112 3384 1181 3438 ad
1215 3387 1594 3458 notiﬁcandum
1619 3391 1745 3445 milii
1773 3392 1897 3461 quid
1928 3394 2124 3461 faciam
2147 3394 2213 3448 ³⁵.

661 3471 856 3528 lterum
889 3474 1052 3546 igitur
1102 3479 1538 3548 respondendum
1594 3490 1678 3537 est
1710 3502 1722 3536 :
1765 3482 1975 3548 Nonne,
2009 3485 2055 3539 si
2090 3499 2215 3555 spe-

659 3564 874 3620 ctabilis
910 3566 997 3622 ille
1021 3566 1237 3624 Samuel
1268 3572 1525 3641 pmpheta
1559 3571 1771 3630 fuisset.
1805 3576 1977 3629 virum
2013 3575 2068 3630 in
2103 3592 2217 3631 me-

660 3653 849 3710 liorem
874 3654 1082 3728 frugem
1113 3659 1229 3713 suis
1256 3659 1475 3714 monitis
1525 3659 1871 3715 reduxisset?
1901 3660 2089 3716 Nonne
2140 3662 2215 3716 illi

657 3747 891 3817 primum
922 3747 1149 3803 dixisset
1176 3768 1193 3806 :
1218 3748 1311 3805 Dic
1342 3750 1497 3815 mihi,
1530 3752 1772 3805 omnium
1801 3752 2078 3807 hominum
2110 3755 2215 3808 mi-

659 3838 905 3902 serrime,
959 3839 1006 3894 si
1050 3841 1364 3911 alienigena:
1389 3842 1653 3896 instructa
1691 3845 1809 3899 acie
1836 3845 2087 3901 cominus
2119 3846 2216 3901 ob-

657 3929 858 3984 vallant
880 3947 1059 4001 pugna
1088 3932 1439 3996 decertaturi,
1474 3934 1517 3989 si
1570 3933 1712 3991 Deus
1740 3935 1995 3991 discessit
2023 3951 2053 3991 a
2083 3946 2134 3993 te
2162 3946 2216 3995 et

656 4020 872 4092 penitus
893 4037 1001 4077 non
1029 4023 1292 4090 exaudiit,
1338 4041 1514 4095 neque
1543 4028 1834 4099 prophetae,
1867 4028 1994 4083 dum
2044 4046 2143 4100 pro
2164 4039 2217 4089 to

658 4109 978 4180 legationem
1027 4114 1281 4180 subeunt,
1312 4114 1608 4186 quidquam
1655 4120 1983 4191 percipiunt,
2044 4138 2217 4193 neque

660 4202 801 4257 inter
824 4204 1200 4261 dormiendum
1223 4221 1400 4278 neque
1452 4211 1590 4265 inter
1619 4212 1952 4284 vigilandum
1985 4216 2112 4284 quid
2136 4216 2217 4270 fa-

624 4295 628 4299 ’
658 4302 745 4348 cto
768 4310 906 4366 opus
939 4295 1009 4352 sit
1029 4296 1371 4366 admoneris;
1403 4315 1580 4356 nonne
1603 4301 1672 4356 ibi
1701 4304 1880 4372 potius
1911 4310 2069 4359 terra:
2099 4322 2217 4375 pro-

657 4386 919 4443 cumbens
949 4385 1112 4443 Deum
1144 4389 1241 4443 tibi
1274 4391 1562 4460 prepitium
1591 4393 1816 4448 reddere
1846 4395 2133 4462 debueras,
2161 4406 2216 4453 et

2323 454 2440 508 δίαν
2462 456 2751 526 ξεύσεὸείας
2781 454 3093 523 ἐπιγνώσει,
3124 453 3475 526 τηνικαῦτα
3512 451 3620 523 μὲν
3649 452 3733 524 ῷχ

2319 547 2485 617 εὐχὰς
2514 548 2774 602 ἀνοίσων·
2826 547 3091 617 Ἐγένετο
3139 547 3221 600 δὲ
3266 545 3639 612 παιδίσκην
3683 548 3734 599 ei;

2321 640 2425 692 σαί
2449 657 2599 702 τινα,
2632 640 2817 711 φησιν,
2849 638 3114 707 ἔχουσαν
3149 638 3426 708 πνεῦμα
3456 638 3734 703 Πύθωνος

2320 731 2604 801 ἐργασίαν
2660 730 2903 801 πολλὴν
2954 732 3235 800 παρέσχε
3289 730 3432 795 τοῖς
3475 731 3718 797 κυρίοις

2314 824 2745 894 μαντευομένη.
2779 825 3095 896 Τοιγαροῦν
3123 825 3299 890 αὕτη
3333 825 3734 877 κατακολουὸ

2323 914 2400 980 τῷ
2423 916 2637 982 Παύλῳ
2673 914 2768 969 καὶ
2792 916 2935 985 ἡμῖν
2961 912 3169 982 ἕκραζε
3200 912 3505 983 λέγουσα
3531 912 3728 976 οὕτως

2322 1009 2375 1059 οἱ
2408 1006 2703 1075 ἅνθρωποι
2749 1007 2958 1061 δοῦλοι
2993 1006 3100 1059 τοῦ
3143 1003 3316 1059 Θεοῦ
3344 1002 3466 1057 τοῦ
3502 1003 3733 1072 ὐψίστο

2322 1098 2538 1163 οἵτινες
2600 1096 3112 1167 καταγγέλλουσιν
3174 1094 3342 1163 ἡμῖν
3404 1094 3567 1147 ὁδὸν
3630 1110 3734 1148 σωι

2322 1188 2433 1242 Καὶ
2469 1188 2625 1242 τοῦτο
2653 1189 2745 1242 ἐπὶ
2771 1188 2969 1252 πολλὰς
3001 1188 3291 1258 ἔπραττεν
3335 1185 3573 1257 ἡμέρας
3596 1202 3610 1215 ο
3645 1184 3734 1239 ἀλ)

2322 1278 2529 1350 δαίμων
2562 1282 2778 1352 ἀοράτῳ
2816 1280 3038 1350 μάστιγι
3073 1279 3572 1350 στρεὸλούμενος,
3602 1278 3734 1332 ᾶκωπ

2324 1371 2517 1436 χάζετο
2560 1373 2811 1437 τοιαύτας
2852 1373 3067 1443 ἀφιέναι
3114 1373 3365 1442 φωνάς’
3416 1373 3450 1423 ὁ
3493 1370 3554 1423 δὲ
3589 1369 3734 1424 Παῦ)

2325 1463 2631 1528 ἀξιόπιστον
2677 1459 2816 1517 εἶναι
2858 1465 2955 1534 τὴν
2999 1462 3221 1516 ἐκείνου
3285 1461 3620 1532 μαρτυρίαν
3665 1461 3734 1512 ὲνπ

2323 1555 2604 1627 ὀρθότατα,
2648 1556 2990 1627 διαπονηθεὶς
3039 1555 3145 1625 ἔφη
3191 1552 3282 1623 τῷ
3328 1551 3654 1622 πνεύματι,
3718 1554 3734 1602 l

2323 1645 2515 1714 τέλλω
2553 1662 2686 1709 σοι,
2744 1646 2937 1715 λέγων,
2986 1646 3057 1698 ἐν
3096 1644 3371 1713 ὀνόματι
3432 1642 3638 1709 Ἰησοῦ
3686 1643 3734 1708 Χ

2323 1734 2587 1800 ἐξελθεῖν
2617 1736 2717 1790 ἀπ’
2751 1735 2962 1803 αὐτῆς.
3012 1729 3149 1788 Εἶτα
3195 1734 3264 1788 τὸ
3300 1736 3555 1805 πρᾶγμα
3588 1733 3734 1804 διηγς

2324 1830 2352 1881 ὁ
2393 1829 2736 1900 συγγραφεὺς
2788 1829 3037 1901 ἐπιφέρει
3069 1846 3082 1857 ·
3147 1829 3269 1883 Καὶ
3336 1826 3613 1895 ἐξῆλθεν
3658 1830 3733 1879 αὐ

2318 1918 2458 1987 ὥρᾳ.
2495 1919 2854 1989 Θεασάμενοι
2886 1915 3001 1974 οὖν
3032 1922 3087 1973 οὶ
3116 1920 3333 1987 κύριοι
3365 1916 3483 1985 τῆς
3515 1921 3734 1985 θεραπο

2320 2012 2399 2077 ὡς
2425 2010 2696 2065 ἐκποδὼν
2717 2010 2903 2081 ᾤχετο
2931 2010 3041 2079 τῆς
3067 2011 3384 2079 ἐργασίας
3423 2009 3632 2063 αὐτῶν
3666 2011 3703 2076 ὴ
3732 2046 3733 2053 η

2319 2102 2729 2171 ἐπιλαϐόμενοι
2773 2101 2879 2155 τὸν
2905 2103 3156 2156 Παῦλον
3201 2105 3311 2155 καὶ
3361 2101 3477 2155 τὸν
3514 2103 3733 2155 Σίλανη

2320 2209 2441 2247 σαν
2478 2195 2567 2259 εις
2598 2192 2713 2261 τὴν
2750 2193 2971 2263 ἀγορὰν
3001 2193 3097 2246 ἐπὶ
3148 2193 3311 2260 τοὺς
3352 2192 3692 2260 ἄρχοντας·

2319 2284 2377 2337 δὲ
2413 2286 2507 2338 καὶ
2542 2284 2774 2355 πληγαῖς
2820 2286 2979 2338 αἴτιοι
3022 2284 3323 2353 γεγόνασι,
3359 2283 3701 2354 συκοφαντίᾳ

2322 2379 2713 2449 ἐπεγείροντες.
2759 2378 2822 2429 Εἰ
2866 2376 3045 2430 τοίνυν
3084 2378 3112 2428 ὀ
3159 2376 3430 2439 Παῦλος,
3475 2376 3734 2445 ὲπιτιμήσ

2322 2475 2622 2541 πνεύματι,
2673 2471 2763 2523 τὸν
2817 2470 2916 2541 μὲν
2967 2470 3323 2541 πυθόμαντιν
3383 2469 3604 2541 ἁθρόως
3663 2467 3734 2531 ὲξὶ

2322 2564 2377 2616 ὲν
2418 2564 2553 2634 αὐτῇ
2591 2566 2656 2633 τῇ
2701 2565 2873 2634 ῥοπῇ,
2917 2562 2977 2615 τὸ
3017 2562 3075 2615 δὲ
3128 2562 3369 2633 πνεῦμα
3418 2565 3489 2633 τῇ
3535 2561 3628 2613 τοῦ
3673 2561 3732 2629 pi,

2321 2654 2622 2726 ἀπέδρασεν
2670 2653 2915 2723 ἐξουσίᾳ,
2979 2653 3054 2724 μὴ
3107 2653 3431 2724 δυνάμενον
3485 2650 3734 2718 ὐποστῆνε

2320 2746 2422 2815 τῆς
2464 2744 2712 2814 γλώσσης
2745 2740 2904 2816 ἦχοψ
2956 2746 3167 2799 εἰπάτω
3206 2744 3432 2817 παριὼν
3489 2746 3571 2807 εὶς
3605 2742 3733 2810 τσᾶμ

2321 2838 2350 2889 ὁ
2385 2836 2464 2908 τῷ
2496 2837 2680 2908 τοιῷδε
2735 2836 3121 2908 συνιστάμενος
3165 2839 3310 2910 ὅρῳ,
3365 2837 3594 2906 Ποταπῇ
3629 2833 3734 2887 δυνά

2323 2930 2490 3002 ἀρετῇ
2545 2928 2637 2982 τὸν
2693 2928 2942 3000 ὁμόδοξον
2991 2928 3068 2999 τῷ
3122 2930 3340 2999 Παύλῳ
3400 2924 3648 2997 Σαμουὴλ
3700 2924 3733 2976 ἄλ

2327 3021 2795 3094 μετακαλούμενος
2843 3024 2871 3075 ὁ
2907 3022 3115 3092 δαίμων
3162 3023 3453 3093 ἀνήγαγεν
3494 3019 3551 3084 ἐξ
3588 3016 3731 3088 ᾷδους

1004 3110 1250 3165 Tribulor
1291 3112 1459 3178 valde,
1491 3123 1540 3169 et
1566 3114 1870 3187 alienigena:
1916 3118 2112 3172 bellant
2159 3120 2213 3173 in
2243 3124 2284 3181 C
2317 3116 2415 3169 οὐκ
2453 3115 2518 3168 ἂν

2192 3137 2213 3173 ιι
2243 3124 2284 3181 c
2317 3116 2415 3169 οὐκ
2453 3115 2518 3168 ἂν
2557 3115 2669 3186 ἔχοι
2709 3115 2978 3169 δεικνύναι
3020 3113 3234 3168 τούτων
3282 3113 3441 3167 οὐδὲν
3484 3109 3683 3182 ἀληθές.
3727 3108 3731 3122 '

2319 3208 2410 3260 καὶ
2448 3205 2537 3259 διὰ
2576 3206 2743 3259 τῶνδε
2793 3206 2934 3277 μάλα
2981 3205 3185 3277 ῥᾳδίως
3225 3206 3380 3259 ἐστὶν
3424 3203 3568 3264 ἰδεῖν,
3604 3201 3679 3252 ὃτι
3720 3215 3732 3266 ι

2320 3298 2745 3370 μορφωσάμενος
2773 3299 2999 3369 ἠγόρευε
3024 3296 3099 3366 τῷ
3127 3296 3310 3349 Σαοὺλ
3332 3298 3363 3349 ὁ
3382 3293 3692 3363 δολομήτης⁶
3730 3290 3731 3297 “

2316 3392 2373 3444 τι
2410 3388 2892 3459 παρηνώχλησάς
2940 3404 3051 3457 pe;
3100 3391 3309 3459 φήσας.
3365 3383 3689 3454 Ἐπῃνίττετο

2316 3483 2397 3535 ὃτι
2424 3481 2575 3551 παρά
2608 3480 2857 3552 βούλησιν
2890 3480 3035 3534 ἄκων
3078 3477 3397 3541 ἀνέϐαινεν,
3433 3475 3491 3527 οὐ
3533 3471 3696 3531 Θέλων,
3729 3498 3732 3515 ~

2316 3572 2529 3645 ἀνάγκῃ
2567 3572 2660 3625 καὶ
2691 3571 2802 3643 βίᾳ,
2830 3571 3079 3643 καθάπερ
3110 3570 3206 3622 ὑπ’
3237 3567 3406 3623 αὐτοῦ
3438 3557 3731 3637 μεταπεμφθί

2316 3664 2409 3719 τοῦ
2465 3666 2770 3737 κρείττονος
2832 3664 3169 3734 ὲπιταχθείς.
3241 3664 3304 3716 Ὀ
3349 3661 3406 3714 δὲ
3460 3657 3731 3722 δυνάστηςπ

2322 3758 2627 3827 υπενέγκας
2673 3757 2806 3829 ἔφη·
2860 3758 3141 3826 Θλίϐομαι
3188 3754 3460 3825 σφόδρα,
3503 3747 3660 3802 καὶοὶ
3685 3742 3729 3793 ἀ.

2317 3854 2496 3919 φυλοι
2523 3848 2891 3918 πολεμοῦσιν
2915 3850 2984 3902 ἐν
3014 3848 3169 3918 ἐμοὶ,
3197 3849 3296 3903 καὶ
3334 3850 3367 3900 ό
3397 3835 3730 3933 Θεὸςῌάρέιζτξ

2317 3941 2499 4010 φησιν,
2534 3941 2633 3995 ἀπ’
2663 3940 2829 4009 ἐμοῦ,
2861 3940 2956 3993 καὶ
2988 3942 3099 3994 οὐκ
3139 3937 3371 4006 ἁκὴκοέ
3387 3952 3501 4006 μου
3529 3930 3618 3990 ἔτι,
3637 3922 3722 3975 ea:

2316 4033 2465 4101 χειρὶ
2498 4030 2617 4085 τῶν
2646 4030 2983 4102 προφητῶν,
3010 4031 3134 4085 οὔτ’
3169 4033 3242 4086 ἐν
3266 4026 3586 4087 mmm-
3611 4013 3730 4068 καιι

2317 4123 2585 4192 κέκληκά
2622 4138 2694 4177 σε
2735 4123 3018 4193 γνωρίσαι
3052 4141 3156 4192 μοι
3198 4124 3258 4176 τί
3294 4117 3528 4185 ποιήσω.
3563 4106 3730 4208 Ιξάξινε

2316 4215 2636 4289 ἀποκριτέον
2661 4233 2674 4245 ·
2734 4216 2797 4269 El
2845 4215 3094 4287 Σαμουὴλ
3137 4217 3166 4269 ὁ
3209 4213 3546 4285 περίϐλεπτος
3587 4201 3730 4292 ὲτξῦηιξ

2318 4286 2615 4379 προφῆτης,
2651 4308 2749 4361 οὐκ
2791 4307 2856 4362 ἂν
2888 4286 3220 4379 ἐσωφρόνισε
3256 4307 3348 4360 τὸν
3384 4301 3532 4373 ἄνδρα
3562 4286 3727 4379 νουθετῡ

2317 4375 2415 4451 ούκ
2439 4375 2512 4452 -ἂν
2547 4375 2698 4452 εἶπεν
2739 4398 2887 4469 αὐτῷ
2924 4399 2984 4451 τὸ
3013 4375 3275 4468 γπρῶτον;
3318 4393 3447 4450 Εἰπέ
3491 4404 3583 4461 μθιν
3630 4375 3728 4448 σχέτ

655 4477 1013 4551 eleemosynis
1047 4481 1103 4536 in
1132 4496 1395 4552 pauperes
1415 4485 1654 4554 erogatis
1701 4494 2047 4555 peccatorum
2080 4505 2194 4545 caui

2190 4520 2214 4533 ι
2245 4458 2290 4513 θ
2319 4490 2531 4544 πάντων
2568 4458 2886 4561 ἀνθρώπων,
2927 4493 2974 4543 εἰ
3026 4458 3390 4561 περιέστιλκαν
3443 4458 3500 4536 οἱ*
3531 4473 3727 4561 ἀλλογεῖε

656 4584 748 4626 sas
776 4571 1012 4637 abluere,
1037 4580 1089 4628 et
1109 4590 1218 4629 non
1247 4574 1311 4628 ad
1343 4583 1517 4629 vatem
1554 4578 2042 4650 cngastrimythum
2075 4597 2211 4638 con-

656 4659 864 4733 fugere,
894 4672 946 4718 et
972 4679 1071 4733 pro
1114 4663 1321 4720 furiosa
1350 4664 1684 4723 divinatione
1718 4668 1935 4738 pietatis
1976 4672 2212 4743 insignia

655 4765 1009 4820 commutare,
1047 4773 1221 4827 neque
1271 4772 1380 4812 non
1418 4759 1585 4814 semel
1629 4760 1935 4819 calamitate
1984 4766 2212 4821 auetiori

654 4844 1003 4917 opprimere?
1031 4844 1112 4901 An
1144 4856 1194 4903 te
1228 4845 1368 4919 fugit
1393 4850 1724 4904 exsecranda
1752 4851 1867 4907 huic
1894 4852 2063 4908 Deum
2117 4872 2213 4911 ex-

655 4937 861 5009 pressis
893 4939 1073 4994 verbis
1108 4956 1203 5010 per
1228 4939 1447 5011 Moysen
1479 4940 1530 4994 in
1564 4940 1803 4998 Levitico
1830 4945 2214 5015 prohibuisse?

658 5027 781 5083 Non
836 5030 1121 5099 sequemiai
1169 5030 1627 5102 engastrimythos,
1685 5043 1735 5087 et
1792 5034 2212 5092 incantatoribus

657 5135 761 5174 non
792 5118 1141 5187 adhwrebitis,
1206 5131 1259 5174 ut
1309 5122 1651 5190 inquinemini
1690 5125 1743 5180 in
1793 5128 1890 5184 eis.
1930 5126 2041 5198 Ego
2097 5146 2214 5183 sum

658 5210 912 5268 Dominus
962 5212 1104 5268 Deus
1129 5222 1292 5268 vester
1316 5214 1381 5268 ³⁸.
1410 5213 1599 5270 Nonne
1650 5219 1856 5275 scelera
1903 5221 2018 5277 haec
2049 5222 2213 5293 impia

657 5311 817 5372 putas
847 5304 956 5361 Deo
991 5305 1285 5364 adversari.
1318 5314 1370 5362 et
1388 5306 1618 5362 similem
1653 5308 1889 5368 fabulam
1917 5329 2075 5384 agere
2115 5329 2212 5368 au-

648 5389 779 5447 des?
799 5395 936 5451 Audi
961 5415 1081 5470 quze
1106 5411 1426 5473 sequuntur,
1452 5402 1563 5459 Deo
1591 5404 1709 5474 ipso
1747 5409 1953 5463 oraculi
1985 5409 2091 5463 ritu
2129 5425 2220 5463 su-

648 5495 742 5548 per
768 5483 868 5540 hoc
902 5486 1143 5548 facinore
1181 5494 1497 5550 enuntiante
1534 5513 1546 5548 :
1588 5493 1652 5549 Et
1683 5499 1882 5563 anima,
1909 5498 2081 5568 inquit
2119 5498 2208 5565 ³⁶⁶,

751 5585 934 5669 ξιΑει,
956 5608 1066 5669 xvi,
1104 5593 1278 5650 16-18.
1392 5596 1434 5627 ³³
1457 5597 1580 5652 ibid.
1616 5601 1803 5669 18,Ι9,

663 5656 728 5691 ⁸³⁸
761 5656 885 5713 Lev.
914 5676 999 5719 xx.
1027 5662 1079 5713 li.

1902 5612 1946 5644 ”
1983 5612 2013 5667 I
2043 5613 2165 5689 Reg.
2192 5633 2380 5689 xxvm,
2415 5618 2499 5674 l5.

2318 4580 2397 4643 ei;
2444 4580 2676 4651 πόλεμον
2732 4580 3320 4653 ἀντιπαραταττόμενοι
3379 4566 3621 4629 συσταδδνι
3669 4556 3728 4609 εῖτ

2316 4673 2345 4725 ὁ
2377 4671 2509 4735 Θεὸς
2558 4671 2864 4743 ἀφέστηκεν
2913 4673 3020 4726 ἀπὸ
3075 4673 3168 4727 σοῦ
3222 4673 3313 4726 καὶ
3362 4668 3417 4721 τδ
3464 4656 3728 4755 παράπανοο

2317 4764 2593 4836 ὲπακήκοέ
2626 4782 2738 4830 σου,
2764 4763 2886 4818 οὔτε
2918 4764 2974 4817 δὲ
3001 4766 3274 4837 προφῆται
3312 4752 3654 4843 πρεσϐεύοντεὶ

2320 4853 2413 4907 σοῦ
2454 4826 2797 4926 κατῄδεισαν,
2831 4853 2954 4908 οὗτε
2986 4856 3138 4926 ὄναρ,
3184 4855 3303 4909 οὔτε
3334 4851 3468 4917 ὕπαρ
3495 4826 3728 4939 art-exul“?

2320 4967 2400 5003 σοι
2433 4947 2492 5001 τὸ
2530 4948 2664 5013 δέον,
2702 4950 2762 5002 οὐ
2796 4948 2968 5022 ταύτῃ
3011 4950 3207 5021 μᾶλλον
3251 4944 3443 5017 ὤφελες
3486 4932 3725 5022 ὲξιλεούμξν

2319 5038 2562 5110 κλιθῆναι
2602 5034 2739 5107 Θεῷ,
2781 5039 2876 5092 καὶ
2912 5017 3159 5112 πενήτων
3214 5028 3564 5108 ὲλεημοσύναις
3602 5017 3725 5112 me

2321 5093 2512 5182 σασθαι
2564 5126 2632 5181 τὰ
2855 5093 3210 5202 ὲγκλήίιάτων
3266 5093 3434 5185 αἴτια,
3486 5113 3591 5202 μήτξ
3630 5093 3726 5202 γεῆ

2315 5311 2394 5365 δει
2443 5288 2669 5384 μαντικῇ
2718 5313 2785 5367 τὰ
2826 5288 2927 5383 τῆς
2973 5288 3249 5377 εὐσεϐείας

2319 5376 2578 5473 σύμύολα,
2613 5376 2707 5455 καὶ
2734 5402 2853 5456 καθ’
2877 5376 3069 5457 ἐαυτοῦ
3097 5404 3156 5456 τὸ
3182 5376 3343 5461 πάθος
3363 5376 3726 5498 αὐξῆσξᾷῗὲῗὲ

2314 5493 2350 5570 ἦ
2374 5464 2481 5572 ’έὰρ
2508 5464 2574 5553 οὑ.
2598 5498 2924 5571 διανοητέον,
2950 5498 3031 5552 ὅτι
3057 5497 3128 5551 τὰ
3151 5494 3317 5551 τοιάδε
3356 5485 3587 5560 μιάσματα
3614 5464 3726 5572 “Ti

2608 5618 2651 5651 οι
2670 5563 2798 5674 tua.
2903 5616 2946 5649 ιο
2970 5612 3088 5670 Lev.
3117 5628 3206 5681 xx,
3237 5608 3333 5674 εις
3389 5600 3516 5654 θεαί·
3542 5588 3644 5639 ‘""’
3663 5563 3724 5621 u'
