3898 6196
254 216 361 272 637

1165 217 1250 277 DE
1283 218 1879 277 ENGASTBIMYTHO
1917 218 2198 277 CONTRA
2235 222 2608 279 ORIGENEM.

3368 235 3470 292 638

250 337 623 407 ἀπηγόρευσεν
666 331 695 385 6
731 332 860 397 Θεὸς
908 333 964 386 ὲν
1006 331 1082 405 τῷ
1122 334 1390 407 Λευῖτικῷ
1434 335 1520 390 διὰ
1568 335 1810 400 Μωσέως

1916 353 2027 407 qua:
2082 337 2357 392 subsecuta
2395 338 2553 406 fuerit
2594 343 3033 414 engastrtmythos
3081 356 3131 399 et
3173 347 3473 405 incantato-

255 426 454 482 εἰπών·
474 426 589 479 Οὐκ
616 424 1134 491 ἐπακολουθήσετε
1159 425 1281 492 τοῖς
1306 426 1808 496 ἐγγαστριμύθοις,

255 516 362 571 καί
395 508 516 581 τοῖς
545 513 843 579 ἐπαοιδαῖς
883 515 953 567 οὺ
984 515 1614 584 προσκολληθήσεσθε,
1634 532 1811 585 μιαν-

256 607 428 675 θῆναι
449 607 517 660 er
541 604 765 671 αὐτοῖς.
820 605 964 675 Ἐγώ
988 608 1102 675 εἰμι
1134 607 1349 674 Κύριος
1383 610 1415 660 ό
1447 605 1589 672 Θεὸς
1616 607 1807 676 ὑμῶν.

252 700 370 752 ἀλλ’
393 698 488 751 οὐκ
512 696 682 768 ἀσεϐῆ
710 696 834 750 τάδε
864 696 934 750 τά
964 696 1302 769 βδελύγματα
1331 698 1568 769 νομίζεις
1597 698 1814 753 ἐναντία

247 790 329 861 τῷ
366 788 500 860 Θεῷ,
533 788 963 859 δραματουργεῖν
1002 789 1296 861 ὲγχειρῶν;
1336 790 1529 843 Ἀκουε
1570 791 1663 843 καὶ
1695 789 1811 862 μεθ’

243 878 411 954 ἕτερα
454 879 548 933 τοῦ
593 878 727 933 Θεοῦ
773 879 1221 951 χρησμῳδοῦντος
1254 880 1344 933 ἐπὶ
1374 880 1451 952 τῷ
1480 880 1666 952 τοιῷδε
1697 881 1816 934 τολ-

250 976 496 1045 μήματι·
551 970 661 1026 Καὶ
705 970 912 1040 ¹ψυχὴ,
974 971 1156 1041 φησὶν,
1213 971 1343 1039 ἥτις
1377 972 1453 1025 ἂν
1483 973 1814 1027 ἐπακολου-

246 1066 408 1136 θήσῃ
460 1064 585 1131 τοῖς
640 1064 1129 1135 ἐγγαστριμύθοις
1185 1058 1223 1132 ἢ
1271 1061 1570 1130 ἐπωιδοῖς
1589 1103 1604 1128 ,
1660 1061 1816 1119 ὥστε

244 1156 645 1227 ἐκπορνεῦσαι
688 1158 879 1212 ὀπίσω
921 1156 1138 1212 αὐτῶν.
1179 1158 1367 1211 Ὀποῖα
1412 1157 1508 1210 καὶ
1540 1157 1663 1210 τίνα
1697 1158 1816 1210 πεί-

248 1267 401 1305 σεται
446 1249 701 1321 προσθεὶς
737 1248 1020 1321 ἀπέφρασε
1068 1246 1293 1321 προῖὼν,
1366 1247 1707 1315 Ἑπιστήσω
1749 1249 1814 1302 τὸ

246 1344 574 1412 πρόσωπόν
593 1360 737 1413 μου,
766 1342 1027 1413 φάμενος,
1054 1341 1153 1394 ἐπὶ
1175 1341 1290 1409 τὴν
1317 1339 1529 1410 ψυχὴν
1553 1341 1812 1408 ἐκείνην,

246 1437 345 1489 καὶ
392 1430 603 1489 ἀπολῶ
651 1432 844 1501 αὐτὴν
882 1432 951 1486 ἐκ
996 1432 1102 1486 τοῦ
1146 1432 1298 1487 λαοῦ
1343 1430 1552 1500 αὐτῆς.
1599 1432 1661 1484 Εἰ
1724 1427 1815 1485 οὖν

244 1522 485 1597 ἀρχῆθεν
534 1521 906 1593 νομοθετήσας
953 1523 982 1575 6
1023 1520 1157 1586 Θεὸς
1198 1521 1487 1593 αὐστηροῖς
1533 1520 1816 1574 ἀπέστειλε

247 1614 649 1687 προγράμμασι
685 1613 812 1676 τοὺς
865 1611 1142 1676 τοιαύταις
1177 1611 1687 1683 ὲγχαλινευομένους
1722 1614 1815 1664 ἐπ-

1911 445 2015 495 res,
2043 428 2410 498 ut'fornicelur
2436 439 2552 498 post
2581 447 2667 486 eos
2700 452 2719 487 :
2752 448 2871 503 quae
2896 442 2950 490 et
2978 437 3161 506 qualia
3212 447 3341 495 sunt
3386 443 3475 498 ilia

1911 536 2032 591 quae
2064 520 2317 591 patietur,
2354 521 2545 590 paucis
2581 524 2809 579 annexis
2847 527 3069 596 exponit
3104 529 3477 588 :Constituam

1911 613 2100 682 {aciem
2134 630 2303 667 meam
2326 614 2379 666 in
2404 614 2635 667 animam
2677 614 2848 681 illam,
2878 627 2928 671 et
2974 619 3191 689 perdam
3235 621 3387 677 illam
3412 625 3476 680 de

1910 706 2096 774 popqu
2128 705 2298 763 illius.
2353 706 2540 777 Itaque
2569 722 2696 762 cum
2748 711 2983 779 primum
3034 711 3178 769 Deus
3222 716 3367 787 leges
3396 716 3477 773 fe-

1912 813 2060 863 rens,
2097 799 2301 854 severis
2331 799 2617 869 praeceptis
2667 801 2737 856 ab
2764 802 3225 862 incantationibus
3264 813 3318 862 et
3344 807 3478 863 divi-

1914 888 2228 943 nationibus
2276 888 2546 954 inhibuit,
2598 892 2910 959 miseranda
2944 910 3076 950 vero
3132 898 3477 970 obscuraque

1914 984 2306 1033 tormentorum
2337 979 2454 1034 loca
2481 988 2672 1035 contra
2701 996 2795 1036 eos
2820 984 2909 1052 qui
2937 984 3128 1040 talium
3149 1003 3329 1042 rerum
3352 1004 3477 1046 con-

1915 1071 2037 1126 victi
2071 1070 2275 1126 fuerint
2307 1071 2565 1128 terribilis
2596 1073 2873 1141 minatur;
2904 1092 3085 1133 nonne
3111 1079 3204 1148 qui
3250 1094 3282 1133 a
3326 1088 3476 1139 tene-

1914 1164 2013 1229 ris,
2050 1164 2299 1228 utaiunt,
2347 1164 2655 1233 unguiculis
2709 1163 2821 1219 Deo
2876 1174 2994 1221 erat
3039 1178 3395 1243 consecratus
3422 1179 3478 1229 et

1915 1262 2173 1310 constans
2203 1256 2381 1325 legum
2437 1256 2754 1312 observator
2785 1256 2899 1312 haec
2944 1258 3016 1312 'in
3052 1260 3252 1329 'primis
3284 1262 3479 1321 debue-

1915 1356 2001 1401 rat
2029 1348 2322 1404 accusare?
2350 1347 2458 1403 Sed
2480 1357 2539 1404 ‘et
2561 1349 2655 1418 qui
2703 1348 2817 1418 jam
2846 1365 2876 1403 a
2906 1366 3074 1421 puero
3125 1353 3333 1423 legibus
3361 1362 3480 1410 erat

1915 1437 2232 1501 instructus,
2265 1437 2461 1508 quippe
2488 1439 2689 1508 legales
2708 1439 2876 1496 libros
2898 1443 3245 1499 exactissime
3273 1459 3478 1516 cogno-

1915 1542 2068 1583 scere
2127 1538 2358 1599 poterat,
2405 1545 2675 1601 nusquam
2727 1548 2970 1588 errorem
3016 1535 3353 1605 requisisset,
3412 1552 3482 1593 ne

1917 1622 2112 1676 misere
2144 1621 2332 1677 fraude
2384 1623 2595 1696 decepti
2625 1626 2680 1681 in
2724 1626 2963 1683 iuriosas
2987 1628 3238 1682 nonnulli
3268 1628 3481 1683 divina-

246 1704 500 1778 αοιδαῐςῆ
534 1703 834 1777 μαντείαις,
864 1704 1079 1758 ἀπειλεῖ
1105 1703 1160 1757 δὲ
1179 1702 1473 1775 σκυθρωπὰ
1501 1704 1594 1757 καὶ
1616 1702 1814 1773 σκιώδη

1919 1710 2093 1766 tiones
2140 1722 2476 1781 raperentur.
2527 1715 2632 1771 Sed
2666 1716 2858 1773 horum
2918 1717 3055 1771 nihil
3112 1719 3194 1773 vel
3224 1718 3361 1772 dixit
3398 1719 3483 1775 vel

245 1798 582 1871 κολαστήρια
638 1796 778 1850 κατά
828 1794 937 1849 τῶν
994 1794 1360 1866 ἁλισκομένων
1412 1794 1504 1846 ἐπὶ
1568 1790 1627 1860 τῇ
1691 1793 1815 1865 δίκῃ

245 1889 522 1962 φοϐερῶς,
580 1888 640 1941 οὔ
685 1887 776 1942 τὸν
816 1888 1173 1959 ἀνακείμενον
1222 1885 1281 1951 ἐξ
1327 1885 1549 1940 ἁπαλῶν
1608 1884 1814 1955 ὀνύχων

243 1985 318 2055 τῷ
349 1984 471 2056 Θεῷ
514 1984 609 2037 κα)⁸
656 1983 1006 2055 νομοφύλακα
1052 1982 1266 2053 βέἷαιον
1311 1981 1414 2036 ἔδει
1456 1979 1814 2053 περὶτούτων

246 2072 540 2141 ἐγκαλέσαι
570 2072 816 2144 πρῶτον;
848 2071 986 2124 Ἀλλ’
1013 2074 1042 2125 6
1073 2070 1387 2143 νομομαθὴς
1416 2073 1479 2123 ὲκ
1511 2070 1813 2141 μειρακίου,

244 2166 334 2218 καὶ
369 2164 474 2227 τὰς
511 2163 743 2235 νομικὰς
783 2161 1088 2233 ἁκριϐὦσαι
1123 2160 1385 2233 γραμμὰς
1421 2161 1696 2232 ἀκρότατα
1732 2160 1817 2213 δυ-

244 2256 448 2329 νηθεὶς,
479 2256 580 2309 οὐκ
629 2256 695 2310 ἀν
737 2255 1038 2326 ἐπεζήτησε
1080 2255 1140 2308 τὸ
1183 2257 1458 2326 πταῖσμα,
1510 2254 1664 2325 μήπη
1711 2254 1817 2325 ἄρα

242 2346 329 2400 διὰ
353 2347 547 2400 τούτου
579 2346 724 2410 τινὲς
757 2347 836 2409 εἰς
862 2346 1093 2417 μανικὰς
1133 2344 1493 2410 ὲξελκυσθῶσι
1535 2345 1812 2414 μαντείας,

244 2439 428 2510 ἀπάτη
501 2438 895 2510 συλληφθέντες
962 2438 1180 2502 ἀθλίως.
1250 2437 1408 2490 Ἀλλά
1462 2436 1664 2490 τούτων
1717 2437 1813 2507 μὲν

1913 1799 2246 1869 eﬂlagitavit.
2276 1800 2462 1872 Neque
2491 1805 2635 1859 enim
2669 1805 2886 1862 Samuel
2925 1815 3043 1862 erat
3077 1827 3091 1862 :
3129 1808 3224 1863 sed
3248 1809 3342 1878 qui
3367 1809 3482 1863 base

1913 1889 2095 1944 omnia
2128 1905 2154 1942 a
2179 1891 2352 1959 prima
2384 1892 2468 1945 sui
2502 1893 2711 1963 origine
2754 1895 3190 1962 machinabatur,
3222 1896 3337 1951 baac
3363 1912 3484 1967 pro-

1914 1975 2088 2047 pheta:
2116 1980 2349 2049 speciem
2377 1996 2487 2050 pra:
2519 1997 2578 2037 se
2612 1982 2791 2038 ferens
2819 1985 3099 2055 respondit
3130 1987 3173 2017 ³”
3208 2006 3221 2041 ;
3263 1985 3479 2057 thuid,

1913 2070 2123 2137 dicens,
2151 2073 2442 2143 interrogas
2473 2091 2573 2137 me,
2628 2083 2677 2128 et
2714 2075 2964 2131 Dominus
3014 2077 3256 2132 discessit
3286 2096 3317 2131 a
3342 2088 3410 2143 te,
3432 2090 3482 2132 et

1913 2162 2086 2231 factus
2112 2172 2188 2216 est
2217 2180 2334 2217 cum
2368 2169 2607 2235 proximo
2644 2170 2772 2223 tuo?
2802 2167 2870 2221 Et
2904 2169 3027 2238 fecit
3061 2169 3157 2224 tibi
3199 2156 3485 2235 Dominus,

1919 2253 2054 2306 sicut
2082 2253 2285 2309 locutus
2308 2265 2384 2309 est
2413 2257 2467 2310 in
2486 2273 2643 2311 manu
2674 2275 2808 2313 mea.
2844 2259 2969 2315 Haec
2998 2261 3163 2331 igitur
3202 2261 3347 2316 velut
3381 2260 3482 2315 lto-

1920 2346 2040 2408 stis,
2065 2346 2226 2400 simul
2246 2354 2299 2402 et
2322 2347 2604 2404 decessum
2635 2351 2924 2416 simulans,
2952 2351 3126 2417 ail‘ert,
3150 2352 3359 2408 libellos
3388 2366 3484 2409 ac-

1920 2437 2220 2494 cusationis
2241 2442 2610 2511 prosequitur.

242 2535 396 2589 οὖδὲν
426 2535 552 2589 οὕτε
594 2529 743 2587 εἶπεν
792 2532 914 2586 οὔτε
955 2534 1249 2605 ἐζήτησεν·
1294 2533 1352 2586 οὐ
1383 2531 1491 2604 γὰρ
1528 2527 1595 2603 ἦν
1647 2532 1676 2583 6
1716 2530 2000 2602 Σαμουὴλ,
2031 2532 2145 2585 ἀλλ’
2194 2535 2222 2586 ὁ
2274 2534 2344 2587 τά
2369 2536 2547 2589 τοιάδε
2604 2536 2856 2608 δράματα
2908 2537 3151 2609 τορεύων
3198 2535 3482 2591 ἀνέκαθεν.

252 2628 379 2683 Ἐπὶ
428 2628 487 2681 δὲ
542 2627 752 2693 τούτοις
798 2627 1177 2700 ἀποκρίνεται,
1230 2628 1290 2682 τὸ
1333 2627 1619 2699 πρόσωπον
1656 2625 1750 2679 τοῦ
1799 2628 2077 2698 προφήτου
2135 2628 2353 2694 ὑποδὺς,
2418 2630 2616 2696 Ἰνατι,
2668 2631 2860 2701 λέγων,
2915 2631 3208 2700 ἐπερωτᾷς
3244 2649 3337 2702 με,
3383 2632 3484 2686 και

240 2728 273 2778 ὁ
294 2727 518 2792 Κύριος
560 2722 905 2792 ἀφέστηκεν
940 2721 1059 2777 ἀπὸ
1115 2721 1262 2787 σοῦ,
1312 2722 1410 2776 καὶ
1452 2720 1661 2791 γέγονε
1699 2722 1850 2791 μετὰ
1897 2721 2006 2776 τοῦ
2061 2725 2327 2792 πλησίον
2378 2740 2539 2790 σου;
2595 2729 2704 2781 Καὶ
2764 2728 3055 2798 πεποίηκέ
3109 2745 3206 2783 σοι
3258 2728 3473 2796 Κύριος

240 2818 395 2874 καθὰ
437 2816 747 2886 ἐλάλησεν
808 2816 878 2870 ἐν
936 2817 1086 2887 χειρί
1123 2833 1262 2885 μου.
1312 2815 1496 2869 Ταῦτα
1544 2815 1640 2886 μὲν
1672 2810 1765 2868 οὖν
1798 2814 1874 2879 ὡς
1911 2816 2101 2888 ἐχθρὸς
2153 2818 2270 2889 ἅμα
2321 2819 2415 2872 καὶ
2457 2820 2721 2891 ἐκδημίαν
2764 2822 3203 2902 ὑποτυπούμενος
3254 2822 3484 2891 εἰσάγει,

239 2911 609 2982 ἀναγινώσκει
634 2911 704 2965 τά
734 2911 830 2983 τῆς
864 2909 1193 2982 κατηγορίας
1224 2910 1612 2980 ὑπομνήματα.

310 3025 432 3082 XI.
471 3024 785 3096 Θεωρητέον
807 3023 863 3077 δὲ
887 3022 1004 3086 πῶς
1031 3021 1168 3075 αὐτά
1193 3020 1260 3074 τὰ
1293 3021 1583 3075 συνεκτικὰ
1614 3022 1811 3092 παρεὶς

1982 3016 2108 3071 Xll.
2140 3016 2607 3075 Considerandum
2642 3022 2829 3090 utique
2863 3029 2946 3075 est
2986 3036 3220 3091 quanam
3262 3023 3476 3081 ratione

238 3118 410 3189 ὲγκλή
420 3135 586 3189 ματα,
604 3116 893 3171 πλάττεται
913 3117 1010 3187 μὲν
1022 3116 1160 3168 ὐποκ
1169 3113 1303 3186 ρίσει
1315 3112 1699 3186 δεικτικωτέρᾳ
1716 3114 1813 3186 (4)

240 3210 615 3281 φθέγγεσθαι·
681 3209 844 3282 μηδὲν
894 3208 951 3261 δὲ
1007 3205 1364 3280 προγνώσεως
1430 3207 1577 3273 ἄξιον
1627 3206 1813 3270 εἰπὼν,

240 3307 432 3358 ἐκεῖνα
457 3304 702 3374 δευτεροῖ
726 3300 1120 3371 τεχνασμένως,
1144 3300 1247 3352 ὅσα
1280 3299 1481 3371 περιὼν
1507 3301 1536 3352 6
1567 3298 1817 3370 Σαμουὴλ

241 3400 327 3451 ἔτι
358 3395 630 3468 προῦλεγε
666 3392 1043 3463 συνενεχθῆναι
1075 3391 1153 3463 τῷ
1182 3391 1372 3454 Σαοὺλ,
1417 3390 1559 3463 ἅπερ
1600 3391 1674 3455 ὡς
1714 3390 1814 3463 ἥδη

242 3489 512 3557 γεγονότα
559 3482 929 3558 πῳανεφώνει
978 3483 1353 3555 προφητεύων.
1402 3483 1562 3536 Ἀλλά
1608 3499 1670 3551 γε
1715 3480 1817 3553 μὴν

245 3581 277 3633 ὃ
305 3597 373 3649 γε
414 3581 593 3649 φήσας
623 3576 790 3647 αὐτῷ,
827 3577 888 3631 Τί
906 3592 982 3645 με
1007 3573 1338 3642 ἐπερωτᾷς;
1367 3573 1660 3645 διαρρήδην
1687 3575 1817 3643 ὁμο-

248 3671 403 3739 λογεῖ
426 3670 603 3724 ταῦτα
641 3670 677 3724 ἃ
704 3672 798 3723 καὶ
825 3670 1086 3743 πρότερον
1123 3668 1332 3740 εἰρήκει
1352 3684 1365 3698 ·
1394 3662 1817 3732 διαυτολογεῖ(4⁴)

251 3761 313 3814 δὲ
332 3762 396 3834 δὴ
426 3762 493 3815 τὰ
517 3761 831 3834 πρῶτα,μδιά
862 3761 968 3814 τῶν
994 3761 1182 3814 ἔπειτα
1206 3756 1433 3828 βεϐαιῶν
1457 3757 1550 3810 ἐπὶ
1578 3755 1818 3827 προσχή-

263 3869 391 3923 ματι
441 3853 697 3923 γοωδῶς·
764 3852 1044 3925 Ὠριγένης
1092 3851 1150 3904 δὲ
1202 3846 1505 3903 τούναντίον
1562 3846 1700 3900 αύτά
1751 3845 1820 3898 τὰ

264 3944 423 3999 πάλαι
451 3945 530 4017 τῷ
558 3945 810 4017 προφήτῃ
839 3941 1367 4015 προαναφωνηθέντα
1396 3941 1614 4011 ῥήματα
1639 3954 1816 4008 παρα-

262 4034 437 4090 λαὸὼν
462 4036 555 4089 ἐπὶ
584 4035 816 4100 λέξεως,
851 4035 926 4099 ὼς
958 4034 1119 4105 ἄρτια
1152 4034 1246 4086 καὶ
1289 4033 1449 4085 καινά
1489 4029 1821 4101 προφητείας

264 4128 972 4202 ἀποφθέγματαδιορίζεται·
995 4128 1083 4181 διά
1105 4143 1183 4180 τοι
1211 4125 1277 4196 [Ῑ.
1295 4124 1380 4195 τε]
1400 4123 1556 4177 τοῦτο
1578 4122 1820 4193 βούλεται

265 4221 358 4274 τὴν
394 4222 642 4294 Σαμουὴλ
686 4221 948 4292 ἀνῆχθαι,
986 4220 1163 4274 καίτοι
1194 4219 1291 4289 τῆς
1317 4216 1537 4288 Γραφῆς
1562 4216 1819 4286 ἀντικρυς

268 4316 580 4390 ἐλεγχούσης
620 4316 802 4380 αὐτὸν,
842 4316 916 4380 ὦς
953 4332 1015 4382 γε
1053 4313 1399 4384 συνομολογεῖ
1435 4312 1529 4364 καὶ
1568 4308 1729 4373 αὐτὸς
1761 4311 1818 4362 ὲν

1916 3110 2099 3166 causis
2129 3110 2186 3165 in
2214 3126 2274 3166 se
2304 3126 2521 3167 errores
2550 3111 2933 3168 cohibentibus
2962 3113 3213 3177 omissis,
3246 3114 3396 3186 tingit
3424 3133 3485 3173 se

1916 3201 2262 3257 simulatione
2297 3201 2470 3273 magis
2510 3207 2726 3270 patente
2770 3202 2982 3269 dicere,
3016 3218 3137 3261 cum
3171 3203 3308 3258 nihil
3337 3206 3483 3275 quod

1915 3295 2246 3366 przenotione
2284 3292 2509 3363 dignum
2557 3292 2628 3347 sit
2665 3292 2884 3358 atterat;
2918 3293 3007 3346 illa
3054 3308 3121 3347 ex
3158 3301 3273 3348 arte
3322 3294 3484 3351 iterat

1914 3403 2035 3459 quae
2066 3385 2319 3451 Samuel,
2347 3384 2475 3439 dum
2501 3385 2677 3439 adhuc
2707 3384 2764 3438 in
2787 3383 2925 3439 vivis
2953 3391 3130 3451 esset,
3158 3385 3484 3456 prmdicebat

1919 3477 2069 3533 Sauli
2094 3476 2422 3547 contigisse,
2459 3476 2547 3529 illa
2580 3489 2643 3529 ac
2675 3475 2723 3531 si
2754 3474 2894 3528 facta
2924 3482 3109 3530 essent
3136 3479 3484 3535 vaticinando

1917 3567 2331 3638 prmnuntiabat.
2385 3564 2489 3621 Sed
2519 3575 2665 3621 certe
2712 3565 2805 3637 qui
2855 3565 2960 3636 ipsi
3007 3565 3253 3621 dixerat:
3288 3566 3482 3638 thuid

1918 3679 1998 3717 me
2041 3661 2367 3730 interrogas?
2415 3660 2551 3713 satis
2580 3667 2765 3728 aperte
2816 3673 2936 3728 qua:
2977 3666 3032 3713 et
3079 3658 3231 3728 prius
3268 3658 3483 3714 dixerat

1920 3752 2134 3808 fatetur.
2160 3750 2342 3804 Prima
2364 3765 2494 3805 vero
2516 3751 2604 3803 illa
2628 3766 2721 3819 per
2742 3764 2804 3805 ea
2827 3765 2947 3819 quae
2969 3757 3157 3818 postea
3179 3750 3477 3820 contigere,

1920 3859 1983 3898 ac
2014 3843 2060 3899 si
2089 3843 2501 3907 vaticinaretur,
2532 3843 2727 3897 iterum
2756 3843 2967 3896 recitat.
2997 3839 3257 3911 Origenes
3285 3858 3316 3897 e
3345 3857 3455 3897 con.
3478 3866 3491 3880 ε

1918 3934 2088 3988 trario
2126 3933 2401 4003 prophetae
2447 3935 2607 3989 verba
2657 3951 2777 4004 qum
2811 3934 2924 4004 jam
2958 3935 3084 3989 olim
3125 3934 3478 4006 praedixerat,

1918 4025 1985 4080 ad
2015 4025 2236 4080 verbum
2271 4029 2514 4096 exposita
2535 4066 2551 4092 ,
2580 4026 2747 4082 veluti
2777 4025 3013 4097 perfecta
3043 4033 3098 4081 et
3128 4041 3266 4080 nova
3299 4026 3482 4081 vatici-

1918 4119 2154 4173 nationis
2177 4119 2396 4172 oracula
2427 4118 2722 4187 discernit;
2754 4127 3147 4190 proptereaque
3175 4118 3480 4173 Samuelem

1918 4218 2202 4266 evocatum
2239 4207 2408 4263 fuisse
2438 4210 2587 4275 vult,
2638 4211 2742 4266 etsi
2777 4212 2929 4265 illum
2981 4209 3260 4281 Scriptura
3304 4209 3482 4279 palam

1920 4301 2313 4374 reprehendat,
2360 4309 2422 4355 ut
2479 4302 2597 4373 ipse
2641 4305 2803 4358 etiam
2859 4302 3058 4359 fatetur
3104 4302 3377 4359 nonnullis
3425 4302 3483 4356 in

273 4408 421 4479 μέρει
444 4409 697 4474 τοπικῶς.
737 4408 894 4462 Ἀλλά
927 4408 980 4461 τί
1016 4404 1152 4477 μετά
1199 4402 1369 4459 ταῦτα
1418 4402 1672 4474 προετίθη
1716 4401 1816 4456 πά-

1921 4394 2075 4450 locis.
2107 4394 2276 4450 Porro
2308 4393 2437 4464 quid
2466 4401 2654 4464 postea
2673 4432 2689 4458 ,
2719 4408 2841 4447 cum
2880 4408 3060 4464 regem
3093 4393 3480 4462 alloqueretur,

267 4495 375 4560 λιν,
419 4500 649 4572 ὁπηνίκα
709 4499 786 4570 τῷ
840 4498 1073 4567 δυνάστῃ
1135 4494 1405 4563 διελέγετο
1470 4491 1530 4546 τὸ
1596 4492 1818 4563 φάσμα;

271 4591 564 4660 Διαρῤήξει
593 4591 802 4658 Κύριος
846 4588 960 4656 τὴν
981 4586 1304 4651 βασιλείαν
1343 4585 1411 4637 ἐκ
1450 4585 1648 4653 χειρός
1684 4597 1818 4647 σου,

272 4681 372 4734 καὶ
418 4682 588 4736 δώσει
643 4680 836 4749 αὐτὴν
889 4678 968 4745 τῷ
1020 4678 1284 4745 πλησίον
1341 4691 1456 4730 σου
1503 4674 1584 4740 τῷ
1621 4673 1818 4737 Δαυῒδ,

272 4769 417 4824 διότι
455 4776 562 4827 οὐκ
605 4772 875 4839 ἤκουσας
915 4768 1028 4837 τῆς
1056 4767 1259 4837 φωνῆς
1286 4768 1527 4834 Κυρίου,
1572 4766 1669 4819 καὶ
1711 4767 1823 4819 οὐκ

275 4860 538 4931 Esuriem;
582 4862 771 4933 θυμὸν
814 4861 995 4932 ὀργῆς
1036 4858 1221 4914 αὑτοῦ
1264 4859 1334 4911 ἐν
1387 4856 1667 4926 Ἀμαλήκ.
1721 4855 1823 4909 Διὰ

274 4952 349 5003 τὸ
376 4954 526 5024 ῥῆμα
572 4955 749 5009 τοῦτο
797 4954 1045 5021 ἐποίησε
1105 4952 1319 5017 Κύριος
1373 4949 1552 5003 τοῦτό
1597 4962 1694 5001 σοι
1747 4944 1822 5015 τῇ

272 5042 459 5112 ἡμέρᾳ
512 5047 696 5116 ταύτῃ
722 5061 738 5072 ‘
784 5044 882 5099 καὶ
938 5043 1115 5097 δώσει
1151 5042 1366 5109 Κύριος
1419 5040 1526 5094 τὸν
1581 5037 1825 5108 Ἰσραὴλ

267 5136 415 5201 μετὰ
450 5139 560 5192 σοῦ
598 5141 685 5203 είς
714 5137 910 5207 χεῖρας
946 5135 1329 5203 ἀλλοφύλων.
1364 5133 1427 5186 Et
1459 5132 1517 5185 δέ
1548 5148 1631 5194 τις
1664 5130 1821 5201 ἀκρι-

274 5227 443 5284 6ῶσαι
471 5230 706 5301 βούλοιτο
745 5228 806 5282 τὸ
847 5227 1049 5297 σαφὲς,
1089 5227 1323 5280 ἐπανίτω
1364 5225 1460 5296 μὲν
1489 5223 1579 5276 ἐπὶ
1607 5222 1704 5294 τὴν
1730 5219 1822 5274 τοῦ

275 5318 593 5391 Γράμματος
654 5318 914 5391 ἱστορίαν,
964 5315 1128 5387 ὀλίγῳ
1178 5316 1408 5387 πρόσθεν
1467 5312 1818 5388 ἀναδραμὼν·

278 5410 400 5463 αὐτὸ
453 5411 508 5464 δὲ
551 5411 612 5464 τὸ
654 5411 849 5482 χωρίον
888 5406 1219 5474 ἀναπτύξας,
1276 5406 1402 5460 ἔνθα
1446 5406 1535 5459 τὸν
1578 5404 1819 5481 ’Δμαλὴκ

282 5499 502 5573 ἡττήσας
555 5502 936 5573 ἐσφετερίσατο
998 5500 1067 5553 τά
1119 5497 1380 5570 κράτιστα
1436 5496 1541 5550 τῶν
1590 5495 1817 5559 σκύλων,

341 5594 379 5625 ³⁷
411 5594 440 5649 1
488 5593 612 5665 Reg.
645 5611 839 5659 xxvm,
875 5596 961 5658 16,
995 5594 1080 5649 Π.
1155 5593 1198 5625 ³⁸
1236 5591 1364 5647 ibid.
1415 5590 1599 5646 17-19.

344 5687 436 5760 (ἆ)
475 5686 906 5757 Δεικτικωτέρᾳ.
944 5685 1103 5743 Forte
1127 5684 1532 5758 δεικτικώτερα.
1562 5684 1715 5743 Eutr.

1917 4482 2143 4553 phasma
2197 4482 2463 4538 addebat?
2525 4480 2798 4536 Abscindet
2846 4481 3099 4536 Dominus
3153 4498 3367 4552 regnum
3418 4481 3484 4537 de

1919 4592 2078 4630 manu
2124 4584 2234 4640 tua,
2264 4586 2311 4630 et
2339 4573 2486 4628 dabit
2533 4574 2667 4628 illud
2695 4576 2937 4643 proximo
2966 4585 3053 4629 tuo
3087 4574 3257 4629 David
3292 4591 3311 4629 :
3344 4574 3483 4645 quod

1919 4683 2020 4721 non
2049 4666 2280 4720 audieris
2308 4682 2480 4721 uocem
2518 4665 2747 4732 Domini,
2777 4674 2825 4720 et
2855 4682 2958 4720 non
2982 4665 3206 4733 implesti
3234 4664 3481 4736 indigna-

1920 4760 2113 4813 tionem
2143 4760 2235 4813 irte
2257 4775 2367 4813 sua:
2392 4760 2446 4812 in
2475 4757 2709 4813 Amalec.
2746 4758 2970 4828 Propter
2997 4759 3091 4811 hoc
3122 4757 3328 4812 verbum
3360 4758 3480 4819 fecit

1918 4849 2175 4905 Dominus
2195 4850 2289 4904 hoc
2311 4851 2404 4903 tibi
2424 4850 2476 4903 in
2510 4850 2595 4902 die
2609 4849 2739 4912 hac;
2767 4858 2815 4903 et
2839 4847 3008 4903 tradet
3032 4848 3285 4904 Dominus
3309 4847 3482 4904 Israel

1921 4948 2087 4995 tecum
2136 4942 2191 4995 in
2238 4957 2424 4995 manus
2476 4940 2884 5009 alienigenarum
2936 4940 3003 4994 ³³.
3046 4939 3104 4994 Si
3146 4940 3269 5010 quis
3316 4938 3482 5009 hujus

1919 5036 2201 5089 veritatem
2241 5032 2511 5102 expiscari
2557 5032 2741 5102 cupit,
2777 5032 2948 5100 ipsius
2976 5028 3269 5101 Scriptura:
3305 5029 3481 5086 histo-

1919 5127 2057 5181 riam
2077 5140 2186 5181 non
2216 5126 2384 5180 multo
2414 5132 2569 5180 antea
2600 5133 2985 5197 pertractatam
3014 5125 3174 5181 adeat
3203 5145 3216 5179 :
3247 5125 3321 5179 ibi
3345 5141 3480 5183 enu-

1922 5218 2094 5273 cleate
2135 5216 2511 5282 considerato,
2547 5218 2635 5273 ubi
2676 5217 2894 5273 devicto
2920 5217 3141 5272 Amalec
3183 5216 3479 5287 spoliorum

1923 5311 2207 5382 potissima
2233 5318 2590 5381 usurpaverat
2608 5348 2623 5373 ,
2653 5310 2888 5381 indeque
2928 5320 3184 5379 tanquam
3209 5309 3480 5380 primitias

1923 5403 2241 5460 holocausta
2276 5401 2547 5459 otl‘erenda
2589 5416 2711 5458 esse
2743 5401 3122 5469 existimabat;
3143 5408 3196 5457 et
3235 5401 3478 5472 exquisi-

1921 5496 2045 5552 tiori
2073 5496 2347 5567 diligentia
2379 5496 2613 5552 scienter
2641 5502 2695 5551 et
2725 5493 2896 5565 perite
2927 5509 2986 5551 re
3020 5494 3322 5553 examinata
3365 5496 3480 5551 hac

2006 5684 2105 5758 (4⁸)
2124 5683 2513 5755 Διαυτολογεῖ.
2544 5683 2703 5741 Forte
2727 5682 3048 5755 ταυτολογετ,
