3898 6196
593 301 696 358 639

1572 298 1631 353 S.
1675 297 2046 353 EUSTATHII
2085 299 2391 357 EPISCOPI
2432 286 2851 354 ANTI‘OCHENI
3680 313 3760 367 640

594 419 776 476 omnia
813 416 973 471 verba
1016 422 1146 468 tunc
1192 413 1450 482 temporis
1495 413 1562 468 ad
1588 413 1813 467 verbum
1862 414 2163 469 Samuelem

2271 417 2365 468 καὶ
2394 414 2492 477 τὰς
2518 418 2582 468 ἐκ
2609 414 2810 468 τούτων
2835 413 2969 484 ᾤετο
2998 412 3105 467 δεῖν
3128 414 3409 485 ἀναφέρειν
3431 417 3752 484 ὁλοκαυτώσεις

595 509 989 583 ριάξηιιηιίοεεο
1036 506 1352 575 comperiet.
1402 505 1547 559 Dixit
1589 506 1733 559 enim
1772 524 1784 557 :
1823 504 1889 558 Et
1939 506 2165 560 abscidit

599 603 853 657 Dominus
886 597 949 653 de
989 613 1152 650 manu
1176 597 1288 667 ejus
1324 614 1536 667 regnum
1568 597 1644 664 ³⁹;
1674 604 1803 651 tunc
1834 612 1955 651 cum
1987 611 2017 651 a
2043 613 2166 668 rege

594 690 982 763 apprehensam
1010 689 1155 758 pallii
1185 690 1436 743 laciniam
1468 687 1644 743 scidit.
1679 688 1755 741 Ad
1789 689 1899 743 haec
1932 690 2161 744 ulterius

596 782 921 855 praedicebat
944 796 1168 850 regnum
1195 782 1340 835 illius
1371 780 1727 835 scindendum
1756 779 1890 844 fore,
1926 781 2163 836 dandum

596 875 840 947 proximo
874 888 975 926 suo
1004 872 1093 942 qui
1130 887 1194 927 eo
1236 872 1426 926 melior
1471 879 1605 927 erat.
1650 870 1995 942 Prophetavit
2029 889 2164 942 prae~

594 975 744 1022 terea
786 980 893 1035 qua
943 965 1154 1019 ratione
1197 962 1361 1019 Israel
1406 973 1627 1034 propter
1678 964 1783 1018 hoc
1837 964 2165 1021 scindendus

594 1063 710 1113 erat
729 1096 744 1119 ,
774 1070 875 1110 nec
904 1054 1138 1124 amplius
1167 1068 1505 1108 reversurus.
1538 1052 1633 1107 His
1659 1054 1977 1118 enuntiatis,
2003 1056 2165 1109 verba

593 1164 757 1220 opere
789 1136 908 1218 ipso
952 1145 1329 1202 conﬁrmabat.
1373 1144 1492 1199 Non
1534 1146 1626 1199 diu
1653 1147 1795 1200 enim
1831 1154 1951 1215 post
1980 1146 2165 1202 divino

591 1240 798 1310 judicio
836 1237 992 1293 unxit
1020 1252 1195 1307 regem
1245 1236 1407 1289 David
1425 1237 1492 1290 ‘°.
1539 1234 1722 1306 Itaque
1760 1236 1850 1307 qui
1884 1252 1978 1306 per
2001 1252 2167 1306 euga-

597 1329 945 1401 strimythum
986 1328 1188 1382 dicitur
1225 1335 1483 1381 evocatus
1528 1328 1660 1381 nihil
1701 1327 1767 1381 de
1797 1344 1937 1382 novo
1963 1328 2162 1390 attulit,

597 1421 691 1478 sed
713 1437 832 1492 qua:
861 1418 1077 1474 Samuel
1104 1418 1256 1489 prius
1281 1419 1492 1475 dixerat
1514 1421 1680 1474 veluti
1708 1421 1926 1491 propria
1954 1420 2167 1474 aﬂ'ecta-

595 1514 724 1577 bat,
757 1511 947 1566 fraude
970 1526 1033 1565 ac
1055 1511 1179 1565 dolo
1201 1526 1484 1581 personam
1518 1526 1803 1567 assumens
1822 1552 1835 1576 ,
1860 1520 1913 1567 et
1934 1511 2165 1566 artiﬁcio

595 1602 858 1675 probabili
890 1602 1083 1657 iterum
1115 1616 1366 1672 repetens
1407 1603 1796 1672 prophetarum
1828 1618 1997 1664 more,
2026 1604 2165 1658 vati-

595 1694 767 1749 cinari
784 1694 1097 1748 simulabat.
1125 1692 1229 1749 Sed
1254 1701 1310 1747 ut
1338 1694 1760 1764 pra-stigiatores
1779 1693 2001 1747 divitum
2018 1693 2161 1749 sedes

2269 509 2344 571 ὡς
2397 508 2688 579 ἀπαρχάς.
2755 505 3103 578 ἀκριϐολογιᾳ
3154 506 3211 559 δὲ
3268 510 3557 582 τρανωτέρᾳ
3618 513 3755 583 ζητῶν

2265 599 2657 669 ἐπιστημόνως,
2709 599 2985 669 εύρήσειεν
3027 597 3111 662 ἂν,
3145 599 3220 662 ὡς
3258 599 3454 652 ἅπαντα
3493 601 3554 654 τὰ
3587 605 3757 674 ῥήματα

2263 690 2433 742 ταῦτα
2483 691 2602 743 κατ’
2653 692 2829 742 ἐκεῖνο
2876 688 3067 760 καιροῦ
3115 692 3370 760 προεῖπεν
3415 692 3500 743 ἐπὶ
3547 693 3758 759 λέξεωςό

2267 782 2549 852 Σαμουήλ·
2603 781 2704 852 ἔφη
2746 779 2854 851 γάρ
2898 781 3005 833 ὅτι·
3047 780 3153 834 Καὶ
3196 779 3458 849 διέρῤηξε
3499 786 3681 853 Κύριος
3709 787 3759 841 ἐκ

2265 872 2464 940 χειρὸς
2509 872 2693 927 αὐτοῦ
2738 872 2853 939 τὴν
2890 872 3249 936 βασιλείαν·
3296 874 3449 927 ὁπότε
3496 877 3579 928 καὶ⁵
3612 878 3761 932 τὸτοῦ

2264 965 2551 1019 διπλοῐδίου
2598 964 2887 1037 πτερύγιον
2928 963 3316 1034 ἐπιλαϐόμενος
3362 967 3390 1017 6
3418 964 3654 1040 δυνάστης
3685 969 3763 1022 ἐδί-

2264 1073 2395 1126 χασε
2421 1074 2434 1087 ’
2480 1054 2741 1127 προύλεγε
2770 1055 2826 1108 δὲ
2861 1054 3009 1124 αύτῷ
3059 1053 3193 1124 πρὸς
3241 1055 3332 1107 ἐπὶ
3354 1055 3547 1120 τούτοις
3579 1057 3679 1128 μὲν,
3708 1060 3764 1123 ὡς

2265 1146 2496 1219 quam
2545 1149 2578 1218 ἡ
2622 1146 2863 1216 βασιλεία
2919 1144 3239 1217 δοθήσεσθαι
3278 1146 3354 1218 τῷ
3398 1148 3600 1219 πλησίον
3637 1151 3764 1204 αὑτοῦ

2263 1236 2341 1307 τῷ
2379 1237 2576 1308 μᾶλλον
2620 1237 2760 1309 ὑπὲρ
2795 1237 2955 1290 αὐτὸν
2996 1236 3206 1307 ἀγαθῷ,
3263 1238 3580 1309 προεφήτευε
3617 1239 3665 1293 δὲ
3697 1245 3764 1293 καὶ

2263 1328 2383 1381 τίνα
2418 1330 2615 1400 τρόπον
2650 1327 2754 1381 ἔδει
2783 1328 2873 1381 τὸν
2917 1328 3131 1399 Ἰσραὴλ
3180 1329 3340 1382 ἕνεκα
3389 1330 3566 1383 τούτου
3608 1330 3764 1401 διασχι-

2266 1420 2555 1491 σθήσεσθαι
2590 1421 2681 1473 καὶ
2715 1419 2908 1491 μηκέτι
2947 1419 3293 1491 ἐπιπρέψαι.
3341 1419 3515 1474 Ταῦτα
3541 1421 3590 1474 δὲ
3612 1422 3764 1491 φήσας.

2263 1512 2399 1583 όμοῦ
2440 1515 2551 1575 τοῖς
2589 1511 2771 1583 ἔργοις
2810 1510 3053 1564 ἐϐεϐαίου
3099 1511 3172 1564 τά
3210 1512 3429 1565 λεκτέαο
3468 1515 3571 1583 μετ’
3594 1515 3644 1566 οὺ
3668 1514 3764 1566 mih

2265 1602 2371 1672 γὰρ
2406 1604 2469 1653 ἐκ
2502 1601 2652 1665 θείας
2678 1600 3000 1665 ἀποσταλεὶς
3041 1601 3371 1672 ἐπικρίσεως
3401 1601 3566 1674 ἔχρισε
3596 1601 3764 1672 βασιλέα

2263 1695 2353 1747 τὸν
2402 1694 2585 1747 Δαυῖδ.
2631 1694 2753 1766 ’Ἆρ’
2810 1690 2902 1747 οὖν
2942 1694 3092 1747 οὐδὲν
3139 1694 3443 1766 ἀπήγγειλε
3488 1692 3617 1758 ξένον
3655 1695 3764 1747 ὁδιὰ

596 1785 872 1857 pulsantes
898 1784 1330 1855 uniuscujusque
1360 1801 1446 1840 res
1482 1786 1610 1840 olim
1640 1793 1823 1856 gestas
1856 1785 2043 1840 sedula
2073 1785 2161 1839 in-

2264 1784 2698 1857 ἐγγαστριμύθου
2743 1785 3034 1856 λεγόμενος
3072 1784 3329 1856 ἀνῆχθαι,
3378 1785 3443 1839 τὰ
3494 1785 3546 1839 δὲ
3579 1786 3665 1839 ὑπὸ
3698 1786 3764 1838 τοῦ

594 1877 887 1949 quisitione
932 1877 1243 1931 clanculum
1296 1876 1615 1943 odorantur,
1665 1892 1895 1946 moxque
1938 1875 2159 1931 easdem

592 1967 749 2037 quasi
800 1982 866 2023 ex
908 1967 1203 2038 improviso
1251 1974 1509 2023 canentes
1553 1965 1838 2021 confestim
1886 1967 2158 2023 auditores

595 2059 647 2113 in
693 2067 969 2129 stuporem
1012 2061 1266 2131 rapiunt,
1302 2059 1480 2129 iisque
1515 2060 1570 2113 in
1609 2058 1815 2114 futilem
1852 2061 2158 2129 opinionem

592 2150 860 2215 inductis,
904 2149 970 2205 de
1017 2150 1219 2204 futuris
1274 2165 1371 2219 pro
1419 2149 1646 2205 libidine
1687 2150 2050 2216 mentiuntur;
2080 2149 2161 2203 sic

592 2250 648 2297 et
690 2243 1100 2313 engaslrimythi
1150 2250 1422 2313 spectrum
1470 2257 1608 2296 nova
1658 2242 1832 2297 forma
1878 2243 2160 2297 inductum

593 2332 908 2402 prophetica
972 2331 1242 2387 Samuelis
1297 2332 1544 2386 enuntiat
1589 2332 1845 2394 oracula,
1908 2331 2162 2401 opinione

593 2437 722 2478 vero
762 2423 1070 2487 vaticinari,
1101 2438 1225 2476 cum
1270 2422 1404 2477 nihil
1459 2438 1555 2492 pro
1590 2430 1866 2492 comperto
1909 2423 2158 2484 haberet,

601 2513 919 2578 videbatur,
971 2515 1163 2569 alienis
1208 2514 1371 2568 veluti
1418 2515 1655 2584 pr0priis
1698 2514 2003 2584 praepositis
2042 2513 2161 2567 exi-

602 2605 798 2659 tiosum
848 2604 995 2657 illum
1042 2604 1405 2672 perterrebat,
1457 2605 1565 2657 illis
1624 2603 1883 2658 facillimo
1942 2605 2163 2673 negotio

593 2695 713 2763 ejus
757 2702 988 2749 mentem
1039 2705 1307 2763 arreptam
1358 2696 1788 2764 depraedabatur.
1820 2695 1960 2762 Quid
1993 2697 2159 2767 igitur

594 2784 740 2837 aliud
792 2784 877 2839 his
930 2800 1200 2839 annexum
1250 2785 1365 2838 est?
1418 2784 1483 2838 Et
1523 2795 1614 2849 tu,
1655 2784 1866 2855 inquit,
1912 2803 2067 2849 cras,
2114 2796 2165 2839 et

594 2874 739 2944 ﬁlius
770 2886 889 2930 tuus
931 2875 1201 2930 Jonatltau
1232 2894 1451 2932 mecum.
1489 2876 1558 2929 Et
1588 2886 1765 2929 castra
1803 2876 1976 2931 Israel
2017 2877 2165 2932 dabit

596 2965 853 3020 Dominus
885 2968 937 3020 in
971 2984 1156 3021 manus
1187 2968 1599 3038 alienigenarum
1631 2968 1695 3024 “.
1725 2966 1829 3023 Sed
1860 2968 1973 3024 haec
2000 2985 2164 3041 porro

594 3056 802 3111 daemon
832 3072 895 3111 ac
923 3061 966 3113 si
993 3060 1208 3129 propria
1237 3068 1421 3113 essent
1449 3060 1747 3114 asserebat.

2259 1876 2512 1948 Σαμουὴλ
2555 1877 2818 1949 εἰρημένα
2860 1877 3143 1949 πρότερον,
3198 1877 3273 1941 ὡς
3318 1878 3422 1931 ἴδια
3455 1879 3546 1948 μὲν
3583 1879 3764 1948 ἐσχημά-

2259 1970 2372 2033 τιζε
2400 1968 2827 2039 προσωποποιῶν
2859 1968 3063 2040 ἀπάτῃ,
3079 1967 3283 2040 πιθανῇ
3300 1968 3355 2021 δὲ
3368 1969 3643 2040 τεχνοποιίᾳ
3667 1985 3763 2019 ταυ-

2259 2057 2515 2127 τολογῶν,
2549 2059 2876 2130 ὑπεκρίνατο
2915 2059 2980 2130 δὴ
3032 2059 3386 2131 προφητικῶς
3433 2058 3633 2129 ὁμιλεῖν.
3663 2057 3753 2108 Ἀλλ

2261 2146 2445 2220 ὥσπερ
2493 2149 2728 2219 ἀγύρται
2774 2148 2996 2219 μάντεις
3038 2149 3129 2201 ἐπὶ
3186 2149 3450 2202 πλουσίων
3493 2148 3610 2200 ἱέναι
3640 2146 3764 2219 θύρας

2263 2239 2626 2308 ἐπειγόμενοι,
2685 2239 2753 2291 τὰ
2807 2239 2905 2309 μὲν
2956 2239 3055 2310 ἤδη
3114 2239 3518 2311 παροδεύσαντα
3575 2235 3653 2290 τοῦ
3682 2237 3764 2305 βίον

2263 2328 2560 2398 πράγματα
2603 2327 3097 2391 πολυπευστοῦντες
3141 2327 3481 2398 ἀνιχνεύουσι
3512 2326 3764 2396 λεληθότως,

2264 2422 2403 2474 αύτά
2438 2421 2494 2473 δὲ
2523 2421 2587 2473 τὰ
2618 2419 2721 2497 πρὸ
2752 2419 2944 2472 πολλοῦ
2972 2420 3240 2488 γεγονότα
3269 2420 3440 2489 λέγειν
3481 2418 3764 2488 αὐτοσχεδίως

2265 2512 2671 2582 ὑπονοούμενοι,
2724 2513 3065 2583 παραχρῆμα
3130 2514 3235 2583 μὲν
3298 2513 3625 2582 ἐκπλήττουσι
3676 2510 3764 2568 τοίς

2265 2606 2581 2676 αύτήκόους,
2614 2609 2698 2667 είς
2736 2606 2899 2679 εὐήθη
2937 2605 2994 2658 δὲ
3029 2606 3218 2659 πίστιν
3257 2608 3446 2670 αὐτοὺς
3479 2605 3759 2674 ἀπαγόμενοι,

2265 2700 2392 2769 περὶ
2417 2697 2521 2750 τῶν
2541 2697 2838 2769 μελλόντων
2861 2698 3003 2769 ἅπερ
3040 2697 3292 2752 ἐθέλουσι
3311 2700 3622 2753 πλάττουσιν
3640 2694 3760 2752 οὕτως

2265 2789 2372 2861 ἄρα
2416 2789 2508 2842 καὶ
2554 2789 2613 2842 τὸ
2655 2789 2755 2857 τῆς
2799 2788 3249 2860 ἐγγαστριμύθου
3315 2792 3497 2860 φάσμα
3554 2802 3760 2860 pacatior

2268 2881 2554 2951 φούμενον,
2609 2879 2747 2933 αὐτὰ
2801 2880 2897 2949 μὲν
2946 2878 3247 2951 ἐξηγόρευε
3298 2882 3365 2935 τὰ.
3413 2877 3677 2952 προφητικὰ
3696 2874 3760 2927 τοῦ

2267 2970 2520 3041 Σαμουὴλ
2559 2969 2990 3040 ἀποφθέγματα,
3040 2969 3118 3040 τῷ
3155 2972 3217 3024 δέ
3257 2972 3432 3025 δοκεῖν
3458 2970 3577 3041 ῷετο
3609 2981 3761 3037 προφη-

2266 3062 2463 3122 τεύειν,
2481 3061 2627 3113 οὐδὲν
2646 3059 3007 3130 ἐπιστάμενος
3025 3057 3170 3132 μή·
3192 3061 3327 3116 ἀλλά
3357 3061 3423 3114 τὰ
3464 3060 3551 3133 μὲν
3570 3056 3759 3126 ἀλλότρια

596 3147 926 3220 προύταττεν
964 3151 1039 3215 ὠς
1079 3152 1214 3215 ἴδια,
1250 3152 1343 3204 καὶ
1380 3151 1716 3222 κατέπληττε
1745 3152 1835 3205 τὸν
1861 3152 2151 3225 ἀλάστορα,
2197 3153 2285 3207 διὰ
2319 3153 2375 3206 δὲ
2409 3154 2612 3207 τούτων
2644 3151 2881 3223 εὐχερῶς
2922 3151 3169 3206 ὑπεσύλα
3214 3159 3309 3209 καὶ
3345 3157 3431 3209 τὸν
3491 3151 3599 3207 νοῦν
3649 3147 3757 3201 ἐκλε-

598 3256 729 3294 πτεν
773 3240 999 3295 ἐκείνου.
1048 3242 1111 3294 Τί
1153 3238 1243 3297 οὖν
1280 3242 1407 3295 ἄλλο
1450 3243 1589 3315 μετὰ
1624 3243 1796 3299 ταῦτα
1828 3246 2160 3316 προσετέθη;
2200 3246 2310 3299 Καὶ
2345 3247 2448 3312 σὺ,
2484 3245 2670 3317 φησιν,
2726 3245 2955 3314 αὔριον,
2990 3247 3087 3300 καὶ
3130 3250 3165 3300 ὁ
3224 3250 3354 3313 υἱός
3397 3264 3505 3301 σου
3553 3240 3759 3297 Ἰωνάθην

598 3333 723 3402 μετ’
754 3333 902 3402 ἐμοῦ
938 3350 953 3365 ο
1010 3334 1110 3388 καί
1150 3336 1263 3402 τὴν
1309 3335 1692 3406 παρεμϐολὴν
1752 3338 1989 3407 Ἰσραὴλ
2036 3337 2215 3394 δώσει
2266 3343 2485 3408 Κύριος
2526 3343 2612 3405 εἰς
2645 3340 2848 3409 χεῖρας
2885 3339 3277 3406 ἀλλοφύλων.
3335 3338 3486 3392 Ἀλλά
3521 3333 3662 3390 ταῦτα
3693 3331 3763 3400 μὲν

600 3425 761 3495 ἐῴκει
793 3424 971 3493 λέγειν
1003 3426 1032 3477 6
1062 3425 1267 3496 δαίμων
1299 3428 1375 3490 ὡς
1406 3428 1533 3481 ἴδια.

680 3512 815 3572 Xill.
867 3516 1026 3572 Prius
1074 3525 1252 3573 autem
1296 3519 1427 3572 illttd
1466 3518 1904 3574 discutiendum:
1935 3535 2158 3585 verane,

2333 3518 2472 3570 Xlll.
2514 3508 2786 3587 Ζητητέον
2832 3516 2888 3568 δὲ
2938 3516 3162 3587 πότερον
3201 3514 3372 3585 ἀληθῆ
3416 3511 3758 3600 προύλεγεν,ὼς

600 3609 679 3664 ιιιὶ
707 3609 823 3679 ipse
852 3608 1219 3672 existimabat,
1253 3609 1691 3680 praadicebat;et
1727 3618 1911 3664 utrum
1935 3611 2161 3665 consul-
2200 3616 2205 3620 ’

602 3716 675 3767 te,
714 3721 783 3759 an
814 3720 943 3759 vero
983 3720 1115 3759 casu
1155 3712 1208 3760 et
1240 3705 1465 3760 fortuito
1497 3705 1851 3771 enuntiabat;
1882 3712 2162 3773 praaterea,

601 3813 671 3853 an
705 3796 993 3867 praesagire
1019 3797 1199 3867 aliqua
1242 3798 1435 3867 possit.
1481 3795 1720 3849 Primum
1761 3796 2001 3865 quidem,
2028 3793 2168 3850 Sau—

597 3887 706 3945 lem
758 3888 843 3943 die
891 3889 1139 3959 sequenti
1190 3898 1526 3960 peremptum
1572 3886 1762 3954 fuisse,
1794 3895 1855 3940 ut
1889 3894 2165 3957 spectrum

601 3979 928 4045 allirmabat,
958 3996 1069 4035 non
1099 3988 1342 4051 apparet.
1372 3979 1582 4050 Quippe
1627 3980 1673 4036 si
1719 3994 1970 4036 sermone
2002 3995 2161 4035 exce-

602 4079 719 4144 pto,
752 4087 986 4127 mmrore
1018 4073 1418 4139 invalescente,
1451 4089 1562 4127 non
1590 4073 1825 4127 comedit
1858 4088 2048 4143 panem
2082 4080 2159 4127 to-

600 4172 656 4221 ιο
675 4164 763 4220 die
790 4173 845 4220 et
865 4171 978 4219 tota
1002 4174 1162 4220 nocte
1188 4165 1279 4219 illa
1297 4205 1311 4228 ,
1329 4175 1389 4220 ut
1416 4164 1614 4219 divinae
1643 4172 1914 4220 testantur
1945 4164 2160 4232 litterae;

599 4264 722 4327 post
754 4256 868 4311 bare
901 4256 1096 4310 iterum
1134 4256 1333 4310 mulier
1369 4254 1686 4309 adhortatur
1713 4257 2072 4325 admonetque
2104 4262 2164 4309 ut

599 4347 780 4404 cibum
815 4353 1188 4417 praagustaret,
1214 4362 1335 4400 cum
1365 4348 1468 4401 iter
1484 4346 1701 4418 aggredi
1724 4346 1975 4411 deberet;
1994 4347 2166 4400 mani-

601 4436 799 4493 festum
830 4444 935 4500 est,
966 4436 1137 4511 altera
1176 4436 1387 4490 scilicet
1415 4434 1501 4491 die
1549 4444 1675 4505 post
1722 4434 1981 4490 diurnum
2030 4433 2162 4488 illud

600 4537 1043 4597 nocturnumque
1071 4534 1392 4597 perpetuum
1419 4526 1707 4596 jejunium,
1729 4525 1832 4594 ipsi
1865 4525 2012 4579 humi
2037 4541 2164 4596 pro-

599 4623 771 4671 strato
801 4617 1141 4687 persuasisse
1191 4622 1251 4668 ut
1283 4615 1533 4684 expedite
1586 4622 1915 4685 assurgeret,
1960 4616 2163 4671 decen-

599 4706 819 4776 tiusque
864 4706 1076 4762 sederet
1127 4706 1182 4760 in
1226 4720 1500 4760 scamno:
1546 4705 1776 4759 vitulum
1831 4721 1960 4762 vero
1999 4703 2159 4777 q'uem

601 4799 839 4856 habebat
858 4800 1175 4855 subrumum
1203 4806 1451 4869 prompte
1470 4804 1747 4867 arreptum
1774 4799 2164 4863 occidit,obso-

2265 3607 2428 3679 ᾤετο·
2472 3608 2565 3661 καὶ
2614 3607 2838 3677 πότερον
2893 3607 2998 3660 ἀπὸ
3047 3606 3243 3678 στόχου
3285 3606 3359 3677 (5)
3394 3607 3483 3659 καὶ
3532 3602 3758 3672 συγκυρίας

2266 3698 2630 3769 ἀπήγγειλεν*
2667 3698 2759 3751 καὶ
2790 3698 2922 3768 πρὸς
2965 3699 3056 3757 ἐπὶ
3083 3699 3300 3763 τούτοις
3351 3702 3398 3752 εἰ
3436 3696 3759 3769 προεγνωκέναι

2265 3791 2496 3860 ὴδύνατό
2527 3808 2668 3846 τινα.
2699 3790 2917 3862 Πρῶτον
2963 3790 3061 3860 μὲν
3096 3786 3195 3844 οὖν
3233 3793 3293 3844 ού
3334 3792 3560 3861 φαίνεται
3590 3790 3641 3857 τῇ
3669 3784 3759 3852 ἑξῆς

2265 3882 2446 3953 ἡμέρᾳ
2493 3881 2806 3951 διαφθαρεὶς
2844 3882 2873 3933 6
2908 3881 3110 3943 Σαοὺλ,
3157 3882 3239 3945 ὡς
3290 3882 3485 3950 ἔφασκε
3522 3879 3574 3932 τὸ
3617 3877 3763 3945 φάσμα

2266 3974 2630 4044 φθεγγόμενον
2650 3991 2663 4009 ν
2712 3976 2760 4026 εί
2810 3974 2917 4045 γὰρ
2948 3972 3187 4037 ἀκούσας
3228 3974 3336 4027 τῶν
3385 3974 3556 4042 λόγων,
3598 3971 3647 4021 ἐκ
3684 3964 3759 4033 τῆς

2264 4067 2401 4134 ἄγαν
2428 4064 2665 4135 ἀθυμίας
2689 4066 2788 4118 οὐκ
2809 4064 3007 4134 ἔφαγεν
3035 4064 3201 4137 ἄρτον
3225 4065 3355 4135 ὃλην
3381 4064 3473 4134 τὴν
3495 4058 3661 4131 ἡμέραν
3683 4052 3754 4106 καὶ

2263 4156 2388 4227 ὃλην
2439 4157 2538 4227 τὴν
2567 4155 2756 4218 νύκτα,
2809 4157 2991 4227 φησὶν,
3039 4156 3290 4226 ἐκείνην,
3327 4156 3461 4226 ὡςή
3498 4150 3586 4204 θεία
3612 4146 3751 4211 διαγο-

2266 4248 2414 4322 ρεύει
2460 4246 2671 4319 Γραφὴ,
2737 4246 2874 4318 μετά
2914 4246 2970 4299 δὲ
3010 4246 3168 4298 τοῦτο
3214 4244 3531 4318 παραινοῦσα
3556 4236 3679 4291 πάλιν
3722 4234 3752 4302 ἡ

2264 4321 2400 4409 γυνὴ
2422 4336 2760 4408 προῦτρεπεν
2789 4337 2987 4407 ἐδωδῆς
3011 4335 3277 4405 ἀψασθαι,
3308 4330 3624 4408 προκειμένης
3643 4321 3751 4377 ὁδώ

2266 4430 2549 4502 πρόδηλον,
2587 4432 2669 4484 ὅτι
2701 4435 2765 4502 τῇ
2794 4428 3022 4499 δευτέρᾳ
3041 4428 3311 4499 δήπουθεν
3337 4428 3521 4499 ἡμέρᾳ,
3550 4418 3660 4494 μετά
3681 4414 3756 4483 τὴν

2265 4522 2564 4577 πάννυκτον
2587 4523 2680 4575 καὶ
2704 4524 3021 4594 πανήμερον
3047 4520 3264 4590 ἐκείνην
3280 4518 3497 4580 ἀσιτίαν,
3520 4514 3667 4567 ἔπεισε
3683 4506 3756 4576 μὲν

2263 4613 2446 4675 αὐτὸν,
2478 4598 2856 4681 εἰς’τούδαφος
2893 4611 3221 4684 ἐρριμμένον
3253 4611 3500 4673 ἐκλύτως,
3521 4599 3753 4667 ἀναστῆναι

2264 4705 2357 4777 καὶ
2386 4704 2712 4775 καθεσθῆναι
2746 4703 3112 4774 κοσμιώτερον
3159 4703 3251 4756 ἐπὶ
3284 4701 3375 4755 τοῦ
3412 4700 3595 4768 δίφρου⁶
3635 4689 3681 4744 τὸ
3712 4685 3754 4741 δὲ

2267 4798 2587 4871 μοσχάριον,
2621 4799 2757 4870 ὅπερ
2799 4794 2909 4868 εἶχε
2951 4796 3276 4868 γαλαθηνὸν,
3316 4791 3529 4868 ἀμελητὶ
3566 4780 3749 4839 λαθοῦσα

601 4892 694 4947 nia
732 4892 861 4947 item
892 4892 1171 4946 instruens
1199 4898 1251 4946 et
1286 4904 1510 4961 azymos
1538 4890 1797 4961 subigens
1813 4890 1995 4945 edulia
2025 4906 2163 4960 pra:-

2267 4889 2491 4959 σφάττει
2513 4907 2525 4920 ’
2558 4888 2885 4959 ὀψοποιοῦσα
2907 4889 2963 4942 δὲ
2990 4890 3081 4943 καὶ
3106 4888 3375 4942 πέττουσα
3408 4884 3521 4947 τοὺς
3542 4878 3744 4961 ἀζήμουςγ

598 4984 830 5057 paravit,
867 4997 986 5053 qua:
1024 4982 1118 5038 ubi
1160 4982 1252 5036 illa
1296 4981 1499 5051 optime
1530 4982 1750 5039 condita
1777 4984 2161 5054 instructaque

599 5077 713 5150 regi
741 5084 796 5133 et
833 5076 953 5145 ejus
988 5074 1255 5131 ministris
1285 5076 1605 5141 obtulisset,
1641 5092 1738 5132 rex
1777 5075 2160 5131 admonitioni-

603 5167 704 5224 bus
730 5166 988 5222 delinitus
1015 5165 1198 5221 cibum
1221 5167 1454 5236 sumpsit
1482 5186 1495 5221 :
1534 5181 1759 5222 necesse
1797 5173 1881 5221 est
1906 5165 2080 5229 illum,
2115 5166 2162 5221 si

602 5267 763 5315 nocte
790 5261 942 5315 illinc
975 5274 1035 5315 se
1069 5257 1215 5314 foras
1257 5260 1547 5330 proripuit,
1595 5259 1719 5314 aliis
1755 5258 2035 5314 nocturnis
2062 5258 2165 5312 ho-

603 5350 681 5406 ris
704 5352 757 5407 in
779 5368 932 5408 suam
959 5366 1020 5408 se
1050 5352 1340 5408 stationem
1372 5352 1665 5422 recepisse.
1702 5350 1780 5405 Ita
1815 5357 1873 5405 ut
1901 5350 2016 5419 jam
2044 5365 2161 5404 ma-

2265 4980 2588 5053 ηύτρέπιζεν
2621 4980 2846 5045 ἐδωδάς·
2883 4981 3068 5052 ἐπειδὴ
3103 4979 3159 5034 δὲ
3197 4978 3514 5050 προσέφερεν
3535 4959 3743 5053 αὐτῷκαὶ

2263 5078 2378 5137 τοῖς
2427 5075 2565 5145 ἀμφ’
2597 5075 2758 5128 αὐτὸν
2801 5074 3265 5146 ἀριστοποιησασα
3295 5065 3590 5125 σπουδαίως,
3623 5059 3646 5110 6
3674 5052 3741 5123 μὲν

2266 5165 2450 5219 αὐτόθι
2485 5166 2665 5219 σιτίων
2694 5145 2913 5219 ἐλάϐετο
2944 5163 3305 5237 προτραπείς·
3336 5160 3531 5226 ἀνάγκη
3553 5152 3601 5205 δὲ
3626 5145 3737 5200 νοεῖνι

2267 5255 2342 5318 ὡς
2370 5257 2448 5318 είς
2480 5255 2643 5319 ἄλλας
2671 5256 2896 5326 ἀφίκετο
2925 5255 3232 5327 νυκτερὶους
3259 5250 3401 5324 ὧρας
3420 5289 3435 5313 ,
3461 5248 3597 5313 εἰπερ
3619 5237 3735 5327 ᾤχετο

2267 5344 2456 5406 νυκτὸς
2485 5345 2688 5398 ἐκεῖθεν
2730 5343 3053 5417 ἐξορμήσας.
3098 5326 3256 5396 Ὥστε
3284 5337 3432 5392 τοῦτο
3462 5333 3550 5405 μὲν
3583 5326 3735 5380 αὐτοτεσ

680 5467 726 5500 ⁸³
759 5466 788 5522 ι
812 5469 937 5540 Reg.
983 5487 1074 5533 xv,
1101 5469 1190 5525 28.
1269 5467 1350 5521 “l
1380 5467 1504 5537 Reg.
1530 5485 1638 5532 τιτι,
1675 5469 1761 5524 15.
1840 5468 1881 5500 ⁸⁸
1920 5466 1948 5520 Ι
1987 5465 2111 5537 Reg.
2141 5483 2163 5520 ι

2276 5480 2333 5527 ιι,
2372 5465 2459 5519 19.

674 5554 804 5633 (ᾖξ’).
824 5562 1258 5633 Ἐπιστάμενος.
1276 5563 1453 5633 Forte
1490 5564 1865 5633 ἐπιστάμενον.
1894 5560 2057 5633 Eutr.

671 5627 755 5753 35)
792 5630 930 5683 Ἀπὸ
975 5627 1227 5700 στόχου.⁷
1250 5632 1407 5687 Forte
1467 5633 1572 5686 ἀπὸ
1621 5627 1941 5704 στοχασμοῦ.
2000 5630 2164 5703 (Ἂπδ

702 5714 794 5753 νου
845 5700 936 5753 καὶ
993 5702 1305 5753 σ’δγκυοίας.
1335 5702 1632 5753 coniectura
1679 5714 1727 5753 et
1763 5718 1887 5753 casu
1922 5702 2156 5753 fortuito.

608 5700 794 5771 στόχου
845 5700 936 5753 καὶ
993 5702 1305 5772 συγκυρίας,
1335 5702 1632 5772 conjectura
1679 5700 1887 5760 εἴσατο
1919 5700 2156 5773 fortuito.

2280 5560 2472 5630 Στόκος
2513 5559 2837 5630 vocabulum
2871 5557 3140 5630 poeticum
3194 5562 3308 5620 est;
3368 5546 3503 5605 unde
3528 5538 3728 5598 εὔστοχος»

2268 5629 2508 5702 ἄστοχος.
2535 5629 2692 5686 Eutr.
2715 5641 2734 5709 )
