3962 6202
285 303 386 359 6M

1167 306 1252 359 DE
1280 298 1873 360 ENGASTRIMYTHO
1912 301 2191 358 CONTRA
2230 303 2602 361 ORIGENEM.

3417 315 3523 370 642

278 422 400 487 λῶς
451 422 726 492 ἐλέγχεται
770 422 1107 495 ψευσάμενος
1159 426 1187 476 ὁ
1247 425 1483 498 δαίμων·
1532 426 1590 479 ού
1632 424 1738 496 γὰρ
1787 421 1849 486 ὡς

1966 419 2163 478 nifesto
2189 424 2348 479 modo
2374 424 2642 479 mendacii
2673 424 2881 481 daemon
2930 427 3385 498 deprehendatur.
3418 430 3525 487 Ne-

286 510 467 579 εἲπεν,
501 514 716 582 Αὔριον
759 514 875 583 ἔσῃ
920 515 1000 568 σὺ
1037 518 1163 585 μετ’
1201 516 1377 586 ἐμοῦ,
1408 519 1628 587 γέγονεν
1662 516 1855 583 οὕτως,

283 607 526 679 ὁπηνίκα
545 607 642 677 τὴν
680 606 807 679 ἐξῆς
838 608 1030 661 αύτςσε
1074 607 1342 679 διέτριψεν
1381 609 1593 682 ἡμέραν
1639 611 1853 676 ἄσιτος·

287 694 409 752 εἶτα
436 700 497 768 τῇ
524 696 749 769 δευτέρα
773 697 871 768 τῆς
894 698 1091 769 ἐδωδῆς
1117 700 1389 770 ἁψάμενος
1418 698 1661 764 ἐϐάδιζεν
1691 702 1769 763 είς
1796 701 1858 754 τὸ

285 787 668 860 στρατόπδον.
700 788 833 858 Οὐχὶ
863 788 920 842 δὲ
946 789 1101 842 τοῦτο
1134 790 1291 861 μόνον
1317 791 1594 846 ἁλίσκεται
1623 792 1772 864 παρὰ
1796 793 1857 846 τὺ

280 882 510 951 γεγονὸς
543 881 799 954 εἰρηκὼς,
834 882 969 937 ἀλλά
995 885 1088 936 καὶ
1127 884 1217 937 τὸν
1260 885 1511 939 ἰωνάθαν
1541 886 1642 955 ἔφη
1682 886 1855 957 μονώ-

282 989 451 1027 τατον
478 972 613 1043 ὁμοῦ
652 972 729 1043 τῷ
761 974 927 1045 πατρὶ
969 973 1266 1045 καταλῆξαι
1294 975 1430 1046 πρὸς
1461 976 1619 1030 αὐτόν
1638 995 1651 1007 ·
1694 980 1758 1031 ἐκ
1798 978 1854 1031 δὲ

283 1064 399 1118 τῶν
432 1063 687 1118 ἐναντίων
716 1065 749 1134 ή
783 1064 1150 1136 διηγηματικὴ
1181 1063 1272 1117 τοῦ
1313 1066 1647 1137 Γράμματος
1673 1067 1855 1137 διαγο-

288 1156 442 1228 ρεύει
476 1156 647 1227 φωνὴ,
679 1155 769 1209 τὸν
799 1155 969 1208 Σαοὺλ
1000 1155 1115 1227 ἀμα
1143 1157 1317 1228 τρισὶν
1348 1156 1695 1229 ἀπεσφάχθαι
1725 1175 1853 1211 παι-

288 1248 398 1309 61v.
446 1247 560 1302 ἀλλ’
604 1248 700 1318 οὐχ
733 1248 811 1301 ἐνὶ
845 1248 1008 1319 μόνῳ,
1044 1248 1118 1312 ὡς
1145 1248 1342 1321 ἔφησεν
1389 1253 1610 1315 ἐκεῖνος.
1647 1250 1854 1304 Οὐκοῦν

284 1339 493 1414 ἀπορία
526 1340 882 1413 προγνώσεως
911 1341 1060 1394 οὐδὲν
1093 1340 1287 1413 ἀληθὲς
1319 1342 1528 1407 ἐξεῖπεν
1553 1345 1582 1397 ὁ
1610 1342 1816 1414 δαίμων
1834 1360 1849 1373 ·

283 1431 350 1486 οὐ
372 1432 483 1503 γὰρ
519 1431 583 1485 ἂν
612 1430 822 1486 ἐναντία
857 1431 963 1485 τῶν
993 1432 1290 1500 γεγονότων
1318 1433 1679 1505 ἀπήγγειλεν·
1718 1432 1855 1488 ἀλλά

286 1521 357 1577 τὰ
382 1522 462 1594 τῷ
501 1522 752 1595 Σαμουὴλ
791 1516 1054 1594 εἰρημένα
1092 1523 1372 1595 πρότερον,
1422 1525 1497 1589 ὡς
1531 1525 1686 1595 ἔφην,
1718 1526 1850 1579 ὐπο-

285 1611 515 1682 κλέψας,
543 1612 695 1681 ὀλίγα
721 1614 856 1667 ἄττα
887 1612 1177 1684 προσετίθη
1212 1614 1438 1679 τούτοις,
1478 1616 1542 1669 ἐκ
1573 1616 1681 1669 τῶν
1710 1616 1850 1670 είκό·

284 1719 395 1757 των
424 1703 750 1775 ὁμοιότροπα
781 1701 1117 1774 συμπλέξας·
1153 1703 1324 1769 οὕτως
1352 1706 1458 1778 ἄρα
1488 1708 1581 1762 καὶ
1623 1707 1848 1763 θάνατον

284 1793 499 1864 ήπείλει
529 1793 606 1864 τῷ
629 1793 881 1868 δυνάστῃ,
914 1797 1031 1857 ταῖς
1055 1796 1261 1849 ἐκείνου
1290 1799 1491 1867 φωναῖς
1524 1797 1851 1869 ἀποχρώμε-

283 1902 408 1949 νος·
444 1885 559 1940 ἀλλ’
598 1886 677 1939 ἐτι
706 1904 770 1956 γε
814 1889 909 1941 καὶ
939 1887 1034 1960 τὴν
1076 1889 1169 1942 τοῦ
1210 1888 1421 1962 Ἰσραὴλ
1464 1890 1709 1943 ἐκδοῦναι
1756 1908 1853 1947 παι

284 1979 556 2051 ρεμσολὴν
577 1981 905 2051 ὑπισχνεῖτο,
936 1982 1011 2053 τῷ
1034 1983 1125 2036 τὸν
1158 1986 1439 2056 προφήτην
1475 1983 1748 2056 ἐμϐριθῶς
1775 1986 1851 2039 εί-

285 2072 510 2143 ρηκέναι
554 2070 1093 2141 διασχισθήσεσθαι
1137 2075 1242 2128 τὸν
1288 2077 1461 2129 λαόν.
1532 2077 1705 2148 Ὁρῶν
1756 2074 1849 2132 οὖν

280 2165 756 2234 ἐπιτετειχισμένα
786 2166 1021 2236 πολέμου
1064 2169 1455 2240 μηχανήματα,
1498 2172 1592 2224 καὶ
1631 2172 1722 2224 τὸν
1754 2171 1848 2225 τοῦ

279 2254 413 2309 λαοῦ
449 2257 768 2327 προεστῶτα
814 2259 1055 2329 περιδεῆ,
1102 2261 1321 2332 προσέτι
1358 2262 1414 2315 δὲ
1469 2264 1562 2316 καὶ
1613 2263 1851 2318 καταλει-

281 2347 487 2417 φθέντα
537 2349 672 2421 πρὸς
724 2350 886 2403 αὐτοῦ
938 2351 1029 2404 τοῦ
1075 2352 1208 2405 Θεοῦ
1262 2353 1358 2425 (δι’
1393 2348 1467 2408 ὧν
1508 2357 1537 2408 ὁ
1584 2356 1851 2428 δυνάστης

279 2438 549 2510 ὡμολόγει
578 2442 986 2512 στοχαζόμενος,
1012 2444 1092 2497 ὅτι
1119 2444 1275 2518 δεῦρο
1309 2447 1628 2518 περαιοῦται
1660 2449 1720 2502 τὸ
1755 2448 1847 2503 τοῦ

281 2534 563 2603 προφήτου
604 2534 923 2605 κήρυγμα),
961 2535 1097 2606 πρὸς
1146 2536 1243 2601 τὰς
1275 2537 1575 2602 ἐνεστὼσας
1621 2542 1818 2612 ὑπεκρί

281 2642 416 2679 νατο
473 2628 709 2698 κινήσεις
757 2628 1088 2696 ἀναφωνεῖν·
1132 2629 1231 2682 ὅσα
1283 2631 1464 2701 μέντοι
1514 2632 1849 2703 προσέθηκεν

284 2713 395 2767 Et:
421 2715 539 2767 καθ’
558 2715 746 2777 ἐαυτά,
775 2716 1020 2787 φανερῶς
1042 2717 1181 2771 ἐάλω
1204 2718 1562 2790 ψευσάμενος·
1592 2708 1848 2796 οὕτε’γάρ

281 2806 387 2878 τὴν
434 2806 525 2859 τοῦ
574 2806 804 2860 θανάτου
843 2807 1071 2877 ἠδύνατο
1116 2816 1392 2881 προειπεῖν
1436 2813 1666 2884 ἡμέραν,
1726 2813 1846 2869 οῦτε

284 2897 388 2961 τὰς
419 2897 524 2951 τῶν
550 2898 709 2952 υἱέων
733 2897 825 2951 τοῦ
866 2900 1036 2954 Σαοὺλ
1064 2902 1389 2973 ἀναιρέσεις,
1420 2897 1495 2957 ὧν
1530 2906 1620 2957 ἐπὶ
1650 2906 1847 2976 ὀνόμα-

285 3006 380 3053 τος
406 2991 803 3062 ἐμνημόνευσεν
830 2994 861 3062 ἡ
902 2993 1111 3065 Γραφή.
1155 2995 1247 3049 Ἐκ
1278 2996 1333 3049 δὲ
1366 2996 1566 3051 τούτων
1597 2999 1656 3051 ού
1690 2998 1848 3069 χαλε-

1959 528 2065 583 que
2084 515 2252 578 enim,
2284 521 2342 568 ut
2397 514 2489 568 ille
2518 514 2751 579 dixerat,
2782 515 2918 569 Cras
2949 518 3053 571 eris
3086 527 3141 571 tu
3171 535 3528 584 mecum,cvc-

1956 608 2061 671 nit,
2101 623 2226 662 cum
2261 608 2333 663 ibi
2368 608 2456 664 die
2491 608 2737 680 sequenti
2766 609 2987 678 jejunus
3016 618 3384 666 commoratus
3409 611 3526 668 fue-

1961 701 2065 767 rit;
2092 701 2349 772 deinceps
2370 703 2563 766 altera,
2585 703 2709 756 cibo
2727 702 3033 772 degustato,
3052 704 3349 758 exercitum
3373 720 3529 777 repe-

1959 792 2128 848 tierit.
2165 792 2349 863 Neque
2396 800 2607 847 tantum
2653 794 2756 849 hoc
2807 795 2958 848 illum
2992 796 3310 850 ementitum
3354 795 3526 852 fuisse

1958 898 2022 939 ac
2055 886 2215 939 aliter
2243 900 2405 955 quam
2435 886 2678 941 evenerit
2722 886 3108 957 pronuntiasse
3140 887 3523 955 convincitur;

1956 977 2051 1033 sed
2081 974 2370 1031 Ionatham
2425 978 2600 1033 solum
2636 993 2746 1031 una
2782 991 2904 1031 cum
2936 984 3088 1047 patre
3117 976 3183 1031 ad
3235 977 3413 1049 ipsum
3443 978 3526 1033 di—

1955 1084 2241 1125 versurum
2274 1069 2410 1124 dixit
2434 1067 2456 1123 ':
2490 1085 2676 1124 verum
2714 1068 3044 1123 narrationis
3089 1069 3260 1125 series
3307 1069 3524 1125 Saulem

1956 1175 2078 1215 cum
2112 1160 2287 1215 tribus
2346 1159 2491 1223 liliis,
2531 1166 2585 1213 et
2639 1174 2745 1212 non
2807 1172 2915 1211 uno
2970 1159 3116 1222 solo,
3161 1168 3220 1213 ut
3252 1160 3340 1215 ille
3376 1160 3529 1215 dixe-

1954 1258 2059 1313 rat,
2084 1258 2380 1305 mactatum
2406 1248 2577 1305 fuisse
2606 1250 2821 1303 asserit.
2850 1248 3022 1321 Igitur
3054 1250 3409 1320 praenotionis
3437 1249 3527 1305 de-

1956 1343 2099 1399 fectu
2127 1342 2265 1397 nihil
2294 1341 2405 1396 veri
2434 1340 2644 1396 daemon
2688 1341 2873 1396 retulit
2904 1360 2917 1396 :
2948 1357 3124 1412 neque
3172 1342 3316 1396 enim
3366 1341 3528 1398 factis

1952 1434 2088 1505 ipsis
2119 1431 2417 1504 pugnantia
2467 1433 2810 1488 enuntiasset
2842 1450 2855 1483 :
2892 1431 2987 1485 sed
3012 1448 3040 1485 a
3090 1431 3343 1487 Samuele
3371 1434 3525 1503 prius

1952 1525 2268 1580 memoratis
2297 1525 2583 1594 surreptis,
2617 1526 2807 1594 paucis
2836 1523 3137 1587 nonnullis,
3173 1523 3349 1594 iisque
3378 1526 3525 1579 veri—

1952 1615 2242 1679 similibus,
2292 1614 2539 1673 annexis.
2583 1619 2811 1666 mortem
2844 1611 2956 1681 regi
2990 1612 3338 1681 praenuntiat,
3374 1611 3522 1665 illius

1951 1708 2179 1762 vocibus
2209 1706 2432 1761 abusus.
2470 1703 2725 1770 Quinimo
2747 1718 2869 1757 cum
2903 1702 3164 1773 propheta
3211 1703 3345 1757 satis
3369 1717 3524 1772 aper-

1955 1805 2010 1853 te
2032 1796 2373 1851 scindendum
2413 1794 2659 1865 populum
2693 1793 2944 1858 dixisset,
2978 1794 3095 1864 ipse
3142 1803 3319 1847 castra
3353 1792 3528 1849 Israel

1958 1888 2216 1943 tradenda
2243 1889 2618 1959 pollicebatur.
2657 1886 2844 1956 Itaque
2874 1901 2997 1940 cum
3039 1887 3377 1956 conspiceret
3425 1903 3525 1957 pa-

1955 1989 2106 2037 ratas
2136 1981 2262 2037 belli
2294 1981 2579 2034 machinas
2600 2018 2613 2041 ,
2642 1979 2833 2033 ducem
2868 1979 3052 2049 populi
3087 1979 3282 2034 timore
3318 1988 3526 2049 perter-

1954 2080 2145 2143 ritum,
2179 2076 2712 2136 contremisccntem,
2750 2075 2814 2128 ad
2863 2075 2976 2129 haec
3012 2074 3081 2128 ab
3122 2073 3240 2145 ipso
3276 2073 3388 2129 Dro
3430 2074 3526 2129 de-

1955 2170 2205 2225 relictum
2242 2166 2462 2238 (quibus
2495 2167 2752 2236 princeps
2794 2165 3107 2235 conjectura
3151 2181 3262 2219 non
3294 2166 3397 2220 levi
3430 2181 3521 2219 as-

1954 2266 2177 2316 secutus
2215 2257 2519 2329 pr0phetici
2552 2256 2761 2311 oraculi
2805 2256 2917 2325 jam
2950 2257 3110 2311 ﬁnem
3137 2272 3259 2312 esse
3285 2271 3524 2311 comme-

1954 2349 2243 2421 morabat),
2278 2348 2344 2403 ad
2385 2354 2682 2418 praesentes
2716 2354 2898 2401 motus
2928 2348 3231 2402 orationem
3286 2362 3516 2403 conver-

1955 2449 2069 2497 tere
2094 2441 2389 2496 simulavit.
2432 2439 2779 2508 Quzecunque
2829 2437 3012 2509 itaque
3059 2439 3126 2493 de
3160 2454 3260 2494 suo
3295 2437 3520 2505 addidit,

1955 2532 2062 2588 illis
2088 2540 2271 2602 aperte
2300 2531 2559 2585 mentitus
2574 2538 2656 2584 est
2680 2548 2693 2583 :
2718 2529 2917 2599 quippe
2948 2545 3121 2599 neque
3145 2530 3334 2585 mortis
3355 2528 3519 2593 diem,

1952 2640 2131 2695 neque
2177 2623 2407 2677 ﬁliorum
2463 2619 2644 2676 Saulis
2684 2636 2915 2690 quorum
2971 2608 3260 2690 Scriptura
3302 2619 3521 2674 nomina

1953 2716 2110 2777 dixit,
2144 2714 2323 2785 potuit
2357 2712 2667 2782 praesagire.
2699 2710 2795 2766 llis
2837 2710 2995 2765 facile
3027 2727 3319 2782 possumus
3348 2725 3521 2781 agno-

1955 2823 2126 2870 scere,
2173 2805 2307 2860 nihil
2338 2804 2639 2875 prnprium,
2677 2803 2814 2857 nihil
2844 2819 3031 2859 verum
3084 2802 3333 2873 spiritum
3383 2817 3523 2872 prae.

1954 2902 2258 2963 nuntiasse,
2278 2898 2372 2953 sed
2406 2895 2674 2952 Samuelis
2695 2897 2857 2953 verba
2884 2895 3205 2953 suﬁ‘uratum
3229 2905 3283 2950 et
3313 2904 3372 2949 ut
3402 2911 3523 2967 pro.

1954 2994 2073 3066 pria
2113 2993 2479 3048 venditantem
2534 2992 2881 3050 existimasse
2942 3005 3001 3046 se
3050 2976 3397 3061 prophetare,
3443 2999 3516 3054 et,

282 3082 403 3147 πῶς
425 3082 489 3137 ἆυ
525 3083 606 3155 εἴη
636 3087 794 3149 νοεῖν,
822 3086 896 3149 ὡς
935 3086 1083 3139 οὐδὲν
1116 3086 1243 3141 ἴδιον
1275 3088 1391 3142 οὐδὲ
1433 3089 1628 3160 ἀληθὲς
1669 3092 1848 3160 ἀπήγ-

1956 3085 2096 3156 quod
2119 3085 2447 3156 praecipuum
2480 3093 2582 3147 est,
2605 3101 2779 3156 neque
2800 3099 2863 3141 ca
2893 3083 3098 3152 absque
3133 3081 3413 3137 mendacio
3438 3079 3522 3135 di-

288 3177 431 3246 γειλε
462 3178 523 3230 τδ
566 3178 807 3249 πνεῦμα·
844 3180 931 3233 ὅτε
969 3180 1026 3233 δὲ
1059 3180 1151 3235 τοῦ
1193 3181 1444 3253 Σαμουὴλ
1483 3183 1847 3247 ὑπεξέκλεπτε

286 3268 529 3338 ῥήματα,
582 3268 753 3322 ταῦτα
798 3269 1244 3341 σφετεριζόμενον
1289 3271 1425 3342 ᾤετο
1469 3274 1848 3344 προφητεύειν.

295 3358 459 3413 Ἀλλά
483 3358 710 3430 μάλιστα
738 3361 833 3431 μὲν
864 3362 963 3414 ούκ
994 3360 1135 3414 ἔστιν
1158 3363 1350 3427 εἰπεῖν,
1392 3363 1473 3417 ὅτι
1499 3363 1657 3417 τοῦτο
1686 3366 1852 3438 πρού·

284 3454 518 3524 φήτευεν
561 3454 831 3523 ἀψευδῶς·
883 3456 931 3507 εί
974 3454 1019 3506 δ’
1063 3454 1170 3525 ἄρα
1220 3456 1314 3508 καὶ
1358 3455 1595 3527 πολέμου
1638 3457 1850 3527 γένεσιν

280 3545 646 3618 ἀνεκήρυττεν
672 3547 737 3600 τὰ
754 3547 849 3617 τῆς
877 3546 1266 3618 αἱματοχυσίας
1286 3549 1556 3619 ἀνήκεστα
1583 3550 1847 3622 ῥεύματα,

281 3633 368 3698 τίς
407 3637 436 3687 ὁ
466 3634 573 3687 τῶν
606 3635 855 3688 ἁπάντων
883 3635 1051 3699 αἴτιός
1094 3638 1206 3690 ἐστι
1238 3636 1521 3707 πολέμωνς
1549 3639 1644 3708 οὐχ
1677 3640 1706 3691 ὁ
1736 3640 1850 3694 διά-

282 3723 470 3791 ϐολος
529 3727 639 3780 Οὐκ
686 3727 845 3791 αὐτὸς
901 3726 1197 3800 ἐξῃτήσατο
1250 3728 1341 3781 τὸν
1406 3727 1560 3794 Ἰώ6;
1615 3731 1712 3785 οὐκ
1752 3733 1848 3784 ἐπ-

280 3821 506 3892 ήγειρεν
537 3819 681 3889 αὐτῷ
702 3820 933 3892 πόλεμον
964 3821 1220 3893 ἐξαίφνης
1245 3822 1574 3893 ἀκήρυκτον,
1610 3826 1668 3877 οὐ
1699 3827 2208 3900 μεταμορφούμενος
2250 3824 2431 3878 ἄλλοθι
2457 3822 2650 3887 ἄλλως,
2682 3820 3011 3890 αὐτάγγελος
3045 3819 3160 3889 ἅμα
3190 3818 3282 3873 καὶ
3313 3817 3519 3890 μάρτυς
3620 3843 3625 3849 ο

1951 3180 2188 3233 vinasse.
2225 3177 2282 3232 Si
2313 3195 2441 3249 ergo
2471 3186 2525 3233 et
2571 3178 2837 3232 bellorum
2886 3188 3050 3231 a‘stus
3084 3174 3520 3245 cﬁ'usionumque

1954 3271 2240 3341 sanguinis
2269 3271 2469 3323 ﬂuenta
2500 3268 2878 3323 crudelissima
2903 3269 3239 3337 praecineret,
3264 3268 3388 3337 quis
3403 3282 3520 3321 om-

1953 3363 2103 3418 niiun
2152 3369 2237 3417 est
2289 3362 2442 3432 origo
2490 3360 2793 3415 bellorum?
2843 3374 3023 3414 nonne
3075 3361 3189 3429 ipse
3236 3359 3522 3415 diabolus?

1951 3454 2143 3509 Nonne
2194 3451 2387 3507 Jobum
2443 3453 2557 3521 ipse
2604 3450 2884 3521 deposcit?
2929 3467 3108 3505 nonne
3152 3450 3254 3519 ipsi
3317 3450 3518 3505 bellum

1956 3547 2289 3604 inexorabile
2327 3545 2624 3599 excitavit?
2656 3559 2839 3598 nonne
2871 3543 3069 3613 saepius
3095 3545 3149 3595 in
3183 3542 3365 3598 varias
3403 3540 3518 3595 for-

1956 3656 2074 3696 mas
2099 3646 2337 3693 mutatus
2372 3638 2487 3707 ipse
2518 3636 2743 3692 nuntius
2774 3635 2934 3690 simul
2968 3643 3021 3689 et
3051 3633 3228 3696 testis,
3257 3639 3311 3687 et
3343 3632 3518 3686 tribu-

1957 3750 2062 3789 nus
2084 3733 2338 3793 militum,
2358 3730 2412 3783 in
2433 3730 2709 3783 hominum
2733 3730 2941 3783 viscera
2962 3733 3255 3795 penetrans
3272 3722 3517 3781 exstitit?

279 3912 533 3980 ἐγίγνετο
568 3913 661 3965 καὶ
709 3911 1067 3983 πολέμαρχος,
1112 3914 1192 3976 είς
1244 3912 1312 3966 τά
1355 3913 1461 3966 τῶν
1496 3916 1794 3988 ἀνθρώπων
1827 3919 2071 3973 ἐντόσθια
2099 3916 2430 3987 παρεισδύς;

354 4006 498 4059 XIV.
545 4004 704 4058 Ἀλλά
727 4004 929 4074 ἀσαφὲς
955 4000 1089 4058 εῖναι
1112 4006 1171 4059 τὸ
1204 4006 1387 4077 σχῆμα
1418 4009 1723 4079 νενόμισται
1742 4013 1854 4074 τοῖς

281 4094 529 4158 πολλοῖς·
581 4095 717 4148 ίτέον
753 4092 845 4147 οῦν
871 4094 1176 4158 ἀκολούθως
1203 4097 1281 4159 είς
1305 4097 1372 4150 τά
1400 4098 1497 4169 τῆς
1525 4100 1713 4171 τρίτης
1742 4098 1849 4152 τῶν

2032 4009 2173 4065 XIV.
2210 4009 2313 4065 Sed
2343 4009 2460 4063 haec
2500 4007 2673 4061 forma
2709 4014 2870 4075 atque
2908 4003 3077 4075 ﬁgura
3108 4004 3519 4074 quamplurimit'

1955 4104 2187 4159 obscura
2219 4103 2465 4157 videtur:
2501 4097 2879 4169 itaqueordine
2902 4111 3014 4150 non
3042 4095 3259 4150 inverso
3282 4095 3399 4166 ipsa
3414 4092 3522 4151 Re-

280 4187 585 4243 Βασιλειῶν
620 4190 759 4258 ἴχνη.
808 4188 1060 4241 Φαίνεται
1096 4187 1274 4241 τοίνυν
1318 4191 1466 4254 ὅπως
1507 4192 1535 4243 ὁ
1567 4193 1848 4264 προφήτης

1956 4210 2183 4267 gnorum
2229 4193 2457 4249 historia
2508 4190 2631 4244 libri
2678 4188 2821 4245 tertii
2874 4186 3245 4256 investiganda
3291 4194 3392 4242 cst.
3440 4184 3517 4244 lbi

284 4283 630 4352 ἐπερωτᾶται
651 4280 887 4351 Μιχαίας
911 4280 1014 4334 ὑπὸ
1035 4280 1129 4335 τοῦ
1159 4280 1383 4351 Ἀχαά6·
1419 4282 1531 4336 ἀλλ’
1553 4284 1849 4357 ἐπειδήπερ

281 4372 627 4446 ἠναγκάζετο
670 4371 872 4442 τάληθῆ
913 4369 1091 4440 λέγειν
1135 4372 1629 4443 ἀπαρακαλύπτως,
1669 4375 1847 4445 ἑωρα-

1955 4288 2232 4361 quippe",
2263 4296 2321 4341 ιιι
2351 4292 2593 4357 apparet,
2632 4281 2882 4337 Michmas
2930 4279 3191 4351 propheta
3221 4278 3291 4334 ab
3334 4277 3520 4333 Achab

1954 4383 2325 4450 interrogatur
2350 4398 2363 4433 :
2398 4378 2489 4433 sed
2517 4391 2641 4431 cum
2668 4389 2794 4429 vera
2820 4372 2974 4426 fateri
3007 4379 3311 4442 cogeretur,
3342 4371 3517 4440 palam

283 4466 458 4523 κέναι
487 4466 585 4536 μὲν
617 4465 817 4533 ἔφασκε
850 4464 956 4517 τὸν
986 4466 1204 4533 Κύριον
1224 4465 1323 4518 ἐπὶ
1354 4467 1568 4534 θρόνου
1600 4466 1849 4536 καθήμε-

1956 4490 2014 4530 sc
2049 4472 2332 4526 Dominum
2378 4469 2601 4531 vidisse,
2658 4467 2766 4533 ait,
2819 4464 3078 4520 sedentem
3126 4478 3279 4532 super
3327 4462 3516 4517 solium

279 4575 417 4624 νον,
441 4554 567 4611 εἶτα
599 4558 696 4610 καί
730 4557 1010 4624 στρατιὰς
1040 4555 1283 4610 ἑστάναι
1312 4557 1442 4624 περὶ
1468 4556 1654 4611 αὐτὸν
1678 4560 1850 4626 σειρα-

282 4649 460 4714 νίους
481 4649 550 4702 ἐκ
572 4665 637 4701 τε
659 4647 870 4712 δεξιῶν
897 4648 1015 4719 ἅμα
1042 4648 1138 4703 καὶ
1166 4650 1483 4717 εὐωνύμων
1499 4666 1511 4678 ·
1536 4648 1668 4720 ὁμοῦ
1700 4650 1755 4703 δὲ
1780 4654 1846 4721 τῇ

281 4741 386 4812 τῆς
417 4739 590 4810 ὅψεως
646 4740 873 4813 ἱστορία,
922 4742 1016 4795 καλ¹
1066 4742 1246 4811 φωνῆς
1304 4740 1501 4811 ἔφησεν
1559 4742 1851 4814 ἀκηκοέναι

283 4833 502 4887 τοιᾶσδέ
533 4850 702 4897 τινος·
734 4835 826 4899 Τίς
850 4832 1143 4899 ἀπατήσει
1166 4833 1273 4885 τὸν
1310 4834 1535 4903 Ἀχαὰϐ,
1580 4834 1675 4888 καί
1704 4835 1849 4889 dra-

284 4927 535 4995 ϐήσεται
563 4928 650 4992 είς
695 4923 947 4996 Ῥεμμὼδ
973 4925 1235 4990 Γαλαὰδ,
1267 4926 1363 4979 καὶ
1390 4925 1655 4980 πεσεῖται
1692 4925 1851 4989 ἐκεῖ;

282 5019 588 5091 τηνικαῦτα
613 5019 669 5072 δέ
693 5035 874 5090 φησιν,
906 5016 1014 5089 [ἵνα
1034 5017 1101 5071 τὰ
1131 5019 1187 5071 ἐν
1212 5018 1361 5089 μέσῳ
1388 5018 1718 5090 παραλείψας
1742 5018 1850 5089 ἐρῶ

284 5111 353 5167 τὸ
388 5109 773 5183 ζητούμενον]
818 5108 1070 5177 Ἐξῆλθε
1114 5110 1367 5179 πνεῦμα,
1422 5109 1522 5163 καί
1561 5109 1707 5177 ἔστη
1749 5108 1842 5163 ἐν·

280 5205 477 5258 ώπιον
510 5204 750 5271 Κυρίου,
791 5204 884 5257 καὶ
917 5199 1102 5257 εἶπεν·
1142 5202 1287 5271 Ἐγὼ
1317 5200 1603 5268 ἀπατήσω
1632 5203 1843 5256 αὐτόν·

283 5299 361 5365 ὡς
398 5299 456 5352 δὲ
504 5300 533 5351 ὁ
571 5298 772 5369 Κύριος
804 5296 1207 5363 ἀνθυπενέγκας
1253 5294 1515 5365 ἔφρασεν,
1575 5294 1669 5346 Ἐν
1697 5294 1850 5357 τίνι;

285 5389 657 5462 ἀνθυποφέρει
710 5388 901 5443 πάλιν·
978 5387 1428 5455 Ἐξελεύσομαι,
1482 5385 1577 5439 καὶ
1640 5387 1851 5454 ἔσομαι

287 5480 527 5550 πνεῦμα
561 5479 782 5548 ψευδὲς
813 5479 883 5533 ἐν
917 5480 1171 5549 στόματι
1202 5477 1441 5532 πάντων
1472 5478 1590 5533 τῶν
1622 5494 1849 5548 προφη-

289 5573 409 5628 τῶν
433 5571 641 5626 αὐτοῦ.
669 5571 813 5644 Πρὸς
837 5570 1006 5626 ταῦτα
1032 5571 1131 5643 μέν
1150 5567 1242 5625 οῦν
1268 5570 1486 5644 εἴρηκεν
1512 5573 1541 5626 ὁ
1570 5571 1847 5643 κρείττων·

361 5727 405 5759 δ’
438 5723 534 5779 Ill
564 5722 688 5795 Reg.
710 5740 844 5793 xm,
882 5723 949 5781 i9
979 5732 1032 5782 et
1061 5740 1179 5795 sqq.

1955 4580 2147 4627 suum;
2174 4563 2412 4632 deinceps
2440 4561 2699 4617 exercitus
2730 4559 2977 4612 assistere
2998 4558 3045 4611 ei
3078 4556 3305 4610 cwlestes
3343 4565 3450 4608 tum
3486 4573 3517 4608 a

1955 4654 2154 4709 dextris
2200 4661 2305 4705 tum
2356 4669 2387 4704 a
2421 4649 2686 4711 sinistris;
2730 4660 2853 4699 cum
2888 4644 2989 4699 hac
3016 4642 3223 4697 visione
3252 4648 3306 4696 et
3331 4654 3516 4694 vocem

1957 4746 2175 4801 audisse
2207 4743 2375 4798 tradit
2412 4736 2830 4811 hujuscemodi:
2865 4735 2994 4801 Quis
3044 4732 3264 4801 decipiet
3315 4728 3516 4794 Achab,

1956 4848 2006 4892 et
2050 4837 2290 4893 ascendet
2334 4836 2388 4890 in
2424 4831 2670 4889 Remmod
2710 4826 2945 4893 Galaad,
2976 4838 3023 4882 et
3069 4826 3215 4881 cadet
3249 4825 3518 4881 ibi?tunc

1959 4929 2163 4991 subdit,
2194 4935 2254 4983 ut
2286 4925 2480 4982 mediis
2513 4924 2729 4979 silentio
2752 4920 3021 4976 obvolutis
3048 4917 3399 4989 quaestionem
3422 4933 3520 4971 ex-

1956 5023 2147 5077 tricem
2186 5041 2199 5076 :
2235 5018 2489 5091 Egressus
2531 5025 2609 5071 est
2637 5015 2876 5084 spiritus,
2905 5021 2952 5067 et
2986 5013 3125 5067 stetit
3183 5026 3361 5065 coram
3411 5006 3519 5063 Do-

1960 5118 2123 5175 mino,
2159 5121 2207 5167 et
2237 5115 2313 5166 ait
2343 5129 2361 5166 :
2411 5109 2520 5181 Ego
2552 5108 2802 5176 decipiam
2839 5105 3027 5168 illum;
3057 5118 3086 5157 a
3122 5117 3230 5173 quo
3270 5117 3391 5157 cum
3426 5116 3519 5170 pe.

1955 5211 2089 5258 teret
2114 5202 2373 5257 Dominus
2407 5219 2421 5256 :
2458 5198 2524 5254 In
2559 5201 2707 5270 quo?
2741 5213 2958 5253 rursum
2977 5191 3264 5265 respondet
3302 5208 3315 5245 :
3349 5188 3517 5261 Egreo

1955 5297 2099 5359 diar,
2129 5305 2177 5350 et
2203 5311 2292 5350 ero
2335 5294 2551 5364 spiritus
2598 5288 2823 5346 mendas:
2872 5289 2925 5342 in
2976 5303 3064 5341 ore
3112 5285 3346 5339 omnium
3393 5298 3517 5351 pro-

1955 5387 2227 5457 phetarum
2260 5385 2427 5440 illius.
2469 5383 2565 5438 His
2603 5385 2782 5453 potior
2820 5378 2954 5433 dixit
2989 5396 3002 5432 :
3047 5376 3277 5443 Decipies
3302 5385 3347 5429 et
3377 5388 3515 5444 prat-

1954 5476 2171 5534 valebis.
2223 5469 2292 5530 Et
2339 5490 2476 5529 nunc
2519 5473 2658 5543 jam,
2714 5473 2808 5535 ait,
2870 5467 3132 5540 egredere,
3185 5477 3235 5522 et
3292 5468 3377 5538 fac
3413 5468 3511 5520 ita.

1961 5569 2091 5640 Qua:
2109 5584 2231 5626 cum
2261 5566 2522 5641 propheta
2550 5564 2663 5638 regi
2695 5568 2991 5628 narrasset,
3008 5560 3155 5618 illico
3168 5560 3352 5619 subdit
3375 5580 3385 5590 -
3411 5557 3522 5614 De-
