3898 6196
641 276 746 332 645

1588 270 1648 328 S.
1692 265 2061 325 EUSTATHII
2091 263 2398 321 EPISCOPI
2438 262 2855 321 ANTIOCHEN!

638 389 721 445 dit
746 389 999 444 Dominus
1037 387 1251 455 spiritus
1298 386 1555 440 mendacii
1594 386 1650 440 in
1690 402 1778 441 ore
1810 386 2040 439 omnium
2090 398 2203 453 pro-

2317 381 2683 448 Ἀπατήσεις,
2712 383 2814 435 καί
2838 398 2902 451 γε
2936 380 3203 449 δυνήσῃ.
3228 379 3336 433 Καὶ
3368 379 3513 433 νῦν
3548 378 3745 442 ἰδοὺ,

638 483 913 554 pltetarum
946 491 1153 532 tuorum
1204 478 1294 548 qui
1331 478 1415 531 hic
1449 487 1595 542 sunt,
1632 486 1682 531 et
1713 477 1968 531 Dominus
2001 476 2203 529 locutus

638 583 720 630 est
744 582 929 627 contra
957 579 1006 624 te
1034 570 1198 624 mala.
1235 570 1373 641 Ergo
1403 570 1447 626 si
1481 570 1732 640 spiritum
1759 569 1904 626 hunc
1928 567 2020 639 qui
2053 583 2204 622 men-

638 664 779 719 dacii
805 663 907 716 fuit
936 673 1149 724 auctor,
1182 662 1405 717 minime
1428 663 1629 716 bonum
1653 659 1747 716 sed
1782 675 2007 730 pravum
2040 658 2207 715 fuisse

639 757 942 826 intelligere
969 769 1195 810 necesse
1214 754 1306 815 sit,
1338 753 1603 823 sequitur,
1636 751 1783 806 hunc
1814 752 1943 806 item
1975 751 2203 806 creden-

637 847 767 901 dttm
821 847 990 902 fuisse
1032 845 1234 900 diaboli
1267 846 1705 898 instrumentum.
1753 841 1888 897 Cum
1936 850 2116 896 autem
2149 856 2208 896 re

638 938 756 1009 ipsa
802 938 876 992 illi
929 937 1225 1007 contigisse
1270 942 1618 1006 pateat,ergo
1643 935 1797 1005 prius
1825 934 2070 989 audierat
2097 947 2207 1003 quo

603 1088 610 1095 _
638 1034 799 1096 pacto
826 1026 1248 1082 Scelestissimus
1266 1024 1453 1078 Achab
1470 1023 1535 1077 ad
1570 1024 1769 1078 bellum
1801 1023 2099 1093 procedens
2113 1038 2207 1077 oc-

639 1119 926 1173 cubiturus
969 1125 1135 1172 esset.
1184 1114 1318 1169 Nam
1366 1115 1456 1169 ille
1488 1115 1830 1169 mendacium
1859 1129 1956 1186 pro
1978 1116 2207 1169 veritate

639 1205 933 1261 obtrudere
989 1205 1179 1267 voluit,
1229 1212 1290 1259 ut
1330 1204 1453 1258 belli
1508 1219 1731 1259 causam
1787 1205 2072 1259 moliretur
2100 1206 2205 1260 im-

638 1300 900 1370 piumque
932 1295 1183 1366 perderet
1218 1294 1453 1365 turpius.
1489 1293 1567 1349 Ita
1592 1303 1651 1350 ut
1681 1296 1831 1351 hisce
1865 1297 2053 1358 rebus.
2090 1311 2207 1350 ma-

638 1391 690 1444 la
723 1403 844 1459 quae
871 1385 1119 1442 scelestis
1165 1386 1477 1442 inferuntur
1515 1387 1792 1442 diabolum
1843 1388 2203 1458 praescivisse,

637 1479 991 1534 manifestum
1034 1480 1125 1545 sit,
1162 1493 1286 1533 cum
1320 1479 1679 1549 pessimorum
1712 1480 1954 1533 omnium
1984 1481 2100 1552 ipse
2136 1481 2208 1536 sit

638 1572 838 1644 Opifex.
868 1570 925 1626 In
950 1570 1113 1626 Saule
1133 1586 1261 1625 vero
1283 1571 1544 1641 quidquid
1567 1586 1598 1626 e
1625 1586 1682 1626 re
1696 1572 1911 1642 propria
1937 1570 2204 1629 Samuelis

641 1664 882 1720 oraculis
897 1664 1104 1720 addens
1135 1664 1451 1727 immiscuit,
1481 1678 1593 1718 non
1622 1671 1829 1718 tantum
1856 1664 2206 1735 probabiliter

2304 473 2531 539 ἔξελθε,
2567 475 2663 528 καί
2693 475 2955 541 ποίησον
2981 473 3188 538 οὕτως.
3234 472 3292 525 Ὀ
3331 471 3407 525 δὲ·
3436 472 3748 544 προφήττ

2303 564 2472 618 ταῦτα
2500 564 2577 635 τῷ
2612 564 2819 635 βασιλεῖ
2845 563 3194 636 διηγούμενος
3222 562 3437 626 εὐθέως
3474 563 3748 635 ὲπιφέρε

2303 653 2492 708 δωκεν
2514 658 2546 709 ὀ
2582 655 2726 721 Θεὸς
2754 654 2989 723 πνεῦμα
3013 652 3236 722 ψευδὲς
3261 655 3331 707 ἐν
3357 655 3673 723 στόματι
3715 672 3748 705 ,π

2304 745 2423 801 τῶν
2450 747 2767 817 προφητῶν
2789 764 2906 801 σου
2935 749 3175 811 τούτων,
3219 746 3317 799 καὶ
3351 744 3693 814 excid-nas
3741 791 3748 799 .

2301 837 2398 891 ἐπὶ
2449 836 2523 891 σὲ
2564 837 2736 891 κακά.
2783 836 3078 909 Τοιγαροῦν
3124 836 3279 912 εἴπερ
3326 838 3584 908 ἀνάγκη
3650 856 3748 892 νοε

2304 929 2524 999 ἀγαθὸν,
2553 930 2688 985 ἀλλὰ
2714 930 2948 999 πονηρὸν
2978 926 3113 984 εἶναι
3138 930 3292 984 τοῦτο
3318 931 3385 984 τὺ
3416 930 3717 1002 πνεῦμα,

2303 1022 2663 1093 ψευδηγορίας
2716 1024 2907 1089 αἴτιον,
2960 1022 3245 1076 ἀκόλουθον
3300 1023 3749 1094 ὑπολαμϐάνει

2304 1113 2461 1168 τοῦτο
2487 1114 2546 1167 τὸ
2574 1113 2874 1168 διαϐολικὸν
2904 1115 3131 1185 ὄργανον
3166 1114 3468 1186 ὑπάρχειν.
3508 1115 3591 1168 Et
3624 1115 3696 1168 δὲ
3748 1136 3749 1167 :

2304 1205 2684 1259 ἀποδείκνυται
2737 1205 2894 1259 τοῦτο
2963 1202 3122 1270 εἶναι,
3181 1207 3557 1278 προακήκοεν
3643 1207 3750 1277 ἄρα

2305 1298 2532 1369 ἠμελλεν
2581 1302 2610 1353 6
2641 1299 2833 1369 μιαρὸς
2896 1298 3098 1369 Ἀχαάὁ
3141 1301 3221 1362 είς
3260 1298 3517 1369 πόλεμον
3554 1298 3750 1352 ἀπιὼε

2307 1390 2588 1462 θνήσκειν·
2630 1390 2759 1444 αὐτὸ
2793 1389 2902 1461 γὰρ
2933 1391 3131 1460 ἠξίωσε
3158 1389 3218 1442 τὸ
3240 1389 3440 1460 ψεῦδος
3489 1390 3643 1444 ἀντὶ
3683 1391 3750 1443 τσῗ

2307 1483 2457 1547 θείας
2485 1483 2785 1547 ἐκϐάλλειν,
2815 1483 2902 1536 ἵνα
2923 1483 3154 1552 πολέμου
3180 1482 3397 1551 γένεσιν
3421 1483 3619 1537 αὐτου
3630 1486 3750 1554 ργή

2305 1572 2586 1644 διαφθείρῃ
2612 1572 2702 1625 τὸν
2739 1572 2922 1626 ἄδικον
2958 1572 3202 1641 αίσχίως.
3242 1572 3406 1625 Ὥστε
3446 1573 3561 1626 καὶ
3597 1573 3705 1625 διὰ
3739 1592 3750 1607 ο

2306 1664 2683 1718 ἀποδείκνυται
2718 1664 2825 1717 τῶν
2853 1664 3050 1737 ἔργων,
3096 1665 3178 1717 ὅτι
3225 1662 3293 1716 τὰ
3337 1665 3502 1717 κακὰ
3538 1668 3677 1728 τοῖς
3734 1667 3750 1718 c'

640 1756 922 1821 mentitus,
949 1756 1045 1811 sed
1078 1755 1239 1827 impie
1279 1754 1689 1825 irreligioseque
1717 1756 1933 1813 locutus
1982 1766 2089 1813 est.
2136 1756 2203 1813 At

2306 1756 2676 1827 ἐπιφερόμενα
2709 1735 3132 1829 προμεμάθηκεν
3177 1760 3205 1811 6
3241 1756 3525 1823 διάϐολος,
3578 1758 3750 1811 ὲπειξ

642 1848 876 1918 primum
908 1848 1053 1902 illius
1081 1847 1304 1917 impium
1332 1845 1536 1901 dictum
1562 1848 1648 1903 vel
1686 1847 1812 1903 inde
1848 1848 2200 1919 deprehendi-

641 1948 765 1995 tur:
795 1940 1026 2009 primum
1058 1939 1276 2009 quidem
1308 1939 1483 2009 quod,
1516 1939 1972 2009 quemadmodum
2022 1940 2206 1997 Domi-

639 2046 746 2087 nus
772 2031 1100 2100 latroni,qui
1129 2031 1278 2099 regni
1313 2031 1433 2101 ejus
1464 2032 1760 2101 potentiam
1776 2031 2065 2088 confessus
2089 2032 2207 2090 fue-

639 2129 760 2185 rat,
793 2122 931 2175 dixit
969 2122 1015 2153 ⁸³
1054 2142 1065 2177 :
1098 2122 1267 2177 Hodie
1314 2140 1512 2187 mecum
1555 2126 1659 2178 eris
1708 2125 1762 2177 in
1810 2124 2095 2193 paradiso;
2132 2126 2205 2180 ita

636 2224 693 2271 ct
724 2214 812 2268 hic
862 2215 1077 2268 illorum
1129 2215 1405 2278 imitator,
1461 2214 1612 2270 Sauli
1661 2217 1886 2287 magicis
1933 2218 2205 2275 vaticiniis

637 2306 885 2376 expletis,
930 2306 1152 2361 dolosus
1200 2306 1396 2362 artifex
1445 2309 1789 2363 enuntiavit:
1822 2307 1957 2363 Cras
2008 2310 2111 2363 eris
2148 2318 2204 2363 tu

637 2415 859 2459 mecum,
888 2408 934 2452 et
960 2397 1231 2452 Jonathan
1258 2399 1405 2468 ﬁlius
1430 2409 1549 2454 tuus
1581 2400 1665 2452 “..
1694 2398 1966 2463 Secundo,
1994 2401 2202 2471 justum

636 2491 708 2546 ab
738 2490 940 2559 iniusto
980 2490 1113 2544 nihil
1146 2491 1339 2546 abesse
1369 2500 1602 2545 conatur
1635 2492 1885 2561 probare,
1912 2502 1970 2546 ut
2011 2492 2204 2548 callide

637 2582 854 2652 piorum
891 2591 1122 2636 conatus
1168 2590 1333 2651 atque
1374 2583 1607 2653 impetus
1639 2584 1980 2652 comprimat.
2014 2583 2203 2650 Nemo,

637 2679 698 2725 ut
716 2670 953 2733 videtur,
988 2671 1143 2740 plane
1185 2687 1294 2725 non
1328 2672 1499 2735 novit,
1539 2672 1743 2725 nullam
1796 2671 1938 2726 inter
1992 2672 2203 2728 fidelem

634 2768 693 2818 et
744 2761 1019 2818 infidelem
1064 2763 1503 2817 communionem
1565 2763 1949 2819 intercedere:
1993 2780 2205 2820 necnon

637 2867 853 2918 rursus,
889 2868 998 2924 quo
1052 2860 1210 2923 pacto
1261 2855 1354 2925 qui
1411 2855 1724 2911 divitiarum
1756 2858 1912 2928 copia
1964 2857 2205 2928 profusis

636 2950 945 2998 marcuerat
974 2942 1171 3012 epulis,
1205 2942 1361 3014 longe
1395 2959 1427 2998 a
1473 2942 1663 2998 Lazari
1699 2947 2059 3002 contubernio
2118 2965 2206 3005 se-

2307 1846 2566 1918 ὲχθίστων
2590 1852 2617 1903 6
2640 1850 3054 1922 δραματουργὸς
3086 1850 3248 1912 αὑτός
3270 1850 3419 1905 ἐστιν
3442 1852 3748 1904 ἁπάντων

2310 1936 2488 2006 μέντοι
2511 1937 2605 1990 τοῦ
2630 1938 2818 2001 Σαοὺλ,
2848 1939 2948 1991 ὅσα
2980 1937 3237 2010 προσθεὶς
3258 1939 3349 2010 ἀφ’
3376 1939 3595 1992 ἑαυτοῦ
3630 1958 3749 1993 συν

2306 2033 2417 2093 τοῖς
2454 2028 2544 2082 τοῦ
2576 2029 2825 2101 Σαμουὴλ
2864 2030 3298 2103 ἀποφθέγμασιν,
3332 2030 3395 2084 οὐ
3433 2032 3617 2102 μόνον
3652 2031 3752 2100 ﬁt}:

2308 2120 2565 2185 πιθανῶς,
2609 2120 2743 2175 ἀλλά
2776 2122 2869 2175 καὶ
2907 2122 3326 2196 ἐϐλασφήμησεν
3360 2122 3620 2187 ἀσεΰῶς.
3678 2125 3751 2175 Ἐκ

2307 2211 2469 2264 ποθὲν
2499 2211 2888 2284 διελέγχεταιέ)
2918 2214 3105 2286 πρώτη
3150 2215 3434 2287 δυσφημία
3453 2233 3469 2245 ·
3510 2217 3752 2288 Πρῶτοι

2305 2303 2387 2356 ὅτι
2418 2288 2554 2357 κατά
2576 2305 2823 2376 μίμησιν,
2845 2305 2919 2369 ὡς
2941 2307 2970 2358 6
2993 2307 3193 2377 Κύριος
3217 2307 3320 2379 ἔφη
3342 2306 3423 2379 τῷ
3444 2308 3665 2381 λῃστῇ,
3702 2308 3752 2360 τί

2305 2410 2396 2456 τος
2419 2393 2810 2465 ὁμολογήσαντι
2835 2395 2933 2466 τῆς
2959 2394 3233 2465 βασιλείας
3263 2397 3455 2460 αὐτοῦ,
3479 2398 3752 2467 Σιξμεροε

2300 2486 2429 2552 μετ’
2470 2485 2643 2555 ἐμοῦ,
2678 2487 2873 2555 λέγων,
2907 2488 2977 2540 ἐν
3027 2487 3107 2553 τῷ
3160 2489 3531 2557 παραδείσῳ,
3582 2494 3752 2543 ταυτί

2307 2577 2462 2631 τοῦτο
2494 2580 2588 2632 καὶ
2614 2579 2687 2651 τῷ
2718 2578 2887 2632 Σαοὺλ
2916 2581 3327 2653 ἑκπληρώσαντι
3349 2584 3453 2646 τὰς
3490 2584 3751 2654 μαντικὰ

2306 2670 2399 2722 τοῦ
2444 2670 2697 2740 μαντείας
2737 2670 2936 2743 ἔφησεν
2978 2674 3006 2724 6
3032 2672 3351 2745 δολομήτης’
3384 2673 3621 2742 Αὔριον
3661 2674 3752 2739 ἑσι

2300 2760 2427 2830 μετ’
2479 2761 2645 2830 ἐμοῦ,
2694 2763 2796 2816 καὶ
2856 2762 3139 2819 Ἰωνάθαν
3178 2766 3212 2818 ό
3263 2766 3395 2831 υἱός
3425 2781 3576 2819 σου.
3633 2767 3751 2819 Δεύλ

2309 2853 2553 2924 βούλεται
2588 2855 2858 2909 δεικνύναι
2893 2856 2981 2911 διὰ
3020 2857 3244 2922 τούτων,
3278 2858 3361 2911 ὅτι
3402 2859 3580 2930 μηδὲν
3617 2860 3647 2911 6
3694 2860 3751 2913 δίη

2308 2942 2489 2995 ἀδίκου
2538 2942 2800 3015 διαφέρει,
2844 2943 2943 3008 τάς
2979 2944 3088 2998 τῶν
3131 2945 3368 3000 εὐσεϐῶν
3408 2947 3651 3018 ἐκκόψαι
3697 2969 3752 3021 πη

631 3032 861 3105 juncws
890 3043 1244 3105 secretasque
1275 3034 1437 3089 fuerit
1460 3036 1527 3101 ⁸³,
1550 3038 1799 3106 quamvis
1828 3039 1962 3092 nihil
1982 3040 2036 3093 in
2055 3040 2203 3095 illum

2312 3034 2439 3104 μίας
2475 3033 2922 3106 ἐπιτεχνώμενος.
2968 3036 3153 3102 οὐδεὶς
3182 3038 3357 3093 ἔοικεν
3396 3040 3644 3110 ἀγνοείν,
3677 3045 3754 3097 ὅτι

637 3139 825 3182 ausus.
861 3124 1002 3182 Sane
1033 3128 1169 3181 nihil
1198 3129 1409 3199 uspiam
1435 3129 1785 3200 reliquiarum
1816 3138 1908 3186 aut
1942 3132 2203 3187 micarum

2309 3125 2468 3196 δεμία
2505 3127 2835 3198 συνυπάρχει
2870 3128 3127 3182 κοινωνία
3155 3129 3328 3201 πιστῷ
3371 3132 3510 3202 μετά
3552 3134 3754 3188 ἀπίστο

638 3215 695 3269 in
725 3216 1094 3285 pavimentum
1128 3219 1439 3274 cadentium
1468 3221 1713 3276 exhibuit
1735 3263 1747 3286 ,
1780 3223 1873 3279 sed
1908 3239 2007 3279 nec
2037 3225 2208 3295 plagis

635 3306 817 3362 virum
848 3306 1136 3373 afﬂixerat,
1191 3326 1292 3364 nec
1342 3310 1525 3382 flagris
1576 3328 1775 3368 caasum
1836 3314 1943 3369 alio
1996 3316 2209 3386 longius

637 3397 978 3453 amandarat.
1004 3396 1207 3453 Verum
1230 3417 1354 3455 cum
1390 3403 1553 3458 ambo
1578 3405 1701 3458 hinc
1725 3406 2026 3476 migrantes
2041 3407 2206 3462 vitam

636 3494 1208 3543 commutassentcum
1240 3499 1435 3555 morte,
1456 3493 1545 3547 hic
1563 3494 1781 3564 quidem
1808 3496 1862 3548 in
1896 3497 2019 3550 sinu
2043 3495 2209 3550 Abra-

638 3576 723 3632 bas
740 3578 956 3650 generis
973 3581 1215 3637 auctoris
1245 3583 1471 3651 quievit,
1500 3585 1589 3638 ille
1627 3588 1957 3655 perennibus
1975 3587 2208 3645 ﬂammis

637 3677 801 3742 atque
830 3672 1366 3745 inexstinguibilihus
1396 3684 1684 3746 correptus
1716 3687 1798 3733 est
1830 3698 1842 3732 :
1878 3680 1965 3733 hic
1991 3680 2119 3734 dum
2151 3682 2207 3737 in

636 3763 831 3819 inferis
852 3772 1031 3820 tortus
1061 3768 1476 3834 cremaretur“,
1513 3769 1658 3823 videt
1691 3786 1722 3824 a
1764 3772 1922 3842 longe
1955 3775 2207 3844 progeni-

636 3862 1063 3922 torem,necnon
1086 3868 1140 3911 et
1155 3856 1420 3913 Lazarum
1450 3861 1505 3915 in
1538 3855 1661 3915 Sinu
1685 3862 1804 3931 ejus
1831 3882 1843 3917 :
1867 3872 1920 3917 at
1939 3865 2059 3935 igne
2081 3880 2204 3920 cum

640 3943 881 4009 arderet,
914 3961 979 3999 ex
1019 3948 1202 4003 animo
1234 3948 1506 4004 Abraham
1540 3952 1768 4022 rogabat
1803 3961 1860 4007 ut
1885 3955 1951 4010 ad
1973 3969 2032 4011 se
2054 3972 2207 4013 men-

637 4032 819 4089 dicum
865 4038 1105 4092 mitteret
1137 4058 1150 4093 :
1184 4041 1383 4112 quippe
1425 4041 1626 4099 obnixe
1657 4044 1984 4114 precabatur
2008 4055 2069 4102 ut
2098 4048 2204 4103 La-

639 4142 802 4183 zarus
831 4131 895 4184 ad
918 4145 1040 4184 eum
1062 4133 1288 4190 veniens
1313 4142 1613 4191 extremum
1640 4138 1793 4210 digiti
1818 4141 1901 4195 sui
1929 4141 1981 4195 in
2009 4157 2202 4212 aquam

640 4220 955 4293 intingeret,
1013 4225 1202 4294 sicque
1250 4226 1489 4299 linguam
1526 4243 1678 4283 suam
1712 4233 1852 4287 roris
1883 4232 2205 4291 humiditate

637 4321 1029 4369 contrectatam
1070 4315 1457 4388 refrigeraret:
1500 4321 1681 4391 itaque
1720 4323 1906 4393 ignitis
1944 4325 2202 4380 cruciati-

2308 3215 2375 3272 αὖ
2410 3219 2587 3283 πάλιν,
2632 3220 2777 3285 ὅπως
2820 3223 2848 3275 6
2881 3220 3094 3294 πλούτῳ
3127 3227 3553 3297 κατατρυφήσας
3601 3230 3747 3301 ἀπλή

2309 3310 2494 3381 πόρρω
2518 3311 2619 3381 τῆς
2654 3310 2905 3384 Λαζάρου
2937 3312 3147 3385 διαίτης
3177 3316 3473 3388 ἀπεκρίθη,
3505 3318 3689 3372 καίτοι
3721 3339 3754 3390 μ

2307 3402 2486 3471 ὅμοιον
2511 3398 2803 3472 ἐκείνι;›(5⁶)
2815 3403 3038 3475 δράσας.
3055 3404 3191 3458 Ἀλλ’
3205 3397 3359 3471 οὗτος
3381 3408 3480 3477 μὲν
3493 3409 3649 3465 οὐδὲν

2311 3491 2576 3561 μετέδωκε
2610 3493 2686 3564 τῷ
2715 3495 3014 3567 πενομένῳ,
3043 3496 3104 3549 τὸ
3130 3500 3389 3569 παράπαν
3417 3500 3593 3565 οὐδὲν,
3623 3503 3740 3556 οὔτε

2310 3602 2484 3657 ριττευ
2494 3587 2697 3656 μάτων,
2714 3586 2837 3640 οὔτε
2863 3587 3037 3658 ψιχῶν
3063 3591 3142 3652 είς
3166 3591 3424 3660 τοῦδαφος
3446 3593 3753 3667 ἐκριπτομέπ

2307 3678 2420 3732 ἀλλ’
2452 3678 2558 3732 οὐδ’
2593 3679 2896 3752 ἐλυμήνατο
2932 3681 3021 3734 τὸν
3053 3682 3221 3755 ἄνδρα
3249 3683 3499 3755 πληγαῖς,
3527 3688 3590 3741 ού
3624 3690 3754 3759 μάστ

2306 3772 2657 3842 αἰκισάμενος
2695 3771 2879 3837 ἐδίωξε
2910 3774 3219 3845 περαιτέρω
3264 3793 3365 3829 που
3391 3776 3525 3847 γῆς’
3575 3780 3687 3833 ἀλλ’
3719 3782 3754 3833 δὴ

2304 3860 2488 3931 ἐπειδὴ
2544 3860 2880 3932 μετήλλαξαν
2935 3863 3102 3932 ἄμφω
3159 3864 3486 3936 μετάραντες
3523 3869 3754 3922 ἐντεῦθεν

2307 3949 2404 4019 μὲν
2442 3951 2523 4013 είς
2566 3950 2797 4014 κόλπους
2832 3948 2985 4021 ἔληξε
3028 3951 3120 4004 τοῦ
3155 3952 3493 4024 προπάτορος
3538 3955 3754 4026 ’Δόραάρ

2302 4041 2358 4094 δὲ
2392 4045 2512 4105 ταῖς
2545 4043 2859 4114 άκοιμήτοις
2891 4042 3043 4113 ἐδόθη
3094 4043 3249 4113 φλοξὶ
3288 4044 3383 4100 τοῦ
3416 4047 3600 4118 πυρός·
3632 4047 3703 4109 ὡς
3743 4066 3754 4097 ι

2304 4132 2360 4185 ὲν
2392 4130 2471 4203 τῷ
2520 4132 2617 4205 ᾄδῃ
2668 4132 3083 4205 βασανιζόμενος
3115 4135 3400 4205 ἐφλέγετο,
3442 4136 3688 4207 πόρρωθεν
3729 4155 3754 4207 ρ

2302 4224 2404 4295 ὁρᾷ
2443 4224 2531 4277 τὸν
2570 4224 2907 4297 προπάτορα,
2948 4225 3141 4297 θεωρεῖ
3176 4226 3233 4279 δὲ
3272 4228 3367 4281 καὶ
3401 4228 3479 4282 τὸν
3510 4227 3733 4299 Λάζαρον

2304 4319 2415 4381 τοῖς
2448 4317 2669 4381 κόλποις
2700 4317 2864 4371 αὐτοῦ
2885 4334 2897 4347 ·
2929 4322 2992 4389 τῇ
3029 4319 3085 4372 δὲ
3116 4319 3180 4392 δὴ
3226 4321 3384 4390 φλογὶ
3411 4320 3708 4394 πυρούμενος
3736 4326 3754 4377 ἐ

637 4405 742 4461 bus
771 4405 911 4461 male
936 4414 1163 4462 vexatus
1189 4409 1415 4479 supplex
1446 4409 1560 4464 haec
1580 4401 1752 4466 'miser
1768 4415 2044 4470 exorabat.
2062 4416 2197 4472 Cum

2306 4409 2489 4481 θύμως
2514 4410 2664 4482 ἠξίου
2695 4411 2785 4465 τὸν
2826 4412 3073 4484 Ἀϐραάμ
3091 4415 3239 4477 ὅπως
3267 4415 3506 4489 ἐκπέμψῃ
3528 4415 3611 4469 τὸν
3634 4418 3753 4487 πένη

638 4510 803 4565 porro
834 4496 1151 4567 progenitor
1182 4499 1248 4553 ad
1276 4501 1553 4569 postulata
1583 4503 1975 4571 respondisset,
2005 4522 2200 4576 quem-

636 4585 769 4641 libet
817 4586 873 4639 in
904 4586 1145 4656 qualibet
1189 4597 1345 4658 parte
1392 4589 1570 4660 justas
1601 4592 1874 4662 recepisse
1922 4595 2201 4654 mercedes

638 4676 847 4747 praemii
870 4678 1012 4741 loco,
1047 4685 1179 4732 tunc
1208 4681 1471 4752 temporis
1493 4681 1735 4737 subdidit
1767 4703 1780 4738 :
1808 4683 1876 4737 Et
1903 4685 1959 4739 in
1982 4685 2061 4740 Itis
2089 4705 2202 4741 om-

637 4769 790 4824 nibus
821 4769 955 4823 inter
978 4785 1073 4823 nos
1113 4779 1164 4824 et
1212 4788 1299 4826 t'os
1322 4772 1479 4827 chaos
1520 4790 1765 4845 magnum
1794 4777 2066 4846 ﬁrmatum
2101 4789 2199 4846 est,

636 4870 696 4915 ut
745 4861 798 4916 hi
832 4862 922 4932 qui
956 4861 1133 4915 uolunt
1167 4862 1286 4917 hinc
1328 4865 1555 4921 transire
1585 4866 1654 4921 ad
1696 4884 1784 4922 vos
1826 4886 1929 4924 non
1973 4872 2198 4939 possint,

639 4970 799 5026 neque
824 4952 943 5008 inde
970 4951 1041 5007 ad
1079 4970 1173 5009 nos
1215 4964 1537 5014 transmeare
1558 4958 1621 5012 ⁸⁷.
1650 4957 1708 5013 Si
1736 4959 1919 5031 itaque
1947 4976 2200 5031 magnum

638 5045 807 5100 chaos
839 5052 923 5100 est
944 5044 1089 5115 quod
1118 5046 1300 5115 justos
1321 5048 1390 5103 ab
1408 5049 1629 5120 injustis
1655 5050 1918 5124 seiungit,
1936 5053 2009 5109 ita
2033 5062 2089 5107 ut
2107 5055 2199 5125 qui

640 5134 750 5190 illic
783 5144 913 5190 sunt
938 5151 1049 5190 nou
1081 5137 1291 5207 possint
1314 5138 1419 5194 huc
1463 5142 1765 5208 transvehi,
1797 5157 1976 5213 neque
1993 5144 2085 5213 qui
2109 5145 2198 5200 hic

639 5234 1049 5282 commorantur
1075 5227 1204 5283 illuc
1235 5228 1468 5297 adduci;
1492 5237 1640 5301 patet
1668 5231 1955 5289 manifeste
1979 5232 2194 5291 Saulem

641 5314 734 5384 qui
764 5316 1001 5386 iujustus
1027 5325 1166 5385 erat,
1195 5334 1304 5374 una
1345 5335 1469 5375 cum
1497 5323 1759 5395 propheta
1804 5322 2054 5382 Samuele
2089 5342 2195 5383 non

642 5404 856 5478 degere.
874 5409 1006 5465 Nam
1040 5411 1086 5468 si
1127 5412 1280 5468 dives
1320 5419 1373 5468 et
1404 5429 1610 5487 pauper
1637 5431 1747 5471 non
1770 5426 1999 5487 possunt
2032 5419 2194 5475 simul

2303 4503 2438 4574 πρὸς
2471 4504 2657 4557 αὐτόν·
2703 4504 2870 4558 ἐδεῖτο
2910 4505 3018 4577 γὰρ
3065 4506 3130 4558 ἵν’
3179 4506 3492 4577 ἀφικόμενος
3518 4510 3544 4561 6
3572 4510 3754 4581 Λάζαρε

2300 4594 2362 4647 τὸ
2395 4594 2493 4665 μὲν
2524 4595 2688 4667 ἄκρον
2722 4594 2873 4649 ὕδατι
2895 4596 3041 4669 βάψῃ
3062 4595 3153 4649 τοῦ
3174 4597 3449 4662 δακτύλου,
3485 4600 3735 4672 καταψύξῃ

2301 4684 2399 4757 τὴν
2432 4685 2671 4754 γλῶτταν
2682 4685 2868 4751 αὐτοῦ,
2887 4687 3085 4751 νοτίδος
3111 4687 3512 4759 ἐπαφησάμενος
3535 4687 3651 4759 (5")
3674 4691 3753 4759 ίκμ

2301 4775 2385 4829 δα*
2420 4777 2738 4848 πυροφόροις
2779 4772 2871 4829 οὖν
2907 4777 3267 4849 ἀλγυνόμενος
3301 4777 3512 4844 ὀδύναις,
3542 4781 3754 4852 ὲπρέσὸεν

2304 4868 2527 4923 τοιαῦτα
2561 4869 2677 4939 μεθ’
2712 4870 2946 4934 ἱκετείας
2971 4874 3000 4925 6
3026 4871 3215 4936 τάλας.
3254 4871 3455 4943 Ἐπειδὴ
3475 4873 3524 4926 δὲ
3548 4875 3669 4945 πρὸς
3692 4876 3754 4927 ἐπι

2305 4964 2734 5035 ἀποκρινάμενος
2764 4966 2793 5017 6
2827 4965 3143 5036 προπάτωρ,
3175 4966 3398 5019 ἕκαστον
3427 4966 3477 5017 ὲν
3503 4967 3687 5038 ἑκάστῳ
3717 4985 3754 5037 μ

2308 5072 2387 5127 ρει
2420 5055 2517 5119 τὰς
2554 5055 2706 5121 ἀξίας
2734 5056 2949 5127 ἔφαινεν
2977 5056 3207 5127 ἀμοιϐὰς
3250 5056 3466 5112 ἐπάθλου
3504 5059 3647 5131 χάριν
3678 5059 3754 5127 siit

2305 5148 2482 5219 φέναι,
2532 5146 2829 5218 τηνικαῦτα
2879 5146 3134 5220 προσθεὶς
3174 5148 3552 5218 ἐπεφθέγξατο·
3583 5151 3671 5207 Καὶ
3703 5151 3754 5201 ἐς

2303 5240 2450 5294 πᾶσι
2476 5240 2706 5305 τούτοις
2726 5238 2951 5309 μεταξὺ
2983 5238 3151 5310 ὑμῶν
3184 5240 3284 5294 καὶ
3312 5240 3462 5309 ἡμῶν
3489 5242 3672 5313 χάσμα,
3694 5259 3754 5311 φη.

2304 5333 2405 5398 civ,
2433 5329 2772 5399 ἐστήρικται
2798 5331 2970 5401 μέγα,
3009 5330 3167 5398 ὅπως
3194 5334 3246 5386 οι
3274 5331 3524 5400 θέλοντες
3556 5334 3754 5402 διαεῆιγη

2301 5420 2475 5475 ἐνθεν
2519 5420 2668 5489 πρὸς
2700 5419 2855 5491 ὑμᾶς
2883 5420 2969 5492 μὴ
3004 5420 3317 5487 δύνωνται,
3351 5422 3486 5492 μηδὲ
3519 5428 3567 5481 οι
3590 5424 3754 5481 ἐκεῖθεν

717 5517 763 5550 ⁸³
806 5519 934 5576 Luc.
980 5539 1139 5589 mu,
1174 5526 1262 5582 45.
1334 5527 1381 5559 δ”
1413 5526 1444 5582 Ι
1480 5531 1602 5600 Reg.
1638 5546 1832 5597 xxvm,
1874 5533 1964 5591 i9.
2042 5534 2087 5566 “
2126 5533 2258 5591 Luc.
2292 5550 2406 5599 xvr,
2466 5532 2533 5589 19
2561 5548 2681 5604 sqq.
2758 5533 2804 5565 “
2849 5533 2979 5591 ibid.
3009 5534 3099 5591 35.
3182 5535 3226 5568 "
3255 5537 3383 5591 ibid.
3409 5536 3484 5593 26.

712 5607 815 5693 (ὃς)
852 5612 1109 5693 ’βκείνξρπ
1135 5615 1353 5673 Scilicet
1370 5616 1713 5693 cqi'imsrq‘);
1747 5625 1830 5680 sin
1851 5633 2030 5681 autem
2059 5628 2199 5684 refe-

639 5691 734 5734 ras
765 5679 951 5751 txatnp
972 5679 1370 5755 lad‘Lazarum,
1410 5679 1547 5749 forte
1590 5679 1879 5762 legendum
1895 5679 2075 5763 ubiuis
2093 5679 2197 5767 pro

2300 5628 2501 5701 ὅμοιον.
2534 5626 2693 5701 E__m'r.

2292 5775 2300 5783 ,
2335 5697 2346 5701 ⁷
2374 5700 2495 5766 (5")
2533 5697 3046 5769 Ἐπαςοησάμενοςο
3070 5698 3232 5760 Forte
3245 5699 3754 5775 ἑπαφυσάμενοςΛ-ζοιτ.
