3962 6202
238 296 348 353 665

1126 302 1213 357 DE
1248 302 1839 360 ENGASTRIMYTHO
1873 303 2150 361 CONTRA
2190 301 2566 360 ORIGENEM.

3369 313 3474 366 (iiii

237 412 397 481 πρὸς
433 412 589 481 ἡμᾶς
627 411 1010 483 διαπερῶσιν.
1059 417 1122 470 Ei
1165 417 1345 471 τοίνυν
1380 419 1501 472 ἐστὶ
1541 417 1810 490 χάσματος

1917 432 2062 483 esse,
2093 418 2242 472 nulla
2288 415 2412 472 licet
2443 431 2730 486 pauperem
2777 418 2975 488 injuria
2999 420 3270 486 affecerit,
3300 439 3479 495 neque

240 504 396 557 εἰδέα
422 503 725 575 διείργουσα
770 504 975 576 μεταξὺ
1002 505 1225 560 δικαίων
1254 508 1333 577 ἡδ’
1362 508 1582 574 ἀδίκων,
1626 508 1703 573 ὡς
1747 509 1810 579 μί

1922 509 2182 579 abegerit,
2213 515 2427 562 tantum
2471 522 2578 562 non
2619 509 2697 563 illi
2726 520 2976 582 prompte
3006 530 3126 583 qua;
3165 514 3282 585 ipse
3312 515 3481 574 habe-

238 594 503 649 δύνασθαι
549 597 679 659 τοὺς
729 596 880 651 ἐνθεν
935 599 1112 651 ἐκεῖσε
1167 598 1631 670 διαπορθμεῦσαι,
1685 603 1810 672 μήτε

1920 600 2013 654 bat
2037 616 2102 655 ex
2134 609 2287 671 parte
2319 602 2627 659 distributis
2652 622 2665 657 :
2686 612 2891 673 quanto
2914 606 3088 676 magis
3123 607 3388 665 scelestus
3417 624 3479 667 ac

241 685 412 757 δεῦρο
430 686 549 749 τοὺς
574 685 784 740 ἐκεῖθεν
808 687 1122 755 ἀφικέσθαι·
1152 688 1478 759 συνέστηκεν
1504 691 1578 754 ὠς
1600 691 1628 742 6
1650 691 1810 744 Σαοὺλ

1919 700 2211 747 contumax
2239 694 2402 749 homo
2431 694 2688 765 indignus
2725 705 2829 760 est,
2859 698 2953 767 qui
2986 707 3299 755 sanctorum
3326 716 3480 757 com-

242 777 431 841 ῶδικος
458 777 535 831 ῶν
565 778 667 832 ούκ
707 779 822 832 ἐστι
864 779 1000 850 μετὰ
1024 779 1118 832 τοῦ
1157 782 1437 851 προφήτου
1477 782 1743 853 Σαμουήλ’
1773 783 1810 835 εἰ

1920 784 2232 837 munionem
2258 785 2579 855 participet?

239 873 354 945 γὰρ
383 876 414 927 6
439 873 697 939 πλούσιος
721 876 783 929 οὐ
817 875 1040 929 δύναται
1087 875 1224 945 μετά
1255 875 1350 928 τοῦ
1385 878 1613 949 πένητος
1654 873 1814 942 εἶναι,
1846 877 1940 929 καὶ
1969 876 2139 930 ταῦτα
2166 879 2332 949 μηδὲν
2366 880 2629 950 ἀδικήσας
2676 881 2809 951 μηδὲ
2870 881 3063 948 διώξας
3120 884 3301 948 αὑτὸν,
3347 884 3480 938 ἀλλά

239 966 322 1037 μὴ
354 966 616 1036 μεταδοὺς
656 967 804 1039 αὐτῷ
838 972 1141 1042 προχείρως
1175 969 1233 1035 ἐξ
1276 966 1351 1026 ὧν
1386 970 1519 1042 εἶχε,
1558 971 1707 1041 πόσῳ
1744 969 1809 1041 δὴ
1831 969 2029 1040 μᾶλλον
2066 972 2095 1024 6
2153 970 2391 1040 σχέτλιος
2420 973 2559 1044 ἀνὴρ
2592 971 2807 1039 ἀνάξιός
2841 976 2958 1027 ἐστι
3000 976 3100 1046 τῆς
3151 976 3256 1030 τῶν
3311 976 3481 1045 ἁγίων

238 1059 548 1113 ἀπολαῦσαι
590 1063 870 1127 κοινωνίας
885 1080 899 1128 ;

318 1145 436 1201 XV.
479 1146 616 1200 Ἀλλ’
649 1148 710 1201 οὐ
759 1149 1063 1222 διανοητέον
1086 1155 1235 1219 ὅπως
1272 1152 1498 1224 αἰσχροῦ
1530 1152 1626 1224 μὲν
1650 1152 1814 1206 ἕνεκα

239 1239 470 1311 κέρδους
488 1242 669 1296 ἀθετεῖ
680 1243 741 1296 τὸ
762 1242 904 1298 θεῖον
924 1245 1220 1317 ἐπίταγμα,
1254 1248 1467 1320 δαίμονι
1498 1249 1554 1302 δὲ
1586 1246 1814 1319 πληγεὶς

240 1333 502 1398 ἀνιάτως,
534 1333 816 1389 ἐλαύνεται
848 1336 1114 1411 βασκανίᾳ
1144 1318 1359 1394 διώκειν
1383 1318 1473 1394 τὸν
1503 1318 1813 1410 ἀγιοπρεπῆ

241 1423 409 1477 Δαυῒδ
436 1425 611 1478 οὐδενὶ
654 1426 842 1499 κόσμῳ
868 1430 1146 1501 πρέποντι,
1178 1430 1352 1485 καίτοι
1378 1429 1663 1502 ψαλμῳδίᾳ
1684 1447 1815 1501 προ-

242 1518 447 1587 φητικῇ
500 1516 600 1586 τήν
646 1517 942 1588 ἀγριότητα
977 1519 1071 1573 τοῦ
1105 1519 1527 1591 ὲκὸακχεύοντος
1568 1522 1626 1573 ὲν
1663 1517 1811 1589 αὐτῷ

236 1608 493 1679 δαίμονος
522 1608 827 1681 ἡμεροῦντα
845 1628 859 1642 ο
886 1613 1012 1675 τοὺς
1035 1613 1199 1683 ἱερεῖς
1220 1613 1549 1682 ἀποσφάττει
1573 1610 1666 1664 τοῦ
1696 1612 1809 1663 Κυ-

243 1700 361 1771 ρίου
417 1701 762 1771 τριακοσίους
814 1701 972 1766 δντας
1009 1704 1143 1774 πρὸς
1194 1709 1308 1768 τοῖς
1350 1704 1684 1775 πεντήκοντα
1719 1700 1812 1755 τὸν

238 1793 475 1865 ἀριθμόν
498 1811 511 1823 ·
546 1795 834 1865 ἀφίσταται
856 1798 950 1850 τοῦ
984 1798 1116 1851 Θεοῦ
1166 1799 1553 1870 μαντευόμενος
1580 1798 1808 1861 ἀσεϐῶς.
1843 1829 1885 1884 Β

240 1886 304 1939 Ei
333 1885 392 1939 δὲ
424 1885 595 1941 ταῦτα
621 1886 717 1940 καὶ
744 1888 813 1942 τά
842 1888 1049 1954 τούτοις
1080 1889 1285 1959 ἀδελφά
1321 1890 1667 1963 διεπράξατο,
1694 1887 1812 1952 πῶς

222 1972 352 2031 σοῖόν
394 1994 455 2031 τε
508 1976 769 2047 νομίζειν,
805 1981 885 2034 ὅτι
928 1982 1062 2052 μετά
1088 1981 1179 2035 τοῦ
1227 1981 1636 2053 θαυματουργοῦ
1683 1998 1815 2035 κατ-

228 2068 402 2142 έληξε
431 2070 702 2141 Σαμουὴλ,
718 2072 778 2136 ὃς
810 2073 867 2125 ἐν
894 2072 1013 2144 ὥρα
1033 2071 1221 2145 θέρους
1252 2074 1405 2126 ὑετὸν
1434 2072 1631 2144 ἠξίωσε
1665 2074 1814 2142 γενέ-

243 2163 390 2225 σθαι,
408 2162 504 2216 καὶ
530 2164 660 2234 παρ’
685 2162 833 2234 αὐτῷ
864 2164 1009 2235 (5’“)
1031 2164 1433 2236 κατεσκεδάσθη
1451 2163 1651 2235 πλῆθος
1679 2165 1814 2235 ἁμέ-

232 2269 441 2325 τρητον
474 2254 718 2319 ὑδάτων;
753 2256 815 2308 Ei
841 2255 897 2309 δὲ
921 2255 1022 2310 οὐκ
1067 2254 1211 2309 ἔστιν
1269 2258 1464 2321 εἰπεῖν,
1515 2257 1597 2311 ὅτι
1642 2256 1813 2312 Σαούλ

236 2346 359 2397 ἐστι
395 2346 511 2415 μετ’
543 2343 708 2398 αὐτοῦ
742 2344 818 2415 (6)
862 2346 1133 2417 Σαμουὴλ,
1170 2346 1433 2417 ἐψεύσατο
1467 2347 1565 2418 μὲν
1591 2349 1620 2401 6
1640 2348 1813 2418 λέγων

241 2437 394 2507 αύτῷ
412 2455 426 2467 ·
458 2437 677 2505 Αὔριον
701 2438 814 2507 ἔσῃ
846 2440 926 2493 σὺ
943 2440 1070 2507 μετ’
1093 2440 1256 2507 ἐμοῦ.
1283 2440 1582 2512 Τοιγαροῦν
1615 2443 1663 2494 εί
1683 2442 1814 2512 ψεύ-

244 2545 382 2599 στης
412 2531 442 2582 6
470 2528 638 2582 ταῦτα
687 2530 924 2601 εἰρηκὼς
978 2531 1234 2603 ὑπάρχει,
1284 2532 1569 2603 πρόδηλον,
1602 2533 1678 2597 ὡς
1714 2534 1814 2587 οὐκ

241 2620 391 2673 ἔστιν
420 2622 450 2672 6
488 2621 739 2693 Σαμουὴλ
772 2617 957 2687 οὗτος·
992 2623 1053 2675 ού
1105 2622 1213 2695 γὰρ
1260 2622 1325 2677 ἂν
1362 2624 1535 2689 οῦτως
1570 2626 1813 2698 ἀχρόνως

238 2711 274 2764 6
303 2711 399 2765 τοῦ
430 2711 631 2782 Κυρίου
672 2712 929 2783 ψεύσαιτο
961 2715 1244 2785 προφήτης
1264 2732 1275 2744 ·
1309 2715 1448 2768 ὥστε
1479 2716 1703 2771 τοιαῦτα
1732 2717 1810 2787 (7)

240 2800 368 2871 δίχα
395 2801 726 2873 πτισσόμενα
747 2805 984 2875 ῥήματα,
1016 2805 1218 2875 γυμνὸν
1249 2805 1584 2860 ύποδεικνύει
1600 2807 1691 2861 τὸν
1717 2824 1815 2861 πο-

242 2891 600 2965 λυπρόσωπον
660 2894 924 2949 ἐνδοτάτω
989 2896 1130 2966 θῆρα
1189 2897 1579 2968 κρυπτόμενον.
1646 2898 1814 2962 Αὐτὸς

243 2980 376 3050 γοῦν
404 2983 548 3035 ἐστιν
581 2984 610 3036 6
649 2984 1004 3048 κατασπάσας
1055 2986 1134 3048 είς
1172 2984 1233 3038 τὺ
1266 2984 1360 3038 τοῦ
1401 2987 1674 3058 ταρτάρου
1718 2987 1814 3056 χά-

246 3090 360 3144 σμα
404 3075 499 3128 καὶ
544 3074 636 3130 τὸν
695 3075 914 3147 ἐμμανῆ
974 3075 1174 3131 Σαούλο
1230 3076 1350 3130 ὅθεν
1403 3077 1615 3141 οἰκείως
1667 3076 1813 3149 αύτῷ

1990 1141 2108 1196 XV.
2151 1140 2257 1198 Sed
2308 1143 2531 1199 minime
2584 1146 2927 1216 cogitandum
2974 1158 3057 1204 est
3106 1151 3324 1212 infamis
3353 1173 3477 1215 eum

1918 1234 2056 1288 lucri
2086 1250 2253 1291 causa
2283 1243 2607 1305 praeceptum
2636 1238 2870 1295 violasse
2913 1240 3155 1298 divinum
3183 1246 3230 1278 "
3261 1266 3275 1302 :
3312 1265 3343 1303 a
3370 1251 3479 1307 daa-

1920 1341 2083 1381 mone
2110 1342 2239 1381 vero
2268 1327 2555 1382 insanabili
2588 1329 2773 1385 furore
2812 1333 3049 1401 percitus
3070 1376 3085 1398 ,
3123 1336 3324 1393 invidia
3350 1356 3479 1398 san-

1916 1418 2258 1483 ctissimum,
2308 1420 2458 1474 nullo
2503 1420 2719 1476 decoris
2768 1431 2930 1494 atque
2968 1425 3183 1484 honesti
3230 1444 3478 1503 respectu

1918 1506 2135 1571 habito,
2167 1521 2486 1579 persecutus
2531 1520 2615 1566 est
2666 1510 2834 1568 David
2890 1514 2957 1579 ‘9,
3014 1518 3107 1588 qui
3150 1523 3478 1592 propheticis

1916 1597 2255 1655 Psalmorum
2297 1602 2653 1658 concentibus
2692 1604 3026 1662 ferocitatem
3074 1610 3129 1664 in
3165 1612 3258 1668 illo
3275 1616 3480 1672 debac-

1917 1690 2133 1746 cliantis
2174 1691 2436 1748 daemonis
2482 1694 2838 1751 demulcebat.
2895 1696 3216 1757 Sacerdotes
3265 1704 3480 1761 Domini

1918 1791 2188 1840 trecentos
2220 1793 2274 1840 et
2311 1786 2705 1858 quinquaginta
2755 1805 2981 1847 numero
3023 1796 3297 1853 occisione
3334 1799 3479 1854 occi-

1911 1873 1992 1927 dit
2022 1874 2069 1905 ⁵⁰
2099 1894 2110 1929 :
2135 1874 2334 1930 defecit
2364 1892 2395 1930 a
2438 1875 2576 1944 Deo,
2603 1878 3015 1939 vaticinationes
3038 1899 3102 1938 ac
3132 1893 3310 1941 vatum
3338 1903 3478 1958 pra:-

1913 1966 2062 2035 sagia
2092 1966 2257 2036 impie
2289 1982 2609 2038 exposcens.
2648 1970 2773 2025 Hac
2807 1979 2862 2027 et
2898 1973 2983 2029 his
3016 1975 3210 2030 similia
3254 1978 3302 2033 si
3344 1994 3478 2036 con-

1914 2056 2040 2113 fecit
2058 2098 2073 2124 ,
2101 2074 2208 2129 qua
2237 2061 2450 2115 ratione
2482 2062 2701 2119 credere
2729 2079 3020 2134 possumus
3049 2082 3174 2123 eum
3204 2070 3478 2139 quievisse

1913 2167 2024 2208 una
2055 2169 2177 2208 cum
2206 2154 2593 2208 miraculorum
2625 2156 2876 2213 eﬂectore
2906 2157 3159 2217 Samuele
3181 2201 3196 2225 ,
3231 2163 3324 2232 qui
3362 2179 3479 2219 ma-

1912 2245 2059 2298 ximo
2086 2246 2138 2300 in
2160 2253 2293 2301 mstu
2322 2247 2520 2302 nubem
2542 2248 2847 2319 impetravit
2874 2252 2944 2316 δι,
2968 2251 3103 2308 adeo
3130 2261 3189 2308 ut
3216 2255 3476 2314 immensa

1913 2350 2175 2407 aquarum
2206 2340 2361 2409 copia
2410 2339 2554 2394 circa
2584 2340 2762 2411 ipsum
2800 2344 3092 2400 exundarit
3131 2347 3155 2399 ?
3194 2346 3389 2402 Verum
3431 2352 3475 2403 si

1914 2430 2267 2485 asserendum
2299 2446 2406 2485 non
2440 2439 2522 2487 est
2548 2431 2765 2488 Saulem
2801 2450 2925 2490 cum
2961 2435 3210 2492 Samuele
3246 2438 3438 2510 degere
3460 2479 3476 2501 .

1912 2520 2133 2575 omnino
2176 2522 2433 2576 mentitus
2482 2531 2567 2578 est
2615 2524 2708 2593 qui
2746 2525 2823 2578 illi
2868 2524 3002 2580 dixit
3048 2542 3067 2580 :
3114 2526 3246 2583 Cras
3282 2531 3386 2584 eris
3421 2542 3479 2585 tu

1914 2628 2112 2665 mecum
2160 2614 2229 2667 ⁵³.
2273 2611 2442 2681 Igitur
2489 2615 2533 2669 si
2579 2616 2671 2685 qui
2715 2616 2829 2670 lucc
2868 2616 3063 2673 effatur
3092 2620 3319 2674 mendax
3360 2630 3474 2683 est,

1912 2702 2281 2767 manifestum,
2309 2704 2451 2759 hunc
2478 2704 2784 2761 Samuelem
2806 2722 2914 2761 non
2936 2724 3093 2773 esse;
3129 2724 3304 2780 neque
3330 2712 3476 2767 enim

1913 2796 1992 2851 sic
2009 2796 2155 2851 circa
2180 2804 2419 2868 tempora
2439 2797 2699 2868 pr0pheta
2725 2798 2937 2854 Domini
2960 2802 3222 2858 mentitus
3245 2801 3475 2861 fuisset:

1911 2889 1987 2944 ita
2017 2898 2077 2944 ut
2114 2906 2177 2945 ex
2211 2890 2297 2947 his
2333 2890 2411 2946 sic
2439 2892 2700 2961 expositis
2741 2893 3091 2949 multiformis
3122 2895 3265 2950 intra
3299 2895 3476 2967 ipsum

1913 2983 2115 3053 degens
2138 2984 2315 3039 bellua
2339 2993 2611 3054 appareat.
2638 2983 2735 3040 Hic
2746 3001 2874 3056 ergo
2893 2994 2996 3051 est,
3019 2987 3110 3056 qui
3135 2995 3189 3042 et
3210 2988 3475 3045 furiosum

1917 3073 2133 3130 Saulem
2168 3076 2222 3130 in
2262 3075 2478 3130 Tartari
2507 3074 2692 3132 fauces
2740 3077 2992 3133 detrusit.
3039 3079 3216 3145 Quare
3246 3096 3357 3137 non
3393 3082 3477 3137 in-

238 3166 680 3236 προσεφθέγγετο
718 3169 1014 3240 κρατήσας
1048 3168 1267 3236 Αὔριον
1295 3168 1375 3221 σὺ
1408 3169 1507 3222 καί
1539 3168 1810 3224 Ἰωνάθαν

1915 3167 2153 3238 congrue
2171 3167 2261 3222 illo
2283 3168 2385 3224 sibi
2405 3170 2711 3239 mancipato
2734 3170 2933 3225 fatetur
2953 3188 2968 3226 :
2986 3169 3119 3225 Cras
3133 3172 3236 3227 eris
3254 3189 3473 3239 mecum,

240 3261 280 3311 ό
312 3258 441 3321 vide
478 3274 595 3314 σου
619 3262 746 3329 μετ’
771 3261 939 3329 ἐμοῦ.
972 3260 1143 3329 Διττῷ
1173 3261 1231 3315 δὲ
1250 3263 1512 3333 συστῆσαι
1541 3260 1813 3334 προσώπῳ

243 3352 601 3423 πειρώμενος,
621 3353 698 3417 ώς
717 3353 967 3407 οὐδέποτε
986 3352 1190 3419 δίκαιος
1216 3354 1400 3408 ἀδίκου
1423 3354 1687 3424 διαφέρει,
1720 3354 1813 3406 καὶ

234 3442 334 3496 τὸν
378 3442 630 3497 Ἰωνάθαν
650 3444 764 3515 ἅμα
790 3444 866 3516 τῷ
899 3446 1065 3517 πατρὶ
1086 3446 1177 3499 τὸν
1209 3446 1370 3500 αὐτὸν
1398 3445 1588 3516 ἐκείνῳ
1615 3446 1812 3517 κλῆρον

236 3532 644 3601 ἀπενέγκασθαι
689 3534 1083 3606 συνωμολόγει,
1115 3537 1290 3590 καίτοι
1322 3537 1395 3608 μὴ
1434 3536 1813 3606 συνενεχθέντα

237 3621 306 3689 τῇ
355 3619 543 3674 τούτου
586 3621 848 3693 ὠμότητι.
896 3624 991 3687 Τίς
1027 3624 1083 3678 δὲ
1122 3624 1231 3678 τῶν
1262 3624 1427 3678 ὅντων
1465 3626 1811 3697 ὑποκρίνεται

239 3710 318 3781 μὴ
372 3715 532 3779 νοεῖν,
585 3714 666 3766 ὃτι
718 3714 982 3784 κράτιστα
1039 3714 1239 3784 βιώσας
1296 3706 1466 3770 δ’τοῦ
1532 3719 1810 3789 προφήτου

234 3801 405 3856 Δαυῒδ
443 3803 694 3876 ἐραστὴς,
755 3806 889 3860 ἁλλά
944 3808 1017 3879 μὴ
1040 3807 1225 3875 διῶξαι
1258 3808 1463 3863 δίκαιον
1504 3808 1699 3873 ἀδίκως
1728 3810 1813 3878 ἐγ-

237 3894 509 3966 χειρίσας,
536 3898 598 3950 οὑ
624 3899 722 3970 τὴν
737 3898 905 3970 αὐτὴν
926 3899 1244 3973 ἐπιφέρεται
1269 3899 1334 3973 If.
1355 3900 1715 3973 ἀποφέρεται]
1734 3901 1811 3972 τῷ

232 3984 488 4051 διώξαντι
514 3988 865 4061 μισθοφορίαν
882 4006 897 4056 ;
915 3992 975 4044 ού
991 3990 1098 4063 γάρ
1121 3991 1490 4057 ἀποθανεῖται,
1516 3993 1578 4046 τὸ
1595 3992 1811 4064 ξύμπαν

234 4079 448 4142 εἰπεῖν,
492 4082 606 4144 υἱὸς
642 4081 781 4152 ὑπὲρ
812 4082 996 4136 ἀδίκου
1038 4084 1262 4155 πατρός.
1306 4084 1464 4139 Ἀλλά
1511 4085 1616 4158 μὴν
1662 4086 1811 4155 ἐλέγ-

232 4168 395 4238 χεταί
440 4185 504 4236 γε
570 4170 664 4223 καὶ
700 4170 785 4224 διὰ
824 4170 975 4225 τοῦδε
1016 4171 1109 4225 τοῦ
1152 4171 1465 4244 μηνύματος
1511 4173 1539 4225 6
1587 4173 1833 4245 ψευδορα.

275 4261 434 4313 dccc.

275 4263 351 4313 ἀν
421 4301 434 4313 .

239 4263 271 4330 ῤ
316 4278 454 4407 gl.
499 4354 900 4427 Ἀπαραλήπτῳ
950 4355 1013 4425 (Ῑ.
1058 4355 1473 4429 ἀπαραλείπτῳ)
1509 4357 1566 4411 δὲ
1606 4357 1811 4424 τάξεως

232 4446 548 4518 ἀκολουθίᾳ,
584 4448 839 4519 προσθεὶς
875 4447 1076 4518 ἔφησεν
1108 4448 1137 4498 ὁ
1168 4450 1533 4519 συγγραφεὺς,
1568 4449 1669 4513 ὅτι,
1699 4451 1805 4504 Καὶ

232 4538 507 4593 ἔσπευσε
534 4539 753 4603 Σαοὺλ,
784 4539 881 4593 καί
909 4538 1130 4593 ἔπεσεν
1144 4538 1411 4608 ἑστηκὼς
1425 4540 1522 4593 ἐπὶ
1536 4540 1650 4609 τὴν
1668 4540 1801 4612 γῆν,
1839 4522 1881 4576 ο

234 4631 341 4686 καί
369 4631 627 4700 ἐφοϐήθη
651 4632 903 4701 σφόδρα,
937 4631 1129 4701 λέγων,
1164 4632 1281 4686 ἀπὸ
1317 4632 1433 4686 τῶν
1462 4635 1659 4703 λόγων
1690 4637 1799 4688 Σα-

225 4722 456 4793 μουὴλ·
489 4725 729 4788 ἐκείνους
762 4725 868 4796 γάρ
883 4720 989 4778 οἶδε
1016 4724 1109 4777 τοῦ
1136 4722 1386 4794 Σαμουὴλ
1408 4719 1688 4788 εἶναιτοὺς
1708 4725 1797 4778 λό-

234 4833 393 4884 γους,
412 4815 506 4880 οὒς
534 4818 905 4888 προεφήτευσε
933 4817 1029 4887 μὲν
1053 4815 1200 4886 αύτῷ
1231 4816 1442 4885 σώματι
1472 4816 1565 4869 καὶ
1592 4814 1805 4887 γλώττῃ

235 4907 529 4980 τταρώψτδ
552 4909 608 4962 δὲ
634 4909 822 4980 φάσμα
843 4908 1062 4971 τούτους
1091 4906 1435 4974 ἀνεξελέξατο
1460 4910 1605 4971 τοὺς.
1640 4946 1654 4960 .
1689 4948 1703 4962 .
1737 4949 1751 4963 .
1789 4950 1801 4962 .

231 5001 338 5054 καὶ
394 4999 698 5073 προῦφερεν
747 5001 822 5064 ώς
858 5000 1017 5064 ἰδίους
1039 5017 1053 5030 ο
1089 4993 1164 5053 ὧν
1195 5001 1223 5052 ὁ
1254 4999 1518 5071 δυνάστης
1558 5000 1803 5070 ὑπομνη-

232 5090 409 5156 σθεὶς,
469 5092 564 5145 καὶ
594 5091 661 5145 τὰ
722 5090 815 5145 τοῦ
871 5091 1108 5163 πολέμου
1136 5090 1377 5162 σύμϐολα
1419 5090 1635 5163 θεωρῶν
1658 5092 1803 5145 ἄντι-

230 5200 376 5256 κρυς
409 5182 689 5255 ἱδρυμένα,
737 5183 986 5255 περιδεὴς
1016 5186 1277 5252 ἐγεγόνει,
1321 5183 1382 5236 τὸ
1410 5183 1581 5255 πέρας
1622 5182 1801 5236 αὐτῶν

230 5275 451 5329 ἐννοῶν.
503 5274 642 5327 Ἀλλ’
700 5276 978 5346 Ὧριγένης
1038 5274 1215 5344 ἑαυτῷ
1255 5275 1498 5345 δόγματα
1534 5274 1800 5335 πλάττων,

230 5367 410 5432 εἰδὼς,
462 5370 543 5422 ὅτι
597 5368 835 5421 πλεῖστοι
881 5368 979 5438 μὲν
1021 5368 1133 5420 ὅσοι
1174 5368 1527 5437 τυγχάνουσιν
1557 5370 1604 5421 οἱ
1632 5366 1800 5420 ταῦτα

1914 3270 1968 3313 tu
1995 3272 2043 3313 et
2077 3260 2217 3329 ﬁlius
2248 3271 2366 3313 tuus
2406 3258 2696 3314 Jonathan.
2731 3260 2938 3329 Duplici
2979 3276 3209 3332 persona
3239 3278 3477 3322 comme-

1911 3361 2120 3406 morata
2173 3352 2494 3406 confirmare
2551 3354 2763 3417 nititur,
2818 3369 3097 3424 nunquam
3150 3356 3361 3425 justum
3406 3358 3477 3413 ab

1912 3444 2115 3513 injusto
2162 3443 2408 3511 differre;
2445 3443 2729 3511 .Jonathan
2793 3460 2917 3499 cum
2971 3453 3125 3516 patre
3180 3464 3352 3504 unum
3416 3461 3473 3506 et

1910 3534 2159 3590 eumdem
2186 3534 2345 3590 finem
2368 3543 2422 3590 et
2446 3544 2646 3590 sortem
2674 3535 3005 3600 habiturum,
3028 3536 3154 3591 licet
3178 3538 3322 3596 illius
3347 3555 3474 3595 cru-

1911 3625 2116 3683 delitati
2162 3627 2383 3683 minime
2432 3629 2807 3688 consenserit,
2840 3628 3131 3684 fatebatur.
3166 3628 3300 3695 Quis
3344 3646 3474 3686 vero

1913 3717 2220 3772 mortalium
2249 3733 2308 3774 se
2329 3734 2436 3773 non
2462 3733 2657 3789 capere
2686 3719 2984 3787 simulabit,
3003 3734 3126 3774 eum
3154 3721 3247 3791 qui
3272 3720 3473 3791 Optime

1909 3808 2138 3875 vixerit,
2169 3810 2446 3880 propheta:
2480 3808 2647 3864 David
2677 3820 3006 3873 amatorem,
3050 3818 3105 3865 et
3137 3813 3228 3881 qui
3266 3825 3473 3883 nequa-

1910 3915 2072 3968 quam
2100 3901 2308 3970 justum
2338 3903 2540 3972 injuste
2573 3902 2824 3972 persequi
2856 3918 3023 3959 ausus
3065 3902 3292 3970 fuisset,
3323 3918 3472 3961 eam-

1911 3991 2033 4048 dem
2075 4007 2196 4047 cum
2250 4002 2595 4065 persecutore
2636 3996 2937 4051 mercedem
2992 3996 3279 4065 accipere?
3320 3994 3472 4051 Nun-

1910 4099 2072 4156 quam
2101 4085 2278 4151 enim,
2316 4096 2375 4141 ut
2404 4087 2569 4142 verbo
2598 4088 2874 4157 expleam,
2921 4102 3021 4158 pro
3069 4087 3275 4157 injusto
3317 4095 3470 4158 patre

1910 4188 2139 4233 mortem
2193 4179 2363 4235 obibit
2418 4179 2578 4236 filius.
2626 4178 2858 4251 Ideoque
2908 4180 3012 4235 hoc
3058 4182 3221 4237 etiam
3269 4181 3469 4239 indicio

1911 4269 2319 4324 mendaciorum
2353 4269 2533 4341 opifex
2560 4270 3004 4340 deprehenditur.

1982 4358 2119 4415 XVI.
2148 4358 2345 4414 Rerum
2374 4376 2535 4429 porro
2562 4370 2834 4432 gestarum
2862 4362 3004 4418 serie
3033 4377 3143 4418 non
3169 4363 3467 4434 interrupta

1912 4456 2103 4505 auctor
2129 4450 2341 4507 subdit:
2366 4451 2436 4505 Et
2458 4453 2724 4521 festinavit
2747 4452 2899 4519 Saul,
2926 4462 2976 4508 et
2998 4454 3181 4508 cecidit
3199 4465 3465 4523 porrectus

1909 4557 2065 4609 super
2089 4550 2282 4594 terram
2304 4582 2319 4603 ,
2354 4550 2402 4595 et
2440 4543 2615 4595 timuit
2654 4542 2803 4597 ualde
2828 4561 2861 4597 a
2887 4546 3209 4599 sermonibus
3248 4544 3468 4601 Samue-

1907 4632 1974 4685 lis
1999 4633 2064 4685 ⁵³.
2096 4631 2202 4686 Eos
2230 4633 2372 4687 enim
2405 4648 2684 4689 sermones
2716 4634 2984 4691 Samuelis
3007 4650 3130 4691 esse
3154 4646 3463 4719 agnoverat,

1909 4738 2047 4794 quos
2071 4739 2193 4777 cum
2216 4723 2393 4779 adhuc
2425 4732 2569 4780 esset
2601 4728 2655 4779 in
2686 4725 2824 4780 vivis
2848 4733 2902 4780 et
2936 4740 3163 4796 corpore
3201 4734 3255 4782 et
3284 4728 3466 4799 lingua

1910 4816 2344 4887 prophetaverat.
2377 4816 2501 4873 Haec
2531 4833 2561 4871 a
2591 4826 2806 4888 spectro
2832 4818 3038 4874 delecta
3066 4821 3220 4889 quasi
3248 4822 3467 4891 pr0pria

1912 4906 2343 4977 proferebantur.
2403 4906 2644 4974 Quorum
2689 4922 2812 4963 cum
2858 4910 3191 4966 meminisset
3243 4926 3368 4978 rex,
3412 4920 3465 4966 et

1910 4997 2282 5067 conspexisset
2324 4997 2456 5052 satis
2501 5006 2681 5067 aperte
2719 4998 2846 5053 belli
2876 4998 3027 5070 signa
3063 5006 3277 5063 erecta,
3305 4998 3465 5054 finem

1909 5087 2279 5143 imminentem
2311 5087 2744 5142 animadvertens
2775 5097 2921 5143 metu
2953 5087 3157 5145 fractus
3188 5104 3252 5144 ac
3276 5090 3465 5145 debili-

1909 5187 2055 5233 tatus
2070 5187 2173 5233 est.
2189 5181 2257 5231 At
2272 5176 2552 5249 Origenes,
2571 5175 2789 5236 sibimet
2799 5180 2899 5251 ipsi
2917 5180 3168 5253 dogmata
3183 5180 3462 5253 effingens,

1909 5272 2088 5326 sciens
2114 5270 2375 5340 plurimos
2400 5286 2522 5327 esse
2550 5272 2642 5341 qui
2673 5272 2788 5327 haec
2830 5273 3191 5328 determinant
3210 5314 3225 5338 ,
3270 5273 3337 5329 ad
3366 5289 3463 5329 sua

1910 5361 2053 5416 dicta
2107 5369 2482 5431 oppugnantes
2531 5362 2777 5417 oratione
2821 5376 3082 5418 conversa
3135 5361 3357 5417 minime
3410 5361 3463 5417 id

302 5483 357 5554 δ’,
392 5482 423 5537 Ι
466 5482 590 5554 Reg.
620 5500 713 5549 xv,
742 5484 796 5539 9.
827 5484 869 5516 δ’
902 5482 932 5536 I
989 5482 1114 5554 Reg.
1159 5497 1274 5547 xix,
1306 5483 1360 5537 9.
1446 5482 1492 5514 “
1530 5479 1555 5534 1
1590 5479 1714 5551 Reg.
1781 5495 1810 5533 ς

1915 5520 1918 5536 ,
1964 5477 2051 5530 18.
2130 5476 2174 5507 ⁸⁸
2226 5473 2257 5529 I
2305 5473 2431 5545 Reg.
2483 5490 2581 5540 xu,
2634 5475 2720 5529 18.
2802 5475 2847 5507 ⁸²
2915 5473 2944 5528 I
2978 5472 3108 5546 Reg.
3146 5490 3336 5539 xxvm,
3368 5474 3459 5532 l9.

239 5553 393 5587 σεεμ

664 5644 841 5712 αὐτῷ.
866 5644 1028 5698 Forte
1057 5642 1184 5712 παρ’
1202 5640 1354 5708 αὑτό,
1379 5640 1464 5699 vel
1486 5640 1613 5711 παρ’
1634 5639 1788 5695 αυτά.

238 5716 395 5862 spatii.
413 5790 555 5845 Μετ’
580 5785 783 5842 αὐτοῦ.
812 5782 970 5842 Forte
996 5782 1133 5859 μετά
1147 5781 1262 5836 τοῦ.

1971 5637 2047 5712 (7)
2088 5640 2346 5712 Τοιαῦτα.
2377 5637 2751 5712 [fortem-aii“.
2783 5637 2989 5710 (Ταῦτα
3013 5639 3226 5712 ῥήματα
3251 5656 3358 5699 non
3373 5656 3453 5703 est

1906 5709 2095 5767 Grieca
2132 5710 2353 5769 locutio.
2382 5709 2579 5783 Emr.)_
