3898 6196
643 278 752 336 σιτ

1626 280 1684 336 S.
1720 277 2092 336 EUSTA'l'llll
2132 280 2441 337 EPISCOPI
2480 282 2896 339 ANTIOCHENI

3686 297 3762 351 013

642 408 792 450 cura:
843 393 1030 451 habuit
1079 399 1137 446 ut
1185 391 1369 447 debito
1399 400 1647 463 respectu
1694 393 1747 447 id
1801 394 1946 464 quod
1994 408 2191 464 aequun

2309 392 2690 467 ψηφιζόμενοι,
2721 396 2857 467 πρὸς
2893 396 3019 459 τοὺς
3051 396 3405 465 ἀντιλέγοντας
3428 400 3557 471 αὐτῷ
3583 403 3764 475 διαλεγέ,

645 498 765 546 erat
783 485 1161 556 conquireret,
1210 485 1305 540 sed
1340 485 1491 556 prius
1512 485 1926 556 engastrimythi
1969 485 2191 541 fabulan

2315 504 2492 558 μενος,
2545 488 2645 541 οὐκ
2695 487 2991 541 ἐσπούδασε
3034 490 3169 559 μετά
3208 490 3304 560 τῆς
3334 492 3641 566 ὀφειλομένης
3655 500 3769 552 em.

644 587 710 641 ad
758 598 949 639 omnes
986 583 1264 653 pertinere
1313 582 1528 646 fassus,
1564 583 1792 638 veritate
1836 583 1904 637 ad
1958 599 2211 641 necessa-

641 678 778 732 riam
804 676 1263 730 examinationcm
1302 677 1553 730 invoca'a
1593 675 1873 731 veritatem
1907 675 2079 747 ipsam
2114 690 2211 746 pa-

640 767 746 823 lam
783 777 1078 837 oppugnat.
1131 765 1398 835 Deinceps
1427 765 1699 821 Samuelis
1744 766 1999 822 laudibus
2031 782 2097 822 es
2127 765 2212 821 di-

639 858 781 912 vinis
808 857 1006 912 litteris
1037 857 1163 911 hinc
1198 857 1323 911 inde
1353 856 1606 911 deductis
1635 865 1689 911 et
1728 858 2045 926 recensitis,
2080 867 2212 913 tunc

642 947 839 1002 iterum
872 948 974 1003 sub
1010 954 1272 1017 potestate
1309 947 1573 1003 daemonis
1607 948 1759 1003 illum
1787 964 2026 1019 ponens.
2061 949 2211 1004 hisce

639 1041 821 1097 verbis
871 1041 1199 1112 syllabisque
1247 1057 1359 1096 rem
1395 1041 1503 1111 agit
1552 1058 1565 1095 :
1618 1040 1867 1096 Fortasse
1911 1052 2091 1095 tantus
2131 1043 2210 1095 vir

644 1135 738 1190 sub
790 1143 930 1189 terra
991 1137 1148 1191 erat?
1195 1143 1243 1189 et
1292 1135 1474 1189 eduxit
1531 1134 1682 1187 illum
1723 1136 2210 1206 engastrimythus.’

644 1226 878 1281 Habetne
908 1226 1214 1296 facultatem
1254 1226 1460 1280 damon
1485 1226 1537 1280 in
1562 1228 1793 1281 animam
1814 1227 2209 1296 propheticum?

637 1318 742 1375 Sed
786 1320 898 1373 haec
930 1321 1085 1388 quasi
1115 1318 1371 1372 haesitans
1405 1319 1489 1373 vel
1522 1319 1757 1374 fortasse
1780 1320 1944 1373 etiam
1972 1320 2207 1375 interro-

635 1427 770 1482 gans
793 1411 1008 1465 videtur
1045 1411 1148 1466 sibi
1182 1411 1324 1480 apud
1362 1412 1654 1467 nonnuﬂos
1683 1412 1977 1482 aliquando
2003 1411 2204 1469 dicere.

634 1500 835 1558 Verum
867 1509 926 1555 ut
973 1517 1068 1571 per
1106 1500 1501 1571 subsequentes
1547 1503 1921 1572 perorationes
1968 1503 2082 1557 haec
2131 1502 2205 1555 ita

635 1610 695 1651 se
719 1596 918 1650 habere
946 1594 1313 1658 confirmaret,
1345 1594 1577 1650 clariore
1610 1597 1796 1650 nescio
1826 1610 1936 1665 quo
1965 1596 2204 1649 clamore

632 1688 949 1757 obstrepens
962 1695 1015 1742 et
1028 1688 1355 1753 elocutione,
1372 1688 1649 1760 subjungit
1667 1708 1680 1743 :
1698 1687 1910 1759 Scripta
1931 1699 2053 1744 sunt
2068 1689 2207 1745 Iurc?

633 1780 741 1834 ait:
764 1795 947 1832 verane
974 1789 1093 1832 sunt
1120 1780 1229 1833 haec
1245 1798 1312 1833 an
1331 1783 1462 1836 non?
1480 1779 1588 1834 Illa
1614 1798 1715 1835 non
1746 1798 1860 1835 esse
1888 1798 2009 1836 vera
2037 1780 2198 1851 afﬁr-

636 1888 779 1925 mare
802 1873 856 1924 in
883 1870 1243 1939 inﬁdelitatem
1263 1870 1442 1937 ducit,
1468 1890 1584 1942 qua:
1608 1873 1662 1927 in
1689 1872 1977 1927 dicentium
1997 1874 2195 1941 capita,

632 1971 694 2017 ut
732 1962 848 2033 ipse.
886 1962 1053 2028 dicit,
1088 1964 1274 2018 ueniet.
1309 1963 1368 2018 Si
1414 1981 1533 2018 uera
1580 1974 1738 2031 sunt,
1779 1966 2115 2035 qua'stionem
2147 1975 2196 2019 et

631 2055 1009 2111 dubitationem
1055 2056 1205 2112 nobis
1238 2057 1499 2112 exhibent.
1528 2057 1607 2111 Ad
1640 2057 1755 2113 haec
1788 2073 1979 2113 rursus
2005 2073 2195 2128 parum

630 2156 790 2204 caute
833 2164 953 2221 qua:
997 2147 1100 2204 fert
1147 2150 1463 2214 stabiliens,
1490 2160 1543 2205 et
1581 2151 1917 2205 contrarium
1959 2150 2197 2206 sentien-

629 2242 765 2295 tium
791 2243 1141 2312 opinionibus
1170 2245 1435 2313 expositis
1456 2286 1471 2308 ,
1513 2244 1695 2298 subdit
1732 2264 1743 2298 :
1781 2243 1850 2298 Et
1889 2253 2061 2299 tamen
2090 2245 2196 2300 sci-

508 2376 523 2381 -
630 2349 746 2386 mus
784 2334 1066 2387 nonnullos
1100 2349 1165 2388 ex
1210 2336 1404 2389 nostris
1449 2335 1708 2404 fratribus
1753 2336 1975 2389 adverso
2018 2337 2194 2391 animo

630 2421 959 2493 Scripturam
1023 2426 1282 2479 contuitus
1315 2426 1485 2480 dicere
1525 2444 1542 2480 :
1586 2426 1706 2480 Non
1752 2427 1902 2482 credo
1936 2431 2195 2499 engastri-

626 2515 825 2587 mytho.
854 2513 1313 2587 Engastrimythus
1336 2517 1462 2571 dicit
1489 2516 1783 2573 Samuelem
1808 2519 2030 2585 vidisse;
2049 2537 2192 2575 men-

627 2609 780 2663 titur.
825 2606 985 2662 Plura
1013 2608 1118 2662 alia
1146 2617 1406 2678 prieterea
1430 2610 1743 2675 interserit,
1776 2612 1975 2681 quibus
2010 2621 2193 2683 aperte

627 2698 873 2769 increpat
922 2714 1112 2754 omnes
1171 2700 1265 2769 qui
1314 2702 1727 2759 vaticinationes
1779 2705 2191 2778 engastrimythi

626 2785 795 2843 falsas
825 2803 947 2843 esse
978 2788 1352 2859 pronuntiant,
1380 2800 1433 2845 et
1474 2791 1755 2847 maledicta
1790 2794 1843 2849 in
1873 2795 2052 2865 capita
2081 2810 2191 2852 non

622 2879 959 2934 credentium
1013 2879 1091 2935 illi
1144 2879 1421 2949 congerit;
1472 2889 1527 2936 et
1574 2884 1725 2937 nullo
1772 2886 1987 2956 negotio
2034 2886 2190 2944 facile

624 2971 822 3026 animis
858 2971 1148 3027 mobilibus
1180 2987 1238 3027 se
1267 2987 1655 3042 persuasurum
1695 2983 1879 3039 ratus,
1911 2977 2014 3047 ipsi
2043 2976 2189 3033 Seri-

622 3070 794 3134 pturaa
842 3064 1210 3118 narrationem
1252 3064 1500 3136 impingit
1551 3086 1563 3121 :

620 3154 845 3219 dicens,
883 3172 951 3208 an
982 3173 1085 3210 non
1120 3156 1319 3226 scripta
1361 3163 1527 3214 sunt?
1570 3157 1635 3212 Et
1666 3161 2101 3221 ratiocinationis
2138 3165 2189 3219 vi

623 3246 739 3301 haec
773 3248 962 3301 eadem
997 3258 1247 3316 repetens
1292 3250 1500 3306 infert:
1549 3250 1748 3306 Verane
1791 3264 1912 3308 sunt
1955 3254 2096 3322 lure,
2121 3273 2190 3310 an

621 3353 726 3393 non
752 3347 869 3392 sunt
897 3343 1055 3395 uera?
1078 3341 1272 3395 Tamen
1311 3343 1573 3411 propheta:
1601 3346 1832 3399 animam
1865 3363 2188 3417 nequaquam

623 3427 787 3483 fuisse
824 3439 1091 3484 evocatam
1139 3432 1516 3488 dubitationem
1562 3435 1745 3500 nobis,
1795 3446 1846 3491 et
1884 3440 2188 3508 scrupulum

618 3519 811 3590 injicit.
868 3521 940 3576 At
992 3524 1191 3581 similia
1235 3527 1466 3582 daemoni
1513 3528 1838 3593 concedere,
1894 3533 2038 3601 quod
2086 3535 2188 3588 erit

619 3611 752 3666 illud
783 3613 1003 3668 scelus?
1040 3631 1160 3686 quae
1190 3616 1487 3687 impietas?
1523 3616 1773 3674 Nondum
1810 3619 2055 3685 haesitat,
2088 3602 2184 3678 ne-

619 3719 727 3774 que
777 3720 911 3775 pura
957 3722 1021 3761 ac
1065 3723 1212 3763 mera
1254 3709 1528 3764 dementia
1572 3709 1898 3780 depravatus
1944 3716 2183 3769 animum

617 3794 871 3851 advertit.
934 3796 1144 3869 Quippe
1188 3799 1563 3867 hujuscemodi
1631 3802 1940 3860 facultatem
1993 3814 2185 3876 praeter

617 3884 784 3943 Deum
834 3890 1044 3945 animas
1097 3892 1165 3947 ab
1221 3892 1410 3948 inferis
1464 3896 1754 3951 revocandi
1809 3898 2184 3971 educendique

615 3993 777 4034 nemo
822 3981 962 4037 alius
991 3983 1171 4039 habet.
1203 3984 1387 4056 Itaque
1413 3985 1593 4042 denuo
1620 3987 1709 4044 bic
1744 3992 2178 4062 respondendum

613 4079 727 4136 est,
756 4071 870 4128 haec
900 4074 1118 4144 quidem
1153 4077 1207 4131 in
1250 4079 1422 4134 sacris
1461 4077 1760 4148 Scripturis
1793 4084 2096 4150 contineri,
2127 4095 2181 4141 at

2238 1737 2279 1791 Β

1619 3066 1829 3135 Scripta
1878 3070 1987 3124 [nec
2032 3080 2187 3134 sunt,
2218 3101 2259 3159 ε

2311 582 2460 644 ﬂeta;
2492 579 2797 653 ἀκριὸὦσαι
2830 580 2894 634 τὸ
2939 581 3077 647 δέον,
3104 582 3232 637 ἀλλά
3256 600 3317 651 γε
3343 584 3399 637 τὸ
3427 587 3517 656 τῆς
3548 589 3768 661 ἐγγαστρι.

2313 672 2481 744 μύθου
2525 672 2709 744 δρᾶμα
2758 673 2975 726 πάντων
3023 673 3282 727 ἅπτεσθαι
3320 676 3586 747 προλέγων,
3610 682 3769 753 uicti

2310 765 2565 838 ἀλήθειαν
2620 767 2699 829 εἰς
2747 765 2847 837 τὴν
2891 764 3135 829 ἐξέτασιν
3159 767 3428 837 ἀνειμαίαν
3456 770 3526 840 (8)
3552 773 3771 827 ἐπικαλούο

2313 874 2492 929 μενος,
2522 856 2657 929 αὐτῇ
2686 859 2751 929 τῇ
2779 856 3005 927 ἀληθείᾳ
3032 858 3256 928 μάχεται
3279 861 3556 931 προφανῶς.
3581 858 3688 917 Εἶτα
3707 867 3772 919 τιῦ

2310 947 2561 1019 Σαμουὴλ
2583 946 2830 1018 ἐγκώμια
2874 945 3102 1014 διεξιὼν,
3129 949 3227 1002 ὅσα
3257 949 3379 1021 περὶ
3406 951 3550 1005 αύτοῦ
3566 952 3774 1009 διαλαλοῦ-

2311 1056 2394 1092 σιν
2447 1041 2511 1093 αἱ
2555 1040 2694 1093 θεῖαι
2726 1041 2960 1113 Γραφαὶ,
2997 1040 3291 1112 τηνικαῦτα
3324 1042 3473 1097 πάλιν
3506 1044 3596 1097 ὑπὸ
3616 1044 3695 1117 τὴν
3708 1047 3773 1102 τοῦ

2306 1130 2555 1203 δαίμονος
2598 1131 2842 1198 ἐξουσίαν
2899 1132 3213 1201 ἀποφαίνων
3244 1133 3417 1198 αὐτὸν,
3446 1134 3603 1198 αὐτοῖς
3622 1139 3775 1207 ῥήματι

2308 1224 2403 1278 καὶ
2458 1226 2648 1289 αὑταῖς
2698 1222 2971 1295 ἐπέφραζε
2997 1224 3284 1289 συλλαϐαῖς
3307 1243 3320 1256 ·
3344 1222 3453 1295 Ἆρ’
3483 1223 3581 1282 οὖν
3609 1232 3636 1284 ό
3658 1234 3776 1297 τηλι-

2307 1318 2522 1385 κοῦτος
2549 1318 2668 1373 ὑπὸ
2693 1318 2805 1386 τὴν
2831 1318 2947 1387 γῆν
2973 1314 3084 1388 ἦν;
3124 1319 3223 1372 καί
3261 1318 3540 1388 ἀνήγαγεν
3576 1321 3725 1374 αὐτὸν
3750 1325 3776 1389 ἡ

2304 1410 2803 1481 ἐγγαστρίμυθοςς
2848 1409 3163 1474 Ἑξουσίαν
3185 1410 3307 1479 ἔχει
3334 1409 3608 1479 δαιμόνιον
3628 1410 3778 1481 ψυχῆς

2305 1501 2715 1574 προφητικῆς;
2760 1503 2919 1557 Ἀλλά
2984 1502 3157 1558 ταῦτα
3219 1505 3317 1576 μὲν
3357 1504 3428 1568 ὼς
3469 1504 3776 1578 inuocaui

2304 1597 2446 1666 τάχα
2496 1596 2624 1659 ἴσως
2669 1599 2924 1669 ἐρόμενος
2968 1598 3272 1651 ύπονοεῖται
3304 1597 3470 1665 λέγειν
3497 1597 3640 1650 ἐνίοτε
3672 1602 3779 1668 παρὰ

2305 1707 2461 1743 τισιν.
2495 1689 2611 1742 Ἰνα
2659 1690 2718 1744 δὲ
2753 1690 2841 1744 διὰ
2868 1689 2979 1743 τῶν
3010 1690 3202 1744 ἔπειτα
3238 1691 3531 1761 συστήσειεν
3561 1690 3777 1757 ἐπιλόγων.

2302 1784 2382 1837 ὅτι
2422 1783 2595 1837 ταῦτα
2640 1782 2815 1847 οὕτως
2850 1784 2984 1854 ἔχει,
3033 1784 3328 1855 λευκοτέρᾳ
3370 1782 3629 1855 προσετίθη
3666 1783 3777 1853 φάσει

2302 1893 2354 1929 τι
2407 1875 2817 1947 ὑποκεκραγὼς,
2887 1875 3311 1946 Ἐγ-γέγραπται
3370 1875 3576 1937 ταῦτα;
3630 1876 3773 1944 φησίν·

2301 1965 2497 2033 ἀληθῆ
2535 1966 2723 2030 ἐστιν,
2772 1966 2810 2034 ἢ
2849 1969 2962 2021 οὐκ
3011 1967 3185 2021 ἔστιν
3221 1966 3447 2035 Μηθῆξ
3487 1967 3547 2021 Τὸ
3579 1966 3649 2036 μὴ
3674 1963 3772 2019 εἶν-ιν

2300 2056 2493 2125 ἀληθῆ
2530 2057 2732 2128 λέγειν
2766 2060 2854 2124 εἰς
2894 2059 3187 2114 ἀπιστίαν
3228 2058 3552 2128 προτρέπειο
3589 2058 3771 2126 χωρήσει

2300 2149 2399 2202 ἐπὶ
2429 2151 2715 2219 κεφαλὰς,
2752 2151 3009 2221 φάμενος,
3040 2149 3163 2204 τῶν
3187 2153 3504 2221 λεγόντωνο
3532 2148 3589 2203 τὸ
3606 2149 3660 2201 δὲ
3672 2148 3773 2201 εἶναι

2298 2238 2494 2309 ἁληθῆ
2555 2241 2802 2310 ζήτησιν
2853 2243 2947 2296 καὶ
2988 2242 3371 2311 ἐπαπόρησιν
3411 2242 3542 2311 ἡμῖν
3582 2240 3771 2309 παρέχει.

2300 2331 2450 2386 Μετά
2497 2333 2553 2386 δὲ
2594 2333 2771 2398 τοῦτο,
2806 2333 2966 2387 πάλιν
3017 2333 3253 2403 βεϐαιῶν
3282 2334 3648 2395 ἀνεπισκέπτως
3679 2332 3773 2397 ἅπερ

2298 2422 2657 2493 εἰσαγγέλλει,
2702 2424 2795 2477 καὶ
2832 2422 2930 2487 τὰς
2970 2424 3079 2477 τῶν
3112 2423 3521 2490 ἁντιδοξούντωνη
3540 2420 3661 2491 αὐτῷ
3688 2422 3773 2487 Tu.-

2301 2527 2408 2581 μας
2439 2511 2779 2581 ἐκτιθέμενος
2809 2512 3090 2584 ἐπιφέρει·
3146 2514 3259 2569 Καί
3319 2513 3442 2583 μὴν
3476 2514 3628 2581 ισμεν
3660 2508 3771 2571 τινάς

2296 2601 2415 2655 τῶν
2433 2601 2731 2671 ἡμετέρων
2746 2602 3025 2673 ἀδελφῶν
3036 2605 3509 2675 ἀναϐλέψαντας
3532 2604 3595 2673 τῇ
3607 2602 3768 2672 Γραφῇ,

2296 2694 2396 2748 καί
2455 2692 2775 2761 λέγοντας·
2829 2696 2911 2747 Οὐ
2968 2696 3236 2749 πιστεύω
3276 2695 3349 2764 τῇ
3400 2695 3767 2765 cnnamum).

2296 2785 2464 2854 Λέγει
2494 2785 2533 2853 ἠ
2561 2785 3025 2855 ἐγγαστρίμυθυς
3059 2787 3382 2855 ἑωρακέναι
3409 2789 3508 2841 τὸν
3536 2782 3767 2855 Σαμουὴλ·

2293 2871 2595 2940 ψεύδεται.
2642 2873 2752 2927 Καὶ
2810 2874 2981 2928 πολλά
3022 2892 3085 2945 γε
3131 2878 3272 2950 πρὸς
3314 2879 3403 2931 ἐπὶ
3424 2878 3610 2939 τούτοις
3630 2876 3767 2944 ἕτερα·

2293 2966 2381 3020 διὰ
2412 2967 2468 3021 δὲ
2498 2968 2699 3023 τούτων
2731 2970 3211 3042 ἀπαρακαλύπτως
3240 2974 3461 3044 ἐπιτιμᾷ
3486 2976 3583 3035 τοῖς
3602 2969 3769 3037 dmuti-

2295 3076 2443 3112 νουσι
2475 3060 2640 3133 ψευδῆ
2673 3061 2741 3115 τά
2768 3063 2863 3133 τῆς
2896 3064 3338 3137 ἐγγαστριμύθου
3373 3064 3687 3136 μαντεύματα,
3709 3063 3769 3113 καὶ

2295 3150 2679 3224 καταρώμενος
2735 3154 2808 3224 (9)
2842 3156 2935 3209 ἐπὶ
2979 3155 3226 3225 κεφαλὰς
3270 3158 3518 3231 ἀναφέρει
3565 3155 3651 3210 τῶν
3682 3155 3768 3206 tim-

2295 3245 2557 3301 στούντων
2583 3248 2741 3319 αὐτῇ.
2804 3249 3003 3321 Ῥᾷστα
3035 3250 3223 3321 μέντοι
3243 3255 3423 3305 πεῖσαι
3451 3250 3563 3314 τοὺς
3595 3249 3769 3318 εὐχερεῖς

2290 3336 2512 3401 ἐθέλων,
2545 3339 2680 3411 αὐτῇ
2728 3340 3016 3412 περιάπτει
3048 3344 3114 3413 τῇ
3156 3344 3342 3416 Γραφῇ
3380 3344 3439 3397 τὸ
3468 3344 3681 3413 ἱιήγημα,
3702 3339 3733 3390 Γ
3735 3336 3767 3387 ἐ-

2289 3443 2538 3498 γραπται
2566 3429 2770 3498 ταῦτα,
2799 3432 2992 3501 λέγων,
3040 3432 3078 3501 ἣ
3117 3438 3196 3489 οὐ
3226 3435 3554 3506 renouarat;
3588 3431 3767 3493 Συλλογι-

2290 3528 2445 3595 στικῇ
2460 3524 2517 3578 δὲ
2536 3524 2797 3597 δεινότητι
2821 3526 3099 3598 χρώμενος
3117 3530 3322 3599 ἐπάγει
3332 3527 3589 3601 δευτερῶν,
3617 3518 3764 3587 Ἀληθῆ

2287 3615 2472 3671 ταῦτά
2502 3618 2692 3683 ἐστιν,
2739 3618 2779 3687 ἣ
2822 3619 2932 3672 οὐκ
2970 3619 3147 3674 ἐστιν
3172 3622 3408 3691 ἀληθῆ,
3430 3623 3603 3675 Καίτοι
3626 3612 3767 3681 τὸμὲν

2287 3711 2397 3763 οὐκ
2417 3709 2674 3778 ἀνῆχθαι
2692 3710 2805 3779 τὴν
2827 3711 2933 3766 τοῦ
2961 3725 3074 3781 προ
3077 3715 3278 3783 ρήτου
3306 3712 3520 3785 ψυχὴν,
3541 3706 3766 3773 laudm

2286 3817 2390 3856 σιν
2405 3802 2567 3872 ἡμῖν,
2598 3802 2723 3874 ἔφη,
2750 3803 2993 3872 παρέχει
3021 3805 3120 3859 καὶ
3151 3805 3398 3875 ζήτησιν
3416 3822 3430 3836 ο
3455 3803 3568 3858 αὐτὸ
3589 3800 3633 3851 δὲ
3656 3797 3700 3848 τὸ
3718 3792 3765 3844 τὰ

2284 3892 2509 3948 τοιαῦτα
2560 3893 2757 3947 διδόναι
2784 3894 2864 3964 τῷ
2910 3894 3162 3966 δαίμονι,
3220 3900 3391 3968 πόσης
3434 3891 3648 3952 daedala;
3683 3884 3766 3938 ἐστὶ

2286 3985 2512 4055 μεστόν;
2548 3986 2741 4040 Οὐκέτι
2773 3987 2919 4055 λέγει
2955 3987 3156 4060 ζητῶν,
3184 3990 3308 4044 οὐδὲ
3343 3988 3561 4061 προσέχει
3583 3980 3653 4035 τᾶν
3673 3974 3765 4028 νοῧν

2282 4080 2506 4152 ἀκράτῳ
2541 4081 2768 4154 πληγεὶς
2806 4083 3082 4154 ἀσυνεσίᾳ.
3120 4084 3246 4157 Θεῷ
3293 4085 3399 4158 γὰρ
3433 4081 3619 4149 ὑπάρχει
3648 4069 3765 4141 μόνῳ

613 4177 724 4218 non
766 4179 833 4219 ex
872 4180 1104 4236 persona
1150 4169 1369 4239 propria
1401 4170 1452 4225 id
1486 4180 1666 4226 actum
1702 4173 1871 4229 fuisse
1898 4185 2177 4231 auctorem

2292 4173 2498 4245 τοιαύτῃ
2520 4174 2733 4247 ἐξουσίᾳ
2769 4174 3101 4239 ἐπιτάσσειν,
3127 4176 3272 4230 ὥστε
3313 4175 3466 4247 ψυχὰς
3488 4170 3537 4233 ἐξ
3554 4166 3653 4237 ᾅδου
3682 4174 3762 4228 με’

613 4256 925 4326 praedicere.
955 4257 1140 4330 Neque
1175 4260 1319 4315 enim
1360 4262 1498 4317 liber
1531 4264 1861 4332 propheticis
1908 4268 2176 4320 sermoni—

524 4364 543 4391 \
610 4347 713 4404 bus
746 4351 1041 4421 pugnantia
1091 4353 1261 4406 multa
1306 4352 1468 4407 simul
1514 4354 1569 4407 in
1614 4370 1780 4408 unum
1827 4365 2173 4426 congereret,

2278 4264 2661 4336 ταπέμπεσθαι
2708 4268 2799 4320 καὶ
2852 4267 3052 4322 καλεῖν.
3126 4263 3539 4323 Ἀνθυπενεκτέον
3585 4250 3659 4309 οὖν
3684 4252 3763 4355 ,ὲν-

2278 4355 2450 4409 ταῦθα
2501 4356 2660 4411 πάλιν
2682 4375 2695 4388 ·
2734 4359 2821 4413 Ἐν
2853 4359 2950 4430 μὲν
2979 4362 3099 4423 ταῖς
3135 4362 3315 4432 ἱεραῖς
3345 4358 3762 4426 ἀνείληπταιταυτι

610 4447 671 4495 ιιι
708 4448 762 4496 et
803 4442 955 4511 prius
999 4442 1372 4509 ostendimus,
1416 4453 1468 4500 et
1504 4446 1665 4514 paulo
1711 4445 1852 4500 infra
1893 4447 2166 4516 dicemus;

2292 4450 2534 4522 .‘pacpaig,
2566 4453 2627 4506 οὑ
2656 4452 2759 4525 μὴν
2803 4453 2861 4521 ἐξ
2905 4454 3029 4507 ἰδίου
3069 4456 3368 4526 προσώπου
3407 4454 3459 4508 τὸ
3482 4445 3651 4504 τοιοῦτο
3675 4440 3761 4493 δαι-

608 4532 702 4603 qui
740 4535 1153 4606 engastrimytlii
1185 4536 1348 4589 verba
1370 4576 1384 4598 ,
1416 4543 1470 4591 et
1503 4536 1762 4592 furiosam
1796 4539 1943 4608 regis
1976 4542 2157 4611 cegni-

2282 4544 2593 4614 πεπρᾶχθαι
2630 4546 2861 4618 γράμμα
2891 4546 2999 4617 (10)
3036 4548 3338 4620 προῦλεγεν
3390 4547 3417 4599 ὁ
3457 4531 3757 4609 συγγραφεύς·

606 4627 810 4682 tionem
852 4627 1106 4697 operibus
1152 4628 1471 4699 ignorantiae
1516 4629 1729 4698 plenam
1777 4629 2169 4701 deprehensam

2292 4636 2335 4688 δὺ
2369 4636 2476 4709 γὰρ
2513 4636 2579 4691 ἂν
2624 4638 2979 4711 ἐκκλησίαζεν
3020 4642 3052 4711 ἡ
3087 4640 3290 4711 βίϐλος,
3325 4635 3523 4694 ἐναντία
3546 4630 3642 4690 ταῖς
3665 4638 3759 4691 πρν

606 4718 944 4789 designabat.
980 4718 1114 4774 Nam
1167 4737 1344 4790 neque
1396 4731 1582 4792 aptum
1638 4738 1815 4793 neque
1867 4740 2168 4797 congruum

2292 4730 2533 4797 ρητικαῖς
2570 4728 2873 4782 ἀντιεοῶσα
2919 4734 3151 4799 φωναῖς,
3215 4730 3293 4795 ὥς
3337 4747 3397 4797 γε
3448 4725 3531 4780 καὶ
3580 4711 3757 4789 πρόσθεν

604 4810 711 4865 erit
750 4810 824 4863 ita
873 4811 1087 4867 divinas
1122 4812 1329 4869 litteras
1380 4825 1733 4884 pertractare.
1782 4817 1991 4887 Quippe
2044 4834 2165 4874 cum

2292 4819 2569 4891 ιδείξαμεν,
2605 4821 2696 4875 καὶ
2729 4823 2920 4893 μικρὸν
2962 4822 3186 4894 ὕστερον
3230 4822 3476 4895 ἐροῦμεν·
3504 4811 3614 4870 ἀλλὰ
3635 4806 3683 4875 δὴ
3707 4801 3753 4852 τὶ

605 4902 737 4974 ipsa:
766 4902 1035 4958 fateantur
1062 4903 1333 4959 diabolum
1372 4918 1541 4964 semet
1581 4909 1756 4980 ipsum
1787 4910 1957 4965 Deum
1990 4923 2170 4982 aperte

605 4995 994 5065 pronuntiare;
1033 4995 1153 5051 ideo
1199 5013 1265 5052 ne
1302 4999 1416 5053 sola
1468 5002 1801 5057 narrationis
1845 5001 1989 5057 illius
2030 5004 2170 5058 serie

607 5086 685 5140 illi
734 5087 1060 5141 credendum
1109 5089 1347 5154 crit,.ac
1388 5093 1570 5147 omnia
1625 5093 1701 5147 illi
1754 5093 2078 5160 deferenda,
2110 5104 2169 5149 ut

606 5175 723 5247 ipse
762 5176 1022 5251 Origenes
1076 5183 1309 5239 asserit?
1357 5184 1407 5238 id
1458 5186 1601 5240 enim
1655 5187 1707 5241 in
1758 5189 1928 5243 sacris
1977 5189 2170 5244 litteris

605 5265 864 5335 scriptum
882 5266 1129 5324 habetur.
1146 5268 1243 5326 Vel
1273 5286 1511 5337 rursum,
1562 5289 1687 5329 cum
1734 5272 2022 5330 immodica
2058 5278 2169 5332 ela-

2271 4909 2373 4979 τῆς
2403 4910 2836 4983 ἐγγαστριμύθων
2882 4912 3200 4985 διεχάραττε
3230 4914 3460 4985 ῥήματα,
3498 4903 3577 4958 καὶ
3599 4895 3752 4985 diviti"

2276 5004 2414 5073 μανῆ
2454 5004 2547 5056 τοῦ
2582 5004 2839 5058 δυνάστου
2875 4983 3074 5073 γνῶσι-ν
3122 4983 3305 5076 ἔργοιξ
3344 4997 3587 5071 ἀγνωσίας

2270 5094 2554 5167 δειγμένην
2607 5098 2890 5152 ἀνάπλεον.
2943 5099 3005 5151 El
3062 5097 3170 5169 γὰρ
3222 5098 3392 5159 οὕτως
3445 5088 3637 5163 ἁρμόσει
3665 5088 3745 5178 if“

2271 5187 2450 5255 ἁγίαις
2476 5189 2777 5261 ἐπισκῆψαι
2800 5190 3064 5262 Γραφαῖς,
3110 5190 3307 5243 οὐκοῦν
3333 5184 3505 5253 ἐπειδή
3532 5187 3671 5247 φασινι
3687 5178 3742 5262 στξ

2270 5253 2361 5330 καὶ
2382 5277 2511 5331 Θεὸν
2549 5253 2806 5352 ἀντι-έρυς
2844 5253 2882 5334 ’ὁ
2920 5253 3161 5343 διάϐολος
3195 5279 3381 5335 ἐαυτὸν
3412 5263 3682 5339 ἀναγορεύ⁵⁸’
3706 5253 3741 5352 εξ

606 5362 695 5409 tus
720 5360 971 5429 superbia
1001 5377 1215 5419 omnem
1246 5366 1407 5420 simul
1437 5367 1623 5423 mundi
1659 5368 1822 5438 hujus
1857 5375 2163 5429 machinam

2292 5371 2415 5443 παρὰ
2450 5370 2602 5426 τοῦτο
2642 5372 2824 5446 δεήσει
2861 5374 3130 5428 πιστεύειν
3160 5373 3328 5445 αὐτῷ,
3355 5373 3417 5442 τῇ
3458 5346 3740 5434 διηγηματίκῇ

676 5645 750 5732 (β)
793 5647 1132 5732 Ἆνειμαιαν.
1181 5656 1327 5732 _Leg.
1374 5661 1692 5730 ἀναγκαίαν.
1738 5690 1811 5707 --
1850 5659 2157 5732 Legendum

604 5718 801 5788 potius,
833 5718 1143 5797 ἀνειμένως.
1179 5718 1333 5781 Eoi}.

2338 5663 2422 5738 (θ)Δ
2445 5666 2882 5738 Καταρώμενςς.
2919 5666 3097 5728 Forte,
3112 5667 3366 5738 κατάρας.

2342 5734 2451 5807 (l0)
2478 5734 2740 5808 Γράιιμα.
2773 5737 2938 5797 Fdrlc
2976 5740 3223 5811 πρᾶγμα.
