3962 6202
266 194 372 252 6-’ῑ9

1148 201 1237 257 DE
1270 198 1858 257 ENGASTRIMYTHO
1895 199 2178 256 CONTRA
2216 200 2591 261 ORIGENEM.

3414 215 3522 271 650

264 314 362 370 τοῦ
400 314 729 388 γράμματος
765 317 959 390 ἐκδοχῇ
993 319 1057 374 τδ
1088 324 1196 375 πᾶν
1220 322 1588 384 ἀνατιθέντας,
1601 320 1678 384 ὡς
1711 319 1827 390 Ὦρι

1955 320 2039 375 vel
2070 336 2237 392 regna
2286 322 2432 379 illius
2477 339 2575 380 sua
2627 339 2750 382 esse
2796 326 2942 382 dicat
2971 328 3039 394 “,
3079 329 3269 386 ideone
3313 332 3521 391 diceret

187 434 201 446 -
264 407 439 479 γένης
483 409 823 478 εἰσηγεῖται;
871 414 964 465 καὶ
1011 411 1168 467 τοῦτο
1213 411 1321 485 γὰρ
1356 414 1435 477 είς
1456 413 1626 476 αὐτὰς
1653 412 1851 481 ἀναγὲ-

264 514 512 571 γραπται
538 500 634 563 τὰς
657 501 906 573 Γραφάςο
935 503 969 576 ἢ
1015 498 1082 559 αὖ
1130 504 1291 559 πάλιν
1320 506 1534 560 ἐπειδὰν
1564 506 1850 577 ὑπερηφα-

264 592 363 664 νίᾳ
416 592 692 665 χρώμενος
743 595 967 668 ἀμέτρῳ
1012 600 1191 653 πᾶσαν
1232 598 1367 670 ὁμοῦ
1427 598 1523 671 τὴν
1562 599 1714 652 τοῦδε
1750 595 1846 650 τοῦ

265 685 475 755 κόσμου
530 686 877 760 περιγραφὴν
921 688 1041 759 ἦτοι
1092 690 1186 743 καὶ
1216 690 1314 754 τὰς
1362 689 1634 760 βασιλείας
1673 688 1847 758 αὐτῆς

264 778 404 841 ἰδίας
453 774 591 831 εἶναι
644 778 811 849 λέγοι,
846 781 998 853 παρὰ
1049 781 1206 836 τοῦτο
1236 782 1367 854 φαίη
1397 800 1479 844 τις
1501 780 1587 846 ἂν,
1620 780 1695 844 ὡς
1733 781 1842 851 ἀρα

267 872 541 942 προσήκει
571 877 730 937 νοεῖν,
779 875 862 927 ὅτι
903 874 1233 949 δημιουργὸς
1270 874 1432 939 αὐτός
1500 876 1645 927 ἐστιν
1668 873 1842 927 ἀπάν-

258 979 402 1028 mw;
443 963 737 1036 Οὖμενουν,
769 965 911 1019 είποι
938 984 1023 1031 τις
1046 967 1136 1022 ἀν’
1173 968 1206 1039 ἠ
1235 967 1342 1039 γάρ
1364 982 1445 1020 τοι
1470 963 1841 1035 διηγηματικὴ

257 1053 545 1127 διεχάραξε
585 1056 737 1130 φωνὴ
780 1059 877 1124 τὰς
916 1059 1124 1113 ἐκείνου
1172 1057 1592 1131 μεγαληγορίας,
1625 1056 1687 1108 ού
1733 1054 1841 1126 μὴν

1952 410 2225 481 quispiam
2273 412 2603 468 credendum
2657 431 2780 472 esse
2834 418 2987 474 illum
3038 436 3219 476 rerum
3275 424 3517 480 omnium

1951 502 2202 572 opiﬁcem
2251 505 2417 561 esse?
2452 506 2522 560 At
2558 522 2720 564 nemo
2764 523 2898 566 sane
2940 511 2996 566 id
3043 512 3259 568 dixerit.
3308 513 3519 587 Quippe

1948 594 1994 650 si
2027 595 2359 654 narrationis
2395 598 2533 653 ordo
2589 599 2761 657 futilis
2807 602 2956 660 illius
2991 604 3306 673 iactationis
3351 609 3517 663 verba

1948 689 2238 758 expressit,
2264 700 2317 745 at
2336 705 2443 745 non
2466 707 2593 747 vera
2624 694 2714 748 illa
2745 695 2917 752 fuisse
2940 696 3266 754 determinat
3298 719 3311 755 :
3340 716 3520 772 neque

1948 780 2003 837 id
2055 784 2201 840 ullus
2250 786 2461 857 uspiam
2492 787 2726 856 probare
2781 792 2998 860 poterit.
3035 792 3143 849 Sed
3189 795 3387 850 similia
3430 795 3518 853 his

1947 872 2162 929 inﬁnita
2201 883 2329 931 sunt
2360 877 2415 931 in
2455 884 2743 948 promptu,
2789 894 2910 949 qua:
2938 881 2993 935 in
3045 883 3281 938 medium
3322 883 3518 941 afferre

1946 966 2171 1023 minime
2202 968 2356 1033 libet,
2387 986 2457 1025 ne
2484 971 2773 1027 verborum
2806 973 2968 1045 longo
2995 974 3228 1031 circuitu
3262 976 3518 1048 quaestio-

1946 1057 2034 1111 nis
2058 1057 2261 1114 nodum
2290 1058 2529 1132 eﬁugere
2558 1063 2861 1121 videamur.

259 1150 482 1223 ἀληθείς
514 1155 802 1223 ἀποφαίνει
830 1154 1032 1218 αὐτὰρ
1068 1154 1175 1208 οὐδ’
1200 1154 1317 1207 ἐστὶ
1343 1154 1420 1217 δὲ,
1470 1153 1551 1205 ὅτι
1582 1150 1739 1204 τοῦτο
1787 1148 1956 1216 δεῖξαι
1989 1151 2285 1225 δυνάμενος
2309 1157 2484 1222 οὐδεὶς
2510 1159 2778 1231 οὐδαμῶς.
2842 1160 3003 1216 Ἀλλά
3066 1166 3234 1235 μυρία
3266 1167 3363 1237 μὲν
3399 1168 3516 1222 ἐστι

259 1245 483 1300 τοιαῦτα
516 1247 650 1316 πρὸς
680 1248 775 1301 ἐπὶ
803 1248 1010 1313 τούτοις
1045 1249 1193 1311 ίδεῖν,
1218 1248 1316 1319 οὐχ
1349 1243 1459 1301 οἷόν
1491 1264 1551 1300 τε
1599 1244 1656 1298 δὲ
1682 1243 1862 1299 πάντα
1900 1248 2190 1320 παράγειν,
2228 1250 2318 1305 ἴνα
2364 1251 2440 1323 μὴ
2476 1255 2827 1328 μακρηγορίᾳ
2869 1255 3109 1330 δόξωμεν
3159 1261 3518 1333 ὲκκρούεσθαι

255 1336 351 1390 τοῦ
380 1336 711 1410 ζητήματος.

326 1429 494 1484 XVII.
510 1432 599 1495 Ὠς
618 1427 709 1485 οὖν
726 1428 896 1517 ξδόκει
918 1436 1029 1497 τοῖς
1053 1432 1317 1505 ὀρθότατα
1338 1429 1625 1502 φρονοῦσιν
1646 1429 1708 1483 ού
1736 1444 1832 1499 με-

251 1519 425 1591 τρίως
443 1522 719 1593 ἐπιτιμᾷν,
736 1517 890 1587 αὖθις
908 1523 1257 1593 ὑπεκκλέψας
1272 1522 1356 1574 ἐπ’
1375 1521 1538 1592 ἄλλην
1554 1519 1833 1590 ἀπεπήδη-

2009 1422 2172 1479 XVll.
2213 1423 2413 1481 Verum
2449 1437 2737 1501 postquam
2787 1433 3099 1491 rectissime
3146 1439 3513 1499 sentientibus

1937 1529 2048 1570 non
2091 1518 2443 1575 mediocriter
2486 1521 2785 1581 insultasse
2820 1526 2973 1581 visus
3000 1537 3115 1594 est,
3152 1530 3347 1585 iterum
3404 1549 3513 1589 non

250 1626 346 1663 σεν
376 1609 603 1674 ἔννοιαν,
635 1612 946 1666 ὲδεινοποίει
967 1613 1023 1666 δὲ
1044 1612 1408 1684 δημαγωγῶν,
1446 1613 1528 1665 ὅτι
1563 1610 1828 1681 φάσκουσι

1939 1607 2174 1665 obscure
2201 1610 2554 1669 dissimulans
2585 1614 2641 1669 in
2670 1616 2831 1671 aliam
2860 1619 3120 1674 transiliit
3159 1623 3510 1689 sententiam,

250 1701 395 1771 πρὸς
422 1704 533 1766 τοῖς
562 1702 761 1769 ἀλλοις,
792 1704 866 1768 ὡς
902 1703 989 1775 εἴη
1010 1704 1276 1775 φρικῶδες
1307 1702 1688 1768 ύπολαϐεἴν,ὲν
1704 1700 1832 1773 ᾅδου

250 1794 537 1864 γεγονέναι
558 1795 649 1849 τὸν
666 1796 858 1867 εὐκλεῆ
880 1795 1153 1868 Σαμουὴλ,
1174 1795 1232 1860 ὃς
1248 1795 1485 1868 ὲκκρίτῳ
1500 1792 1835 1868 προφητείας

248 1888 385 1960 ἀξία
413 1888 716 1959 τετίμηται.
738 1888 908 1942 Τοῦτο
940 1889 1035 1960 μὲν
1055 1885 1148 1942 οὖν
1168 1890 1278 1944 ἀνω
1296 1889 1352 1943 δὲ
1366 1888 1458 1942 καὶ
1475 1888 1625 1942 κάτω
1640 1904 1833 1941 ταυτο⁴

246 1979 406 2048 λογεί
452 1979 734 2051 γραωδῶς,
782 1980 839 2047 ἐξ
873 1979 1047 2034 ἄλλων
1080 1983 1160 2044 είς
1199 1979 1332 2035 ἄλλα
1362 1975 1832 2053 μεταχειρίζεσθαι

247 2073 383 2137 τοὺς
430 2074 729 2144 αύτηκόους
788 2074 975 2147 ἀπάτῃ
996 2072 1351 2144 τεχνώμενος.
1390 2071 1581 2141 Ἡμεῖς
1609 2070 1666 2124 δὲ
1702 2069 1833 2142 περὶ

247 2163 457 2218 τούτων
488 2165 549 2217 ού
580 2164 946 2237 διαφερόμεθα
969 2166 1096 2236 περὶ
1112 2159 1185 2218 ὧν
1212 2164 1383 2218 ἀπασι
1402 2162 1832 2234 συνομολογητέα

248 2255 627 2327 καθέστηκεν,
694 2256 809 2310 ἀλλ’
853 2249 928 2311 ὧν
979 2257 1142 2310 ἓνεκα
1201 2255 1407 2327 κυρίως
1467 2253 1832 2325 ἀμφισϐητεῖν

246 2347 572 2420 ἐγνώκαμεν
589 2366 603 2379 ·
639 2349 699 2402 ού
733 2349 842 2422 γάρ
871 2351 919 2403 εί
941 2348 1192 2421 Σαμουὴλ
1216 2348 1407 2417 γέγονε
1433 2346 1691 2418 ζητητέα,
1714 2346 1830 2400 ἀλλ’

247 2443 298 2495 εί
328 2441 581 2513 τοιαύτην
616 2441 728 2513 ἔχει
751 2442 958 2513 δαίμων
989 2441 1256 2506 ἐξουσίαν,
1284 2439 1425 2493 ὥστε
1455 2438 1679 2493 δικαίων
1704 2439 1833 2492 ἀνα-

245 2533 532 2589 καλεῖσθαι
585 2534 763 2607 ψυχὰς
825 2535 885 2600 ἐξ
931 2534 1079 2606 ᾇδου,
1110 2534 1203 2588 καὶ
1247 2533 1409 2586 πάλιν
1455 2532 1826 2602 ἀποπέμπειν.

259 2626 418 2680 Ἐπεὶ
447 2625 624 2680 τοίνυν
656 2627 1029 2699 ὲπαυτοφώρῳ
1061 2626 1285 2698 ληφθεὶς
1311 2624 1453 2679 ἑάλω
1482 2623 1831 2695 βλασφημίας

248 2719 555 2785 ἐπαντλῶν,
599 2719 735 2774 ἀλλά
765 2720 864 2785 τὰς
901 2719 1010 2773 τῶν
1051 2718 1338 2790 ἀκροατῶν
1371 2718 1541 2781 ἀκοὰς
1562 2715 1830 2788 ἀπατηλῇ

251 2812 353 2883 μὲν
385 2812 699 2866 ὑπεκκλίνει
750 2813 938 2887 τέχνῃ,
982 2811 1311 2881 καταφεύγει
1339 2810 1394 2864 δὲ
1416 2808 1576 2881 δῆθεν
1613 2808 1707 2863 ἐπὶ
1736 2806 1830 2861 τοῦ

243 2904 489 2975 Χριστοῦ
516 2904 826 2977 πρόσωπον,
870 2903 936 2957 ἶν’
975 2902 1336 2968 ἀντεξετάσας
1366 2901 1496 2957 αὐτὸ
1515 2902 1626 2965 τοῖς
1658 2899 1831 2969 ἀγίοις

1935 1701 2347 1774 orationemque
2394 1709 2633 1764 oratorie
2671 1724 2909 1780 augens,
2963 1711 3107 1768 inter
3135 1714 3240 1768 alia
3268 1731 3389 1785 quae
3422 1714 3510 1771 di-

1933 1800 2095 1857 cunt,
2140 1795 2472 1853 horrendum
2513 1814 2647 1856 sane
2677 1801 2734 1855 id
2765 1818 2888 1858 esse
2916 1804 3224 1871 intellectu,
3260 1807 3507 1881 indutum

1936 1885 2244 1946 Samuelem
2302 1892 2577 1963 praecipua
2630 1895 2878 1950 vaticinii
2935 1896 3197 1968 dignitate
3240 1901 3509 1957 illustrem

1933 1977 2107 2036 fuisse
2141 1982 2285 2052 apud
2320 1982 2549 2039 inferos.
2590 1983 2706 2040 Hoc
2749 1987 2932 2055 itaque
2972 1990 3107 2046 satis
3150 1991 3366 2047 aniliter
3405 2009 3510 2049 see-

1932 2069 2057 2138 pius
2108 2071 2269 2127 iterat
2309 2075 2634 2144 repetendo,
2685 2090 2753 2131 ex
2787 2077 2909 2132 aliis
2955 2078 3011 2133 in
3066 2080 3173 2134 alia
3228 2083 3507 2140 auditores

1933 2161 2253 2233 impellens,
2300 2166 2445 2237 quod
2494 2156 2687 2222 fraude
2725 2168 2980 2241 deceptos
3037 2174 3295 2229 adversos
3348 2189 3510 2246 agere

1933 2262 2186 2311 conatur.
2236 2254 2343 2311 Sed
2388 2272 2490 2313 nos
2539 2259 2607 2314 de
2652 2259 2739 2315 his
2785 2276 2907 2332 quae
2955 2277 3067 2317 uno
3098 2264 3282 2319 animo
3314 2282 3507 2324 omnes

1931 2345 2202 2415 recipiunt
2232 2362 2341 2402 non
2368 2346 2732 2415 dissidemus,
2766 2367 2954 2407 verum
2988 2354 3055 2409 de
3095 2354 3183 2410 his
3224 2372 3347 2427 qua:
3379 2373 3508 2428 pro-

1929 2439 2049 2509 prie
2081 2439 2135 2493 in
2172 2440 2398 2495 dubium
2426 2444 2564 2498 verti
2593 2459 2756 2515 posse
2795 2447 3202 2516 cognoscimus.
3232 2447 3366 2503 Nam
3398 2451 3506 2506 mi-

1932 2533 2078 2589 nime
2094 2533 2483 2604 disputandum
2513 2551 2582 2592 an
2620 2537 2840 2594 Samuel
2865 2537 3047 2603 fuerit,
3073 2542 3168 2595 sed
3199 2556 3269 2596 an
3292 2542 3505 2598 daemon

1932 2626 2096 2681 talem
2128 2626 2326 2682 habeat
2354 2635 2702 2698 potestatem,
2734 2624 3015 2701 ‘justorum
3043 2632 3255 2688 scilicet
3293 2635 3506 2692 animas

1931 2717 2002 2772 ab
2043 2717 2235 2775 inferis
2277 2720 2575 2786 evocandi,
2608 2737 2911 2794 rursusque
2943 2725 3364 2781 transmittendi.
3396 2724 3507 2782 Ita-

1932 2824 2037 2880 que
2075 2825 2137 2866 re
2184 2810 2474 2868 manifesta
2507 2812 2882 2884 deprehensus
2927 2816 3292 2887 blasphemias
3323 2817 3508 2872 fundi-

1934 2910 2069 2967 tare,
2100 2901 2437 2957 audientium
2469 2918 2630 2961 aures
2661 2904 2889 2960 subdola
2920 2913 3037 2962 arte
3062 2907 3324 2971 declinat,
3356 2914 3411 2964 et
3435 2909 3504 2964 ad

240 2997 527 3068 ἀνδράσιν,
570 2996 921 3062 ἀποδείξειεν,
978 2998 1058 3050 ὅτι
1092 2996 1185 3049 καὶ
1233 2995 1393 3059 αὐτὸς
1422 2997 1501 3059 είς
1533 2992 1657 3066 ᾅδου
1696 3009 1828 3046 κατ-

1932 2990 2138 3050 Christi
2171 2993 2438 3049 duntaxat
2490 3010 2781 3065 personam
2829 2996 3102 3068 confugit,
3148 3006 3207 3053 ut
3264 3014 3328 3054 ea
3377 3015 3502 3055 cum

241 3086 415 3159 ἦλθεν
445 3089 474 3141 ὁ
501 3087 735 3160 Χριστὸς
766 3085 902 3158 ὁμοῦ
941 3087 1052 3148 τοῖς
1077 3084 1255 3148 ἄλλοις
1279 3083 1479 3137 ἀπασιν
1498 3099 1511 3113 ·
1549 3080 1684 3136 ἀλλά
1716 3079 1823 3153 γὰρ

242 3180 327 3242 ὡς
352 3178 675 3232 ἀπεδείκνυε
719 3176 898 3240 τοῦτο,
929 3176 1021 3229 καὶ
1038 3174 1101 3248 δὴ
1130 3174 1223 3228 καὶ
1254 3173 1314 3227 τὸ
1342 3172 1463 3226 κατ’
1490 3172 1657 3245 ἄνδρα
1693 3189 1827 3244 παρ-

246 3271 419 3327 αινῶν
478 3271 867 3342 ἐπεφθέγγετο,
927 3269 990 3323 Τί
1026 3266 1201 3338 φοϐῇ,
1235 3266 1427 3336 λέγων,
1476 3266 1685 3333 εἰπεῖν,
1734 3265 1841 3349 ὅτε

243 3363 370 3430 πᾶς
392 3360 591 3432 χρῄζει
626 3363 810 3429 τόπος
837 3362 1023 3417 αὐτοῦ
1061 3378 1124 3416 τε
1161 3361 1266 3415 τοῦ
1294 3356 1552 3430 Χριστοῦ
1577 3356 1676 3411 καὶ
1706 3354 1827 3410 τῶν

244 3454 610 3525 προρητῶη
636 3455 793 3525 ὀλίγα
841 3454 976 3509 ἄττα
1036 3453 1126 3507 διὰ
1173 3454 1338 3525 μέσου
1377 3452 1606 3515 τάττων,
1659 3447 1825 3520 ἀλλην

246 3553 538 3607 ἔπιπλέκει
575 3554 905 3626 δυσφημίαν,
952 3553 1242 3623 ὲκφαίνων,
1280 3553 1361 3606 ὅτι
1384 3551 1481 3605 καί
1518 3548 1674 3603 κάτω
1696 3565 1825 3616 τυγ-

244 3643 454 3714 χάνων
472 3647 505 3697 o'
522 3644 797 3713 Χριστὸς,
815 3645 881 3698 ἶν’
904 3643 1077 3708 οὕτως
1100 3645 1256 3706 είπω,
1281 3642 1462 3714 φησιν,
1476 3641 1546 3693 ἐν
1564 3634 1647 3702 τῷ
1667 3637 1823 3692 κάτω

243 3736 413 3798 τόπῳ
432 3734 537 3799 ὢν,
566 3733 643 3804 τῇ
686 3734 1024 3805 προαιρέσει
1061 3735 1181 3788 ἅνω
1207 3730 1286 3804 ἦν
1303 3749 1317 3763 ·
1359 3732 1435 3795 ὡς
1454 3731 1580 3802 περὶ
1611 3727 1823 3800 ἀνθρώ-

248 3845 357 3882 που
386 3827 440 3881 δὲ
473 3829 632 3899 μόνου
662 3828 1024 3899 προσομιλῶν,
1065 3827 1177 3881 ἀλλ’
1202 3826 1388 3880 οὐκέτι
1412 3824 1514 3895 τῆς
1553 3823 1703 3887 θείας
1733 3820 1823 3874 αὐ-

243 3918 344 3973 τοῦ
377 3918 765 3991 στοχαζόμενος
798 3919 1031 3990 φύσεως,
1054 3921 1112 3973 ὲν
1143 3921 1255 3982 τοῖς
1284 3918 1579 3971 κατωτάτω
1601 3914 1701 3985 μὲν
1725 3914 1824 3966 αύ-

244 4014 343 4069 τδν
398 4013 635 4082 ἔφασκεν
690 4012 941 4084 ἀφῖχθαι,
970 4010 1286 4086 προαιρέσει
1329 4008 1385 4063 δὲ
1418 4007 1683 4080 δήπουθεν
1709 4007 1822 4061 ἄνω

247 4111 561 4183 βεϐηκέναι,
596 4109 844 4182 καθάπερ
877 4105 970 4162 οὖν
1020 4106 1210 4178 ἀμέλει
1237 4105 1329 4159 καὶ
1359 4103 1483 4165 τοὺς
1511 4100 1704 4165 ἀλλους
1736 4100 1821 4153 ἀν-

244 4206 523 4278 θρώπους.
579 4204 743 4257 Οὕτω
783 4203 924 4272 γὰρ,
972 4201 1096 4270 ἔφη,
1147 4198 1243 4254 καὶ
1283 4199 1336 4251 οὶ
1380 4192 1676 4263 προφῆται
1720 4190 1818 4245 καὶ

240 4295 552 4367 Σαμουὴλ,
577 4296 692 4350 κᾶν
740 4293 1075 4350 καταϐῶσιν
1105 4292 1257 4345 ὅπου
1295 4291 1355 4342 αἱ
1387 4286 1602 4389 ψυχαί,
1634 4284 1817 4389 φησὶν,
1850 4333 1897 4389 D

239 4393 307 4444 al
337 4388 514 4452 κάτω,
544 4388 614 4441 ἐν
654 4385 733 4453 τῷ
772 4385 929 4440 κάτω
969 4382 1086 4455 μὲν
1120 4383 1405 4437 δύνανται
1448 4375 1601 4433 εἶναι
1635 4378 1817 4442 τόπῳ,

240 4486 320 4539 οὐ
342 4481 500 4537 κάτω
525 4481 592 4536 δέ
623 4484 740 4536 είσι
784 4480 860 4551 τῇ
900 4478 1258 4549 προαιρέσει.
1298 4474 1642 4547 Κουφολογίᾳ
1679 4473 1735 4527 δὲ
1758 4472 1822 4544 δὴ

242 4576 590 4648 περιηχήσας
636 4573 1027 4646 ἀπειροπληθεῖ
1074 4570 1166 4625 τὸν
1209 4569 1432 4639 κόσμον,
1495 4567 1617 4620 οὐδὲ
1664 4564 1823 4619 τοῦτο

244 4665 512 4737 ξυνίησιν,
544 4667 626 4719 ὅτι
648 4666 755 4728 πᾶς
783 4662 1027 4718 ὁστισοῦν
1073 4659 1392 4732 ἀνθρώπων,
1416 4659 1464 4711 εί
1494 4658 1587 4711 καὶ
1620 4657 1825 4728 σφόδρα

246 4758 491 4829 σχέτλιός
516 4758 683 4823 ἐστιν,
724 4759 780 4810 ὲν
834 4756 961 4828 ᾅδου
992 4748 1288 4815 κατελθὼν,
1323 4752 1435 4807 ἀνω
1465 4752 1531 4822 τῇ
1564 4748 1823 4822 προαιρέ-

246 4867 337 4902 σει
392 4849 755 4921 καθέστηκεν·
786 4848 961 4911 οὑδεὶς
989 4846 1119 4915 γοῦν
1153 4845 1216 4899 ἂν
1264 4843 1349 4915 εἴη
1371 4860 1436 4913 γε
1461 4843 1685 4898 δικαίων
1713 4843 1822 4897 οὐδ’

246 4942 451 4995 ἀδίκων
477 4943 535 5007 ὃς
560 4942 620 4996 ού
642 4941 882 5013 γλίχεται
926 4936 1185 4992 ἀνωτάτω
1220 4937 1316 5007 μὲν
1339 4935 1596 4990 ἑκάστοτε
1627 4933 1825 5005 διατρί-

246 5034 364 5088 ϐων
393 5036 626 5107 ἔχεσθαι,
652 5034 759 5088 τῶν
780 5034 835 5087 δὲ
864 5030 1228 5102 καταχθονίων
1251 5029 1593 5102 ἀπηλλάχθαι
1620 5028 1819 5081 τόπων.

246 5128 312 5181 Εί
346 5129 527 5182 τοίνυν
557 5128 790 5192 ἅπαντες
822 5126 956 5198 ὁμοῦ
985 5128 1031 5180 οἱ
1065 5124 1425 5196 καταχθέντες
1451 5126 1530 5188 είς
1558 5123 1683 5196 ᾅδου
1715 5121 1823 5177 τῶν

247 5220 365 5276 ἄνω
390 5219 570 5290 φορῶν
602 5218 711 5292 (Η)
744 5220 909 5291 ἐρῶσι
963 5219 1303 5290 προαιρέσει,
1358 5217 1451 5271 καὶ
1488 5217 1549 5270 οὐ
1587 5218 1724 5271 πάνυ
1752 5217 1823 5271 δι-

248 5311 411 5365 καίου
443 5310 584 5375 τινὲς
611 5309 1017 5381 ἐπεμελήσαντο
1042 5309 1177 5380 βίου,
1213 5308 1451 5362 ποταπὸν
1480 5308 1697 5379 ἀξίωμα
1726 5305 1821 5361 τοῦ

248 5401 592 5471 προφητικοῦ
611 5400 855 5470 διεσάφει
885 5397 1045 5471 χοροῦ
1072 5414 1087 5463 ;
1116 5397 1167 5450 τί
1200 5398 1258 5451 δὲ
1283 5398 1343 5451 τὸ
1375 5399 1626 5470 περιττὸν
1648 5399 1822 5471 ἀπήγ-

248 5492 397 5560 γειλε
450 5490 543 5544 τοῦ
593 5493 819 5565 Κυρίου,
851 5493 1015 5545 πᾶσιν
1054 5492 1237 5562 ὅμοιον
1281 5491 1595 5562 ἀποφαίνων
1617 5493 1819 5560 αὐτόν;

319 5585 369 5617 ⁸⁸
398 5582 595 5641 ΜαιιΙι.
625 5603 697 5649 ιν,
729 5587 783 5648 8,
816 5584 868 5640 9.

322 5678 435 5749 (Η)
466 5676 688 5744 Φορῶν.
717 5676 877 5732 Forte
908 5678 1100 5749 χορῶν.

546 5770 844 5857 .Pnnor“
892 5770 1009 5832 Gn.
1058 5769 1280 5831 XVIII.

1931 3086 2140 3141 sanctis
2165 3086 2301 3143 viris
2329 3087 2547 3152 collata,
2579 3104 2688 3143 una
2720 3103 2844 3143 cum
2888 3089 3012 3146 aliis
3059 3091 3314 3148 omnibus
3343 3091 3506 3148 Chri-

1929 3187 2074 3235 stum
2101 3178 2280 3249 ipsum
2312 3179 2378 3234 ad
2407 3178 2612 3236 inferos
2634 3179 2986 3238 descendisse
3008 3181 3365 3241 demonstret.
3394 3185 3502 3242 Sed

1929 3271 2023 3327 ubi
2068 3271 2202 3327 illud
2249 3273 2534 3343 probavit,
2566 3274 2635 3328 ad
2674 3274 2951 3329 hominem
2995 3275 3305 3332 hortatione
3334 3294 3502 3351 agens

1928 3364 2121 3421 scribit
2154 3383 2167 3419 :
2207 3363 2349 3432 Quid
2391 3365 2572 3420 horres
2593 3404 2610 3431 ,
2641 3366 2893 3437 inquiens
2918 3406 2934 3432 ,
2965 3367 3136 3423 dicere
3169 3386 3374 3425 omnem
3422 3372 3504 3427 lo-

1928 3473 2047 3511 cum
2068 3457 2232 3525 ipsius
2250 3455 2449 3512 Christi
2474 3466 2524 3512 et
2537 3458 2910 3528 prophetarum
2938 3458 3199 3529 indigere?
3218 3460 3284 3518 Et
3309 3465 3502 3534 paucis

1928 3546 2231 3616 interiectis
2276 3562 2477 3602 novum
2509 3548 2843 3605 horrendum
2886 3550 3034 3605 dictu
3066 3554 3376 3619 connectit,
3406 3555 3503 3611 de-

1926 3641 2170 3705 clarans,
2204 3639 2329 3695 licet
2372 3638 2610 3697 Christus
2642 3641 2860 3711 inferius
2891 3653 3059 3708 esset,
3094 3650 3154 3697 ut
3183 3644 3256 3699 ita
3286 3646 3461 3701 dicam
3482 3687 3498 3712 ,

1925 3739 1975 3784 et
2006 3730 2248 3801 inferiori
2288 3730 2432 3795 loco,
2462 3732 2709 3786 electione
2738 3741 2911 3787 tamen
2936 3742 2986 3786 et
3014 3732 3282 3789 voluntate
3317 3735 3371 3789 in
3403 3750 3499 3790 stt-

1926 3823 2125 3893 periori
2152 3833 2288 3876 erat.
2326 3821 2403 3878 De
2431 3837 2541 3893 quo
2569 3825 2726 3893 quasi
2757 3823 2826 3880 de
2852 3825 2970 3881 solo
2999 3826 3219 3881 homine
3249 3826 3503 3897 loquere-

1926 3920 2037 3977 tur,
2072 3913 2223 3968 nulla
2254 3913 2402 3969 illius
2448 3913 2648 3969 divinae
2689 3918 2900 3969 naturae
2939 3916 3151 3972 ratione
3198 3915 3412 3985 habita,
3440 3917 3500 3973 in

1926 4004 2113 4059 infima
2153 4005 2304 4061 illum
2347 4005 2483 4060 dixit
2510 4006 2828 4074 devenisse,
2857 4018 2912 4063 et
2939 4008 2987 4064 si
3012 4009 3294 4065 voluntate
3329 4023 3499 4081 supra

1926 4097 2295 4164 ascendisset,
2323 4113 2388 4155 eo
2424 4099 2543 4169 ipso
2597 4100 2760 4155 modo
2806 4100 3016 4156 scilicet
3069 4116 3180 4172 quo
3219 4109 3275 4157 et
3314 4101 3500 4160 caeteri

1926 4192 2201 4248 homines.
2230 4191 2321 4248 Sic
2348 4193 2485 4247 enim
2506 4234 2521 4259 ,
2557 4193 2768 4263 inquit,
2800 4202 2848 4248 et
2880 4193 3143 4263 prophetae
3173 4204 3223 4250 et
3242 4194 3495 4264 Samuel,

1927 4287 2140 4341 tametsi
2173 4302 2233 4342 eo
2262 4285 2579 4341 descendant
2612 4287 2700 4340 ubi
2741 4286 2934 4358 degunt
2974 4287 3168 4341 anima:
3205 4304 3322 4359 qua:
3364 4289 3500 4360 infe-

1924 4381 2036 4435 rius
2076 4389 2230 4447 sunt,
2259 4389 2478 4450 possunt
2506 4381 2713 4451 quidem
2744 4383 2799 4434 in
2836 4380 2930 4435 illo
2961 4381 3200 4451 inferiori
3232 4383 3345 4438 loco
3381 4400 3500 4454 per-

1924 4488 2158 4538 manere,
2189 4470 2483 4541 atinferius
2511 4472 2776 4525 voluntate
2807 4488 2912 4526 non
2941 4480 3087 4527 sunt.
3116 4473 3167 4529 ls
3192 4473 3341 4529 inani
3373 4490 3499 4531 ver-

1923 4566 2131 4639 borum
2166 4564 2325 4635 copia
2377 4562 2636 4633 profusa,
2687 4578 2921 4634 quorum
2959 4579 3061 4620 nec
3112 4565 3307 4623 modus
3351 4567 3501 4627 ullus

1924 4672 2027 4714 nec
2075 4637 2202 4713 ﬁnis
2251 4655 2483 4711 inveniri
2522 4664 2734 4726 potest,
2777 4654 2924 4711 haud
2967 4657 3232 4712 intellexit
3275 4672 3496 4719 omnem

1925 4748 2238 4816 hominem,
2274 4745 2403 4801 licet
2436 4744 2493 4800 in
2537 4745 2760 4801 miseria
2809 4746 2946 4802 alios
2986 4745 3250 4813 excedat,
3285 4748 3377 4804 ubi
3424 4749 3493 4804 ad

1926 4839 2131 4895 inferos
2168 4838 2442 4911 migravit,
2475 4838 2729 4909 superius
2755 4837 2953 4909 degere
2980 4839 3278 4896 voluntate.
3309 4840 3495 4912 Itaque

1924 4935 2142 4999 nullus,
2175 4933 2290 4989 sive
2332 4933 2516 5003 justus
2563 4933 2679 4987 sive
2725 4932 2961 5002 iujustus
2984 4972 3000 4997 ,
3041 4933 3253 5003 uspiam
3284 4942 3367 4988 est
3399 4934 3493 5003 qui

1924 5041 2033 5082 non
2066 5026 2329 5083 continuo
2382 5039 2599 5094 semper
2627 5031 2877 5079 teneatur
2907 5023 3179 5080 desiderio
3211 5039 3243 5078 a
3276 5026 3494 5081 subter-

1924 5119 2107 5176 raneis
2134 5119 2200 5173 ad
2244 5131 2501 5189 suprema
2542 5117 2663 5171 loca
2691 5117 2975 5173 redeundi.
3010 5115 3198 5188 Itaque
3227 5120 3273 5172 si
3302 5131 3493 5174 omnes

1923 5211 2088 5275 simul
2130 5210 2197 5265 ad
2241 5211 2449 5266 inferos
2486 5209 2899 5275 devecti,-licet
2953 5211 3120 5267 vitam
3174 5218 3378 5265 rectam
3428 5224 3496 5265 ac

1924 5306 2189 5375 integram
2221 5304 2445 5360 minime
2472 5305 2643 5361 secuti
2673 5304 2813 5369 sint,
2851 5318 3120 5374 supernas
3148 5317 3364 5374 semper
3391 5318 3491 5374 ap-

1924 5404 2114 5469 petunt
2166 5396 2431 5453 stationes
2470 5396 2750 5451 voluntate
2774 5435 2789 5459 ,
2815 5409 2979 5464 quam
3026 5394 3145 5464 ipse
3188 5395 3495 5466 prophetici

1922 5490 2076 5546 chori
2115 5489 2526 5561 praerogativam
2574 5488 2859 5560 agnoscit?
2898 5502 3060 5558 quam
3095 5486 3310 5545 Domini
3356 5488 3495 5547 entia

3050 5760 3125 5821 2t
