3898 6196
592 152 689 209 631

1563 153 1622 209 S.
1665 152 2035 208 EUSTATHII
2070 153 2379 212 EPISCOPI
2415 155 2829 214 ANTIOCHENI
3618 170 3698 224 652

592 271 835 323 nentiam
882 267 1222 330 manifestat,
1252 282 1378 322 cum
1422 269 1677 325 omnibus
1732 272 1963 327 Similem
2000 272 2142 326 illum

2268 274 2407 328 Ἀλλ’
2431 275 2602 339 οὕτως
2647 276 2872 348 ἀμαθῶς
2908 278 3129 349 ἐξήχησε
3153 279 3246 351 τὴν
3273 281 3451 353 φωνήν,
3475 283 3558 338 οὐκ
3573 286 3702 361 ἐψοή.

591 360 881 415 enuntiat?
913 358 1003 414 Sic
1030 358 1277 429 imperite
1304 374 1492 415 vocem
1532 363 1749 429 emisit,
1797 378 1907 417 non
1958 363 2156 418 intelli-

591 469 724 523 gens
750 451 983 508 Verbum
1014 466 1136 507 esse
1177 458 1232 506 et
1261 450 1561 523 Deum,qui
1600 468 1710 508 non
1736 462 1847 508 tam
1882 455 2156 530 voluntate

591 558 753 614 quam
797 542 1098 598 divinitatis
1137 542 1191 596 vi
1242 543 1423 597 omnia
1471 544 1633 600 simul
1685 531 1953 616 penetrat.
2000 547 2064 601 Et
2106 548 2152 604 si

590 643 718 689 ante
746 632 929 687 omnia
969 633 1265 702 spectabile
1298 649 1459 689 suum
1495 636 1754 705 templum
1792 644 1850 690 ut
1890 636 2156 694 dissolve-

588 724 1066 795 returpermisit.
1110 737 1233 795 post
1280 726 1501 781 tertium
1552 726 1693 781 diem
1740 743 1880 782 nova
1919 728 2153 799 quadam

586 817 799 872 ratione
846 817 1028 872 statim
1085 833 1151 872 ac
1194 819 1389 873 iterum
1434 819 1689 874 excitavit
1731 840 1744 875 :
1792 822 1970 876 anima
2023 838 2152 877 vero

588 906 734 962 illius
776 906 1027 961 humanae
1058 907 1407 963 habitationis
1444 909 1500 963 in
1530 909 1743 965 intimas
1775 919 1933 967 terra:
1968 921 2151 983 partes

583 998 907 1068 perveniens
925 1038 938 1063 ,
978 1007 1163 1068 portas
1190 1016 1309 1070 qua:
1338 1000 1412 1055 ibi
1443 1009 1598 1055 erant
1627 1002 1828 1073 impetu
1858 1003 2003 1058 facto
2031 1020 2153 1073 ape-

584 1093 714 1158 ruit,
734 1094 1050 1167 animasque
1068 1094 1141 1149 ibi
1159 1095 1405 1151 detentas
1416 1096 1667 1151 extraxit:
1686 1098 1765 1152 sic
1778 1107 1955 1152 autem
1967 1098 2148 1153 divina

583 1186 942 1242 corroborata
965 1186 1066 1241 fuit
1079 1187 1280 1243 virtute
1301 1194 1524 1258 propter
1541 1187 1633 1243 Dei
1646 1197 1700 1244 et
1719 1188 1879 1245 Verbi
1911 1206 2127 1246 commu

582 1278 825 1343 nionem,
843 1284 902 1331 ut
926 1292 1141 1332 omnem
1166 1278 1222 1331 in
1245 1279 1538 1334 seomnino
1562 1288 1880 1349 potestatem
1903 1282 2143 1338 haberet.

650 1364 836 1424 XVIII.
878 1365 990 1437 Ego
1033 1382 1163 1422 vero
1214 1366 1378 1422 credo
1423 1368 1585 1438 hujus
1628 1369 1996 1439 conjecturam
2027 1388 2148 1427 esse

581 1461 806 1516 minime
850 1460 1043 1515 levem.
1085 1459 1221 1514 Cum
1253 1462 1397 1516 enim
1451 1462 1507 1517 in
1559 1463 1944 1522 subterraneos
1997 1466 2146 1522 locos

581 1556 856 1626 pervenit,
888 1554 1014 1610 inde
1047 1554 1274 1611 latronis
1296 1557 1532 1611 animam
1562 1558 1748 1613 eodem
1783 1559 1871 1614 die
1897 1560 1952 1615 in
1986 1576 2146 1631 para-

580 1647 759 1702 dlsum
790 1646 1111 1704 introduxit.
1145 1647 1278 1702 Nam
1321 1649 1366 1703 si
1403 1664 1499 1719 per
1521 1666 1687 1709 unum
1718 1652 1984 1707 hominem
2016 1654 2140 1708 uni-

581 1738 760 1792 versis
815 1738 1138 1794 mortalibus
1178 1740 1332 1795 salus
1371 1740 1622 1805 advenit,
1654 1742 1999 1798 manifestum
2042 1745 2139 1809 ﬁt,

582 1830 819 1884 animam
854 1830 1064 1885 animas
1093 1846 1213 1901 quae
1249 1831 1494 1901 ejusdem
1533 1840 1661 1889 sunt
1689 1834 1904 1904 generis
1934 1835 2141 1892 redem-

579 1926 702 1987 ptas
752 1918 1052 1985 liberasse,
1106 1929 1218 1973 tum
1267 1921 1323 1975 in
1378 1920 1855 1978 subterranearum
1905 1926 2140 1995 partium

580 2008 747 2064 chaos
784 2024 1006 2065 accessu
1025 2049 1041 2073 ,
1087 2016 1198 2064 tum
1228 2011 1283 2065 in
1314 2011 1744 2082 antiquissimam
1766 2015 2001 2083 paradisi
2031 2022 2142 2070 sta-

578 2098 781 2153 tionem
815 2097 1175 2165 restitutione,
1222 2102 1371 2171 regni
1423 2104 1805 2174 insuperabilis
1855 2113 2137 2175 potestate.

580 2192 678 2248 His
702 2208 944 2250 consona
973 2192 1066 2250 Dei
1098 2194 1268 2250 Filius
1306 2208 1593 2267 antequam
1630 2198 1743 2254 haec
1779 2208 1962 2255 essent
2004 2218 2142 2272 pra:-

579 2284 795 2342 dicebat
824 2305 837 2341 :
874 2284 1043 2340 Nemo
1075 2285 1308 2340 ascendit
1339 2288 1393 2341 in
1420 2290 1603 2345 castum
1624 2330 1639 2353 ,
1681 2292 1784 2345 nisi
1814 2293 1903 2363 qui
1930 2291 1993 2345 de
2016 2293 2142 2349 caelo

581 2374 867 2441 descendit,
893 2375 1067 2430 Filius
1102 2376 1327 2431 hominis
1365 2381 1453 2448 qui
1486 2382 1542 2433 in
1582 2381 1723 2435 caelis
1751 2392 1828 2436 est
1853 2383 1920 2438 ⁸⁵.
1957 2384 2145 2453 Itaque

582 2469 630 2525 si
657 2467 930 2524 fatebatur
957 2485 1081 2525 eum
1120 2472 1213 2541 qui
1243 2488 1309 2528 ex
1337 2472 1575 2527 humano
1610 2488 1807 2543 genere
1831 2484 2009 2530 ortum
2041 2477 2143 2531 du-

583 2565 752 2624 ceret,
771 2559 947 2614 solum
970 2575 1034 2616 ex
1059 2561 1312 2618 omnibus
1339 2563 1397 2617 in
1423 2563 1621 2620 caelum
1644 2564 1977 2635 ascendisse.
1993 2565 2144 2622 inde-

577 2665 684 2717 que
716 2666 939 2707 rursum
972 2651 1078 2706 huc
1109 2652 1488 2720 descendisse,
1522 2654 1718 2726 hicque
1748 2666 2142 2712 commoratum

574 2742 635 2800 in
667 2745 865 2799 caelum
899 2744 1152 2807 tendere,
1186 2751 1333 2814 patet
1364 2744 1560 2800 anima:
1593 2746 1644 2800 vi
1675 2762 1739 2802 ac
1767 2748 2000 2817 quadam
2041 2764 2142 2805 ex-

577 2836 826 2892 cellentia
852 2836 944 2891 illa
973 2836 1292 2892 absolvisse.
1324 2837 1523 2893 Sancta
1551 2837 1695 2894 enim
1728 2838 1934 2894 Christi
1964 2841 2142 2896 anima

2261 384 2379 430 σας,
2434 367 2514 421 ὅτι
2556 368 2687 432 Θεὸς
2727 364 2796 441 ἦν
2836 371 2865 422 ό
2908 369 3106 439 Λόγος⁸
3143 372 3200 424 οὐ
3234 376 3510 447 προαιρέσει
3537 379 3703 448 μῶλον,

2256 460 2549 533 ἀλλ’ἀρετῇ
2570 461 2671 531 τῆς
2694 462 2944 533 θεότητος
2962 463 3257 534 ἁπανταχοῦ
3281 466 3507 538 πάρεστιν
3531 470 3704 542 ἀθρόως.

2254 554 2317 607 Εί
2345 554 2403 607 δὲ
2434 554 2529 608 καὶ
2551 554 2610 607 τὸ
2646 554 2879 625 μάλιστα
2908 555 2997 608 τὸν
3031 555 3264 627 ἔκκριτον
3291 559 3461 612 ἐαυτοῦ
3488 561 3593 615 ναὸν
3612 564 3706 616 ἐπί-

2252 647 2416 718 τρεψε
2447 647 2689 719 λυθῆναι,
2718 651 3009 721 τριήμερον
3037 650 3130 719 μὲν
3152 650 3335 704 αὐτίκα
3356 651 3495 704 πάλιν
3514 654 3708 727 ἀνήγειρε

2253 741 2633 812 καινοπρεπῶς
2651 757 2664 771 ⁸
2696 740 2803 811 ήδέ
2825 740 2967 811 ψυχὴ
3000 740 3146 794 τοῦδε
3177 742 3262 795 τοῦ
3295 741 3585 813 ἀνθρωπείου
3609 763 3708 819 σκή-

2253 832 2499 905 νώματος
2528 836 2607 897 είς
2647 833 2715 887 τὰ
2738 834 3023 888 κατώτατα
3044 835 3355 889 κατελθοῦσα
3375 836 3496 908 μέρη
3519 839 3599 909 τῆς
3620 839 3711 910 γῆς,

2250 925 2550 978 ἀνεπέτασε
2603 925 2701 990 τὰς
2761 926 2937 979 ἐκεῖσε
2996 926 3164 991 πύλας
3200 928 3358 999 ἀθρόᾳ
3391 930 3529 999 ῥοπῇ,
3556 930 3713 994 καὶτὰς

2250 1017 2436 1072 αὐτόθι
2463 1017 2857 1089 καθειργμένας
2885 1018 3051 1088 ἀνῆκε
3084 1018 3278 1088 ψυχάς·
3306 1017 3434 1072 οὕτω
3450 1016 3718 1093 Baiias-gssit

2250 1108 2649 1180 κεκραταίωται
2697 1110 2922 1180 δυνάμει
2974 1108 3063 1161 διὰ
3110 1106 3205 1178 τὴν
3222 1108 3311 1162 τοῦ
3339 1109 3459 1162 Θεοῦ
3488 1113 3567 1165 καὶ
3585 1113 3716 1179 Λόγου

2251 1203 2555 1268 συνουσίαν,
2583 1202 2718 1256 ὥστε
2753 1202 2847 1256 καὶ
2876 1202 3205 1272 παντέφορον
3232 1201 3362 1272 ἔχειν
3388 1204 3612 1270 ἐξουσίαν.

2316 1356 2503 1411 XVIII.
2562 1357 2721 1411 Ἀλλά
2783 1357 2887 1429 μὴν
2937 1356 3112 1425 ἔγωγε
3169 1355 3405 1427 πείθομαι
3451 1359 3532 1411 καὶ
3577 1358 3720 1412 τούτου

2246 1452 2541 1524 τεκμήριον
2572 1446 2707 1503 εἶναι
2743 1449 2937 1519 σαφές·
2971 1444 3205 1521 ὁπηνίκα
3251 1450 3342 1520 μὲν
3372 1452 3442 1513 εἰς
3468 1450 3573 1512 τούς
3599 1468 3724 1504 κατα-

2245 1540 2485 1611 χθονίους
2513 1541 2789 1610 ἀφικνεῖτο
2814 1542 3030 1605 τόπους,
3062 1542 3124 1593 ἐν
3162 1540 3331 1612 ταυτῷ
3360 1540 3412 1593 δὲ
3444 1541 3525 1594 καὶ
3556 1541 3633 1611 τήν
3654 1540 3722 1594 τοῦ

2176 1612 2216 1666 Β
2244 1632 2438 1703 λῃστοῦ
2465 1633 2641 1705 ψυχὴν
2671 1633 2975 1705 αὐθήμερον
2999 1633 3217 1703 εἰσῆγεν
3247 1634 3323 1696 είς
3347 1633 3428 1685 τὸν
3454 1633 3722 1703 παράδεισον.

2241 1726 2304 1778 Ei
2327 1724 2434 1799 γὰρ
2467 1725 2533 1778 δι’
2583 1725 2699 1788 ἐνὸς
2742 1724 3028 1797 ἀνθρώπου
3059 1728 3177 1791 τοῖς
3221 1726 3408 1780 ἅπασιν
3438 1726 3634 1797 ὑπῆρξεν
3656 1726 3721 1777 ἀνι

2242 1815 2477 1888 θρώποις
2504 1818 2537 1887 ή
2572 1816 2831 1888 σωτηρία,
2866 1816 3155 1889 πρόδηλον,
3196 1818 3270 1882 ὡς
3302 1820 3334 1888 ἡ
3375 1816 3503 1888 ψυχὴ
3528 1816 3606 1880 τάς
3628 1817 3722 1887 ὁμο-

2242 1911 2417 1977 γενεῖς
2446 1907 2833 1979 ἀναλυτροῦται
2875 1908 3073 1980 ψυχὰς,
3126 1910 3238 1981 ἅμα
3280 1910 3370 1981 μὲν
3408 1911 3479 1973 είς
3511 1908 3570 1962 τὰ
3602 1925 3722 1961 κατα-

2241 2003 2425 2073 χθόνια
2462 2001 2722 2056 κατιοῦσα
2747 2001 2887 2075 μέρη
2925 2001 3021 2056 τοῦ
3049 2003 3238 2073 χάους,
3266 2002 3375 2073 ἅμα
3397 2001 3448 2055 δὲ
3482 2001 3562 2055 καὶ
3582 2004 3634 2071 τῇ
3656 2000 3724 2070 ἀρ-

2242 2092 2498 2165 χαιοτάτῃ
2530 2090 2623 2146 τοῦ
2656 2092 2976 2165 παραδείσου
3026 2093 3191 2147 πάλιν
3235 2092 3605 2147 ἀποκαθιστῶσα
3627 2090 3723 2161 νομῇ

2241 2185 2331 2239 τὸν
2361 2186 2748 2241 ὐπεισδύνοντα
2772 2186 2848 2257 τῷ
2877 2186 3064 2257 κράτει
3094 2186 3198 2257 τῆς
3224 2187 3471 2258 ἀηττήτου
3499 2185 3723 2255 βασιλείας.

2255 2279 2546 2334 Ἀκόλουθα
2562 2279 2619 2332 δὲ
2642 2279 2735 2332 καὶ¹
2756 2279 2859 2350 πρὸ
2882 2279 3084 2333 τούτων
3106 2282 3139 2333 ὁ
3155 2277 3245 2332 τοῦ
3264 2278 3389 2331 Θεοῦ
3410 2279 3528 2339 Παῖς
3551 2273 3726 2347 ἐμαρτύ-

2247 2387 2386 2441 ρετο,
2406 2369 2705 2442 προλέγων,
2738 2371 2819 2424 ὅτι
2853 2370 2944 2424 καὶ
2965 2370 3180 2436 Οὐδεὶς
3212 2370 3545 2438 ἀναϐέϐηκεν
3565 2371 3632 2435 εις
3654 2367 3726 2421 τὸν

2243 2463 2520 2532 οὐρανὸν,
2540 2466 2593 2518 εὶ
2621 2463 2703 2533 μὴ
2737 2467 2770 2517 ό
2801 2464 2868 2517 ἐκ
2900 2463 3005 2519 τοῦ
3038 2464 3301 2532 οὐρανοῦ
3332 2462 3576 2529 καταϐὰς,
3600 2462 3723 2525 ὀΥὲὲς

2242 2556 2350 2611 τοῦ
2365 2555 2698 2625 ἀνθρώπου,
2721 2559 2754 2610 ό
2773 2557 2857 2610 ὢν
2874 2557 2943 2610 ἐν
2960 2554 3041 2623 τῷ
3060 2557 3316 2626 οίιρανῷ.
3339 2554 3599 2627 Τοιγαροῦν
3615 2555 3723 2621 εἴπερ

2243 2648 2446 2719 ἔφασκε
2460 2648 2563 2713 ,τὸν
2591 2649 2656 2701 ἐκ
2687 2647 2779 2701 τοῦ
2810 2646 3151 2718 ἀνθρωπείου
3180 2649 3364 2717 γένους
3391 2646 3652 2720 ὁρμώμενον
3670 2644 3724 2703 εἰς

2242 2741 2465 2813 οὐρανὸν
2509 2740 2606 2798 μὲν
2624 2739 3020 2810 ἀναϐεϐηκέναι
3053 2739 3359 2811 μονώτατον
3389 2742 3449 2794 ἐκ
3478 2739 3662 2797 πάντων,
3682 2735 3725 2785 ὲκ

2242 2833 2299 2887 δέ
2318 2833 2426 2887 τῶν
2454 2832 2631 2886 ἐκεῖσε
2665 2833 2823 2887 πάλιν
2851 2832 3285 2904 καταϐεϐηκέναι
3318 2831 3503 2887 ἐνθάδε.
3523 2831 3598 2883 καὶ
3617 2822 3725 2895 δεῦρο

578 2941 703 2983 cum
732 2926 843 2984 Deo
865 2934 921 2983 et
962 2926 1139 2983 Verbo
1167 2928 1488 2993 convivens,
1520 2930 1703 2985 omnia
1728 2931 1948 3001 quidem
1977 2932 2140 2988 simul

2244 2927 2513 2999 βεϐηκότα
2548 2928 2734 2998 φοιτᾷν
2772 2929 2828 2979 ἐν
2861 2925 3095 2998 οὐρανῷ,
3137 2927 3478 2997 συνέστηκεν,
3508 2923 3578 2978 ὅτι
3603 2914 3727 3009 tinxi};

578 3018 796 3084 lustrat,
831 3018 887 3073 in
919 3020 1094 3089 ipsum
1127 3035 1438 3090 supremum
1470 3022 1669 3078 etelum
1703 3023 1983 3088 ascendit,
2031 3040 2141 3095 quo

578 3125 740 3166 nemo
762 3109 1041 3165 hominum
1064 3111 1330 3181 pervenit.
1361 3109 1572 3183 Quippe
1600 3115 1666 3166 ad
1701 3113 1813 3168 haec
1834 3114 2040 3169 elevata
2057 3122 2141 3170 est

576 3209 633 3259 et
663 3201 900 3256 humana
930 3200 1102 3256 forma
1131 3241 1145 3265 ,
1193 3218 1356 3273 quam
1388 3202 1529 3259 Deus
1557 3214 1611 3260 et
1637 3200 1875 3260 Verbum
1917 3214 2140 3263 susten-

578 3292 733 3348 tavit.
766 3291 967 3347 Verum
999 3292 1092 3347 Dei
1121 3292 1314 3349 Filium
1353 3295 1552 3367 ubique
1599 3304 1652 3352 et
1692 3304 1914 3368 repente
1951 3298 2142 3356 adesse

575 3386 696 3458 ipse
725 3384 888 3442 etiam
927 3384 1165 3445 Joannes
1196 3396 1427 3444 testatus
1472 3396 1587 3455 est,
1634 3391 1727 3460 qui
1756 3390 2033 3447 Christum
2059 3392 2142 3463 ip-

560 3492 701 3536 sum
727 3476 966 3543 audivit,
1012 3479 1325 3551 ingentique
1377 3494 1510 3536 voce
1542 3481 1741 3536 clamat
1766 3482 1834 3537 ad
1866 3484 2086 3540 verbum
2123 3504 2137 3540 :

564 3568 743 3623 Deum
767 3584 914 3623 nemo
932 3567 1069 3625 uidit
1099 3586 1327 3640 unquam
1353 3588 1371 3626 :
1405 3572 1699 3642 unigenitus
1741 3571 1917 3627 Filius
1946 3575 2036 3645 qui
2062 3585 2140 3631 est

573 3661 631 3716 in
657 3662 778 3716 sinu
805 3660 1008 3726 Patris,
1042 3661 1131 3716 ille
1158 3664 1398 3733 exposuit
1428 3663 1493 3718 ⁸⁸.
1519 3661 1586 3717 Et
1614 3671 1793 3720 tamen
1827 3680 1952 3720 cum
1982 3664 2142 3721 Chri-

575 3761 695 3810 stus
720 3753 810 3809 hic
831 3753 1078 3825 degeret,
1115 3768 1343 3825 corpore
1372 3755 1706 3820 ambulabat,
1735 3756 1864 3812 dum
1896 3756 1998 3813 hos
2018 3773 2140 3814 ser.-

573 3859 765 3901 mones
800 3843 1036 3902 Joannes
1066 3845 1353 3915 eﬂ‘erebat;
1385 3847 1508 3917 qui,
1565 3847 1714 3903 illius
1762 3848 1945 3906 verbis
1983 3865 2142 3908 exce-

573 3938 701 4009 ptis,
722 3938 1074 4008 praadicabat,
1100 3939 1251 3995 illum
1288 3940 1507 4012 quidem
1536 3940 1593 3996 in
1616 3941 1741 3997 sinu
1770 3940 1948 3999 Patris
1978 3958 2102 4000 esse
2120 3984 2136 4009 ,

572 4031 667 4101 qui
703 4045 870 4101 super
898 4040 1038 4088 terra
1070 4047 1177 4087 una
1205 4047 1329 4088 cum
1362 4034 1481 4103 ipso
1509 4048 1738 4105 corpore
1774 4036 2138 4106 convivebat;

572 4123 845 4197 quomodo
878 4140 989 4180 non
1012 4125 1426 4195 intelligendum
1473 4134 1556 4182 est
1587 4134 1719 4182 tunc
1765 4128 1929 4182 etiam
1971 4128 2141 4185 ctelos

572 4213 890 4281 ascendere,
924 4221 978 4270 et
1001 4214 1131 4271 dum
1169 4215 1226 4269 in
1273 4215 1397 4271 sinu
1425 4214 1604 4271 Patris
1635 4216 1876 4287 degeret,
1907 4217 1962 4272 in
1992 4226 2140 4273 terra

2242 3019 2419 3088 ἀρετῇ.
2442 3015 2614 3070 ταῦτα
2639 3016 2902 3086 ἔπραττεν
2932 3018 2961 3069 ό
2997 3015 3094 3069 ἄνθ
3103 3033 3286 3086 ρωπος
3317 3014 3575 3086 ἐκκρίτως·
3602 3011 3626 3078 ἡ
3654 3007 3726 3075 γὰρ

2240 3107 2371 3176 ἀγία
2393 3106 2486 3160 τοῦ
2510 3106 2745 3178 Χριστοῦ
2765 3106 2908 3178 ψυχὴ
2931 3105 3008 3177 τῷ
3026 3106 3152 3177 Θεῷ
3180 3104 3568 3175 συνδιαιτωμένη
3582 3096 3729 3154 καὶΛό-

2241 3217 2343 3271 γῳ,
2361 3202 2535 3254 πάντα
2560 3201 2654 3271 μὲν
2678 3199 3025 3271 ἐκπεριπολεῖ
3041 3199 3210 3271 συλλή
3218 3199 3360 3271 ϐδην,
3378 3199 3451 3262 εἰς
3467 3194 3599 3249 αὐτὸν
3613 3191 3655 3242 δὲ
3674 3185 3728 3257 βί-

2240 3291 2378 3363 σηκε
2417 3291 2509 3345 τὸν
2542 3289 2814 3345 ἀνώτατον
2855 3289 3106 3362 οὐρανὸν,
3145 3293 3223 3354 εἰς
3253 3290 3310 3342 ὃν
3341 3288 3499 3351 οὐδεὶς
3525 3283 3646 3345 ἄλλος
3667 3280 3729 3332 ἀν-

2239 3382 2369 3455 ῆλθε
2394 3383 2504 3436 τῶν
2527 3383 2825 3455 ἀνθρώπων
2841 3400 2854 3413 ’
2883 3382 3017 3436 ἀλλά
3037 3382 3215 3436 ταῦτα
3236 3384 3312 3444 εἰς
3338 3380 3492 3451 αὐτὴν
3510 3377 3728 3447 ἀνήρτηται

2239 3476 2339 3547 τὴν
2369 3474 2710 3547 ἀνθρωπείαν
2730 3475 2920 3540 είδέαν,
2945 3474 3013 3546 ἢν
3033 3476 3060 3528 ὁ
3084 3474 3223 3539 Θεὸς
3252 3474 3463 3545 ἐφόρεσε
3484 3471 3564 3524 καὶ
3585 3466 3727 3533 Λόγος

2240 3568 2322 3622 ὅτι
2352 3569 2409 3624 δὲ
2442 3566 2714 3639 πανταχοῦ
2752 3569 3009 3639 πάρεστιν
3051 3566 3269 3639 ἀθρόως
3303 3569 3330 3620 ὁ
3362 3564 3448 3618 τοῦ
3475 3559 3587 3615 Θεοῦ
3618 3556 3728 3616 nali.

2239 3665 2338 3736 οὐχ
2365 3664 2564 3734 ἥκιστα
2582 3665 2674 3717 καὶ
2701 3662 2826 3735 περὶ
2848 3659 3037 3714 τούτου
3061 3661 3277 3733 μάρτυς
3297 3660 3505 3728 ἕστηκεν
3526 3649 3729 3717 Ἰωάννης.

2240 3758 2505 3829 αὐτήκοος
2553 3757 2649 3829 μὲν
2693 3755 2951 3826 ὑπάρχων
2982 3753 3150 3806 αὐτοῦ
3181 3751 3275 3806 τοῦ
3322 3747 3558 3821 Χριστοῦ,
3591 3743 3664 3813 βοᾷ
3692 3736 3730 3788 δὶ

2242 3848 2553 3919 γεγωνότως
2579 3844 2850 3912 αὐτολεξεί
2867 3862 2880 3875 °
2914 3842 3062 3898 Θεὸν
3085 3842 3292 3909 οὐδεὶς
3316 3841 3510 3909 ἑώρακε
3530 3832 3729 3887 πώποτε·

2242 3946 2275 3998 ὁ
2316 3940 2650 4012 μονογενὴς
2694 3937 2827 4004 Υἱὸς
2854 3939 2887 3991 ὀ
2915 3935 3000 3990 ὢν
3024 3938 3114 4003 εις
3154 3936 3265 3989 τὸν
3290 3936 3498 3989 κόλπον
3530 3924 3614 3979 τοῦ
3646 3923 3733 4027 Πὶαρ

2240 4034 2380 4105 τρὸς
2406 4034 2634 4098 ἐκεῖνος
2663 4030 3024 4100 ἐξηγήσατο.
3054 4029 3170 4082 Καὶ
3194 4029 3302 4101 μὴν
3333 4028 3378 4080 εί
3420 4023 3545 4092 δεῦρο
3586 4023 3732 4084 παρών

2242 4126 2498 4198 ἐπεφοίτα
2544 4122 2867 4195 σωματικῶς
2921 4125 2950 4177 ὁ
3001 4120 3272 4192 Χριστὸς,
3324 4116 3517 4210 omne;
3556 4107 3728 4210 τούτονξ

2243 4218 2571 4291 ἀπήγγειλεν
2612 4215 2863 4286 Ἰωάννης
2891 4215 3016 4277 τοὺς
3061 4213 3278 4282 λόγους,
3320 4215 3347 4267 ὁ
3380 4208 3426 4262 δὲ
3461 4203 3542 4265 τὰς
3574 4203 3727 4291 τοῦτον

571 4308 1027 4378 quemadmodum
1058 4306 1228 4363 Deum
1259 4307 1486 4363 decebat
1508 4307 1907 4377 deambulasse,
1938 4317 1993 4364 et
2016 4324 2138 4365 om-

2244 4288 2428 4386 ρήσέις
2457 4309 2846 4382 ὑποδεξάμενος
2873 4310 3133 4381 ἐκήρυττε
3163 4309 3266 4379 μὲν
3296 4306 3439 4361 αὐτὸν
3457 4301 3503 4353 ἐν
3522 4288 3732 4386 tristifi-

569 4400 734 4455 nibus
762 4398 946 4465 simul,
980 4398 1146 4453 veluti
1174 4397 1343 4453 Deum
1377 4396 1656 4454 adfuisse?

2246 4383 2368 4470 ποις
2389 4399 2525 4457 εἶναι
2550 4402 2644 4457 τοῦ
2670 4401 2900 4474 Πατρὸς,
2930 4399 3260 4471 ἑστιώμενον
3294 4399 3381 4453 ἐπὶ
3402 4395 3489 4465 γῆς
3513 4383 3631 4454 αὐτῷ
3656 4396 3733 4433 σοι’

573 4511 735 4566 ματι·
769 4493 886 4559 πῶς
912 4493 1012 4577 οὐκ
1038 4492 1332 4564 ἐννοητέον,
1360 4492 1441 4545 ὅτι
1468 4492 1561 4545 καὶ
1596 4491 1703 4547 τῶν
1761 4494 2003 4566 οὐρανῶν
2036 4498 2357 4572 ἐπεϐεϐήκει
2383 4498 2490 4554 τῶν
2519 4499 2676 4552 τοῦτο
2734 4496 2845 4569 (12)
2888 4495 2980 4550 καὶ
3030 4495 3106 4559 ὡς
3150 4494 3367 4548 κόλπων
3421 4490 3533 4542 εἴσω
3569 4474 3733 4534 διαιτώ-

575 4606 734 4660 μενος
782 4590 877 4643 καὶ
921 4590 987 4659 τῇ
1037 4589 1108 4658 γῇ
1159 4586 1476 4658 θεοπρεπῶς
1513 4588 1772 4660 ἐπεδήμει
1795 4631 1810 4656 ,
1859 4591 1955 4645 καὶ
1996 4594 2160 4647 πᾶσιν
2185 4597 2319 4668 ὁμοῦ
2354 4596 2554 4669 παρῆν,
2579 4590 2666 4649 οἷα
2698 4593 2865 4657 Θεὸς;

641 4682 785 4739 XIX.
828 4681 889 4737 Si
935 4683 1057 4753 quis
1090 4688 1269 4737 autem
1311 4678 1538 4735 Iudaica
1570 4680 1826 4744 laborans
1855 4684 2131 4751 caecitate,

570 4775 912 4847 evangelicas
937 4787 1099 4829 voces
1127 4788 1237 4828 non
1266 4756 1458 4841 recipit
1478 4810 1496 4836 ,
1542 4772 1646 4842 ipsi
1679 4772 1989 4832 Salomonis
2012 4792 2138 4832 ora-

570 4869 693 4927 cula
723 4867 1092 4931 adducemus,
1142 4874 1198 4922 et
1247 4866 1329 4921 sic
1377 4866 1677 4922 orationem
1736 4866 2135 4930 formabimus:

573 4962 774 5035 Quippe
813 4976 931 5014 cum
958 4960 1189 5031 quietum
1232 4958 1501 5013 silentium
1531 4960 1816 5015 contineret
1840 4964 2018 5017 omnia
2042 5004 2058 5032 ,
2089 4975 2140 5019 et

573 5070 678 5109 non:
707 5055 762 5108 in
796 5068 893 5108 suo
921 5067 1078 5106 cursu
1115 5050 1343 5106 medium
1380 5053 1480 5106 iter
1518 5051 1761 5118 haberet,
1812 5057 2139 5126 omnipotens

574 5155 722 5201 tuum
755 5145 979 5201 Verbum
1004 5161 1033 5200 e
1066 5144 1192 5199 calo
1220 5162 1253 5199 a
1280 5143 1542 5216 regalibus
1576 5145 1776 5200 thronis
1801 5163 1975 5211 ensem
2005 5165 2133 5202 acu-

576 5248 706 5304 tum,
736 5242 1005 5296 sincerum
1017 5239 1215 5294 scilicet
1248 5238 1556 5294 mandatum
1588 5251 1737 5295 tuum
1761 5241 1952 5311 ferens,
1985 5253 2134 5299 stans

655 5398 702 5429 "
726 5396 889 5455 Joan.
943 5414 1023 5462 ιιι,
1076 5398 1162 5453 I3.
1238 5399 1284 5431 ³⁸
1316 5398 1478 5454 Joan.
1515 5415 1555 5466 ι,
1589 5397 1678 5454 18.

643 5556 762 5629 (12)
800 5557 921 5613 Τῶν
948 5561 1140 5617 τοῦτο.
1173 5559 1331 5617 Forte
1357 5559 1465 5614 τῶν
1499 5559 1714 5632 τρίτων.

2310 4661 2450 4744 χιχῖ
2481 4661 2545 4743 ia:
2568 4688 2624 4742 δέ
2645 4705 2726 4752 τις
2762 4685 3052 4756 Ἰουδαῖκὴν
3076 4680 3375 4755 ἀρρωστῶν
3416 4667 3633 4739 aetatm
3660 4661 3734 4756 τὰς

2244 4780 2598 4852 εὐαγγελικάς
2623 4780 2682 4833 οὐ
2715 4777 2993 4851 προσίεται
3009 4752 3021 4756 ν
3037 4752 3245 4847 φωνάς,
3283 4769 3525 4830 ἐπακτέον
3544 4758 3661 4830 αὐτῷ
3682 4752 3735 4807 τά

2244 4876 2338 4929 τοῦ
2367 4873 2707 4946 Σολομῶντος
2736 4871 3151 4942 ἀποφθέγματα,
3186 4870 3283 4924 καὶ
3314 4865 3487 4938 ῥητέον
3510 4853 3597 4913 ὧδέ

2249 4936 2515 5038 Ἦσύχοιλ
2547 4966 2655 5037 γὰρ
2695 4936 2872 5036 σιγῆς
2912 4936 3323 5033 περιεχούσης.
3354 4936 3422 5011 τὰ
3457 4936 3727 5038 minari“

2594 5057 2721 5123 ιδιφ
2756 5035 2916 5127 τάχει
2948 5053 3348 5125 μεσαζούσηςν
3378 5053 3410 5104 δ

2237 5151 2354 5220 μός
2382 5167 2497 5205 σου
2524 5150 2709 5218 Λόγος
2736 5148 2836 5203 ἀπ’
2860 5145 3115 5215 οὐρανοῦ
3141 5145 3213 5199 ἐκ
3235 5145 3451 5213 θρόνων
3466 5128 3724 5220 ﬁctth

2242 5219 2415 5314 ξίφος
2434 5241 2543 5310 ὀξὺ
2571 5241 2685 5312 τὴν
2714 5243 3108 5311 ἀνυπόκριτον
3131 5233 3416 5303 ἐπιταγήν
3442 5245 3545 5286 σου
3567 5219 3721 5286 σέῬυνθ
