3962 6202
272 258 382 317 655
1156 266 1243 322 DE
1282 267 1874 329 ENGASTRIMYTHO
1911 274 2190 331 CONTRA
2234 276 2609 339 ORIGENEM.
3421 290 3527 348 65$

264 401 421 450 στας
451 383 766 454 ἐπλήρωσε
799 384 1057 438 θανάτου
1101 392 1173 445 τὰ
1207 404 1406 449 πάντα
1420 411 1434 425 ·
1469 396 1566 450 καί
1597 400 1824 466 οὐρανοί

1928 454 1933 462 ,
1961 412 2125 458 morte
2147 404 2323 459 omnia
2343 407 2588 474 replevit;
2615 418 2665 460 et
2698 406 2883 460 caelum
2910 403 3114 474 quidem
3140 400 3405 474 tangebat,
3432 420 3527 475 pe-

265 477 391 549 μὲν
416 477 650 545 ἥπτετο,
672 479 919 546 ,βεϐήκει
944 482 1012 535 δὲ
1044 485 1143 539 ἐπὶ
1176 487 1305 557 rﬁc.
1347 491 1409 543 Εἰ
1444 493 1620 546 τοίνυν
1642 497 1671 547 ό
1698 513 1824 565 μονο

1957 492 2110 548 dibus
2140 511 2258 549 vero
2289 496 2530 550 calcabo!
2561 506 2757 550 terram
2799 498 2868 549 ⁵⁷.
2910 493 2967 549 Si
2997 496 3180 566 itaque
3214 494 3528 564 unigenitus

271 570 441 641 γενὴς
486 570 606 634 Υἱὸς
635 571 799 624 αὐτοῦ
830 573 923 627 τοῦ
966 575 1101 630 Θεοῦ
1141 580 1313 649 Λόγος
1344 584 1732 656 ἀναγορεύεται
1763 608 1824 644 κα

1956 588 2126 643 Filius
2156 588 2249 643 Dei
2282 590 2554 660 coazquale
2589 590 2763 660 ipsius
2802 587 3070 655 Verbum,
3113 604 3210 659 per
3236 589 3383 660 quod
3428 606 3526 647 an-

270 659 408 723 Θεὸς
429 660 663 732 όμοῶξῳ
698 664 930 735 συνοδίᾳ,
964 667 1031 720 δι’
1068 665 1130 724 οῦ
1172 674 1458 740 γεγόνασιν
1485 678 1724 747 ἄγγελοι,
1762 683 1822 735 ού

1953 678 2057 747 geli
2087 677 2216 734 facti
2244 690 2393 744 sunt,
2413 659 2479 737 iet
2520 659 2643 736 coeli
2664 722 2679 747 ,
2713 688 2767 736 et
2799 687 2977 744 terra,
3003 687 3058 735 et
3094 659 3278 745 mare,
3309 688 3363 737 et
3400 697 3526 753 pro-

269 755 444 824 ρανοὶ,
483 754 574 807 καὶ
607 756 702 827 γῆ,
724 759 817 812 καὶ
837 758 1093 827 θάλαττα,
1126 765 1218 817 καὶ
1248 765 1420 835 βυθοὶ,
1448 771 1541 824 καὶ
1568 774 1821 847 φωστῆρε

1954 769 2269 838 fundimtes,
2299 781 2352 828 et
2390 774 2677 828 luminaria
2711 790 2809 846 per
2836 772 3033 828 coelum
3062 774 3323 842 errantia,
3355 783 3430 840 et,
3465 785 3526 833 ut

263 847 670 918 ούρανοδρόμοι,
708 852 799 904 καὶ
830 853 1127 927 συλλήϐδην
1163 859 1337 913 εἰπεῖν
1374 861 1561 916 ἅπασα
1592 864 1700 919 τῶν
1731 883 1824 935 γεν

1955 878 2062 917 uno
2087 865 2252 919 verbo
2278 866 2477 930 dicam,
2510 882 2694 923 rerum
2717 866 2958 922 omnium
2987 873 3290 922 creatarum
3317 869 3524 926 consti-

261 938 442 1009 νητῶν
479 943 512 1010 ἡ
544 942 832 1007 σύστασις·
876 940 1031 1007 οὗτος
1060 947 1115 1002 δὲ
1153 950 1335 1024 δικαίᾳ
1364 956 1541 1027 κρίσει
1590 961 1853 1030 σωφρονί-

256 1028 373 1093 ζων
404 1032 649 1097 ἅπαντας
679 1035 865 1105 θρόνου
896 1039 995 1109 μὲν
1020 1041 1309 1113 οὐρανόθεν
1340 1046 1521 1117 ἔχεται
1549 1051 1649 1122 τῆς
1678 1028 1848 1107 ἀῖδίου

258 1120 564 1206 βασιλείας,
602 1127 751 1200 ὀξείᾳ
799 1130 855 1184 δὲ
895 1138 1213 1203 τιμωρεῖται
1264 1137 1389 1212 δίκῃ
1430 1142 1556 1206 τοὺς
1601 1120 1844 1210 ἀδίκουςο

256 1214 399 1268 ἀλλά
432 1218 539 1289 μὴν
571 1218 717 1291 ἔργῳ
760 1224 853 1277 καὶ
881 1224 1073 1297 πράξει
1097 1229 1501 1303 παντοδύναμος
1529 1233 1624 1299 ῶν,
1656 1235 1751 1289 ἆτε
1784 1237 1846 1309 δὴ

253 1305 392 1372 Θεὸς
431 1310 524 1363 καὶ
573 1312 708 1368 Θεοῦ
750 1314 948 1385 Λόγος,
998 1319 1227 1387 ούρανοῦ
1271 1324 1368 1393 μὲν
1412 1327 1633 1395 ἥπτετο,
1682 1305 1844 1402 βεόήέ

250 1416 340 1454 κει
379 1401 439 1455 δὲ
477 1403 569 1455 ἐπὶ
597 1404 701 1475 γῆς
745 1407 802 1459 ὲν
842 1411 1054 1484 ταυτῷ·
1104 1412 1355 1485 θεότητος
1390 1417 1558 1490 ἀρετῇ
1604 1401 1842 1491 δηλονότι

252 1492 437 1547 πάντα
482 1495 681 1567 πληροῖ
728 1500 1029 1571 πανταχῶς.
1059 1504 1265 1557 Οὐκοῦν
1306 1508 1355 1560 εί
1397 1509 1653 1583 τοιαύτης
1691 1514 1839 1567 ἐπεί-

250 1581 458 1654 ληπται
503 1586 736 1654 φύσεως,
771 1590 1027 1644 ἀσεϐοῦσι
1062 1593 1161 1663 μὲν
1190 1597 1238 1647 οί
1273 1598 1578 1668 νομίζοντες
1610 1581 1841 1676 ⁷ἀϐουλία

248 1676 406 1747 τόπῳ
458 1678 552 1730 καὶ
604 1679 751 1750 ῥητῷ
795 1698 899 1735 τινι
938 1685 1139 1754 χωρίου
1179 1690 1352 1760 μορίῳ
1403 1693 1838 1764 περιγράφεσθαι

249 1766 311 1820 τὸ
367 1768 541 1823 θεῖονο
597 1772 804 1844 ἀμαθίᾳ
860 1774 915 1827 δὲ
968 1776 1165 1846 μᾶλλον
1228 1780 1260 1851 ἢ
1309 1763 1583 1856 φρονήσει
1634 1792 1836 1862 κοσμία
1866 1763 1910 1819 Β

249 1861 549 1931 φθέγγεται
574 1864 879 1936 προχείρως
917 1867 1214 1942 Ὠριγένης,
1247 1874 1331 1926 ὅτι
1362 1877 1635 1933 κατελθὼν
1662 1883 1742 1945 είς
1766 1861 1834 1936 τά

247 1953 539 2008 κατώτατα
581 1957 720 2028 μέρη
747 1959 844 2028 τῆς
881 1960 983 2030 γῆς
1026 1962 1054 2015 ὁ
1084 1964 1333 2034 Χριστὸς,
1374 1967 1486 2023 ἀνω
1527 1974 1591 2041 τῇ
1644 1991 1834 2044 προαι-

247 2046 403 2116 ρέσει
432 2046 722 2118 διέτριϐεν·
769 2050 830 2102 ού
863 2050 971 2124 γάρ
1006 2051 1247 2124 ἐνόησεν,
1282 2057 1361 2112 ὅτι
1396 2059 1526 2125 Θεὸς
1553 2062 1629 2117 ῶν
1655 2060 1828 2134 οὗτος,

245 2138 391 2192 οῦτω
416 2139 531 2211 (15)
564 2140 843 2215 προθυμίᾳ
872 2143 1094 2218 γνώμης
1120 2148 1232 2202 ἀνω
1263 2150 1338 2222 τῷ
1361 2152 1535 2208 δοκεῖν
1563 2158 1830 2234 ὲπίθυμίᾳ

244 2231 452 2304 παρῆν,
498 2234 608 2304 ὅσῳ
654 2234 923 2307 θειότητος
957 2239 1204 2312 ἐνεργείᾳ
1255 2246 1368 2309 τοῖς
1403 2245 1603 2303 ἅπασιν
1639 2252 1714 2317 ὡς
1749 2231 1828 2310 ἔνι

241 2327 484 2399 μάλιστα
510 2330 688 2386 πάντα
719 2333 915 2405 πληροῖ
944 2337 1248 2407 πανταχῶς.

311 2531 432 2587 XX.
470 2536 629 2591 Ἀλλά
652 2539 874 2596 τοιαῦτα
900 2544 997 2614 μὲν
1030 2546 1286 2618 ἁρμόττει
1318 2552 1445 2622 περὶ
1471 2553 1565 2607 τοῦ
1590 2555 1823 2629 Χριστοῦ

228 2622 481 2690 δοξάζειν
508 2630 730 2695 ἐκεῖνον,
751 2633 809 2697 ὃς
831 2634 935 2689 ὑπὸ
956 2636 1207 2709 δαίμονος
1237 2641 1474 2713 ὁρίζεται
1493 2622 1669 2716 ψυχὰς
1695 2649 1824 2703 ἀνά-

228 2719 433 2788 γεσθαι
471 2726 828 2795 πῳφητικάς·
879 2729 912 2799 ή
951 2729 1007 2782 δὲ
1058 2730 1392 2803 πυθόμαντις
1436 2735 1512 2801 ὼς
1564 2739 1823 2795 ἐθεάσατο

227 2812 364 2875 τοὺς
387 2814 783 2888 ὁμογαστρίους
812 2820 947 2891 αὐτῇ
982 2820 1256 2891 δαίμονας,
1286 2822 1371 2879 οἷα
1407 2827 1468 2900 δή
1512 2846 1665 2896 τινας
1689 2834 1820 2904 ὁμο-

228 2902 467 2968 κοιλίους
519 2905 780 2975 ἀδελφοὺς
831 2910 1128 2981 ἐπαίρουσα
1183 2915 1252 2967 τὰ
1308 2918 1616 2991 ὁμομήτρια
1664 2902 1816 2996 γένη,

228 2989 339 3061 βοᾷ
392 2992 568 3059 θεοὺς
608 2995 925 3063 ἑωρακέναι
973 3000 1403 3073 ἀναϐαίνοντας
1436 3008 1505 3062 ἐκ
1526 2989 1655 3079 *τῆς

1950 956 2110 1019 tutio,
2146 956 2290 1013 Deus
2323 958 2678 1015 denuntiatur
2710 980 2722 1015 :
2759 960 2850 1015 hic
2878 961 3030 1031 justo
3067 961 3276 1031 judicio
3306 963 3524 1020 coalitus

1949 1049 2203 1106 omnibus
2232 1060 2469 1107 mentem
2505 1054 2643 1109 dans
2672 1054 2952 1110 meliorem
2982 1055 3235 1110 thronum
3276 1055 3523 1127 perpetui

1948 1141 2101 1210 regni
2148 1142 2399 1208 obtinet,
2443 1152 2497 1200 et
2546 1145 2709 1200 celeri
2752 1147 3022 1203 sententia
3076 1149 3230 1219 punit
3262 1149 3518 1219 ihjustos.

1947 1231 2089 1297 Quin
2132 1248 2296 1304 opera
2352 1245 2407 1291 et
2450 1238 2702 1306 actione,
2745 1254 2868 1294 cum
2906 1241 2978 1295 sit
3028 1242 3369 1312 omnipotens
3394 1280 3411 1308 ,
3460 1251 3520 1299 ut

1946 1322 2088 1379 Deus
2116 1332 2171 1379 et
2201 1325 2296 1382 Dei
2335 1323 2598 1390 Verbum,
2631 1330 2832 1385 caelum
2879 1334 3170 1403 tangebat,
3220 1334 3519 1406 eodemque

1943 1426 2189 1487 tempore
2243 1420 2554 1476 ambulabat
2603 1422 2663 1477 in
2714 1424 2906 1490 terris,
2955 1424 3258 1483 divinitatis
3308 1428 3517 1485 scilicet

1944 1511 2185 1578 potentia
2236 1514 2419 1568 omnia
2472 1517 2707 1587 replens.
2747 1516 2889 1588 Ergo
2926 1520 2974 1576 si
3006 1519 3168 1576 talem
3201 1522 3398 1576 retinet
3424 1536 3517 1577 na-

1944 1606 2146 1665 turam,
2181 1602 2328 1673 impii
2359 1605 2578 1673 quidem
2613 1615 2743 1663 sunt
2773 1608 2866 1678 qui
2903 1610 3516 1668 inconsiderate'existi-

1942 1698 2094 1743 mant
2120 1690 2240 1746 loco
2268 1693 2484 1763 locique
2529 1696 2710 1766 aliqua
2755 1705 2908 1767 parte
2932 1698 3289 1755 determinata
3314 1700 3514 1756 divini-

1940 1786 2104 1835 tatem
2163 1783 2561 1842 circumscribi.
2621 1786 2689 1842 Et
2745 1789 3055 1860 ignorantia
3109 1792 3291 1861 potius
3347 1786 3510 1864 quam

1935 1882 2116 1929 mente
2163 1877 2438 1933 moderata
2469 1879 2871 1938 inconsiderate
2909 1882 3170 1955 Origenes
3225 1885 3467 1956 loquitur
3489 1925 3506 1953 ,

1933 1965 2122 2022 dicens
2150 1967 2451 2036 Christum,
2483 1972 2614 2028 dum
2643 1975 2711 2029 ad
2751 1976 2967 2033 inﬁmas
2992 1985 3152 2034 terra:
3178 1989 3360 2050 partes
3386 1996 3509 2051 per-

1930 2057 2188 2122 venisset,
2224 2060 2505 2117 voluntate
2558 2066 2811 2134 superius
2867 2077 3257 2124 commoratum
3309 2070 3502 2128 fuisse.

1929 2146 2048 2203 Non
2077 2150 2223 2206 enim
2253 2151 2516 2209 intellexit
2544 2157 2687 2225 quod
2709 2198 2724 2223 ,
2779 2174 2903 2214 cum
2959 2160 3006 2215 is
3042 2169 3197 2217 esset.
3217 2161 3359 2219 Deus
3379 2205 3394 2227 ,
3424 2164 3506 2219 sic

1928 2240 2223 2297 voluntatis
2249 2242 2465 2311 all‘eetu,
2495 2256 2553 2301 ut
2586 2247 2892 2316 videbatur,
2921 2260 2975 2306 et
3023 2253 3293 2311 desiderio
3338 2254 3505 2311 fuerit

1929 2334 2202 2402 superius,
2233 2337 2327 2407 qui
2360 2338 2664 2396 divinitatis
2694 2343 3009 2411 operatione
3041 2344 3297 2403 omnibus
3319 2348 3504 2405 omnia

1927 2424 2129 2496 ubique
2157 2437 2419 2498 quantum
2453 2430 2566 2487 ﬁeri
2589 2442 2771 2503 potest
2794 2436 3112 2506 compleret.

1998 2538 2112 2596 XX.
2135 2538 2239 2597 Sed
2263 2542 2628 2601 concedamus
2644 2544 2759 2602 haec
2777 2548 2845 2603 de
2856 2547 3076 2606 Christo
3098 2550 3249 2606 illum
3272 2552 3499 2616 sentire.

1922 2632 2014 2704 qui
2032 2635 2415 2704 prophetarum
2439 2637 2648 2695 animas
2678 2655 2710 2693 a
2737 2641 2980 2699 daemone
2998 2646 3213 2699 evocari
3230 2645 3496 2702 decernit.

1921 2722 2298 2795 Pythomantis
2322 2734 2383 2782 ut
2413 2728 2517 2784 sibi
2547 2730 2757 2786 similes
2779 2742 2967 2789 ventre
3006 2735 3279 2792 daemones
3300 2738 3499 2794 intuita

1920 2824 2023 2882 est,
2056 2819 2223 2873 veluti
2257 2820 2524 2890 quosdam
2561 2838 2629 2877 ex
2661 2823 2851 2881 eodem
2882 2835 3070 2884 ventre
3101 2828 3299 2885 fratres
3321 2832 3497 2886 extol-

1920 2909 2037 2966 lens
2065 2912 2159 2982 qui
2206 2911 2275 2966 ab
2315 2912 2504 2968 eadem
2543 2923 2673 2970 sunt
2712 2917 2827 2971 nati
2856 2926 3061 2986 matre,
3105 2921 3336 2988 clamat,
3369 2923 3494 2979 deos

1919 3006 2246 3073 comperisse
2290 3008 2623 3062 ascendentes
2663 3025 2692 3062 e
2725 3018 2867 3064 terra
2894 3012 2962 3067 ⁸⁸.
3000 3011 3072 3067 At
3101 3014 3511 3087 grandiloquus!

242 3082 388 3135 Ἀλλ’
408 3086 437 3136 ὁ
466 3085 838 3159 μεγαληγόρος
861 3090 959 3143 οὐκ
994 3091 1189 3148 ἔδεισεν
1219 3096 1493 3169 Ὠριγένης
1523 3101 1717 3167 εἰπεῖν,
1740 3104 1820 3158 ὅτι

1928 3096 2041 3167 ipse
2086 3094 2349 3167 Origenes
2389 3115 2501 3154 non
2549 3101 2821 3156 dubitavit
2870 3104 3054 3160 dicere
3091 3082 3125 3161 ε*
3155 3105 3494 3168 Βεεηιοηὶιιω

224 3173 293 3225 τὸ
318 3174 595 3245 δαιμόνιον
614 3179 735 3250 οὐχὶ
751 3180 847 3252 τὴν
875 3182 969 3235 τοῦ
992 3189 1268 3257 προφήτου
1287 3189 1447 3259 μόνον
1466 3192 1707 3263 ἀνήγαγε
1722 3195 1817 3266 ψυ-

1928 3203 2027 3243 non
2063 3198 2274 3244 tantum
2319 3193 2596 3262 prophetae
2625 3194 2859 3248 animam
2881 3195 3089 3263 eduxit,
3123 3199 3216 3255 sed
3241 3199 3410 3256 :Num
3439 3212 3493 3258 et

225 3267 354 3339 χὴν,
391 3267 775 3345 ἀλλάοΜήτιγε
816 3275 913 3329 καὶ
947 3276 1100 3332 ἄλλαι
1146 3282 1663 3356 συναναϐεὖὴκασιν,
1688 3288 1814 3362 ἔφη,

1928 3281 2037 3335 alia:
2060 3296 2166 3335 una
2195 3284 2357 3336 simul
2384 3284 2750 3340 ascenderunt
2791 3288 2988 3344 animat
3027 3299 3229 3347 sancta:
3255 3295 3492 3365 prophe-

224 3359 402 3432 ψδχαὶ
436 3367 729 3437 προφητῶν
756 3369 935 3436 amt;
972 3371 1063 3442 Μὴ
1113 3373 1388 3444 κορεσθεὶς
1418 3376 1472 3430 δὲ
1498 3380 1562 3449 τῇ
1592 3359 1813 3454 τοιαύτῂ

1928 3376 2130 3430 larum?
2156 3374 2326 3431 Porro
2350 3391 2474 3431 cum
2497 3378 2574 3430 illi
2615 3386 2764 3433 tanta
2788 3380 3059 3436 dementia
3090 3400 3195 3439 non
3226 3359 3373 3442 esset
3399 3403 3490 3443 sa-

225 3454 525 3525 παρανοίᾳ,
537 3458 630 3510 καὶ
647 3459 771 3521 τοὺς
793 3462 1055 3530 ἀγγέλους
1067 3464 1304 3536 ὡρίσατο
1321 3469 1813 3542 συναναϐεϐηκέναι

225 3548 343 3609 τοῖς
375 3546 674 3619 πνεύμασιν
707 3550 885 3605 αὐτῶν
904 3571 917 3583 ·
946 3554 1132 3626 εἴρηκε
1166 3558 1293 3630 γὰρ,
1328 3561 1409 3613 ὅτι
1434 3562 1535 3632 τῆς
1562 3564 1669 3619 τῶν
1697 3565 1812 3619 δεο-

229 3637 413 3708 μένων
439 3640 599 3696 ἕνεκα
622 3646 894 3717 σωτηρίας
922 3648 1140 3703 ἀνίεσαν
1169 3650 1380 3706 ἐνθάδε·
1411 3656 1668 3725 μεγίστας
1695 3655 1807 3726 οῦν,

220 3727 304 3794 ὡς
323 3730 516 3797 ἔοικεν,
550 3735 823 3809 Ὠριγένης
846 3740 1066 3804 ἐλπίδας
1095 3742 1404 3798 ὑποτίθεται
1427 3750 1540 3810 τοῖς
1561 3750 1810 3820 ἀγγέλοις

226 3823 324 3878 καὶ
371 3828 692 3897 προφήταις,
731 3830 848 3901 ήτοι
888 3832 980 3885 καὶ
1004 3835 1167 3888 παντὶ
1206 3835 1283 3907 τῷ
1314 3837 1420 3891 τῶν
1452 3840 1622 3908 ἁγίων
1646 3844 1808 3914 ὁμόσε

431 3917 642 3987 πρῶτον
666 3922 762 3991 μὲν
785 3924 1020 3993 εἰσάγων
1049 3925 1123 3989 ὡς
1151 3927 1255 3980 ὑπὸ
1276 3928 1527 3999 δαίμονος
1561 3932 1807 3997 ἐξουσίαν

1914 3470 2006 3533 tis,
2036 3469 2256 3539 angelos
2285 3468 2413 3525 item
2446 3469 2656 3525 deliniit
2684 3470 2846 3525 simul
2881 3476 3193 3531 ascendisse
3215 3492 3337 3532 cum
3368 3479 3488 3535 illo-

1913 3574 2036 3614 rum
2060 3561 2344 3632 spiritibus
2375 3579 2389 3616 :
2421 3561 2562 3617 dixit
2579 3563 2779 3634 quippe
2800 3565 3074 3635 egentium
3094 3568 3290 3625 salutis
3320 3585 3487 3627 causa

1912 3653 2041 3709 illuc
2086 3655 2390 3712 advenisse.
2437 3653 2645 3725 itaque,
2680 3664 2741 3710 ut
2786 3667 3040 3727 apparet,
3096 3661 3329 3715 maxima
3388 3676 3488 3732 spe

1912 3748 2133 3817 angelos
2166 3756 2219 3803 et
2249 3749 2566 3821 prophetas,
2598 3757 2773 3805 totum
2799 3749 3035 3822 denique
3067 3761 3383 3808 sanctorum
3406 3754 3484 3810 si-

1909 3841 2022 3893 mul
2054 3841 2320 3906 chorum,
2355 3842 2586 3909 excitat;
2622 3843 2796 3913 primo
2845 3842 2979 3897 illud
3005 3843 3305 3900 decernens
3329 3884 3345 3911 ,
3384 3859 3483 3901 eos

1909 3933 2011 3986 sub
2063 3941 2326 4001 potestate
2375 3935 2639 3990 daemonis
2688 3951 2847 4005 esse;
2902 3936 3144 3992 secundo
3201 3952 3481 4008 exponens

217 4004 384 4069 εἰσὶν,
418 4006 606 4063 ἔπειτα
632 4011 687 4063 δὲ
721 4012 960 4084 μηνύων,
990 4016 1070 4069 ὅτι
1099 4016 1186 4070 διά
1220 4019 1472 4088 μαινάδος
1497 4023 1807 4094 ἀνήχθησαν

214 4098 457 4153 ἐνταῦθα
483 4104 736 4170 γυναικὸς
771 4107 1052 4179 ἰατρεῦσαι
1094 4110 1217 4174 τοὺς
1260 4112 1584 4182 πάσχοντας,
1615 4110 1701 4169 οἶα
1730 4118 1807 4170 δε-

215 4192 441 4263 σμῶται
471 4195 863 4265 προαχθέντεςο
893 4197 1008 4252 ούτι
1031 4200 1096 4269 γέ
1124 4219 1214 4272 μοι
1241 4202 1389 4258 δοκεῖ
1422 4209 1569 4275 μεῖον
1591 4209 1803 4281 ἐκείνης

212 4284 663 4354 ἀποφθέγγεσθαι
699 4290 1095 4360 φρενοδλαϐῶς.
1136 4296 1315 4349 Ἔστω
1342 4297 1450 4370 γάρ
1493 4299 1692 4365 οῦτως’
1727 4305 1803 4356 οἰ-

212 4378 402 4450 κτρῶς
434 4379 751 4449 ἐξεφαύλισε
795 4384 921 4448 τοὺς
969 4385 1157 4453 ἁγίους
1196 4388 1413 4460 ἄνδρας,
1444 4391 1566 4444 οὐδὲ
1602 4392 1664 4446 τὸ
1693 4393 1800 4447 τῶν

1928 4389 2217 4458 nsultavit;
2253 4391 2566 4462 angelorum
2600 4392 2729 4448 item
2754 4394 3001 4449 ordinem
3036 4395 3129 4465 qui
3159 4410 3257 4466 per
3275 4397 3476 4453 coelum

212 4471 278 4524 οὒ
288 4473 596 4542 ρανοπετῶν
612 4474 858 4543 ἀγγέλων
880 4478 1118 4551 ᾐσχύνθη
1142 4472 1325 4551 τάγμα
1345 4482 1646 4539 διαλλαϐεῖν
1659 4493 1673 4553 (
1686 4485 1791 4555 M)‘

1928 4484 2118 4548 olant,
2172 4484 2311 4538 male
2345 4492 2579 4541 tractare
2618 4502 2727 4542 non
2768 4495 2854 4543 est
2880 4489 3108 4544 veritus.
3138 4487 3236 4545 Vel
3278 4490 3475 4547 saltem

212 4563 249 4629 ἢ
286 4561 549 4618 δεικνύτω
577 4566 786 4637 τρανῶς
826 4569 855 4621 ὁ
889 4568 966 4640 τῷ
1002 4569 1225 4641 τοιούτῳ
1261 4575 1645 4647 συνιστάμενος
1687 4579 1797 4651 ὅρῳ

1928 4584 2084 4647 perte
2114 4576 2261 4631 dicat
2301 4580 2395 4649 qui
2440 4580 2766 4635 sententiam
2802 4580 2943 4637 hanc
2970 4581 3242 4648 defendit,
3296 4583 3476 4640 unde-

212 4652 384 4706 πόθεν
411 4653 590 4708 λαὸὼν
620 4658 682 4709 ἐκ
708 4657 808 4728 τῆς
840 4657 943 4727 γῆς
975 4659 1176 4731 ἔφησεν
1208 4662 1414 4717 ἀνιέναι
1439 4667 1565 4729 τοὺς
1601 4669 1658 4721 ὲν
1686 4670 1798 4735 τοῖς

1928 4684 2023 4723 iam
2059 4670 2268 4733 habuit,
2312 4685 2342 4725 e
2377 4679 2522 4727 terra
2552 4674 2773 4744 angelos
2803 4675 2859 4728 in
2888 4675 3042 4730 caelis
3067 4685 3471 4736 commorantes

211 4744 463 4816 οὐρανοῖς
494 4748 853 4818 ἑστιωμένους
882 4752 1169 4820 ἀγγέλους·
1208 4755 1268 4807 ού
1314 4756 1421 4829 γὰρ
1452 4752 1595 4811 οῦτοι
1636 4777 1797 4813 κατε-

1933 4764 2210 4820 scendere.
2235 4764 2420 4837 Neque
2449 4767 2592 4822 enim
2619 4767 2671 4821 bi
2691 4768 3090 4824 descenderunt
3117 4772 3171 4823 in
3194 4769 3469 4826 infernum

210 4835 509 4909 ληλύθασιν
539 4840 618 4903 εἰς
648 4840 771 4913 ᾅδου
799 4843 1080 4916 λυτηρίους
1111 4848 1437 4919 ἐπαγόμενοι
1462 4854 1573 4914 τοῖς
1597 4854 1794 4923 αἰχμα-

1928 4873 2081 4912 ecum
2105 4858 2443 4916 liberatrices
2465 4860 2699 4917 ferentes
2738 4863 2971 4933 captivis
2990 4862 3342 4932 emissiones;
3369 4865 3467 4920 sed

208 4925 408 4993 λώτοις
439 4930 676 4999 ἀφέσεις,
700 4932 813 4987 ἀλλ’
834 4936 863 4987 ὁ
884 4936 1133 5007 Χριστὸς,
1163 4940 1348 5012 ἐπειδὴ
1380 4942 1473 4995 καὶ
1500 4946 1792 5016 νικηφόρον

1928 4950 2169 5017 :hristus,
2200 4953 2294 5020 qui
2341 4960 2433 5008 ex‘
2465 4956 2623 5009 hoste
2673 4965 2889 5025 raptum
2919 4956 3096 5009 victor
3144 4956 3248 5011 sibi
3292 4957 3468 5011 erexit

206 5015 369 5082 οὗτος
410 5021 589 5092 ἵδρυσε
636 5024 775 5078 κατὰ
818 5026 910 5080 τοῦ
952 5028 1207 5101 πολεμίου
1250 5033 1528 5103 τρόπαιον,
1570 5035 1662 5088 καὶ
1693 5015 1792 5101 τὰς

1928 5015 2179 5114 r0pa2um,
2209 5015 2263 5099 et
2296 5046 2634 5115 captivorum
2671 5048 2854 5117 prazda
2895 5058 3050 5119 parta
3075 5064 3306 5120 corpore
3346 5050 3465 5120 ipso

207 5112 320 5167 τῶν
347 5112 706 5185 αἰχμαλώτων
734 5118 1053 5184 ἀποσπάσας
1079 5122 1226 5188 λείας
1255 5125 1402 5196 αύτῷ
1425 5125 1635 5197 σώματι
1664 5145 1793 5199 μετ-

1928 5134 1962 5189 d
1986 5112 2161 5190 omlos
2194 5112 2444 5192 sublimis
2477 5112 2743 5194 ascendit.
2787 5112 2989 5196 Verum
3018 5112 3195 5213 angeli
3232 5141 3342 5197 Deo
3365 5112 3465 5213 iu-

209 5206 417 5278 αρσίως
458 5206 684 5278 ἀνῆλθεν
729 5213 809 5274 εις
847 5213 1135 5286 οὐρανούς·
1188 5216 1407 5286 ἄγγελοι
1450 5218 1506 5273 δὲ
1550 5220 1629 5291 τῷ
1672 5220 1790 5294 Θεῷ

1932 5222 2035 5278 iter
2066 5235 2360 5294 praesentes
2391 5226 2571 5284 cultus
2599 5228 2814 5286 debitos
2841 5206 3151 5300 persolvere
3171 5206 3463 5301 conantur.

211 5297 559 5369 παρεστῶσιν
583 5301 861 5369 ἑκάστοτε,
888 5304 985 5369 τάς
1018 5306 1367 5379 ὀφειλομένας
1394 5310 1629 5366 ἐκτελεῖν
1651 5314 1794 5368 ἐπει-

1928 5330 1995 5371 εο
2018 5316 2223 5373 inferos
2242 5318 2511 5376 habitant.

211 5389 431 5459 γόμενοι
454 5390 725 5463 λατρείας,
759 5395 873 5450 ἀλλ’
889 5399 1007 5468 ούχὶ
1037 5398 1127 5453 τὸν
1152 5400 1284 5473 ᾅδην
1311 5402 1568 5460 οἰκοῦσιν.

1907 4024 2168 4078 maenadis
2202 4026 2447 4082 mulieris
2480 4042 2644 4096 opera
2678 4028 2808 4082 illuc
2832 4027 3079 4092 eductos,
3113 4029 3277 4085 veluti
3300 4032 3478 4101 capti-

1906 4129 2002 4169 vos
2033 4115 2356 4180 conductos,
2390 4128 2448 4172 ut
2490 4119 2867 4175 laborantibus
2900 4120 3269 4176 mederentur.
3298 4120 3480 4190 Quare

1904 4220 2013 4260 non
2037 4206 2216 4260 minus
2243 4222 2406 4277 quam
2437 4208 2526 4262 illa
2555 4215 2737 4265 men‘te
2780 4211 2942 4266 laesus
2995 4212 3285 4268 enuntiare
3324 4213 3476 4270 vide-

1903 4306 2013 4353 tur.
2051 4295 2142 4352 Sic
2167 4299 2310 4352 enim
2340 4316 2398 4355 se
2448 4300 2646 4356 habet:
2682 4302 2881 4358 misere
2909 4302 3117 4359 sanctis
3160 4304 3477 4363 hominibus

311 5574 357 5607 "
392 5581 529 5645 Sep.
570 5592 727 5645 xvur,
770 5578 956 5635 ιιειθ.
1010 5581 1057 5615 ⁸³
1083 5580 1114 5636 I
1140 5581 1267 5655 Reg.
1300 5600 1498 5654 xxvm,
1525 5585 1613 5643 l5.

277 5763 390 5831 (13)
425 5764 611 5821 οὕτω.
640 5765 723 5823 An
758 5766 1032 5837 τοσούτῳς
1730 5786 1735 5791 ’

1957 5771 2070 5844 (ﬂ)
2102 5774 2468 5837 Διωασεῖν.
2497 5774 2660 5839 Forte
2688 5776 3014 5837 διαϐάλλειν.
