3962 6202
290 372 396 431 657

1175 376 1263 433 DE
1298 375 1889 434 ENGASTRIMYTHO
1926 373 2204 432 CONTRA
2245 370 2622 436 ORIGENEM.

3430 368 3535 425 058

288 489 404 547 οὔτ’
436 490 695 562 ἔγραψενσ
724 490 786 545 οὒ
827 491 935 567 γὰρ
977 492 1044 547 ἂν
1073 492 1243 559 οὕτως
1281 494 1518 566 ἀκρίτως
1546 494 1658 567 (Π)
1685 494 1838 567 ἕστερ

1939 546 1945 557 ,
1972 493 2116 549 tulit.
2149 492 2281 559 Quae
2312 505 2471 547 nemo
2499 489 2567 546 de
2590 489 2743 560 justo
2769 495 2861 544 aut
2879 487 3043 558 dixit,
3089 492 3183 543 aut
3217 486 3359 543 dicta
3395 489 3534 543 scri-

289 598 392 638 γεν
411 586 441 633 6
459 582 659 653 Κύριος
673 581 853 647 αὐτὸν,
879 585 929 637 εί
951 583 1025 656 μὴ
1049 584 1337 650 θεσπεσίας
1355 585 1558 658 ἐξῆπτο
1574 585 1863 650 πολιτείας.

288 677 407 729 trba:
433 675 649 728 ἔλαττον
672 674 728 728 δέ
754 676 849 729 καὶ
877 676 938 730 τὸ
961 678 1060 748 τῆς
1090 678 1387 743 λιθοϐολίας
1416 680 1599 750 δρᾶμα
1626 679 1864 751 θεωρῶν,

285 767 473 839 ἐπειδὴ
511 768 605 821 καὶ
641 768 797 823 τοῦτο
839 772 1090 843 πειρᾶται
1129 773 1543 845 τροπολογῆσαι,
1578 771 1672 827 τοῦ
1705 773 1867 841 εὐαγ-

280 860 505 928 γελικοῦ
535 862 925 933 καταψεύδεται
955 866 1307 938 γράμματος·
1345 869 1427 921 οὐ
1472 865 1633 921 πάνυ
1664 884 1740 931 τι,
1774 866 1863 920 λέ-

275 967 415 1020 γων,
440 951 709 1022 εὕρομεν,
733 952 1091 1023 ζητήσαντες
1117 957 1185 1010 ἐν
1212 956 1338 1024 τοῖς
1366 955 1481 1025 πρὸ
1513 958 1746 1023 τούτου,
1773 958 1862 1012 ὅτι

274 1042 627 1098 ἐϐάστασαν
652 1048 707 1100 οί
748 1046 1010 1101 Ἰουδαῖοι
1034 1051 1243 1115 λίθους
1266 1050 1366 1103 ἵνα
1394 1048 1727 1104 λιθάσωσιν
1750 1052 1859 1105 αὑ-

277 1136 416 1187 τόν·
449 1129 565 1188 εἶτα
599 1137 717 1207 μετ’
744 1136 900 1207 ὀλίγα
922 1138 1116 1210 φησίν·
1144 1140 1211 1193 El
1247 1138 1357 1211 γὰρ
1386 1140 1574 1195 πάλιν
1606 1140 1859 1196 ἐϐάστα-

272 1241 423 1291 σαν,
459 1228 749 1298 πρότερον
777 1228 1138 1286 ἐϐάστασαν*
1172 1233 1283 1287 ἀνω
1306 1232 1362 1286 δὲ
1385 1234 1479 1287 καὶ
1500 1235 1648 1309 κάτω
1675 1233 1860 1305 βούλε-

269 1335 368 1373 ται
395 1319 800 1375 κατασκεύασαι
831 1321 905 1395 μὴ
946 1325 1304 1397 προηγεῖσθαι
1344 1326 1438 1379 καὶ
1466 1326 1630 1398 ἄλλην
1657 1328 1857 1399 ὁμοίως

268 1409 526 1482 ἐκδοχὴν,
551 1412 639 1466 ἵνα
663 1414 1003 1483 συστήσειεν,
1024 1416 1107 1470 ὅτι
1129 1416 1340 1486 λόγους,
1365 1416 1479 1471 ἀλλ’
1506 1418 1625 1489 οὐχὶ
1654 1419 1861 1486 λίθους,

268 1502 583 1557 ἐϐάστασαν
610 1505 839 1577 ἀμελητὶ
878 1507 1000 1560 κατ’
1046 1508 1242 1562 αὐτοῦ⁸
1285 1510 1460 1564 καίτοι
1500 1510 1595 1564 τοῦ
1628 1511 1856 1581 εὐαγγε-

266 1593 460 1649 λιστοῦ
509 1596 741 1668 πρόσθεν
783 1598 1093 1671 εἰρηκότος·
1126 1596 1310 1669 ’Ἦραν
1355 1597 1468 1657 οὖν
1501 1603 1711 1670 λίθους
1753 1605 1855 1658 ἵνα

256 1687 549 1753 βάλωσιν
568 1690 661 1743 ἐπ’
692 1692 897 1746 αὐτόν.
929 1691 1015 1756 Ὠς
1039 1692 1096 1746 δὲ
1119 1693 1293 1747 ταῦτα
1321 1694 1669 1769 προῦγραφεν
1691 1699 1749 1750 ἐν
1772 1696 1851 1768 τῷ

267 1781 476 1852 μεταξὺ
504 1780 662 1835 πέντε
687 1800 791 1837 που
815 1784 908 1838 καὶ
926 1785 1218 1858 τριάκοντα
1241 1788 1375 1860 πρὸς
1393 1790 1504 1852 τοῖς
1526 1788 1718 1844 ἑκατὸν
1744 1790 1850 1843 στί⁴

262 1889 402 1942 χους
439 1872 699 1942 ὑπερϐὰς,
746 1874 995 1946 ἐπιφέρει
1033 1876 1710 1946 προσθείς”Ε6ἁστασαν
1735 1874 1849 1935 οὖν

257 1968 324 2019 οι
361 1965 624 2020 Ἰουδαῖοι
664 1966 874 2033 λίθους
913 1969 1015 2023 ἵνα
1064 1969 1398 2025 λιθάσωσιν
1439 1972 1642 2025 αὐτόν.
1688 1971 1847 2027 Ἀλλά

249 2056 440 2111 ταῦτα
470 2057 568 2129 μὲν
600 2056 795 2122 διττοίς
836 2059 1251 2131 ἀναγέγραπται
1289 2062 1527 2133 χωρίοις,
1570 2064 1629 2115 ὲν
1664 2063 1847 2133 διαφό-

254 2165 384 2219 ροις
405 2148 462 2202 δὲ
490 2148 735 2220 φαίνεται
760 2151 1121 2222 πεπραγμένα
1146 2155 1356 2224 καιροῖς
1393 2153 1501 2207 ἀπὸ
1522 2153 1616 2207 τοῦ
1646 2155 1722 2227 μὴ
1746 2156 1843 2219 τὰς

252 2241 435 2305 αὑτὰς
465 2240 609 2312 ἔχειν
653 2242 760 2297 τῶν
807 2242 1067 2314 ῥημάτων
1115 2244 1414 2308 ἐπιπλοκὰς
1466 2244 1500 2317 ἢ
1549 2246 1839 2316 συζυγίας·

250 2332 375 2387 ἀλλ’
409 2333 708 2404 Ὡριγένης,
752 2338 783 2388 6
824 2335 1003 2400 πάσας
1045 2336 1288 2406 οἰόμενος
1329 2335 1529 2391 εἰδέναι
1564 2336 1664 2402 τὰς
1702 2338 1843 2410 Γρα-

250 2424 388 2492 φάς,
416 2425 515 2478 οὐκ
554 2425 949 2493 ἀνέγνω-τοῦτο
980 2427 1076 2480 καὶ
1116 2426 1291 2483 ταῦτα
1330 2428 1557 2500 γράφων
1602 2428 1678 2495 ὡς
1721 2429 1841 2484 ὅλον

247 2517 397 2588 ὁμοῦ
423 2516 484 2571 τὸ
510 2518 837 2588 Εὐαγγέλιον
864 2520 958 2574 ἐπὶ
989 2519 1205 2587 λέξεως.

325 2695 491 2753 XXII.
524 2697 589 2753 Εἰ
613 2698 671 2752 δέ
698 2716 782 2763 τις
802 2698 1171 2771 ὑπολαμϐάνει
1191 2698 1368 2755 ταῦτα
1391 2698 1645 2754 πλάττειν
1666 2701 1833 2773 ἡμᾶς,

246 2791 445 2856 αὑταῖς
458 2795 579 2855 ταῖς
599 2792 981 2862 εὑαΠελικαίς
1004 2793 1241 2865 ἐντυχὼν
1268 2794 1593 2863 ἀποφάσεσι,
1610 2793 1704 2847 καὶ
1725 2796 1836 2858 τοῖς

246 2884 636 2956 ἐμπονηθείσιν
655 2885 802 2956 αὐτῷ
825 2887 952 2958 περὶ
973 2885 1131 2942 τοῦτο
1157 2887 1583 2959 σπουδάσμασιν,
1612 2887 1835 2959 εὑρήσει

247 2976 421 3047 μηδὲν
440 2978 587 3049 ἡμᾶς
611 2978 888 3050 είρηκέναι
910 2978 1124 3049 ψευδές.
1158 2979 1318 3034 Ἀλλά
1342 2998 1394 3034 τι
1412 2980 1493 3035 δεῖ
1523 2980 1835 3055 περαιτέρω

242 3067 466 3137 λέγειν;
504 3070 756 3124 ’Ἀπαντα
780 3070 899 3142 μὲν,
930 3069 1008 3135 ὡς
1029 3070 1159 3136 ἔπος
1185 3074 1379 3139 εἰπεῖν,
1409 3075 1473 3127 ὲκ
1495 3072 1603 3127 τῶν
1631 3072 1833 3145 ὀνομά-

238 3177 358 3214 των
388 3161 723 3235 ἀλληγορῶν,
749 3163 963 3236 ἀναιρεῖ
995 3165 1094 3230 τάς
1117 3166 1226 3219 τῶν
1264 3165 1604 3237 πραγμάτων
1640 3166 1837 3220 ὑποθέ-
1857 3200 1902 3260 C

244 3271 386 3317 σεις,
417 3253 541 3307 οὐδὲ
576 3254 733 3309 τοῦτο
768 3256 986 3321 ἐννοῶν,
1017 3258 1100 3311 ὅτι
1131 3258 1324 3313 πολλαὶ
1369 3259 1470 3330 μέν
1509 3261 1645 3314 εἰσιν
1686 3261 1834 3331 ὁμω-

242 3346 436 3417 νυμίαι
467 3347 690 3402 δικαίων
722 3348 802 3419 ἠδ’
832 3349 1054 3416 ἀδίκων,
1088 3350 1190 3412 οὐχ
1229 3348 1341 3405 οἷόν
1380 3369 1440 3406 τε
1470 3351 1539 3423 ξδέ
1572 3354 1669 3419 τάς
1703 3354 1837 3408 dvo-

244 3439 436 3510 μοίους
464 3440 558 3494 τοῦ
584 3439 703 3511 βίου
748 3441 1021 3507 πολιτείας
1057 3443 1124 3498 ἐκ
1148 3442 1242 3498 τοῦ
1282 3443 1400 3509 ἐνὸς
1420 3444 1681 3510 ὡσαύτως
1713 3447 1830 3500 ὀνό-

240 3548 419 3601 ματος
452 3532 763 3604 κρίνεσθαιο
800 3531 918 3587 ἐστι
951 3533 1082 3602 γοῦν
1130 3534 1327 3600 Ἰούδας
1359 3538 1388 3590 6
1417 3536 1703 3609 προδότης,
1732 3537 1828 3592 καὶ

232 3623 472 3695 θάτερος
508 3624 708 3689 Ἰούδας
745 3626 1067 3692 ἀπόστολος’
1125 3628 1158 3699 ἢ
1207 3622 1276 3683 αὖ
1337 3629 1498 3683 πάλιν
1555 3631 1827 3702 Ζαχαρίας

226 3712 577 3778 ἀδικώτατος
624 3714 897 3785 βασιλεὺς,
941 3719 1035 3771 καὶ
1077 3718 1361 3793 Ζαχαρίας
1391 3719 1579 3791 ἕτερος
1615 3722 1646 3774 6
1691 3739 1825 3794 προ-

228 3807 442 3877 φήτης.
483 3807 556 3860 οὐ
584 3806 690 3878 μὴν
714 3808 848 3862 ἀλλὰ
877 3811 969 3864 καὶ
1000 3812 1029 3864 6
1059 3809 1274 3881 βληθεὶς
1304 3813 1362 3864 ἐν
1389 3815 1453 3884 τῇ
1493 3813 1707 3885 καμίνῳ
1731 3815 1824 3868 τοῦ

228 3898 415 3969 πυρὸς
451 3898 693 3964 Ἀνανίας
712 3917 726 3930 ·
753 3900 873 3954 ἔστι
888 3900 948 3955 δέ
993 3901 1144 3974 παρά
1167 3901 1354 3955 τοῦτον
1387 3901 1546 3966 ἄλλος
1577 3904 1824 3969 Ἀνανίας

223 3994 261 4045 6
299 3988 514 4045 διώκων
560 3993 658 4063 μὲν
701 3992 797 4064 τὴν
842 3993 1167 4065 Ἐκκλησίαν
1208 3994 1327 4047 ἀν’-εῖν⁸
1377 3993 1473 4049 τοῦ
1511 3994 1820 4061 διώκεσθαι,

227 4081 594 4152 προστάττων
647 4081 705 4135 δέ
746 4083 1044 4137 τύπτεσθαι
1094 4082 1188 4139 τὸν
1226 4085 1579 4152 Ἀπόστολον,
1635 4080 1680 4155 ᾧ
1730 4088 1824 4143 καὶ

228 4174 570 4245 καταντικρὺ
598 4174 735 4246 πρὸς
759 4174 889 4239 ἔπος
923 4176 954 4229 6
1001 4175 1213 4240 Παῦλος
1246 4177 1677 4248 ἀντεφθέγξατοο
1718 4181 1823 4234 Τύ-

224 4281 413 4320 πτειν
446 4282 520 4321 σε
542 4266 753 4337 μέλλει
797 4270 830 4321 ὀ
858 4267 1028 4336 Θεὸς,
1061 4269 1222 4339 τοῖχε
1268 4271 1652 4341 κεκονιαμένε
1669 4289 1683 4303 ·
1721 4272 1819 4326 καὶ

224 4355 320 4411 σὺ
344 4355 500 4427 κάθῃ
530 4357 726 4425 κρῖναί
750 4375 829 4429 με
858 4361 1008 4429 μετὰ
1042 4359 1151 4415 τὸν
1189 4364 1398 4432 νόμον,
1430 4363 1530 4417 καὶ
1556 4376 1817 4433 παρανο-

222 4446 365 4519 μῶν
382 4465 462 4517 με
484 4449 753 4516 κελεύεις
777 4450 1141 4516 τύπτεσθαι;
1171 4452 1469 4525 Τοιγαροῦν
1508 4454 1667 4526 εἴπερ
1702 4455 1817 4511 όνόέ

1971 586 2079 657 ptis
2109 583 2418 652 mandavit;
2452 598 2628 653 neque
2656 582 2799 638 enim
2830 597 2950 637 eum
2983 588 3093 635 tam
3142 578 3321 635 valido
3348 595 3533 639 amore

1968 675 2231 734 Dominus
2263 685 2585 749 prosecutus
2630 675 2862 741 fuisset,
2913 673 3020 731 nisi
3049 674 3173 729 vitae
3200 673 3340 729 ratio
3367 690 3529 745 quam

1966 769 2322 840 profitebatur
2351 770 2534 826 divina
2564 768 2776 825 fuisset.
2809 766 2992 838 Neque
3021 768 3202 825 minus
3240 769 3358 833 bis,
3399 769 3527 824 dum

1964 862 2311 933 lapidationis
2357 862 2560 917 factum
2599 862 2948 933 speculatur,
2997 861 3129 916 illud
3164 862 3326 918 etiam
3372 877 3435 916 ac
3479 863 3524 919 si

1963 968 2060 1025 per
2083 962 2270 1032 trppos
2298 952 2500 1008 factum
2534 952 2589 1008 in
2616 954 2774 1008 aliam
2804 954 3124 1010 sententiam
3173 953 3402 1008 educere
3430 954 3528 1008 ob-

1961 1046 2162 1112 nitens,
2195 1045 2249 1102 in
2278 1044 2603 1116 evangelicis
2642 1046 2824 1100 verbis
2858 1043 2993 1101 mire
3025 1044 3324 1100 mentitur:
3359 1044 3526 1109 Licet;

1959 1138 2175 1209 inquit,
2215 1137 2439 1191 multum
2470 1140 2786 1206 perscrutati
2817 1138 3091 1207 fuerimus,
3123 1136 3351 1191 nondum
3380 1138 3526 1190 int-eo

1960 1230 2134 1284 nimus
2163 1230 2217 1284 in
2254 1228 2334 1283 his
2363 1244 2479 1299 qua:
2503 1229 2699 1297 scripta
2722 1242 2866 1293 sum,
2890 1228 3107 1284 Judwos
3134 1230 3419 1298 arripuisse
3438 1230 3520 1284 la-

1955 1319 2101 1391 pides
2135 1330 2190 1374 ut
2220 1322 2274 1375 in
2304 1320 2456 1374 illum
2485 1320 2778 1390 injicerent.
2812 1320 2878 1374 Et
2901 1321 3088 1392 paucis
3110 1322 3309 1378 additis
3334 1342 3345 1377 :
3380 1322 3525 1378 Nam

1955 1417 2003 1469 si
2033 1416 2221 1469 iterum
2247 1422 2639 1482 assumpseruut
2665 1452 2680 1476 ,
2735 1414 2884 1482 prius
2924 1425 3353 1484 .assumpserunt.
3397 1414 3525 1471 Vult

1954 1516 2134 1564 autem
2163 1519 2275 1563 tum
2304 1508 2356 1561 in
2388 1507 2761 1578 superioribus
2805 1514 2919 1560 tum
2962 1507 3017 1561 in
3064 1507 3414 1567 inferioribus
3445 1513 3521 1566 nil

1952 1600 2061 1656 tale
2077 1599 2443 1671 pmcessisse,
2461 1607 2518 1653 ut
2534 1597 2724 1669 probet
2737 1612 2829 1654 eos
2846 1596 3030 1662 verba,
3054 1595 3148 1651 sed
3161 1613 3272 1651 non
3290 1597 3517 1669 lapides,

1951 1688 2315 1761 assumpsisse
2352 1702 2639 1759 perperam
2688 1687 2743 1742 in
2777 1686 2960 1754 illum;
2995 1693 3051 1742 et
3078 1696 3260 1743 tamen
3289 1704 3522 1760 evange-

1952 1780 2077 1836 lista
2116 1779 2271 1851 prius
2305 1778 2471 1833 dixit:
2500 1777 2752 1832 Tulerunt
2776 1778 2943 1848 igitur
2968 1776 3168 1847 lapides
3202 1787 3260 1831 ut
3282 1777 3521 1846 jacerent

1948 1869 2004 1925 in
2031 1869 2182 1924 illum
2206 1869 2271 1922 “.
2330 1868 2461 1936 Quae
2488 1868 2578 1924 ubi
2612 1868 2944 1941 scripsisset,
2975 1876 3193 1925 centum
3215 1877 3272 1926 et
3298 1871 3519 1940 triginta

1947 1963 2189 2035 quinque
2218 1962 2505 2019 versiculis
2529 1962 2826 2031 interjectis
2846 2001 2862 2027 ,
2908 1961 3090 2017 subdit
3122 1978 3135 2017 :
3177 1960 3518 2018 Sustulerunt

1946 2058 2125 2129 itaque
2167 2054 2347 2111 Judwi
2395 2055 2594 2124 lapides
2641 2066 2698 2108 ut
2729 2054 3024 2123 lapidarent
3057 2055 3228 2124 ipsum
3274 2055 3341 2112 ".
3391 2055 3516 2113 Haec

1943 2147 2162 2219 quidem
2190 2148 2393 2217 duplici
2416 2148 2537 2203 loco
2558 2146 2830 2217 descripta
2846 2154 2997 2213 sunt,
3016 2146 3359 2218 diversisque
3378 2155 3515 2203 tem-

1943 2242 2168 2312 poribus
2200 2248 2351 2313 gesta
2381 2249 2661 2313 apparent,
2687 2240 2833 2311 quod
2862 2255 2973 2296 non
3017 2240 3254 2297 habeant
3286 2242 3507 2297 eosdem

1944 2333 2233 2389 verborum
2285 2349 2459 2390 nexus
2510 2332 2596 2387 vel
2626 2333 3061 2403 coniunctiones.
3095 2332 3202 2389 Sed
3246 2331 3511 2405 Origenes

1941 2426 2081 2496 ipse,
2101 2426 2195 2497 qui
2229 2441 2289 2482 se
2313 2424 2627 2496 Scripturas
2648 2440 2839 2479 omnes
2863 2433 3050 2481 tenere
3076 2427 3373 2491 existimat,
3396 2428 3510 2484 hanc

1939 2519 2210 2584 scribens,
2241 2533 2351 2574 non
2371 2519 2624 2590 cognovit
2643 2526 2816 2597 totum
2850 2515 2904 2571 id
2938 2518 3215 2591 Evangelii
3245 2522 3509 2591 scriptum

1938 2611 2004 2666 ad
2034 2610 2293 2666 litteram.

2008 2700 2173 2757 XXII.
2212 2700 2384 2757 Porro
2415 2702 2461 2757 si
2490 2701 2614 2773 quis
2639 2701 2755 2757 hazc
2782 2717 2882 2758 nos
2915 2702 3173 2775 efﬁngere
3189 2703 3466 2759 existimat
3487 2743 3503 2767 ,

1936 2794 2227 2851 sententiis
2279 2794 2610 2866 evangelicis
2670 2794 2961 2865 perlectis,
3014 2795 3269 2867 illiusque
3319 2796 3375 2850 in
3412 2810 3507 2851 eas

1935 2886 2372 2952 commentariis,
2402 2887 2473 2943 ab
2518 2886 2671 2943 omni
2702 2900 2805 2942 nos
2842 2886 3174 2944 abstinuisse
3221 2886 3506 2942 mendacio

1934 2979 2249 3050 comperiet.
2279 2978 2419 3045 Quid
2448 2978 2573 3035 inde
2600 2994 2738 3050 opus
2760 2986 2846 3036 est
2876 2980 3019 3034 ultra
3050 2979 3348 3051 progredi?
3374 2977 3505 3035 Om-

1935 3069 2044 3133 nia,
2070 3076 2130 3123 ut
2177 3068 2345 3125 verbo
2382 3068 2701 3140 expediam,
2759 3070 3031 3141 allegoriis
3066 3086 3133 3125 ex
3186 3069 3503 3128 nominibus

1934 3160 2235 3230 desumptis
2261 3160 2504 3230 exponit,
2535 3176 2718 3217 rerum
2751 3170 3069 3233 argumenta
3100 3162 3167 3217 de
3190 3163 3368 3218 medio
3395 3164 3501 3218 toi-

1932 3250 2024 3320 lit;
2071 3266 2251 3321 neque
2289 3252 2423 3307 illud
2459 3252 2787 3323 percipiens,
2820 3254 3022 3310 multas
3059 3270 3183 3312 esse
3224 3255 3499 3325 iustorum

1929 3351 1983 3398 et
2017 3343 2345 3414 injustorum
2373 3343 2592 3400 easdem
2626 3344 3132 3413 denominationes,
3173 3363 3350 3419 neque
3381 3349 3499 3406 fieri

1927 3451 2090 3506 posse
2118 3445 2180 3492 ut
2197 3437 2424 3493 diversae
2445 3441 2569 3492 vita:
2600 3437 2841 3494 rationes
2871 3438 2940 3492 ab
2966 3454 3073 3494 uno
3103 3441 3323 3497 nomine
3342 3442 3499 3497 simi-

1928 3530 2053 3586 liter
2075 3528 2467 3600 dijudicentur.
2484 3529 2577 3586 Est
2602 3529 2785 3601 itaque
2798 3528 2827 3585 J
2834 3530 2968 3586 udas
2984 3531 3249 3601 proditor,
3277 3543 3335 3589 et
3359 3536 3498 3591 alter

1925 3618 2095 3679 Judas
2123 3623 2436 3693 apostolus;
2471 3621 2555 3677 vel
2594 3637 2836 3690 rursum,
2871 3620 3164 3679 Zacharias
3193 3638 3289 3679 rex
3350 3625 3495 3694 inju-

1926 3715 2222 3780 stissimus,
2254 3722 2308 3771 et
2341 3712 2635 3768 Zacharias
2676 3714 2813 3769 alter
2853 3714 3136 3784 propheta.
3185 3714 3252 3769 Et
3300 3716 3391 3786 qui
3436 3716 3493 3771 in

1924 3809 2199 3864 fornacem
2250 3806 2393 3877 ignis
2436 3806 2671 3876 injectus
2699 3815 2820 3870 est,
2864 3806 3106 3864 Ananias
3154 3808 3489 3877 vocabatur;

1923 3899 2060 3953 alter
2086 3905 2266 3952 autem
2293 3904 2377 3953 est
2401 3904 2598 3967 pmter
2625 3896 2771 3952 hunc
2800 3894 3040 3953 Ananias
3064 3898 3159 3968 qui
3189 3897 3491 3954 Ecclesium

1922 3988 2367 4060 persequebatur,
2391 4002 2514 4043 cum
2548 3988 2666 4061 ipse
2698 3988 2881 4060 potius
2907 3990 3342 4059 persecutionem
3374 3991 3489 4062 pati

1921 4080 2221 4146 debuisset,
2257 4080 2664 4152 imperabatque
2695 4090 2755 4137 ut
2788 4081 2973 4152 ﬂagris
3001 4082 3298 4138 caederetur
3340 4084 3487 4155 Apo-

1920 4174 2115 4237 stolus,
2151 4173 2239 4228 cui
2270 4172 2324 4227 in
2347 4172 2542 4228 faciem
2573 4173 2639 4229 ad
2668 4173 2896 4228 verbum
2921 4172 3125 4233 Paulus
3152 4175 3233 4231 sic
3256 4191 3488 4245 respon-

1919 4264 1998 4318 dit
2031 4282 2046 4317 :
2077 4260 2435 4318 Percussurus
2468 4274 2545 4317 est
2579 4272 2627 4317 te
2660 4261 2819 4329 Deus,
2855 4279 3003 4317 mure
3036 4263 3296 4320 dealbate.
3327 4264 3398 4319 Et
3429 4277 3485 4320 tu

1918 4357 2064 4411 sedes
2086 4367 2134 4412 et
2153 4355 2370 4427 judicas
2396 4374 2478 4411 me
2504 4358 2789 4413 secundum
2819 4359 3001 4431 legem,
3036 4366 3086 4413 et
3125 4368 3306 4413 contra
3351 4350 3484 4431 teges

1917 4467 1997 4505 me
2012 4449 2168 4520 jubet
2189 4451 2390 4520 percuti
2423 4452 2509 4506 “‘l
2541 4450 2710 4523 Igitur
2736 4453 2781 4509 si
2809 4453 3030 4509 nomine
3077 4469 3168 4510 res
3215 4454 3344 4524 ipsa:
3369 4455 3485 4510 dis-

230 4557 367 4611 ματι
418 4541 486 4595 τά
534 4541 836 4614 πράγματα
881 4544 1157 4616 κρίνεται,
1219 4544 1527 4615 λεγέτωσαν
1592 4549 1642 4603 οἱ
1694 4551 1813 4613 ταῖς

1939 4552 2237 4610 :ernuntur,
2270 4545 2363 4615 qui
2383 4546 2655 4603 similibus
2683 4548 3000 4619 tropologiis
3028 4548 3368 4613 incumbunt,
3397 4549 3482 4604 di-

225 4631 509 4697 τοιαύταις
544 4634 941 4707 ἐπερειδόμενοι
978 4636 1385 4708 τροπολογίαις,
1408 4638 1566 4710 ὁποίᾳ
1603 4639 1810 4712 μεθόδῳ

1939 4643 2040 4690 :ant
2063 4651 2170 4706 qua
2209 4636 2463 4693 methodo
2490 4636 2736 4694 diversas
2758 4639 3017 4695 scientias
3039 4648 3131 4694 aut
3161 4640 3283 4694 vita:
3315 4641 3483 4696 ratio-

224 4724 330 4787 τὰς
354 4724 640 4796 ἀνομοίους
672 4727 979 4800 ἐπιστήμας
1014 4728 1048 4800 ἢ
1092 4728 1377 4783 πολιτειῶν
1422 4730 1711 4800 ἀναγωγάς
1743 4732 1809 4786 ἐκ

1939 4741 2015 4782 res
2037 4741 2102 4782 ex
2145 4727 2334 4784 eodem
2363 4729 2584 4786 nomine
2622 4733 2912 4802 explicant.
2962 4733 3112 4788 Multi
3161 4732 3369 4788 scilicet
3422 4733 3479 4788 in

225 4816 333 4887 τῆς
360 4817 677 4890 ὁμωνυμίας
708 4819 949 4885 ἀξιοῦσιν
987 4820 1329 4893 ἑρμηνεύειν.
1372 4823 1584 4894 Ἀμέλει
1622 4822 1806 4877 πολλοὶ

1939 4835 2057 4875 ιιιηο
2083 4820 2225 4877 diem
2260 4823 2664 4894 progenitorum
2700 4832 2793 4879 aut
2822 4824 3209 4895 prophetarum
3240 4825 3479 4881 nomini-

1911 4910 2016 4969 bus
2068 4913 2312 4985 insigniti
2352 4914 2524 4971 Judaei
2565 4916 2656 4986 jus
2700 4918 2904 4973 violant
2949 4927 3003 4974 et
3059 4919 3221 4990 impie
3251 4919 3474 4985 vivunt;

1907 5005 2065 5060 multi
2091 5008 2216 5062 item
2246 5013 2301 5062 et
2329 5008 2468 5079 apud
2488 5017 2677 5079 gentes
2704 5008 2848 5065 Petri
2879 5020 2933 5065 et
2962 5009 3114 5066 Pauli
3153 5010 3471 5081 nuncupati.

1906 5100 2112 5156 nefarie
2139 5115 2251 5155 rem
2280 5115 2432 5156 suam
2464 5111 2676 5171 gerunt.
2703 5101 2887 5172 Itaque
2914 5104 3141 5159 futilitas
3172 5102 3474 5172 levitasque

1909 5206 2221 5248 sermonum
2238 5189 2485 5261 Origenis
2508 5207 2613 5247 non
2636 5193 2819 5247 minus
2840 5209 2936 5263 per
2961 5194 3101 5249 hanc
3119 5192 3472 5263 vaniloquen-

226 4909 335 4979 μὲν
356 4908 437 4963 ἔτι
462 4911 559 4965 καὶ
586 4913 820 4985 τήμερον
853 4913 1088 4969 Ἰουδαῖοι
1125 4916 1481 4988 προπατόρων
1523 4916 1557 4988 ἢ
1593 4933 1805 4991 προφη-

220 4998 340 5053 τῶν
371 5000 606 5070 ὀνόματα
650 5002 963 5075 βαλλόμενοι
992 5005 1191 5077 δρῶσιν
1226 5006 1488 5072 ἀθέμιτα·
1537 5007 1721 5061 πολλοὶ
1745 5008 1802 5062 δὲ

222 5090 323 5143 καὶ
346 5095 472 5163 παρ’
499 5094 722 5165 Ἕλλησι
742 5095 936 5167 Πέτροι
968 5098 1062 5152 καὶ
1083 5097 1281 5154 Παῦλοι
1300 5099 1619 5170 καλούμενοι
1638 5100 1803 5172 πράτ-

218 5200 411 5238 τουσιν
449 5186 742 5257 ἀνήκεστα.
780 5189 862 5241 Τά
905 5189 1005 5260 μὲν
1028 5193 1203 5246 τοίνυν
1234 5193 1471 5247 ύπόκενα
1494 5192 1601 5245 τῶν
1627 5192 1800 5263 λόγων

236 5270 545 5343 Ὡριγένους
575 5275 673 5346 οὐχ
705 5275 902 5346 ἥκιστα
936 5279 1025 5333 καὶ
1058 5281 1145 5335 διά
1180 5282 1280 5352 τῆς
1305 5282 1560 5354 τοιαύτης
1586 5281 1801 5337 ἀλίσκε·

1939 5283 2036 5336 iam
2058 5281 2499 5352 deprehenditur.
2522 5282 2653 5350 Quae
2683 5300 2847 5354 porro
2870 5288 3287 5342 resurrectionis
3304 5302 3468 5342 causa

225 5375 317 5411 ται
351 5362 707 5432 κουφολογίας
725 5383 739 5396 ·
784 5368 884 5421 ὃσα
918 5368 974 5421 δὲ
1002 5370 1100 5441 τῆς
1129 5372 1477 5439 ἀναστάσεως
1510 5375 1674 5430 ἓνεκα
1699 5393 1797 5430 κα-

1939 5376 2048 5432 nale
2069 5377 2312 5433 sentiens
2344 5376 2592 5442 intrudit,
2617 5378 2897 5447 publicare
2919 5396 3025 5435 non
3064 5387 3148 5434 est
3187 5385 3470 5450 presentis

227 5451 457 5518 ιοδόξως
492 5456 811 5528 εἰσηγεῖται,
840 5459 1074 5531 δηλῶσαι
1120 5463 1220 5533 μὲν
1262 5465 1355 5519 ἐπὶ
1399 5466 1492 5520 τοῦ
1531 5469 1795 5538 παρόντος

1941 5470 2126 5543 egotii.
2168 5471 2485 5530 Methodius
2511 5472 2658 5530 enim
2689 5482 2893 5530 sancta:
2941 5474 3215 5530 memoria:
3247 5475 3301 5530 in
3332 5468 3467 5534 illud

302 5631 345 5661 “
367 5628 533 5687 Ioan.
561 5648 679 5699 vtn,
706 5634 794 5691 59.
879 5637 926 5669 ⁸⁵
955 5636 1115 5694 Joau.
1148 5656 1203 5704 ι,
1236 5643 1339 5699 51..
1398 5644 1583 5701 “Act.
1617 5662 1778 5715 nm,
1808 5647 1875 5704 3..

297 5811 407 5881 (Π)
444 5814 905 5881 ’Λκρίτως,1⁵“ι)ι·ιε
936 5819 1217 5889 ἐκκρίτως.
