3962 6202
268 370 378 429 661

1190 374 1280 431 DE
1315 374 1915 435 ENGASTRIMYTHO
1945 374 2229 435 CONTRA
2259 364 2640 436 ORIGENEM.

3423 377 3534 436 662

268 487 700 582 διαπράττεσθαι
719 490 850 557 Θεὸς
874 494 966 548 καὶ
991 496 1021 549 6
1048 494 1318 561 θειότατος
1340 496 1504 551 αὐτοῦ
1525 498 1680 562 Παῖς,
1701 497 1831 553 ἄλλο

1961 519 2321 582 agnoverunt,
2342 525 2523 567 nonne
2555 508 2727 565 multo
2758 508 2933 580 magis
2974 508 3116 565 scire
3146 517 3396 580 poterant
3442 526 3532 568 re-

265 578 336 634 δι
379 581 560 635 καὶτὸ
591 584 849 655 παράπαν
894 587 1087 653 οὐδείς.
1118 585 1307 645 Είνοῦν
1346 589 1445 661 τὴν
1488 589 1718 661 ἀόρατον
1753 589 1849 644 τοῦ

269 668 411 725 Θεοῦ
438 670 710 741 βασιλείαν
750 674 994 745 ἔγνωσαν
1026 679 1166 752 ἁγίῳ
1210 679 1484 751 Πνεύματι
1514 679 1848 752 χρισθεϊσαν,

264 761 342 871 26
374 762 552 835 πολλῷ
584 764 745 821 πλέον
775 768 1066 838 ἐπιγνῶναι
1109 770 1207 844 τὴν
1250 771 1345 825 τοῦ
1388 770 1551 826 Δαυῒδ
1600 771 1831 827 ὲδύναντι

1953 800 2255 871 descriptas
2302 801 2371 856 de
2421 799 2620 855 Davide
2641 761 3043 871 perditissimus
3086 815 3198 854 non

261 852 353 908 διὰ
404 856 706 927 χρίσματος
758 861 1017 933 αἰσθητοῦ
1063 863 1156 917 καὶ
1216 863 1561 928 καταλύσεως
1608 864 1846 936 ὁρατῆς;

275 944 419 999 Ἀλλ’
445 947 543 1002 οὐκ
571 949 688 1021 ᾔδει
724 950 793 1004 τὰ
819 954 1181 1024 πεπραγμένα
1230 954 1323 1009 καὶ
1359 955 1603 1027 Γραφαῖς
1630 954 1850 1009 ἀνακεί-

265 1054 409 1109 μενα
439 1040 567 1111 περὶ
596 1042 691 1095 τοῦ
719 1044 881 1098 Δαυῒδ
906 1047 941 1098 6
961 1046 1253 1118 ἀλιτήριος,
1280 1048 1308 1101 ὃ
1334 1064 1398 1116 γε
1428 1049 1523 1101 καὶ
1558 1046 1635 1118 τῷ
1658 1046 1848 1119 Κυρίῳ

258 1129 710 1205 περιῦαλλομένῳ
734 1134 794 1188 τὺ
814 1135 972 1207 σῶμα
990 1137 1299 1205 προσελθὼν
1325 1138 1429 1210 ἔφη
1451 1138 1754 1211 τολμηρῶς·
1776 1141 1849 1193 Et

269 1221 408 1290 Υιὸς
436 1218 497 1277 εἷ
516 1224 625 1279 τοῦ
650 1226 815 1293 Θεοῦ,
827 1226 1026 1292 βάλλε
1046 1230 1307 1285 σεαυτὸν
1325 1230 1499 1284 κάτωσ
1529 1230 1847 1301 τέτραπται

261 1313 397 1382 γὰρ,
429 1313 521 1369 ὅτι
552 1315 677 1383 τοῖς
715 1318 990 1388 ἀγγέλοις
1031 1320 1239 1387 αὑτοῦ,
1282 1321 1447 1393 φησὶν
1470 1364 1484 1388 ,
1522 1321 1845 1377 ἐντελεῖται

257 1405 397 1473 περὶ
423 1405 561 1473 σοῦ,
582 1407 681 1462 καὶ
705 1408 803 1461 ἐπὶ
826 1410 1037 1480 χειρῶν
1052 1412 1272 1481 ἀροῦσι
1298 1430 1391 1479 σε,
1410 1413 1644 1483 μήποτε
1667 1429 1846 1482 προσ-

257 1500 464 1568 κόψῃς
499 1499 651 1569 πρὸς
675 1503 851 1557 λίθον
872 1504 980 1559 τὸν
1005 1505 1163 1560 πόδα
1192 1523 1329 1562 σου.
1357 1507 1566 1562 Οὐκοῦν
1597 1508 1756 1578 εῐπερ
1779 1507 1845 1561 ὲκ

253 1589 370 1643 τῶν
404 1592 574 1660 ἀγίων
612 1594 978 1650 ὑποτυποῦται
1025 1597 1257 1671 Γραφῶν
1297 1599 1524 1670 ὁμιλεῖν,
1557 1594 1696 1653 οἶδεν
1734 1597 1842 1670 ἄρα

254 1681 326 1737 τά
348 1684 710 1756 γεγραμμένα
746 1689 1104 1761 κακομαθῶςο
1141 1693 1190 1745 εί
1228 1692 1286 1746 δὲ
1324 1690 1530 1746 τούτων
1561 1691 1619 1744 ὲν
1642 1688 1840 1760 γνώσει

256 1774 615 1848 καθέστηκεν,
633 1779 735 1833 οὐκ
759 1781 867 1852 ἄρα
891 1780 989 1854 τὴν
1014 1781 1109 1837 τοῦ
1138 1783 1301 1837 Δαυῒδ
1327 1783 1511 1855 ἠγνόει
1543 1781 1838 1854 βασιλείαν,

1954 630 2121 688 gnum
2145 615 2315 672 David
2344 632 2442 688 per
2471 614 2744 672 visibilem
2792 614 3106 670 unctionem
3149 614 3532 693 visibilemque

1954 708 2483 765 commutationem?
2512 706 2714 763 Verum
2735 721 2824 761 res
2860 714 3041 777 gestas
3066 714 3117 761 et
3145 707 3200 762 in
3233 705 3533 778 Scripturis

3238 800 3395 866 vidit,
3434 800 3530 872 qui

1951 889 2241 946 Dominum
2270 905 2501 961 corpore
2525 889 2926 946 circumdatum
2957 904 3246 961 aggressus
3268 868 3530 946 audacter

1950 982 2127 1039 dixit:
2156 982 2217 1039 Si
2244 981 2419 1037 Filius
2450 982 2548 1038 Dei
2583 1000 2658 1050 es,
2690 983 2837 1037 mitte
2862 991 2908 1037 te
2940 981 3223 1046 deorsum;
3273 984 3529 1053 scriptum

1948 1094 2027 1141 est
2052 1087 2191 1141 enim
2213 1103 2232 1141 :
2253 1085 2466 1156 Angelis
2499 1086 2608 1139 suis
2636 1084 2905 1139 mandavit
2928 1084 2992 1139 de
3021 1095 3101 1149 te;
3133 1094 3183 1138 et
3203 1085 3256 1139 in
3286 1086 3528 1144 manibus

1951 1179 2193 1234 attollent
2243 1188 2329 1246 te,
2379 1196 2442 1233 ne
2484 1178 2618 1249 forte
2670 1178 2905 1248 offendas
2954 1178 3024 1231 ad
3065 1177 3293 1248 lapidem
3348 1182 3528 1247 pedem

1951 1296 2100 1340 tuum
2131 1287 2195 1341 ".
2233 1284 2403 1357 lgitur
2454 1286 2500 1341 si
2550 1301 2620 1341 ex
2664 1284 2864 1339 divinis
2894 1284 3089 1339 litteris
3111 1284 3381 1353 colloquia
3432 1299 3525 1340 ne-

1949 1386 2096 1434 ctere
2120 1378 2306 1451 ﬁngit,
2339 1380 2445 1436 scit
2484 1393 2605 1450 quae
2640 1376 2844 1447 scripta
2878 1384 3029 1443 sunt,
3063 1377 3280 1431 tametsi
3328 1392 3525 1447 prave;

1946 1488 2068 1544 qua:
2091 1473 2139 1528 si
2166 1473 2441 1545 cognovit,
2472 1469 2718 1541 profecto
2757 1484 2985 1541 regnum
3014 1468 3184 1523 David
3225 1484 3336 1524 non
3366 1469 3524 1540 igno-

1944 1574 2118 1640 rahat,
2143 1576 2290 1647 quod
2332 1574 2533 1632 divinis
2557 1573 2757 1632 litteris
2787 1582 2908 1632 erat
2938 1575 3238 1646 scriptum;
3270 1576 3347 1630 ita
3378 1585 3436 1631 ut
3459 1591 3525 1630 ea

1942 1692 2065 1748 quae
2089 1677 2297 1747 scripta
2316 1683 2445 1732 sunt
2483 1675 2697 1732 daemon
2719 1675 3082 1747 pronuntians
3126 1676 3262 1730 nihil
3302 1677 3525 1731 omnino

1942 1782 2272 1839 vaticinatus
2297 1782 2386 1838 sit.

257 1873 431 1942 ἢτοῖς
466 1874 629 1948 ἱεροῖς
655 1875 1058 1951 ὲγκεχάρακται
1112 1880 1433 1953 γράμμασιν
1479 1897 1494 1911 ο
1534 1878 1677 1933 ὥστε
1707 1876 1777 1931 τὰ
1837 1877 2198 1950 γεγραμμένα
2240 1876 2412 1946 λέγων
2445 1880 2475 1931 6
2534 1877 2763 1949 δαίμων,
2801 1876 2950 1931 οὐδὲν
2993 1878 3398 1948 προεφήτευσεν
3434 1876 3525 1930 οὐ-

257 1961 468 2036 δαμῶς.
1341 1977 1353 2001 ο

328 2067 518 2132 XXIV.
574 2080 711 2135 Ἀλλ’
744 2084 773 2137 6
817 2082 1135 2156 πολύφημος
1178 2085 1619 2161 Ὦριγένης,,οὑδ’
1651 2060 1829 2138 ὁτιοῖἷν

2016 2073 2204 2131 XXIV.
2248 2075 2353 2131 Sed
2403 2076 2561 2130 multi
2600 2074 2839 2131 nominis
2899 2073 3185 2146 Origenes,
3226 2091 3349 2130 eum
3410 2092 3521 2132 non

259 2169 527 2243 εὑρίσκων
550 2175 743 2241 εἰπεῖν,
769 2177 851 2241 είς
876 2177 1034 2238 τοῦτο
1061 2178 1336 2249 κατέφυγε
1364 2177 1827 2250 τετεχνασμένως,

249 2261 481 2334 ἑτέρωθι
514 2265 657 2338 πρὸς,
678 2269 771 2321 ἐπὶ
810 2271 1019 2334 τούτοις
1049 2269 1375 2341 ἐπαγαγών
1422 2270 1564 2343 Ἐγὼ
1597 2269 1686 2334 δέν
1727 2287 1832 2341 φη-

255 2350 363 2415 σιν,
390 2355 463 2407 οὐ
491 2353 744 2427 δύναμαι
770 2357 998 2413 διδόναι
1024 2360 1305 2431 δαιμονίῳ
1326 2361 1695 2430 τηλικαύτην
1724 2358 1829 2413 δύ-

249 2457 453 2512 ναμιν,
487 2446 588 2499 ἳνα
622 2451 968 2520 προφητεύῃ
1004 2453 1138 2522 περὶ
1169 2452 1369 2508 Σαοὺλ
1408 2452 1508 2507 καί
1539 2452 1645 2507 τοῦ
1673 2451 1828 2507 λαοῦ

245 2534 362 2589 τοῦ
396 2536 565 2601 Θεοῦ,
599 2540 694 2593 καὶ
728 2543 1074 2614 προφητεύῃ
1110 2544 1244 2613 περὶ
1265 2544 1589 2610 βασιλείας
1626 2542 1826 2609 Δαυτδ,

241 2625 346 2680 ὅτι
379 2625 593 2695 μέλλει
617 2629 996 2694 βασιλεύειν.
1033 2628 1327 2704 Εῖταφαίη
1358 2649 1442 2698 τις
1463 2634 1548 2688 ἀν’
1580 2633 1645 2685 Ὠ
1669 2633 1830 2705 ἀνοη-

238 2714 442 2769 τότατε
473 2717 701 2790 ἀνδρῶν,
724 2721 785 2774 ού
807 2721 963 2786 δίδως
993 2722 1089 2794 μὲν
1110 2723 1261 2795 αύτῷ
1288 2724 1675 2796 προφητεύειν,
1709 2726 1830 2778 ἐπι-

239 2807 473 2880 τρέπεις
524 2811 581 2865 δὲ
626 2813 775 2885 αὐτῷ
821 2816 1105 2887 προφήτας
1154 2817 1375 2886 ἀνάγειν
1428 2817 1487 2884 ἐξ
1534 2816 1684 2888 ᾅδου,
1732 2818 1828 2872 καὶ

240 2897 576 2966 ἀγγελικοὺς
606 2902 759 2972 ἄφνω
792 2905 1244 2974 μεταστέλλεσθαι
1276 2908 1491 2979 χοροὺς,
1524 2908 1664 2979 ὅπερ
1710 2907 1828 2961 ἐστὶ

245 2990 441 3059 μεῖζον
469 2992 563 3045 καὶ
591 2990 826 3066 προῦχον
847 2997 941 3049 καὶ
969 2995 1244 3069 θειοτέρας
1263 2999 1521 3070 ἐχόμενον
1544 2997 1825 3066 ἐξουσίαςης

242 3078 364 3153 ἆρά
390 3097 456 3149 γε
484 3083 569 3147 τίς
589 3083 758 3149 οὕτως
783 3087 1000 3158 ἐνόησεν
1021 3087 1261 3154 ἀσθενῶς
1290 3088 1323 3161 ἧ
1359 3088 1627 3161 πτωχῶς;
1668 3089 1829 3144 Ἀλλὰ

245 3173 490 3253 μάλιστα
520 3175 619 3246 μὲν
647 3176 819 3247 ἔγωγε
851 3181 1017 3252 φαίην
1048 3180 1115 3235 ἂν
1148 3181 1577 3252 ἀνθυπενέγκας,
1604 3182 1688 3236 ὃτι
1720 3200 1826 3255 μη-

238 3264 337 3317 δὲν
364 3268 771 3339 προεφήτευσεν
797 3272 826 3324 6
848 3270 1078 3343 δαίμων,
1114 3272 1189 3338 ὥς
1211 3291 1275 3343 γε
1307 3276 1403 3328 καὶ⁵
1431 3274 1665 3347 πρόσθεν
1695 3274 1827 3329 east;

241 3355 456 3429 ξαμενο
506 3361 552 3413 εί
589 3360 636 3413 δ’
680 3360 789 3433 ἄρα
829 3363 923 3417 καὶ
970 3366 1306 3438 προφητείας
1355 3366 1483 3434 ἀξια
1523 3366 1827 3437 διαλεχθεὶς

242 3448 570 3520 ἐτύγχανεν,
588 3451 695 3505 οὐδ’
723 3452 895 3518 οὕτως
921 3456 1087 3527 ἐχρῆν
1111 3455 1531 3529 ὑπολαμϐάνειν,
1553 3460 1634 3512 ὅτι
1663 3455 1828 3512 πνεύ-
1853 3441 1896 3500 C

247 3559 399 3613 ματα
430 3545 527 3598 καὶ
552 3544 729 3616 ψυχὰς
757 3546 980 3601 δικαίων
1000 3551 1029 3601 6
1053 3548 1262 3622 δαίμων
1290 3551 1564 3623 ἀνήγαγεν
1589 3551 1648 3617 ἐξ
1673 3551 1820 3623 ᾅδουο

245 3638 344 3695 καὶ
375 3637 487 3710 γὰρ
516 3640 546 3691 6
572 3640 826 3709 Καϊάφας
858 3641 950 3693 ὲπὶ
972 3644 1041 3714 τῇ
1070 3642 1212 3696 κατά
1236 3642 1329 3696 τοῦ
1354 3643 1591 3716 Χριστοῦ
1626 3645 1824 3699 συστά-

246 3743 333 3779 σει
368 3729 795 3800 προεφήτευσεν,
822 3730 1080 3802 εἰρηκὼς,
1108 3732 1190 3786 ὅτι
1225 3735 1521 3804 Συμφέρει
1550 3734 1696 3806 ἡμῖν
1723 3737 1825 3792 ἵνα

243 3814 331 3886 εἷς
384 3820 694 3889 ἄνθρωπος
733 3823 1003 3894 ἀποθάνῃ
1048 3824 1201 3895 ὑπὲρ
1240 3827 1345 3881 τοῦ
1384 3828 1560 3892 λαοῦ,
1609 3828 1708 3883 καί
1734 3828 1822 3899 μὴ

244 3910 404 3967 ὅλον
452 3913 516 3966 τὸ
561 3915 734 3981 ἔθνος
773 3917 1088 3986 ἀπόληται.
1129 3919 1321 3973 Ταῦτα
1360 3920 1477 3990 μὲν
1503 3924 1614 3976 οὐκ
1656 3922 1825 3977 εἶπεν

238 4003 354 4072 ἀφ’
384 4003 623 4059 ἑαυτοῦ
658 4006 909 4079 καθάπερ
932 4010 962 4062 6
994 4008 1301 4079 σοφώτατος
1332 4010 1592 4079 ἐξέδωκεν
1642 4014 1824 4069 Ἰωάν-

237 4112 382 4167 var
418 4096 728 4166 ἀρχιερεὺς
754 4097 823 4151 δὲ
867 4098 1179 4169 τυγχάνων
1213 4102 1450 4157 ἐκείνου
1482 4104 1587 4159 τοῦ
1624 4103 1820 4173 ἔτους,

238 4188 723 4257 προεφήτευσεν.
758 4191 821 4243 Et
846 4190 903 4243 δὲ
931 4183 1086 4257 οὗτος
1114 4194 1143 4245 6
1182 4193 1322 4247 κατά
1355 4194 1449 4247 τοῦ
1471 4194 1676 4266 Κυρίου
1710 4194 1823 4265 βου-

237 4280 348 4344 λὰς
377 4280 592 4346 ἀδίκους
620 4283 914 4355 ἀράμενος,
945 4287 1094 4359 ὅμως
1132 4287 1232 4340 οὐκ
1262 4287 1355 4357 ἀφ’
1387 4286 1581 4341 ἑαυτοῦ
1613 4306 1825 4362 προφη-

235 4374 417 4438 τεύει,
446 4374 761 4447 κινούμενος
785 4378 843 4431 δὲ
869 4377 1134 4450 δήπουθεν
1158 4380 1247 4446 ὑφ’
1269 4380 1458 4453 ἐτέρου
1485 4381 1606 4435 καθ’
1629 4381 1822 4436 ἑαυτοῦ

239 4469 482 4520 ποιεῖται
519 4466 610 4521 τὸν
642 4467 885 4539 ἔλεγχον·
917 4470 1039 4524 οὐδὲ
1079 4472 1132 4526 εί
1152 4490 1238 4536 τις
1283 4472 1439 4537 ἄλλος
1474 4474 1583 4547 ἄρα
1612 4474 1824 4530 τοιοῦτό

240 4577 300 4613 τι
343 4558 468 4631 δρᾷ,
512 4561 858 4632 προσεκτέον,
890 4563 973 4616 ὅτι
1008 4564 1158 4635 παρά
1187 4563 1345 4618 τοῦτο
1386 4565 1663 4639 θειοτέρας
1696 4566 1822 4639 ἐξῆ-

242 4668 384 4705 πται
422 4652 720 4723 δυνάμεως.
770 4654 904 4708 Οὐδὲ
953 4656 1299 4728 ἀνασχετέον,
1352 4660 1401 4711 εί
1447 4658 1695 4729 λέγοντες
1739 4662 1821 4714 ὃτι

247 4743 481 4816 μαντείᾳ
506 4743 844 4816 δαιμονιώδει
884 4745 1061 4818 ψυχὰς
1094 4748 1313 4818 ἀνάγειν
1368 4749 1542 4806 ἔοικεν
1586 4752 1644 4821 ἐξ
1693 4754 1821 4826 ᾅδου

243 4837 346 4891 καὶ
389 4837 644 4910 στρατιὰς
681 4839 945 4908 ἀγγέλων,
990 4836 1078 4894 οἷα
1113 4841 1245 4906 Θεός
1263 4860 1276 4873 ·
1320 4845 1685 4901 ὲπακουστὲον
1712 4846 1823 4920 γὰρ

242 4922 338 4982 οἷα
370 4930 495 5001 περὶ
531 4929 640 4983 τῶν
678 4930 933 4984 τοιούτων
973 4930 1285 5006 ἐξαγορεύει
1317 4936 1610 5008 προφητῶν
1642 4940 1701 4992 ὲν
1741 4938 1819 5011 τῷ

243 5021 651 5094 Δευτερονομίῳ
680 5022 949 5089 θεσπίζων
970 5026 998 5077 6
1019 5026 1280 5097 Μωῦσῆς·
1317 5027 1453 5081 Ἐὰν
1473 5029 1542 5083 δὲ
1558 5029 1818 5100 ἀναστῇ,

244 5114 495 5183 φάσκων,
532 5116 603 5169 ἐν
634 5117 734 5170 σοί
778 5117 1108 5187 προφήτης,
1149 5119 1189 5189 ἢ
1229 5120 1728 5193 ἐνυπνιαζῖὴιενος
1751 5122 1819 5177 τὸ

241 5205 555 5271 ἐνύπνιον,
573 5208 672 5261 καὶ
688 5207 772 5274 δῷ
789 5224 888 5263 σοι
916 5209 1168 5279 σημεῖον
1184 5210 1222 5281 ἢ
1245 5210 1439 5281 τέρας,
1460 5214 1557 5268 καὶ
1582 5215 1729 5286 ἔλθῃ
1754 5214 1821 5271 τὸ

244 5298 500 5368 σημεῖον
529 5298 569 5368 ἢ
600 5299 668 5354 τὸ
698 5300 874 5369 τέρας
895 5300 937 5356 δ
967 5301 1239 5373 ἐλάλησε
1276 5304 1429 5374 πρὸς
1462 5306 1557 5370 σὲ,
1604 5306 1815 5379 λέγων·

243 5387 655 5459 Πορευθᾶψεν,
683 5391 784 5445 καὶ
812 5393 1234 5463 λατρεύσωμεν
1258 5396 1416 5462 θεοῖς
1444 5396 1687 5465 ἑτέροις,
1717 5397 1825 5465 οὓς

246 5482 359 5535 οὐκ
393 5480 625 5546 οἴδατε,
666 5484 778 5536 οὐκ
825 5484 1165 5539 ἀκούσεσθε
1205 5485 1325 5541 τῶν
1350 5489 1549 5558 λόγων
1586 5490 1822 5545 ἐκείνου

247 5571 353 5627 τοῦ
398 5574 730 5643 προφήτου,
761 5577 945 5648 φησιν,
984 5577 1024 5646 ἢ
1072 5577 1182 5633 τοῦ
1207 5577 1714 5651 ἐνυπνιαζομένου
1753 5580 1821 5636 τὸ

249 5664 537 5722 ἐνύπνιον
552 5667 767 5735 ἐκεῖνο,
797 5669 886 5723 ὅτι
903 5668 1157 5740 πειράζει
1180 5672 1394 5740 Κύριος
1417 5674 1450 5725 ό
1472 5673 1616 5740 Θεὸς
1642 5672 1816 5743 ὑμᾶς,

1932 2168 2159 2226 haberet
2204 2170 2335 2241 quid
2384 2170 2611 2235 diceret,
2640 2169 2709 2226 ad
2749 2169 2854 2224 hoc
2887 2167 3181 2227 artiﬁciose
3236 2169 3516 2240 confugit,

1931 2263 2154 2319 aliunde
2201 2264 2543 2335 argumentis
2573 2262 2898 2335 excogitatis
2929 2281 2942 2318 :
2984 2260 3097 2333 Ego
3129 2279 3278 2326 sane,
3312 2260 3511 2333 inquit,

1932 2354 2066 2409 tates
2098 2355 2331 2410 dwmoni
2378 2356 2513 2410 vires
2574 2353 2858 2409 concedere
2913 2371 3129 2425 nequeo,
3162 2364 3220 2409 ut
3250 2354 3314 2409 de
3350 2353 3516 2414 Sauls

1930 2457 1982 2503 et
2011 2449 2204 2518 populo
2232 2448 2450 2502 Domini
2489 2448 2743 2503 vaticinia
2772 2446 2927 2514 edat,
2966 2447 3091 2502 item
3120 2446 3184 2502 de
3212 2464 3371 2518 regno
3400 2447 3513 2501 Da-

1931 2540 2038 2606 vid,
2066 2541 2221 2596 illum
2269 2541 2470 2595 scilicet
2501 2556 2659 2612 regno
2697 2540 3014 2608 potiturum.
3053 2537 3513 2609 Sed'dlcet‘quis-

1930 2633 2075 2707 piam
2113 2653 2128 2690 :
2189 2631 2235 2690 0
2288 2633 2533 2689 omnium
2580 2632 2966 2689 stolidissime!
3005 2632 3381 2689 illi‘vaticinia
3413 2649 3513 2689 ne-

1929 2742 2048 2799 gas,
2106 2734 2161 2784 et
2216 2727 2510 2798 prophetas
2553 2727 2623 2782 ab
2674 2725 2866 2781 inferis
2913 2724 3166 2789 educere,
3224 2732 3509 2795 cmtusque

1929 2817 2224 2887 derepente
2252 2817 2590 2887 angelorum,
2620 2814 2766 2886 quod
2793 2812 2974 2884 majus
3002 2820 3088 2869 est
3116 2812 3512 2883 diviniorisque

1928 2910 2188 2981 potentiae
2230 2917 2633 2980 argumentum,
2660 2908 2958 2963 concedis?
2987 2905 3123 2974 Quis
3168 2906 3242 2961 ita
3295 2905 3511 2963 inﬁrme

1929 3008 2024 3057 aut
2050 3001 2266 3058 exiliter
2294 3017 2411 3057 rem
2443 3001 2753 3058 intellexit?
2780 3000 2874 3057 Nae
2915 3016 3015 3072 ego
3040 2999 3388 3069 potissimum
3422 3015 3510 3055 re-

1929 3093 2277 3165 sponderem,
2325 3092 2648 3157 daemonem,
2709 3100 2769 3147 ut
2811 3099 2865 3148 et
2915 3100 3077 3147 antea
3109 3090 3509 3147 demonstravi-

1927 3200 2074 3253 mus,
2105 3184 2244 3239 nihil
2292 3184 2651 3238 vaticinatum
2690 3181 2897 3251 fuisse;
2929 3184 3024 3255 qui
3062 3183 3191 3238 licet
3219 3183 3504 3254 prophetia

1928 3291 2041 3332 non
2092 3276 2319 3346 indigna
2362 3275 2670 3329 collocutus
2715 3272 2930 3343 fuisset,
2985 3286 3097 3330 non
3149 3274 3271 3331 ideo
3302 3280 3506 3330 tamen

1928 3366 2353 3423 existimandum
2406 3375 2545 3430 erat,
2578 3363 2805 3436 spiritus
2859 3375 2915 3423 et
2965 3366 3240 3437 justorum
3294 3367 3507 3423 animas

1932 3475 2056 3516 eum
2089 3459 2157 3514 ab
2189 3457 2382 3514 inferis
2422 3473 2704 3514 evocasse.
2740 3458 2954 3514 Etenim
2996 3466 3050 3513 et
3106 3458 3343 3531 Caiphas
3379 3475 3505 3514 cum

1932 3551 2000 3608 de
2028 3551 2250 3607 Christo
2299 3550 2703 3620 prophetasset,
2751 3549 2891 3605 dixit
2924 3569 2937 3603 :
2972 3547 3197 3620 Expedit
3254 3551 3401 3604 nobis
3446 3559 3505 3605 ut

1931 3662 2067 3711 unus
2098 3644 2253 3699 homo
2280 3645 2542 3698 moriatur
2561 3658 2656 3713 pro
2671 3643 2884 3713 populo,
2907 3651 2956 3696 et
2978 3658 3081 3695 non
3112 3649 3223 3696 tota
3240 3659 3363 3713 gens
3384 3658 3505 3711 per-

1930 3747 2017 3791 eat
2041 3738 2108 3790 ⁷⁰.
2166 3735 2295 3790 Herc
2333 3745 2509 3789 autem
2540 3752 2642 3789 non
2688 3734 2824 3788 dixit
2870 3749 2935 3788 ex
2973 3734 3267 3802 semetipso,
3304 3740 3364 3787 ut
3397 3733 3506 3788 sci-

1930 3829 2179 3885 tissimus
2222 3828 2448 3882 tradidit
2480 3824 2752 3894 Joannes;
2794 3825 2883 3880 sed
2916 3842 3035 3880 cum
3086 3838 3216 3880 esset
3267 3825 3505 3895 pontifex

1932 3922 2059 3975 anni
2084 3920 2230 3975 illius
2259 3920 2609 3990 prophetavit.
2639 3916 2695 3973 Si
2730 3919 2840 3984 hic,
2870 3919 2963 3989 qui
2994 3926 3187 3973 contra
3209 3917 3503 3974 Dominum

1931 4014 2260 4069 sententiam
2292 4010 2555 4082 injustam
2601 4010 2745 4077 tulit,
2783 4018 2963 4065 tamen
2995 4025 3107 4065 non
3136 4026 3168 4065 a
3204 4010 3499 4081 semetipso

1930 4105 2284 4171 vaticinatur,
2318 4101 2416 4159 sed
2465 4109 2648 4157 motus
2679 4101 2948 4156 duntaxat
2986 4102 3056 4157 ah
3111 4103 3219 4158 alio
3249 4103 3504 4176 coargui-

1930 4202 2050 4264 tur;
2078 4212 2257 4267 neque
2286 4211 2417 4268 ergo
2470 4195 2518 4250 si
2547 4195 2677 4267 quis
2720 4194 2864 4249 alius
2904 4193 3048 4250 idem
3088 4192 3351 4260 ellecerit,
3383 4196 3504 4250 ideo

1928 4296 2218 4360 prapterea
2266 4286 2553 4343 divinioris
2597 4302 2723 4343 eum
2748 4303 2871 4343 esse
2900 4294 3111 4342 natura;
3147 4286 3501 4344 censendum.

1928 4381 2115 4454 Neque
2138 4382 2517 4439 sustinendum
2547 4392 2629 4437 est
2664 4381 2712 4437 si
2766 4382 2952 4437 dicant
3002 4381 3293 4452 prastigiis
3315 4372 3504 4437 diabo-l

1929 4475 2053 4530 licis
2082 4474 2294 4530 animas
2343 4474 2411 4528 ab
2449 4473 2639 4529 inferis
2666 4472 3045 4542 exercitusque
3074 4472 3410 4542 angelorum,
3443 4480 3504 4527 ut

1929 4560 2167 4626 videtur,
2201 4561 2367 4617 veluti
2387 4559 2578 4625 Deum,
2615 4559 2892 4617 eduxisse.
2931 4557 3275 4614 Attendenda
3303 4560 3502 4630 quippe

1931 4661 2065 4709 sunt
2090 4668 2219 4724 quae
2255 4653 2323 4709 de
2364 4653 2451 4713 his
2506 4652 2788 4723 prophetis
2837 4651 3158 4723 pmcipiens
3209 4653 3422 4723 Moyses
3446 4655 3502 4707 in

1931 4746 2353 4803 Deuteronomio
2398 4744 2639 4801 effatur:
2682 4743 2743 4800 Si
2796 4745 3083 4799 surrexerit
3116 4745 3171 4799 in
3202 4745 3372 4799 medio
3425 4746 3503 4799 tui

1920 4840 2200 4911 propheta,
2252 4857 2344 4895 seu
2399 4842 2657 4895 somnium
2706 4840 3000 4904 somnians,
3053 4848 3103 4893 et
3148 4839 3352 4893 dederit
3404 4838 3502 4895 tibi

1928 4932 2135 5003 signum
2169 4932 2249 4986 vet
2288 4932 2608 5003 prodigium,
2636 4940 2686 4986 et
2721 4934 2945 4987 evenerit
2997 4934 3202 5003 signum
3241 4934 3346 4987 sive
3376 4949 3501 5002 pro-

1924 5025 2126 5096 digium
2148 5025 2287 5096 quod
2317 5025 2523 5081 locutus
2551 5035 2629 5079 est
2650 5026 2719 5079 ad
2748 5034 2819 5093 te,
2850 5026 3027 5079 dicens
3053 5042 3070 5079 :
3097 5023 3298 5093 Eamus
3331 5034 3382 5079 et
3414 5041 3499 5078 co-

1926 5120 2099 5173 lamus
2122 5118 2245 5173 deos
2268 5118 2467 5173 alienos
2485 5133 2615 5188 quos
2636 5118 2929 5187 ignoratis;
2954 5133 3058 5170 non
3086 5117 3315 5170 audietis
3342 5115 3497 5169 verba

1922 5211 2188 5282 propheta:
2215 5210 2383 5277 illius,
2412 5211 2511 5274 ait,
2536 5219 2629 5263 aut
2667 5210 2984 5264 somniantis
3021 5210 3284 5263 somnium
3337 5207 3494 5270 illud,

1924 5304 2048 5373 quia
2073 5311 2238 5356 tentat
2276 5319 2364 5357 vos
2396 5301 2655 5355 Dominus
2687 5300 2849 5366 Dens,
2882 5309 2939 5352 ut
2973 5304 3151 5369 palam
3177 5300 3273 5369 ﬁat
3310 5309 3495 5352 utrum

1922 5393 2160 5465 diligatis
2213 5392 2500 5449 Dominum
2551 5393 2721 5449 Deum
2778 5402 3006 5447 vestrum
3046 5393 3111 5449 '“.
3156 5391 3355 5447 Verum
3406 5390 3495 5444 hic

1919 5487 2238 5543 dualitatem
2270 5485 2451 5543 Patris
2475 5494 2529 5542 et
2567 5487 2687 5556 ejus
2718 5485 2983 5557 unigeniti
3026 5483 3150 5539 Filii
3192 5500 3493 5555 repraesen-

1918 5587 2064 5643 tans,
2097 5581 2329 5637 alterum
2379 5581 2598 5651 quidem
2637 5580 2926 5635 Dominum
2966 5586 3264 5635 tentantem
3313 5580 3471 5651 appel

1919 5675 2013 5740 lat,
2043 5677 2273 5732 alterqu
2298 5689 2421 5730 esse
2452 5672 2741 5730 Dominum
2774 5672 2902 5728 item
2940 5679 2996 5728 et
3017 5670 3184 5728 Deum
3207 5672 3489 5737 dilectum.

321 5824 578 5880 "lauit.
625 5841 699 5893 tv,
741 5828 794 5886 6.
861 5830 904 5861 ⁷ο
933 5825 1092 5884 Joan.
1133 5844 1208 5896 ιι,
1235 5830 1321 5886 50.
1401 5832 1442 5864 ⁷³
1480 5831 1633 5888 Deut.
1666 5849 1785 5902 xm,
1819 5835 1924 5892 1-3.
