3898 6196
586 350 695 405 663

587 479 651 527 ut
679 477 783 527 hoc
819 484 1046 526 numero
1096 468 1311 524 binario
1357 483 1521 525 unam
1572 469 1840 527 Deitatem
1883 472 2157 542 probaret,

587 581 883 635 veramque
936 562 1033 618 Dei
1084 563 1512 634 generationem.
1565 563 1624 620 Si
1678 574 1859 621 autem
1889 566 2156 637 propheta

589 658 680 714 ille
726 657 820 727 qui
858 655 1074 726 signum
1135 661 1229 708 aut
1261 662 1575 725 portentum
1627 655 1916 713 ostendere
1952 657 2158 727 promi-

588 754 757 808 serat.
780 746 1034 802 omnibus
1064 744 1240 802 modis
1269 745 1614 816 abjiciendus
1632 756 1737 813 est,
1754 748 1876 804 ideo
1897 749 2041 819 quod
2062 764 2159 806 ne-

587 837 783 895 farium
836 839 1107 894 idolorum
1163 839 1369 894 cultum
1421 839 1811 904 introduceret,
1845 839 1972 895 licet
2012 840 2155 912 signi

586 931 829 1004 potentia
862 932 1222 1003 prazcesserit,
1240 940 1447 1004 quanto
1469 935 1644 1005 magis
1675 932 1929 999 daemoni,
1962 934 2055 1005 qui
2088 934 2158 989 ab

586 1020 778 1076 inferis
810 1021 1039 1092 spiritus
1084 1020 1362 1092 justorum
1395 1038 1627 1079 evocare
1665 1024 1975 1095 pollicetur,
2006 1025 2158 1080 nulla

587 1113 722 1170 tides
750 1121 835 1170 est
881 1113 1224 1169 adhibenda?
1259 1113 1429 1170 Nemo
1461 1123 1723 1186 pmterea
1774 1117 2024 1188 quamvis
2055 1117 2159 1172 im-

585 1207 709 1278 pius
745 1206 970 1271 diceret,
996 1207 1102 1264 illis
1127 1207 1350 1263 oracula
1374 1208 1808 1274 consulentibus,
1838 1208 2011 1265 Deum
2040 1216 2160 1265 ten-

587 1306 791 1354 tantem
837 1298 1087 1369 impium,
1137 1298 1439 1355 suscitasse
1486 1297 1823 1369 Samuelem;
1858 1309 1917 1357 ut
1955 1301 2159 1358 factum

585 1397 775 1462 postea
831 1391 1183 1447 subsecutum
1216 1391 1480 1448 daemonis
1507 1393 1859 1463 promissioni
1917 1395 2160 1451 ascribe-

583 1488 757 1544 retur,
783 1496 956 1553 eoque
1003 1483 1225 1540 nomine
1278 1499 1376 1554 per
1402 1483 1647 1542 fraudem
1689 1486 1894 1542 deleret
1919 1487 2154 1558 aliquos.

582 1573 719 1629 Nam
749 1576 974 1631 omnino
1020 1576 1324 1633 cavendum
1358 1585 1498 1644 erat,
1522 1586 1584 1633 ut
1611 1578 1790 1651 legum
1836 1580 1978 1634 lator
2002 1596 2160 1636 man-

583 1666 828 1731 daverat,
885 1682 918 1722 a
948 1668 1192 1724 vaticinii
1254 1669 1478 1725 scelere.
1512 1668 1597 1724 An
1653 1685 1761 1726 non
1807 1671 2034 1742 auguria
2065 1686 2161 1728 eo-

583 1771 816 1827 rumque
872 1772 1070 1814 causas
1100 1760 1465 1816 exsecrandas
1510 1761 1704 1830 putas?
1731 1776 1915 1817 nonne
1961 1764 2153 1819 vatici-

583 1847 835 1904 nationes
877 1849 1295 1922 engastrimythi
1336 1862 1389 1906 et
1426 1851 1656 1906 sortium
1701 1852 1988 1924 symbola?
2018 1855 2159 1912 Audi

582 1953 704 2010 quae
725 1940 886 2009 paulo
906 1951 1029 2011 post
1051 1941 1247 1996 iterum
1269 1942 1559 2012 praecepit:
1582 1940 1644 1997 Si
1667 1942 1934 1998 introieris
1964 1945 2019 1999 in
2055 1954 2161 2000 ter-

582 2048 698 2086 ram
732 2049 890 2103 quam
915 2030 1173 2087 Dominus
1192 2032 1332 2088 Deus
1355 2042 1475 2088 tuus
1497 2032 1589 2087 dat
1622 2035 1737 2099 tibi,
1758 2052 1863 2090 non
1883 2035 2053 2091 disces
2075 2037 2161 2105 fa-

582 2134 692 2175 cere
712 2120 997 2175 secundum
1013 2121 1428 2178 abominationes
1447 2123 1663 2178 illarum
1681 2127 1934 2197 gentium.
1952 2125 2073 2181 Non
2086 2128 2163 2182 in-

579 2212 820 2267 ueniatur
842 2215 896 2268 in
915 2223 965 2269 te
985 2216 1074 2285 qui
1092 2214 1277 2269 lustret
1292 2216 1464 2286 ﬁlium
1482 2232 1637 2274 suum
1655 2218 1734 2271 vel
1746 2217 1914 2286 ﬁliam
1936 2234 2089 2273 suam
2105 2220 2161 2273 in

580 2306 720 2376 igne,
736 2316 787 2361 et
810 2308 1103 2363 vaticinans
1125 2309 1396 2374 vaticinia,
1415 2318 1465 2364 et
1486 2310 1697 2365 mittens
1713 2319 1901 2375 sortes,
1919 2320 1968 2365 et
1991 2326 2161 2380 augu-

581 2415 709 2453 rans
739 2400 1192 2455 incantationibus
1235 2401 1671 2469 inmutationem,
1704 2404 2078 2476 veratriloquus,
2107 2411 2159 2458 et

580 2502 941 2562 portentorum
980 2494 1262 2564 inspector,
1302 2504 1352 2550 et
1384 2497 1714 2568 interrogans
1771 2507 2003 2553 mortuos
2035 2514 2053 2551 :
2081 2506 2159 2552 est

580 2586 720 2639 enim
776 2585 1099 2641 abominatio
1149 2586 1378 2643 Domino
1426 2590 1596 2643 omnis
1640 2591 1729 2661 qui
1768 2589 1899 2659 facit
1939 2590 2049 2643 hau:
2083 2591 2152 2644 ".

581 2674 711 2733 Post
740 2677 855 2733 haec
884 2680 1118 2735 innuens
1146 2680 1311 2735 etiam
1334 2681 1657 2753 alienigenis
1698 2690 1983 2753 propterea
2017 2697 2161 2738 mor-

580 2773 689 2823 tem
748 2776 802 2823 et
860 2768 1284 2825 internecionem
1344 2769 1563 2835 minari,
1624 2770 1809 2826 statim
1865 2771 2154 2828 subdidit:

580 2857 808 2930 PrOptcr
830 2861 969 2915 enim
998 2861 1133 2917 tales
1176 2862 1591 2918 abominationes
1622 2862 1879 2919 Dominus
1917 2866 2161 2919 extermi-

581 2950 730 3006 nabit
761 2951 888 3007 illos
920 2971 952 3007 a
988 2962 1055 3009 te.
1102 2952 1453 3009 Manifestum
1506 2954 1691 3026 itaque
1734 2962 1849 3019 est,
1887 2956 2159 3028 engastri-

581 3042 753 3114 mythi
776 3043 1220 3100 vaticinationem
1261 3060 1387 3100 cum
1432 3046 1647 3102 caeteris
1688 3045 2009 3103 idololatriae
2038 3062 2159 3103 cau-

581 3134 661 3191 sis
703 3133 1055 3205 conjunctam
1084 3152 1225 3195 esse.
1261 3135 1341 3192 Ita
1370 3138 1515 3193 enim
1550 3137 1607 3192 in
1639 3136 1884 3195 febribus
1925 3140 2157 3197 internae
2184 3179 2225 3237 α

580 3226 775 3283 sordes
819 3227 1073 3283 morbum
1130 3229 1449 3293 incendunt,
1504 3229 1839 3302 vitiososque
1898 3235 2155 3291 humores

582 3326 879 3385 exacuunt,
926 3319 1062 3376 adeo
1094 3328 1154 3376 ut
1191 3337 1258 3377 ex
1294 3329 1508 3378 tumore
1561 3334 1617 3381 et
1667 3326 2021 3395 corruptione
2046 3328 2157 3399 ple-

581 3429 814 3484 rumque
848 3421 1053 3483 pestem
1084 3413 1343 3469 inferant.
1382 3413 1445 3468 Et
1496 3415 1623 3471 dum
1675 3425 2046 3488 portentorum
2079 3420 2158 3475 in-

583 3506 894 3576 spectiones
936 3505 1125 3562 tristes
1157 3506 1400 3562 visiones
1429 3509 1666 3573 vocavit,
1699 3526 1821 3580 quae
1864 3526 1960 3580 per
1986 3510 2156 3580 Euga-

582 3595 905 3669 strimythos
958 3596 1114 3652 factae
1161 3596 1394 3653 historia
1448 3598 1760 3663 traduntur,
1792 3600 2044 3670 probavit
2099 3602 2156 3655 in

582 3689 692 3743 illis
720 3687 857 3743 nihil
893 3688 1008 3742 veri
1049 3689 1340 3746 contineri.
1371 3688 1518 3755 Ideo,
1564 3698 1623 3746 ut
1648 3690 1924 3756 existimo,
1961 3707 2156 3748 rursus

580 3781 637 3838 in
658 3781 902 3838 Levitico
937 3781 1266 3837 atrociorem
1302 3789 1493 3838 contra
1514 3798 1609 3839 eos
1635 3783 1961 3840 sententiam
1992 3784 2152 3851 dixit,

581 3874 671 3930 his
727 3874 863 3946 ipsis
910 3873 1095 3931 verbis
1144 3880 1423 3945 peractam
1457 3892 1471 3929 :
1502 3873 1573 3928 Et
1617 3874 1696 3929 vir
1741 3883 1834 3928 aut
1865 3874 2073 3940 mulier,
2107 3876 2155 3930 si

580 3966 715 4037 facti
754 3968 954 4037 fuerint
997 3966 1305 4039 ventriloqui
1340 3968 1419 4022 vel
1465 3969 1826 4023 incantatores
1868 3968 2007 4038 apud
2044 3986 2155 4032 vos,

582 4068 752 4114 morte
817 4061 1165 4125 moriantur;
1235 4059 1501 4130 lapidibus
1563 4061 1686 4118 illos
1752 4061 1957 4116 obruite
2014 4077 2032 4115 :
2082 4062 2158 4116 rei

581 4161 706 4206 sunt
742 4152 813 4208 ⁷⁸.

1573 350 1633 406 S.
1672 347 2047 406 EUSTATHII
2085 350 2393 409 EPISCOP!
2428 351 2848 411 ANTIOCHENI

3649 365 3726 422 66‘

2188 484 2232 540 Α
2259 474 2367 530 τοῦ
2408 474 2557 529 ιὸεῒν
2596 477 2648 529 εἰ
2698 473 2966 545 ἀγαπᾶτε
3017 475 3231 544 Κύριον
3273 475 3373 532 τὸν
3414 479 3552 534 Θεὸν
3586 482 3727 550 ὑμῶν,

2269 567 2407 621 Ἀλλ’
2451 566 2686 621 ἐνταῦθα
2734 566 2834 638 μὲν
2873 567 2970 637 τὴν
3019 567 3180 622 δυάδα
3218 569 3412 642 Πατρός
3452 588 3507 623 τε
3550 572 3628 632 καὶ
3657 574 3727 628 τοῦ

2260 656 2581 729 μονογενοῦς
2611 657 2744 710 Υίοῦ
2772 657 3076 729 παριστῶν,
3105 657 3257 712 ἄλλον
3301 659 3391 729 μὲν
3422 660 3505 713 τὸν
3549 661 3728 732 κπειρὰ-

2256 746 2417 812 ζοντα
2450 744 2653 817 Κύρων
2694 746 2969 816 ὀνομάζει,
3004 746 3158 802 ἄλλον
3191 747 3245 799 δέ
3273 746 3414 819 παρὰ
3448 746 3609 801 τοῦτον
3629 745 3732 808 εἶναι

2255 835 2346 890 τὸν
2372 834 2733 907 ἀγαπώμενον
2770 836 2970 908 Κύριόν
2999 855 3060 890 τε
3097 838 3187 891 καὶ
3212 838 3357 902 Θεὸν,
3390 838 3471 891 ἵνα
3507 838 3563 891 ἐκ
3591 839 3732 905 δυάδος

2255 928 2354 1001 τὴν
2382 928 2511 1000 μίαν
2532 928 2784 1001 ἀποδείξῃ
2819 928 3046 1000 θεότητα
3070 929 3161 983 καὶ
3183 924 3278 1000 τὴν
3309 929 3469 999 ἀληθῆ
3499 927 3733 996 Θεογονίαν.

2256 1023 2322 1077 Et
2357 1022 2415 1076 δὲ
2441 1025 2470 1077 6
2498 1023 2783 1094 προφήτης
2810 1023 3013 1086 ἐκεῖνος
3041 1023 3069 1075 6
3096 1022 3155 1075 τὸ
3192 1022 3406 1092 σημεῖον
3440 1021 3734 1092 ὑποσχόμενος

2257 1115 2292 1187 ἢ
2322 1114 2385 1169 τὸ
2421 1114 2587 1187 τέρας
2614 1111 2889 1178 ὑποδεῖξαι
2929 1112 3272 1166 παντάπασιν
3311 1113 3602 1184 ἀποκριτέος
3635 1115 3737 1177 ἐστὶ,

2255 1205 2335 1277 τῷ
2381 1205 2479 1278 τὴν
2510 1205 2766 1277 ἀθέμιτον
2793 1203 3231 1275 εἰδωλολατρείαν
3258 1203 3582 1274 εἰσηγεῖσθαι,
3613 1204 3739 1275 nivi}

2256 1296 2350 1354 τοῦ
2381 1297 2605 1369 σημείου
2633 1297 2860 1369 δύναμις
2900 1295 3199 1368 ἐνεργοῧσα
3227 1295 3517 1368 προτρέχῃ·
3554 1295 3675 1365 πόσῳ
3695 1295 3742 1365 δὴ

2261 1388 2461 1460 μᾶλλον
2512 1389 2573 1443 οὐ
2615 1388 2722 1461 χρὴ
2769 1388 2979 1459 δαίμονι
3040 1385 3312 1441 πιστεύειν
3368 1385 3743 1456 ἐπαγγελλομένῳ

2256 1481 2436 1553 ψυχὰς
2484 1480 2544 1548 ἐξ
2592 1480 2720 1554 ᾅδου
2772 1479 3226 1552 μεταπέμπεσθαι
3271 1481 3362 1534 καὶ
3405 1479 3651 1550 πνεύματα
3686 1480 3744 1531 δι-

2258 1573 2458 1637 καίων;
2505 1572 2643 1626 Ἀλλ’
2675 1572 2797 1627 οὐδὲ
2825 1572 2957 1643 φαίη
2988 1590 3071 1637 τις
3101 1572 3169 1626 ἂν
3194 1572 3419 1636 ἀσεϐῶν,
3445 1572 3519 1625 ὅτι
3543 1588 3745 1642 μαντευο-

2262 1666 2436 1738 μένων
2467 1665 2691 1720 ἐκείνων
2715 1669 2745 1721 6
2771 1667 2905 1731 Θεὸς
2936 1667 3205 1737 ἀνέστησε
3236 1666 3326 1721 τὸν
3352 1666 3580 1738 Σαμουὴλ
3605 1668 3745 1720 ἐκπει-

2261 1758 2422 1832 ράσαι
2451 1758 2543 1814 τὸν
2572 1759 2755 1814 ἄδικον
2801 1759 3027 1825 ἐθέλων,
3065 1759 3157 1812 ἴνα
3191 1758 3459 1831 ἐπιγράψῃ
3482 1762 3541 1830 τῇ
3567 1758 3643 1812 τοῦ
3665 1758 3746 1811 δαί-

2188 1829 2233 1885 Β
2262 1829 2421 1923 μονος
2450 1850 2752 1922 ἐπαγγελίᾳ
2779 1850 2841 1904 τὸ
2878 1851 3082 1923 δρᾶμα,
3117 1851 3215 1906 καὶ
3243 1829 3332 1904 διά
3358 1829 3503 1923 τῆσδε
3519 1829 3614 1920 τῆς
3647 1868 3746 1921 προ-

2261 1943 2476 2012 φάσεως
2538 1943 2721 2015 ἀπάτῃ
2791 1941 2990 2015 φθείρῃ
3068 1942 3255 2006 τινάς’
3317 1942 3511 2013 ἀνάγκη
3575 1941 3663 2013 γάρ
3704 1941 3746 2004 ἐξ

2260 2034 2497 2098 ἅπαντος
2545 2033 2905 2103 φυλάττεσθαι
2940 2034 3003 2086 τὸ
3044 2034 3150 2105 τῆς
3197 2034 3443 2106 μαντείας
3484 2034 3615 2103 ἄγος,
3650 2034 3745 2095 ὼςό

2259 2125 2554 2198 νομοθέτης
2580 2124 2883 2179 ἐθέσπισενο
2912 2123 3024 2178 ἀλλ’
3058 2125 3124 2178 οὐ
3159 2126 3375 2198 μυσαρά
3403 2143 3479 2189 τις
3503 2126 3675 2195 ἡγεῖται
3698 2123 3745 2176 τά

2257 2215 2359 2287 τῆς
2397 2215 2784 2279 οίωνοσκοπίας
2824 2214 2991 2278 αἴτια,
3022 2215 3126 2269 καὶ
3155 2215 3224 2270 τὰ
3254 2216 3352 2287 τῆς
3390 2214 3746 2288 ἐγγαστριμύθου

2263 2309 2490 2381 μαντεῖα
2517 2308 2611 2361 καὶ
2636 2306 2876 2379 σύμϐολα
2906 2308 3212 2383 κλῃδόνων;
3249 2308 3503 2363 ’Δκουέτω
3521 2308 3618 2371 πῶς
3634 2307 3748 2375 ὀλίγα

2261 2398 2496 2472 πρόσθεν
2521 2399 2764 2471 ὑπερϐὰς
2788 2400 3108 2471 ἐδογμάτισε
3137 2401 3325 2456 πάλιν·
3364 2400 3489 2454 Ἐὰν
3508 2398 3583 2463 δὲ,
3607 2398 3747 2468 φησὶν,

2259 2494 2539 2564 εἰσέλθῃς
2569 2496 2657 2561 είς
2686 2493 2802 2562 τὴν
2838 2492 2956 2565 γῆν
2983 2493 3064 2563 ἢν
3115 2496 3331 2564 Κύριος
3357 2498 3389 2549 ὁ
3421 2494 3550 2560 Θεός
3574 2507 3665 2545 σου
3692 2490 3746 2543 δι’·

2258 2586 2409 2640 δωσί
2432 2601 2551 2650 σοι,
2580 2586 2651 2639 οὐ
2678 2583 2927 2654 μαθήσῃ
2948 2584 3152 2639 ποιεῖν
3170 2585 3319 2640 κατὰ
3347 2585 3414 2640 τὰ
3437 2584 3746 2653 βδελύγματε

2258 2678 2377 2733 τῶν
2421 2678 2611 2736 ἐθνῶν
2655 2678 2901 2733 ἐκείνων
2918 2694 2933 2709 ο
2997 2681 3111 2746 οὐχ
3172 2678 3534 2749 εὑρεθήσεται
3581 2678 3638 2731 ἐν
3674 2674 3743 2727 σοι

2258 2767 2688 2838 περικαθαίρων
2722 2767 2830 2822 τὸν
2871 2766 3007 2822 υἱὸν
3042 2769 3236 2824 αὑτοῦ
3270 2768 3368 2822 καὶ
3391 2768 3496 2838 τὴν
3526 2764 3746 2836 θυγατέρα

2257 2860 2444 2917 αὐτοῦ
2479 2861 2549 2915 ἐν
2593 2860 2758 2930 πυρὶ,
2796 2859 2895 2915 καί
2928 2861 3376 2931 μαντευόμενος
3393 2860 3655 2930 μαντείαν,
3678 2853 3745 2908 καὶ

2257 2947 2775 3021 κλῃδονιζόμενος,
2859 2949 2961 3003 καί
3028 2950 3431 3020 οἰωνιζόμενος
3485 2947 3744 3018 φαρμάκοις

2257 3041 2567 3110 ἐπαοιδήν,
2599 3042 3085 3114 ἐγγαστρίμυθος,
3124 3043 3565 3110 τερατοσκόπος,
3590 3038 3746 3105 exspo-

2258 3135 2378 3190 τῶν
2402 3136 2546 3203 τοὺς
2564 3136 2835 3205 νεκρούς·
2863 3135 2997 3189 ἐστι
3022 3136 3137 3204 γὰρ
3160 3134 3467 3205 ,βδέλυγμα
3486 3133 3644 3200 Κψίφ
3666 3125 3747 3192 πᾶς

2260 3234 2293 3285 ό
2338 3231 2524 3284 ποιῶν
2561 3231 2769 3287 ταῦτα.
2815 3228 2971 3283 Μετά
3008 3227 3174 3283 τοῦτο
3221 3228 3451 3301 μηνύων,
3482 3228 3552 3281 ὃτι
3579 3223 3653 3278 καί
3670 3224 3746 3281 τοῖς

2261 3322 2572 3393 ἀλλογενέσι
2616 3321 2705 3376 διὰ
2748 3320 2922 3376 ταῦτα
2963 3320 3202 3375 θανάτου
3245 3321 3448 3390 γένεσιν
3483 3315 3657 3373 ἀπειλεῖ
3684 3310 3748 3365 nl

2262 3415 2498 3487 φθορὰν,
2545 3415 2824 3486 ἐπήγαγεν
2863 3412 3065 3477 εὐθέως
3090 3431 3107 3445 ⁸
3145 3414 3367 3469 Ἕνεκα
3397 3413 3496 3482 γὰρ
3527 3408 3624 3462 τῶν
3645 3403 3747 3469 ,ϐδε-

2259 3511 2299 3562 λ
2307 3505 2575 3576 υτμάτων
2592 3506 2817 3560 τούτων
2827 3505 3037 3573 Κύριος
3051 3504 3462 3573 ἐξολοθρεύσει
3478 3499 3655 3564 αὐτοὺς
3665 3490 3748 3549 ἀπὸ

2261 3599 2396 3653 σοῦ.
2430 3598 2680 3651 Φαίνεται
2725 3595 2923 3662 τοίνυν,
2967 3596 3042 3659 ὡς
3076 3598 3112 3668 ή
3152 3597 3380 3668 μαντεία
3417 3595 3505 3666 τῆς
3530 3595 3748 3662 ἐγγαστρι-

2266 3688 2435 3760 μύθου
2476 3687 2827 3753 συνέζευκται
2863 3686 3001 3757 μετὰ
3048 3686 3274 3741 πάντων
3302 3685 3430 3754 ὁμοῦ
3462 3684 3556 3738 τῶν
3594 3679 3670 3749 τῆς
3693 3674 3749 3726 εἶ’

2259 3779 2651 3851 δωλολατρείας
2697 3776 2885 3833 αἰτιῶν
2906 3796 2920 3809 ·
2970 3777 3165 3850 ὥσπερ
3203 3780 3263 3835 ἐν
3302 3776 3503 3849 πυρετῷ
3538 3768 3749 3826 exuam»

2260 3872 2468 3928 ἔνδοθεν
2534 3873 2908 3944 ὑποκειμένων
2976 3872 3284 3945 ἐγερτικῶν
3352 3872 3442 3943 μὲν
3489 3859 3748 3938 appositas

2261 3966 2699 4037 ὑπεκκαυμάτων
2731 3966 2788 4019 δὲ
2822 3965 3134 4037 μοχθηρῶν,
3174 3965 3375 4037 οἰδήσει
3405 3962 3488 4015 καὶ
3515 3955 3654 4027 φθορᾷ
3675 3949 3749 4017 τὴν

2261 4056 2479 4130 λυμώδη
2521 4058 2672 4113 νόσον
2714 4057 2973 4111 ἀποκύειν
3006 4055 3305 4112 εἰωθότων.
3339 4057 3399 4109 Εἰ
3426 4054 3474 4108 δὲ
3499 4050 3549 4118 δὴ
3576 4044 3647 4099 καί
3680 4055 3748 4092 τε-

2265 4152 2632 4225 ρατοσκοπίας
2681 4152 2926 4222 ὠνόμασε
2969 4148 3067 4214 τὰς
3107 4151 3357 4222 ἀμειδεῖς
3393 4141 3620 4200 ὀπτασίας.
3646 4134 3742 4185 ὅσαι

582 4245 670 4299 διὰ
696 4245 803 4300 τῶν
833 4247 1286 4319 ἐγγαστριμύθων
1314 4249 1669 4321 ἱστοροῦνται,
1703 4251 2045 4321 συνέστησεν,
2070 4250 2150 4303 ὅτι
2184 4248 2348 4321 μηδέν
2371 4249 2518 4302 ἐστιν
2541 4247 2737 4319 ἀληθὲς
2763 4247 2820 4299 ἐν
2845 4246 3026 4310 αὐτοῖς
3074 4262 3089 4277 ·
3124 4245 3393 4308 ἐντεῦθεν,
3443 4236 3577 4307 οἶμαι,
3616 4227 3744 4281 πάλιν

584 4341 642 4394 ὲν
673 4342 751 4413 τῷ
783 4342 1052 4414 Λευῖτικῷ
1092 4343 1547 4417 σκυθρωποτέραν
1585 4347 1857 4415 ἀπόφασιν
1913 4347 2170 4418 ἐξήνεγκε
2228 4348 2346 4401 κατ’
2380 4345 2577 4410 αὐτῶν,
2612 4341 2907 4413 ἐπαγαγὼν
2948 4342 3130 4405 αὐτοῖς
3165 4344 3394 4414 ῥήμασιο
3442 4334 3529 4392 Kal
3565 4322 3746 4418 ἁνῆρῆ

581 4436 760 4507 γυνὴ,
789 4437 1048 4509 φάμενος,
1075 4437 1152 4493 ἂν
1178 4438 1416 4509 γένηται
1446 4442 1912 4513 ἐγγαστρίμυθος
1938 4443 1977 4512 ἢ
1995 4416 2275 4507 ήὲπαοιδὸς
2327 4443 2399 4497 ἐν
2443 4441 2606 4512 ὑμῖν,
2656 4438 2886 4502 θανάτῳ
2938 4438 3459 4495 θιινατούσθωσαν,
3490 4427 3644 4487 ,λίθοις
3687 4416 3736 4471 λί

583 4536 938 4591 θοϐολίσατε
965 4536 1187 4603 αὐτούς
1204 4553 1219 4567 ’
1251 4536 1455 4607 ἔνοχοί
1480 4540 1662 4594 εἰσιν.

654 4625 826 4683 XXV.
866 4626 1009 4694 Quid
1036 4627 1127 4683 hic
1182 4605 1588 4701 igitur—dicent
1632 4632 1725 4702 qui
1767 4647 1938 4688 novas
1976 4631 2158 4704 Orige-

2330 4627 2496 4683 ΧΧν.
2537 4626 2603 4679 Τί
2654 4623 2833 4677 τοίνυν
2881 4623 3040 4692 φασὶν
3076 4622 3126 4675 οί
3155 4619 3258 4683 τὰς
3311 4612 3582 4704 Ὧριγένους
3614 4605 3750 4704 ἀσπα-

585 4721 675 4779 nis
742 4721 1043 4778 sententias
1119 4720 1525 4791 amplectendas
1599 4738 1720 4779 esse
1788 4724 2160 4780 contendunt?

575 4810 787 4883 bUtrum
810 4809 979 4865 veluti
1002 4806 1369 4878 pessimarum
1409 4811 1608 4866 artium
1635 4823 1952 4882 operatores
1980 4812 2160 4886 Euga-

588 4901 912 4974 strimythos
945 4901 1102 4971 jubet
1151 4903 1351 4967 occidi,
1382 4903 1469 4959 vel
1509 4919 1541 4959 e
1577 4905 1855 4960 contrario
1895 4906 2163 4962 bonorum

587 5013 814 5068 operum
847 4994 1247 5067 praeceptores?
1290 4994 1426 5050 Nam
1488 4996 1535 5052 si
1581 4996 1875 5067 impiorum
1912 5005 2040 5053 sunt
2062 5013 2163 5055 au-

589 5098 771 5147 ctores
794 5070 1124 5153 facinorum,
1143 5087 1267 5158 jure
1292 5088 1469 5160 legum
1507 5089 1647 5144 lator
1667 5089 2039 5155 detestandos,
2071 5091 2165 5161 qui

592 5183 730 5238 nihil
777 5183 891 5240 veri
941 5180 1324 5254 pronuntiant,
1369 5180 1655 5249 eliminat;
1706 5183 1791 5238 sin
1835 5183 2165 5254 optimarum

592 5276 870 5333 actionum
922 5274 1169 5347 magistri
1206 5280 1355 5339 sunt,
1390 5273 1594 5329 frustra
1644 5274 1700 5328 in
1745 5291 1843 5332 eos
1873 5276 1957 5331 lex
1996 5276 2161 5330 anim-

596 5369 848 5423 advertit.
903 5367 1115 5438 Quippe
1165 5368 1212 5424 si
1258 5369 1327 5423 ab
1390 5367 1583 5423 inferis
1653 5367 1865 5424 animas
1924 5369 2166 5424 educunt

594 5473 717 5527 qua:
744 5475 868 5513 cum
911 5460 1018 5513 huc
1046 5459 1367 5517 advenerint
1401 5459 1582 5516 futura
1613 5459 1933 5531 praedicant,
1979 5475 2166 5516 neces-

596 5550 745 5605 saria
776 5549 1143 5620 indigentibus
1186 5553 1393 5608 utiliter
1431 5560 1765 5624 suggerunt;
1801 5552 2004 5623 injuste
2033 5567 2163 5623 ergo

595 5640 874 5713 lapidibus
904 5642 1063 5696 obrui
1090 5644 1467 5701 benefactores
1491 5646 1669 5716 legum
1693 5646 1832 5700 lator
1861 5645 2119 5715 praecepit
2146 5664 2160 5699 :

669 5827 716 5859 '~'
739 5824 898 5880 Deut.
928 5839 1081 5890 xvm,
1121 5824 1262 5880 942.
1328 5825 1372 5858 ⁵³
1391 5824 1557 5882 Leuit.
1599 5843 1690 5891 xx,
1721 5827 1809 5883 27.

2267 4722 2428 4785 στέας
2456 4718 2596 4774 εἶναι
2627 4716 2899 4788 τιθέμενοι
2933 4713 3287 4779 δοξοκοπίας;
3320 4710 3531 4781 Πότερον
3553 4701 3614 4762 ὼς
3646 4691 3751 4765 ἐκθδ

2267 4832 2406 4871 στων
2440 4811 2885 4884 ἐπιτηδευμάτων
2913 4807 3119 4870 αἰτίους
3149 4800 3481 4877 ἀναιρεῖσθαι
3501 4787 3750 4884 προστάττει

2266 4909 2393 4972 τοὺς
2427 4880 2918 4977 ἐγγαστριμύθους,
2955 4901 2989 4973 ἢ
3014 4898 3324 4953 τούναντίον
3351 4895 3423 4957 ὡς
3448 4884 3633 4979 ἀγαθῶν
3658 4880 3748 4979 νῦν

2266 4998 2506 5071 θήμονας
2538 4997 2751 5070 ἔργωνς
2783 4997 2846 5048 Εἰ
2883 4992 2981 5065 μὲν
3018 4987 3111 5045 οὖν
3150 4986 3365 5045 ἀσεϐῶν
3397 4981 3493 5036 εἰσὶ
3527 4977 3745 5071 δραμάτων

2266 5066 2591 5163 αὖξεουργοὶξ
2608 5087 2829 5150 δικαίως
2855 5088 2884 5139 ὁ
2911 5083 3208 5156 νομοθέτης
3236 5077 3518 5167 ἀπελαύνει
3537 5066 3744 5167 coicior

2267 5186 2406 5255 γεῖς,
2437 5157 2587 5235 ούδέν
2619 5177 3069 5248 εἰσαγγέλλοντας
3106 5172 3335 5244 ἀληθές’
3376 5170 3423 5222 εί
3448 5166 3499 5219 δὲ

2269 5250 2489 5347 εὑρεταὶ
2524 5270 2773 5344 πράξεών
2816 5271 2941 5333 είσι,
2967 5266 3243 5339 ,περιττῶς
3283 5267 3311 5319 ὁ
3339 5261 3489 5331 νόμος
3521 5250 3738 5347 adacti“:

2271 5324 2712 5422 iiii-Esaia
2753 5361 2861 5433 γὰρ
2891 5324 3149 5430 ἀγᾶγδυσι
3180 5324 3280 5429 μέν
3322 5353 3379 5421 ἐξ
3536 5324 3737 5445 “Et!

2269 5458 2325 5513 δέ
2345 5456 2734 5528 ἀφικνούμεναι
2765 5455 2923 5528 δεῦρο
2951 5453 3273 5525 κηρύττουσι
3301 5448 3361 5501 τὸ
3389 5433 3721 5528 μέλλον,

2271 5514 2423 5618 ζουσι
2480 5514 2607 5614 τοὺς
2653 5514 2937 5621 δεομένους
2989 5514 3305 5615 ἐπωφελῶςν
3345 5514 3403 5592 οδ
3449 5514 3740 5621 δικαίωξέρέ

2268 5611 2657 5699 λιθοϐολεῖσθαι
2685 5611 2809 5708 τούς
2831 5611 3134 5714 εὐεργέτας
3146 5635 3423 5692 ἐθέσπισεν
3451 5632 3477 5684 ὁ
3503 5611 3740 5695 νομοθέτης
