3962 6202
265 335 383 394 665

1191 334 1282 391 DE
1312 333 1903 393 ENGASTRIMYTHO
1922 334 2200 394 CONTRA
2227 332 2595 392 ORIGENEM.

266 459 422 515 ὥστε
442 459 585 514 δυοῖν
615 459 829 530 ἀνάγκη
860 459 1105 530 θάτερον,
1130 460 1164 531 ἢ
1198 459 1402 523 ταύτας
1432 458 1729 530 ἀχρειῶσαι
1748 458 1807 513 τὰ

1911 460 2025 521 ,ita
2059 465 2120 513 ut
2147 473 2315 514 unum
2355 472 2424 514 ex
2463 456 2679 512 duobus
2724 469 2949 513 necesse
2975 453 3123 512 factu
3159 454 3255 521 sit,
3277 462 3376 511 aut
3404 455 3508 514 has

267 553 483 625 φωνὰς.
516 552 549 624 ἦ
582 551 654 605 τὰ
694 552 795 624 τῆς
840 551 1278 623 ἐγγαστριμύθου
1324 552 1545 622 ῥήματα
1576 549 1807 604 διαδαλει

1947 565 2110 606 voces
2145 558 2406 621 tanquam
2435 548 2657 604 inutiles
2694 548 2954 618 abjicere,
2979 549 3063 605 vel
3088 549 3505 622 engastrimythi

268 645 354 710 ὡς
382 645 521 699 ἐωλα
556 646 652 699 καὶ
685 644 878 716 ψευδῆ.
924 643 1082 699 Ἀλλά
1109 645 1163 699 τί
1190 643 1412 715 φῶμεν;
1458 643 1807 710 Ἀντιδοξοῦσι

1947 643 2109 698 verba
2164 649 2424 714 tanquam
2474 641 2608 697 falsa
2662 648 2822 711 atque
2876 656 3016 695 vana
3056 642 3357 698 criminari.
3397 640 3501 699 Sed

212 723 225 733 ’
267 737 495 802 ἑαυταῖς
524 739 580 791 αί
610 737 751 793 θεῖαι
781 738 991 809 Γραφαί
1014 754 1029 804 ;
1055 740 1175 801 ταῖς
1202 737 1260 791 δὲ
1290 736 1511 801 πολλαῖς
1538 737 1571 807 ἡ
1613 735 1708 807 μία
1742 735 1807 808 μό

1943 736 2073 807 quid
2120 735 2405 792 dicemus?
2434 734 2754 807 Pugnantne
2798 734 2941 789 inter
2969 751 3027 792 se
3064 750 3231 791 sacrae
3277 736 3506 792 littere?

263 845 425 899 χεται
465 828 686 901 ψῆφοςς
730 829 793 883 Εί
838 830 883 883 δ’
927 830 1039 901 ἀρα
1075 829 1170 883 καὶ
1214 828 1360 899 μάχη
1400 828 1484 891 τίς
1522 829 1690 892 ἐστιν,
1721 828 1843 879 ἐπι-

257 918 537 992 κρατοῦσι
586 919 799 975 πολλαί.
839 920 951 974 Καὶ
1003 920 1109 992 μὴν
1148 922 1212 974 ἐκ
1242 920 1352 974 τῶν
1383 917 1640 972 ἐναντίων
1668 916 1840 981 οὕτως

253 1011 533 1085 ὁμοφὼνῳ
577 1012 794 1084 συνοδίᾳ
823 1011 1289 1083 καταψηφίζονται
1319 1011 1429 1066 τῶν
1470 1009 1837 1082 ἐγγαστριμύ-

256 1103 375 1160 θων
403 1107 480 1171 ὡς
507 1106 697 1161 ἀνόσια
726 1106 989 1179 δρῶνται·
1032 1106 1185 1161 οὐδὲν
1210 1103 1374 1180 ἦττον
1407 1105 1486 1160 ἐτι
1517 1108 1622 1161 κάν
1653 1109 1718 1179 τῇ
1746 1123 1835 1160 τε-

252 1197 438 1273 τάρτῃ
479 1198 588 1253 τῶν
614 1198 915 1254 Βασιλειῶν
952 1199 1346 1272 ἀνειλημμένον
1383 1201 1554 1265 ἐστὶν,
1602 1200 1685 1254 ὅτι
1712 1201 1838 1254 Μα-

250 1290 467 1362 νασσῆς
499 1289 598 1361 μὲν
632 1290 888 1354 ἀσεϐείας
919 1290 1189 1363 ὑπερϐολῇ
1218 1291 1354 1363 πρὸς
1386 1287 1470 1356 οἷς
1509 1290 1835 1345 ἐδικαιοκτό-

249 1397 360 1444 νει,
407 1382 503 1435 καὶ⁸
532 1381 793 1447 παντοίας
820 1366 1154 1456 ἐθρήσκευεν
1197 1382 1633 1456 είδωλομόρφους
1679 1382 1830 1446 ὔλας*

262 1469 587 1538 Ἐποίησεν
642 1470 855 1539 ἐαυτῷ,
918 1472 1103 1544 φησὶν,
1161 1472 1668 1544 ἐγγαστριμύθους
1732 1472 1833 1528 καὶ

245 1562 559 1633 τνώσταςο
607 1564 978 1637 ἀντιστρόφως
1017 1564 1065 1618 δ’
1114 1560 1180 1619 αὖ
1215 1563 1377 1620 πάλιν
1419 1567 1449 1618 ό
1488 1563 1831 1635 δικαιοσύνης

244 1654 423 1727 ἀρετῇ
471 1654 779 1728 διαπρέψας
834 1657 1046 1721 Ἰωσίας
1089 1658 1119 1711 ὁ
1171 1655 1423 1727 βασιλεὺς
1468 1655 1684 1711 ᾶπαντα
1730 1654 1828 1726 μὲν

242 1745 388 1819 ὁμοῦ
429 1746 500 1801 τὰ
536 1748 889 1820 χειρότευκτα
922 1748 1171 1804 καθεῖλεν
1201 1747 1570 1820 ἀφιδρύματα,
1613 1748 1745 1819 πυρὶ
1769 1747 1826 1801 δέ

1942 838 2012 878 an
2051 839 2158 879 una
2189 825 2457 880 sententia
2494 825 2682 880 multis
2711 824 3068 880 adversatur?
3097 823 3154 879 Si
3182 840 3301 896 qua:
3321 833 3503 883 tamen

1940 917 2084 972 inter
2126 931 2221 973 eas
2278 915 2649 972 controversia
2695 923 2812 981 est,
2861 916 3058 986 potiori
3115 931 3303 973 eorum
3358 919 3501 989 parti

1938 1011 2119 1083 palma
2158 1009 2339 1065 danda
2390 1016 2496 1064 est.
2557 1005 2623 1062 Et
2669 1015 2847 1064 tamen
2910 1010 3197 1063 contrariae
3247 1011 3501 1067 omnibus

1937 1102 2225 1160 sententiis
2298 1100 2355 1155 in
2415 1099 2966 1172 engastrimythorum
3027 1100 3495 1169 condemnatione,

1934 1202 2194 1266 tanquam
2223 1207 2413 1249 eorum
2451 1192 2544 1263 qui
2590 1192 2756 1262 impie
2783 1200 2970 1262 agunt,
3003 1205 3353 1250 concurrunt.
3385 1196 3498 1253 Nec

1934 1285 2117 1341 minus
2149 1294 2407 1356 praeterea
2436 1284 2493 1338 in
2518 1293 2716 1355 quarto
2741 1284 2946 1356 Regum
2981 1287 3207 1342 relatum
3243 1296 3349 1354 est,
3382 1288 3500 1345 Ma-

1933 1392 2152 1432 nassem
2181 1377 2477 1447 impietatis
2504 1392 2755 1442 excessu,
2792 1385 2988 1447 praeter
3011 1378 3282 1447 justorum
3308 1396 3494 1449 neces,

1932 1466 2185 1522 omnibus
2232 1468 2395 1521 rebus
2437 1481 2556 1537 qua:
2588 1466 2730 1522 idola
2762 1482 2874 1538 pra:
2932 1484 2991 1524 se
3028 1467 3274 1524 ferebant
3320 1471 3492 1528 servi-

1930 1555 2075 1614 visse
2109 1578 2122 1613 :
2159 1557 2310 1613 Fecit
2338 1557 2441 1613 sibi
2474 1559 2597 1627 ipsi,
2632 1558 2707 1613 ait
2728 1558 2794 1624 ",
2826 1560 3268 1630 engastrimythos
3293 1569 3343 1615 et
3363 1577 3495 1633 gno-

1929 1659 2065 1706 διεδ.
2104 1649 2180 1705 Ex
2214 1651 2387 1706 altera
2437 1666 2566 1706 vero
2611 1660 2788 1723 parte,
2836 1650 2930 1721 qui
2969 1650 3196 1721 justitiaa
3235 1652 3395 1710 laude
3426 1654 3493 1708 il-

1929 1740 2088 1805 luxit,
2120 1739 2300 1797 Josias
2334 1757 2430 1797 rex
2471 1755 2661 1798 omnes
2705 1741 2868 1796 simul
2902 1738 3243 1797 manufactas
3282 1750 3491 1798 statuas

240 1807 571 1909 τεφρώσας.
591 1807 885 1909 ἠφάνισεν·
927 1840 988 1895 οὐ
1041 1839 1148 1913 μὴν
1177 1807 1315 1895 ἀλλά
1336 1807 1419 1909 ’γὲ
1452 1807 1588 1913 πρὸς
1614 1807 1807 1903 τούτοις

1927 1834 2191 1904 dejectas,
2225 1835 2350 1905 igne
2381 1844 2733 1904 consumptas
2765 1833 2985 1890 delevit.
3024 1829 3172 1889 lnter
3196 1840 3393 1890 caetera
3433 1842 3491 1891 et

235 1928 517 2000 ἀφεῖλεν,
568 1930 673 2004 ἔφη
694 1973 710 1998 ,
766 1933 908 2000 τοὺς
949 1933 1455 2004 ἐγγαστριμύθους
1477 1972 1493 1997 ,
1538 1931 1636 1986 καὶ
1679 1931 1821 1998 τοὺς

236 2024 540 2093 τνώστας,
584 2025 685 2080 καὶ
740 2026 814 2082 τὰ
845 2025 1115 2096 θεραφὶμ,
1164 2026 1262 2079 καί
1310 2025 1384 2080 τὰ
1432 2023 1672 2088 εἴδωλα,
1721 2025 1820 2080 καὶ

235 2114 317 2169 τὰ
367 2118 715 2185 καρασαείν·
775 2113 894 2172 εἶτα
952 2118 1046 2172 καὶ
1112 2118 1231 2189 μετ’
1297 2114 1453 2184 ὀλίγα
1497 2115 1682 2187 φησὶν,
1734 2118 1818 2171 δτι

235 2203 337 2258 καὶ
360 2205 742 2277 ἐνεπύρισεν,
769 2208 845 2273 ὡς
879 2207 1113 2280 ἀθέμιτα
1157 2205 1379 2277 δηλαδή.
1411 2205 1709 2277 Τοιγαροῦν
1741 2205 1818 2260 εῐ-

236 2314 351 2369 περ
379 2301 408 2352 ὁ
455 2300 620 2366 αὐτός
662 2302 779 2355 ἐστι
811 2301 1164 2373 συγγραφεὺς
1204 2298 1465 2370 ἐκατέρου
1512 2298 1605 2353 τοῦ
1638 2300 1819 2372 γράμ-

239 2407 432 2461 ματος,
477 2393 709 2448 ἐνταῦθα
748 2394 806 2447 δέ
836 2393 931 2447 δύο
960 2393 1228 2466 πρόσωπα
1261 2390 1492 2462 βιολογεῖ
1533 2390 1812 2462 βασιλέων,

228 2478 358 2536 εἶτα
399 2485 611 2539 τούτοιν
633 2485 695 2539 τὸ
726 2487 824 2557 μὲν
852 2485 1036 2541 ἄδικον
1063 2487 1271 2556 εἰσάγει
1301 2486 1406 2560 [ὅτι
1448 2486 1606 2562 πρὸς]
1633 2488 1812 2554 ἄλλοις

219 2576 413 2631 εἵλετο
437 2578 533 2631 καὶ
564 2576 673 2632 τῶν
696 2577 1169 2650 ἐγγαστριμύθων,
1198 2578 1260 2633 τὸ
1282 2579 1339 2633 δὲ
1362 2579 1507 2652 ζήλῳ
1525 2579 1811 2651 διεγηγερμ-

224 2671 401 2741 μὲνον
437 2671 667 2734 ἐπαινεῖ,
702 2669 782 2741 τῷ
817 2671 911 2725 καὶ
947 2671 1073 2736 τοὺς
1113 2671 1580 2744 ἐγγαστριμύθους
1620 2671 1808 2741 ἐξᾶραι

218 2762 373 2833 πρὸς
412 2762 584 2816 ἀπασι
620 2765 734 2827 τοῖς
777 2761 1011 2834 ἐχθροῖς.
1043 2764 1107 2817 El
1150 2763 1207 2817 δὲ
1239 2763 1414 2818 ταῦτα
1456 2762 1627 2827 οὕτως
1673 2763 1805 2834 ἔχει,

221 2853 585 2924 συνέστηκεν,
624 2853 705 2906 ὅτι
736 2854 835 2925 οὐχ
873 2853 1050 2926 ἐαυτῷ
1086 2854 1395 2927 μαχομένας
1425 2852 1653 2920 ἐξεδίδου
1695 2872 1808 2924 φω-

214 2943 348 3008 νάς.
391 2944 516 2997 Οὐδ’
551 2940 618 2998 αὖ
652 2944 713 2998 τὸ
740 2943 964 3016 Πνεῦμα
994 2945 1056 3000 τὸ
1082 2947 1236 3015 ἅγιον
1273 2945 1511 3015 ἔφασκεν
1539 2945 1806 3017 ἀναϐεϐη-

214 3036 389 3089 κέναι
430 3036 524 3089 τὺν
567 3035 841 3108 Σαμουὴλ,
884 3036 1019 3090 ἀλλὰ
1055 3039 1183 3102 τοὺς
1228 3038 1328 3109 τῆς
1366 3038 1802 3109 ἐγγαστριμύθου

214 3130 467 3201 διηγεῖτο
493 3128 704 3199 λόγους,
738 3129 813 3194 ὡς
855 3128 991 3201 ᾤετο
1027 3130 1121 3184 καὶ
1163 3131 1224 3184 τὸ
1271 3131 1447 3185 δοκεῖν
1492 3132 1803 3203 ἐκόμπαζεν
1831 3171 1874 3229 C

216 3223 415 3292 ἐκείνη
458 3223 940 3292 φαντασιοκοπίαις
990 3223 1370 3296 ἀναπτεροῢσα
1415 3224 1507 3279 τὸν
1539 3224 1805 3297 δυνάστην

212 3314 461 3386 ἀδήλοις
513 3315 574 3368 ού
609 3316 718 3387 γὰρ
760 3314 826 3369 ἂν
863 3314 1042 3387 ἐαυτῷ
1073 3317 1166 3369 καὶ
1193 3317 1312 3379 ταῖς
1349 3315 1536 3380 ἄλλαις
1565 3316 1804 3382 ἀπάσαις

217 3407 463 3478 ἐμάχετὸ
490 3424 607 3471 πως
634 3407 896 3480 Γραφαϊς.
938 3405 1076 3460 Ἀλλ’
1105 3407 1226 3478 οὐχὶ
1262 3408 1421 3479 μόνον
1451 3402 1610 3462 αὗται
1635 3407 1803 3463 ταῦτα

216 3494 593 3567 διελέγχουσιν
636 3498 693 3549 αἱ
740 3497 945 3567 ῥήσεις,
992 3496 1108 3549 ἀλλ’
1137 3496 1217 3549 ἔτι
1247 3513 1311 3566 γε
1356 3496 1565 3562 τούτοις
1603 3499 1803 3571 ἐπιψη-

218 3586 447 3657 φίζεται
493 3587 587 3639 καὶ
638 3585 847 3657 μάρτυς
887 3585 1043 3650 ἄλλος
1088 3585 1403 3657 ἀξιοφανὴς,
1448 3588 1478 3639 ό
1519 3588 1802 3659 προφήτης

228 3679 487 3744 Ἡσαΐας,
520 3681 599 3752 πὴ
630 3681 728 3747 μὲν
761 3679 1120 3753 ἀπαγορεύων
1163 3681 1231 3735 τὰ
1275 3680 1452 3735 τοιάδε
1508 3680 1676 3751 μύση,
1723 3682 1800 3754 πη

212 3771 276 3827 δέ
309 3772 591 3845 παραινῶν
628 3773 891 3845 ὀρθότατα
930 3776 1044 3838 τοῖς
1083 3772 1344 3846 ὑπηκόοις
1383 3773 1533 3845 αὐτῷ
1561 3774 1795 3829 κελαδεῖ·

216 3862 333 3917 Καὶ
365 3862 477 3916 ἐὰν
511 3862 723 3917 εἴπωσι
772 3863 921 3931 πρὸς
959 3863 1133 3935 ὑμᾶς’
1174 3863 1484 3933 Ζητήσατε
1523 3866 1666 3934 τοὺς
1704 3867 1799 3937 ἐγ-

212 3957 681 4028 γαστριμύθους,
708 3955 803 4011 καὶ
828 3956 972 4022 τοὺς
1000 3955 1119 4010 ἀπὸ
1148 3955 1261 4025 τῆς
1289 3956 1404 4026 γῆς
1427 3958 1793 4027 φωνοῦντας,

208 4047 368 4114 τοὺς
386 4046 879 4118 κενολογοῦντας,
907 4047 963 4100 οἳ
984 4047 1053 4101 ἐκ
1081 4046 1191 4116 τῆς
1214 4049 1444 4115 κοιλίας
1467 4050 1793 4118 φωνοῦσινη

209 4142 362 4210 οὐχί
386 4142 561 4210 ἔθνος
584 4141 732 4211 πρὸς
757 4142 923 4195 Θεόν.
954 4136 1087 4195 Εἶτά
1108 4159 1158 4194 τι
1184 4141 1324 4212 μετά
1342 4142 1515 4196 ταῦτα
1541 4143 1797 4216 προσθεὶς

211 4235 497 4307 ἐπιφέρειθ
546 4237 609 4290 Τί
667 4234 1037 4303 ἐκζητοῦσιν,
1081 4235 1206 4307 ἔφη,
1242 4235 1375 4303 περὶ
1420 4234 1537 4290 τῶν
1569 4235 1797 4298 ζώντων

214 4330 370 4396 τοὺς
418 4330 704 4398 νεκρούς;
742 4331 943 4399 Νόμον
971 4328 1083 4398 γὰρ
1114 4331 1200 4395 εὶς
1230 4328 1519 4396 ,βοήθειαν
1551 4329 1792 4397 ἔδωκεν,

211 4423 327 4478 ινα
354 4422 605 4476 εἷπωσιν
635 4424 748 4491 οὐχ
777 4422 857 4488 ὡς
887 4420 953 4475 τὸ
975 4420 1141 4490 ῥῆμα
1170 4419 1367 4484 τοῦτο,
1401 4420 1536 4489 περὶ
1574 4417 1645 4476 οὗ
1683 4422 1795 4475 οὐκ

1926 1924 1983 1980 id
2011 1934 2310 1980 memoratu
2339 1925 2561 1997 dignum
2604 1926 2715 1997 egit
2741 1944 2755 1978 :
2790 1925 3043 1991 Sustulit,
3068 1926 3242 1996 inquit
3262 1927 3331 1996 ⁷⁸,
3375 1943 3491 1983 vcn-

1925 2017 2204 2090 triloquos,
2234 2026 2284 2073 et
2310 2027 2548 2089 gnostas,
2579 2029 2630 2074 et
2653 2018 2968 2089 therapltim,
2986 2025 3037 2073 et
3066 2017 3233 2085 idola,
3251 2028 3303 2074 et
3332 2035 3488 2072 cara-

1923 2111 2060 2167 saim
2089 2126 2110 2165 :
2138 2119 2192 2168 et
2221 2112 2414 2183 paucis
2439 2111 2765 2182 interiectis,
2787 2129 2850 2167 ea
2870 2112 3173 2177 combussit,
3198 2110 3295 2177 ait,
3318 2110 3486 2167 veluti

1922 2201 2148 2259 nefaria.
2205 2201 2390 2273 Itaque
2431 2204 2480 2261 si
2511 2204 2798 2275 utriusque
2846 2204 3162 2275 scriptionis
3203 2217 3348 2259 unus
3398 2209 3487 2259 est

1920 2301 2133 2364 auctor,
2180 2295 2237 2352 in
2282 2296 2483 2367 quibus
2527 2297 2758 2352 duorum
2817 2311 3005 2368 regum
3052 2296 3193 2353 vitas
3239 2294 3481 2367 scripsit,

1919 2385 2114 2441 horum
2155 2388 2388 2444 alterum
2422 2387 2686 2459 iniustum
2723 2386 2896 2443 fuisse
2950 2387 3047 2452 ait.
3096 2386 3241 2458 quod
3284 2394 3483 2457 praeter

1917 2480 2023 2534 alia
2046 2481 2416 2553 ventriloquos
2444 2481 2741 2548 induxerit,
2776 2483 3006 2538 alterum
3027 2480 3279 2536 laudibus
3314 2479 3484 2535 extol-

1915 2572 1979 2626 lit
2007 2573 2152 2643 quod
2180 2574 2367 2631 divino
2390 2575 2507 2631 zelo
2534 2575 2803 2630 excitatus
2825 2575 3193 2645 ventriloquos
3232 2587 3343 2644 pra
3368 2586 3483 2628 om-

1914 2664 2077 2720 nibus
2126 2665 2365 2723 inimicis
2391 2666 2670 2723 deleverit.
2704 2665 2830 2721 llaec
2858 2667 2905 2723 si
2947 2666 3021 2721 ita
3050 2682 3108 2721 se
3131 2665 3350 2729 habent,
3379 2677 3480 2734 pa-

1914 2762 1990 2812 tet
2042 2772 2155 2813 non
2199 2760 2302 2816 sibi
2353 2759 2707 2816 adversantes
2750 2773 2911 2814 voces
2960 2758 3233 2815 emisisse.
3289 2755 3475 2827 Neque

1914 2850 2152 2925 Spiitus
2170 2862 2395 2911 sanctus
2422 2854 2650 2912 dixisset
2671 2852 2976 2911 Samuelem
3018 2852 3351 2918 ascendisse,
3380 2853 3473 2907 sed

1909 2946 2322 3018 engastrimythi
2367 2945 2636 3002 referebat
2689 2961 2992 3011 sermones,
3039 2946 3210 3012 illam,
3262 2943 3340 2999 uti
3372 2943 3477 3003 sibi

1910 3038 2195 3094 videbatur
2226 3049 2389 3110 atque
2420 3039 2765 3111 Opinabatur,
2810 3040 3096 3111 magniﬁce
3127 3055 3186 3095 se
3212 3037 3472 3109 jactasse,

1908 3131 2141 3200 spectris
2174 3145 2295 3199 qua;
2329 3138 2541 3185 tantum
2580 3130 2969 3202 imaginatione
3000 3130 3235 3187 obscure
3275 3129 3473 3204 depre-

1909 3221 2307 3286 hendebantur,
2350 3237 2533 3293 regem
2580 3237 2678 3293 spe
2730 3223 2872 3278 bona
2924 3212 3475 3299 extollendiaNeque

1908 3314 2055 3368 enim
2084 3311 2301 3368 sibimet
2344 3312 2449 3383 ipsi
2479 3313 2709 3383 aliisque
2740 3311 3040 3386 Scripturis
3095 3317 3348 3375 omnibus
3376 3318 3474 3374 ad-

1907 3411 2237 3460 versaretur.
2293 3402 2481 3475 Neque
2534 3413 2745 3459 tantum
2807 3407 2891 3460 hae
2944 3408 3301 3466 auctoritates
3364 3410 3471 3467 ista

1907 3496 2189 3562 damnant,
2219 3496 2312 3553 sed
2342 3505 2540 3568 praeter
2579 3497 2680 3552 bas
2713 3496 2855 3553 alius
2889 3499 3016 3554 item
3068 3499 3228 3555 testis
3258 3499 3361 3557 (ide
3388 3501 3472 3558 di-

1906 3604 2047 3660 gnus
2074 3588 2244 3645 Isaias
2278 3588 2566 3659 propheta,
2598 3588 2867 3644 calculum
2902 3588 3071 3644 addit.
3113 3588 3215 3644 Hic
3253 3591 3469 3661 quidem

1906 3680 2113 3736 similes
2160 3679 2594 3735 abominationes
2646 3687 2963 3737 exsecratus
3016 3681 3129 3735 haec
3173 3680 3375 3747 subdit,
3411 3690 3472 3736 ut

1906 3773 1982 3828 ita
2021 3774 2279 3839 sentiant,
2310 3773 2613 3829 rectissime
2665 3773 2982 3830 adhortatus
3018 3792 3032 3828 ε
3070 3772 3138 3828 Et
3169 3775 3215 3828 si
3238 3773 3470 3828 dixerint

1904 3863 2046 3918 vobis
2068 3881 2088 3918 :
2113 3863 2344 3931 Quwrite
2392 3864 2762 3936 ventriloquos,
2785 3876 2833 3921 et
2868 3883 2955 3922 eos
2984 3870 3074 3939 qui
3119 3888 3152 3924 a
3179 3880 3321 3926 terra
3363 3870 3470 3926 cla-

1903 3968 2071 4023 mant,
2100 3959 2191 4028 qui
2224 3975 2353 4014 vane
2387 3960 2692 4030 loquuntur,
2740 3962 2821 4016 cel
2851 3980 2879 4017 e
2908 3972 3082 4017 ventre
3120 3965 3335 4019 dicunt:
3364 3982 3470 4021 non

1900 4062 1981 4108 est
2037 4068 2161 4123 gens
2199 4050 2270 4106 ad
2313 4052 2502 4108 Deum.
2556 4052 2760 4121 Deinde
2810 4056 3000 4126 paucis
3058 4057 3293 4114 additis:
3328 4058 3466 4125 Quid

1901 4153 2143 4216 quarunt
2168 4143 2232 4199 de
2279 4146 2405 4200 vivis
2443 4148 2722 4201 mortuos?
2749 4145 2931 4219 Legem
2971 4149 3154 4220 quippe
3201 4151 3259 4204 in
3314 4152 3467 4205 auxi-

1901 4236 2033 4291 lium
2088 4236 2250 4303 dedit,
2294 4245 2354 4290 ut
2382 4235 2584 4302 dicant,
2616 4254 2719 4292 non
2774 4239 2850 4292 sic
2879 4248 2938 4293 ut
2973 4240 3185 4294 verbum
3223 4240 3338 4309 hoc,
3368 4259 3464 4313 pro

1900 4346 2002 4399 quo
2023 4338 2227 4384 nonest
2259 4327 2388 4383 dare
2428 4346 2647 4384 munera
2674 4344 2769 4399 pro
2806 4348 2865 4385 eo
2891 4332 2958 4398 ⁷⁸,
2990 4332 3135 4386 clara
3169 4343 3467 4405 sanctaque

1899 4436 2034 4477 voce
2091 4436 2264 4492 genus
2318 4435 2479 4476 omne
2536 4422 3004 4493 ventriloquorum
3033 4424 3285 4493 explosit.
3319 4425 3383 4479 Et
3414 4425 3464 4481 sl

212 4516 356 4572 ἐστι
393 4512 550 4581 δῶρα
595 4513 824 4567 δοῦναι·
862 4511 1110 4584 προδήλῳ
1151 4512 1248 4583 μὲν
1280 4512 1569 4584 ἱεροφωνίᾳ
1599 4512 1660 4565 τὸ
1687 4512 1795 4566 τῶν

1911 4515 2315 4593 vaniloquorum
2364 4515 2596 4571 similem
2641 4531 2961 4572 consessum
2992 4516 3308 4587 declaravit,
3343 4521 3464 4577 sine

215 4606 677 4678 ἐγγαστριμύθων
723 4605 1035 4680 ἀπεκήρυξε
1076 4605 1249 4675 γένος.
1290 4606 1353 4658 Εἰ
1394 4605 1450 4659 δὲ
1496 4604 1793 4674 κενολόγων

213 4698 470 4768 ἀπέφηνε
500 4698 559 4751 τὸ
586 4698 794 4753 τοιοῦτο
833 4698 1126 4770 συνέδριον,
1168 4696 1549 4767 ἀναμφιλόγως
1580 4694 1793 4749 ἀπέδει-

216 4787 333 4853 ξεν,
372 4790 454 4843 δτι
496 4790 699 4844 τούτων
739 4790 889 4845 οὐδὲν
927 4790 1101 4854 οὐδεὶς
1151 4788 1493 4842 οὐδεπώποτε
1537 4786 1684 4856 λέγει
1729 4787 1791 4841 τὸ

214 4882 483 4952 παράπαν
544 4882 761 4954 ἀληθὲς,
813 4882 950 4937 ἀλλὰ
1006 4880 1353 4955 ψευδηγορίᾳ-
1400 4882 1497 4952 μὲν
1544 4879 1792 4949 ύποκένῳ

214 4970 512 5025 πλάττουσι
554 4972 652 5043 τὴν
690 4972 926 5045 ἀπάτην,
971 4973 1121 5044 ἐώλῳ
1156 4975 1213 5028 δὲ
1253 4971 1534 5043 κενολογίᾳ.
1566 4970 1789 5040 φενακί-

214 5061 374 5127 ζουσι
421 5065 549 5128 τοὺς
590 5065 841 5137 ἀμαθεῖς.
884 5066 1047 5119 Ὅθεν
1085 5065 1393 5128 ἀκολούθως
1434 5065 1789 5117 ἐπέσκωπτεν

212 5157 448 5221 ἐκείνοις
479 5159 592 5211 ὅσοι
612 5157 864 5230 περὶτῶν
887 5157 1101 5223 ζώντων
1125 5158 1367 5231 ἐρωτῶσι
1390 5159 1514 5221 τοὺς
1540 5156 1786 5228 νεκρούς*

214 5247 374 5301 αὐτοὶ
402 5248 532 5320 γὰρ,
561 5250 671 5303 ὅλοι
703 5250 886 5322 νεκροὶ
910 5249 1003 5303 καὶ
1033 5250 1198 5322 πηροὶ
1218 5249 1593 5320 τυγχάνοντες,
1615 5249 1667 5300 οἱ
1694 5265 1788 5301 κε-

212 5339 428 5409 νολόγοι
456 5341 553 5405 τὰς
600 5341 707 5395 τῶν
737 5341 944 5414 νεκρῶν
989 5340 1390 5395 ύποτυποῦνται
1428 5339 1787 5394 διακονεῖσθαι

218 5433 403 5501 φωνάς
422 5449 436 5463 ⁸
458 5434 556 5487 όδέ
579 5436 860 5508 προφήτης
891 5434 1301 5507 ἐπεμαρτύρετο
1335 5433 1492 5504 βοῶν,
1516 5435 1597 5487 ὅτι
1624 5434 1786 5504 νόμος

217 5521 466 5593 ἀρραγὴς
495 5522 737 5577 ἔκκειται
756 5525 1122 5595 περὶτούτων,
1142 5526 1228 5579 ἵνα
1257 5525 1331 5597 μὴ
1357 5526 1496 5580 κατά
1507 5526 1632 5590 τοὺς
1652 5527 1785 5579 ἁπο-

220 5613 620 5685 φθεγγομένους
650 5615 931 5688 ὑπαχθῶσι
967 5618 1345 5688 κουφολογίαις
1374 5614 1559 5683 ἐώλοις
1577 5636 1590 5649 ·
1619 5620 1782 5691 ἀκρο-

212 5814 221 5835 .
287 5770 330 5802 ⁷⁸
362 5768 449 5824 Ῑν
472 5768 599 5835 Rea.
625 5787 738 5835 ιιι,
772 5772 823 5830 6.
899 5776 943 5808 ⁷⁵
976 5773 1060 5830 IV
1092 5773 1215 5838 Rea.
1243 5791 1398 5836 xuii.
1430 5775 1523 5831 ει.

1897 4607 2063 4663 dubio
2088 4608 2481 4663 demonstravit
2506 4608 2699 4663 horum
2726 4610 2997 4665 neminem
3029 4611 3191 4665 ullam
3221 4629 3462 4685 unquam

1897 4701 2120 4754 omnino
2160 4698 2406 4771 proferre
2442 4700 2748 4767 veritatem,
2776 4702 2870 4758 sed
2921 4704 3240 4769 mendaciis,
3286 4706 3462 4778 iisque

1898 4791 2175 4857 inanibus,
2210 4792 2437 4864 ingestis
2490 4793 2708 4849 fraudes
2756 4809 3101 4865 componere,
3155 4797 3366 4868 levique
3394 4815 3459 4856 ac

1897 4882 2092 4939 frivolo
2124 4900 2375 4942 sermone
2420 4887 2657 4941 indoctis
2686 4886 2983 4958 imponere.
3023 4888 3199 4954 Quare
3233 4906 3342 4945 non
3382 4892 3461 4946 in-

1897 4990 2137 5044 congrue
2163 4977 2271 5033 illis
2301 4979 2664 5049 exprobrabat
2695 4981 2788 5050 qui
2818 4980 2886 5036 de
2915 4982 3057 5037 vivis
3093 4991 3337 5040 mortuos
3369 4984 3457 5038 in-

1897 5076 2195 5139 terrogant.
2226 5068 2332 5140 Ipsi
2362 5071 2508 5125 enim
2535 5072 2834 5141 vaniloqui,
2874 5088 2996 5126 cum
3038 5074 3236 5129 mortui
3265 5076 3373 5130 sint
3401 5082 3457 5131 et

1892 5160 2047 5223 caeci,
2070 5169 2405 5216 mortuorum
2433 5177 2593 5218 voces
2614 5163 2826 5220 deferre
2856 5181 2914 5221 se
2940 5166 3218 5221 simulant.
3252 5167 3456 5224 Contra

1892 5263 2031 5318 quos
2057 5250 2425 5306 testimonium
2448 5253 2663 5308 dicebat
2691 5255 2954 5325 propheta
2982 5257 3244 5322 clamans,
3280 5258 3451 5330 legem

1887 5342 2003 5412 jam
2036 5342 2104 5397 de
2125 5342 2212 5398 bis
2240 5342 2409 5400 fuisse
2438 5346 2623 5411 latam,
2659 5362 2727 5401 ne
2770 5346 2920 5401 inani
2951 5348 3222 5404 sermonis
3249 5348 3452 5406 dicaci-

1893 5440 2003 5487 tate
2032 5433 2426 5502 subducantur,
2455 5436 2908 5506 quemadmodum
2937 5445 2991 5493 et
3037 5438 3091 5492 hi
3135 5437 3230 5510 qui
3264 5441 3449 5496 talium

1889 5542 2071 5582 rerum
2115 5537 2244 5583 sunt
2287 5538 2560 5587 auctores.
2622 5529 2717 5585 Est
2765 5531 2910 5587 enim
2960 5531 3270 5591 ﬁrmissima
3315 5535 3452 5608 legis

1887 5617 2157 5683 custodia,
2193 5619 2413 5677 cmleste
2432 5622 2693 5678 auxilium
2732 5623 3044 5696 implorare,
3073 5633 3128 5681 et
3160 5640 3269 5684 non
3297 5643 3329 5685 e
3365 5642 3452 5685 re-

1596 5778 1642 5808 "
1684 5776 1800 5832 lsa.
1827 5793 1945 5838 vm.
1980 5776 2068 5838 l9.
2098 5775 2183 5834 20.
