3962 6202
270 397 382 454 669

1188 395 1273 446 DI‘.
1313 388 1902 447 ERGASTBIMYTHO
1939 387 2218 445 CONTRA
2252 386 2626 445 ORIGENEM.

3402 388 3507 442 οτο

271 516 489 588 δργανα
527 511 818 576 θεσπίζων,
858 507 1040 565 ἀσεϐεῖ
1078 509 1135 565 δὲ
1166 510 1393 582 μαντείᾳ
1431 510 1700 582 δαιμόνων
1720 510 1844 569 ἐπι-

1951 506 2120 579 giaria
2165 506 2475 563 daemonum
2527 503 2918 561 vaticinatione
2966 502 3285 560 obtrudunt.
3325 502 3508 573 Ipsum

274 605 515 662 πυλῶν.
546 604 618 657 οὐ
651 602 828 657 πείθει
857 602 914 656 δὲ
948 603 1108 657 αὑτὸν
1136 601 1255 655 ούδὲ
1295 602 1355 655 τὸ
1388 601 1638 655 σύνθετον
1673 601 1844 673 δνομα

277 697 531 768 ποταπὴν
567 696 677 768 ἔχει
729 695 1027 768 διαγωγήν,
1082 695 1148 749 Ἦ
1188 694 1296 768 γὰρ
1342 694 1842 765 Ἐτγαστρίμυθος

274 791 636 865 ἑρμηνεύεται
666 788 819 864 παρὰ
849 788 914 843 τὸ
938 788 1134 859 μῦθον
1153 788 1223 843 ἐν
1252 788 1464 860 γαστρὶ
1497 785 1841 856 πεπλασμέ-

271 904 389 940 νον
418 883 761 955 ἐμφαίνειν·
808 884 841 955 ἡ
879 882 936 936 δὲ
971 879 1065 935 τοῦ
1109 881 1276 953 μύθου
1319 876 1565 944 σύνθεσις
1596 878 1840 951 ἐσχημά-

269 993 456 1030 τισται
483 973 994 1046 σκηνοπηγουμένου
1027 972 1267 1037 πιθανῶς
1299 971 1430 1025 εἵσω
1455 968 1708 1042 γαστρὸς,
1741 969 1843 1022 οὐκ

271 1067 554 1139 ἀλήθειαν,
586 1066 723 1120 ἀλλά
767 1066 828 1119 τὺ
873 1064 1067 1135 ψεῦδος
1106 1064 1365 1136 ἄντικρυς
1418 1064 1671 1133 ὲκφωνεῖ.
1720 1062 1843 1115 Μα-

270 1158 397 1232 κρῷ
428 1157 559 1228 γοῦν
602 1159 821 1230 ἄμεινον
864 1157 1045 1211 ἴσασιν
1084 1158 1133 1210 οἱ
1175 1155 1444 1219 ποικίλαις
1487 1153 1844 1225 ὁμιλήσαντες

269 1250 451 1319 λόγων
477 1251 795 1323 ἀναφοραῖς,
818 1251 999 1304 ὁποῖόν
1022 1253 1136 1304 ὲστι
1166 1249 1226 1303 τὸ
1250 1249 1401 1318 γένος
1431 1245 1622 1301 αὐτοῦ’
1652 1243 1755 1299 κᾶν
1774 1242 1844 1298 τὰ

275 1341 514 1413 μάλιστα
540 1342 597 1396 δὲ
621 1341 1036 1412 δεισιδαιμονίαν
1061 1342 1340 1414 πυρέττων
1373 1337 1685 1412 Ἑλληνικὴν
1714 1352 1846 1408 μαν-

269 1435 426 1488 τείαν
457 1436 756 1506 εἰσηγεῖται
792 1434 1109 1506 λεληθότως.

343 1527 562 1582 XXVII.
617 1528 754 1582 Ἀλλ’
782 1530 932 1601 ὅμως
957 1529 1017 1583 ού
1047 1529 1412 1601 παραιτητέον
1438 1525 1679 1600 ἠγοῦμαι
1712 1524 1841 1580 κάν-

269 1620 466 1674 τεῦθεν
508 1621 722 1690 ἐλέγξαι
752 1621 849 1693 τὴν
879 1620 1159 1687 ἀξυνεσίαν
1204 1619 1369 1675 αὐτοῦ
1409 1621 1477 1673 δι’
1509 1619 1725 1686 ὀλίγων,
1765 1614 1840 1679 ὡς

271 1712 415 1767 δέον.
450 1713 515 1765 AI
537 1713 645 1783 γάρ
671 1729 752 1767 τοι
781 1713 1064 1785 ῥητορικαὶ
1090 1712 1305 1784 δηλοῦσι
1328 1709 1713 1793 τεχνογραφίαι
1746 1725 1841 1760 σα-

275 1805 416 1874 φῶς,
438 1806 520 1859 ὅτι
552 1805 717 1877 μῦθός
760 1808 876 1859 ἐστι
915 1805 1137 1877 πλάσμα
1184 1804 1533 1876 συγκείμενον
1566 1800 1704 1875 μετὰ
1740 1800 1841 1871 ψυ-
1871 1842 1913 1896 Β

272 1899 559 1971 χαγωγίας
599 1899 736 1971 πρός
764 1918 815 1953 τι
845 1899 952 1954 τῶν
980 1901 1038 1953 ὲν
1083 1899 1159 1971 τῷ
1198 1899 1295 1970 βίῳ
1329 1899 1519 1970 χρήσει
1553 1896 1838 1967 διαφέρον·

272 1992 505 2065 πλάσμα
558 1992 613 2046 δὲ
658 1992 924 2064 δήπουθεν
976 1992 1187 2065 εἴρηται
1228 1989 1377 2061 παρά
1420 1990 1481 2043 τὸ
1513 1988 1837 2052 πεπλάσθαι,

275 2086 468 2157 φασιν,
498 2085 660 2139 αὐτὸν
703 2084 1278 2156 συνομολογουμένως·
1325 2083 1385 2137 ού
1432 2082 1540 2153 γὰρ
1572 2080 1651 2134 ἔτι
1693 2081 1843 2152 νομί-

275 2175 426 2240 ζοιτο
459 2175 660 2243 μῦθος,
695 2176 743 2227 εἰ
787 2173 1023 2243 γεγονὼς
1063 2173 1147 2246 εἴη
1185 2173 1327 2227 κατὰ
1372 2171 1665 2242 ἀλήθειαν·
1694 2172 1742 2223 εἰ
1786 2169 1843 2222 δὲ

278 2268 595 2338 πλάσματος
633 2265 977 2337 αὐτοσχεδίου
1013 2265 1259 2328 σύνθεσίς
1289 2266 1433 2317 ἐστιν
1464 2266 1497 2334 ἡ
1538 2260 1839 2333 μυθοποιία,

278 2361 470 2432 πόρρω
501 2359 597 2429 μὲν
623 2357 767 2430 ἔργῳ
790 2358 889 2429 τῆς
923 2357 1178 2429 ἀληθείας
1206 2356 1524 2428 ἐλήλεγκται
1544 2396 1558 2420 ,
1583 2354 1725 2424 λόγῳ
1749 2353 1843 2407 καὶ

278 2452 618 2525 πραγμάτων
651 2452 779 2516 ὕλας
805 2450 1057 2514 είκονίζει
1083 2453 1149 2521 τῇ
1180 2449 1374 2523 πράξει
1405 2447 1728 2519 λειπομένη·
1775 2446 1843 2500 τά

273 2543 388 2615 γάρ
430 2545 529 2597 οὐκ
559 2544 687 2598 ὄντα
720 2543 1085 2613 πιθανολογεῖν
1116 2542 1288 2596 ἔοικεν
1319 2542 1394 2604 ώς
1422 2541 1570 2606 ὄντα,
1600 2542 1693 2594 καὶ
1725 2541 1842 2611 διη-

269 2635 442 2705 γήσει
489 2633 715 2705 μίμησιν
760 2634 965 2702 είσάγει
1014 2630 1441 2702 πεπλασμένην*
1497 2628 1844 2684 ἀνυπόστατα

270 2726 462 2779 τοίνυν
503 2726 755 2778 εἰδοποιεῖ
792 2726 1115 2796 πράγματα,
1165 2725 1436 2797 μηδεμιᾶς
1482 2722 1845 2793 ὑποκειμένης

270 2816 463 2888 ἕδρας,
514 2816 589 2881 ὡς
620 2813 730 2869 οἶόν
765 2835 823 2869 τε
853 2815 1102 2886 βεϐαίως.
1140 2816 1303 2870 Οὐδὲν
1341 2815 1397 2869 δέ
1427 2831 1516 2885 μοι
1554 2813 1698 2866 δοκεῖ
1733 2811 1845 2865 δια-

276 2911 471 2981 φέρειν
499 2909 704 2980 ἀψύχου
740 2907 1105 2980 σκιαγραφίας
1152 2909 1186 2978 ἡ
1221 2906 1313 2960 τοῦ
1347 2906 1514 2977 μύθου
1549 2906 1846 2976 πλαστουρ-

272 3001 409 3069 γία·
458 2999 580 3052 καθ’
623 3000 909 3071 ὁμοιότητα
945 3000 1074 3072 γὰρ,
1109 2994 1282 3069 οἶμαι,
1317 2997 1410 3051 τοῦ
1450 2997 1674 3060 πίνακος
1707 2998 1843 3068 αὐτῇ

272 3090 698 3162 διαχαράττεται
718 3093 782 3162 τῇ
812 3093 1071 3163 γραμμῇ’
1101 3090 1463 3162 παραπλησίῳ
1493 3088 1558 3158 γέ
1587 3106 1666 3142 τοι
1689 3104 1847 3159 προσ-

1945 613 2148 655 nomen
2197 596 2565 668 compositum
2620 595 2909 667 persuadet
2959 609 3196 667 quanam
3250 594 3308 649 in
3353 603 3509 665 parte

1944 697 2217 746 versatur.
2242 684 2706 758 Engastn‘mythus
2733 684 2879 739 enim
2909 684 3300 753 interpretatur
3328 695 3359 735 a
3389 696 3510 735 ven-

1948 788 2026 833 tre
2057 787 2111 834 et
2139 776 2345 848 fabula,
2384 777 2541 846 quasi
2566 774 2807 845 fabulam
2837 774 2893 828 in
2920 782 3093 828 uentre
3119 772 3399 841 conﬁctam
3425 769 3512 825 do-

1946 878 2270 923 manstrans.
2300 865 2635 936 Compositio
2666 874 2845 920 autem
2876 863 3071 919 fabula:
3095 864 3237 916 intra
3263 868 3507 917 ventrem

1946 959 2300 1033 probabiliter
2334 956 2787 1028 quemadmodum
2830 962 2883 1011 et
2924 954 3157 1010 tentoria
3198 952 3505 1017 eﬂ'ormata,

1947 1069 2059 1110 non
2088 1052 2396 1115 veritatem,
2423 1049 2520 1105 sed
2570 1047 2912 1103 mendacium
2949 1052 3133 1115 aperte
3160 1046 3499 1115 pronuntiat.

1945 1144 2125 1202 ,Multo
2144 1144 2339 1199 melius
2372 1142 2557 1212 itaque
2589 1141 2682 1210 qui
2714 1140 2866 1194 varia
2898 1137 3059 1207 periti
3096 1143 3222 1193 sunt
3252 1136 3506 1200 lectione,

1949 1246 2217 1295 noverunt
2251 1235 2522 1306 quodnam
2554 1233 2703 1288 illius
2728 1247 2900 1303 genus
2928 1251 2943 1285 :
2976 1230 3070 1300 qui
3096 1245 3204 1283 non
3235 1229 3395 1283 modo
3418 1228 3507 1283 ille

1951 1328 2354 1402 superstitiosis
2391 1325 2681 1397 praestigiis
2718 1324 2962 1394 apprime
2996 1322 3231 1385 deditus,
3266 1320 3506 1392 gentium

1950 1423 2365 1493 superstitiones
2387 1420 2696 1474 clanculum
2736 1415 3053 1470 introducit.

2019 1512 2232 1571 XXVII.
2275 1512 2639 1567 Nihilominus
2664 1509 2789 1564 inde
2821 1508 2984 1563 etiam
3015 1506 3201 1576 paucis
3230 1505 3350 1574 ejus
3400 1513 3507 1562 sto-

1945 1611 2228 1673 liditatem,
2273 1607 2350 1661 uti
2407 1621 2505 1676 par
2536 1611 2639 1668 est,
2701 1601 3113 1672 reprehendere,
3146 1599 3506 1655 omittendum

1945 1719 2057 1758 non
2082 1709 2186 1758 est.
2215 1700 2429 1754 Etenim
2466 1696 2755 1751 rhetoricae
2807 1693 2941 1749 artis
2997 1692 3322 1747 traditiones
3372 1691 3507 1754 satis

1945 1795 2226 1851 commode
2255 1798 2550 1861 exponunt,
2586 1788 2821 1844 fabulam
2864 1802 2985 1843 esse
3016 1786 3285 1840 ﬁctionem
3313 1800 3507 1855 quam-

1941 1885 2065 1939 dam
2100 1898 2222 1937 cum
2252 1879 2610 1936 delectatione
2649 1878 2719 1932 ad
2743 1877 2978 1947 aliquem
3038 1876 3160 1931 vitae
3213 1890 3370 1931 usum
3410 1889 3505 1929 ne-

1940 1972 2261 2030 cessarium.
2290 1969 2462 2024 Fictio
2511 1985 2641 2025 vero
2680 1969 2824 2024 dicta
2880 1977 2964 2023 est
3006 1965 3174 2036 quod,
3209 1973 3267 2019 ut
3314 1980 3505 2020 omnes

1941 2080 2095 2136 aeque
2133 2063 2391 2128 fatentur,
2429 2060 2659 2116 conficta
2687 2060 2779 2116 sit.
2818 2058 3003 2129 Neque
3032 2059 3177 2114 enim
3208 2057 3390 2127 fabula
3420 2056 3505 2111 di-

1941 2164 2175 2221 ceretur,
2202 2156 2248 2210 si
2278 2170 2337 2210 re
2375 2154 2491 2224 ipsa
2516 2162 2666 2224 gesta
2698 2151 2908 2207 fuisset.
2937 2149 3115 2217 Quare
3142 2151 3186 2204 si
3217 2148 3396 2203 fabula
3426 2150 3505 2204 rei

1942 2251 2082 2306 fictae
2108 2266 2172 2305 ex
2210 2247 2504 2318 improviso
2563 2245 2887 2315 compositio
2917 2253 3021 2305 est.
3049 2258 3108 2298 re
3134 2241 3350 2313 quidem
3387 2241 3504 2313 ipsa

1941 2343 2100 2412 longe
2129 2341 2284 2395 abest
2316 2354 2345 2392 a
2374 2338 2625 2399 veritate,
2658 2346 2714 2390 at
2757 2350 2940 2390 rerum
2993 2334 3202 2389 ratione
3248 2333 3507 2387 materias

1943 2434 2340 2505 suppeditando
2369 2439 2721 2502 repraesentat
2752 2430 2967 2484 actione
2988 2428 3269 2482 destituta.
3295 2425 3506 2496 Quippe

1942 2544 2061 2599 quae
2089 2545 2196 2583 non
2240 2534 2387 2591 sunt,
2416 2522 2916 2586 verisimilitudine,
2952 2520 3107 2591 quasi
3137 2527 3338 2585 essent,
3379 2533 3508 2589 pro-

1943 2621 2115 2691 ponit,
2157 2618 2580 2686 narrationeque
2622 2615 2981 2670 imitationem
3016 2609 3301 2665 conﬁctam
3336 2610 3507 2662 intro—

1943 2712 2110 2768 ducit.
2136 2710 2244 2767 Res
2270 2710 2452 2780 itaque
2474 2723 2593 2779 quae
2617 2723 2722 2761 non
2751 2704 3078 2765 subsistunt,
3116 2700 3307 2756 formis
3338 2707 3501 2768 atque

1945 2802 2134 2873 ﬁguris
2180 2809 2433 2863 ornatas,
2484 2797 2631 2852 nulla
2679 2794 2928 2849 suﬂultas
2979 2791 3270 2852 ﬁrmitate,
3328 2788 3505 2859 quoad

1946 2895 2061 2949 ﬁeri
2084 2899 2286 2965 potest,
2317 2889 2546 2946 stabilit.
2583 2886 2711 2941 Mihi
2744 2900 2873 2940 vero
2902 2882 3120 2937 videtur
3151 2880 3345 2935 fabula:
3378 2894 3511 2933 cono

1949 2986 2098 3041 Iictio
2129 2984 2267 3039 nihil
2297 2983 2364 3037 ab
2398 2981 2707 3035 inanimatae
2745 2976 2953 3031 umbra
2995 2972 3359 3028 delineatione
3400 2968 3506 3023 difa

1948 3077 2109 3133 ferre.
2143 3076 2225 3130 Ad
2258 3073 2667 3129 similitudinem
2698 3070 2898 3140 quippe
2949 3065 3145 3121 tabulae
3170 3064 3328 3119 lineis
3371 3061 3506 3132 ipsis

276 3154 553 3253 εμνξερείᾳ
596 3154 1145 3253 προσώποποιείημὲν
1171 3154 1447 3246 ύπόθεσιν,
1479 3154 1558 3244 είς
1594 3198 1646 3233 τι
1683 3154 1846 3251 μέρος

1951 3169 2351 3239 designata-et
2380 3163 2496 3234 pari
2528 3160 2838 3231 aequalitate
2867 3164 3209 3228 argumento,
3252 3154 3307 3208 in
3339 3166 3503 3207 unam

276 3272 683 3336 ἀποϐλέπουσα,
716 3273 855 3328 αὐτὰ
898 3272 953 3326 δὲ
1003 3272 1324 3344 σχηματίζει
1376 3275 1442 3344 τῇ
1499 3274 1722 3345 μιμήσει
1777 3272 1848 3326 τὰ

279 3366 584 3438 πράγματα
613 3368 894 3438 γραμμαῖς
926 3366 1325 3436 ἐντεταμέναις,
1361 3365 1712 3436 ἀνομολογίαν
1750 3363 1847 3435 μὲν

278 3454 375 3511 οὖν
410 3457 496 3526 ἐφ’
541 3457 784 3511 ἑκάστων
814 3458 871 3521 ἐς
899 3458 963 3511 τὰ
1001 3458 1239 3529 μάλιστα·
1268 3460 1426 3529 τηρεῖ
1462 3457 1567 3509 τῶν
1605 3455 1843 3529 ῥυθμῶν.

284 3551 468 3621 Ἀκρα
499 3566 558 3602 τε
590 3549 826 3620 πολέμου
869 3551 1066 3622 γράφει
1094 3551 1186 3604 καὶ
1221 3549 1390 3614 τέλος,
1433 3548 1643 3602 ἐοικότα
1674 3548 1845 3619 βάσει,

278 3642 380 3695 καὶ
425 3642 577 3713 χείλη
632 3641 996 3713 φθεγγόμενα,
1046 3641 1142 3696 καὶ
1188 3641 1379 3711 φωνῶν
1424 3639 1706 3711 ἰδιώματα,
1753 3639 1849 3693 καὶ

279 3734 545 3801 γέλωτας,
589 3734 683 3787 καὶ
708 3731 1036 3804 κλαυθμοὺς,
1068 3733 1101 3803 ἢ
1138 3733 1475 3805 δημηγορίας
1504 3733 1845 3805 ἀρχοντικὰς,

279 3825 317 3895 ἢ
366 3822 639 3894 συμπόσια
680 3824 773 3877 καὶ
811 3820 1114 3893 κώμους,ἢ
1166 3821 1416 3892 βακχίας,
1458 3820 1491 3891 ἢ
1539 3819 1842 3891 τελετὰς,ἢ

280 3914 460 3988 μέθας
489 3914 834 3978 ἀκολάστους,
861 3913 894 3985 ἢ
928 3913 1208 3985 παροινίας
1247 3911 1535 3985 ἐρωτικὰς,
1568 3912 1601 3981 ἢ
1631 3912 1848 3986 λῃστρι-

276 4004 391 4065 sui;
421 4001 694 4073 ἁρπαγὰς,
724 4001 983 4073 ἣφθορὰς
1011 4001 1360 4072 ἀνηκέστους,
1386 4003 1418 4073 ἢ
1440 4002 1665 4085 ,σφαγὰς
1693 4002 1851 4073 ἀκρί-

280 4113 438 4161 τους,
486 4094 519 4166 ἥ
566 4096 757 4157 πενίας
804 4094 1138 4165 ὑποκρίσεις,
1178 4094 1211 4165 ἢ
1255 4093 1500 4147 πλούτων
1545 4095 1846 4167 ἐπιρροίας.

281 4185 638 4256 Είκοτολογίᾳ
670 4184 766 4254 μὲν
810 4178 902 4237 οὖν
951 4182 1162 4236 ἅπαντα
1192 4181 1598 4254 χαρακτηρίζει,
1639 4199 1852 4254 προσω-

285 4278 493 4331 ποποία
518 4276 576 4330 δὲ
620 4276 1017 4347 προσεμφερεῖς
1058 4273 1360 4345 διαγορεύει
1403 4274 1628 4347 πράξεις
1658 4273 1852 4346 ἀνδρα-

284 4375 402 4435 νεῖς
422 4391 434 4399 ·
465 4370 514 4423 οἱ
538 4369 645 4440 γάρ
677 4385 758 4422 τοι
792 4368 1073 4439 μυθοποιοὶ
1113 4367 1211 4431 τὰς
1250 4367 1490 4438 ἀνθηράς
1518 4367 1849 4437 ἀναλεγόμε-

288 4483 374 4521 νοι
399 4464 571 4529 λέξεις
612 4462 968 4535 αύτουργοῦσι
999 4460 1212 4516 ποικίλα
1252 4462 1558 4533 χρωμάτων
1580 4461 1715 4531 είδη,
1759 4461 1851 4514 καὶ

1949 3268 2161 3330 partem
2207 3254 2537 3324 respiciens,
2584 3262 2874 3321 personam
2922 3245 3200 3316 conﬁngit,
3247 3242 3506 3296 imitatio-

1948 3363 2123 3420 neque
2156 3361 2242 3401 res
2290 3346 2436 3415 ipsas
2482 3341 2644 3396 lineis
2693 3338 2934 3394 inductis
2964 3336 3177 3408 ﬁgurat,
3219 3342 3274 3390 et
3303 3334 3357 3388 in
3389 3348 3507 3389 om—

1947 3443 2111 3499 nibus
2135 3438 2502 3508 inaequalitate
2529 3447 2818 3490 numerum
2842 3431 3096 3486 observat
3129 3429 3503 3499 potissimum;

1950 3536 2141 3605 sicque
2171 3543 2324 3586 ortus
2352 3538 2408 3586 et
2436 3527 2573 3584 ﬁnes
2606 3525 2871 3581 bellorum
2893 3538 3003 3577 non
3039 3520 3263 3575 dissona
3284 3518 3506 3574 basibus

1949 3628 2144 3700 pingit,
2186 3624 2329 3679 labia
2370 3618 2639 3691 loquacia,
2673 3630 2869 3671 vocum
2900 3612 3284 3684 proprietates,
3334 3610 3505 3675 risus,

1948 3722 2224 3792 planctus,
2268 3722 2362 3769 aut
2410 3712 2704 3768 conciones
2738 3705 3065 3779 principum,
3097 3701 3366 3768 convivia,
3399 3700 3508 3754 sal-

1948 3790 2209 3872 taliones,
2261 3805 2477 3860 furores
2515 3799 2828 3863 bacchicos,
2880 3793 3162 3867 mysteria,
3210 3790 3505 3847 ebrietates

1948 3900 2318 3971 turpissimas,
2349 3892 2679 3966 petulantias
2722 3889 3037 3951 amatorias,
3062 3884 3387 3956 {praedonum
3421 3880 3507 3933 di-

1949 3992 2247 4062 reptiones,
2283 3982 2593 4056 deploratas
2623 3981 2820 4045 caedes,
2854 3977 3035 4034 clades
3073 3989 3344 4037 enormes,
3383 3985 3512 4041 pau-

1951 4082 2176 4153 pertatis
2229 4076 2627 4138 simulationes,
2679 4072 2993 4128 divitiarum
3036 4066 3359 4123 aIlluentias.
3405 4064 3508 4119 De-

1950 4173 2095 4231 eenti
2134 4172 2298 4243 igitur
2342 4169 2590 4224 oratione
2645 4172 2805 4219 notas
2853 4161 3106 4234 apponit,
3149 4166 3203 4214 et
3246 4170 3507 4229 persona-

1950 4280 2075 4322 rum
2125 4263 2343 4319 ﬁctione
2397 4260 2464 4315 ad
2519 4258 2761 4313 actiones
2820 4255 3027 4309 similes
3073 4267 3193 4322 quae
3237 4250 3384 4304 viros
3413 4248 3508 4303 de-

1951 4368 2098 4422 cent,
2132 4356 2400 4426 designat.
2437 4350 2794 4405 Fabulatores
2824 4347 3025 4417 quippe
3048 4343 3253 4398 ﬂoridis
3284 4340 3510 4396 vocibus

1952 4450 2168 4507 selectis
2186 4427 2378 4502 'varias
2406 4444 2651 4499 colorum
2700 4438 2912 4509 species
2959 4435 3240 4496 adhibent,
3285 4429 3511 4500 compli-

285 4561 359 4629 τῇ
397 4524 1229 4628 ’προσωποιποίςίσυμπλέκουσιν⁸
1254 4524 1387 4606 ἔέταί
1413 4553 1589 4621 λόγοις
1620 4524 1848 4624 ἐπιχρώ-

1955 4550 2189 4613 cantque
2239 4550 2595 4611 personarum
2645 4532 2887 4596 ﬁctioni;
2942 4528 3199 4596 deinceps
3249 4524 3513 4579 orationis

294 4665 485 4713 σαντες
506 4648 680 4719 ἡδέσι,
715 4648 893 4701 πᾶσαν
921 4648 1017 4718 μὲν
1039 4646 1424 4714 ὲπισυνάγουσι
1446 4645 1543 4717 τὴν
1563 4644 1658 4698 τοῦ
1684 4644 1854 4715 μύθου

292 4743 573 4813 διήγησινο
601 4740 787 4811 ὥσπερ
815 4739 871 4792 δὲ
902 4739 1259 4812 ζωδιογράφοι
1298 4738 1396 4809 τὴν
1441 4738 1539 4808 τῆς
1569 4736 1743 4807 ὅψεως
1781 4738 1857 4789 εζ-

294 4835 596 4899 κονίζουσιν
624 4833 792 4906 ὥραν,
821 4832 1067 4905 ὲρυθροῖς
1096 4834 1177 4902 ἡδ’
1203 4832 1435 4894 ἀνθινοῖς
1476 4829 1726 4903 χρώμασι
1752 4846 1854 4900 κη-

299 4927 721 4998 ρογραφοῦντες·
770 4926 973 4996 ῥήμασι
1025 4924 1080 4978 δὲ
1130 4926 1224 4979 καὶ
1271 4926 1512 4997 σχήμασι
1556 4924 1857 4996 μελοποιεῖν

296 5021 657 5090 ἐπειγόμενοι,
687 5018 1037 5090 χαρακτῆρας
1062 5017 1275 5082 ύλικοὺς
1304 5018 1446 5089 ἔργῳ
1480 5017 1579 5088 τῆς
1602 5016 1855 5087 ἀληθείας

297 5112 468 5183 αὐτῆς
514 5111 846 5166 ἀποδέουσιν.
894 5108 1031 5163 Ἀλλ’
1078 5102 1224 5163 οὗτοι
1264 5109 1361 5180 μέν
1402 5125 1483 5162 τοι
1527 5108 1700 5178 τούτῳ
1732 5123 1853 5159 ποι-

294 5206 537 5259 κίλλουσι
563 5205 745 5277 τρόπῳ
770 5202 869 5268 τὰς
894 5202 1001 5255 τῶν
1032 5201 1214 5272 μύθων
1248 5201 1460 5265 εἰκόνας
1479 5218 1493 5231 ο
1525 5199 1769 5254 ἐντεῦθεν
1798 5198 1856 5251 δὲ

297 5296 532 5367 μουσική
567 5311 649 5357 τις
681 5294 913 5365 ἁρμονία
942 5294 1273 5360 συνίσταται,
1306 5294 1403 5347 καὶ
1430 5290 1716 5362 ποιητικῆς
1741 5290 1857 5360 οἰη-

296 5386 547 5451 σικοπίας
581 5385 640 5441 εὖ
648 5404 814 5458 ρεσις.

367 5561 600 5618 XXVIII.
642 5562 857 5633 Ἀμέλει
883 5560 1014 5631 γοῦν
1046 5561 1394 5632 ἐρωτώμενος
1420 5562 1448 5614 ὁ
1473 5560 1697 5614 Πλάτων
1723 5575 1853 5631 μου-

299 5655 458 5725 σικῆς
502 5654 600 5727 μὲν
630 5650 765 5707 εἶναι
806 5652 996 5721 λόγους
1021 5652 1278 5724 ὁρίζεται,
1323 5651 1525 5720 λέγων⁸
1557 5651 1760 5722 Λόγων
1787 5646 1855 5700 δὲ

299 5746 499 5801 διττὸν
541 5741 728 5812 εἶδος,
760 5745 861 5817 ἔφη
878 5787 893 5812 ,
952 5744 1015 5798 τὸ
1060 5744 1176 5813 μὲν
1227 5744 1446 5811 ἀληθὲς
1463 5782 1477 5807 ,
1512 5741 1735 5811 ψεῦδος
1789 5737 1858 5792 δὲ

303 5839 574 5902 θάτερον·
608 5836 952 5892 παιδευτέον
986 5834 1056 5889 δὲ
1090 5836 1159 5889 ἐν
1201 5834 1571 5901 ἀμφοτέροις,
1606 5831 1763 5889 ἀλ.λά
1795 5849 1856 5897 γε

1957 4636 2223 4693 suavitate
2256 4628 2648 4686 adumbrantes
2682 4637 2897 4681 omnem
2926 4619 3142 4690 quidem
3176 4616 3368 4671 fabula:
3388 4630 3514 4669 nar-

1954 4729 2221 4783 rationem
2276 4720 2589 4793 expediunt.
2642 4717 2708 4771 Et
2744 4714 2910 4771 veluti
2964 4713 3242 4781 signorum
3279 4707 3515 4778 pictores

1964 4829 2216 4890 aspectus
2250 4812 2711 4886 pulchritudinem
2748 4806 2932 4863 rubeis
2962 4801 3288 4890 ﬂoridisquey
3316 4798 3516 4853 colori—

1956 4888 2082 4975 bus,
2114 4924 2178 4963 ac
2207 4908 2251 4963 si
2284 4920 2408 4959 cera
2437 4903 2743 4973 pingerent,
2772 4896 3150 4965 distinguunt;
3180 4888 3361 4944 verbis
3384 4890 3510 4943 item

1958 5003 2254 5074 ﬁgurisque
2277 4998 2404 5053 dum
2436 5006 2725 5048 numerum
2766 4986 3180 5044 accommodare
3221 4988 3509 5051 coguntur,

1958 5092 2370 5152 characteribus
2412 5086 2747 5157 pinguibus,
2800 5080 3047 5137 veritatis
3098 5092 3298 5139 causa,
3353 5076 3510 5145 quasi

1958 5186 2309 5257 compedibus
2350 5182 2615 5236 vinciunt.
2674 5176 2743 5229 At
2795 5174 2849 5228 hi
2897 5171 3115 5242 quidem
3161 5170 3260 5222 hac
3302 5168 3513 5221 ratione

1957 5279 2263 5334 fabularum
2298 5273 2563 5343 imagines
2604 5274 2890 5325 exornant.
2938 5263 3075 5317 Hinc
3120 5261 3323 5315 musica
3363 5274 3512 5328 qua:-

1960 5374 2083 5428 dam
2127 5367 2413 5423 harmonia
2456 5362 2833 5420 constituitur.
2878 5371 2942 5409 ac
2978 5354 3202 5425 poetica:
3245 5352 3511 5422 imagina-
3607 5407 3610 5411 ,

1961 5463 2126 5521 tionis
2158 5459 2417 5513 inventio.

2027 5550 2266 5610 XXVIII.
2307 5549 2494 5619 Itaque
2525 5545 2678 5599 Plato
2721 5543 3087 5611 interrogatus
3136 5535 3357 5592 musicat
3390 5534 3513 5605 qui-

1960 5648 2079 5703 dem
2123 5643 2422 5699 orationem
2474 5652 2597 5692 esse
2646 5631 2990 5694 determinat,
3030 5628 3217 5684 dicens
3259 5625 3512 5680 orationis

1961 5740 2092 5792 duas
2124 5749 2236 5788 esse
2263 5731 2478 5799 species,
2526 5741 2686 5778 unam
2716 5737 2911 5786 veram,
2942 5720 3164 5774 atteram
3192 5719 3419 5788 falsam;
3453 5716 3509 5768 in

1962 5827 2196 5895 utrisque
2227 5837 2343 5877 vero
2369 5814 2745 5873 instituendum
2770 5811 3027 5886 (civitatis
3055 5808 3380 5878 custodem),
3418 5804 3507 5859 sed
