3898 6196
546 342 645 399 671

1527 337 1587 395 S.
1628 334 1995 394 EUSTKTHII
2024 332 2329 393 EPISCOPI
2366 332 2785 392 ANTIOCllENI

3684 334 3801 390 ϐπ

547 464 775 532 primum
795 457 1003 531 quidem
1033 457 1086 512 in
1130 454 1439 514 mendaciis.
1470 455 1632 512 Prius
1654 457 1855 528 quippe
1893 457 2109 511 dixerat

2224 453 2495 521 τρότερον
2512 451 2582 505 ἐν
2606 451 2727 517 τοὶς
2757 450 3036 520 ψεύδεσι·
3071 452 3494 521 προηγουμωως
3512 448 3633 521 γὰρ
3669 445 3797 503 εἶπε

549 572 749 629 pueros
776 542 1082 608 fabularum
1116 557 1277 604 cantu
1305 548 1545 604 deliniri.
1580 547 1769 618 Itaque
1791 548 1845 601 in
1868 562 2109 618 unaqua-

547 664 645 720 que
662 662 716 700 re
751 644 1042 698 maximum
1082 652 1159 697 est
1193 651 1346 713 atque
1374 639 1872 710 prwstantissimum
1908 636 2108 707 princi-

549 753 730 809 pium;
756 737 1084 803 potissimum
1105 752 1221 790 vero
1232 734 1412 804 juveni
1437 740 1486 785 et
1509 740 1682 785 tenero
1705 729 1936 784 cuilibet.
1968 728 2111 784 Tunc

549 832 691 885 enim
731 828 959 882 maxime
993 826 1255 897 formatur
1282 833 1333 879 et
1366 823 1635 878 inducitur
1666 823 1840 894 ﬁgura
1872 823 1986 891 ejus
2011 822 2108 888 rei,

551 935 710 990 quam
747 918 864 989 quis
897 917 1177 987 unicuique
1207 914 1503 985 imprimere
1541 922 1693 983 atque
1735 911 2008 984 obsignare
2037 927 2114 965 ue-

555 1012 633 1068 lit.
657 1011 866 1078 Quibus
892 1009 1056 1065 dictis
1098 1007 1232 1063 illud
1261 1014 1494 1063 conatur
1534 1006 1842 1071 ostendere,
1888 1006 2111 1060 minime

554 1119 677 1160 esse
698 1102 1070 1159 necessarium
1092 1099 1399 1156 immodicis
1419 1098 1681 1170 purisque
1700 1096 1998 1152 mendaciis
2014 1097 2075 1165 ju
2093 1125 2108 1137 -

555 1209 758 1250 venum
783 1194 997 1250 animos
1023 1207 1327 1263 occupare;
1355 1206 1479 1246 cum
1510 1204 1639 1261 quae
1652 1188 1897 1260 puerulis
1921 1204 2111 1244 recen-

555 1283 785 1341 tioribus
814 1299 994 1356 prava:
1015 1282 1290 1355 opinionis
1316 1291 1459 1337 nota:
1480 1280 1886 1352 imprimuntur,
1916 1280 2007 1335 vix
2029 1279 2113 1334 di-

556 1373 684 1430 velli
720 1383 814 1428 aut
852 1375 1056 1430 aboleri
1099 1374 1333 1445 possint.
1363 1371 1707 1447 Quapropter
1749 1372 1961 1426 ratione
2002 1385 2112 1425 non

556 1464 860 1536 interrupta
886 1464 1108 1521 subdit:
1131 1463 1338 1520 Adeone
1373 1463 1529 1533 facile
1565 1461 1925 1531 permittemus
1959 1476 2114 1530 quas-

2208 545 2279 599 τὰ
2325 546 2515 599 παιδία
2566 543 2959 614 καταλέγεσθαι
3011 544 3194 614 μύθων
3243 544 3486 615 ἐπαοιδῇ.
3546 543 3794 598 Οὐκοῦν

2209 636 2365 706 ἀρχὴ
2415 636 2641 704 παντὸς
2683 636 2859 707 ἔργου
2883 634 3171 705 μέγιστον
3189 651 3204 666 ·
3232 634 3432 701 ἄλλως
3454 651 3519 688 τε
3540 635 3643 687 καὶ
3674 634 3790 701 νέῳ

2212 729 2308 782 καὶ
2340 726 2550 793 άπαλῷ
2582 726 2840 794 ὁτῳοῦν·
2870 727 3137 797 μάλιστα
3168 727 3273 796 γὰρ
3307 725 3383 794 δὴ
3420 726 3560 780 τότε
3600 725 3791 782 πλάτ-

2212 836 2367 873 τεται
2410 820 2508 873 καὶ
2559 819 2829 873 ἐνδύεται
2883 820 3088 885 τύπος,
3120 818 3190 871 ὃν
3219 817 3301 872 ἄν
3353 836 3446 885 τις
3491 818 3792 884 βούλεται

2212 910 2661 980 ἐνσημήνασθαι
2696 909 2948 976 ἑκάστῳ.
2988 909 3087 963 Διά
3130 910 3186 963 δὲ
3222 909 3331 963 τῶν
3370 909 3636 963 τοιούτων
3671 927 3789 964 πει-

2217 1003 2374 1075 ρᾶται
2426 1004 2634 1074 ῥήσεων
2686 1002 2999 1072 ἐκφαίνειν,
3043 1002 3119 1067 ὡς
3148 1003 3206 1056 ού
3255 1003 3433 1075 χρεὼν
3479 1003 3549 1058 ἂν
3582 1005 3672 1075 ειη
3727 1022 3789 1074 γε

2211 1094 2594 1167 ψευδηγορίαις
2637 1094 2916 1148 ὲπαντλεῖν
2947 1094 3203 1167 ἀκράτοις
3233 1094 3331 1158 τὰς
3364 1093 3473 1149 τῶν
3510 1094 3790 1167 νεηλύδων

2214 1187 2415 1252 ἀκοάς·
2444 1187 2626 1261 ἐπειδὴ
2664 1190 2775 1251 τοῖς
2804 1186 3003 1258 ἀρτίως
3044 1187 3496 1259 ἐνσημαινόμενοι
3536 1185 3791 1259 μείραξιν

2212 1282 2268 1334 oi
2296 1281 2490 1335 κτύποι
2543 1280 2643 1350 τῆς
2686 1279 3002 1346 κακοδοξίας
3032 1281 3397 1351 ἀμετάστατοι
3439 1279 3669 1350 φιλοῦσι
3705 1280 3793 1349 γί-

2214 1371 2398 1425 νεσθαι
2440 1371 2533 1424 καὶ
2563 1370 2901 1424 δυσέκνιπτοι
2920 1388 2932 1400 ·
2979 1370 3171 1442 διόπερ
3198 1370 3503 1435 ἀκολούθως
3535 1369 3799 1443 ἐπιφέρει

2216 1463 2405 1517 πάλιν·
2444 1459 2564 1531 Ἆρ’
2607 1458 2722 1518 οὖν
2758 1462 2977 1531 ῥᾳδίως
3019 1463 3171 1516 οὕτω
3219 1462 3613 1532 παρήσομεν,
3654 1463 3799 1533 ἔφην

558 1553 680 1607 libet
698 1552 908 1623 fabulas
926 1572 957 1608 a
969 1553 1281 1626 quibuslibet
1299 1569 1391 1623 pro
1408 1551 1670 1605 arbitratu
1686 1551 1918 1605 inventas
1932 1548 2113 1603 audire

555 1661 766 1715 pueros,
796 1664 984 1718 easque
1006 1648 1183 1702 animo
1208 1647 1467 1715 suscipere
1488 1646 1751 1714 opiniones
1774 1660 1888 1716 qua:
1915 1653 1971 1697 ut
1996 1644 2115 1712 plu-

559 1738 748 1792 rimum
788 1748 908 1793 sunt
945 1740 1009 1794 iis
1042 1739 1341 1804 contrariae,
1389 1755 1521 1808 quas
1563 1737 1650 1791 ubi
1678 1738 1746 1790 ad
1790 1745 2115 1791 constantem

2224 1735 2285 1789 ἐν
2323 1735 2450 1803 ταῖς
2482 1735 2727 1804 ψυχαῖς,
2750 1735 2829 1801 ὡς
2860 1734 2959 1788 ἐπὶ
2994 1733 3060 1788 τὸ
3095 1734 3252 1788 πολὺ
3291 1735 3583 1802 ἐναντίας
3609 1736 3805 1802 δόξας

559 1840 765 1885 aetatem
792 1832 1133 1900 pervenerint,
1164 1830 1350 1885 habere
1378 1831 1497 1885 illos
1535 1829 1717 1886 debere
1754 1829 2117 1886 arbitramur?

2224 1826 2466 1892 ἐκείναις
2486 1825 2578 1892 ἂς,
2598 1825 2842 1881 ἐπειδὰν
2862 1825 3267 1892 τελειωθῶσιν,
3283 1826 3450 1896 ἔχειν
3463 1828 3807 1897 οἰησόμεθα

563 1920 729 1975 Nullo
760 1924 813 1976 id
849 1922 1055 1994 quidem
1080 1922 1254 1987 modo,
1284 1922 1442 1987 dixit,
1465 1926 1844 1994 permittemus.
1875 1922 2115 1976 Primum

2224 1919 2340 1974 δεῖν
2368 1918 2588 1986 αὑτάς;
2615 1918 2750 1973 Οὐδ’
2782 1918 3141 1984 ὁπωστιοῦν,
3164 1918 3377 1991 εἴρηκε,
3403 1919 3805 1990 παρήσομεν.

559 2014 765 2085 quidem
798 2015 1144 2069 constituendi
1166 2024 1287 2070 sunt
1310 2015 1694 2085 fabulatoribus
1722 2015 1831 2069 illis
1856 2031 2115 2081 censores,

2224 2013 2453 2084 Πρῶτον
2500 2014 2615 2083 μὲν
2658 2013 2802 2083 ἡμῖν
2845 2013 2927 2079 ὠς
2968 2012 3165 2067 ἔοικεν
3200 2014 3649 2081 ἐπιστατητέον
3681 2013 3809 2079 τοῖς

558 2108 670 2178 qui,
701 2108 749 2162 si
786 2125 941 2179 quam
971 2108 1053 2163 illi
1081 2108 1271 2163 bonam
1298 2109 1535 2178 fabulam
1565 2108 1802 2178 fecerint,
1836 2120 2117 2163 excernunt

2224 2105 2585 2173 μυθοποιοῖς·
2630 2106 2725 2159 καί
2772 2105 2844 2159 ὃν
2866 2105 3004 2176 μὲν,
3044 2105 3122 2161 ἂν
3151 2107 3340 2160 καλὸν
3373 2106 3580 2176 μῦθον
3627 2105 3809 2172 ποιή-

561 2207 717 2269 atque
737 2198 982 2270 seligant,
1013 2200 1184 2255 malas
1214 2209 1391 2274 autem
1418 2198 1689 2269 repudient
1714 2198 1891 2253 eodem
1918 2198 2011 2252 illo
2026 2198 2120 2268 ju-

2224 2212 2426 2263 σωσιν,
2472 2198 2802 2268 ἐγκριτέον·
2835 2198 2908 2252 ὃν
2956 2198 3024 2251 δέ
3054 2198 3177 2268 μὴ,
3209 2199 3610 2267 ἀποκριτέον·
3664 2199 3813 2265 τοὺς

561 2288 698 2342 dicio
728 2298 880 2360 atque
907 2291 1164 2345 examine.
1196 2290 1341 2356 Quas
1369 2294 1484 2344 ue'ro
1515 2288 1727 2359 fabulas
1752 2306 1780 2342 e
1807 2298 2119 2342 cwterarum

2224 2290 2284 2345 δὲ
2312 2291 2687 2361 ἐγκριθέντας
2737 2290 3067 2361 ποιήσομεν
3115 2291 3224 2357 τὰς
3266 2291 3527 2360 τροφούς
3582 2307 3655 2345 τε
3708 2291 3811 2346 καὶ

563 2393 776 2432 numero
808 2381 1168 2443 exemerimus,
1204 2379 1446 2432 dabimus
1480 2395 1691 2448 operam
1722 2387 1777 2431 ut
1799 2389 1849 2431 et
1891 2378 2118 2432 nutrices

2224 2386 2475 2456 μητέρας
2535 2384 2735 2455 λέγειν
2785 2383 2910 2449 τοῖς
2962 2384 3164 2448 παισὶ,
3210 2385 3306 2438 καί
3353 2382 3660 2437 πλάττειν
3702 2384 3811 2449 τὰς

2216 1553 2356 1621 τοὺς
2391 1555 2782 1623 ἐπιτυχόντας
2810 1553 2927 1610 ὑπὸ
2970 1555 3087 1608 τῶν
3117 1555 3525 1624 ἐπιτυχόντων
3558 1556 3803 1625 μύθους

2216 1645 2597 1711 πλασθέντας
2615 1645 2859 1699 ἀκούειν
2886 1643 3025 1710 τοὺς
3056 1643 3293 1710 παῖδας,
3323 1645 3421 1697 καὶ
3456 1643 3803 1713 λαμϐάνειν

561 2481 613 2524 et
654 2479 848 2526 matres
878 2472 1051 2541 pueris
1094 2489 1183 2526 eas
1216 2483 1613 2527 commemorent
1640 2489 1658 2526 :
1679 2481 1738 2526 ut
1785 2471 1889 2525 illis
1920 2469 2119 2540 fabulis

561 2563 734 2631 potius
773 2564 1120 2632 informentur
1158 2572 1310 2633 atque
1341 2564 1685 2617 instituantur
1715 2579 1895 2617 eorum
1927 2562 2125 2626 animi,

564 2671 720 2724 quam
741 2671 959 2723 corpora
995 2654 1233 2709 manibus
1254 2665 1519 2709 curentur.
1549 2656 1617 2708 At
1645 2670 1709 2708 ea:
1732 2656 1796 2708 iis
1818 2670 1950 2724 quas
1980 2670 2123 2709 nunc

562 2756 988 2809 commemorant,
1013 2746 1190 2798 multa:
1211 2732 1361 2799 erunt
1385 2746 1740 2815 repudiandae.
1769 2745 1971 2801 Deinde
1988 2760 2117 2800 cum

563 2834 631 2889 de
668 2850 854 2887 carum
906 2850 1003 2905 pro
1034 2834 1243 2889 ratione
1293 2833 1612 2890 diﬂ‘crentiis
1662 2836 2120 2905 interrogaretur,

565 2924 633 2979 In
656 2926 963 2994 majoribus,
987 2924 1221 2991 diccbat,
1255 2926 1448 2995 fabulis
1472 2935 1520 2980 et
1560 2927 1783 2981 minores
1808 2926 2119 2982 videbimus.

564 3013 699 3069 Cum
733 3029 923 3069 rursus
961 3013 1304 3076 Adimantus,
1345 3030 1438 3069 eas
1465 3031 1523 3069 se
1553 3031 1659 3069 non
1691 3015 1988 3086 intelligere
2029 3016 2117 3069 in-

565 3122 761 3170 nuens,
800 3114 1088 3177 quaereret,
1133 3107 1455 3163 subintulit:
1492 3108 1636 3175 Quas
1670 3118 1720 3163 et
1766 3107 2025 3162 Hesiodus
2070 3119 2118 3163 et

2216 2478 2423 2547 ψυχὰς
2467 2475 2665 2531 αὐτῶν
2718 2476 2840 2543 τοῖς
2868 2477 3102 2546 μύθοις,
3137 2476 3293 2530 πολὺ
3618 2460 3680 2545 ’ἢ
3737 2476 3807 2529 τὰ

2216 2567 2460 2638 σώματα
2506 2568 2635 2635 ταῖς
2664 2568 2901 2637 χερσίν·
2947 2562 3035 2622 ὧν
3069 2565 3140 2620 δὲ
3192 2567 3309 2621 νῦν
3358 2566 3621 2641 ,λέγουσι
3656 2566 3803 2633 τοὺς

2216 2661 2484 2727 πολλοὺς
2511 2660 2854 2728 ἐκϐλητέον.
2876 2656 3010 2713 Εἶτα
3039 2659 3227 2730 ἐπειδὴ
3260 2660 3389 2731 περὶ
3412 2659 3515 2729 τῆς
3547 2660 3799 2712 ἑκάστων

2217 2747 2479 2816 ἀναλόγου
2513 2749 2775 2820 διαφορᾶς
2802 2748 3169 2821 ἐρωτώμενος,
3217 2751 3318 2803 Ἐν
3350 2749 3476 2816 τοῖς
3501 2750 3792 2819 μείῶσιν,

2216 2837 2417 2908 ἔφασκε
2439 2880 2453 2903 ,
2498 2842 2712 2910 μύθοις
2752 2840 3243 2911 ἀναγνωρίζεσθαι
3292 2843 3433 2908 τοὺς
3465 2842 3791 2907 ἐλάττους·

2216 2929 2291 2994 ὡς
2325 2929 2489 3002 ἤρετο
2518 2930 2678 2985 πάλιν
2716 2935 2744 2986 ὁ
2783 2933 3145 3003 Ἀδείμαντος,
3176 2933 3295 2986 οὐδὲ
3333 2932 3563 2997 τούτους
3602 2933 3790 2986 εἰδέναι

2215 3017 2410 3091 δηλῶν,
2444 3016 2600 3083 αὖθις
2642 3020 3047 3090 ἁνθυπενέγκας
3098 3022 3312 3092 ἔφησεν·
3365 3022 3487 3088 Οὓς
3527 3021 3790 3087 Ἡσίοδός

2216 3129 2299 3177 τε,
2356 3106 2546 3177 εἷπον,
2572 3113 2670 3167 καὶ
2714 3114 2972 3183 Ὄμηρος
3000 3112 3144 3183 ἡμῖν
3160 3113 3464 3183 ἐλεγέτην·
3495 3110 3665 3169 οὗτοι
3688 3113 3787 3182 γάρ

567 3198 827 3254 Homerus
880 3199 1028 3253 nobis
1079 3211 1573 3256 commemorarunt.
1639 3200 1713 3256 Hi
1753 3203 1890 3257 enim
1948 3200 2119 3271 falsas

2224 3218 2334 3255 που
2363 3203 2591 3271 μύθους
2621 3200 2949 3271 ἀνθρώποις
2969 3202 3211 3272 ψευδεῖς
3240 3203 3637 3271 συντιθέντες
3666 3203 3785 3256 ἕλε-

565 3292 821 3363 quasdam
865 3291 1076 3361 fabulas
1098 3292 1401 3360 efﬁnxerunt
1434 3310 1564 3363 quas
1604 3293 1898 3349 hominibus
1930 3309 2126 3363 propo-

567 3395 765 3446 iterent,
810 3393 860 3437 et
897 3401 1013 3454 qua:
1037 3383 1157 3455 jam
1188 3384 1314 3438 olim
1362 3384 1716 3455 incoluerunt,
1766 3395 1922 3457 atque
1961 3386 2126 3440 etiam

567 3492 704 3530 nunc
733 3474 984 3530 obtinent.

638 3552 828 3624 XXIX.
870 3566 1055 3638 Itaque
1091 3567 1138 3623 si
1173 3565 1389 3622 Homeri
1420 3568 1663 3621 carmina
1695 3573 1857 3637 atque
1902 3566 2129 3624 Hesiodi

567 3660 781 3718 fabulas
808 3660 976 3716 falsas
1005 3660 1222 3724 fatetur,
1270 3675 1390 3734 quae
1423 3659 1762 3733 potissimum
1802 3659 2130 3719 eruditionis

567 3772 734 3812 causa
764 3754 1039 3811 auditores
1064 3754 1353 3821 delectant,
1387 3754 1522 3823 quin
1553 3762 1608 3808 et
1647 3754 1904 3810 dictionis
1928 3765 2126 3811 ornatu

569 3855 803 3905 mentem
831 3846 899 3902 ad
922 3847 1215 3918 perfectam
1244 3847 1604 3917 eloquentiam
1636 3848 1897 3912 excitant,
1922 3858 2128 3918 quanto

570 3943 740 4013 magis
771 3957 1051 3998 sermones
1082 3942 1205 3996 illos
1234 3957 1371 4011 quos
1413 3940 1649 3996 fanatica
1677 3941 1875 3996 mulier
1908 3941 2125 4007 eﬂ‘utiit,

570 4037 743 4091 malas
796 4036 1011 4093 fabulas
1071 4052 1225 4101 esse,
1271 4052 1472 4109 easque
1514 4036 1774 4105 fallaces,
1833 4038 2127 4106 fatebitur,

572 4125 791 4196 quando
811 4136 865 4181 et
907 4126 1324 4199 Engastrimythi
1355 4146 1555 4186 nomen
1587 4131 1767 4201 ipsum
1795 4132 1900 4188 hoc
1933 4133 2129 4203 praedi-

572 4225 680 4274 cat.
719 4217 888 4274 Graeci
916 4222 1083 4286 enim,
1108 4222 1200 4293 qui
1232 4222 1511 4277 nominum
1543 4225 1809 4295 cujusque
1838 4226 1918 4279 rei
1958 4226 2132 4296 impo-

574 4312 827 4369 sitionem
875 4320 1130 4366 accurata
1180 4315 1559 4386 exquisitaque
1610 4316 1887 4388 diligentia
1925 4317 2132 4373 exami-

576 4414 727 4468 nant,
758 4404 812 4458 in
841 4419 904 4460 ea
936 4406 1115 4477 lingua
1146 4406 1393 4461 ﬁctiones
1418 4407 1584 4463 falsas
1610 4408 1831 4480 μύθους,
1857 4409 1912 4464 id
1933 4416 2017 4465 est
2046 4409 2131 4479 fa-

2221 3295 2327 3364 γόν
2354 3311 2418 3348 τε
2441 3295 2539 3349 καί
2567 3294 2874 3358 λέγουσιν.

2293 3580 2483 3637 XXIX.
2524 3581 2589 3634 Ei.
2617 3581 2671 3634 δὲ
2694 3581 2872 3635 τοίνυν
2908 3582 3149 3653 Ὀμήρου
3176 3581 3243 3634 τὰ
3274 3580 3379 3652 ἔπη
3410 3581 3510 3634 καὶ
3550 3580 3817 3635 Ἡσιόδουκ

2228 3672 2425 3744 μύθους
2447 3672 2733 3742 ἀποφαίνει
2765 3671 2995 3742 ψευδεῖς,
3024 3672 3061 3724 ἃ.
3086 3673 3143 3725 δὲ
3166 3673 3260 3725 καὶ
3286 3673 3524 3744 μάλιστα
3546 3675 3641 3727 καὶ
3669 3691 3785 3726 παι-

2224 3763 2371 3827 δείας
2393 3764 2553 3817 ἕνεκα
2578 3761 2893 3832 ψυχαγωγεῖ
2927 3764 3050 3826 τοὺς
3075 3762 3390 3832 αύτηκόους,
3419 3764 3483 3815 ού
3524 3763 3631 3834 μὴν
3659 3763 3784 3817 em

2225 3871 2290 3924 γε
2314 3857 2408 3908 καὶ
2434 3854 2740 3926 καλλιλεξίᾳ
2761 3854 3016 3924 διεγείρει
3034 3854 3094 3906 τὸ
3114 3854 3366 3925 φρόνημα
3400 3853 3539 3924 πρὸς
3562 3853 3784 3923 εὐγλωτ-

2226 3946 2347 4000 τίαν
2383 3946 2601 4017 ἐντελῆ·
2646 3947 2798 4017 πόσῳ
2848 3945 2912 4017 δὴ
2942 3945 3141 4016 μᾶλλον
3188 3946 3347 4008 ὅσους
3395 3947 3429 4017 ἡ
3477 3944 3783 4015 δαιμονῶσα

2227 4038 2399 4110 γραῦς
2436 4037 2812 4108 ἀπεφθέγξατο
2856 4038 3043 4106 λόγους
3073 4037 3194 4107 οὐχὶ
3236 4036 3551 4108 μυθοποιίας
3579 4035 3780 4105 ὁρεῖταί

2228 4151 2311 4199 τις
2338 4130 2476 4188 εἶναι
2504 4132 2735 4203 ψευδεῖς,
2775 4132 3007 4201 ὁπηνίκα
3047 4131 3140 4184 καὶ⁵
3176 4130 3410 4202 τοῦνομα
3438 4130 3535 4200 τῆς
3584 4132 3774 4201 ’Βηπ-

2228 4226 2550 4293 στριμύθου
2611 4222 2798 4276 τοῦτον
2851 4222 3176 4293 ὑπαγορεύει
3227 4224 3321 4276 τὸν
3364 4222 3520 4287 νοῦνς
3563 4221 3623 4276 0i.
3669 4223 3774 4295 γὰρ

2242 4314 2505 4388 Ἑλλήνων
2546 4315 2753 4381 παῖδες,
2785 4317 2836 4368 οἱ
2868 4318 2960 4371 καὶ
2989 4316 3086 4381 τὰς
3122 4314 3528 4386 ὀνοματοποιίαις
3556 4316 3776 4369 ἑκάστου

2230 4407 2555 4480 πράγματος
2599 4407 2949 4480 ἀκριϐοῦντες
2985 4410 3043 4462 ὲν
3086 4411 3152 4479 τῇ
3188 4406 3396 4462 Ἑλλὼδι
3444 4410 3624 4478 φωνῇ,
3656 4409 3783 4463 πλά-

579 4497 752 4561 bulas,
798 4499 1090 4567 appellant.
1124 4499 1382 4569 Sequitur
1405 4515 1535 4570 ergo
1560 4516 1676 4555 rem
1707 4501 1879 4572 ipsam
1920 4516 1988 4556 ex
2030 4518 2124 4557 no-

2234 4515 2414 4569 σματα
2437 4498 2606 4571 ψευδῆ
2626 4500 2750 4563 τοὺς
2784 4498 2981 4570 μύθους
3007 4498 3381 4571 ὀνομάζουσιν,
3410 4500 3696 4555 ἀκόλουθον
3721 4503 3780 4555 ὲκ

578 4590 726 4644 mine
767 4605 875 4659 quo
921 4591 1136 4660 proprie
1170 4591 1505 4658 nominatur,
1553 4596 1890 4663 compicere.
1937 4593 2126 4665 Αἰδορί

578 4681 793 4752 quidem
823 4679 1029 4735 ludicra
1056 4681 1262 4737 similes
1289 4696 1399 4752 prre
1434 4697 1493 4736 se
1522 4680 1701 4737 ferunt
1732 4680 2036 4736 fabularum
2071 4681 2133 4735 li-

580 4776 811 4837 ctiones,
857 4789 992 4845 quas
1034 4773 1186 4843 pueri
1217 4773 1273 4828 in
1317 4774 1460 4831 ludis
1491 4773 1671 4829 facere
1717 4772 2031 4844 urbaneque
2054 4772 2133 4843 jo-

579 4869 755 4923 cando
801 4870 1051 4932 recitent,
1096 4876 1150 4923 et
1195 4883 1333 4924 anus
1369 4868 1736 4941 Corybantum
1788 4881 1941 4921 more
1982 4868 2132 4922 insa-

579 4961 793 5017 nientes
846 4961 1066 5031 garrulo
1113 4974 1366 5017 sermone
1422 4961 1749 5025 decantant;
1806 4957 2134 5029 quandoque

578 5054 744 5107 etiam
775 5052 902 5108 dum
936 5053 1051 5108 haec
1082 5063 1267 5124 agunt,
1298 5055 1449 5125 larga
1476 5054 1601 5108 vina
1639 5052 1847 5125 gutturi
1878 5052 2133 5116 fundunt,

582 5145 847 5215 calicique
878 5152 932 5200 et
968 5146 1174 5215 potioni
1206 5147 1425 5201 intento:
1469 5146 1668 5200 mirum
1717 5153 1982 5217 quantum
2015 5143 2136 5199 blo-

585 5245 785 5293 terant.
815 5236 917 5304 Qui
945 5253 1076 5292 vero
1103 5238 1459 5309 phiIOSOpbiie
1494 5252 1674 5294 mores
1704 5239 1944 5309 apprime
1975 5235 2139 5307 protl-

584 5340 790 5394 tentur,
816 5336 870 5384 et
900 5344 1054 5385 veras
1099 5331 1374 5386 Musarum
1425 5332 1728 5395 cantiones,
1781 5332 1946 5387 veluti
1981 5331 2140 5385 falso-

583 5438 704 5476 rum
736 5423 1226 5481 fabulamentorum
1254 5422 1487 5492 species,
1537 5422 1615 5476 uti
1647 5438 1745 5491 par
1772 5430 1878 5485 est,
1917 5435 2138 5476 accusa-

584 5514 736 5570 bant.

655 5606 825 5662 XXX.
868 5608 925 5664 Si
970 5626 1167 5666 nomen
1213 5609 1396 5679 itaque
1429 5608 1606 5680 ipsum
1639 5613 1786 5662 recte
1830 5605 1899 5661 de
1934 5620 1991 5659 re
2021 5604 2137 5671 ipsa

589 5700 823 5770 positum
849 5711 953 5765 est,
985 5701 1473 5773 engastrimythum,
1507 5700 1693 5769 utique
1734 5699 1849 5753 hac
1876 5694 2140 5765 engastri-

592 5792 808 5883 myth)“
847 5791 1132 5852 eiiormare
1179 5794 1411 5851 videtur.
1452 5793 1635 5863 Neque
1670 5792 1814 5847 enim
1845 5805 1873 5842 a
1908 5784 2140 5843 naturali

2231 4589 2324 4643 τοῦ
2355 4591 2615 4663 ὀνόματος
2658 4590 2990 4646 ἐποπτεῦσαι
3020 4592 3083 4646 τὸ
3109 4595 3341 4664 πρᾶγμα
3377 4593 3503 4647 καθ’
3533 4589 3595 4648 οὗ
3632 4595 3776 4649 τέτα-

2232 4699 2356 4736 κται
2378 4684 2580 4756 κυρίως
2597 4701 2610 4713 ·
2640 4684 2752 4737 ἀλλ’
2776 4685 2833 4736 αἱ
2863 4684 2958 4756 μὲν
2982 4683 3232 4738 Αἰσώπου
3253 4686 3553 4755 λογοποιίαι
3574 4688 3780 4744 τοιαῦτα

2236 4775 2417 4846 μύθων
2448 4777 2595 4830 ἴσασι
2616 4776 2929 4848 πλάσματα,
2955 4772 3044 4831 οἷα
3078 4779 3174 4832 καὶ
3205 4778 3273 4832 τά
3308 4780 3565 4851 μειράκια
3596 4782 3775 4835 πολλα-

2233 4868 2342 4937 χῶς
2377 4870 2434 4920 ὲν
2460 4872 2578 4932 ταῖς
2610 4868 2844 4933 παιδιαῖς
2881 4870 3236 4942 ἀοτεῖζόμενα
3264 4871 3469 4937 παίζει,
3495 4874 3590 4925 καὶ
3616 4875 3771 4945 Κορυ-

2236 4960 2529 5013 δαντιῶσαι
2562 4964 2749 5033 γραῖαι
2786 4961 3029 5025 κωτίλοις
3061 4963 3316 5036 ἐπᾴδουσι
3342 4964 3554 5033 λόγοις·
3578 4965 3680 5019 ἔσθ’
3699 4969 3772 5020 ὅτε

2236 5051 2409 5107 ταῦτα
2436 5054 2632 5125 δρῶσιν
2664 5056 2790 5127 οῖνῳ
2820 5055 2916 5126 μὲν
2973 5055 3355 5128 ἐπιϐρέχουσαι
3402 5058 3495 5111 τὸν
3547 5061 3767 5133 φάρυγγα

2239 5143 2444 5214 συχνῷ·
2494 5147 2672 5201 κύλικι
2717 5148 2772 5201 δὲ
2826 5148 3185 5219 προσέχουσαι
3228 5149 3375 5220 ποτῷ
3397 5192 3416 5215 ,
3473 5152 3765 5225 φλυαροῦσιν

2237 5234 2513 5305 ἀμέτρως·
2568 5238 2618 5290 oi
2662 5236 2908 5307 μέντοιγε
2954 5236 3265 5308 φιλοσοφίας
3322 5238 3430 5310 ἢθη
3477 5240 3761 5313 πρεσῦεύειν

2238 5323 2556 5393 ἡγούμενοι,
2598 5327 2691 5381 καὶ
2742 5326 2841 5391 τὰς
2866 5327 3173 5398 ὲμμούσους
3215 5330 3463 5401 ποιήσεις
3511 5325 3597 5384 οἷα
3625 5330 3761 5402 ψευδῆ

2241 5414 2423 5482 μύθων
2457 5418 2572 5490 εἴδη
2611 5419 2906 5488 διέϐαλλον,
2933 5420 3010 5484 ὡς
3033 5420 3168 5474 δέον.

2310 5597 2477 5654 XXX.
2516 5603 2579 5656 El
2606 5596 2697 5657 οὖν
2734 5604 2864 5658 αὐτὸ
2890 5602 3126 5674 τοῦνομα
3167 5601 3309 5656 κατά
3344 5603 3440 5657 τοῦ
3478 5601 3762 5675 πράγματός

2240 5693 2355 5746 ἐστι
2384 5695 2712 5768 τεταγμένον
2730 5695 2924 5769 ὀρθῶς,
2954 5697 3425 5767 ἑῃηαστρίμυθον
3463 5696 3628 5748 ἔοικεν
3652 5696 3765 5749 ἀνα-

2242 5785 2496 5842 πλάττειν
2533 5791 2569 5861 ήη
2599 5789 3051 5861 ὲγγαστρίμυθος.
3075 5789 3149 5842 Ού
3188 5788 3295 5858 γὰρ
3335 5790 3400 5842 ἐκ
3440 5788 3534 5843 τοῦ
3569 5786 3770 5856 φυσικοῦ
