3898 6196
260 224 358 283 675

1321 224 1712 282 ALLOCUTIO
1749 224 1843 280 AD
1880 223 2447 281 CONSTANTINUM.

3381 235 3487 291 676

260 340 543 415 φθέγγεται
566 337 659 391 νοῦ
689 338 977 408 σωφρόνως
995 354 1007 366 ·
1038 336 1150 390 ἀλλ’
1179 338 1237 391 ἐν
1269 342 1380 402 τοῖς
1413 339 1678 393 ἐνδοτάτω
1718 355 1815 409 μο-
1845 365 1858 400 λ

1918 351 2164 406 εεηιιιιιιο
2203 346 2383 393 mente
2418 339 2680 408 loquitur,
2723 338 2819 395 sed
2850 340 2906 394 in
2940 340 3150 398 intimis
3179 344 3482 409 visceribus

258 433 393 507 ρίοις
421 428 747 502 ἐμφιυλεὺων
776 430 805 481 6
850 429 1089 500 δαίμων,
1137 430 1307 500 αὑτὴν
1343 431 1657 503 ἐπινέμεται
1677 470 1692 493 ,
1720 433 1813 487 καὶ

255 525 485 599 βλάπτει
516 524 611 594 τὴν
654 522 944 595 φρόνησιν’
992 526 1056 578 ἐκ
1102 525 1157 578 δὲ
1206 525 1306 595 τῆς
1354 526 1589 597 γαστρὸς
1634 526 1817 598 ἐξηχεῖ

256 618 473 693 μυθώδη
507 617 799 689 πλάσματα
825 618 1138 689 συγκροτῶν
1159 636 1171 647 ·
1208 621 1287 682 είς
1314 619 1532 673 ποικίλα
1564 620 1619 673 δὲ
1653 638 1816 692 μετα-

254 710 622 785 μορφούμενος
655 710 791 782 εἴδη,
829 710 1102 785 διαφόροις
1138 713 1450 785 ἰνδάλμασιν
1477 715 1675 783 ὑπάγει
1716 715 1815 788 τὴν

248 807 442 876 ψυχήν.
463 804 681 875 Ἐπειδὴ
708 804 764 857 δὲ
786 803 1140 868 παντοδαποῖς
1164 805 1546 861 ἐναλλάττεται
1575 808 1814 878 σχήμασι

245 897 676 969 πολυπρόσωπος
714 893 818 959 ὢν,
852 895 1001 949 οὑδέν
1032 892 1192 969 ἦττον
1231 896 1310 950 ἔτι
1360 899 1453 952 καὶ
1490 900 1554 951 ἐκ
1586 898 1686 968 τῆς
1710 898 1816 969 γῆς

243 988 560 1043 ἀναϐαίνειν
601 988 948 1057 ὑποκρίνεται
988 989 1083 1042 καὶ
1107 991 1302 1059 φωνεῖν
1322 1006 1336 1019 ·
1374 986 1492 1045 εἶτα
1527 993 1654 1063 παρ’
1687 990 1816 1045 ἐκά-

244 1098 376 1153 τερα
428 1080 527 1145 τὰς
576 1080 849 1144 διακονίας
900 1080 1139 1152 ἀμείϐων
1192 1081 1327 1153 ὁμοῦ
1382 1086 1504 1147 ταῖς
1547 1087 1812 1157 μορφαῖς,

243 1173 401 1228 ἄλλον
437 1175 539 1246 μὲν
571 1175 663 1228 τὸν
697 1174 1053 1230 ἀναϐαίνοντα
1088 1175 1238 1247 παρά
1269 1178 1359 1231 τὸν
1387 1178 1482 1232 τοῦ
1527 1178 1815 1244 καλοῦντος

240 1267 388 1321 δοκεῖ
413 1270 688 1341 παριστᾷν
708 1287 721 1298 ·
760 1271 789 1323 6
820 1269 983 1334 αὑτὸς
1020 1270 1098 1334 δὲ,
1134 1271 1260 1343 τῇδε
1292 1273 1516 1327 κάκεῖσε
1563 1277 1817 1348 περιτρέ-

240 1377 373 1430 χων,
409 1358 661 1413 ἀλλάττει
684 1359 783 1424 τάς
818 1361 987 1426 ἰδέας,
1027 1362 1113 1416 ῖνα
1138 1361 1322 1435 ἔργοις
1354 1364 1695 1420 ἀποδεικνύοι
1724 1368 1817 1422 καὶ

240 1450 453 1519 λόγοις,
495 1453 577 1505 ὅτι
616 1451 853 1524 ψεύστης
882 1454 1060 1507 ἐστίν’
1100 1455 1467 1510 ὑποτυποῦται
1504 1456 1634 1525 γοῦν
1676 1459 1815 1513 αὑτά

238 1543 307 1596 τά
344 1544 618 1613 πρόσωπα
644 1544 850 1616 νεκρῶν
884 1546 1134 1615 ἀνάγειν,
1162 1548 1238 1613 ὡς
1280 1549 1427 1613 εἰκός
1457 1550 1688 1605 ἐστινέκ
1720 1550 1813 1605 τοῦ

239 1635 450 1689 τοιοῦδε
478 1635 754 1707 δράματος
786 1636 1075 1691 ὑπολαϐεῖν
1098 1655 1112 1669 ·
1145 1639 1354 1710 ἀμειδεῖ
1380 1641 1477 1711 μὲν
1511 1641 1650 1712 ὄψει,
1682 1659 1813 1695 σκυ-

1916 430 2128 485 daemon
2152 430 2460 498 diversans,
2491 443 2726 486 mentem
2756 433 2929 502 ipsam
2969 435 3280 506 depascitur
3309 449 3362 495 et
3390 443 3482 498 lae-

1916 521 2017 586 dit,
2058 530 2112 577 et
2155 538 2221 577 ex
2276 531 2468 578 ventre
2517 521 2798 579 fabulosas
2851 524 3098 582 fictiones
3145 543 3480 601 componens

1917 615 2203 685 strepitum
2234 614 2367 680 edit,
2400 629 2501 670 nec
2532 630 2639 669 nou
2671 616 2727 670 in
2767 618 2945 674 varias
2978 629 3344 679 commutatus
3368 625 3481 681 for-

1915 723 2035 763 mas
2070 708 2241 763 variis
2271 708 2504 778 spectris
2536 708 2752 765 seducit
2800 711 3056 770 animam.
3088 714 3319 781 Quando
3347 734 3480 775 vero

1915 801 2102 857 multis
2130 799 2343 866 formis,
2383 802 2501 873 ipse
2530 802 2883 860 multiformis
2915 820 3039 860 cum
3083 809 3176 874 sit,
3213 812 3479 879 varietur,

1915 907 2024 946 non
2059 892 2236 948 minus
2288 900 2341 947 et
2373 908 2517 948 nunc
2567 910 2597 949 e
2642 903 2783 950 terra
2819 898 3114 956 ascendere
3146 917 3204 957 se
3235 904 3480 973 simulat,

1916 994 1969 1038 et
1997 984 2216 1037 clamat.
2267 982 2332 1037 Et
2383 983 2451 1037 ad
2496 986 2784 1041 ministerii
2832 988 2960 1043 bina
3004 993 3244 1047 membra
3292 994 3483 1067 ﬁguris

1916 1076 2287 1142 commutatis,
2320 1078 2487 1132 alium
2518 1079 2738 1148 quidem
2774 1083 3178 1151 ascendentem,
3207 1087 3276 1143 ab
3302 1104 3367 1143 eo
3384 1090 3479 1160 qui

1916 1168 1971 1222 in
2014 1177 2243 1225 vocante
2290 1178 2395 1233 est,
2436 1170 2658 1226 videtur
2684 1173 2754 1227 ob
2783 1174 2974 1229 oculos
3024 1177 3297 1235 exhibere.
3333 1179 3478 1238 ldem

1917 1276 2045 1315 vero
2073 1261 2442 1338 huc_illucque
2479 1262 2797 1319 discurrens
2826 1268 3038 1336 species
3077 1277 3271 1338 mutat,
3308 1283 3369 1327 ut
3400 1273 3481 1329 fa-

1916 1351 2022 1405 ctis
2062 1331 2516 1424 sermonibusque
2559 1354 2812 1409 ostendat
2860 1370 2919 1411 se
2964 1371 3088 1412 esse
3138 1361 3477 1421 mendacem.

1919 1439 2148 1497 Simulat
2174 1443 2354 1514 itaque
2376 1459 2639 1515 personas
2669 1446 2818 1516 ipsas
2844 1455 3185 1504 mortuorum
3218 1453 3475 1521 educere,

1917 1543 1976 1586 ut
2017 1549 2082 1589 ex
2131 1535 2206 1590 rei
2237 1544 2402 1606 gesta:
2434 1538 2575 1592 serie
2622 1537 2807 1593 videre
2854 1546 2959 1594 est.
3013 1538 3078 1593 Et
3120 1556 3246 1596 cum
3285 1543 3481 1599 tetrico

1916 1627 2067 1681 vultu
2091 1628 2268 1682 tristia
2295 1636 2507 1699 spectra
2531 1628 2656 1685 ficte
2678 1629 2923 1695 inducat,
2954 1633 3316 1703 universaque
3342 1648 3480 1689 mm-

240 1724 439 1800 θρωπά
485 1726 544 1780 δέ
587 1727 846 1798 φάσματα
890 1728 1286 1801 πεπλασμένως
1326 1731 1590 1800 εἰσάγων·
1633 1733 1727 1788 ὅλα
1757 1736 1814 1789 δὲ
1848 1722 1858 1750 ¹

1918 1724 2026 1780 sta,
2062 1724 2511 1790 mortuorumque
2541 1727 2735 1789 putore
2773 1722 2930 1791 plena
2974 1724 3291 1791 ostendens,
3320 1726 3479 1796 quasi

240 1816 467 1887 κατηφῆ
496 1818 589 1871 καὶ
615 1821 816 1891 νεκρᾶς
845 1819 1017 1891 ὀδμῆς
1046 1821 1288 1875 ἀνάπλεα
1320 1824 1620 1895 παριστῶν,
1646 1826 1721 1890 ὡς
1756 1826 1812 1894 ἐξ

241 1909 369 1975 ᾅδου
401 1911 713 1983 μετακεκλη
722 1911 853 1983 μένα
875 1914 1180 1980 δεινοποιεῖ,
1203 1915 1296 1968 καὶ
1319 1916 1569 1989 καθάπερ
1593 1918 1814 1990 εἱρκτῆς

236 2001 270 2070 ἥ
303 2001 523 2072 δεσμῶν
551 2003 812 2074 ἀνειμένα
842 2005 978 2077 πρὸς
1010 2005 1208 2075 ὀλίγον,
1223 2002 1351 2086 ,εἷτα
1380 2008 1539 2063 πάλιν
1568 2009 1814 2062 ἐντεῦθεν

239 2095 426 2146 ἐκεῖσε
454 2094 816 2149 διαϐαίνοντα.
859 2097 1147 2169 Τοιγάρτοι
1176 2100 1268 2153 καὶ
1308 2100 1673 2173 καταπλήττει
1703 2106 1813 2168 τοῖς

234 2184 461 2255 δεέμασι
496 2185 593 2259 τὴν
623 2186 798 2259 ψυχὴν
849 2190 914 2243 ἐκ
962 2189 1069 2244 τῶν
1096 2190 1304 2261 ὄψεων·
1353 2192 1505 2264 ὠχρά
1559 2193 1655 2265 μὲν
1697 2195 1811 2268 εἴδη

239 2277 500 2330 πλάττων
523 2294 538 2307 θ
588 2278 741 2349 δμμα
792 2279 849 2333 δὲ
897 2279 1151 2354 βλοσυρὸν
1203 2283 1236 2354 ἢ
1284 2285 1559 2357 κατηφὲς,
1611 2286 1705 2340 ἆτε
1751 2287 1814 2360 δὴ

235 2369 453 2440 νεκρῶν
482 2368 681 2441 ἀρτίως
717 2373 942 2442 ἐμπνεῖν
965 2414 979 2437 ,
1021 2375 1113 2428 καὶ
1155 2374 1312 2429 πάλιν
1354 2378 1811 2449 ὑπισχνουμένων.

238 2460 418 2514 Εῖωθε
442 2461 552 2535 γὰρ
582 2463 866 2536 ὑποκρίσει
896 2467 1389 2538 συσχηματίζεσθαι
1423 2472 1535 2534 τοῖς
1570 2468 1761 2535 δεινοῖς
1786 2473 1814 2526 6

239 2555 683 2628 πλαστογράφος.
737 2558 874 2612 Ἀλλ’
912 2558 1021 2613 ἐσθ’
1054 2561 1140 2614 ὅτε
1185 2561 1241 2615 δὲ
1288 2567 1567 2635 συνεργοῖς
1610 2565 1813 2619 ἀποκέ-

235 2665 445 2719 χρηται
473 2652 589 2713 τοῖς
608 2650 896 2722 ὁμοηθέσιν
924 2651 1071 2724 αὑτῷ
1096 2653 1343 2725 δαίμοσιν
1360 2672 1373 2685 °
1399 2654 1521 2709 οὔτε
1547 2655 1604 2709 δέ
1636 2657 1815 2727 ψυχὰς

233 2739 295 2804 ἐξ
352 2737 487 2810 ᾅδου
535 2742 949 2813 μεταπέμπεται
994 2745 1313 2816 προφητῶν·
1366 2745 1489 2799 οὑτε
1533 2746 1813 2818 πνεύματα

224 2830 492 2895 δικαίων,
523 2831 647 2887 οὕτε
685 2834 782 2899 τάς
807 2836 1097 2906 άγγελικάς
1127 2838 1301 2903 ἀξίας,
1340 2838 1475 2893 ἀλλὰ
1508 2840 1814 2895 τούναντίον

225 2926 465 2995 ἐγένετο
503 2928 601 2998 μὲν
647 2932 727 2995 εἰς
766 2931 825 2984 τὸ
873 2933 1297 2999 καταπιέζεσθαι
1338 2937 1475 3008 πρὸς
1507 2937 1614 2991 τῶν
1646 2937 1813 3007 ἀγγέ-

1924 1809 1991 1862 ab
2020 1806 2209 1866 inferis
2244 1818 2470 1867 evocata
2502 1810 2723 1867 horride
2756 1822 3134 1883 repraesentat,
3175 1823 3230 1872 et
3255 1816 3422 1872 veluti
3446 1831 3481 1873 a

1920 1917 2142 1957 (arcere
2163 1902 2506 1974 vinculisque
2538 1905 2734 1970 soluta,
2764 1921 2874 1961 non
2900 1907 2992 1961 diu
3022 1916 3144 1979 post
3172 1925 3388 1966 rursum
3409 1927 3480 1967 ex

1914 1992 2019 2050 hoc
2045 1995 2166 2051 loco
2201 1995 2331 2051 illuc
2364 2004 2723 2053 transmeare.
2772 1999 2915 2064 Quin
2951 1999 3061 2054 imo
3092 2008 3147 2055 et
3178 2001 3321 2057 visis
3345 2002 3481 2071 ipsis

1915 2093 2130 2142 terrore
2162 2087 2398 2157 percutit
2423 2088 2689 2152 animum,
2732 2090 2964 2160 pallidas
2994 2090 3200 2148 formas
3242 2093 3474 2164 ﬁngens,

1913 2187 1967 2233 et
2006 2180 2197 2235 oculos
2226 2180 2529 2236 horrendos
2567 2189 2732 2251 atque
2783 2181 3075 2247 demissos,
3108 2184 3298 2252 quales
3330 2199 3477 2238 mor-

1915 2281 2133 2326 tuorum
2167 2288 2292 2329 esse
2320 2274 2518 2340 solent,
2550 2274 2643 2344 qui
2672 2273 2900 2345 jamjam
2933 2276 3167 2330 animam
3196 2276 3375 2331 elllare
3396 2277 3480 2332 vi-

1914 2364 2129 2420 dentur.
2166 2364 2299 2420 Nam
2335 2366 2593 2422 similium
2642 2382 2824 2422 rerum
2863 2366 3017 2439 lictor
3042 2383 3140 2438 per
3172 2369 3479 2426 simulatio-

1915 2474 2036 2513 nem
2066 2459 2405 2515 terribilibus
2435 2459 2690 2514 omnibus
2720 2475 2840 2516 sese
2869 2462 3263 2519 accommodat.
3292 2462 3478 2529 Quan-

1914 2550 2092 2621 doque
2138 2552 2300 2607 etiam
2347 2567 2456 2606 non
2502 2550 2860 2607 dissimilibus
2905 2552 2990 2607 sui
3029 2552 3367 2609 daemonibus
3406 2553 3477 2609 ad

1912 2660 2049 2716 opus
2074 2648 2300 2703 ascitis:
2336 2647 2431 2704 sed
2476 2661 2653 2715 neque
2694 2646 3080 2716 prophetarum
3104 2649 3335 2716 animas,
3379 2664 3480 2705 ne-

1914 2755 2020 2810 que
2050 2738 2325 2809 justorum
2372 2740 2624 2810 spiritus,
2673 2733 2851 2810 nedue
2882 2739 3172 2810 dignitates
3202 2742 3479 2811 angelicas

1914 2832 1983 2886 ab
2016 2831 2205 2888 inferis
2250 2833 2469 2901 educit;
2499 2834 2633 2904 quin
2669 2850 2738 2889 ex
2788 2834 3018 2889 adverso
3052 2833 3121 2888 ab
3150 2835 3356 2905 angelis
3378 2835 3478 2889 de-

1916 2924 2189 2994 primitur,
2241 2924 2512 2997 datusque
2561 2934 2647 2983 est
2694 2925 2917 2997 Optimis
2956 2926 3113 2991 viris,
3159 2933 3220 2980 ut
3264 2925 3477 2982 abillis

220 3020 346 3078 λων
367 3038 384 3051 ·
415 3020 632 3095 ἐξεδόθη
661 3023 717 3077 δὲ
743 3027 855 3088 τοῖς
900 3026 1141 3098 ἀρίστοις
1183 3026 1470 3101 ἀνδράσιν,
1525 3028 1662 3084 ὥστε
1709 3046 1815 3084 πα-
1842 3055 1858 3108 ς

1917 3017 2336 3073 conculcaretur
2371 3018 2521 3075 humi
2550 3018 2756 3074 effusus
2786 3019 3200 3088 disruptusque.
3253 3016 3359 3072 Sed
3388 3016 3481 3073 hic

224 3113 457 3168 τεῖσθαι
490 3117 702 3188 πρηνὴς
727 3119 805 3181 εἰς
832 3116 1092 3189 τοῦδαφος
1112 3120 1460 3193 ἀπορραγείς.
1498 3121 1635 3174 Ἀλλ’
1662 3118 1814 3188 οὗτος

1916 3128 1945 3164 a
1976 3112 2247 3182 supremis
2272 3112 2378 3166 illis
2410 3120 2565 3182 raptu
2600 3112 2835 3167 violento
2862 3111 3096 3174 deletus,
3128 3117 3279 3181 terga
3301 3109 3476 3166 illisit.

231 3206 345 3275 μὲν
380 3209 448 3260 ἐκ
495 3206 602 3260 τῶν
630 3196 917 3276 ἀνωτάτω,
961 3210 1246 3284 ῥοιζήματι
1289 3212 1446 3286 βιαίῳ
1476 3216 1816 3287 κατενεχθεὶς

1922 3202 2103 3259 Solius
2128 3220 2257 3259 vero
2289 3202 2383 3259 Dei
2420 3204 2807 3273 omnipotentis
2848 3212 2953 3270 est,
2985 3202 3214 3274 ejusque
3246 3202 3481 3258 divinis-

227 3299 584 3371 ὑπεστόρεσε
603 3299 671 3354 τὰ
694 3302 855 3355 νῶτα·
892 3303 1035 3376 μόνῳ
1062 3304 1119 3359 δέ
1141 3305 1217 3377 τῷ
1248 3306 1643 3380 παντοκράτορι
1676 3309 1818 3380 πάρα

1920 3296 2044 3350 simi
2080 3293 2198 3350 Filii
2232 3297 2444 3352 animas
2473 3296 2541 3350 ab
2570 3295 2760 3353 inferis
2782 3295 3037 3361 educere,
3062 3303 3348 3366 coetusque
3377 3309 3479 3350 an-

234 3406 364 3444 εςτι
407 3390 530 3461 Θεῷ
571 3392 663 3445 καὶ
711 3392 789 3464 τῷ
840 3394 1096 3467 θειοτάτῳ
1150 3396 1341 3451 τούτου
1390 3399 1548 3453 Παιδὶ
1595 3399 1816 3468 ἀνάγειν

1921 3388 2163 3459 gelorum
2186 3388 2378 3443 ordine
2417 3396 2658 3445 astantes
2700 3389 2923 3454 habere,
2970 3391 3113 3461 quod
3142 3390 3340 3446 divina
3378 3403 3478 3445 na—

240 3483 428 3554 ἰἶδυκάς
453 3486 513 3551 ἐξ
544 3485 672 3558 ᾅδου
691 3504 706 3517 ·
735 3487 829 3542 καὶ
853 3489 1046 3561 χοροὺς
1087 3489 1333 3559 ἀγγέλων
1365 3493 1424 3546 ἐν
1462 3490 1613 3558 τάξει
1649 3511 1817 3566 παρε-

1920 3487 2057 3536 tura:
2084 3480 2387 3552 proprium,
2424 3480 2686 3537 eximium
2707 3497 2774 3537 ac
2806 3481 3084 3554 singulare
3106 3492 3208 3539 est.

249 3573 466 3638 στῶτας
495 3575 658 3648 ἔχειν,
693 3578 829 3651 ὅπερ
867 3579 996 3634 ῐδιον
1031 3579 1280 3655 ἔκκριτον
1319 3583 1553 3656 ὑπάρχει
1593 3584 1692 3657 τῆς
1719 3582 1813 3639 τοῦ

254 3665 405 3720 θείου
436 3669 658 3738 φύσεως.

288 3821 512 3838 “—

1097 3974 1659 4107 SANCTI
1774 3973 2636 4105 EUSTATHII

1426 4213 1784 4277 EPISCOPI
1815 4213 2311 4278 ANTIOCHENI

421 4396 1112 4491 ALLOCUTIO
1184 4397 1331 4486 AD
1415 4395 2281 4490 lMPEBATOREM
2355 4398 3304 4497 CONS'I‘ANTINUM

1527 4607 1590 4651 IN
1624 4609 1912 4655 CONCILIO
1948 4611 2221 4657 NICBNO.

365 4762 521 4824 (Apud
549 4763 844 4828 Gregorium
868 4763 1210 4827 presbyterum
1231 4762 1600 4826 Casariensem,
1626 4764 1763 4815 Orat.
1784 4756 1837 4810 in
1856 4756 2084 4811 Nicaeum
2105 4761 2311 4821 Patres;
2337 4772 2402 4810 ex
2423 4759 2697 4812 Combelisil
2723 4766 2918 4815 Auctar.
2946 4760 3143 4823 κονίει..
3168 4762 3232 4827 ll,
3250 4762 3386 4829 555.)

337 4984 762 5060 Εὑχαριστοῦμεν
817 4983 955 5055 Θεῷ,
1011 4984 1265 5056 κράτιστε
1319 4980 1560 5053 βασιλεῦ,
1601 4983 1679 5056 τῷ
1714 4986 1858 5059 τὴν]

1993 4986 2103 5042 Deo
2132 4986 2335 5058 gratias
2364 4984 2605 5056 agimus,’
2630 4985 2833 5055 Optime
2879 4984 3194 5057 imperator,
3237 4986 3330 5057 qui
3362 4993 3469 5043 ter-

274 5078 492 5147 ἐπίγειον
533 5075 841 5133 ωνθὺνοντί
873 5094 953 5130 σοι
1002 5075 1273 5147 βασιλείαν
1297 5092 1310 5105 ·
1357 5075 1435 5148 τῷ
1463 5077 1562 5149 τὴν
1611 5076 1816 5150 πλάνην

1921 5095 2112 5137 renum
2146 5080 2240 5134 tibi
2270 5078 2553 5147 imperium
2576 5077 2760 5149 dirigit
2794 5097 2808 5134 :
2840 5077 2934 5148 qui
2953 5079 3366 5134 simulacrorum
3389 5095 3469 5136 er-

271 5168 370 5223 τῶν
393 5172 618 5225 εἰδώλων
646 5169 734 5224 διά
768 5168 860 5223 σοῦ
903 5169 1325 5239 καταργήσαντι,
1354 5169 1447 5222 καὶ
1475 5168 1583 5223 τῶν
1613 5169 1816 5225 πιστῶν

1923 5186 2099 5226 rorem
2127 5186 2223 5242 per
2249 5179 2303 5226 te
2327 5169 2581 5233 abolevit,
2615 5183 2679 5223 ac
2711 5185 2895 5240 azquos
2924 5168 3158 5226 ﬁdelium
3188 5170 3397 5227 animos
3418 5171 3474 5227 in

272 5267 653 5336 καταστήσαντι
694 5262 751 5316 ἐν
798 5259 1076 5333 παρρησίᾳ
1110 5258 1202 5313 τὸν
1251 5257 1500 5330 εὔθυμον.
1536 5258 1815 5315 Πέπαυται

1924 5266 2170 5320 libertate
2226 5263 2530 5319 collocavit.
2591 5262 2837 5319 Cessavit
2889 5261 3197 5318 daemonum
3245 5263 3403 5319 nidor
3452 5280 3473 5322 :

270 5357 450 5411 κνίσσα
480 5356 744 5427 δαιμόνων
764 5372 775 5385 ·
806 5352 1160 5408 καταλέλυται
1187 5351 1473 5417 πολυθεῑας
1505 5352 1815 5425 Ἑλληνικῆς

1923 5356 2208 5426 multiplici
2236 5357 2460 5415 deorum
2495 5356 2646 5410 cultu
2697 5371 2886 5412 eversa
2934 5363 3019 5412 est
3047 5356 3332 5426 gentilium
3377 5373 3476 5412 su-

266 5449 328 5502 τά
346 5449 656 5519 σεὸἀσματα
673 5464 687 5477 ο
719 5445 779 5499 τὸ
804 5445 903 5515 τῆς
932 5442 1203 5512 ἀγνωσίας
1231 5441 1585 5497 ἀπελαύνεται
1608 5444 1813 5506 σκότος·

1919 5446 2170 5516 perstitio
2208 5465 2221 5500 :
2256 5446 2602 5516 expelluntur
2644 5447 2880 5502 tenebris
2939 5447 3233 5517 impietatis
3283 5466 3296 5503 :
3350 5447 3476 5505 illu-

264 5542 334 5614 τῷ
359 5543 458 5611 τῆς
495 5537 819 5606 θεογνωσίας
847 5533 984 5605 φωτὶ⁸
1016 5537 1048 5606 ὴ
1075 5532 1362 5605 οἰκουμένη
1396 5531 1813 5603 καταυγάζεταιο

1920 5543 2125 5592 stratur
2158 5536 2309 5590 orbis
2336 5542 2603 5590 terrarum
2636 5536 2759 5590 luce
2791 5536 2986 5591 divinae
3012 5537 3270 5592 scientiae.
3313 5535 3467 5596 Pate.

266 5634 448 5704 Πατὴρ
470 5629 823 5698 δοξολογεῖται
840 5644 853 5657 ο
884 5626 1009 5690 Υἱὸς
1029 5626 1517 5696 συμπροσκυνεῖται
1535 5640 1548 5653 ’
1573 5624 1635 5676 τὸ
1657 5624 1820 5678 Πνεῦ-

1917 5623 2272 5695 glorificatur,
2334 5622 2507 5679 Filius
2565 5625 2726 5679 simul
2773 5624 3052 5690 adoratur,
3118 5627 3479 5682 annuntiatur

264 5739 333 5794 μα
378 5719 442 5772 τὸ
485 5718 637 5787 ἀγιον
684 5713 1129 5785 καταγγέλλεται·
1163 5712 1333 5786 Τριάς
1368 5713 1677 5785 δμοοὺσιος,
1720 5714 1818 5785 μία

1919 5713 2155 5782 Spiritus
2183 5721 2453 5771 sanctus:
2509 5710 2748 5770 Trinitas
2803 5713 3313 5782 consubstantialis,
3363 5729 3483 5777 una
