3898 6196
576 204 683 261 675

1590 205 1649 261 S.
1684 203 2057 262 EUS'I'ATHII
2095 204 2402 262 EPISCOPI
2439 202 2854 261 ANTIOCHENI
3617 211 3698 266 676

575 320 836 380 divinitas
865 322 922 378 in
941 323 1120 378 tribus
1142 321 1393 392 personis
1439 329 1494 378 et
1520 320 1908 395 hypostasibus
1931 326 2125 395 pradi-

2234 324 2422 395 θεότης
2452 324 2509 376 ἐν
2537 322 2683 395 τρισὶ
2717 321 3022 394 προσώποις
3055 325 3147 377 καὶ⁵
3171 325 3467 378 ὑποστάσεσι
3491 323 3702 395 κηρύττε-

576 422 757 472 catur.
806 413 912 470 Per
958 428 1103 475 eam.
1150 413 1465 482 imperator,
1508 416 1752 470 munitur
1780 424 1888 471 tua:
1915 418 2132 486 pietatis

578 506 899 578 imperium;
927 518 1044 558 eam
1075 504 1232 559 nobis
1254 521 1409 560 serva
1442 506 1773 563 inviolatam.
1810 506 2003 563 Nullus
2025 509 2133 563 ha:-

577 602 781 654 reticus
829 596 882 649 in
923 594 1225 651 Ecclesiam
1270 598 1587 653 subintrans
1641 614 1807 653 unum
1854 600 2057 669 aliquid
2101 615 2132 654 a

578 686 847 742 Trinitate
877 682 1112 748 aul'erat,
1137 684 1255 739 sine
1278 685 1484 740 honore
1516 685 1874 756 aﬂ‘ectumque
1904 686 2134 756 ignomi-

577 779 670 833 nia
701 776 1037 848 relinquens,
1063 775 1208 846 quod
1235 785 1321 832 est
1343 778 1631 847 reliquum.
1663 777 1826 832 Arius
1858 777 2018 833 nobis
2037 778 2132 848 qui

577 885 609 926 ιι
639 868 823 924 furore
844 884 1042 923 nomen
1076 870 1307 940 accepit,
1338 869 1602 925 orationis
1620 884 1785 924 causa
1817 877 1901 925 est
1924 878 1977 925 et
2000 886 2133 924 con-

577 969 814 1029 ventus;
860 960 955 1031 qui
981 961 1169 1015 nescio
1196 959 1491 1031 quomodo,
1524 959 1581 1014 in
1610 958 1866 1014 Ecclesia:
1902 960 2134 1015 Alexan-

579 1054 752 1108 drinae
794 1052 1197 1124 presbyterium
1244 1052 1493 1116 allectus,
1534 1052 1901 1107 nescientibus
1946 1052 2129 1117 nobis,

580 1143 791 1198 alienus
832 1158 863 1197 a
905 1143 1152 1199 doctrina
1177 1143 1618 1199 beatissimorum
1646 1143 2030 1213 prophetarum
2076 1153 2130 1198 et

578 1236 950 1307 apostolorum
982 1235 1235 1292 inventus
1280 1235 1403 1291 fuit.
1458 1234 1808 1306 Unigenitum
1851 1236 1995 1291 enim
2041 1234 2134 1289 Fi-

579 1328 712 1384 lium
744 1338 798 1385 et
830 1327 1065 1385 Verbum
1094 1326 1273 1383 Patris
1312 1344 1421 1382 non
1464 1337 1684 1382 veretur
1730 1327 1973 1397 ejusdem
2006 1343 2131 1383 cum

577 1420 757 1477 Patris
782 1422 1101 1478 substantia
1142 1421 1419 1477 consortio
1450 1423 1681 1491 privare,
1713 1428 1767 1475 et
1794 1419 2127 1485 Creatorem,

578 1520 840 1567 creaturae
865 1513 1063 1577 cultor,
1094 1513 1375 1567 contendit
1403 1514 1601 1570 creatis
1647 1528 1955 1570 accensere.
1994 1512 2130 1569 Eum

578 1611 759 1659 autem
807 1605 1167 1675 persuaseris,
1214 1606 1530 1675 imperator,
1594 1614 1800 1660 mutata
1863 1606 2129 1662 sententia

2231 432 2340 469 ται.
2370 413 2553 486 Ταύτῃ
2579 413 2889 484 τειχίζεται,
2923 414 3150 484 βασιλεῦ,
3175 415 3234 468 τὸ
3263 416 3352 486 τῆς
3376 412 3615 480 εὐσεϐείας
3636 436 3703 475 σου

2233 507 2428 579 κράτος
2451 523 2465 536 ·
2521 505 2723 576 ταύτην
2779 509 2912 577 ἡμῖν
2956 506 3143 562 ἄσυλον
3190 506 3505 577 διαφύλαττε.
3550 510 3708 578 Μηδεὶς

2231 598 2521 672 αἱρετικδς,
2553 597 2752 661 ὑποδὺς
2800 599 2898 669 τὴν
2935 598 3264 670 Ἐκκλησίαν,
3301 598 3355 652 ἐν
3393 616 3440 652 τι
3472 600 3557 669 τῆς
3581 601 3708 671 Τριά-

2230 692 2318 756 δος
2342 692 2662 762 ἀφαιρείτω,
2697 691 3112 761 καταλιμπάνων
3141 692 3203 745 τὸ
3221 691 3508 761 λειπόμενον
3544 692 3710 762 ἄτιμον.

2236 781 2452 851 Ἄρειος
2491 781 2620 850 ἡμῖν
2645 782 2674 832 ό
2704 779 2804 850 τῆς
2841 781 3033 850 μανίας
3074 779 3347 851 ἐπώνυμος
3377 780 3460 833 τοῦ
3490 781 3622 849 λόγου
3644 782 3713 835 καὶ

2232 872 2331 942 τῆς
2363 871 2723 935 συνελεύσεως
2756 872 2956 935 αίτιος·
2994 872 3071 935 ὃς,
3107 872 3180 935 ὡς
3200 873 3297 925 οὐκ
3328 871 3470 942 ίσμεν
3499 874 3638 936 ὅπως,
3657 872 3714 943 τῷ

2235 961 2606 1034 πρεσϐυτερίῳ
2651 962 2751 1033 τῆς
2802 962 3180 1036 Ἀλεξανδρέων
3226 964 3575 1032 ἐγκαταλεγεὶς
3625 964 3717 1017 Ἐκ-

2233 1050 2476 1123 κλησίας,
2526 1053 2810 1108 ἐλάνθανεν
2856 1056 3030 1125 ἡμᾶς,
3080 1055 3179 1125 τῆς
3221 1054 3325 1108 τῶν
3378 1055 3719 1126 τρισμακαρίων

2232 1144 2523 1217 προφητῶν
2553 1147 2648 1199 καὶ
2675 1146 2985 1200 ἀποστόλων
3006 1146 3341 1210 διδασκαλίας
3359 1148 3586 1218 ὑπάρχων
3603 1148 3720 1200 ἀλλό-

2229 1254 2399 1308 τριος.
2423 1237 2524 1291 Τὸν
2549 1236 2657 1308 γὰρ
2686 1238 2939 1308 μονογενῆ
2978 1237 3106 1289 Υίὸν
3134 1239 3227 1291 καὶ
3254 1238 3416 1305 Λόγον
3438 1237 3521 1291 τοῦ
3555 1237 3721 1309 Πατρδς

2230 1329 2548 1399 ἀποστερεῖν
2575 1329 2673 1400 τῆς
2701 1329 3111 1399 ὁμοουσιότητος
3135 1328 3226 1382 τοῦ
3255 1329 3453 1399 Πατρὸς
3478 1329 3565 1381 οὐκ
3583 1329 3721 1398 ἐντρέ-

2233 1438 2414 1487 πεται,
2448 1421 2540 1474 καὶ
2562 1424 2625 1492 τῇ
2654 1421 2825 1475 κτίσει
2856 1422 2946 1475 τὸν
2968 1421 3190 1492 κτίστην
3208 1422 3237 1473 ὁ
3265 1420 3610 1492 κτιστολάτρης
3631 1438 3724 1473 συν-

2231 1511 2481 1584 αριθμείν
2509 1512 2807 1581 ἐπείγεται.
2832 1512 3026 1565 Τοῦτον
3048 1512 3114 1566 ἂν
3140 1513 3391 1576 πείσειας,
3411 1513 3720 1582 αὐτοκράτωρ.

2235 1606 2687 1679 μεταφρονοῦντα,
2726 1609 2838 1670 τοῖς
2868 1607 3239 1670 ἀποπολικοῖς
3271 1606 3342 1677 μὴ
3370 1606 3640 1660 ἀντιτείνειν
3664 1603 3722 1657 διο

578 1709 687 1749 non
714 1709 1018 1765 repugnare
1057 1695 1375 1766 apostolicis
1404 1695 1699 1765 doctrinis;
1749 1704 1843 1751 aut
1885 1697 1931 1751 si
1963 1697 2019 1751 in
2052 1696 2125 1751 si-

2228 1698 2492 1769 δάγμασιν
2511 1716 2524 1728 ·
2566 1698 2600 1768 ἢ
2633 1700 2742 1762 τοῖς
2777 1699 2835 1752 ἐν
2862 1693 2942 1761 οἷς
2971 1698 3115 1752 ἑάλω
3141 1698 3443 1762 κακοδοξίας
3474 1696 3722 1765 ἐγκείμενον

577 1785 766 1843 nistrat
790 1786 1061 1857 opinionis
1091 1788 1251 1857 cujus
1276 1797 1358 1845 est
1377 1789 1680 1855 convictus,
1709 1789 1983 1860 impietate
2004 1804 2131 1861 per-

578 1877 801 1942 stiterit,
828 1894 861 1933 ιι
888 1877 1094 1935 Christi
1122 1889 1177 1935 et
1201 1891 1391 1936 nostro
1416 1888 1560 1936 cmtu
1607 1896 1832 1951 prorsus
1867 1881 2128 1936 extermi-

577 1971 817 2039 nsveris,
841 1988 909 2027 ne
931 1972 1321 2043 simpliciorum
1349 1975 1564 2031 animus
1585 1975 1821 2030 turbidis
1840 1975 2128 2031 verborum

579 2075 802 2118 suorum
837 2063 1123 2121 lenociniis
1145 2062 1445 2136 depraedari
1465 2065 1767 2137 contingat.

2233 1790 2587 1862 ἀσεϐήμασιν,
2610 1790 2779 1862 ἄρδην
2801 1790 2900 1860 τῆς
2928 1791 3177 1863 Χριστοῦ
3192 1792 3283 1845 καὶ
3304 1789 3449 1861 ἡμῶν
3473 1789 3725 1858 ἀφανίσειας

2234 1882 2528 1946 ἐπαύλεως,
2566 1881 2642 1944 ὡς
2674 1880 2740 1934 ἂν
2772 1882 2848 1953 μὴ
2877 1883 2975 1953 τῆς
3003 1881 3228 1953 θολερᾶς
3255 1881 3409 1934 αύτοῦ
3430 1879 3724 1948 λογοθωπείας

2231 1973 2330 2053 τὰς
2354 1973 2460 2027 τῶν
2488 1972 2865 2047 ἁπλουστέρων
2893 1973 3071 2046 ψυχὰς
3107 1975 3394 2046 ἐργάσηται
3426 1972 3627 2046 θέραμα.

1759 2386 2625 2504 FRAGMENTA

949 2627 1058 2690 EX
1088 2627 1342 2709 LIBRIS
1385 2627 1450 2689 S.
1494 2624 1915 2687 EUSTATHII
1977 2620 2324 2686 EPISCOPI
2394 2624 2891 2689 ANTIOCHENI
2919 2625 3402 2689 DEPERDITIS

716 2870 773 2926 In
801 2869 932 2926 illud
960 2868 1217 2923 Proverb.
1251 2882 1369 2931 vnt,
1394 2865 1485 2932 22,
1514 2868 1768 2922 Dominus
1798 2868 1993 2922 creavit
2024 2886 2123 2924 me.
2152 2898 2222 2909 -—
2253 2867 2406 2939 Apud
2442 2866 2855 2936 Theodoritum,
2896 2870 2992 2926 lib.
3031 2886 3049 2926 ι
3087 2868 3239 2927 Hist.
3268 2872 3412 2935 εδει..
3443 2886 3549 2941 cap.
3574 2871 3618 2925 8.

645 2981 869 3041 Veniam
900 2991 1080 3038 autem
1108 2996 1252 3036 nunc
1279 2981 1347 3036 ad
1376 2998 1438 3037 ea
1469 2999 1588 3053 qua:
1616 2992 1765 3055 gesta
1801 2994 1948 3041 sunt.
1981 2985 2121 3052 Quid

2298 2983 2592 3055 Βαδιοῦμαι
2638 2983 2694 3038 δέ
2745 2984 2991 3040 ἐντεῦθεν
3041 2986 3149 3058 ἤδη
3195 2988 3285 3040 καὶ
3327 2986 3415 3041 ἐπὶ
3467 2985 3526 3038 τά
3560 2998 3721 3054 πεπρα·

574 3077 783 3150 igitur?
831 3076 964 3132 Cum
998 3076 1068 3130 ob
1092 3090 1185 3130 eas
1218 3090 1306 3130 res
1339 3076 1572 3130 maxima
1619 3077 1858 3149 synodus
1890 3078 2123 3134 Nicaeam

575 3170 936 3233 convenisset,
989 3168 1239 3223 ducentis
1269 3168 1489 3223 circiter
1519 3183 1583 3223 ac
1616 3171 1957 3240 septuaginta
2007 3171 2125 3241 epi-

575 3263 754 3332 scopis
784 3264 983 3333 (neque
1010 3260 1155 3315 enim
1185 3276 1470 3316 numerum
1504 3269 1654 3319 certo
1673 3262 1874 3317 referre
1906 3279 2125 3333 possum

574 3357 644 3411 ob
673 3357 941 3427 ingentem
966 3362 1266 3410 conventus
1297 3355 1443 3410 illius
1481 3356 1902 3419 multitudinem,
1929 3358 2128 3427 quippe

571 3462 695 3503 cum
724 3462 822 3501 nec
843 3446 895 3500 in
932 3462 998 3502 eo
1020 3447 1391 3517 investigando
1418 3448 1573 3502 valde
1602 3449 1855 3504 curiosus
1886 3448 2123 3518 fuerim),

572 3549 860 3611 postquam
885 3540 951 3595 de
974 3540 1134 3595 modo
1169 3540 1292 3595 ﬁdei
1322 3541 1489 3611 quaeri
1515 3548 1751 3611 coeptum
1780 3548 1882 3607 est,
1913 3539 2126 3594 libellus

572 3631 792 3688 Eusebii
830 3631 1075 3701 prolatus
1104 3637 1188 3684 est
1222 3630 1279 3684 in
1328 3629 1584 3693 medium,
1634 3630 1751 3698 ejus
1778 3628 2126 3699 blasphemia:

570 3722 933 3777 certissimum
963 3728 1360 3790 argumentum.
1395 3721 1497 3786 Qui
1524 3735 1649 3775 cum
1684 3720 1860 3789 palam
1901 3718 2127 3774 audien-

569 3814 715 3869 tibus
746 3812 960 3867 cunctis
1019 3812 1277 3867 recitatus
1311 3810 1532 3881 fuissetf,
1571 3812 1752 3867 statim
1787 3811 2124 3868 auditoribus

569 3909 786 3981 quidem
822 3910 1149 3964 immensum
1210 3907 1453 3961 dolorem
1508 3909 1689 3962 attulit
1744 3908 1813 3962 ob
1863 3907 2125 3962 doctrinae

569 4006 885 4076 pravitatem
919 4022 931 4057 :
969 4010 1241 4057 auctorem
1272 4011 1449 4058 autem
1486 4002 1664 4072 ipsum
1694 4001 1895 4071 ingenti
1921 4001 2124 4071 pudore

570 4113 634 4153 ac
678 4098 940 4151 dedecore
971 4093 1168 4150 aﬂ'ecit.
1223 4094 1394 4151 Porro
1426 4112 1549 4149 cum
1580 4094 2008 4150 Eusebianorum
2039 4094 2123 4150 of-

571 4192 729 4246 ﬁcina
753 4189 865 4258 jam
887 4189 1098 4243 detecta
1128 4196 1295 4254 esset,
1321 4198 1374 4244 et
1399 4187 1597 4258 impius
1632 4188 1844 4243 libellus
1885 4188 1939 4241 in
1988 4201 2121 4240 con-

571 4291 755 4353 spectu
788 4277 1027 4334 omnium
1085 4276 1436 4347 discerptus;
1499 4277 1719 4347 quidam
1770 4277 2122 4331 nihilominus

2230 3077 2425 3148 γμένα.
2462 3076 2527 3128 Τί
2561 3071 2684 3142 οὖν;
2716 3066 2899 3149 ἐπειδὴ
2923 3077 3009 3131 διὰ
3034 3078 3211 3131 ταῦτα
3242 3078 3445 3140 σύνοδος
3464 3079 3533 3139 είς
3555 3074 3633 3146 τὴν
3654 3072 3723 3124 Νι·

2230 3171 2405 3226 καέων
2435 3171 2739 3241 ἀφικνεῖται
2773 3172 3029 3243 μεγίστη,
3075 3173 3367 3228 διακοσίων
3400 3175 3517 3244 μήτι
3560 3188 3611 3238 γε
3657 3169 3723 3221 καὶ

2232 3262 2596 3333 ἐϐδομήκοντα
2622 3263 2710 3315 τὸν
2736 3264 2963 3335 ἀριθμὸν
2990 3264 3161 3335 ὁμόσε
3188 3266 3550 3336 συναχθέντων
3576 3263 3625 3315 τὸ
3645 3259 3722 3329 γὰρ

2233 3353 2398 3423 σαφὲς
2436 3353 2524 3405 διὰ
2565 3353 2656 3408 τὸν
2703 3354 2802 3422 τῆς
2844 3355 3210 3427 πολυανδρίας
3252 3357 3401 3428 ὄχλον
3428 3358 3518 3426 οὐχ
3561 3348 3649 3415 οἷός
3680 3351 3722 3403 τέ

2230 3447 2345 3515 είμι
2369 3443 2615 3515 γράφειν,
2633 3445 2815 3516 ἐπειδὴ
2839 3445 2912 3516 μὴ
2941 3447 3119 3518 πάντη
3146 3449 3303 3502 τοῦτο
3324 3446 3722 3520 περισπουδάστως

2230 3535 2536 3605 ἀνίχνευον·
2573 3535 2648 3598 ὡς
2681 3535 2736 3588 δὲ
2785 3534 3028 3606 ἐζητεῖτο
3070 3539 3177 3609 τῆς
3234 3540 3458 3602 πίστεως
3499 3540 3523 3589 ό
3555 3535 3722 3606 τρόπος,

2230 3624 2460 3695 ἐναργὴς
2492 3624 2594 3695 μὴν
2629 3624 2845 3695 ἔλεγχος
2876 3626 2936 3678 τὸ
2964 3628 3202 3699 γράμμα
3229 3629 3326 3700 τῆς
3352 3627 3581 3681 Εύσεϐίου
3605 3622 3726 3694 1:906-

2231 3713 2451 3769 ϐάλλετο
2485 3714 2847 3786 βλασφημίας.
2909 3717 3031 3770 Ἐπὶ
3075 3720 3299 3774 πάντων
3340 3720 3395 3773 δέ
3425 3715 3723 3786 ἀναγνωσθὲν.

2228 3806 2425 3860 αὐτίκα
2478 3807 2758 3878 συμφοράν
2814 3807 2918 3880 μὴν
2974 3810 3326 3883 ἀστάθμητον
3373 3814 3463 3884 τῆς
3507 3806 3725 3880 ἐκτροπῆς

2229 3900 2389 3953 ἕνεκα
2441 3903 2551 3964 τοῖς
2584 3901 2869 3970 αύτηκόοις
2904 3902 3227 3974 προύξένει’
3275 3906 3519 3976 αἰσχύνην
3553 3902 3590 3955 δ’
3623 3900 3725 3969 ἀνή-

2228 4006 2415 4043 κεστον
2444 3990 2523 4062 τῷ
2555 3991 2825 4063 γράψαντι
2866 3996 3148 4064 παρεῖχεν.
3201 3997 3413 4067 Ἐπειδὴ
3444 3996 3493 4048 δὲ
3515 3993 3564 4045 τὸ
3590 3993 3724 4061 ἐργα-

2231 4083 2449 4154 στήριον
2476 4083 2582 4138 τῶν
2606 4085 2747 4155 ἀμφὶ
2774 4085 2863 4138 τὸν
2888 4085 3144 4140 Εὑσὲϐιον
3166 4091 3360 4158 σαφῶς
3384 4088 3517 4147 ἑάλω,
3540 4082 3614 4136 τοῦ
3638 4099 3722 4133 πα-

2230 4176 2462 4247 ρανόμου
2492 4178 2815 4249 γράμματος
2852 4177 3245 4249 διαρῤαγέντος
3278 4182 3368 4235 ὑπ’
3404 4181 3498 4248 ὁψει
3524 4176 3714 4231 πάντων,

2228 4267 2360 4337 όμοῢ
2393 4286 2535 4333 τινες
2568 4270 2630 4322 ἐκ
2663 4269 2948 4339 συσκευῆς,
2973 4269 3214 4342 τοῦνομα
3245 4272 3616 4348 προϐαλλόμενοι
3640 4264 3722 4334 τῆς

568 4390 636 4430 ει
667 4372 966 4440 composito
998 4384 1193 4425 nomen
1227 4372 1378 4441 pacis
1432 4368 1828 4439 praetendentes
1848 4407 1863 4433 ,
1899 4367 2124 4436 reliquis

2230 4361 2469 4431 είρήνης,
2504 4361 2864 4431 κατεσίγησαν
2906 4362 3002 4433 μὲν
3042 4363 3295 4430 ἅπαντας
3326 4368 3443 4429 τοὺς
3468 4364 3631 4434 ἄριστα
3652 4356 3726 4409 λέ-
3766 4430 3777 4449 ι

568 4465 821 4519 omnibus
849 4463 940 4533 qui
974 4463 1177 4532 optima
1215 4463 1395 4517 dicere
1453 4466 1895 4524 consueverant,
1956 4459 2123 4515 silen-

568 4555 705 4612 tium
741 4557 1133 4627 imposuerunt.
1165 4554 1351 4607 Ariani
1381 4568 1529 4616 vero,
1565 4557 1868 4606 metuentes
1922 4567 2012 4613 ne.
2044 4557 2123 4606 tot

568 4649 838 4720 episcopis
880 4649 938 4703 in
973 4664 1140 4703 unum
1164 4645 1524 4716 congregatis,
1558 4644 1663 4715 ipsi
1698 4643 1939 4698 Ecclesia
1961 4644 2125 4713 ejice-

568 4748 777 4808 rentur,
799 4740 852 4793 in
876 4739 1111 4794 medium
1139 4738 1505 4810 prosilientes,
1527 4736 1721 4806 dogma
1750 4734 1891 4804 quod
1919 4734 2121 4804 impro-

567 4833 751 4889 batum
774 4830 969 4894 fuerat,
999 4830 1343 4885 anathemate
1364 4828 1714 4891 damnarunt,
1734 4834 1787 4880 et
1818 4825 2001 4887 libello
2028 4827 2122 4896 qui

568 4924 813 4979 unanimi
836 4923 1073 4977 omnium
1102 4936 1374 4977 consensu
1406 4920 1751 4989 conscriptus
1776 4917 1968 4982 fuerat,
1996 4934 2123 4989 pro-

566 5018 684 5089 pria
712 5030 875 5072 manu
891 5013 1354 5085 subscripserunt.
1383 5010 1585 5067 Verum
1618 5012 1915 5083 episcopali
1944 5012 2122 5082 digiti-

567 5115 679 5164 tate
710 5123 805 5179 per
846 5106 1108 5161 ambitum
1135 5112 1190 5160 et
1215 5104 1468 5161 assiduas
1517 5102 1977 5174 interpellationes
2031 5118 2119 5157 re-

567 5210 738 5267 tenta,
778 5216 901 5256 cum
931 5212 1026 5253 eos
1061 5189 1429 5269 paenitentiam
1458 5210 1617 5267 agere
1644 5203 1938 5267 oporteret,
1968 5196 2122 5251 dam-

567 5300 725 5349 natas
779 5291 1059 5364 Opiniones
1100 5304 1245 5344 nunc
1294 5288 1455 5353 clam,
1509 5303 1657 5343 nunc
1702 5298 1886 5359 aperte
1932 5288 2121 5344 defen-

567 5383 723 5445 dunt,
746 5384 913 5439 variis
932 5378 1490 5456 argumentationibus
1515 5378 1858 5438 insidiantes.
1893 5378 2123 5452 Cupien-

565 5481 655 5529 tes
680 5482 857 5529 autem
886 5474 1219 5530 zizaniorum
1252 5472 1456 5528 semina
1484 5472 1748 5536 stabilire,
1796 5473 1999 5543 peritos
2023 5473 2120 5526 ho-

564 5565 737 5620 mines
752 5563 1125 5629 reformidant,
1150 5573 1202 5620 et
1223 5578 1445 5634 sagaces
1462 5565 1797 5634 inspectores
1810 5564 2081 5633 refugiunt
2100 5582 2112 5616 :

567 5662 725 5727 atque
757 5653 959 5712 idcirco
988 5654 1206 5725 pietatis
1234 5668 1514 5725 praecones
1536 5654 1679 5711 bello
1708 5660 1983 5724 appetunt.
2016 5649 2116 5745 Ve-

2225 4470 2338 4521 γειν
2366 4453 2638 4517 εἰωθότας.
2670 4456 2730 4508 Oi
2765 4454 2808 4508 δ’
2851 4456 3251 4527 Ἀρειομανῖται
3279 4459 3546 4519 δείσαντες.
3569 4453 3726 4524 μήπως

2224 4547 2329 4616 ἀρα
2377 4547 2640 4617 τοσαύτης
2688 4548 2745 4600 ἐν
2788 4547 2965 4618 ταύτῷ
3011 4550 3225 4604 συνόδου
3280 4545 3727 4622 συγκεκροτημένης

2224 4635 2705 4707 ἐξοστρακισθεϊεν,
2734 4635 3183 4707 ἀναθεματίζουσι
3213 4639 3315 4710 μὲν
3345 4635 3728 4710 προπηδήσαντες

2221 4729 2282 4783 τὸ
2346 4729 2784 4801 ἀπηγορευμένον
2844 4728 3037 4800 δόγμα,
3099 4730 3409 4801 συμφώνοις
3459 4727 3725 4799 γράμμασιν

2224 4820 2631 4891 ύπογράψαντες
2693 4822 2984 4893 αὐτοχειρί,
3055 4821 3172 4876 Τῶν
3232 4823 3292 4876 δὲ
3349 4816 3615 4895 προεδριῶν
3657 4809 3726 4865 διὰ

2223 4908 2479 4979 πλείστης
2509 4910 2637 4981 ὅσης
2665 4911 2996 4984 περιδρομῆς
3026 4914 3417 4985 κρατήσαντες,
3440 4910 3547 4964 δέον
3570 4901 3724 4961 αὐτοὺς

2222 5003 2533 5057 ὑπόπτωσιν
2572 5002 2888 5074 λαμϐάνειν,
2918 5003 3041 5056 τοτέ
3091 5003 3188 5075 μὲν
3220 5003 3526 5074 λεληθότως,
3563 4994 3661 5050 τοτὲ
3681 4991 3723 5043 δὲ

2223 5096 2511 5169 προφανῶς
2549 5096 2646 5162 τὰς
2686 5097 3156 5169 ἁποψηφισθείσας
3206 5096 3550 5169 πρεσϐεύουσι
3574 5088 3717 5152 δόξας,

2221 5187 2494 5258 διαφόροις
2526 5187 2957 5252 ἐπιϐουλεύοντες
2997 5192 3108 5253 τοῖς
3155 5188 3411 5257 ἐλέγχοις.
3455 5179 3716 5249 Βουλόμενοι

2219 5279 2275 5334 δέ
2315 5279 2590 5349 παγιῶσαι
2621 5279 2688 5333 τά
2719 5279 3004 5351 ζιζανιώδη
3032 5281 3474 5353 φυτουργήματα,
3504 5269 3713 5328 δεδοίκασι

2219 5374 2345 5438 τοὺς
2374 5372 2767 5445 ἐπιγνώμονας,
2789 5374 2881 5427 καὶ
2904 5374 3205 5429 ἐκκλίνουσι
3236 5375 3361 5436 τοὺς
3388 5372 3619 5442 ἐφόρους
3646 5357 3713 5412 καὶ

2218 5467 2390 5541 ταύτῃ
2433 5467 2558 5531 τοὺς
2603 5466 2701 5537 τῆς
2753 5466 3030 5531 εὐσεϐείας
3072 5468 3313 5539 κήρυκας
3358 5457 3709 5530 ἐκπολεμοῦσινι

2220 5561 2331 5632 οὐχ
2364 5540 2502 5614 οὕτω
2531 5559 2588 5614 δέ
2622 5558 2964 5630 πιστεύομεν,
3005 5561 3080 5624 ῶς
3116 5556 3429 5635 ἀνθρῴπους
3454 5553 3621 5612 ἀθέους
3641 5540 3710 5595 δύ·

2219 5651 2411 5707 νασθαι
2453 5649 2720 5722 κρατῆσαι
2764 5650 2979 5707 πώποτε
3030 5649 3122 5706 τοῦ
3168 5650 3329 5706 θείου.
3359 5647 3481 5703 ,Κᾶν
3518 5645 3608 5712 γὰρ
3634 5637 3711 5690 πθ
