3898 6196
174 168 269 230 677
1572 162 2022 221 FRAGMENTA.
3285 165 3389 221 678

173 288 251 345 λιν
278 286 557 359 ίσχύσωσι,
600 287 692 341 καὶ
719 286 880 342 πάλιν
914 263 1303 360 ἡττηθήσονται
1344 285 1485 341 κατὰ
1506 287 1598 340 τὸν
1640 303 1728 339 σε-

1858 300 1949 340 um
1978 300 2048 341 ne
2080 283 2162 340 sic
2188 284 2406 355 quidem
2436 285 2732 353 credimus,
2783 284 2983 357 impios
3034 283 3286 340 homines
3308 289 3394 339 dl-

176 381 442 457 ιινόφωνον
468 382 752 453 προφήτην
781 382 1025 436 Ἡσαΐαν.

1858 378 2014 432 ’ἱιιιιιιι
2050 393 2251 433 numen
2306 393 2544 448 unquam
2600 393 2763 449 posse
2819 392 3098 448 superare.
3136 375 3392 443 Quamvis

756 464 761 469 ”
1828 469 1971 523 enim
1987 469 2133 523 vires
2148 469 2327 523 denuo
2348 478 2687 540 comparent,
2713 470 2892 525 denuo
2909 470 3217 537 vincentur,
3235 468 3394 540 Juxta

1827 560 2173 631 magniﬁcum
2202 560 2521 631 prophetam
2554 559 2770 617 Isaiam.

858 667 1009 738 Apud
1043 667 1292 723 eumdem
1315 664 1726 724 Theodoritum.
1765 671 1907 729 Dial.
1943 673 2139 745 1.0pp.
2171 684 2300 730 tom.
2326 675 2418 741 IV,
2448 690 2570 747 pag.
2602 675 2693 730 '58.

177 778 278 835 Τοῦ
306 776 494 835 αὐτοῦ
543 776 612 833 ἐκ
641 775 749 831 τοῦ
774 778 958 846 λόγου
990 779 1078 843 εἰς
1107 778 1194 831 τό·
1224 796 1243 830 ι
1288 780 1503 846 Κύριος
1529 780 1731 837 ἐκτισέ

1858 784 2111 855 Ejusdem,
2134 802 2198 841 ea:
2223 804 2458 841 sermone
2483 789 2539 841 in
2572 787 2706 841 illud
2724 804 2744 841 :
2766 805 2789 838 ‹
2821 786 3075 842 Dominus
3102 787 3295 842 creauit
3318 804 3398 843 me

544 887 621 940 με
660 859 857 940 ἀρχὴν
885 871 1040 925 ὀδών
1067 869 1275 924 αὐτοῦ.
1319 889 1339 921 ι

231 963 292 1016 Ei
319 961 420 1033 μὲν
447 958 541 1016 οὖν
573 961 746 1034 ἀρχὴν
772 963 871 1033 τῆς
897 963 1196 1034 γεννήσεως
1224 955 1445 1034 εἴληφεν
1468 965 1505 1017 .6
1536 965 1727 1035 Λόγος,

2256 859 2459 911 initium
2483 860 2683 912 viarum
2702 874 2939 912 suarum.
2955 880 2974 911 ι

1907 946 1965 1002 Si
1988 963 2116 1019 ergo
2142 950 2511 1019 generationis
2541 950 2868 1021 principium
2892 950 3105 1021 accepit
3135 948 3393 1015 Verbum,

167 1059 256 1128 ἀφ’
281 1052 340 1111 οὗ
378 1057 470 1110 διὰ
501 1058 600 1128 τῆς
646 1056 901 1128 μητρῴας
930 1057 1201 1120 διοδεύσας
1228 1056 1463 1129 γαστρὸς
1493 1057 1593 1122 τὰς
1620 1075 1728 1111 σω-

1858 1057 1903 1095 ικ
1922 1056 2031 1112 quo
2075 1056 2172 1111 per
2200 1049 2506 1096 maternum
2538 1043 2813 1098 transiens
2847 1051 3062 1097 uterum
3094 1043 3399 1113 corporalia

171 1148 398 1219 ματικὰς
440 1148 697 1220 ὲφόρεσεν
742 1148 1027 1219 ἁρμονίας,
1073 1148 1426 1219 συνέστηκεν,
1460 1149 1540 1201 ὃτι
1569 1149 1726 1218 γέγο-

1832 1133 2075 1189 membra
2107 1134 2361 1204 gestavit,
2393 1141 2610 1189 constat
2636 1134 2780 1204 quod
2830 1134 3007 1191 factus
3037 1143 3123 1191 est
3160 1152 3225 1191 ex
3279 1152 3400 1189 mu-

168 1207 250 1291 νεν
276 1238 342 1290 ἐκ
369 1207 655 1306 γυναικός*
692 1237 740 1289 εί
865 1207 1034 1303 Λόγος
1076 1236 1170 1289 καὶ⁵
1199 1207 1330 1299 Θεδς
1467 1207 1727 1289 ἀνέκαθεν

1858 1225 1985 1280 iere.
2020 1225 2088 1279 At
2118 1225 2164 1280 si
2211 1224 2450 1281 Verbum
2479 1235 2533 1280 et
2564 1224 2706 1281 Deus
2747 1234 2909 1281 antea
2954 1234 3071 1280 erat
3110 1207 3271 1296 apud.
3297 1225 3401 1280 Pa-

168 1331 314 1404 παρὰ
343 1329 424 1401 τῷ
456 1330 652 1400 Πατρὶ,
699 1330 792 1382 καὶ
830 1326 901 1381 τὰ
941 1327 1228 1398 σύμπαντα
1262 1327 1330 1380 δι’
1372 1327 1537 1381 αὐτοῦ
1569 1344 1728 1397 γεγε-

167 1423 355 1494 νῆσθαί
389 1440 602 1493 φαμεν,
639 1424 739 1476 οὐκ
769 1423 877 1494 ἄρα
905 1422 1125 1491 γέγονεν
1167 1423 1233 1475 ὲκ
1268 1422 1527 1491 γυναικὸς
1561 1423 1591 1474 6
1632 1421 1727 1485 ὣν,

169 1516 256 1569 καὶ
280 1518 397 1579 τοῖς
428 1517 703 1585 γεννητοῖς
744 1514 945 1568 ἆπασιν
983 1512 1154 1577 αἴτιος
1187 1512 1263 1567 ὢν
1282 1531 1296 1544 ·
1329 1514 1443 1567 ἀλλ’
1484 1512 1597 1567 ἐστι
1636 1511 1733 1584 τὴν

1835 1325 1974 1372 trem
2002 1326 2057 1372 et
2090 1316 2343 1371 universa
2374 1331 2470 1387 per
2493 1316 2671 1387 ipsum
2699 1314 2838 1370 facta
2865 1326 2986 1372 esse
3008 1317 3263 1382 dicimus,
3288 1332 3398 1371 non

1835 1418 1919 1466 est
1946 1411 2130 1481 utique
2180 1408 2357 1464 factus
2385 1424 2451 1463 ex
2475 1409 2704 1465 muliere
2729 1449 2743 1474 ,
2779 1408 2875 1479 qui
2911 1417 3016 1472 est,
3049 1417 3103 1464 et
3132 1409 3402 1466 creaturis

1838 1503 2091 1561 omnibus
2121 1512 2179 1557 ut
2211 1503 2324 1557 sint
2353 1517 2574 1558 causam
2603 1502 2844 1572 praebet:
2894 1501 2989 1558 sed
3020 1501 3163 1557 Deus
3207 1514 3403 1556 natura

169 1607 322 1677 φύσιν
355 1608 489 1672 Θεὸς
521 1607 819 1679 αὐτάρκης,
850 1606 1094 1678 ἄπειρος,
1128 1608 1477 1680 ἁπερινόητος
1497 1624 1510 1637 ·
1549 1609 1612 1660 ὲκ
1638 1623 1735 1675 γυ-

1858 1604 1940 1662 :st,
1958 1595 2383 1652 omuibusbonis
2400 1595 2705 1660 abundans,
2737 1594 3002 1660 inﬁnitus,
3035 1603 3089 1651 et
3115 1597 3207 1666 qui
3225 1603 3406 1651 mente

168 1701 346 1764 ναικὸς
374 1701 432 1755 δὲ
470 1701 691 1769 γέγονεν
722 1698 1025 1772 ἄνθρωπος,
1053 1701 1082 1753 6
1116 1702 1173 1754 ὲν
1203 1704 1268 1773 τῇ
1299 1700 1597 1774 παρθενικῇ
1630 1701 1734 1772 μή·

167 1806 263 1863 τρα
289 1790 573 1863 Πνεύματι
602 1792 797 1860 παγεὶς
831 1790 990 1861 ἁγίῳ.

1839 1688 2222 1760 comprehendi
2255 1687 2442 1758 nequit
2470 1706 2483 1741 :
2515 1703 2579 1742 ex
2611 1688 2838 1743 muliere
2882 1695 3063 1742 autem
3116 1686 3294 1743 factus
3322 1695 3407 1771 est

1840 1778 2023 1841 homo,
2047 1778 2140 1847 qui
2170 1776 2226 1831 in
2246 1775 2501 1849 virginali
2529 1783 2685 1832 utero
2702 1776 2909 1847 Spiritu
2927 1783 3117 1833 sancto
3140 1776 3407 1833 formatus

1838 1877 1944 1925 est.

1672 1983 1876 2038 Inlusit.

360 2132 389 2168 ς
424 2103 538 2158 Τοῦ
568 2103 786 2168 αὐτοῦ,
814 2104 882 2159 ὲκ
921 2105 1028 2159 τοῦ
1066 2104 1253 2159 αὐτοῦ
1280 2106 1485 2173 λόγου.

233 2196 380 2260 Nube
412 2196 525 2268 γὰρ
554 2195 757 2267 κυρίως
783 2199 812 2250 6
840 2196 1078 2270 καθαρὸς
1104 2198 1197 2250 καὶ
1223 2196 1505 2267 ἄχραντος,
1539 2196 1572 2266 ἡ
1598 2193 1740 2248 κατὰ

173 2287 253 2340 τὸν
289 2285 580 2357 ἄνθρωπόν
610 2286 726 2337 ἐστι
758 2285 886 2354 περὶ
915 2285 1007 2338 τὸν
1033 2285 1204 2353 Λόγον
1237 2284 1430 2353 σκηνὴ,
1453 2281 1579 2335 ἔνθα
1608 2298 1742 2351 προ-

175 2378 351 2448 φανῶς
380 2376 691 2449 σκηνώσας,
719 2377 931 2449 ᾤκησεν
963 2379 992 2431 6
1023 2376 1174 2440 Θεός.
1206 2377 1315 2429 Καὶ
1348 2374 1520 2428 ταῦτα
1551 2375 1650 2427 οὐκ
1677 2376 1740 2426 ἐκ

176 2472 273 2525 τῶν
316 2471 546 2524 εἰκότων
579 2471 777 2542 φαμέν.
812 2470 1013 2524 Τούτου
1064 2469 1172 2541 γὰρ
1204 2471 1233 2521 6
1271 2468 1429 2538 φύσει
1464 2466 1559 2521 τοῦ
1605 2466 1740 2520 Θεοῦ

179 2559 318 2623 Υἱὸς,
374 2559 475 2630 τὴν
527 2557 678 2612 λύσιν
725 2560 820 2613 καὶ
879 2560 1172 2614 ἀνάστασιν
1217 2558 1602 2632 προαγορεύων
1647 2557 1741 2612 τοῦ

176 2648 309 2714 νεὼ,
359 2649 749 2721 ἀναμφιϐόλως
793 2652 944 2721 ἡμᾶς
992 2650 1258 2705 διδάσκων
1309 2648 1577 2718 ὲφοδιάζει
1629 2651 1744 2712 τοῖς

179 2742 482 2814 μιαιφόνοις
529 2743 752 2812 φάσκων
808 2742 1115 2805 Ἰουδαίοιςο
1158 2742 1393 2796 Λύσατε
1436 2740 1543 2795 τὸν
1593 2739 1744 2796 ναὸν

180 2835 411 2903 τοῦτον,
443 2835 543 2892 καί
573 2836 643 2890 ἐν
665 2835 866 2905 τρισὶν
889 2834 1135 2906 ἡμέραις
1161 2834 1342 2905 ἐγερῶ
1366 2836 1571 2890 αὐτόν.

2191 2096 2465 2167 Ejusdem,
2496 2114 2561 2152 ea:
2593 2098 2772 2152 eodem
2800 2114 3055 2153 sermone.

1912 2190 2192 2262 Templum
2215 2191 2360 2246 enim
2383 2192 2600 2261 proprie
2629 2190 2890 2245 mundum
2909 2199 2962 2246 et
2978 2192 3408 2257 immaculatum,

1843 2292 1926 2339 est
1959 2284 2255 2337 humanum
2296 2281 2460 2337 Verbi
2490 2283 2925 2347 tabernaculum,
2957 2284 3013 2337 in
3042 2298 3151 2353 quo
3184 2298 3242 2340 se
3274 2299 3408 2338 con-

1845 2375 2184 2446 spiciendum
2206 2376 2452 2445 praebens
2474 2375 2737 2429 habitavit
2752 2373 2919 2431 Deus.
2940 2374 3124 2445 Neque
3143 2391 3274 2429 vero
3295 2376 3412 2431 hac

1842 2467 2218 2539 probabilibus
2247 2467 2398 2522 ducti
2433 2467 2763 2538 coniecturis
2794 2467 3046 2522 dicimus.
3078 2466 3212 2522 Nam
3250 2469 3299 2523 is
3315 2468 3412 2539 qui

1842 2567 2041 2613 natura
2086 2557 2255 2614 Filius
2286 2557 2378 2613 Dei
2412 2569 2527 2622 est,
2561 2558 2728 2628 hujus
2765 2560 2949 2629 templi
2981 2560 3410 2615 destructionem

1843 2658 1898 2705 et
1926 2650 2378 2706 instaurationem
2405 2650 2727 2721 praedicens,
2776 2653 2896 2707 sine
2926 2653 3035 2706 ulla
3059 2653 3414 2722 ambiguitate

1848 2755 1950 2799 nos
1979 2743 2080 2798 hac
2114 2744 2182 2797 de
2196 2759 2256 2798 re
2284 2744 2487 2808 docuit,
2517 2746 2761 2800 cruentis
2791 2743 2994 2800 Judaais
3026 2744 3215 2800 dicens
3241 2764 3255 2800 :
3291 2743 3415 2802 Sol-

1848 2837 1948 2889 vite
1982 2837 2229 2905 templum
2275 2836 2406 2904 hoc,
2437 2847 2486 2891 et
2520 2839 2574 2891 in
2606 2837 2774 2892 tribus
2823 2837 3008 2893 diebus
3055 2837 3297 2893 excitabo
3334 2838 3415 2908 ip-

1773 2912 1815 2966 C
1850 2943 1967 2981 sum
2000 2929 2066 2981 ".

1678 3042 1880 3099 Imaum.

422 3159 534 3215 τοῦ
579 3158 799 3223 αὐτοῦ,
849 3158 919 3212 ἐκ
958 3158 1065 3212 τοῦ
1098 3158 1283 3212 αὐτοῦ
1308 3160 1514 3229 λόγου.

265 3251 526 3325 ὐπηνίκα
559 3245 651 3305 οὖν
682 3251 770 3303 τὸν
809 3250 1089 3321 ἄνθρωπον
1120 3251 1462 3322 ναουργήσας
1489 3251 1747 3322 ὲφόρεσεν

193 3346 220 3396 6
239 3344 420 3414 Λόγος,
449 3343 661 3416 σώματι
691 3344 788 3415 μὲν
813 3345 923 3406 τοῖς
946 3342 1249 3415 ἀνθρώποις
1278 3343 1589 3413 ἐπιφοιτῶν,
1615 3363 1749 3399 παν-

194 3437 418 3501 τοδαπὰς
446 3436 694 3509 ἀοράτως
734 3435 1177 3507 θαυματουργίας
1218 3436 1593 3501 ἐπεδείκνυτο,
1626 3440 1750 3501 τοὺς

193 3527 249 3580 δὲ
295 3530 613 3594 ἀποστόλους
658 3530 906 3601 κήρυκας
956 3527 1056 3597 τῆς
1094 3527 1263 3581 ἀϊδίου
1314 3526 1585 3597 βασιλείας
1630 3528 1747 3593 ὲξέ-

192 3636 265 3671 πε
272 3638 396 3690 μπε.
1117 3648 1122 3653 ο

2244 3160 2518 3226 Ejusdem,
2557 3176 2622 3213 ex
2649 3160 2826 3215 eodem
2861 3160 3014 3213 libro.

1922 3253 2150 3320 Quando
2197 3255 2360 3325 igitur
2404 3255 2677 3310 hominem
2734 3261 2994 3322 tanquam
3044 3251 3305 3321 templum
3340 3250 3419 3305 fa-

1852 3347 2125 3403 bricatum
2143 3344 2382 3401 Verbum
2445 3346 2720 3417 gestavit,
2763 3359 2994 3413 corpore
3026 3343 3243 3413 quidem
3278 3344 3421 3397 inter

1857 3439 2105 3494 homines
2127 3448 2403 3494 versatum
2419 3446 2524 3500 est,
2540 3431 2693 3488 varia
2718 3444 2898 3489 autem
2935 3434 3196 3488 miracula
3228 3435 3280 3487 in
3292 3435 3419 3489 visi-

1854 3530 2035 3586 hiliter
2086 3531 2254 3587 edidit
2308 3540 2364 3587 et
2388 3530 2668 3601 apostolos
2713 3528 2903 3584 aeterni
2953 3526 3105 3598 regni
3143 3541 3423 3596 praecones

1854 3623 2025 3679 misit.

1092 3732 1249 3803 Apud
1280 3744 1529 3788 eumdem
1557 3732 1965 3804 Theodoritum,
2002 3738 2148 3793 Dial.
2174 3755 2235 3806 ιι,
2265 3754 2387 3811 pag.
2414 3738 2503 3795 90.

193 3877 303 3931 Τοῦ
342 3875 543 3942 αὑτοῦ,
587 3875 656 3928 ἐκ
698 3873 803 3927 τοῦ
847 3874 1032 3941 λόγου
1056 3942 1059 3943 ν
1082 3873 1187 3943 τοῦ
1219 3875 1306 3939 εὶς
1355 3875 1439 3927 τό·
1474 3893 1497 3924 ‹
1535 3875 1749 3943 Κύριος

448 3945 749 4015 ἐκτισέμε
774 3943 970 4013 ἀρχὴν
1004 3942 1160 3997 ὁδῶν
1202 3944 1408 3998 αὐτοῦ.
1459 3964 1479 3997 ι

255 4058 332 4111 υύ
364 4059 470 4132 γὰρ
502 4054 654 4111 εἶπεν
683 4059 711 4111 6
742 4056 953 4121 Παῦλος
983 4056 1337 4129 συμμόρφους
1364 4056 1459 4110 τοῦ
1498 4058 1627 4113 Υἱοῦ
1658 4058 1750 4113 τοῦ

179 4149 342 4215 Θεοῦ,
369 4151 499 4205 ἀλλὰ
526 4152 919 4221 συμμόρφους
942 4148 1049 4218 τῆς
1078 4152 1312 4216 εικόνος
1345 4150 1450 4204 τοῦ
1496 4151 1631 4205 Υιοῦ
1656 4155 1756 4206 αὐ-

178 4244 324 4299 τσῦ·
370 4246 492 4300 ἄλλο
530 4244 630 4317 μέν
660 4262 712 4297 τι
742 4242 998 4297 δεικνύων
1031 4243 1122 4295 τὸν
1158 4242 1283 4295 Υἱὸν
1326 4236 1485 4309 εἶναι,
1530 4243 1658 4297 ἄλλο
1692 4244 1751 4297 δὲ

176 4334 281 4407 τὴν
313 4339 495 4392 εἰκόνα
541 4336 723 4390 αὑτοῦ·
769 4337 797 4389 6
828 4330 925 4405 μὲν
959 4335 1064 4409 γὰρ
1095 4335 1243 4399 Υἱὸς,
1272 4334 1337 4388 τὰ
1367 4334 1486 4389 θεῖα
1527 4336 1624 4407 τῆς
1658 4353 1759 4389 πα-

175 4427 372 4499 τρῴας
413 4430 609 4502 ἀρετῆς
647 4429 1001 4499 γνωρίσματα
1047 4427 1249 4499 φέρων,
1301 4428 1462 4483 εἰκών
1506 4430 1620 4482 ἐστι
1665 4427 1758 4483 τοῦ

176 4517 422 4592 Ματρὸς,
462 4521 653 4591 ἐπειδὴ
700 4522 795 4575 καὶ
835 4521 1009 4591 ὅμοιοι
1052 4518 1112 4584 ἐξ
1161 4520 1361 4591 ὁμοίιον
1410 4520 1757 4592 γεννώμενοι,

178 4613 399 4677 εἰκόνες
446 4616 495 4667 oi
553 4612 862 4684 τικτόμενοι
918 4611 1198 4681 φαίνονται
1256 4611 1363 4666 τῶν
1421 4612 1760 4684 γεννητόρων

180 4701 429 4773 ἀληθεῖς.
476 4703 535 4758 '0
564 4703 622 4757 δὲ
670 4702 973 4774 ἄνθρωπος,
1010 4700 1069 4754 δν
1111 4701 1398 4773 ὲφόρησεν,
1437 4700 1598 4754 εἰκών
1641 4702 1758 4753 ἐστι

178 4794 284 4849 τοῦ
340 4796 472 4850 Υίοῦ
492 4836 507 4860 ,
559 4795 653 4849 τοῦ
704 4795 798 4848 καὶ
851 4792 911 4858 ἐξ
973 4793 1239 4865 ἀνομοίων
1298 4792 1760 4865 κηρογραφεῖσθαι

177 4889 499 4960 χρωμάτων
536 4888 778 4949 εἰκόναςο
816 4885 1041 4948 καὶτὰς
1077 4885 1174 4955 μὲν
1216 4880 1353 4938 εἶναι
1393 4884 1536 4938 θέσει
1581 4901 1759 4956 χειρο-

179 4979 470 5045 τεύκτους,
496 4979 597 5043 τὰς
636 4979 691 5032 δὲ
725 4978 883 5048 φύσει
913 4977 1006 5030 καὶ⁵
1047 4976 1323 5048 ὁμοιότητι
1369 4976 1759 5047 γεγενημένας.

190 5070 409 5137 ’Δλλως
437 5089 495 5125 τε
536 5072 632 5125 καὶ
672 5069 832 5134 αὐτὸς
868 5070 898 5122 6
929 5068 1031 5138 τῆς
1062 5064 1315 5138 ἀληθείας
1361 5064 1503 5119 τοῦθ’
1558 5066 1764 5134 ὑπαγο-

198 5162 349 5234 ρεύει
398 5163 613 5236 θεσμός.
666 5162 741 5215 οὐ
805 5158 913 5232 γὰρ
968 5159 1027 5213 τὸ
1083 5157 1370 5229 ἀσώματον
1415 5156 1514 5229 τῆς
1573 5158 1764 5227 σοφίας

200 5257 413 5329 πνεῦμα
483 5255 803 5328 σύμμορφον
878 5255 993 5317 τοῖς
1066 5251 1395 5321 σωματικοῖς
1457 5248 1765 5322 ἀνθρώποις

209 5347 370 5413 ἔστὶν,
403 5348 516 5404 ἀλλ’
548 5351 577 5403 6
612 5348 691 5420 τῷ
734 5344 1000 5416 πνεύματι
1042 5341 1512 5414 σωματοποιηθεὶς
1556 5340 1764 5413 ἄνθρω-

1855 3877 2131 3948 Ejusdem,
2160 3895 2227 3933 ex
2253 3894 2490 3934 sermone
2518 3881 2570 3930 in
2598 3875 2766 3929 illud:
2788 3893 2806 3923 ι
2835 3872 3087 3927 Dominus
3121 3874 3310 3927 creavit
3343 3892 3423 3930 me

2240 3951 2448 4003 initium
2473 3948 2673 4003 viarum
2703 3962 2943 4000 suarum.
2975 3965 2993 3997 ι

1927 4039 2046 4094 Non
2076 4039 2221 4094 enim
2256 4038 2393 4093 dixit
2426 4037 2650 4101 Paulus,
2683 4036 2993 4092 conlormes
3011 4034 3150 4090 Filio
3183 4034 3297 4101 Dei,
3328 4036 3423 4092 sed

1860 4130 2152 4198 conformes
2178 4128 2398 4199 imagini
2421 4125 2547 4179 Filii
2579 4125 2743 4194 ipsius
2768 4124 2846 4177 ⁷⁸;
2890 4124 3035 4176 aliud
3070 4124 3275 4177 docens
3302 4138 3424 4178 esse

1784 4205 1828 4261 Ῑ)
1860 4223 2056 4277 Filium
2080 4220 2193 4286 Dei,
2214 4221 2360 4274 aliud
2387 4219 2675 4289 imaginem
2704 4216 2845 4285 ejus.
2876 4213 3011 4269 Nam
3046 4213 3217 4268 Filius
3241 4215 3421 4269 divina

1855 4326 2091 4388 paternae
2114 4314 2333 4368 virtutis
2397 4311 2631 4381 insignia
2656 4323 2873 4379 gerens,
2903 4307 3083 4377 imago
3104 4314 3189 4362 est
3207 4304 3422 4372 Patris;

1855 4411 1982 4482 quia
2016 4408 2220 4464 similes
2250 4424 2316 4463 ex
2344 4405 2616 4461 similibus
2642 4402 2830 4473 geniti,
2857 4416 2999 4457 vera:
3036 4399 3300 4470 imagines
3329 4397 3425 4453 lilii

1856 4513 1985 4563 sunt
2030 4510 2337 4575 parentum.
2374 4499 2549 4554 Homo
2590 4514 2720 4554 vero
2752 4512 2912 4568 quem
2954 4493 3206 4566 gestavit,
3250 4493 3429 4563 imago

1854 4605 1939 4656 est
1956 4596 2110 4663 Filii;
2165 4594 2426 4665 quoniam
2460 4599 2515 4647 et
2542 4607 2609 4647 ex
2638 4589 2997 4647 dissimilibus
3033 4587 3330 4656 pinguntur
3370 4582 3428 4637 in

1861 4704 1988 4746 cera
2007 4687 2287 4745 coloribus
2307 4686 2570 4756 imagines
2606 4704 2618 4739 :
2667 4692 2721 4738 et
2748 4683 2832 4737 ha:
2866 4679 3083 4751 quidem
3114 4691 3276 4731 manu
3318 4673 3430 4729 for-

1863 4792 2101 4847 mantur,
2117 4781 2238 4836 aliae
2263 4794 2395 4835 vero
2420 4786 2616 4833 natura
2631 4783 2687 4832 et
2716 4772 3074 4831 similitudine
3106 4769 3261 4823 ﬁunt.
3283 4766 3430 4822 Praa-

1862 4886 2009 4935 terea
2036 4880 2122 4935 lex
2156 4879 2274 4948 ipsa
2315 4875 2561 4931 veritatis
2588 4874 2691 4928 hoc
2735 4870 2997 4927 declarat.
3026 4865 3145 4921 Non
3168 4866 3310 4920 enim
3342 4863 3430 4917 in-

1862 4985 2159 5042 corporeus
2194 4968 2473 5039 sapientiae
2521 4966 2748 5036 spiritus
2797 4959 3096 5019 conformis
3124 4967 3206 5013 est
3235 4970 3434 5025 corpo-

1864 5065 1975 5119 reis
2007 5062 2321 5117 hominihus
2350 5080 2363 5116 :
2401 5059 2497 5115 sed
2520 5058 2612 5130 qui
2635 5072 2732 5128 per
2761 5055 3014 5127 spiritum
3055 5050 3324 5105 formatus
3346 5051 3432 5102 est

1866 5154 2029 5209 homo
2057 5154 2374 5217 character,
2409 5150 2501 5221 qui
2545 5148 2668 5204 aliis
2697 5145 2953 5202 omnibus
3007 5140 3157 5213 paria
3204 5151 3433 5193 numero

1866 5247 2111 5303 membra
2146 5246 2305 5318 gerit,
2338 5252 2394 5301 et
2422 5243 2655 5299 similem
2684 5237 2980 5307 unicuique
3004 5232 3235 5289 formam
3271 5228 3435 5283 indu-

1866 5348 1957 5395 tus
1987 5348 2091 5395 est.

215 5459 300 5508 τως
337 5446 622 5519 χαρακτὴρ
638 5413 718 5510 ,’ό
747 5413 1074 5509 τοῖς-ἄλλοις
1140 5437 1342 5492 ἅπασιν
1396 5436 1659 5509 ίσάριθμα
1700 5436 1837 5509 μέλη
1875 5434 2075 5507 φορῶν,
2134 5434 2229 5489 καὶ
2277 5433 2377 5504 τὴν
2430 5430 2622 5503 ὁμοίαν
2681 5427 2928 5490 ἑκάστοις
2974 5413 3434 5493 περιϐεϐλημένος

224 5540 364 5601 Βίαν.

283 5658 321 5689 ⁷⁷
351 5656 514 5713 Joan.
572 5671 632 5720 tl,
669 5652 757 5710 l9.
833 5653 879 5685 ’⁸
913 5648 1063 5706 Rom.
1106 5661 1229 5711 ml,
1268 5644 1370 5702 89.
