3898 6196
561 231 666 290 679
1612 216 1670 271 S.
1703 210 2073 272 EUSTATHII
2109 206 2421 264 EPISCOPI
2457 201 2869 261 ANTIOCHENI
3686 204 3790 258 530

2067 330 2271 386 ιιιιιιειι.

922 464 1195 534 Ejusdem,
1219 477 1285 517 ex
1319 458 1498 517 eadem
1530 459 1787 515 oratione.
2168 499 2172 510 .

2510 443 2619 497 Τοῦ
2642 440 2851 508 αὐτοῦ,
2878 443 2946 496 ἐκ
2981 440 3084 495 τοῦ
3109 439 3297 495 αὐτοῦ
3329 439 3541 511 λόγου.

641 562 797 631 Quod
814 567 992 614 autem
1018 573 1217 629 corpus
1239 555 1382 612 dicat
1410 553 1689 610 conforme
1717 550 1973 606 humanis
1991 563 2134 612 esse,

573 656 816 729 apertius
853 668 953 709 nos
992 652 1152 706 docet
1209 651 1458 705 scribens
1513 647 1580 702 ad
1634 645 2013 716 Philippenses
2050 644 2133 700 "’:

572 747 779 804 Nostra
818 745 1163 807 conversatio,
1220 741 1415 811 inquit,
1463 740 1518 793 in
1555 738 1699 793 cmlis
1729 746 1806 792 est
1846 754 1865 791 :
1922 735 2061 790 unde
2085 742 2136 789 et

571 840 900 897 Salvatorem
929 845 1289 905 exspectamus
1312 832 1591 887 Dominum
1623 830 1806 885 Iesum
1840 827 2132 892 Christum,

569 936 660 1001 qui
689 929 1088 1002 lransﬁgurabit
1132 945 1320 999 corpus
1370 927 1690 981 humilitatis
1725 936 1940 986 nostrw,
1978 933 2034 977 ut
2064 923 2133 976 sit

570 1027 741 1095 ipsum
793 1021 1057 1092 conforme
1096 1019 1302 1087 corpori
1346 1018 1531 1089 gloria:
1555 1018 1739 1085 ipsius.
1769 1015 1925 1082 Quod
1950 1015 1997 1070 si
2032 1014 2134 1067 hu-

570 1118 697 1174 mile
729 1131 929 1187 corpus
962 1112 1238 1168 hominum
1263 1109 1682 1180 transfigurans,
1707 1107 1987 1163 conforme
2017 1121 2138 1177 pro-

569 1209 915 1285 priocorpori
947 1207 1126 1268 efﬁcit,
1187 1220 1326 1259 vana
1357 1218 1584 1277 prorsus
1634 1203 2006 1258 demonstrata
2050 1206 2136 1256 est

569 1305 1004 1362 adversariorum
1034 1299 1327 1356 calumnia.

2314 538 2436 591 Ὅτι
2466 536 2521 589 δὲ
2564 535 2624 589 τὸ
2664 535 2823 606 σῶμα
2865 534 3014 603 λέγει
3042 533 3360 605 σύμμορφον
3387 536 3502 597 τοῖς
3536 534 3797 606 ἄνθρωπε-

2241 647 2351 694 νοις
2383 624 2542 691 εἶναι,
2591 626 2918 698 σαφέστερον
2964 626 3110 696 ἡμᾶς
3151 624 3391 678 διδάσκει
3428 625 3802 697 Φιλιππησίοις

2240 721 2592 776 ἐπιστέλλων·
2640 718 2835 789 Ἠμῶν
2874 718 2942 773 τὸ
2975 718 3323 786 πολίτευμα,
3357 717 3546 789 φησὶν,
3592 718 3657 771 ἐν
3696 722 3800 773 οὑ-

2238 815 2447 886 ρανοῖς
2498 813 2774 884 ὑπάρχει,
2806 813 2876 878 ἐξ
2925 806 3013 867 ὧν
3051 810 3151 866 καί
3199 808 3445 880 Σωτῆρα
3491 810 3804 881 ἀπεκδεχόο

2234 912 2386 979 μεθα
2423 908 2641 976 Κύριον
2693 905 2941 975 Ἰησοῦν
2989 902 3270 972 Χριστὸν,
3324 902 3395 969 ὃς
3435 918 3802 973 μετασχημα-

2239 1004 2391 1056 τίσει
2420 1000 2484 1056 τὸ
2523 999 2693 1070 σῶμα
2724 998 2831 1077 τῆς
2863 997 3271 1064 ταπεινώσεως
3307 996 3479 1066 ἡμῶν
3513 1000 3599 1063 είς
3628 997 3685 1050 τό
3714 1015 3804 1067 τε-

2238 1093 2445 1149 νέσθαι
2492 1092 2639 1147 αὐτὸ
2679 1093 3033 1161 σύμμορφον
3076 1089 3158 1156 τῷ
3199 1088 3427 1158 σώματι
3471 1088 3580 1157 τῆς
3627 1089 3805 1157 δόξης

2238 1183 2446 1238 αὐτοῦ.
2480 1185 2544 1239 Εἰ
2570 1184 2627 1237 δὲ
2655 1183 2717 1237 τὸ
2755 1182 3009 1236 ταπεινὸν
3043 1179 3536 1253 μετασχηματίζων
3566 1181 3666 1234 τῶν
3715 1183 3806 1234 ἀν-

2242 1272 2476 1346 θρώπων
2521 1273 2699 1345 σῶμα,
2742 1271 3064 1343 σύμμορφον
3102 1271 3181 1343 τῷ
3228 1271 3344 1343 ἰδίῳ
3384 1270 3594 1343 σώματι
3639 1290 3806 1326 κατα-

2244 1366 2531 1432 σκευάζει,
2587 1366 2754 1431 ἒωλος
2809 1366 3143 1438 πανταχόθεν
3193 1364 3564 1420 ἀποδέδεικται
3613 1366 3647 1436 ἡ
3700 1366 3808 1418 τῶν

2239 1458 2499 1514 ἐναντίων
2539 1458 2891 1529 συκοφαντία.

1943 1572 2148 1643 ιιιιιιει,
2186 1594 2305 1634 rso.
2337 1577 2399 1634 9i
2413 1618 2427 1634 .

918 1688 1195 1761 Ejusdem,
1224 1705 1290 1745 ea:
1317 1688 1499 1744 eadem
1522 1689 1780 1744 oratione.

640 1783 745 1841 Sed
777 1782 1232 1856 quemadmodum
1276 1797 1345 1837 ex
1387 1780 1595 1852 virgine
1647 1790 1811 1838 natus
1842 1782 2037 1848 homo,
2066 1800 2135 1840 ex
2166 1803 2209 1861 Β

567 1876 795 1933 muliere
818 1874 1021 1930 dicitur
1052 1872 1232 1927 factus
1254 1886 1397 1936 esse.
1432 1871 1506 1925 ita
1554 1879 1609 1927 et
1654 1873 1755 1927 sub
1783 1870 1923 1945 Lege
1954 1872 2131 1931 factus
2180 1874 2183 1877 ’

567 1987 690 2028 esse
721 1970 942 2033 dicitur,
974 1968 1100 2039 quia
1131 1982 1227 2037 per
1260 1966 1453 2037 legalia
1478 1965 1807 2037 quandoque
1863 1980 2132 2039 praecepta

567 2062 828 2130 incessit;
865 2069 923 2116 ut
969 2076 1093 2119 cum
1151 2059 1411 2115 infantem
1446 2059 1623 2129 ipsum
1654 2073 1778 2115 octo
1809 2060 2017 2116 dierum
2047 2077 2136 2132 pa-

567 2162 749 2210 rentes
763 2151 1154 2209 circumcidere
1169 2158 1419 2222 prompto
1434 2153 1617 2207 animo
1634 2150 1978 2219 festinarunt,
1991 2154 2135 2209 sicut

566 2245 743 2302 Lucas
790 2245 1123 2317 evangelista
1170 2242 1340 2298 tradit
1368 2244 1437 2297 ⁸⁰.
1484 2241 1681 2299 Postea
1714 2246 1878 2299 etiam
1910 2244 1965 2298 in
1996 2252 2137 2299 tem.

566 2343 714 2409 plum
741 2335 1107 2399 adduxerunt,
1140 2342 1201 2388 ut
1237 2334 1495 2390 sisterent
1525 2349 1650 2389 eum
1681 2332 1912 2390 Domino
1939 2335 2135 2406 puriﬁo

565 2429 799 2485 cationis
827 2428 1155 2483 oblationem
1181 2436 1525 2499 peragentes,
1561 2437 1619 2482 ut
1650 2428 1885 2483 hostiam
1916 2429 2131 2496 darent,

565 2525 707 2578 sicut
737 2522 999 2591 scriptum
1031 2526 1115 2576 est
1161 2520 1217 2573 in
1250 2519 1392 2590 Lege
1440 2520 1677 2584 Domini,
1720 2536 1819 2591 par
1851 2529 2130 2576 turturum

565 2624 657 2669 aut
684 2615 822 2669 duos
856 2614 1032 2683 pullos
1090 2611 1490 2666 columbarum.
1541 2609 1597 2665 Si
1629 2626 1758 2681 ergo
1790 2612 2131 2683 purgationis

565 2720 789 2761 munera
841 2703 1142 2761 secundum
1186 2699 1358 2773 legem
1394 2716 1493 2773 pro
1533 2702 1654 2772 ipso
1690 2703 1873 2758 oblata
1902 2713 2049 2771 sunt,
2076 2712 2131 2761 et

564 2796 737 2850 octavi
765 2793 875 2849 diei
906 2791 1379 2848 circumcisionem
1410 2792 1651 2861 pertulit,
1682 2807 1789 2847 non
1818 2792 1915 2848 abs
1946 2809 2006 2848 re
2027 2795 2130 2849 hac

564 2886 629 2942 de
655 2900 825 2941 causa
847 2885 950 2941 sub
994 2883 1136 2955 Lege
1165 2882 1368 2936 factum
1398 2897 1521 2937 esse
1551 2883 1760 2938 scribit.
1787 2881 1973 2955 Neque
1999 2900 2130 2941 vero

565 2978 799 3034 Verbum
823 2977 1141 3048 subiacebat
1166 2974 1318 3047 Legi,
1337 2982 1397 3030 ut
1425 2974 1722 3045 Opinantur
1752 2977 2124 3047 sycophanta},

2483 1690 2593 1747 Τοῦ
2638 1693 2845 1760 αὐτοῦ,
2890 1693 2959 1748 ἐκ
2998 1692 3105 1747 τοῦ
3144 1690 3333 1746 αὐτοῦ
3361 1691 3569 1761 λόγου.

2321 1783 2460 1837 Ἀλλ’
2491 1783 2680 1858 ὥσπερ
2708 1786 2772 1840 ἐκ
2799 1786 2900 1858 τῆς
2944 1785 3214 1859 παρθένου
3240 1784 3453 1856 τεχθεὶς
3478 1785 3508 1837 6
3532 1783 3803 1856 ἄνθρωπος

2235 1877 2300 1930 ἐκ
2335 1877 2587 1946 γυναικὸς
2612 1877 2830 1946 λέγεται
2856 1878 3157 1948 γεγονέναι,
3185 1877 3328 1931 οὕτω
3365 1876 3430 1947 δὴ
3456 1876 3548 1930 καὶ
3576 1877 3684 1931 ὑπὸ
3707 1877 3800 1929 Νό-

2238 1984 2337 2038 μον
2375 1967 2700 2040 γεγενῆσθαι
2734 1970 3007 2041 γράφεται
3050 1968 3129 2041 τῷ
3163 1968 3252 2024 διὰ
3294 1969 3403 2023 τῶν
3431 1969 3672 2041 νομικῶν
3698 1970 3796 2022 ἐσθ’

2234 2060 2320 2113 ὅτε
2359 2060 2571 2131 βαδίσαι
2616 2061 2976 2132 μηνυμάτων·
3017 2063 3178 2116 ὁπότε
3227 2062 3462 2134 μάλιστα
3508 2063 3672 2115 παῖδα
3712 2062 3793 2133 μὲν

2234 2151 2395 2206 αὑτὸν
2427 2151 2554 2206 ὄντα
2586 2152 2948 2226 όκταήμερον,
3000 2154 3297 2227 προθύμως
3342 2155 3393 2208 οἱ
3429 2157 3795 2226 γονεϊςοπεριη

2233 2244 2449 2316 τέμνειν
2474 2245 2780 2315 ἠπείγοντο,
2809 2246 3061 2319 καθάπερ
3087 2247 3115 2299 6
3141 2244 3535 2318 εὐαγγελιστὴς
3566 2245 3793 2299 ἐκδίδωσι

2234 2337 2465 2401 Λουκᾶς.
2494 2337 2590 2401 Είς
2620 2337 2677 2391 δὲ
2699 2338 2758 2391 τὸ
2785 2338 2928 2409 ἱερὸν
2958 2337 3161 2408 ἀνῆγον
3205 2338 3499 2409 μετέπειτα
3531 2336 3796 2407 παραστῆ-

2237 2446 2327 2482 σαι
2352 2427 2430 2500 τῷ
2465 2428 2675 2501 Κυρίῳ,
2707 2429 2806 2493 τὰς
2841 2428 3174 2501 καθαρσίους
3209 2428 3589 2492 ἐπιτελοῦντες
3615 2429 3794 2493 ἀναφο-

2236 2518 2359 2589 ρὰς,
2390 2518 2484 2572 τοῦ
2520 2518 2704 2573 δοῦναι
2733 2518 2923 2572 θυσίαν
2952 2520 3095 2574 κατὰ
3129 2519 3190 2572 τὺ
3224 2518 3516 2591 εἰρημένον
3555 2520 3615 2570 ὲν
3643 2517 3792 2585 Νόμῳ

2233 2610 2460 2681 Κυρίου,
2479 2609 2671 2679 ζεῦγος
2690 2609 2986 2682 τρυγόνων,
3006 2610 3038 2682 ἢ
3059 2609 3153 2663 δύο
3168 2612 3423 2672 νεοσσοὺς
3447 2608 3786 2681 περιστερῶν.

2232 2699 2295 2753 El
2339 2700 2517 2755 τοίνυν
2556 2701 2627 2755 τὰ
2659 2702 2933 2774 καθάρσια
2963 2701 3112 2773 δῶρα
3142 2700 3285 2756 κατὰ
3320 2700 3412 2754 τὸν
3442 2701 3629 2771 Νόμον
3666 2701 3787 2769 ὑπὲρ

2231 2791 2396 2846 αὐτοῦ
2430 2796 2818 2868 προσεφέρετο,
2852 2797 2948 2850 καὶ
2982 2797 3283 2868 περιτομὴν
3309 2794 3656 2868 ὀκταήμερον
3681 2795 3790 2862 ὲςό·

2233 2904 2344 2959 ρει·
2368 2887 2542 2962 ταύτῃ
2569 2891 2663 2944 καὶ
2706 2891 2811 2945 ὑπὸ
2842 2891 3023 2962 Νόμον
3054 2891 3216 2945 αὐτὸν
3248 2891 3349 2943 οὐκ
3381 2890 3689 2952 ἀπεικότως
3708 2904 3787 2957 τεο

2229 2980 2491 3052 γενῆσθαι
2538 2984 2764 3056 γράφει.
2824 2984 2961 3038 Οὔτε
3020 2984 3077 3038 δὲ
3123 2986 3152 3038 6
3196 2984 3369 3052 Λόγος
3426 2983 3678 3037 ὑπέκειτο
3724 2979 3787 3049 τῷ

564 3089 686 3129 cum
730 3073 845 3149 ipse
874 3071 983 3127 Lex
1012 3070 1085 3127 sit
1116 3090 1128 3125 :
1156 3084 1334 3141 neque
1363 3068 1505 3126 Deus
1530 3068 1807 3141 indigebat
1842 3070 2128 3127 sacriﬁciis

2242 3073 2420 3144 Νόμῳ,
2452 3074 2700 3149 καθάπερ
2729 3078 2779 3131 οἱ
2817 3076 3148 3147 συκοφάνται
3176 3075 3513 3141 δοξάζουσιν,
3550 3075 3701 3138 αὐτὸς
3723 3071 3783 3125 ὢν

564 3145 943 3243 purgantibus,
974 3165 1068 3238 qui
1099 3166 1217 3222 solo
1247 3173 1385 3221 nutu
1412 3165 1596 3221 omnia
1612 3173 1806 3237 purgat
1837 3174 1891 3221 et
1919 3165 2129 3221 sancti-
2156 3149 2172 3203 ⁴

2242 3167 2261 3219 5
2295 3166 2507 3238 Νόμοςο
2550 3144 2682 3221 οὕτε.
2710 3169 2740 3221 6
2781 3168 2914 3233 Θεὸς
2963 3144 3131 3222 ἐδεῖτο
3173 3167 3431 3238 θυμάτων
3479 3167 3782 3238 καθαρσίων,

564 3261 706 3317 ficat.
742 3260 1113 3332 Sedquamvis
1145 3266 1485 3331 assumptum
1515 3274 1582 3315 ex
1601 3259 1810 3330 virgine
1833 3258 2130 3313 humanum

2242 3259 2404 3333 ἂθρόᾳ
2435 3262 2565 3333 ῥιπῇ
2596 3261 2908 3334 καθαρίζων
2941 3261 3179 3325 ἅπαντα,
3223 3262 3317 3315 καὶ
3352 3260 3621 3330 ἁγιάζων.
3668 3257 3780 3312 Ἀλλ’

563 3368 824 3424 organum
849 3354 1098 3425 gestavit,
1123 3360 1176 3409 et
1205 3352 1310 3409 sub
1342 3351 1484 3425 Lege
1513 3350 1693 3409 factus
1723 3360 1830 3417 est,
1855 3353 2133 3424 primoge-

2242 3355 2284 3405 εί
2318 3355 2413 3407 καὶ
2442 3355 2505 3406 ὲκ
2533 3354 2631 3425 τῆς
2660 3354 2938 3427 Παρθένου
2966 3354 3028 3408 τδ
3055 3352 3394 3425 ἀνθρώπινον
3428 3354 3656 3426 ὄργανον
3679 3353 3781 3405 ἁνα-

564 3452 799 3501 nitorum
831 3446 938 3502 ritu
962 3455 1264 3519 purgatus;
1296 3461 1406 3502 non
1434 3435 1725 3519 quodjpse
1759 3445 1861 3502 hoc
1891 3446 2130 3503 remedio

2242 3443 2416 3497 λαϐὼν
2451 3445 2709 3518 ἐφόρησε,
2744 3448 2841 3500 καὶ
2890 3447 2996 3501 ὑπὸ
3041 3447 3225 3518 Νόμον
3257 3446 3498 3514 ἐγένετο,
3535 3446 3668 3500 κατὰ
3697 3443 3779 3506 τὰς

564 3541 846 3613 indigeret,
878 3542 977 3598 bas
1011 3542 1423 3599 observationes
1448 3540 1731 3605 sustinuit,
1763 3540 1857 3596 sed
1887 3550 1947 3594 ut
1978 3555 2009 3594 a
2030 3539 2132 3596 Le-

2242 3535 2340 3591 τῶν
2371 3537 2727 3609 πρωτοτόκων
2772 3538 2928 3606 ἀξίας
2965 3538 3339 3611 καθαρισθεὶς,
3367 3539 3471 3593 οὐκ
3506 3540 3661 3601 αὐτὸς
3683 3534 3777 3589 6e6-

563 3635 645 3705 gis
695 3633 956 3690 servitute
1005 3649 1101 3690 eos
1130 3634 1450 3699 redimeret,
1499 3634 1599 3705 qui
1642 3633 1939 3690 venundati
1970 3641 2129 3690 erant

2242 3645 2397 3701 μενος
2420 3630 2517 3702 τῆς
2546 3630 2750 3684 τούτων
2778 3630 3041 3704 χορηγίας
3076 3634 3333 3705 ὑπέμεινε
3361 3633 3462 3696 τὰς
3496 3627 3774 3704 θεραπείας.

563 3724 1001 3781 condemnationi
1029 3723 1326 3781 maledicti.

2242 3723 2351 3776 ἀλλ’
2402 3723 2489 3777 ἵνα
2537 3723 2634 3795 τῆς
2664 3722 2756 3775 τοῦ
2807 3724 2992 3794 Νόμου
3038 3724 3278 3790 δουλείας
3325 3724 3634 3799 ἐξαγοράσῃ
3673 3723 3776 3782 τώς

2237 3813 2619 3886 πεπραμένους
2646 3817 2711 3886 τῇ
2737 3814 2861 3886 δίκῃ
2891 3815 2993 3886 τῆς
3017 3817 3176 3887 ἀρᾶς.

1437 3928 1594 4000 Apud
1619 3929 1871 3986 eumdem
1899 3930 2315 4000 Tlieodoritum,
2350 3933 2494 3991 Dial.
2528 3948 2612 3998 ιιι.
2640 3950 2768 4006 pag.
2806 3934 2928 3990 156.

563 4039 836 4110 Eiusdem,
858 4058 924 4097 ea:
953 4047 1189 4131 oratione
1220 4048 1275 4130 in
1306 4047 1478 4105 illud:
1518 4070 1537 4103 ‹
1559 4050 1814 4107 Dominus
1844 4055 2036 4110 creavit
2055 4071 2136 4113 me

2242 4054 2349 4109 Τοῦ
2376 4052 2583 4121 αὑτοῦ,
2610 4054 2681 4108 ἐκ
2709 4053 2814 4131 τοῦ
2840 4054 3152 4131 ψόγοῦμείς
3178 4056 3269 4131 τόν
3292 4073 3330 4131 _«
3366 4054 3569 4120 Κύριος
3592 4045 3773 4104 ἐκτισὲ

961 4123 1173 4171 initium
1195 4123 1400 4173 viarum
1428 4139 1669 4179 suarum.
1701 4144 1721 4177 ι

2613 4142 2690 4194 με
2720 4123 3103 4194 ἀρχὴνήόδών
3133 4125 3341 4180 αὐτοῦ.
3385 4143 3402 4175 ι

630 4231 763 4286 Nam
792 4232 954 4288 homo
986 4233 1078 4303 qui
1109 4243 1361 4290 mortuus
1401 4244 1540 4303 erat,
1571 4238 1734 4294 tertia
1756 4238 1846 4294 die
1877 4255 2130 4296 resurre-

2320 4237 2379 4291 '0
2405 4236 2693 4310 ἄνθρωπος
2726 4236 2833 4308 γὰρ
2860 4237 2889 4290 6
2919 4234 3202 4291 ἀποθανὼν
3234 4238 3515 4310 τριήμερος
3539 4232 3626 4304 μὲν
3656 4226 3763 4283 ἀνί-

564 4325 659 4389 xit.
693 4334 746 4381 et
771 4325 951 4381 Mariae
971 4341 1093 4396 qua:
1119 4328 1187 4382 ad
1218 4336 1409 4384 sancta
1441 4331 1686 4386 membra
1721 4332 1995 4403 tangenda
2012 4348 2128 4387 ma-

2242 4345 2446 4394 σταται,
2475 4331 2541 4401 τῇ
2583 4328 2638 4382 δὲ
2682 4328 2931 4402 Μαριὰμ,
2964 4331 3258 4401 καρτερίαν
3287 4329 3388 4400 μὲν
3412 4327 3593 4397 ψυχῆς,
3623 4324 3769 4377 ἅπτε-

564 4439 667 4494 gna
689 4421 971 4476 alacritate
1001 4419 1297 4487 ferebatur,
1329 4423 1617 4494 respondit
1641 4423 1685 4456 ⁸¹
1712 4443 1726 4480 :
1763 4422 1894 4479 Noli
1917 4442 1997 4479 me
2017 4435 2131 4481 tan—
2164 4468 2172 4522 1

2242 4420 2359 4474 σθαι
2389 4420 2810 4495 προθυμουμένῃ
2833 4419 2939 4475 τῶν
2966 4422 3137 4490 ἁγίων
3168 4420 3367 4493 μελῶν,
3399 4416 3768 4522 ἁνθυανξγκας

564 4531 718 4586 gere;
748 4513 980 4570 nondum
1015 4516 1153 4570 enim
1191 4516 1405 4571 ascendi
1428 4515 1498 4570 ad
1527 4516 1747 4572 Patrem
1790 4536 1959 4574 nicum
1989 4538 2007 4575 :
2039 4520 2130 4577 sed
2166 4503 2172 4522 ’

2242 4513 2498 4581 ἑκφωνεί·
2534 4510 2630 4579 Μή
2675 4529 2795 4581 μου
2842 4510 3069 4566 ἄπτου’
3104 4512 3271 4565 οὔπω
3321 4510 3432 4580 γὰρ
3474 4503 3769 4569 ἀναϐέϐηκα

564 4607 688 4663 uade
717 4607 785 4663 ad
817 4607 1011 4673 fratres
1070 4624 1231 4669 meos.
1264 4618 1313 4662 et
1357 4608 1443 4663 dic
1472 4610 1547 4665 eis
1570 4627 1589 4665 :
1621 4611 1861 4667 Ascendo
1901 4614 1971 4667 ad
2019 4614 2130 4669 Pa-

2242 4604 2388 4673 πρὸς
2432 4604 2539 4657 τὸν
2583 4603 2812 4672 Πατέρα
2841 4620 2960 4672 μου
2979 4620 2993 4633 ·
3042 4605 3300 4671 πορεύου
3350 4602 3418 4655 δὲ
3468 4600 3609 4671 πρὸς
3653 4594 3768 4657 τσὺς

565 4711 692 4755 trem
721 4716 891 4754 meum
921 4708 971 4755 et
1017 4696 1231 4783 Patrem
1277 4709 1528 4766 uestrum,
1578 4711 1626 4755 et
1662 4700 1828 4756 Deum
1875 4721 2047 4759 meum
2078 4716 2129 4761 et

2242 4694 2538 4764 ἀδελφούς
2560 4713 2697 4765 μου,
2733 4696 2829 4749 καί
2860 4693 2990 4749 εἰπὲ
3015 4694 3253 4760 αὐτοῖς’
3301 4695 3607 4748 Ἆναόαίπω
3646 4685 3767 4755 πρὸς

566 4794 729 4851 Deum
778 4806 1025 4867 vestrum.
1065 4792 1201 4849 Illud
1251 4802 1431 4849 autem
1457 4812 1470 4848 :
1498 4793 1751 4850 Nondum
1802 4798 2016 4854 ascendi
2052 4802 2126 4856 ad

2242 4787 2342 4840 τὸν
2373 4786 2603 4855 Πατέρα
2622 4804 2741 4855 μου
2774 4786 2872 4841 καὶ
2907 4786 3137 4855 Πατέρα
3169 4786 3353 4856 ὑμῶν,
3385 4786 3486 4839 καὶ
3522 4783 3652 4839 Θεόν
3668 4792 3763 4847 μευ

567 4889 777 4944 Patrem
794 4903 985 4952 meum,
1009 4900 1119 4940 non
1140 4884 1280 4940 dixit
1300 4883 1541 4941 Verbum
1556 4893 1609 4940 et
1639 4884 1783 4941 Deus
1809 4889 1901 4958 qui
1932 4905 1963 4945 e
1987 4891 2127 4947 cmlo

2242 4877 2333 4932 καί
2368 4878 2515 4932 Θεὸν
2539 4877 2723 4948 ὑμῶν.
2757 4879 2831 4932 Τὸ
2857 4878 2934 4931 δέ’
2961 4878 3133 4932 Οὔπω
3158 4878 3501 4944 ἀναϐέϐηκα
3526 4874 3657 4944 πρὸς
3681 4866 3761 4921 τὼ·

566 4976 915 5035 .lescenderat
956 4988 1010 5033 et
1045 4977 1100 5031 in
1134 4976 1258 5032 sinu
1307 4974 1486 5032 Patris
1524 4979 1865 5047 versabatur,
1900 4997 2004 5036 nec
2034 4981 2132 5039 Sa-

2242 4969 2464 5038 Πατέρα
2489 4988 2629 5039 μου.
2655 4971 2755 5042 οὑχ
2780 4972 2809 5023 ὁ
2840 4971 3009 5039 Λόγος
3042 4970 3269 5041 ἔφασκε,
3295 4971 3391 5024 καὶ
3422 4970 3553 5031 Θεὸς
3582 4970 3607 5020 6
3633 4964 3757 5031 οὐραε

566 5068 762 5138 pientia
795 5083 915 5137 qua:
943 5083 1033 5125 res
1084 5083 1277 5125 omnes
1310 5077 1524 5126 creatas
1555 5070 1835 5128 continet:
1886 5072 1980 5129 sed
2013 5073 2131 5144 ipse

2242 5061 2383 5117 νόθεν
2432 5063 2785 5136 ὁρμώμενος,
2816 5065 2910 5119 καὶ
2945 5067 3003 5119 ὲν
3051 5068 3161 5129 τοῖς
3208 5066 3429 5128 κόλποις
3460 5060 3751 5127 διαιτώμενης

567 5160 654 5231 qui
679 5175 744 5215 ex
772 5158 1003 5216 diversis
1040 5160 1303 5217 membris
1365 5172 1681 5233 compactus
1709 5173 1848 5229 erat,
1880 5164 2043 5222 homo
2075 5166 2132 5221 id

2242 5155 2324 5209 τοῦ
2363 5156 2596 5228 Πατρὸς,
2654 5157 2764 5210 οὐδ’
2811 5159 2845 5228 ἡ
2898 5158 3074 5212 πάντα
3130 5159 3201 5213 τὰ
3235 5156 3440 5231 γενητὰ
3486 5154 3749 5228 περιέχουσα

564 5251 820 5319 protulit;
850 5253 942 5321 qui
975 5252 1286 5307 exmortuis
1318 5264 1713 5320 resurrexerat,
1741 5262 1797 5310 et
1832 5256 1896 5310 ad
1909 5253 2128 5312 Patrem

2242 5247 2426 5317 Σοφία,
2455 5247 2569 5301 ἀλλ’
2603 5249 2763 5314 αὐτὸς
2801 5250 2831 5302 6
2883 5250 2948 5303 ὲκ
2978 5250 3333 5305 παντοδαπῶν
3366 5239 3748 5322 ἡρμολογημένος

560 5343 801 5398 nondum
829 5353 952 5413 post
987 5352 1216 5400 mortem
1277 5346 1507 5413 abierat,
1538 5346 1643 5404 sibi
1699 5354 1881 5403 autem
1942 5349 2125 5407 nrofe-

2242 5340 2412 5411 μελῶν
2446 5340 2729 5413 ἄνθρωπος
2771 5342 2932 5397 τοῦτο
2962 5343 3261 5414 ἐπέφηνενσ
3304 5346 3333 5397 6
3363 5346 3426 5396 ἐκ
3462 5342 3561 5395 τῶν
3587 5324 3747 5398 νεκρῶν

556 5434 758 5491 ctionis
782 5436 1054 5507 primitias
1085 5440 1423 5497 reservabat.

2242 5431 2497 5503 ἐγερθεὶς,
2528 5432 2623 5486 καὶ⁵
2649 5434 2859 5488 οὐδέπω
2891 5435 2989 5505 μὲν
3019 5434 3152 5507 πρὸς
3186 5438 3279 5490 τὸν
3308 5437 3523 5508 Πατέρα
3548 5426 3656 5502 μετὰ
3675 5416 3747 5468 τὸν

2233 5522 2460 5576 θάνατον
2485 5524 2744 5594 ἀνελθὼν,
2778 5527 3167 5599 ταμιευόμενος
3190 5528 3246 5582 δὲ
3268 5529 3419 5600 αὐτῷ
3444 5514 3539 5597 τῆς
3569 5509 3749 5589 προόὶω

2234 5616 2332 5688 τὴν
2363 5616 2637 5688 ἀπαρχήν.

627 5723 675 5756 τ’
702 5720 934 5795 Philipp.
965 5737 1051 5789 ιιι,
1083 5722 1174 5788 20,
1226 5723 1317 5777 21'.
1356 5724 1403 5757 “
1429 5723 1560 5779 Luc.
1596 5740 1658 5790 ιι,
1692 5724 1756 5780 21
1795 5743 1947 5791 seqq.
2026 5729 2067 5762 ⁸¹
2097 5728 2166 5784 Jo

2247 5770 2260 5785 .
2291 5746 2385 5791 xx.
2421 5729 2515 5787 17.
