3962 6202
286 260 391 320 685
1650 261 2088 322 FRAGMENTA.
2527 271 2532 274 “
3402 268 3505 326 686

288 383 395 439 τοῦ
423 383 591 437 οίγου
621 383 717 437 καὶ
744 383 850 437 τοῦ
878 384 1057 452 ἆρτου
1093 386 1164 440 τὰ
1191 385 1482 440 ἀντίτυπα
1508 387 1626 438 τῶν
1658 400 1852 455 σωμα-

1957 385 2118 450 vobis,
2151 385 2264 440 hate
2289 386 2419 441 dicit
2446 405 2459 440 :
2501 386 2600 441 Per
2626 404 2812 457 panem
2833 399 2882 444 et
2905 389 3112 454 viuum,
3145 399 3289 457 typos
3318 405 3505 458 corpo-

291 474 468 530 τικῶν
494 474 595 529 τοῦ
622 475 876 544 Χριστοῦ
897 479 1164 545 κηρύττει
1182 477 1400 548 μελῶν
1425 480 1453 531 6
1475 479 1531 532 δὲ
1551 480 1613 531 ὲκ
1633 478 1730 549 τῆς
1757 480 1854 532 αὺ-

1957 478 2149 530 ταίίιιηι
2205 476 2403 531 Citriin
2459 482 2711 547 prwdicat
2758 483 3126 534 membrorum.
3183 481 3331 535 Alter
3379 497 3506 536 vero

294 568 392 638 τῆς
420 567 595 638 πηγῆς
615 567 981 640 ἀπαντλήσας,
1011 568 1086 632 ὡς
1109 569 1253 624 ίσασι
1287 572 1484 633 πάντες
1501 571 1550 622 οἱ
1580 570 1676 641 τῆς
1699 573 1854 642 ἱερω-

1954 571 2142 625 eodem
2168 570 2315 626 fonte
2344 570 2622 637 hauriens,
2647 580 2707 627 ut
2737 583 3003 628 noverunt
3028 589 3217 627 omnes
3254 573 3509 626 sacerdo-

296 658 458 730 σύνης
504 660 851 730 μυστηπόλοι,
883 662 939 714 ὲν
983 665 1048 733 τῇ
1084 663 1212 734 εὐχῇ
1257 663 1353 732 τῆς
1381 661 1530 726 Θείας
1575 663 1852 734 ἀναφορᾶς

1957 663 2015 716 tii
2045 662 2256 733 mystici
2289 663 2560 727 cultores,
2594 664 2646 718 in
2694 665 2938 720 oratione
2983 665 3179 719 divinae
3215 663 3508 719 oblationis

293 743 393 802 ὧδέ
445 767 562 814 πως
599 749 777 818 λέγει·
832 769 851 803 ι
909 751 1246 824 Θαρροῦντες
1290 751 1718 822 προσεγγίζομεν
1773 751 1851 821 τῷ

1959 756 2031 808 ita
2066 755 2196 809 dicit
2237 773 2248 808 :
2293 773 2313 804 ι
2365 753 2711 812 Conﬁdentes
2761 759 3258 828 appropinquamus
3317 765 3510 811 sancto

288 841 427 911 ἁγίῳ
472 840 854 912 Θυσιαστηρίῳ,
895 844 988 896 καὶ
1030 843 1320 914 προθέντες
1345 842 1414 896 τὰ
1459 842 1725 896 ἀντίτυπα
1759 841 1852 894 τοῦ

1955 847 2148 909 altari,
2177 855 2232 902 et
2263 856 2624 918 proponentes
2649 855 2807 919 typos
2826 848 3002 904 sancti
3031 848 3275 918 corporis
3300 855 3355 900 et
3381 862 3509 901 san-

288 932 444 1000 ἀγίου
493 931 740 1002 σώματος
782 933 877 987 καὶ
910 934 1136 1004 αἵματος
1172 933 1266 987 τοῦ
1310 932 1546 1003 Χριστοῦ
1596 949 1720 998 σου,
1761 933 1852 985 σοῦ

1951 936 2135 1005 guinis
2168 937 2369 991 Christi
2396 939 2473 992 tui
2498 978 2513 1000 ,
2549 945 2603 993 te
2644 937 2998 1008 deprecamur
3037 949 3092 995 et
3139 949 3192 994 te
3231 953 3505 1009 rogamus.

286 1017 538 1090 δεόμεθα,
575 1023 670 1075 καὶ
703 1022 762 1076 σὲ
803 1021 1219 1093 παρακαλοῦμεν
1242 1040 1257 1053 ο
1297 1041 1316 1075 ι
1345 1023 1440 1077 καὶ
1469 1022 1529 1076 τὸ
1575 1022 1702 1091 ἑξῆς
1738 1022 1850 1074 ἐπι-

1386 1023 1440 1075 αὶ
1469 1022 1529 1076 τὸ
1575 1022 1702 1091 ἑξῆς
1738 1022 1855 1074 ἐπι·
1953 1024 2017 1081 Ει
2043 1026 2186 1106 quod
2217 1027 2471 1098 deinceps
2494 1027 2747 1094 infertur,
2789 1049 2807 1081 ι
2845 1038 2950 1084 etc.

290 1111 607 1182 ιρερόμενον.

1519 1202 1746 1274 Vulgata
1776 1213 1824 1258 et
1854 1203 2071 1273 antiqua
2101 1202 2282 1257 editio.

357 1311 531 1392 Legas
555 1329 842 1392 quousque
875 1313 1044 1392 voles,
1081 1330 1356 1392 nunquam
1387 1315 1651 1392 invenies,
1680 1330 1855 1392 neque
1886 1313 2173 1392 Dominum
2214 1330 2389 1384 neque
2427 1316 2702 1392 apostolos
2732 1332 2909 1388 neque
2940 1314 3129 1392 Patres
3153 1318 3498 1392 incruentum

286 1383 421 1458 illud
456 1383 780 1438 sacriﬁcium
816 1384 962 1458 quod
997 1383 1329 1458 asacerdote
1363 1383 1608 1458 olTertur,
1639 1386 1925 1458 imaginem
1948 1384 2187 1458 dixisse;
2219 1383 2430 1458 verum,
2463 1383 2637 1455 ipsum
2667 1383 2866 1458 corpus
2895 1398 2944 1441 et
2967 1388 3506 1458 ipsumsanguinem.

287 1454 540 1507 Attamen
565 1462 690 1508 ante
719 1455 1169 1525 sanctiﬁcationis
1200 1456 1703 1516 consecrationem,
1739 1455 2061 1525 quibusdam
2094 1453 2347 1525 Patribus
2383 1453 2628 1524 pie‘sane
2666 1453 2840 1512 visum
2878 1453 3000 1518 est,
3047 1456 3334 1510 ἀντίτυπον
3356 1497 3368 1516 ,
3409 1457 3509 1510 hoc

287 1532 377 1596 est
407 1526 686 1596 exemplar
723 1525 915 1580 similis
949 1524 1133 1596 forma:
1168 1525 1448 1580 nominare
1479 1545 1491 1579 :
1522 1524 1762 1595 quorum
1781 1526 1847 1578 de
1875 1539 2102 1596 numero
2141 1524 2486 1596 Eustathius,
2537 1534 2795 1582 constans
2840 1528 2888 1582 is
2921 1535 3289 1596 propugnator
3317 1525 3504 1580 ortho-

289 1593 446 1666 doxa:
475 1593 593 1648 ﬁdei
628 1602 680 1648 et
705 1597 970 1649 Arianica:
1003 1594 1230 1649 insaniae
1259 1593 1595 1664 expugnator
1634 1596 1848 1656 clarus;
1903 1595 2028 1647 item
2063 1595 2291 1649 Basilius
2331 1595 2578 1662 ejusdem
2623 1593 3035 1666 superstitionis
3067 1593 3456 1650 averruncator
3488 1610 3506 1647 :

288 1664 385 1736 qui
413 1674 653 1736 apertam
683 1673 738 1718 et
773 1666 986 1735 planam
1029 1675 1298 1720 rectorum
1348 1667 1697 1736 probatorum
1730 1665 2041 1736 dogmalum
2073 1666 2503 1736 vialnidocentes
2526 1705 2541 1725 .
2587 1664 2706 1718 uno
2729 1681 2821 1721 ore
2859 1675 2911 1720 et
2941 1668 3135 1736 spiritu
3163 1667 3457 1736 loquuntur
3491 1684 3504 1736 :_

291 1735 382 1788 hic
408 1734 624 1815 quidem
655 1733 932 1816 esponens
965 1735 1168 1816 dictum
1198 1733 1427 1816 illhud'in
1466 1735 1775 1816 Proverbiis
1816 1733 2133 1816 Salomonis
2163 1755 2175 1789 :
2210 1735 2363 1816 Edita
2401 1752 2568 1788 meum
2608 1746 2914 1816 pauent.__et
2970 1733 3126 1816 bibite
3165 1733 3338 1816 uiuum
3366 1734 3510 1816 gnod

291 1804 597 1875 gommiscui
627 1803 800 1867 vobis,
829 1808 940 1859 lucc
976 1806 1192 1875 inquit:
1233 1805 1334 1858 Per
1357 1821 1544 1874 panem
1585 1815 1634 1861 et
1682 1806 1853 1858 vinum
1882 1803 2157 1875 avri-cortu
2201 1805 2546 1858 membrorum
2590 1806 2941 1872 corporalium
2992 1805 3194 1861 Christi
3232 1803 3507 1874 prwdicat.

291 1870 388 1928 Ille
418 1889 544 1928 vero
576 1889 640 1928 ex
677 1875 862 1930 eodem
897 1870 1368 1937 fonte'hauriens.
1393 1885 1452 1929 ut
1492 1891 1684 1930 omnes
1707 1873 1995 1945 sacerdotii
2034 1885 2220 1945 mystre.
2263 1883 2633 1945 cognoscunt,
2673 1870 2738 1929 in
2791 1877 3102 1945 precatione
3149 1870 3345 1930 divinae
3371 1891 3501 1945 una:

288 1945 605 2018 phoraesic
635 1946 762 2000 alibi
798 1946 924 2018 legit
948 1964 1031 2018 ιλ
1075 1945 1424 2018 ςοίηιίᾴειιιοε
1453 1955 1548 1999 ιιιο
1587 1960 1740 1998 sacro
1779 1944 1936 2018 altari
1961 1943 2486 2014 appropinquainus,
2541 1955 2594 2000 et
2633 1943 2998 2016 proponentes
3038 1947 3280 2018 antitypa
3331 1943 3507 2000 sancti

290 2014 538 2084 corporis
561 2024 615 2070 et
647 2017 929 2086 sanguinis
959 2014 1163 2071 Christi
1192 2017 1300 2081 tui,
1336 2024 1390 2071 te
1423 2031 1707 2086 precamur
1734 2022 1788 2070 et
1827 2014 2166 2080 invocamus,
2204 2035 2222 2069 ι
2253 2027 2363 2072 etc.

1856 2123 1941 2180 Ill.

293 2239 407 2314 Τοῦ
429 2241 598 2310 ἁγίου
625 2241 959 2314 Εὐλσταθίου
982 2241 1321 2314 ἐπισκόπου
1360 2239 1723 2314 Ἀτςτιοχείας
1758 2241 1853 2293 καὶ

1960 2235 2145 2314 sancti
2168 2231 2433 2314 Eustathii
2476 2230 3045 2314 episcopiAntios-heni.
3069 2241 3120 2285 et
3157 2233 3468 2301 confessoris
3486 2274 3507 2305 ,

361 2301 747 2433 όιῗοξῑογητοῦ,
767 2313 854 2378 είς
875 2314 982 2378 τὰς
1015 2311 1371 2383 Ἑπιγραφὰς
1390 2307 1499 2377 τῆς
1521 2301 1852 2380 ότηλὸτραι-
1889 2301 1920 2305 ﬁ

363 2397 408 2449 φ
434 2395 528 2447 ας.

2027 2308 2081 2359 in
2158 2303 2528 2365 Inscriptiones
2593 2301 2864 2356 titulorum
2926 2303 3065 2370 psal.
3142 2319 3206 2357 xv
3272 2315 3322 2357 et
3376 2301 3505 2367 Lvt,

2018 2377 2182 2444 juxta
2211 2371 2382 2426 LXX.

1317 2489 1475 2560 Apud
1531 2486 1922 2544 Theodoritum
1956 2484 2099 2541 Dial.
2133 2501 2194 2552 ιι,
2227 2499 2348 2555 pag.
2386 2481 2478 2540 90.

371 2603 648 2660 Ἐντεῦθεν
699 2604 877 2659 τοίνυν
924 2604 1018 2658 ἐπὶ
1067 2603 1255 2677 θρόνου
1300 2601 1650 2675 προῦγραφεν
1696 2603 1857 2658 αὑτὸν

2029 2598 2158 2655 Inde
2184 2599 2350 2670 igitur
2377 2597 2595 2661 accidit,
2617 2605 2674 2651 ut
2699 2597 3057 2668 perscriberet
3084 2615 3206 2655 eum
3234 2602 3287 2657 in
3314 2604 3509 2662 throno

288 2696 448 2767 ἁγίου
496 2694 840 2762 καθέζεσθαι,
891 2696 1087 2767 δηλῶν,
1137 2697 1219 2749 ὅτι
1253 2695 1538 2766 σύνθρονος
1585 2695 1852 2749 ἀποδέδει-

1958 2701 2149 2749 sancto
2179 2691 2396 2756 sedere,
2453 2690 2766 2760 significans
2811 2707 2955 2747 eum.
2982 2692 3038 2747 in
3075 2695 3262 2750 eodem
3315 2698 3511 2753 throno

283 2808 414 2845 serat
443 2789 521 2862 τῷ
543 2790 798 2862 θειοτάτῳ
831 2788 1211 2862 Πνεῦματιδιὰ
1247 2789 1339 2843 τὸν
1360 2788 1608 2843 οἰκοῦντα
1636 2787 1767 2842 Θεὸν
1797 2789 1847 2841 ἐν

1957 2801 2080 2840 cum
2128 2783 2468 2839 divinissimo
2507 2782 2709 2854 Spiritu
2739 2784 3061 2840 collocatum
3102 2801 3252 2851 esse,
3293 2799 3511 2860 propter

283 2879 442 2952 αὐτῷ
466 2880 744 2953 διηνεκῶς.

1959 2876 2125 2933 Deum
2158 2876 2213 2931 in
2240 2875 2359 2946 ipso
2385 2874 2603 2931 assidue
2629 2875 2980 2932 habitantem.

1160 2993 1314 3064 Apud
1356 2993 1603 3050 eumdem
1635 2991 2020 3047 Theodoritum
2045 2990 2189 3045 Dial.
2226 3006 2310 3053 ιιι,
2343 3005 2467 3060 pag.
2501 2989 2624 3044 158.

293 3112 411 3168 Τοῦ
434 3110 639 3176 αὑτοῦ,
664 3109 733 3164 ἐκ
763 3109 870 3165 τοῦ
895 3111 1079 3179 λόγου
1105 3113 1193 3177 είς
1220 3111 1326 3177 τὰς
1359 3109 1711 3179 Ἐπιττραφὰς
1740 3107 1857 3163 τῶν

1961 3106 2244 3178 Ejusdem,
2281 3120 2345 3159 ex
2377 3105 2614 3160 oratione
2661 3104 2724 3179 in_
2756 3103 3128 3172 Inscriptiones
3172 3107 3509 3166 Psalmomm

1301 3173 1316 3177 ν
1492 3173 1531 3179 Π
1595 3173 1612 3179 ν
1686 3173 1700 3175 ν
2001 3173 2015 3178 γ

1305 3173 1316 3177 ⁷
1492 3173 1531 3179 ’⁷
1595 3173 1612 3179 ⁷
1686 3173 1700 3175 ⁷
2001 3173 2015 3178 ⁷
2593 3173 2869 3244 graduum.

363 3296 533 3363 Δόξαν
557 3297 615 3351 δὲ
663 3296 951 3367 ἐπίκτητον
981 3298 1009 3349 6
1047 3296 1236 3368 Πατὴρ
1281 3295 1381 3348 οὐκ
1419 3294 1740 3364 ἐπιδέχεται,
1766 3291 1857 3346 τέ·

2029 3285 2266 3343 Gloriam
2298 3286 2619 3356 acquisitam
2649 3283 2808 3341 Pater
2843 3301 2950 3340 non
2990 3287 3206 3356 recipit,
3241 3304 3405 3359 quum
3437 3293 3507 3347 sit

289 3392 452 3454 λειος,
482 3389 724 3460 ἄπειρος,
753 3388 1105 3460 ἀπερινόητος
1131 3388 1226 3449 ὢν,
1267 3387 1566 3458 ἀπροσδεὴς
1609 3384 1853 3449 κάλλους,

1961 3378 2254 3452 perfectus,
2293 3376 2534 3431 inﬁnitus
2554 3415 2568 3440 ,
2599 3385 2752 3430 extra
2780 3390 2993 3430 omnem
3028 3384 3242 3446 captum
3275 3381 3470 3434 mentis
3490 3423 3507 3447 ,

291 3485 392 3538 καὶ
419 3482 676 3545 παντοίας
703 3481 984 3552 ἐπηρείας.
1019 3481 1152 3534 Ἀλλ’
1175 3480 1293 3534 οὐδὲ
1313 3483 1341 3532 ὁ
1362 3481 1531 3548 Λόγος
1547 3479 1710 3533 αὐτοῦ
1729 3480 1855 3544 Θεὸς

1961 3487 2061 3528 nec
2084 3469 2480 3542 pulchritudine
2512 3468 2786 3537 indigeat,
2820 3467 2998 3537 sitque
3029 3467 3098 3521 ab
3136 3471 3281 3522 omni
3314 3472 3511 3540 probro

289 3575 370 3629 ὢν
398 3577 425 3628 6
451 3542 728 3645 γεννηθεὶς
763 3542 826 3640 ἐξ
865 3542 1027 3628 αὐτοῦ
1047 3589 1062 3604 ο
1097 3573 1163 3626 δι’
1195 3566 1255 3626 οὗ
1287 3542 1570 3641 γεγόνασιν
1616 3542 1853 3640 ἄγγελοι,

1962 3566 2190 3621 alienus.
2225 3562 2330 3618 Sed
2374 3576 2546 3631 neque
2577 3556 2811 3615 Verbum
2843 3561 2962 3631 ejus
2983 3601 2997 3624 ,
3030 3561 3122 3630 qui
3157 3561 3296 3617 Deus
3325 3571 3408 3617 est
3445 3579 3509 3618 ex

291 3667 392 3720 καὶ
417 3667 654 3738 οὐρανοὶ,
681 3665 774 3720 καὶ
801 3665 904 3736 γῆς
937 3665 1139 3736 ἄπειρα
1170 3664 1393 3736 μεγέθη,
1425 3665 1519 3718 καὶ
1546 3665 1716 3717 πᾶσαι
1740 3663 1855 3717 συλ-

1961 3657 2079 3728 ipso
2107 3655 2352 3726 genitus;
2378 3667 2474 3724 per
2499 3667 2658 3721 quem
2688 3649 2815 3706 facti
2857 3659 2984 3707 sunt
3010 3652 3185 3723 angeli
3217 3660 3269 3708 et
3307 3654 3428 3709 cmli
3457 3663 3510 3708 et

288 3757 495 3830 λήὸδην
526 3759 632 3813 τῶν
678 3758 913 3828 γενετῶν
953 3757 1072 3811 ὗλαι
1099 3775 1159 3811 τε
1192 3759 1284 3812 καὶ
1329 3758 1642 3821 συστάσεις’
1685 3757 1798 3810 ἀλλ’
1828 3758 1852 3810 6

1962 3748 2222 3802 immensa
2261 3754 2414 3800 terrae
2446 3745 2616 3814 spatia
2667 3751 2720 3798 et
2759 3758 2980 3806 omnes,
3029 3751 3088 3798 ut
3133 3744 3321 3815 paucis
3364 3759 3513 3799 com-

289 3847 578 3920 ᾱνορωπος
599 3848 690 3903 τοῦ
714 3847 970 3921 Χριστοῦ,
999 3850 1064 3902 ὲκ
1085 3849 1292 3921 νεκρῶν
1312 3848 1671 3920 ἐγειρόμενος,
1697 3845 1853 3917 ὑψοῦ-

1962 3838 2186 3908 plectar,
2213 3845 2583 3891 creaturarum
2613 3835 2851 3890 materiae
2881 3842 2934 3889 et
2965 3835 3152 3890 format
3178 3854 3192 3891 :
3229 3835 3324 3892 sed
3349 3835 3510 3889 homo

289 3955 384 3991 ται
416 3939 512 3992 καὶ
537 3937 834 4005 δοξάζεται,
867 3937 974 3992 τῶν
1013 3939 1266 3994 ἐναντίων
1309 3937 1571 4010 αἰσχύνην
1605 3937 1853 4006 ἄντικρυς

1964 3929 2162 3984 Christi
2192 3945 2256 3983 ex
2289 3929 2517 3983 mortuis
2546 3928 2844 3983 suscitatus
2868 3926 3139 3982 exaltatur
3160 3935 3214 3981 et
3241 3926 3512 3998 gloriﬁca-

291 4029 604 4101 ἀραμένων.
1967 4031 2078 4088 tur,
2102 4023 2426 4079 adversariis
2454 4021 2799 4093 ignominiam
2820 4021 2995 4091 palam
3023 4019 3403 4078 referentibus.

1646 4146 1850 4212 Ιιιιυειι,
1899 4157 2018 4200 mc.
2050 4141 2173 4199 159.

562 4241 668 4296 Τοῦ
704 4243 908 4307 αὐτοῦ,
931 4241 1000 4295 ἐκ
1028 4240 1133 4296 τοῦ
1166 4241 1351 4296 αὐτοῦ
1382 4241 1585 4311 λόγου.

2309 4229 2559 4301 Ejusdem
2577 4271 2592 4291 ,
2621 4245 2686 4283 ea:
2703 4228 2882 4285 eadem
2907 4231 3158 4288 oratione.

365 4333 431 4386 Οί
475 4331 530 4384 δὲ
557 4331 732 4402 φθόνῳ
772 4331 832 4384 τὸ
865 4335 1016 4402 μῖσος
1059 4330 1319 4402 ἀράμενοι
1374 4333 1496 4383 κατ’
1537 4327 1718 4392 αὑτοῦ,
1768 4326 1859 4380 καὶ

2031 4324 2133 4391 Qui
2171 4322 2353 4378 odium
2384 4321 2437 4376 in
2471 4321 2620 4377 illum
2677 4336 2773 4390 per
2816 4321 3068 4377 invidiam
3122 4334 3510 4394 susceperant,

292 4425 672 4496 πεφραγμένοι
719 4423 949 4496 πολεμίᾳ
987 4423 1305 4496 παρατάξει,
1345 4421 1722 4494 σκορπίξονται
1761 4416 1856 4471 τοῦ

1961 4415 2236 4472 etinlesta
2287 4415 2343 4468 in
2388 4427 2511 4470 eum
2559 4412 2672 4467 acie
2704 4421 3120 4483 processerant,
3147 4416 3511 4487 dissipantur;

291 4517 474 4584 Λόγου
499 4533 558 4569 τε
587 4519 680 4570 ita).
708 4516 840 4570 Θεοῦ
865 4515 958 4568 τὸν
985 4513 1174 4568 ἑαυτοῦ
1199 4513 1326 4568 ναὸν
1356 4510 1700 4584 ἀξιοπρεπῶς
1725 4511 1855 4563 ἀνα·

1964 4525 2131 4579 quum
2181 4506 2408 4563 Verbum
2447 4512 2519 4574 et.
2536 4506 2678 4561 Deus
2723 4522 2880 4562 suum
2930 4509 3045 4578 ipse
3087 4510 3345 4580 templum
3394 4513 3513 4584 glo-

294 4610 399 4678 στή
408 4625 618 4672 σαν-τος.

1965 4603 2108 4658 riose
2133 4602 2433 4658 suscitavit.

1207 4721 1363 4791 Apud
1396 4718 1644 4776 eumdem
1688 4717 2077 4776 Theodoritum
2109 4721 2254 4776 Dial.
2287 4736 2327 4784 ι,
2359 4738 2480 4794 pag.
2516 4721 2602 4777 57.

369 4837 486 4894 Τοῦ
513 4836 719 4902 αὑτοῦ,
747 4837 816 4891 ἐκ
848 4837 958 4905 τῆς
990 4835 1301 4907 ἑρμηνείας
1327 4832 1432 4888 τοῦ
1465 4841 1526 4889 ιε’
1555 4834 1818 4904 ψαλμοῦ.
1892 4839 1933 4897 Π

1755 4834 1818 4890 ιῦ.
1892 4839 1944 4897 D
2166 4836 2446 4906 Ejusdem,
2473 4853 2536 4890 ea:
2563 4838 2983 4905 interpretatione
3009 4837 3198 4905 psalmt
3232 4855 3319 4892 xv.

385 4929 545 4983 Ἀλλὰ
586 4929 690 5001 μὴν
722 4932 754 5001 ἡ
785 4928 878 4982 τοῦ
919 4928 1088 5000 Ἰησοῦ
1134 4928 1318 4998 (ψυχὴ)
1353 4927 1622 4999 ἑκατέρων
1672 4929 1863 4999 πεῖραν

2037 4928 2199 4998 Atqui
2247 4932 2424 4982 an‘nna
2475 4927 2601 4983 Jesu
2647 4936 2934 4999 utrumque
2982 4938 3202 4998 experta
3241 4939 3344 4985 est.
3395 4928 3516 4983 Fuit

293 5023 448 5093 ἔσχε.
478 5021 666 5088 Γέγονε
698 5019 805 5090 γὰρ
843 5019 936 5072 καὶ
976 5020 1034 5072 ἐν
1065 5019 1141 5090 τῷ
1169 5019 1349 5090 χωρίῳ
1377 5018 1483 5071 τῶν
1514 5018 1857 5090 ἀνθρωπίνων

1967 5021 2108 5075 enim
2157 5028 2211 5073 ct
2253 5025 2304 5073 in
2337 5021 2455 5072 loco
2503 5021 2860 5074 humanarum
2906 5022 3241 5085 animarum,
3271 5029 3326 5075 et
3369 5031 3517 5076 extra

290 5112 512 5185 ψυχῶν,
539 5113 632 5165 καὶ
658 5112 758 5183 τῆς
799 5111 996 5183 σαρκὸς
1024 5111 1177 5174 ἐκτὸς
1207 5111 1470 5182 γενομένη
1517 5108 1581 5182 ζῇ
1612 5111 1702 5163 καὶ
1733 5110 1854 5180 ὑφέ-

1967 5126 2183 5164 carnem
2219 5110 2512 5165 constituta
2542 5110 2672 5163 vivit
2717 5119 2770 5164 et
2815 5122 3089 5182 superstes
3135 5120 3238 5167 est.
3290 5111 3516 5168 Ratione

295 5219 493 5272 στηκε.
536 5203 737 5272 Λογικὴ
781 5203 887 5274 ἄρα
913 5203 1003 5256 καὶ
1033 5205 1148 5265 ταῖς
1192 5201 1385 5272 ψυχαῖς
1414 5201 1520 5254 τῶν
1566 5200 1859 5273 ἀνθρώπων

1969 5201 2131 5271 igitur
2156 5211 2237 5256 est
2263 5200 2483 5270 prardita
2504 5241 2518 5262 ,
2551 5209 2601 5253 et
2624 5200 2866 5270 ejusdem
2893 5218 3014 5255 cum
3040 5205 3322 5258 animabus
3353 5204 3514 5258 homi-

279 5294 602 5365 '6p.oot'aatoc,
622 5293 805 5366 ὥσπερ
821 5295 914 5347 καὶ
941 5292 1120 5364 ἡσὰρξ
1145 5293 1421 5363 ὁμοούσιος
1448 5297 1514 5364 τῇ
1530 5292 1636 5345 τῶν
1665 5291 1843 5364 ἀνθρώ

1969 5307 2094 5344 ιιιιιη
2155 5290 2502 5355 substantizc;
2573 5290 2713 5343 sicut
2756 5300 2809 5343 et
2861 5307 2987 5344 caro
3041 5293 3515 5348 consubstantialis

296 5403 421 5440 πων
448 5386 612 5457 σαρκὶ
636 5385 910 5456 τυγχάνει,
946 5387 1010 5438 ὲκ
1031 5384 1130 5454 τῆς
1147 5384 1362 5456 Μαρίας
1384 5383 1735 5456 προελθοῦσα.

1568 5383 1735 5440 δοῦσα.
1968 5383 2122 5438 carni
2151 5383 2428 5436 hominum
2449 5423 2462 5446 ,
2495 5397 2613 5453 quae
2642 5398 2704 5437 ex
2729 5381 2893 5438 Maria
2919 5384 3132 5455 prodiit.

1389 5497 1546 5568 Apud
1579 5498 1826 5552 eumdem
1864 5495 2010 5551 Dial.
2046 5511 2127 5564 tu,
2169 5511 2288 5566 pag.
2321 5497 2439 5552 159.

308 5613 421 5669 Τοῦ
463 5613 672 5680 αὑτοῦ,
711 5612 780 5665 ἐκ
811 5609 921 5679 τῆς
969 5610 1278 5679 ἑρμηνείας
1325 5609 1430 5664 τοῦ
1473 5611 1566 5676 ιιιβν
1597 5609 1858 5680 ψαλμοῦ.

1775 5609 1858 5664 οῦ.
2134 5611 2385 5681 Ejusdem
2406 5652 2420 5675 ,
2451 5627 2513 5666 ea:
2542 5613 2966 5680 interpretatione
2995 5611 3186 5678 psalmi
3213 5625 3339 5664 xc”.

379 5705 558 5778 Πέρας
585 5703 715 5774 γοῦν
745 5706 773 5758 6
799 5703 1076 5776 προφήτης
1117 5701 1358 5768 Ἡσαΐας,
1385 5701 1521 5755 αὐτὰ
1549 5703 1645 5772 μὲν
1669 5703 1734 5756 τὰ
1757 5703 1862 5756 τῶν

2040 5699 2279 5757 Tandem
2322 5701 2484 5771 igitur
2515 5703 2773 5771 propheta
2816 5700 3015 5768 Isaias,
3056 5701 3369 5772 passionum
3397 5697 3512 5774 ejus
