  <div class='ocr_page' id='page_1' title='image "/cluster/home/n/w/nwhite01/storage/ocr_20150623/18/hvd.32044073501207/350.png"; bbox 0 0 3962 6202; ppageno 0'>
   <div class='ocr_carea' id='block_1_1' title="bbox 286 275 3526 338">
    <p class='ocr_par' dir='ltr' id='par_1_1' title="bbox 286 275 3526 338">
     <span class='ocr_line' id='line_1_1' title="bbox 286 275 3526 338; baseline -0.001 -2"><span class='ocrx_word' id='word_1_1' title='bbox 286 278 396 336; x_wconf 73' lang='lat'><strong>689</strong></span> <span class='ocrx_word' id='word_1_2' title='bbox 1356 278 1359 285; x_wconf 67' lang='grc'><em>“</em></span> <span class='ocrx_word' id='word_1_3' title='bbox 1654 278 2095 338; x_wconf 67' lang='lat' dir='ltr'><strong>FRAGMENTA.</strong></span> <span class='ocrx_word' id='word_1_4' title='bbox 2144 332 2149 335; x_wconf 90' lang='lat'><strong>.</strong></span> <span class='ocrx_word' id='word_1_5' title='bbox 3421 275 3526 333; x_wconf 78' lang='lat'><strong>690</strong></span> 
     </span>
    </p>
   </div>
   <div class='ocr_carea' id='block_1_2' title="bbox 286 388 1850 464">
    <p class='ocr_par' dir='ltr' id='par_1_2' title="bbox 286 388 1850 464">
     <span class='ocr_line' id='line_1_2' title="bbox 286 388 1850 464; baseline -0.001 -17"><span class='ocrx_word' id='word_1_6' title='bbox 286 390 528 463; x_wconf 62' lang='grc' dir='ltr'>γάλλων·</span> <span class='ocrx_word' id='word_1_7' title='bbox 568 389 708 463; x_wconf 86' lang='grc' dir='ltr'>μετά</span> <span class='ocrx_word' id='word_1_8' title='bbox 742 390 799 445; x_wconf 70' lang='grc' dir='ltr'>δὲ</span> <span class='ocrx_word' id='word_1_9' title='bbox 828 389 889 445; x_wconf 78' lang='grc' dir='ltr'>τὸ</span> <span class='ocrx_word' id='word_1_10' title='bbox 922 388 1112 456; x_wconf 75' lang='grc' dir='ltr'>πάθος,</span> <span class='ocrx_word' id='word_1_11' title='bbox 1147 393 1387 464; x_wconf 81' lang='grc' dir='ltr'><strong>τριταῖος</strong></span> <span class='ocrx_word' id='word_1_12' title='bbox 1425 392 1489 445; x_wconf 71' lang='grc' dir='ltr'>ἐκ</span> <span class='ocrx_word' id='word_1_13' title='bbox 1517 390 1623 446; x_wconf 86' lang='grc' dir='ltr'>τῶν</span> <span class='ocrx_word' id='word_1_14' title='bbox 1655 390 1850 463; x_wconf 64' lang='grc' dir='ltr'>νεκρῶι</span> 
     </span>
    </p>
   </div>
   <div class='ocr_carea' id='block_1_3' title="bbox 1956 388 3520 464">
    <p class='ocr_par' dir='ltr' id='par_1_3' title="bbox 1964 389 3520 458">
     <span class='ocr_line' id='line_1_3' title="bbox 1964 389 3520 458; baseline -0.001 -10"><span class='ocrx_word' id='word_1_15' title='bbox 1964 408 2090 448; x_wconf 88' lang='lat' dir='ltr'><strong>nem</strong></span> <span class='ocrx_word' id='word_1_16' title='bbox 2112 407 2273 458; x_wconf 89' lang='lat' dir='ltr'><strong>vero,</strong></span> <span class='ocrx_word' id='word_1_17' title='bbox 2303 408 2427 449; x_wconf 89' lang='lat' dir='ltr'><strong>cum</strong></span> <span class='ocrx_word' id='word_1_18' title='bbox 2465 393 2628 449; x_wconf 87' lang='lat' dir='ltr'><strong>tertio</strong></span> <span class='ocrx_word' id='word_1_19' title='bbox 2661 391 2749 449; x_wconf 85' lang='lat' dir='ltr'><strong>die</strong></span> <span class='ocrx_word' id='word_1_20' title='bbox 2782 389 3172 449; x_wconf 81' lang='lat' dir='ltr'><strong>resurrexisset</strong></span> <span class='ocrx_word' id='word_1_21' title='bbox 3192 404 3224 445; x_wconf 74' lang='grc' dir='ltr'>ι</span> <span class='ocrx_word' id='word_1_22' title='bbox 3259 391 3520 457; x_wconf 75' lang='lat' dir='ltr'><strong>mortuis.</strong></span> 
     </span>
    </p>
   </div>
   <div class='ocr_carea' id='block_1_4' title="bbox 286 481 1850 556">
    <p class='ocr_par' dir='ltr' id='par_1_4' title="bbox 286 481 1850 556">
     <span class='ocr_line' id='line_1_4' title="bbox 286 481 1850 556; baseline -0.003 -16"><span class='ocrx_word' id='word_1_23' title='bbox 286 483 552 550; x_wconf 74' lang='grc' dir='ltr'>ἀναστὰς,</span> <span class='ocrx_word' id='word_1_24' title='bbox 586 481 963 548; x_wconf 78' lang='grc' dir='ltr'>ὲνδοιαζὸντων</span> <span class='ocrx_word' id='word_1_25' title='bbox 995 483 1173 537; x_wconf 80' lang='grc' dir='ltr'>αὐτῶν</span> <span class='ocrx_word' id='word_1_26' title='bbox 1213 482 1507 556; x_wconf 76' lang='grc' dir='ltr'>ὲγηγέρθαι</span> <span class='ocrx_word' id='word_1_27' title='bbox 1548 482 1656 536; x_wconf 85' lang='grc' dir='ltr'>τῶν</span> <span class='ocrx_word' id='word_1_28' title='bbox 1687 482 1850 555; x_wconf 87' lang='grc' dir='ltr'>μαθη·</span> 
     </span>
    </p>
   </div>
   <div class='ocr_carea' id='block_1_5' title="bbox 1957 481 3521 556">
    <p class='ocr_par' dir='ltr' id='par_1_5' title="bbox 1966 481 3521 556">
     <span class='ocr_line' id='line_1_5' title="bbox 1966 481 3521 556; baseline -0.001 -16"><span class='ocrx_word' id='word_1_29' title='bbox 1966 492 2021 541; x_wconf 89' lang='lat' dir='ltr'><strong>et</strong></span> <span class='ocrx_word' id='word_1_30' title='bbox 2075 485 2143 540; x_wconf 89' lang='lat' dir='ltr'><strong>de</strong></span> <span class='ocrx_word' id='word_1_31' title='bbox 2188 485 2363 556; x_wconf 82' lang='lat' dir='ltr'><strong>ipsius</strong></span> <span class='ocrx_word' id='word_1_32' title='bbox 2418 485 2822 540; x_wconf 78' lang='lat' dir='ltr'><strong>resurrectione</strong></span> <span class='ocrx_word' id='word_1_33' title='bbox 2869 481 3183 539; x_wconf 93' lang='lat' dir='ltr'><strong>dubitarent</strong></span> <span class='ocrx_word' id='word_1_34' title='bbox 3232 482 3521 553; x_wconf 72' lang='lat' dir='ltr'><strong>diScipuli.</strong></span> 
     </span>
    </p>
   </div>
   <div class='ocr_carea' id='block_1_6' title="bbox 285 571 1849 647">
    <p class='ocr_par' dir='ltr' id='par_1_6' title="bbox 285 574 1849 647">
     <span class='ocr_line' id='line_1_6' title="bbox 285 574 1849 647; baseline -0.001 -17"><span class='ocrx_word' id='word_1_35' title='bbox 285 575 426 642; x_wconf 82' lang='grc' dir='ltr'>τῶν,</span> <span class='ocrx_word' id='word_1_36' title='bbox 450 575 725 645; x_wconf 73' lang='grc' dir='ltr'>ιπιφανεὶς</span> <span class='ocrx_word' id='word_1_37' title='bbox 756 574 939 639; x_wconf 80' lang='grc' dir='ltr'>αὐτοῖς</span> <span class='ocrx_word' id='word_1_38' title='bbox 958 574 1105 645; x_wconf 82' lang='grc' dir='ltr'>αὐτῷ</span> <span class='ocrx_word' id='word_1_39' title='bbox 1130 574 1363 647; x_wconf 85' lang='grc' dir='ltr'>σώματι,</span> <span class='ocrx_word' id='word_1_40' title='bbox 1398 575 1575 647; x_wconf 83' lang='grc' dir='ltr'><strong>σάρκα</strong></span> <span class='ocrx_word' id='word_1_41' title='bbox 1601 574 1699 646; x_wconf 76' lang='grc' dir='ltr'>μὲν</span> <span class='ocrx_word' id='word_1_42' title='bbox 1720 574 1849 629; x_wconf 78' lang='grc' dir='ltr'>ἃπα-</span> 
     </span>
    </p>
   </div>
   <div class='ocr_carea' id='block_1_7' title="bbox 1960 571 3524 647">
    <p class='ocr_par' dir='ltr' id='par_1_7' title="bbox 1966 571 3524 647">
     <span class='ocr_line' id='line_1_7' title="bbox 1966 571 3524 647; baseline -0.001 -18"><span class='ocrx_word' id='word_1_43' title='bbox 1966 589 2234 647; x_wconf 80' lang='lat' dir='ltr'><strong>apparens</strong></span> <span class='ocrx_word' id='word_1_44' title='bbox 2292 575 2400 631; x_wconf 80' lang='lat' dir='ltr'><strong>illis</strong></span> <span class='ocrx_word' id='word_1_45' title='bbox 2453 574 2508 630; x_wconf 92' lang='lat' dir='ltr'><strong>in</strong></span> <span class='ocrx_word' id='word_1_46' title='bbox 2525 573 3011 644; x_wconf 73' lang='lat' dir='ltr'><strong>eodemcorpore,</strong></span> <span class='ocrx_word' id='word_1_47' title='bbox 3040 587 3262 629; x_wconf 88' lang='lat' dir='ltr'><strong>carnem</strong></span> <span class='ocrx_word' id='word_1_48' title='bbox 3307 571 3524 643; x_wconf 80' lang='lat' dir='ltr'><strong>quidem</strong></span> 
     </span>
    </p>
   </div>
   <div class='ocr_carea' id='block_1_8' title="bbox 288 665 1852 738">
    <p class='ocr_par' dir='ltr' id='par_1_8' title="bbox 288 665 1852 738">
     <span class='ocr_line' id='line_1_8' title="bbox 288 665 1852 738; baseline -0.001 -14"><span class='ocrx_word' id='word_1_49' title='bbox 288 685 396 724; x_wconf 84' lang='grc' dir='ltr'><strong>σαν</strong></span> <span class='ocrx_word' id='word_1_50' title='bbox 425 669 523 722; x_wconf 81' lang='grc' dir='ltr'>σὺν</span> <span class='ocrx_word' id='word_1_51' title='bbox 542 666 750 731; x_wconf 75' lang='grc' dir='ltr'><strong>ὀστέοις</strong></span> <span class='ocrx_word' id='word_1_52' title='bbox 777 666 919 737; x_wconf 70' lang='grc' dir='ltr'>ἔχειν</span> <span class='ocrx_word' id='word_1_53' title='bbox 943 665 1235 738; x_wconf 72' lang='grc' dir='ltr'><strong>ὡμολόγει⁵</strong></span> <span class='ocrx_word' id='word_1_54' title='bbox 1268 670 1386 731; x_wconf 82' lang='grc' dir='ltr'>ταῖς</span> <span class='ocrx_word' id='word_1_55' title='bbox 1403 667 1458 721; x_wconf 75' lang='grc' dir='ltr'>δὲ</span> <span class='ocrx_word' id='word_1_56' title='bbox 1479 667 1631 737; x_wconf 76' lang='grc' dir='ltr'>ὂψεσι</span> <span class='ocrx_word' id='word_1_57' title='bbox 1661 665 1852 722; x_wconf 71' lang='grc' dir='ltr'>τούτωι</span> 
     </span>
    </p>
   </div>
   <div class='ocr_carea' id='block_1_9' title="bbox 2030 665 3594 738">
    <p class='ocr_par' dir='ltr' id='par_1_9' title="bbox 2030 665 3594 737">
     <span class='ocr_line' id='line_1_9' title="bbox 2030 665 3594 737; baseline -0.006 -13"><span class='ocrx_word' id='word_1_58' title='bbox 2030 678 2135 724; x_wconf 88' lang='lat' dir='ltr'><strong>tam</strong></span> <span class='ocrx_word' id='word_1_59' title='bbox 2160 685 2284 725; x_wconf 90' lang='lat' dir='ltr'><strong>cum</strong></span> <span class='ocrx_word' id='word_1_60' title='bbox 2309 668 2526 725; x_wconf 90' lang='lat' dir='ltr'><strong>ossibus</strong></span> <span class='ocrx_word' id='word_1_61' title='bbox 2553 683 2612 722; x_wconf 91' lang='lat' dir='ltr'><strong>se</strong></span> <span class='ocrx_word' id='word_1_62' title='bbox 2637 667 2838 722; x_wconf 87' lang='lat' dir='ltr'><strong>habere</strong></span> <span class='ocrx_word' id='word_1_63' title='bbox 2859 666 3137 737; x_wconf 79' lang='lat' dir='ltr'><strong>proﬁtetur</strong></span> <span class='ocrx_word' id='word_1_64' title='bbox 3157 684 3174 721; x_wconf 86' lang='lat'><strong>:</strong></span> <span class='ocrx_word' id='word_1_65' title='bbox 3198 665 3375 721; x_wconf 88' lang='lat' dir='ltr'><strong>oculis</strong></span> <span class='ocrx_word' id='word_1_66' title='bbox 3398 681 3527 721; x_wconf 87' lang='lat' dir='ltr'><strong>vero</strong></span> <span class='ocrx_word' id='word_1_67' title='bbox 3591 706 3594 715; x_wconf 87' lang='lat'><strong>.</strong></span> 
     </span>
    </p>
   </div>
   <div class='ocr_carea' id='block_1_10' title="bbox 285 758 1849 833">
    <p class='ocr_par' dir='ltr' id='par_1_10' title="bbox 285 759 1849 833">
     <span class='ocr_line' id='line_1_10' title="bbox 285 759 1849 833; baseline -0.002 -15"><span class='ocrx_word' id='word_1_68' title='bbox 285 763 390 828; x_wconf 79' lang='grc' dir='ltr'>τὰς</span> <span class='ocrx_word' id='word_1_69' title='bbox 427 762 775 833; x_wconf 81' lang='grc' dir='ltr'><strong>τετρωμένας</strong></span> <span class='ocrx_word' id='word_1_70' title='bbox 807 760 1121 815; x_wconf 75' lang='grc' dir='ltr'>ὐποδάλλων</span> <span class='ocrx_word' id='word_1_71' title='bbox 1163 759 1424 833; x_wconf 82' lang='grc' dir='ltr'>πλευρὰς,</span> <span class='ocrx_word' id='word_1_72' title='bbox 1459 762 1554 816; x_wconf 73' lang='grc' dir='ltr'>καὶ</span> <span class='ocrx_word' id='word_1_73' title='bbox 1595 763 1721 825; x_wconf 84' lang='grc' dir='ltr'>τοὺς</span> <span class='ocrx_word' id='word_1_74' title='bbox 1765 761 1849 815; x_wconf 81' lang='grc' dir='ltr'><strong>τύ-</strong></span> 
     </span>
    </p>
   </div>
   <div class='ocr_carea' id='block_1_11' title="bbox 2016 758 3580 833">
    <p class='ocr_par' dir='ltr' id='par_1_11' title="bbox 2016 758 3527 831">
     <span class='ocr_line' id='line_1_11' title="bbox 2016 758 3527 831; baseline -0.003 -16"><span class='ocrx_word' id='word_1_75' title='bbox 2016 762 2182 816; x_wconf 84' lang='lat' dir='ltr'><strong>lorum</strong></span> <span class='ocrx_word' id='word_1_76' title='bbox 2220 759 2523 831; x_wconf 81' lang='lat' dir='ltr'><strong>perfossum</strong></span> <span class='ocrx_word' id='word_1_77' title='bbox 2564 759 2705 813; x_wconf 89' lang='lat' dir='ltr'><strong>latus</strong></span> <span class='ocrx_word' id='word_1_78' title='bbox 2734 758 3035 829; x_wconf 82' lang='lat' dir='ltr'><strong>ohjiciens,</strong></span> <span class='ocrx_word' id='word_1_79' title='bbox 3081 758 3359 812; x_wconf 83' lang='lat' dir='ltr'><strong>clavorum</strong></span> <span class='ocrx_word' id='word_1_80' title='bbox 3391 771 3527 827; x_wconf 88' lang='lat' dir='ltr'><strong>quo-</strong></span> 
     </span>
    </p>
   </div>
   <div class='ocr_carea' id='block_1_12' title="bbox 188 850 1752 926">
    <p class='ocr_par' dir='ltr' id='par_1_12' title="bbox 188 852 1310 926">
     <span class='ocr_line' id='line_1_12' title="bbox 188 852 1310 926; baseline -0.004 -14"><span class='ocrx_word' id='word_1_81' title='bbox 188 902 207 923; x_wconf 84' lang='grc'><strong>,</strong></span> <span class='ocrx_word' id='word_1_82' title='bbox 283 875 423 922; x_wconf 83' lang='grc' dir='ltr'>πους</span> <span class='ocrx_word' id='word_1_83' title='bbox 445 854 625 911; x_wconf 77' lang='grc' dir='ltr'>αὐτῶν</span> <span class='ocrx_word' id='word_1_84' title='bbox 648 852 983 908; x_wconf 82' lang='grc' dir='ltr'>ὐποδεικνύει</span> <span class='ocrx_word' id='word_1_85' title='bbox 1008 852 1118 908; x_wconf 87' lang='grc' dir='ltr'><strong>τῶν</strong></span> <span class='ocrx_word' id='word_1_86' title='bbox 1147 854 1310 926; x_wconf 75' lang='grc' dir='ltr'>ἥλων.</span> 
     </span>
    </p>
   </div>
   <div class='ocr_carea' id='block_1_13' title="bbox 1286 850 2850 926">
    <p class='ocr_par' dir='ltr' id='par_1_13' title="bbox 1286 850 2850 924">
     <span class='ocr_line' id='line_1_13' title="bbox 1286 850 2850 924; baseline -0.003 -16"><span class='ocrx_word' id='word_1_87' title='bbox 1286 871 1310 908; x_wconf 74' lang='grc' dir='ltr'><strong>ν.</strong></span> <span class='ocrx_word' id='word_1_88' title='bbox 1964 868 2072 924; x_wconf 89' lang='lat' dir='ltr'><strong>que</strong></span> <span class='ocrx_word' id='word_1_89' title='bbox 2097 851 2312 907; x_wconf 88' lang='lat' dir='ltr'><strong>illorum</strong></span> <span class='ocrx_word' id='word_1_90' title='bbox 2343 851 2569 922; x_wconf 78' lang='lat' dir='ltr'><strong>vestigia</strong></span> <span class='ocrx_word' id='word_1_91' title='bbox 2590 850 2850 906; x_wconf 86' lang='lat' dir='ltr'><strong>ostendit.</strong></span> 
     </span>
    </p>
   </div>
   <div class='ocr_carea' id='block_1_14' title="bbox 1385 968 2434 1042">
    <p class='ocr_par' dir='ltr' id='par_1_14' title="bbox 1385 968 2434 1042">
     <span class='ocr_line' id='line_1_14' title="bbox 1385 968 2434 1042; baseline 0 -17"><span class='ocrx_word' id='word_1_92' title='bbox 1385 969 1540 1042; x_wconf 84' lang='lat' dir='ltr'><strong>Apud</strong></span> <span class='ocrx_word' id='word_1_93' title='bbox 1569 970 1818 1028; x_wconf 90' lang='lat' dir='ltr'><strong>eumdem</strong></span> <span class='ocrx_word' id='word_1_94' title='bbox 1863 968 2007 1025; x_wconf 83' lang='lat' dir='ltr'><strong>Dial.</strong></span> <span class='ocrx_word' id='word_1_95' title='bbox 2041 985 2125 1034; x_wconf 82' lang='lat' dir='ltr'><strong>ut,</strong></span> <span class='ocrx_word' id='word_1_96' title='bbox 2158 969 2434 1042; x_wconf 71' lang='lat' dir='ltr'><strong>pag.156.</strong></span> 
     </span>
    </p>
   </div>
   <div class='ocr_carea' id='block_1_15' title="bbox 484 1088 2048 1166">
    <p class='ocr_par' dir='ltr' id='par_1_15' title="bbox 484 1088 1656 1166">
     <span class='ocr_line' id='line_1_15' title="bbox 484 1088 1656 1166; baseline 0.005 -21"><span class='ocrx_word' id='word_1_97' title='bbox 484 1088 599 1144; x_wconf 79' lang='grc' dir='ltr'><strong>Τοῦ</strong></span> <span class='ocrx_word' id='word_1_98' title='bbox 625 1091 831 1158; x_wconf 82' lang='grc' dir='ltr'>αὐτοῦ,</span> <span class='ocrx_word' id='word_1_99' title='bbox 857 1091 925 1147; x_wconf 77' lang='grc' dir='ltr'>ἐκ</span> <span class='ocrx_word' id='word_1_100' title='bbox 945 1092 1053 1148; x_wconf 83' lang='grc' dir='ltr'><strong>τοῦ</strong></span> <span class='ocrx_word' id='word_1_101' title='bbox 1080 1094 1215 1166; x_wconf 77' lang='grc' dir='ltr'>Περὶ</span> <span class='ocrx_word' id='word_1_102' title='bbox 1242 1093 1419 1166; x_wconf 74' lang='grc' dir='ltr'>ψυχῆς</span> <span class='ocrx_word' id='word_1_103' title='bbox 1449 1095 1656 1166; x_wconf 76' lang='grc' dir='ltr'><strong>λόγου.</strong></span> 
     </span>
    </p>
   </div>
   <div class='ocr_carea' id='block_1_16' title="bbox 1604 1088 3168 1166">
    <p class='ocr_par' dir='ltr' id='par_1_16' title="bbox 1604 1088 3168 1161">
     <span class='ocr_line' id='line_1_16' title="bbox 1604 1088 3168 1161; baseline -0.006 -10"><span class='ocrx_word' id='word_1_104' title='bbox 1604 1114 1656 1151; x_wconf 88' lang='grc' dir='ltr'>υ.</span> <span class='ocrx_word' id='word_1_105' title='bbox 2310 1089 2593 1161; x_wconf 80' lang='lat' dir='ltr'><strong>Ejusdem,</strong></span> <span class='ocrx_word' id='word_1_106' title='bbox 2622 1106 2687 1145; x_wconf 74' lang='lat' dir='ltr'><strong>ex</strong></span> <span class='ocrx_word' id='word_1_107' title='bbox 2708 1089 2842 1144; x_wconf 80' lang='lat' dir='ltr'><strong>libro</strong></span> <span class='ocrx_word' id='word_1_108' title='bbox 2871 1088 2946 1143; x_wconf 86' lang='lat' dir='ltr'><strong>De</strong></span> <span class='ocrx_word' id='word_1_109' title='bbox 2967 1088 3168 1142; x_wconf 88' lang='lat' dir='ltr'><strong>anima.</strong></span> 
     </span>
    </p>
   </div>
   <div class='ocr_carea' id='block_1_17' title="bbox 354 1173 1918 1261">
    <p class='ocr_par' dir='ltr' id='par_1_17' title="bbox 354 1178 1857 1257">
     <span class='ocr_line' id='line_1_17' title="bbox 354 1178 1857 1257; baseline 0.003 -24"><span class='ocrx_word' id='word_1_110' title='bbox 354 1180 434 1233; x_wconf 77' lang='grc' dir='ltr'><strong>Δι’</strong></span> <span class='ocrx_word' id='word_1_111' title='bbox 460 1178 653 1250; x_wconf 82' lang='grc' dir='ltr'><strong>ὀλίγων</strong></span> <span class='ocrx_word' id='word_1_112' title='bbox 678 1181 737 1236; x_wconf 80' lang='grc' dir='ltr'>δέ</span> <span class='ocrx_word' id='word_1_113' title='bbox 762 1185 907 1238; x_wconf 76' lang='grc' dir='ltr'>ἐστιν</span> <span class='ocrx_word' id='word_1_114' title='bbox 939 1185 1151 1255; x_wconf 75' lang='grc' dir='ltr'><strong>ἐλέγξαι</strong></span> <span class='ocrx_word' id='word_1_115' title='bbox 1175 1184 1272 1257; x_wconf 81' lang='grc' dir='ltr'>τὴν</span> <span class='ocrx_word' id='word_1_116' title='bbox 1299 1185 1464 1256; x_wconf 76' lang='grc' dir='ltr'>ἀσεϐῆ</span> <span class='ocrx_word' id='word_1_117' title='bbox 1498 1184 1857 1255; x_wconf 66' lang='grc' dir='ltr'><strong>συκοφαντίαν</strong></span> 
     </span>
    </p>
   </div>
   <div class='ocr_carea' id='block_1_18' title="bbox 1955 1173 3519 1261">
    <p class='ocr_par' dir='ltr' id='par_1_18' title="bbox 2033 1173 3519 1261">
     <span class='ocr_line' id='line_1_18' title="bbox 2033 1173 3519 1261; baseline -0.008 -21"><span class='ocrx_word' id='word_1_118' title='bbox 2033 1183 2198 1240; x_wconf 86' lang='lat' dir='ltr'><strong>Pauci</strong></span> <span class='ocrx_word' id='word_1_119' title='bbox 2227 1183 2478 1240; x_wconf 86' lang='lat' dir='ltr'><strong>convinci</strong></span> <span class='ocrx_word' id='word_1_120' title='bbox 2524 1190 2705 1254; x_wconf 86' lang='lat' dir='ltr'><strong>potest</strong></span> <span class='ocrx_word' id='word_1_121' title='bbox 2742 1176 2906 1251; x_wconf 83' lang='lat' dir='ltr'><strong>impia</strong></span> <span class='ocrx_word' id='word_1_122' title='bbox 2957 1180 3172 1261; x_wconf 65' lang='lat' dir='ltr'><strong>illorum</strong></span> <span class='ocrx_word' id='word_1_123' title='bbox 3202 1173 3473 1231; x_wconf 86' lang='lat' dir='ltr'><strong>calumnia</strong></span> <span class='ocrx_word' id='word_1_124' title='bbox 3504 1192 3519 1228; x_wconf 91' lang='lat'><strong>:</strong></span> 
     </span>
    </p>
   </div>
   <div class='ocr_carea' id='block_1_19' title="bbox 278 1270 1842 1349">
    <p class='ocr_par' dir='ltr' id='par_1_19' title="bbox 278 1272 1842 1349">
     <span class='ocr_line' id='line_1_19' title="bbox 278 1272 1842 1349; baseline 0.001 -22"><span class='ocrx_word' id='word_1_125' title='bbox 278 1272 498 1327; x_wconf 74' lang='grc' dir='ltr'>αὐτῶν·</span> <span class='ocrx_word' id='word_1_126' title='bbox 536 1274 773 1346; x_wconf 76' lang='grc' dir='ltr'>μάλιστα</span> <span class='ocrx_word' id='word_1_127' title='bbox 816 1276 913 1348; x_wconf 85' lang='grc' dir='ltr'>μὲν</span> <span class='ocrx_word' id='word_1_128' title='bbox 941 1275 1070 1349; x_wconf 83' lang='grc' dir='ltr'>γὰρ,</span> <span class='ocrx_word' id='word_1_129' title='bbox 1101 1279 1148 1331; x_wconf 79' lang='grc' dir='ltr'><strong>εί</strong></span> <span class='ocrx_word' id='word_1_130' title='bbox 1187 1277 1260 1349; x_wconf 86' lang='grc' dir='ltr'>μὴ</span> <span class='ocrx_word' id='word_1_131' title='bbox 1295 1275 1396 1347; x_wconf 84' lang='grc' dir='ltr'>τῆς</span> <span class='ocrx_word' id='word_1_132' title='bbox 1423 1275 1532 1331; x_wconf 83' lang='grc' dir='ltr'>τῶν</span> <span class='ocrx_word' id='word_1_133' title='bbox 1559 1276 1842 1349; x_wconf 47' lang='grc' dir='ltr'>ἀνθρώπως</span> 
     </span>
    </p>
   </div>
   <div class='ocr_carea' id='block_1_20' title="bbox 1958 1270 3522 1349">
    <p class='ocr_par' dir='ltr' id='par_1_20' title="bbox 1958 1270 3522 1346">
     <span class='ocr_line' id='line_1_20' title="bbox 1958 1270 3522 1346; baseline -0.01 -12"><span class='ocrx_word' id='word_1_134' title='bbox 1958 1286 2011 1334; x_wconf 90' lang='lat' dir='ltr'><strong>et</strong></span> <span class='ocrx_word' id='word_1_135' title='bbox 2041 1277 2274 1332; x_wconf 85' lang='lat' dir='ltr'><strong>maxime</strong></span> <span class='ocrx_word' id='word_1_136' title='bbox 2297 1274 2547 1346; x_wconf 89' lang='lat' dir='ltr'><strong>quidem,</strong></span> <span class='ocrx_word' id='word_1_137' title='bbox 2586 1274 2633 1330; x_wconf 89' lang='lat' dir='ltr'><strong>si</strong></span> <span class='ocrx_word' id='word_1_138' title='bbox 2669 1288 2778 1329; x_wconf 83' lang='lat' dir='ltr'><strong>non</strong></span> <span class='ocrx_word' id='word_1_139' title='bbox 2809 1271 3003 1327; x_wconf 79' lang='lat' dir='ltr'><strong>salutis</strong></span> <span class='ocrx_word' id='word_1_140' title='bbox 3044 1270 3322 1325; x_wconf 86' lang='lat' dir='ltr'><strong>hominum</strong></span> <span class='ocrx_word' id='word_1_141' title='bbox 3354 1281 3522 1321; x_wconf 89' lang='lat' dir='ltr'><strong>causa</strong></span> 
     </span>
    </p>
   </div>
   <div class='ocr_carea' id='block_1_21' title="bbox 278 1356 1842 1440">
    <p class='ocr_par' dir='ltr' id='par_1_21' title="bbox 278 1362 1842 1440">
     <span class='ocr_line' id='line_1_21' title="bbox 278 1362 1842 1440; baseline 0.002 -23"><span class='ocrx_word' id='word_1_142' title='bbox 278 1362 472 1419; x_wconf 76' lang='grc' dir='ltr'>ῑνεκεν</span> <span class='ocrx_word' id='word_1_143' title='bbox 500 1366 771 1438; x_wconf 82' lang='grc' dir='ltr'><strong>σωτηρίας</strong></span> <span class='ocrx_word' id='word_1_144' title='bbox 795 1369 874 1433; x_wconf 85' lang='grc' dir='ltr'><strong>είς</strong></span> <span class='ocrx_word' id='word_1_145' title='bbox 903 1369 1003 1440; x_wconf 77' lang='grc' dir='ltr'>τὴν</span> <span class='ocrx_word' id='word_1_146' title='bbox 1037 1368 1129 1422; x_wconf 88' lang='grc' dir='ltr'><strong>τοῦ</strong></span> <span class='ocrx_word' id='word_1_147' title='bbox 1154 1369 1384 1423; x_wconf 86' lang='grc' dir='ltr'>θανάτου</span> <span class='ocrx_word' id='word_1_148' title='bbox 1416 1367 1626 1440; x_wconf 78' lang='grc' dir='ltr'>σφαγὴν</span> <span class='ocrx_word' id='word_1_149' title='bbox 1650 1368 1712 1421; x_wconf 81' lang='grc' dir='ltr'>τὸ</span> <span class='ocrx_word' id='word_1_150' title='bbox 1734 1366 1842 1422; x_wconf 68' lang='grc' dir='ltr'>ίδιοε</span> 
     </span>
    </p>
   </div>
   <div class='ocr_carea' id='block_1_22' title="bbox 1956 1356 3520 1440">
    <p class='ocr_par' dir='ltr' id='par_1_22' title="bbox 1956 1356 3520 1439">
     <span class='ocr_line' id='line_1_22' title="bbox 1956 1356 3520 1439; baseline -0.008 -15"><span class='ocrx_word' id='word_1_151' title='bbox 1956 1383 2156 1439; x_wconf 84' lang='lat' dir='ltr'><strong>corpus</strong></span> <span class='ocrx_word' id='word_1_152' title='bbox 2184 1382 2344 1423; x_wconf 88' lang='lat' dir='ltr'><strong>suum</strong></span> <span class='ocrx_word' id='word_1_153' title='bbox 2377 1366 2446 1422; x_wconf 83' lang='lat' dir='ltr'><strong>ad</strong></span> <span class='ocrx_word' id='word_1_154' title='bbox 2480 1373 2709 1422; x_wconf 91' lang='lat' dir='ltr'><strong>mortem</strong></span> <span class='ocrx_word' id='word_1_155' title='bbox 2746 1371 2941 1436; x_wconf 85' lang='lat' dir='ltr'><strong>sponte</strong></span> <span class='ocrx_word' id='word_1_156' title='bbox 2974 1377 3071 1419; x_wconf 90' lang='lat' dir='ltr'><strong>sua</strong></span> <span class='ocrx_word' id='word_1_157' title='bbox 3116 1360 3365 1431; x_wconf 65' lang='lat' dir='ltr'><strong>praebuit.</strong></span> <span class='ocrx_word' id='word_1_158' title='bbox 3398 1356 3520 1433; x_wconf 61' lang='lat' dir='ltr'><strong>Prif</strong></span> 
     </span>
    </p>
   </div>
   <div class='ocr_carea' id='block_1_23' title="bbox 279 1449 1843 1533">
    <p class='ocr_par' dir='ltr' id='par_1_23' title="bbox 279 1457 1843 1533">
     <span class='ocr_line' id='line_1_23' title="bbox 279 1457 1843 1533; baseline 0.001 -22"><span class='ocrx_word' id='word_1_159' title='bbox 279 1457 547 1524; x_wconf 71' lang='grc' dir='ltr'>ικουσίως</span> <span class='ocrx_word' id='word_1_160' title='bbox 567 1459 795 1527; x_wconf 76' lang='grc' dir='ltr'><strong>ἐξεδίδου</strong></span> <span class='ocrx_word' id='word_1_161' title='bbox 820 1460 995 1532; x_wconf 80' lang='grc' dir='ltr'>σῶμα.</span> <span class='ocrx_word' id='word_1_162' title='bbox 1024 1461 1244 1533; x_wconf 82' lang='grc' dir='ltr'>Πρῶτον</span> <span class='ocrx_word' id='word_1_163' title='bbox 1270 1461 1368 1533; x_wconf 83' lang='grc' dir='ltr'>μὲν</span> <span class='ocrx_word' id='word_1_164' title='bbox 1391 1459 1587 1533; x_wconf 77' lang='grc' dir='ltr'>πολλὴν</span> <span class='ocrx_word' id='word_1_165' title='bbox 1607 1459 1755 1532; x_wconf 83' lang='grc' dir='ltr'><strong>αὑτῷ</strong></span> <span class='ocrx_word' id='word_1_166' title='bbox 1774 1476 1843 1513; x_wconf 87' lang='grc' dir='ltr'><strong>πε</strong></span> 
     </span>
    </p>
   </div>
   <div class='ocr_carea' id='block_1_24' title="bbox 1953 1449 3517 1533">
    <p class='ocr_par' dir='ltr' id='par_1_24' title="bbox 1957 1449 3517 1527">
     <span class='ocr_line' id='line_1_24' title="bbox 1957 1449 3517 1527; baseline -0.009 -12"><span class='ocrx_word' id='word_1_167' title='bbox 1957 1476 2106 1515; x_wconf 89' lang='lat' dir='ltr'><strong>mum</strong></span> <span class='ocrx_word' id='word_1_168' title='bbox 2139 1459 2282 1515; x_wconf 89' lang='lat' dir='ltr'><strong>enim</strong></span> <span class='ocrx_word' id='word_1_169' title='bbox 2330 1470 2578 1527; x_wconf 75' lang='lat' dir='ltr'><strong>magnam</strong></span> <span class='ocrx_word' id='word_1_170' title='bbox 2617 1455 2665 1511; x_wconf 90' lang='lat' dir='ltr'><strong>ei</strong></span> <span class='ocrx_word' id='word_1_171' title='bbox 2705 1455 3012 1509; x_wconf 88' lang='lat' dir='ltr'><strong>attribuunt</strong></span> <span class='ocrx_word' id='word_1_172' title='bbox 3054 1449 3517 1513; x_wconf 88' lang='lat' dir='ltr'><strong>imbecillitatem,</strong></span> 
     </span>
    </p>
   </div>
   <div class='ocr_carea' id='block_1_25' title="bbox 283 1543 1847 1624">
    <p class='ocr_par' dir='ltr' id='par_1_25' title="bbox 283 1547 1847 1624">
     <span class='ocr_line' id='line_1_25' title="bbox 283 1547 1847 1624; baseline 0.003 -21"><span class='ocrx_word' id='word_1_173' title='bbox 283 1549 605 1622; x_wconf 78' lang='grc' dir='ltr'>ριάπτουσιν</span> <span class='ocrx_word' id='word_1_174' title='bbox 630 1551 928 1623; x_wconf 79' lang='grc' dir='ltr'><strong>ἀδυναμίαν</strong></span> <span class='ocrx_word' id='word_1_175' title='bbox 950 1569 963 1582; x_wconf 88' lang='grc'><strong>·</strong></span> <span class='ocrx_word' id='word_1_176' title='bbox 987 1552 1069 1605; x_wconf 82' lang='grc' dir='ltr'>ὅτι</span> <span class='ocrx_word' id='word_1_177' title='bbox 1098 1553 1172 1624; x_wconf 79' lang='grc' dir='ltr'>μὴ</span> <span class='ocrx_word' id='word_1_178' title='bbox 1192 1547 1303 1618; x_wconf 76' lang='grc' dir='ltr'><strong>οἷός</strong></span> <span class='ocrx_word' id='word_1_179' title='bbox 1326 1552 1374 1607; x_wconf 82' lang='grc' dir='ltr'>τ’</span> <span class='ocrx_word' id='word_1_180' title='bbox 1397 1551 1612 1622; x_wconf 77' lang='grc' dir='ltr'>ἐγένετο</span> <span class='ocrx_word' id='word_1_181' title='bbox 1633 1551 1731 1622; x_wconf 78' lang='grc' dir='ltr'>τὴν</span> <span class='ocrx_word' id='word_1_182' title='bbox 1754 1551 1847 1608; x_wconf 62' lang='grc' dir='ltr'><strong>τῶι</strong></span> 
     </span>
    </p>
   </div>
   <div class='ocr_carea' id='block_1_26' title="bbox 1778 1543 3342 1624">
    <p class='ocr_par' dir='ltr' id='par_1_26' title="bbox 1778 1543 3342 1624">
     <span class='ocr_line' id='line_1_26' title="bbox 1778 1543 3342 1624; baseline -0.005 -19"><span class='ocrx_word' id='word_1_183' title='bbox 1778 1551 1862 1608; x_wconf 63' lang='grc' dir='ltr'>ὢν</span> <span class='ocrx_word' id='word_1_184' title='bbox 1955 1553 2050 1624; x_wconf 90' lang='lat' dir='ltr'><strong>qui</strong></span> <span class='ocrx_word' id='word_1_185' title='bbox 2076 1566 2184 1607; x_wconf 91' lang='lat' dir='ltr'><strong>non</strong></span> <span class='ocrx_word' id='word_1_186' title='bbox 2204 1548 2445 1622; x_wconf 74' lang='lat' dir='ltr'><strong>potuerit</strong></span> <span class='ocrx_word' id='word_1_187' title='bbox 2474 1546 2714 1604; x_wconf 88' lang='lat' dir='ltr'><strong>hostium</strong></span> <span class='ocrx_word' id='word_1_188' title='bbox 2739 1546 2997 1617; x_wconf 85' lang='lat' dir='ltr'><strong>impetum</strong></span> <span class='ocrx_word' id='word_1_189' title='bbox 3024 1543 3342 1614; x_wconf 81' lang='lat' dir='ltr'><strong>reprimere.</strong></span> 
     </span>
    </p>
   </div>
   <div class='ocr_carea' id='block_1_27' title="bbox 280 1639 1050 1715">
    <p class='ocr_par' dir='ltr' id='par_1_27' title="bbox 280 1639 1050 1715">
     <span class='ocr_line' id='line_1_27' title="bbox 280 1639 1050 1715; baseline 0 -20"><span class='ocrx_word' id='word_1_190' title='bbox 280 1639 559 1714; x_wconf 81' lang='grc' dir='ltr'>πολεμίων</span> <span class='ocrx_word' id='word_1_191' title='bbox 580 1643 755 1715; x_wconf 79' lang='grc' dir='ltr'>ὁρμὴν</span> <span class='ocrx_word' id='word_1_192' title='bbox 785 1643 1050 1713; x_wconf 78' lang='grc' dir='ltr'>ἐπισχεῖν.</span> 
     </span>
    </p>
   </div>
   <div class='ocr_carea' id='block_1_28' title="bbox 1814 1756 2024 1815">
    <p class='ocr_par' dir='ltr' id='par_1_28' title="bbox 1814 1756 2024 1815">
     <span class='ocr_line' id='line_1_28' title="bbox 1814 1756 2024 1815; baseline 0.01 -2"><span class='ocrx_word' id='word_1_193' title='bbox 1814 1756 2024 1815; x_wconf 62' lang='lat' dir='ltr'><strong>lasona.</strong></span> 
     </span>
    </p>
   </div>
   <div class='ocr_carea' id='block_1_29' title="bbox 559 1863 2123 1946">
    <p class='ocr_par' dir='ltr' id='par_1_29' title="bbox 559 1872 1945 1946">
     <span class='ocr_line' id='line_1_29' title="bbox 559 1872 1945 1946; baseline 0.001 -17"><span class='ocrx_word' id='word_1_194' title='bbox 559 1874 670 1929; x_wconf 83' lang='grc' dir='ltr'>Τοῦ</span> <span class='ocrx_word' id='word_1_195' title='bbox 701 1872 909 1940; x_wconf 86' lang='grc' dir='ltr'>αὐτοῦ,</span> <span class='ocrx_word' id='word_1_196' title='bbox 932 1875 1000 1929; x_wconf 81' lang='grc' dir='ltr'>ἐκ</span> <span class='ocrx_word' id='word_1_197' title='bbox 1024 1874 1131 1929; x_wconf 84' lang='grc' dir='ltr'><strong>τοῦ</strong></span> <span class='ocrx_word' id='word_1_198' title='bbox 1157 1874 1348 1930; x_wconf 80' lang='grc' dir='ltr'>αὑτοῦ</span> <span class='ocrx_word' id='word_1_199' title='bbox 1373 1876 1581 1946; x_wconf 66' lang='grc' dir='ltr'>λόγου.</span> <span class='ocrx_word' id='word_1_200' title='bbox 1885 1881 1945 1937; x_wconf 85' lang='lat' dir='ltr'><strong>B.</strong></span> 
     </span>
    </p>
   </div>
   <div class='ocr_carea' id='block_1_30' title="bbox 1557 1863 3121 1946">
    <p class='ocr_par' dir='ltr' id='par_1_30' title="bbox 1557 1863 3121 1940">
     <span class='ocr_line' id='line_1_30' title="bbox 1557 1863 3121 1940; baseline -0.008 -9"><span class='ocrx_word' id='word_1_201' title='bbox 1557 1895 1581 1931; x_wconf 72' lang='grc' dir='ltr'><strong>ν.</strong></span> <span class='ocrx_word' id='word_1_202' title='bbox 1885 1881 1945 1937; x_wconf 85' lang='lat' dir='ltr'><strong>B.</strong></span> <span class='ocrx_word' id='word_1_203' title='bbox 2358 1867 2607 1940; x_wconf 69' lang='lat' dir='ltr'><strong>Ejusdem</strong></span> <span class='ocrx_word' id='word_1_204' title='bbox 2624 1908 2639 1931; x_wconf 94' lang='lat'><strong>,</strong></span> <span class='ocrx_word' id='word_1_205' title='bbox 2655 1863 2733 1921; x_wconf 68' lang='lat' dir='ltr'><strong>ea:</strong></span> <span class='ocrx_word' id='word_1_206' title='bbox 2761 1864 2939 1921; x_wconf 78' lang='lat' dir='ltr'><strong>eodem</strong></span> <span class='ocrx_word' id='word_1_207' title='bbox 2968 1863 3121 1918; x_wconf 84' lang='lat' dir='ltr'><strong>libro.</strong></span> 
     </span>
    </p>
   </div>
   <div class='ocr_carea' id='block_1_31' title="bbox 355 1952 1919 2042">
    <p class='ocr_par' dir='ltr' id='par_1_31' title="bbox 355 1968 1861 2042">
     <span class='ocr_line' id='line_1_31' title="bbox 355 1968 1861 2042; baseline -0.003 -17"><span class='ocrx_word' id='word_1_208' title='bbox 355 1969 452 2025; x_wconf 83' lang='grc' dir='ltr'><strong>Διὰ</strong></span> <span class='ocrx_word' id='word_1_209' title='bbox 474 1969 527 2023; x_wconf 78' lang='grc' dir='ltr'>τὶ</span> <span class='ocrx_word' id='word_1_210' title='bbox 549 1969 607 2023; x_wconf 75' lang='grc' dir='ltr'>δὲ</span> <span class='ocrx_word' id='word_1_211' title='bbox 637 1970 762 2042; x_wconf 76' lang='grc' dir='ltr'>περὶ</span> <span class='ocrx_word' id='word_1_212' title='bbox 788 1968 982 2022; x_wconf 84' lang='grc' dir='ltr'>πολλοῦ</span> <span class='ocrx_word' id='word_1_213' title='bbox 1004 1968 1279 2024; x_wconf 85' lang='grc' dir='ltr'>ποιοῦνται</span> <span class='ocrx_word' id='word_1_214' title='bbox 1309 1969 1580 2025; x_wconf 75' lang='grc' dir='ltr'>δεικνύναι</span> <span class='ocrx_word' id='word_1_215' title='bbox 1611 1969 1704 2023; x_wconf 79' lang='grc' dir='ltr'><strong>τδν</strong></span> <span class='ocrx_word' id='word_1_216' title='bbox 1732 1969 1861 2039; x_wconf 85' lang='grc' dir='ltr'>Χρι-</span> 
     </span>
    </p>
   </div>
   <div class='ocr_carea' id='block_1_32' title="bbox 1951 1952 3515 2042">
    <p class='ocr_par' dir='ltr' id='par_1_32' title="bbox 2025 1952 3515 2032">
     <span class='ocr_line' id='line_1_32' title="bbox 2025 1952 3515 2032; baseline -0.008 -12"><span class='ocrx_word' id='word_1_217' title='bbox 2025 1965 2133 2020; x_wconf 90' lang='lat' dir='ltr'><strong>Cur</strong></span> <span class='ocrx_word' id='word_1_218' title='bbox 2196 1970 2377 2019; x_wconf 90' lang='lat' dir='ltr'><strong>autem</strong></span> <span class='ocrx_word' id='word_1_219' title='bbox 2424 1958 2851 2032; x_wconf 74' lang='lat' dir='ltr'><strong>magnifaciunt</strong></span> <span class='ocrx_word' id='word_1_220' title='bbox 2900 1955 3189 2013; x_wconf 89' lang='lat' dir='ltr'><strong>ostendere</strong></span> <span class='ocrx_word' id='word_1_221' title='bbox 3236 1952 3515 2011; x_wconf 81' lang='lat' dir='ltr'><strong>Christum</strong></span> 
     </span>
    </p>
   </div>
   <div class='ocr_carea' id='block_1_33' title="bbox 279 2045 1843 2133">
    <p class='ocr_par' dir='ltr' id='par_1_33' title="bbox 279 2060 1843 2133">
     <span class='ocr_line' id='line_1_33' title="bbox 279 2060 1843 2133; baseline -0.001 -17"><span class='ocrx_word' id='word_1_222' title='bbox 279 2062 412 2116; x_wconf 82' lang='grc' dir='ltr'><strong>στὸν</strong></span> <span class='ocrx_word' id='word_1_223' title='bbox 443 2061 645 2133; x_wconf 71' lang='grc' dir='ltr'>ἄψυχον</span> <span class='ocrx_word' id='word_1_224' title='bbox 686 2060 1043 2133; x_wconf 71' lang='grc' dir='ltr'>ἀνειληφέναι·</span> <span class='ocrx_word' id='word_1_225' title='bbox 1075 2060 1253 2129; x_wconf 79' lang='grc' dir='ltr'>σῶμα,</span> <span class='ocrx_word' id='word_1_226' title='bbox 1277 2060 1499 2130; x_wconf 81' lang='grc' dir='ltr'><strong>γεώδεις</strong></span> <span class='ocrx_word' id='word_1_227' title='bbox 1535 2062 1843 2124; x_wconf 73' lang='grc' dir='ltr'><strong>πλάττοντες</strong></span> 
     </span>
    </p>
   </div>
   <div class='ocr_carea' id='block_1_34' title="bbox 1958 2045 3522 2133">
    <p class='ocr_par' dir='ltr' id='par_1_34' title="bbox 1958 2045 3522 2127">
     <span class='ocr_line' id='line_1_34' title="bbox 1958 2045 3522 2127; baseline -0.008 -14"><span class='ocrx_word' id='word_1_228' title='bbox 1958 2070 2165 2127; x_wconf 83' lang='lat' dir='ltr'><strong>corpus</strong></span> <span class='ocrx_word' id='word_1_229' title='bbox 2193 2054 2494 2110; x_wconf 86' lang='lat' dir='ltr'><strong>inanimum</strong></span> <span class='ocrx_word' id='word_1_230' title='bbox 2521 2050 2833 2121; x_wconf 83' lang='lat' dir='ltr'><strong>suscepisse</strong></span> <span class='ocrx_word' id='word_1_231' title='bbox 2851 2088 2866 2113; x_wconf 92' lang='lat'><strong>,</strong></span> <span class='ocrx_word' id='word_1_232' title='bbox 2895 2056 3106 2104; x_wconf 86' lang='lat' dir='ltr'><strong>terreas</strong></span> <span class='ocrx_word' id='word_1_233' title='bbox 3134 2045 3355 2102; x_wconf 78' lang='lat' dir='ltr'><strong>fraudes</strong></span> <span class='ocrx_word' id='word_1_234' title='bbox 3385 2060 3522 2102; x_wconf 83' lang='lat' dir='ltr'><strong>con-</strong></span> 
     </span>
    </p>
   </div>
   <div class='ocr_carea' id='block_1_35' title="bbox 276 2133 1840 2227">
    <p class='ocr_par' dir='ltr' id='par_1_35' title="bbox 276 2152 1833 2227">
     <span class='ocr_line' id='line_1_35' title="bbox 276 2152 1833 2227; baseline -0.004 -15"><span class='ocrx_word' id='word_1_235' title='bbox 276 2156 528 2221; x_wconf 73' lang='grc' dir='ltr'>ἀπάταςς</span> <span class='ocrx_word' id='word_1_236' title='bbox 548 2155 684 2220; x_wconf 86' lang='grc' dir='ltr'>Ἵνα,</span> <span class='ocrx_word' id='word_1_237' title='bbox 702 2157 751 2208; x_wconf 84' lang='grc' dir='ltr'><strong>εί</strong></span> <span class='ocrx_word' id='word_1_238' title='bbox 772 2154 1045 2227; x_wconf 81' lang='grc' dir='ltr'>δυνηθεῖεν</span> <span class='ocrx_word' id='word_1_239' title='bbox 1068 2152 1387 2226; x_wconf 81' lang='grc' dir='ltr'>ὑποφθεῖραι</span> <span class='ocrx_word' id='word_1_240' title='bbox 1410 2154 1579 2219; x_wconf 77' lang='grc' dir='ltr'>τινὰς,</span> <span class='ocrx_word' id='word_1_241' title='bbox 1596 2153 1749 2207; x_wconf 87' lang='grc' dir='ltr'>ταῦθ’</span> <span class='ocrx_word' id='word_1_242' title='bbox 1769 2152 1833 2207; x_wconf 81' lang='grc' dir='ltr'>οῦ</span> 
     </span>
    </p>
   </div>
   <div class='ocr_carea' id='block_1_36' title="bbox 1956 2133 3520 2227">
    <p class='ocr_par' dir='ltr' id='par_1_36' title="bbox 1958 2133 3520 2219">
     <span class='ocr_line' id='line_1_36' title="bbox 1958 2133 3520 2219; baseline -0.01 -16"><span class='ocrx_word' id='word_1_243' title='bbox 1958 2145 2262 2219; x_wconf 78' lang='lat' dir='ltr'><strong>ﬁngentes?</strong></span> <span class='ocrx_word' id='word_1_244' title='bbox 2302 2142 2373 2200; x_wconf 80' lang='lat' dir='ltr'><strong>Ut</strong></span> <span class='ocrx_word' id='word_1_245' title='bbox 2421 2143 2467 2198; x_wconf 90' lang='lat' dir='ltr'><strong>si</strong></span> <span class='ocrx_word' id='word_1_246' title='bbox 2497 2140 2709 2214; x_wconf 90' lang='lat' dir='ltr'><strong>possint</strong></span> <span class='ocrx_word' id='word_1_247' title='bbox 2749 2139 2961 2210; x_wconf 88' lang='lat' dir='ltr'><strong>aliquos</strong></span> <span class='ocrx_word' id='word_1_248' title='bbox 2990 2150 3375 2207; x_wconf 85' lang='lat' dir='ltr'><strong>corrumpere,</strong></span> <span class='ocrx_word' id='word_1_249' title='bbox 3426 2133 3520 2205; x_wconf 83' lang='lat' dir='ltr'><strong>qui</strong></span> 
     </span>
    </p>
   </div>
   <div class='ocr_carea' id='block_1_37' title="bbox 273 2229 1837 2320">
    <p class='ocr_par' dir='ltr' id='par_1_37' title="bbox 273 2243 1837 2320">
     <span class='ocr_line' id='line_1_37' title="bbox 273 2243 1837 2320; baseline -0.001 -18"><span class='ocrx_word' id='word_1_250' title='bbox 273 2266 388 2313; x_wconf 87' lang='grc' dir='ltr'><strong>τως</strong></span> <span class='ocrx_word' id='word_1_251' title='bbox 405 2247 550 2319; x_wconf 73' lang='grc' dir='ltr'>ἔχειν</span> <span class='ocrx_word' id='word_1_252' title='bbox 574 2246 868 2320; x_wconf 79' lang='grc' dir='ltr'><strong>ὁρίζεσθαι,</strong></span> <span class='ocrx_word' id='word_1_253' title='bbox 888 2247 1185 2319; x_wconf 85' lang='grc' dir='ltr'>τηνικαῦτα</span> <span class='ocrx_word' id='word_1_254' title='bbox 1198 2247 1297 2311; x_wconf 85' lang='grc' dir='ltr'>τὰς</span> <span class='ocrx_word' id='word_1_255' title='bbox 1314 2246 1423 2300; x_wconf 80' lang='grc' dir='ltr'>τῶν</span> <span class='ocrx_word' id='word_1_256' title='bbox 1439 2246 1625 2301; x_wconf 87' lang='grc' dir='ltr'>παθῶν</span> <span class='ocrx_word' id='word_1_257' title='bbox 1641 2243 1837 2301; x_wconf 85' lang='grc' dir='ltr'>ἀλλοιώ</span> 
     </span>
    </p>
   </div>
   <div class='ocr_carea' id='block_1_38' title="bbox 1957 2229 3521 2320">
    <p class='ocr_par' dir='ltr' id='par_1_38' title="bbox 1957 2229 3521 2313">
     <span class='ocr_line' id='line_1_38' title="bbox 1957 2229 3521 2313; baseline -0.011 -16"><span class='ocrx_word' id='word_1_258' title='bbox 1957 2242 2069 2297; x_wconf 69' lang='lat' dir='ltr'><strong>hanc</strong></span> <span class='ocrx_word' id='word_1_259' title='bbox 2097 2241 2173 2295; x_wconf 88' lang='lat' dir='ltr'><strong>ita</strong></span> <span class='ocrx_word' id='word_1_260' title='bbox 2204 2253 2263 2313; x_wconf 81' lang='lat' dir='ltr'><strong>se</strong></span> <span class='ocrx_word' id='word_1_261' title='bbox 2288 2237 2489 2292; x_wconf 88' lang='lat' dir='ltr'><strong>habere</strong></span> <span class='ocrx_word' id='word_1_262' title='bbox 2516 2234 2813 2301; x_wconf 81' lang='lat' dir='ltr'><strong>deﬁniunt;</strong></span> <span class='ocrx_word' id='word_1_263' title='bbox 2852 2239 2984 2286; x_wconf 92' lang='lat' dir='ltr'><strong>tunc</strong></span> <span class='ocrx_word' id='word_1_264' title='bbox 3024 2229 3373 2285; x_wconf 83' lang='lat' dir='ltr'><strong>aﬂ&#39;ectionum</strong></span> <span class='ocrx_word' id='word_1_265' title='bbox 3399 2242 3521 2281; x_wconf 83' lang='lat' dir='ltr'><strong>mu-</strong></span> 
     </span>
    </p>
   </div>
   <div class='ocr_carea' id='block_1_39' title="bbox 278 2318 1842 2412">
    <p class='ocr_par' dir='ltr' id='par_1_39' title="bbox 278 2318 1842 2412">
     <span class='ocr_line' id='line_1_39' title="bbox 278 2318 1842 2412; baseline -0.003 -18"><span class='ocrx_word' id='word_1_266' title='bbox 278 2356 397 2405; x_wconf 87' lang='grc' dir='ltr'>σεις</span> <span class='ocrx_word' id='word_1_267' title='bbox 530 2318 658 2411; x_wconf 72' lang='grc' dir='ltr'>θείιρ</span> <span class='ocrx_word' id='word_1_268' title='bbox 686 2318 1048 2411; x_wconf 82' lang='grc' dir='ltr'>περιάψαντες</span> <span class='ocrx_word' id='word_1_269' title='bbox 1083 2339 1379 2410; x_wconf 84' lang='grc' dir='ltr'>Πνεύματι,</span> <span class='ocrx_word' id='word_1_270' title='bbox 1405 2338 1602 2412; x_wconf 74' lang='grc' dir='ltr'>ῥᾳδίως</span> <span class='ocrx_word' id='word_1_271' title='bbox 1625 2336 1842 2393; x_wconf 51' lang='lat' dir='ltr'><strong>ductust:</strong></span> 
     </span>
    </p>
   </div>
   <div class='ocr_carea' id='block_1_40' title="bbox 1956 2318 3520 2412">
    <p class='ocr_par' dir='ltr' id='par_1_40' title="bbox 1956 2318 3520 2397">
     <span class='ocr_line' id='line_1_40' title="bbox 1956 2318 3520 2397; baseline -0.01 -9"><span class='ocrx_word' id='word_1_272' title='bbox 1956 2334 2185 2389; x_wconf 76' lang='lat' dir='ltr'><strong>lationes</strong></span> <span class='ocrx_word' id='word_1_273' title='bbox 2243 2330 2428 2386; x_wconf 86' lang='lat' dir='ltr'><strong>divino</strong></span> <span class='ocrx_word' id='word_1_274' title='bbox 2484 2329 2788 2384; x_wconf 88' lang='lat' dir='ltr'><strong>tribuentes</strong></span> <span class='ocrx_word' id='word_1_275' title='bbox 2857 2322 3115 2397; x_wconf 90' lang='lat' dir='ltr'><strong>Spiritui,</strong></span> <span class='ocrx_word' id='word_1_276' title='bbox 3178 2321 3336 2376; x_wconf 78' lang='lat' dir='ltr'><strong>facile</strong></span> <span class='ocrx_word' id='word_1_277' title='bbox 3384 2318 3520 2390; x_wconf 83' lang='lat' dir='ltr'><strong>ipsis</strong></span> 
     </span>
    </p>
   </div>
   <div class='ocr_carea' id='block_1_41' title="bbox 280 2409 1844 2501">
    <p class='ocr_par' dir='ltr' id='par_1_41' title="bbox 280 2409 1844 2501">
     <span class='ocr_line' id='line_1_41' title="bbox 280 2409 1844 2501; baseline -0.003 -18"><span class='ocrx_word' id='word_1_278' title='bbox 280 2446 450 2483; x_wconf 82' lang='grc' dir='ltr'>σωσιν</span> <span class='ocrx_word' id='word_1_279' title='bbox 468 2428 683 2493; x_wconf 78' lang='grc' dir='ltr'>αὐτοὺς,</span> <span class='ocrx_word' id='word_1_280' title='bbox 709 2429 784 2487; x_wconf 79' lang='grc' dir='ltr'><strong>ὡς</strong></span> <span class='ocrx_word' id='word_1_281' title='bbox 796 2429 1033 2485; x_wconf 77' lang='grc' dir='ltr'>οὐκέστι</span> <span class='ocrx_word' id='word_1_282' title='bbox 1050 2429 1111 2484; x_wconf 83' lang='grc' dir='ltr'>τὸ</span> <span class='ocrx_word' id='word_1_283' title='bbox 1129 2409 1357 2501; x_wconf 83' lang='grc' dir='ltr'>τρεπτὸν</span> <span class='ocrx_word' id='word_1_284' title='bbox 1381 2409 1555 2500; x_wconf 51' lang='lat' dir='ltr'><strong>eges;</strong></span> <span class='ocrx_word' id='word_1_285' title='bbox 1583 2428 1844 2499; x_wconf 67' lang='grc' dir='ltr'>ἀτρέπτου</span> 
     </span>
    </p>
   </div>
   <div class='ocr_carea' id='block_1_42' title="bbox 1952 2409 3516 2501">
    <p class='ocr_par' dir='ltr' id='par_1_42' title="bbox 1953 2409 3516 2495">
     <span class='ocr_line' id='line_1_42' title="bbox 1953 2409 3516 2495; baseline -0.01 -17"><span class='ocrx_word' id='word_1_286' title='bbox 1953 2422 2349 2495; x_wconf 85' lang='lat' dir='ltr'><strong>persuadeant,</strong></span> <span class='ocrx_word' id='word_1_287' title='bbox 2396 2419 2544 2493; x_wconf 91' lang='lat' dir='ltr'><strong>quod</strong></span> <span class='ocrx_word' id='word_1_288' title='bbox 2583 2419 2844 2474; x_wconf 84' lang='lat' dir='ltr'><strong>mutabile</strong></span> <span class='ocrx_word' id='word_1_289' title='bbox 2899 2424 3017 2483; x_wconf 89' lang='lat' dir='ltr'><strong>est,</strong></span> <span class='ocrx_word' id='word_1_290' title='bbox 3072 2431 3141 2474; x_wconf 73' lang='lat' dir='ltr'><strong>ex</strong></span> <span class='ocrx_word' id='word_1_291' title='bbox 3193 2409 3516 2468; x_wconf 82' lang='lat' dir='ltr'><strong>immutabili</strong></span> 
     </span>
    </p>
   </div>
   <div class='ocr_carea' id='block_1_43' title="bbox 277 2515 1841 2593">
    <p class='ocr_par' dir='ltr' id='par_1_43' title="bbox 277 2520 800 2593">
     <span class='ocr_line' id='line_1_43' title="bbox 277 2520 800 2593; baseline 0.008 -18"><span class='ocrx_word' id='word_1_292' title='bbox 277 2520 499 2592; x_wconf 75' lang='grc' dir='ltr'>φύσεως</span> <span class='ocrx_word' id='word_1_293' title='bbox 521 2520 800 2593; x_wconf 82' lang='grc' dir='ltr'>γεννηθέν.</span> 
     </span>
    </p>
   </div>
   <div class='ocr_carea' id='block_1_44' title="bbox 1163 2515 2727 2593">
    <p class='ocr_par' dir='ltr' id='par_1_44' title="bbox 1951 2515 2727 2586">
     <span class='ocr_line' id='line_1_44' title="bbox 1951 2515 2727 2586; baseline -0.005 -15"><span class='ocrx_word' id='word_1_294' title='bbox 1951 2525 2146 2571; x_wconf 89' lang='lat' dir='ltr'><strong>natura</strong></span> <span class='ocrx_word' id='word_1_295' title='bbox 2174 2515 2414 2586; x_wconf 80' lang='lat' dir='ltr'><strong>genitum</strong></span> <span class='ocrx_word' id='word_1_296' title='bbox 2446 2528 2555 2569; x_wconf 90' lang='lat' dir='ltr'><strong>non</strong></span> <span class='ocrx_word' id='word_1_297' title='bbox 2587 2529 2727 2569; x_wconf 90' lang='lat' dir='ltr'><strong>esse.</strong></span> 
     </span>
    </p>
   </div>
   <div class='ocr_carea' id='block_1_45' title="bbox 278 2623 3518 2759">
    <p class='ocr_par' dir='ltr' id='par_1_45' title="bbox 278 2623 3518 2759">
     <span class='ocr_line' id='line_1_45' title="bbox 278 2623 3518 2759; baseline -0.005 -69"><span class='ocrx_word' id='word_1_298' title='bbox 278 2634 361 2690; x_wconf 78' lang='lat' dir='ltr'><strong>Ex</strong></span> <span class='ocrx_word' id='word_1_299' title='bbox 404 2634 666 2691; x_wconf 78' lang='lat' dir='ltr'><strong>Eustratii</strong></span> <span class='ocrx_word' id='word_1_300' title='bbox 708 2636 996 2709; x_wconf 74' lang='lat' dir='ltr'><strong>presbyteri</strong></span> <span class='ocrx_word' id='word_1_301' title='bbox 1033 2636 1145 2694; x_wconf 73' lang='grc' dir='ltr'><strong>(ΞΡ.</strong></span> <span class='ocrx_word' id='word_1_302' title='bbox 1171 2637 1306 2694; x_wconf 78' lang='lat' dir='ltr'><strong>libro</strong></span> <span class='ocrx_word' id='word_1_303' title='bbox 1346 2636 1595 2693; x_wconf 76' lang='lat' dir='ltr'><strong>adversus</strong></span> <span class='ocrx_word' id='word_1_304' title='bbox 1638 2652 1724 2690; x_wconf 86' lang='lat' dir='ltr'><strong>eos</strong></span> <span class='ocrx_word' id='word_1_305' title='bbox 1741 2634 1836 2717; x_wconf 45' lang='lat' dir='ltr'><strong>qui.</strong></span> <span class='ocrx_word' id='word_1_306' title='bbox 1865 2632 2309 2759; x_wconf 32' lang='lat' dir='ltr'><strong>dicuntncgiimas</strong></span> <span class='ocrx_word' id='word_1_307' title='bbox 2329 2630 2511 2685; x_wconf 80' lang='lat' dir='ltr'><strong>statim</strong></span> <span class='ocrx_word' id='word_1_308' title='bbox 2542 2637 2696 2701; x_wconf 83' lang='lat' dir='ltr'><strong>atque</strong></span> <span class='ocrx_word' id='word_1_309' title='bbox 2729 2644 2756 2683; x_wconf 77' lang='grc' dir='ltr'><strong>ε</strong></span> <span class='ocrx_word' id='word_1_310' title='bbox 2782 2643 3001 2697; x_wconf 73' lang='lat' dir='ltr'><strong>corpore</strong></span> <span class='ocrx_word' id='word_1_311' title='bbox 3030 2623 3217 2681; x_wconf 70' lang='lat' dir='ltr'><strong>solum</strong></span> <span class='ocrx_word' id='word_1_312' title='bbox 3241 2628 3387 2685; x_wconf 84' lang='lat' dir='ltr'><strong>sunt,</strong></span> <span class='ocrx_word' id='word_1_313' title='bbox 3414 2636 3518 2675; x_wconf 77' lang='lat' dir='ltr'><strong>non</strong></span> 
     </span>
     <span class='ocr_line' id='line_1_46' title="bbox 1628 2719 2170 2759; baseline -0.006 0"><span class='ocrx_word' id='word_1_314' title='bbox 1628 2721 1835 2759; x_wconf 74' lang='lat' dir='ltr'><strong>onerari</strong></span> <span class='ocrx_word' id='word_1_315' title='bbox 1871 2721 1889 2759; x_wconf 91' lang='lat'><em>:</em></span> <span class='ocrx_word' id='word_1_316' title='bbox 1920 2719 2040 2759; x_wconf 86' lang='lat' dir='ltr'><strong>can.</strong></span> <span class='ocrx_word' id='word_1_317' title='bbox 2155 2742 2170 2756; x_wconf 95' lang='lat'><strong>.</strong></span> 
     </span>
    </p>
   </div>
   <div class='ocr_carea' id='block_1_46' title="bbox 1628 2719 2170 2776">
    <p class='ocr_par' dir='ltr' id='par_1_46' title="bbox 1628 2719 2170 2776">
     <span class='ocr_line' id='line_1_47' title="bbox 1628 2719 2170 2776; baseline -0.006 -17"><span class='ocrx_word' id='word_1_318' title='bbox 1628 2721 1835 2776; x_wconf 75' lang='lat' dir='ltr'><strong>operari</strong></span> <span class='ocrx_word' id='word_1_319' title='bbox 1871 2721 1889 2759; x_wconf 92' lang='lat'><em>:</em></span> <span class='ocrx_word' id='word_1_320' title='bbox 1920 2719 2040 2775; x_wconf 89' lang='lat' dir='ltr'><strong>cap.</strong></span> <span class='ocrx_word' id='word_1_321' title='bbox 2082 2719 2170 2759; x_wconf 69' lang='grc' dir='ltr'><strong>ιν.</strong></span> 
     </span>
    </p>
   </div>
   <div class='ocr_carea' id='block_1_47' title="bbox 1177 2822 2595 2902">
    <p class='ocr_par' dir='ltr' id='par_1_47' title="bbox 1177 2822 2595 2902">
     <span class='ocr_line' id='line_1_48' title="bbox 1177 2822 2595 2902; baseline -0.006 -16"><span class='ocrx_word' id='word_1_322' title='bbox 1177 2830 1334 2902; x_wconf 78' lang='lat' dir='ltr'><strong>Apud</strong></span> <span class='ocrx_word' id='word_1_323' title='bbox 1360 2829 1616 2885; x_wconf 84' lang='lat' dir='ltr'><strong>Allatium</strong></span> <span class='ocrx_word' id='word_1_324' title='bbox 1664 2828 1738 2884; x_wconf 86' lang='lat' dir='ltr'><strong>De</strong></span> <span class='ocrx_word' id='word_1_325' title='bbox 1779 2826 2108 2899; x_wconf 82' lang='lat' dir='ltr'><strong>purgatorio,</strong></span> <span class='ocrx_word' id='word_1_326' title='bbox 2140 2840 2300 2898; x_wconf 70' lang='lat' dir='ltr'><strong>pagg.</strong></span> <span class='ocrx_word' id='word_1_327' title='bbox 2328 2822 2595 2878; x_wconf 67' lang='lat'><strong>497-500.</strong></span> 
     </span>
    </p>
   </div>
   <div class='ocr_carea' id='block_1_48' title="bbox 344 2935 1908 3014">
    <p class='ocr_par' dir='ltr' id='par_1_48' title="bbox 344 2942 1854 3013">
     <span class='ocr_line' id='line_1_49' title="bbox 344 2942 1854 3013; baseline 0.003 -17"><span class='ocrx_word' id='word_1_328' title='bbox 344 2942 729 3013; x_wconf 75' lang='grc' dir='ltr'>Εὐρίσκομεν</span> <span class='ocrx_word' id='word_1_329' title='bbox 750 2943 819 2999; x_wconf 79' lang='grc' dir='ltr'>δὲ</span> <span class='ocrx_word' id='word_1_330' title='bbox 847 2943 945 2998; x_wconf 75' lang='grc' dir='ltr'><strong>καί</strong></span> <span class='ocrx_word' id='word_1_331' title='bbox 972 2944 1322 3011; x_wconf 76' lang='grc' dir='ltr'><strong>Εὐστάθιον,</strong></span> <span class='ocrx_word' id='word_1_332' title='bbox 1358 2946 1466 3001; x_wconf 80' lang='grc' dir='ltr'><strong>τὸν</strong></span> <span class='ocrx_word' id='word_1_333' title='bbox 1514 2946 1854 3002; x_wconf 77' lang='grc' dir='ltr'>ἐπίσκοπον</span> 
     </span>
    </p>
   </div>
   <div class='ocr_carea' id='block_1_49' title="bbox 1952 2935 3516 3014">
    <p class='ocr_par' dir='ltr' id='par_1_49' title="bbox 2029 2935 3516 3014">
     <span class='ocr_line' id='line_1_50' title="bbox 2029 2935 3516 3014; baseline -0.006 -14"><span class='ocrx_word' id='word_1_334' title='bbox 2029 2944 2327 3014; x_wconf 81' lang='lat' dir='ltr'><strong>Reperimus</strong></span> <span class='ocrx_word' id='word_1_335' title='bbox 2362 2950 2616 3012; x_wconf 66' lang='lat' dir='ltr'><strong>praterea</strong></span> <span class='ocrx_word' id='word_1_336' title='bbox 2648 2936 2992 2994; x_wconf 80' lang='lat' dir='ltr'><strong>Eustatltium</strong></span> <span class='ocrx_word' id='word_1_337' title='bbox 3014 2937 3309 2993; x_wconf 76' lang='lat' dir='ltr'><strong>Antiochia:</strong></span> <span class='ocrx_word' id='word_1_338' title='bbox 3344 2935 3516 3007; x_wconf 69' lang='lat' dir='ltr'><strong>Syria</strong></span> 
     </span>
    </p>
   </div>
   <div class='ocr_carea' id='block_1_50' title="bbox 286 3019 1850 3109">
    <p class='ocr_par' dir='ltr' id='par_1_50' title="bbox 286 3033 1850 3109">
     <span class='ocr_line' id='line_1_51' title="bbox 286 3033 1850 3109; baseline 0.003 -22"><span class='ocrx_word' id='word_1_339' title='bbox 286 3033 643 3104; x_wconf 70' lang='grc' dir='ltr'>Ἀντιοχείας</span> <span class='ocrx_word' id='word_1_340' title='bbox 664 3034 772 3103; x_wconf 82' lang='grc' dir='ltr'>τῆς</span> <span class='ocrx_word' id='word_1_341' title='bbox 797 3038 1015 3105; x_wconf 78' lang='grc' dir='ltr'>Συρίας</span> <span class='ocrx_word' id='word_1_342' title='bbox 1035 3037 1134 3092; x_wconf 73' lang='grc' dir='ltr'>καὶ</span> <span class='ocrx_word' id='word_1_343' title='bbox 1159 3038 1556 3109; x_wconf 75' lang='grc' dir='ltr'>ὀμολογητὴν,</span> <span class='ocrx_word' id='word_1_344' title='bbox 1594 3040 1850 3109; x_wconf 71' lang='grc' dir='ltr'>λέγοντα</span> 
     </span>
    </p>
   </div>
   <div class='ocr_carea' id='block_1_51' title="bbox 1953 3019 3517 3109">
    <p class='ocr_par' dir='ltr' id='par_1_51' title="bbox 1956 3019 3517 3108">
     <span class='ocr_line' id='line_1_52' title="bbox 1956 3019 3517 3108; baseline -0.006 -14"><span class='ocrx_word' id='word_1_345' title='bbox 1956 3041 2254 3108; x_wconf 77' lang='lat' dir='ltr'><strong>episcopum</strong></span> <span class='ocrx_word' id='word_1_346' title='bbox 2300 3048 2350 3091; x_wconf 85' lang='lat' dir='ltr'><strong>et</strong></span> <span class='ocrx_word' id='word_1_347' title='bbox 2396 3033 2772 3103; x_wconf 77' lang='lat' dir='ltr'><strong>confessorem,</strong></span> <span class='ocrx_word' id='word_1_348' title='bbox 2815 3030 3069 3086; x_wconf 73' lang='lat' dir='ltr'><strong>Pambus</strong></span> <span class='ocrx_word' id='word_1_349' title='bbox 3124 3019 3517 3101; x_wconf 45' lang='lat' dir='ltr'><strong>jam&#39;laudatis</strong></span> 
     </span>
    </p>
   </div>
   <div class='ocr_carea' id='block_1_52' title="bbox 271 3119 1835 3200">
    <p class='ocr_par' dir='ltr' id='par_1_52' title="bbox 271 3125 1835 3200">
     <span class='ocr_line' id='line_1_53' title="bbox 271 3125 1835 3200; baseline 0.003 -20"><span class='ocrx_word' id='word_1_350' title='bbox 271 3128 347 3180; x_wconf 79' lang='grc' dir='ltr'><strong>ὲν</strong></span> <span class='ocrx_word' id='word_1_351' title='bbox 372 3125 451 3193; x_wconf 80' lang='grc' dir='ltr'>τῷ</span> <span class='ocrx_word' id='word_1_352' title='bbox 476 3125 844 3198; x_wconf 28' lang='grc' dir='ltr'>Περιηψνχῆς</span> <span class='ocrx_word' id='word_1_353' title='bbox 866 3127 964 3183; x_wconf 75' lang='grc' dir='ltr'>καὶ</span> <span class='ocrx_word' id='word_1_354' title='bbox 988 3129 1136 3183; x_wconf 83' lang='grc' dir='ltr'>κατὰ</span> <span class='ocrx_word' id='word_1_355' title='bbox 1163 3128 1477 3199; x_wconf 78' lang='grc' dir='ltr'><strong>Ἀρειανῶν</strong></span> <span class='ocrx_word' id='word_1_356' title='bbox 1498 3130 1679 3200; x_wconf 70' lang='grc' dir='ltr'>λόγῳ,</span> <span class='ocrx_word' id='word_1_357' title='bbox 1704 3143 1835 3185; x_wconf 83' lang='grc' dir='ltr'><strong>συν·</strong></span> 
     </span>
    </p>
   </div>
   <div class='ocr_carea' id='block_1_53' title="bbox 1944 3119 3508 3200">
    <p class='ocr_par' dir='ltr' id='par_1_53' title="bbox 1955 3121 3508 3185">
     <span class='ocr_line' id='line_1_54' title="bbox 1955 3121 3508 3185; baseline -0.006 0"><span class='ocrx_word' id='word_1_358' title='bbox 1955 3146 2186 3185; x_wconf 82' lang='lat' dir='ltr'><strong>consona</strong></span> <span class='ocrx_word' id='word_1_359' title='bbox 2206 3127 2428 3182; x_wconf 78' lang='lat' dir='ltr'><strong>scribere</strong></span> <span class='ocrx_word' id='word_1_360' title='bbox 2450 3128 2503 3181; x_wconf 82' lang='lat' dir='ltr'><strong>in</strong></span> <span class='ocrx_word' id='word_1_361' title='bbox 2531 3124 2669 3180; x_wconf 79' lang='lat' dir='ltr'><strong>libro</strong></span> <span class='ocrx_word' id='word_1_362' title='bbox 2682 3126 2764 3182; x_wconf 72' lang='lat' dir='ltr'><strong>De</strong></span> <span class='ocrx_word' id='word_1_363' title='bbox 2783 3125 2969 3178; x_wconf 77' lang='lat' dir='ltr'><strong>anima</strong></span> <span class='ocrx_word' id='word_1_364' title='bbox 2994 3132 3042 3177; x_wconf 85' lang='lat' dir='ltr'><strong>et</strong></span> <span class='ocrx_word' id='word_1_365' title='bbox 3064 3132 3249 3177; x_wconf 79' lang='lat' dir='ltr'><strong>contra</strong></span> <span class='ocrx_word' id='word_1_366' title='bbox 3263 3121 3508 3176; x_wconf 79' lang='lat' dir='ltr'><strong>Arianos.</strong></span> 
     </span>
    </p>
   </div>
   <div class='ocr_carea' id='block_1_54' title="bbox 271 3212 1835 3292">
    <p class='ocr_par' dir='ltr' id='par_1_54' title="bbox 271 3215 1835 3292">
     <span class='ocr_line' id='line_1_55' title="bbox 271 3215 1835 3292; baseline 0.003 -22"><span class='ocrx_word' id='word_1_367' title='bbox 271 3215 402 3281; x_wconf 77' lang='grc' dir='ltr'><strong>φδὰ</strong></span> <span class='ocrx_word' id='word_1_368' title='bbox 454 3217 581 3283; x_wconf 83' lang='grc' dir='ltr'>τοῖς</span> <span class='ocrx_word' id='word_1_369' title='bbox 640 3217 1085 3288; x_wconf 73' lang='grc' dir='ltr'>προειρτυιένοις</span> <span class='ocrx_word' id='word_1_370' title='bbox 1128 3217 1416 3289; x_wconf 75' lang='grc' dir='ltr'><strong>Πατρὰσι.</strong></span> <span class='ocrx_word' id='word_1_371' title='bbox 1479 3219 1751 3292; x_wconf 79' lang='grc' dir='ltr'>Σύμφωνα</span> <span class='ocrx_word' id='word_1_372' title='bbox 1795 3221 1835 3274; x_wconf 69' lang='grc' dir='ltr'>δί</span> 
     </span>
    </p>
   </div>
   <div class='ocr_carea' id='block_1_55' title="bbox 1952 3212 3516 3292">
    <p class='ocr_par' dir='ltr' id='par_1_55' title="bbox 1953 3212 3516 3289">
     <span class='ocr_line' id='line_1_56' title="bbox 1953 3212 3516 3289; baseline -0.006 -11"><span class='ocrx_word' id='word_1_373' title='bbox 1953 3220 2259 3278; x_wconf 86' lang='lat' dir='ltr'><strong>Concordia</strong></span> <span class='ocrx_word' id='word_1_374' title='bbox 2305 3218 2391 3274; x_wconf 90' lang='lat' dir='ltr'><strong>his</strong></span> <span class='ocrx_word' id='word_1_375' title='bbox 2420 3231 2764 3289; x_wconf 87' lang='lat' dir='ltr'><strong>prosequens</strong></span> <span class='ocrx_word' id='word_1_376' title='bbox 2783 3214 2924 3270; x_wconf 88' lang='lat' dir='ltr'><strong>idem</strong></span> <span class='ocrx_word' id='word_1_377' title='bbox 2951 3213 3217 3270; x_wconf 78' lang='lat' dir='ltr'><strong>Jereniias</strong></span> <span class='ocrx_word' id='word_1_378' title='bbox 3240 3252 3256 3277; x_wconf 89' lang='lat'><strong>,</strong></span> <span class='ocrx_word' id='word_1_379' title='bbox 3288 3212 3516 3268; x_wconf 77' lang='lat' dir='ltr'><strong>vocibus</strong></span> 
     </span>
    </p>
   </div>
   <div class='ocr_carea' id='block_1_56' title="bbox 272 3306 1836 3385">
    <p class='ocr_par' dir='ltr' id='par_1_56' title="bbox 272 3307 1836 3385">
     <span class='ocr_line' id='line_1_57' title="bbox 272 3307 1836 3385; baseline 0.001 -20"><span class='ocrx_word' id='word_1_380' title='bbox 272 3307 488 3374; x_wconf 71' lang='grc' dir='ltr'>τοῦτοις</span> <span class='ocrx_word' id='word_1_381' title='bbox 513 3309 722 3377; x_wconf 81' lang='grc' dir='ltr'>διεξιὼν</span> <span class='ocrx_word' id='word_1_382' title='bbox 749 3313 779 3365; x_wconf 92' lang='grc' dir='ltr'><strong>ὁ</strong></span> <span class='ocrx_word' id='word_1_383' title='bbox 802 3312 963 3376; x_wconf 85' lang='grc' dir='ltr'>αὐτὸς</span> <span class='ocrx_word' id='word_1_384' title='bbox 1009 3311 1273 3385; x_wconf 82' lang='grc' dir='ltr'>Ἱερεμίας</span> <span class='ocrx_word' id='word_1_385' title='bbox 1292 3314 1590 3385; x_wconf 77' lang='grc' dir='ltr'>εἰσηγεῖται</span> <span class='ocrx_word' id='word_1_386' title='bbox 1630 3312 1730 3376; x_wconf 81' lang='grc' dir='ltr'>τὰς</span> <span class='ocrx_word' id='word_1_387' title='bbox 1756 3313 1836 3367; x_wconf 58' lang='lat' dir='ltr'><strong>“rei</strong></span> 
     </span>
    </p>
   </div>
   <div class='ocr_carea' id='block_1_57' title="bbox 1952 3306 3516 3385">
    <p class='ocr_par' dir='ltr' id='par_1_57' title="bbox 1953 3306 3516 3376">
     <span class='ocr_line' id='line_1_58' title="bbox 1953 3306 3516 3376; baseline -0.008 -7"><span class='ocrx_word' id='word_1_388' title='bbox 1953 3313 2050 3370; x_wconf 87' lang='lat' dir='ltr'><strong>Dei</strong></span> <span class='ocrx_word' id='word_1_389' title='bbox 2101 3311 2409 3369; x_wconf 88' lang='lat' dir='ltr'><strong>asserviens</strong></span> <span class='ocrx_word' id='word_1_390' title='bbox 2471 3308 2750 3368; x_wconf 86' lang='lat' dir='ltr'><strong>insinuat.</strong></span> <span class='ocrx_word' id='word_1_391' title='bbox 2820 3306 3019 3376; x_wconf 87' lang='lat' dir='ltr'><strong>quibus</strong></span> <span class='ocrx_word' id='word_1_392' title='bbox 3087 3312 3516 3370; x_wconf 85' lang='lat' dir='ltr'><strong>commonstrat,</strong></span> 
     </span>
    </p>
   </div>
   <div class='ocr_carea' id='block_1_58' title="bbox 274 3386 1838 3476">
    <p class='ocr_par' dir='ltr' id='par_1_58' title="bbox 274 3399 1838 3475">
     <span class='ocr_line' id='line_1_59' title="bbox 274 3399 1838 3475; baseline 0 -18"><span class='ocrx_word' id='word_1_393' title='bbox 274 3400 414 3457; x_wconf 83' lang='grc' dir='ltr'>Θεοῦ</span> <span class='ocrx_word' id='word_1_394' title='bbox 461 3402 873 3475; x_wconf 84' lang='grc' dir='ltr'>διακονούμενος</span> <span class='ocrx_word' id='word_1_395' title='bbox 925 3404 1127 3475; x_wconf 78' lang='grc' dir='ltr'>φωνὰς,</span> <span class='ocrx_word' id='word_1_396' title='bbox 1182 3404 1251 3459; x_wconf 86' lang='grc' dir='ltr'>δι’</span> <span class='ocrx_word' id='word_1_397' title='bbox 1291 3399 1366 3459; x_wconf 85' lang='grc' dir='ltr'><strong>ὧν</strong></span> <span class='ocrx_word' id='word_1_398' title='bbox 1410 3400 1712 3473; x_wconf 80' lang='grc' dir='ltr'>δείκνυσιν,</span> <span class='ocrx_word' id='word_1_399' title='bbox 1768 3406 1838 3461; x_wconf 81' lang='grc' dir='ltr'>ὅτι</span> 
     </span>
    </p>
   </div>
   <div class='ocr_carea' id='block_1_59' title="bbox 1954 3386 3518 3476">
    <p class='ocr_par' dir='ltr' id='par_1_59' title="bbox 1954 3386 3518 3476">
     <span class='ocr_line' id='line_1_60' title="bbox 1954 3386 3518 3476; baseline -0.008 -14"><span class='ocrx_word' id='word_1_400' title='bbox 1954 3421 2129 3476; x_wconf 88' lang='lat' dir='ltr'><strong>neque</strong></span> <span class='ocrx_word' id='word_1_401' title='bbox 2153 3405 2425 3475; x_wconf 73' lang='lat' dir='ltr'><strong>iustorum</strong></span> <span class='ocrx_word' id='word_1_402' title='bbox 2458 3386 2883 3471; x_wconf 76' lang='lat' dir='ltr'><strong>supplicationes</strong></span> <span class='ocrx_word' id='word_1_403' title='bbox 2920 3404 3173 3467; x_wconf 86' lang='lat' dir='ltr'><strong>acceptas</strong></span> <span class='ocrx_word' id='word_1_404' title='bbox 3206 3412 3266 3452; x_wconf 89' lang='lat' dir='ltr'><strong>se</strong></span> <span class='ocrx_word' id='word_1_405' title='bbox 3290 3396 3518 3473; x_wconf 74' lang='lat' dir='ltr'><strong>habere,</strong></span> 
     </span>
    </p>
   </div>
   <div class='ocr_carea' id='block_1_60' title="bbox 277 3482 1841 3571">
    <p class='ocr_par' dir='ltr' id='par_1_60' title="bbox 277 3494 1841 3571">
     <span class='ocr_line' id='line_1_61' title="bbox 277 3494 1841 3571; baseline 0.003 -24"><span class='ocrx_word' id='word_1_406' title='bbox 277 3496 418 3567; x_wconf 73' lang='grc' dir='ltr'>μήτε</span> <span class='ocrx_word' id='word_1_407' title='bbox 446 3494 544 3559; x_wconf 80' lang='grc' dir='ltr'><strong>τὰς</strong></span> <span class='ocrx_word' id='word_1_408' title='bbox 585 3494 692 3549; x_wconf 84' lang='grc' dir='ltr'>τῶν</span> <span class='ocrx_word' id='word_1_409' title='bbox 724 3495 948 3551; x_wconf 71' lang='grc' dir='ltr'>δικαίων</span> <span class='ocrx_word' id='word_1_410' title='bbox 972 3497 1252 3571; x_wconf 85' lang='grc' dir='ltr'>προσίεται</span> <span class='ocrx_word' id='word_1_411' title='bbox 1292 3498 1603 3570; x_wconf 78' lang='grc' dir='ltr'>πρεσόείας,</span> <span class='ocrx_word' id='word_1_412' title='bbox 1650 3500 1699 3552; x_wconf 82' lang='grc' dir='ltr'><strong>εί</strong></span> <span class='ocrx_word' id='word_1_413' title='bbox 1730 3497 1841 3569; x_wconf 82' lang='grc' dir='ltr'>βου-</span> 
     </span>
    </p>
   </div>
   <div class='ocr_carea' id='block_1_61' title="bbox 1954 3482 3518 3571">
    <p class='ocr_par' dir='ltr' id='par_1_61' title="bbox 1954 3482 3518 3564">
     <span class='ocr_line' id='line_1_62' title="bbox 1954 3482 3518 3564; baseline -0.01 -12"><span class='ocrx_word' id='word_1_414' title='bbox 1954 3497 2000 3553; x_wconf 83' lang='grc' dir='ltr'>εἰ</span> <span class='ocrx_word' id='word_1_415' title='bbox 2034 3496 2203 3551; x_wconf 84' lang='lat' dir='ltr'><strong>velint</strong></span> <span class='ocrx_word' id='word_1_416' title='bbox 2243 3492 2320 3547; x_wconf 90' lang='lat' dir='ltr'><strong>illi</strong></span> <span class='ocrx_word' id='word_1_417' title='bbox 2352 3499 2572 3564; x_wconf 89' lang='lat' dir='ltr'><strong>propter</strong></span> <span class='ocrx_word' id='word_1_418' title='bbox 2602 3488 2905 3544; x_wconf 86' lang='lat' dir='ltr'><strong>homicidas</strong></span> <span class='ocrx_word' id='word_1_419' title='bbox 2940 3501 3128 3557; x_wconf 88' lang='lat' dir='ltr'><strong>preces</strong></span> <span class='ocrx_word' id='word_1_420' title='bbox 3169 3484 3415 3541; x_wconf 80' lang='lat' dir='ltr'><strong>fundere.</strong></span> <span class='ocrx_word' id='word_1_421' title='bbox 3452 3482 3518 3538; x_wconf 88' lang='lat' dir='ltr'><strong>Et</strong></span> 
     </span>
    </p>
   </div>
   <div class='ocr_carea' id='block_1_62' title="bbox 272 3576 1836 3663">
    <p class='ocr_par' dir='ltr' id='par_1_62' title="bbox 272 3585 1836 3663">
     <span class='ocr_line' id='line_1_63' title="bbox 272 3585 1836 3663; baseline 0.003 -24"><span class='ocrx_word' id='word_1_422' title='bbox 272 3585 492 3659; x_wconf 79' lang='grc' dir='ltr'>ληθείεν</span> <span class='ocrx_word' id='word_1_423' title='bbox 524 3588 632 3641; x_wconf 85' lang='grc' dir='ltr'><strong>τῶν</strong></span> <span class='ocrx_word' id='word_1_424' title='bbox 663 3588 963 3659; x_wconf 81' lang='grc' dir='ltr'>μιαιφόνων</span> <span class='ocrx_word' id='word_1_425' title='bbox 991 3591 1148 3663; x_wconf 80' lang='grc' dir='ltr'>χάριν</span> <span class='ocrx_word' id='word_1_426' title='bbox 1168 3590 1412 3656; x_wconf 80' lang='grc' dir='ltr'>ἀξιῶσαι.</span> <span class='ocrx_word' id='word_1_427' title='bbox 1445 3591 1558 3645; x_wconf 78' lang='grc' dir='ltr'><strong>Καὶ</strong></span> <span class='ocrx_word' id='word_1_428' title='bbox 1585 3587 1705 3645; x_wconf 78' lang='grc' dir='ltr'>εἷπε</span> <span class='ocrx_word' id='word_1_429' title='bbox 1737 3591 1836 3644; x_wconf 84' lang='grc' dir='ltr'><strong>Κύ·</strong></span> 
     </span>
    </p>
   </div>
   <div class='ocr_carea' id='block_1_63' title="bbox 1956 3576 3520 3663">
    <p class='ocr_par' dir='ltr' id='par_1_63' title="bbox 1956 3576 3520 3648">
     <span class='ocr_line' id='line_1_64' title="bbox 1956 3576 3520 3648; baseline -0.007 -6"><span class='ocrx_word' id='word_1_430' title='bbox 1956 3586 2088 3642; x_wconf 81' lang='lat' dir='ltr'><strong>dixit</strong></span> <span class='ocrx_word' id='word_1_431' title='bbox 2112 3584 2375 3640; x_wconf 81' lang='lat' dir='ltr'><strong>Dominus</strong></span> <span class='ocrx_word' id='word_1_432' title='bbox 2403 3581 2472 3637; x_wconf 87' lang='lat' dir='ltr'><strong>ad</strong></span> <span class='ocrx_word' id='word_1_433' title='bbox 2505 3596 2612 3647; x_wconf 89' lang='lat' dir='ltr'><strong>me,</strong></span> <span class='ocrx_word' id='word_1_434' title='bbox 2637 3581 2827 3635; x_wconf 86' lang='lat' dir='ltr'><strong>dicens</strong></span> <span class='ocrx_word' id='word_1_435' title='bbox 2861 3579 2907 3611; x_wconf 83' lang='grc'>⁸⁸</span> <span class='ocrx_word' id='word_1_436' title='bbox 2935 3594 2950 3630; x_wconf 89' lang='lat'><strong>:</strong></span> <span class='ocrx_word' id='word_1_437' title='bbox 2985 3576 3044 3631; x_wconf 91' lang='lat' dir='ltr'><strong>Si</strong></span> <span class='ocrx_word' id='word_1_438' title='bbox 3074 3577 3284 3632; x_wconf 85' lang='lat' dir='ltr'><strong>steterit</strong></span> <span class='ocrx_word' id='word_1_439' title='bbox 3306 3576 3520 3648; x_wconf 80' lang='lat' dir='ltr'><strong>Moyses</strong></span> 
     </span>
    </p>
   </div>
   <div class='ocr_carea' id='block_1_64' title="bbox 275 3668 1839 3754">
    <p class='ocr_par' dir='ltr' id='par_1_64' title="bbox 275 3678 1839 3754">
     <span class='ocr_line' id='line_1_65' title="bbox 275 3678 1839 3754; baseline 0.001 -22"><span class='ocrx_word' id='word_1_440' title='bbox 275 3694 395 3750; x_wconf 86' lang='grc' dir='ltr'>ριος</span> <span class='ocrx_word' id='word_1_441' title='bbox 416 3678 551 3749; x_wconf 83' lang='grc' dir='ltr'>πρὸς</span> <span class='ocrx_word' id='word_1_442' title='bbox 583 3678 650 3750; x_wconf 78' lang='grc' dir='ltr'>μὲ</span> <span class='ocrx_word' id='word_1_443' title='bbox 675 3679 880 3749; x_wconf 77' lang='grc' dir='ltr'>λέγων’</span> <span class='ocrx_word' id='word_1_444' title='bbox 927 3680 1052 3735; x_wconf 75' lang='grc' dir='ltr'><strong>Ἐ’ὰν</strong></span> <span class='ocrx_word' id='word_1_445' title='bbox 1082 3683 1179 3754; x_wconf 78' lang='grc' dir='ltr'><strong>στῇ</strong></span> <span class='ocrx_word' id='word_1_446' title='bbox 1220 3682 1451 3753; x_wconf 82' lang='grc' dir='ltr'>Μωῦσῆς</span> <span class='ocrx_word' id='word_1_447' title='bbox 1477 3683 1570 3736; x_wconf 76' lang='grc' dir='ltr'>καὶ</span> <span class='ocrx_word' id='word_1_448' title='bbox 1598 3681 1839 3754; x_wconf 78' lang='grc' dir='ltr'>Σαμουὴλ</span> 
     </span>
    </p>
   </div>
   <div class='ocr_carea' id='block_1_65' title="bbox 1953 3668 3517 3754">
    <p class='ocr_par' dir='ltr' id='par_1_65' title="bbox 1953 3668 3517 3734">
     <span class='ocr_line' id='line_1_66' title="bbox 1953 3668 3517 3734; baseline -0.007 -1"><span class='ocrx_word' id='word_1_449' title='bbox 1953 3685 2007 3734; x_wconf 89' lang='lat' dir='ltr'><strong>et</strong></span> <span class='ocrx_word' id='word_1_450' title='bbox 2037 3675 2256 3731; x_wconf 86' lang='lat' dir='ltr'><strong>Samuel</strong></span> <span class='ocrx_word' id='word_1_451' title='bbox 2292 3682 2419 3730; x_wconf 85' lang='lat' dir='ltr'><strong>ante</strong></span> <span class='ocrx_word' id='word_1_452' title='bbox 2446 3671 2641 3727; x_wconf 74' lang='lat' dir='ltr'><strong>[aciem</strong></span> <span class='ocrx_word' id='word_1_453' title='bbox 2670 3685 2844 3724; x_wconf 84' lang='lat' dir='ltr'><strong>meam</strong></span> <span class='ocrx_word' id='word_1_454' title='bbox 2865 3709 2881 3733; x_wconf 94' lang='lat'><strong>,</strong></span> <span class='ocrx_word' id='word_1_455' title='bbox 2922 3683 3032 3723; x_wconf 93' lang='lat' dir='ltr'><strong>non</strong></span> <span class='ocrx_word' id='word_1_456' title='bbox 3068 3675 3153 3724; x_wconf 89' lang='lat' dir='ltr'><strong>est</strong></span> <span class='ocrx_word' id='word_1_457' title='bbox 3181 3668 3363 3722; x_wconf 90' lang='lat' dir='ltr'><strong>anima</strong></span> <span class='ocrx_word' id='word_1_458' title='bbox 3398 3681 3517 3722; x_wconf 83' lang='lat' dir='ltr'><strong>mea</strong></span> 
     </span>
    </p>
   </div>
   <div class='ocr_carea' id='block_1_66' title="bbox 274 3759 1838 3846">
    <p class='ocr_par' dir='ltr' id='par_1_66' title="bbox 274 3768 1838 3846">
     <span class='ocr_line' id='line_1_67' title="bbox 274 3768 1838 3846; baseline 0.003 -22"><span class='ocrx_word' id='word_1_459' title='bbox 274 3768 385 3841; x_wconf 80' lang='grc' dir='ltr'>πρὸ</span> <span class='ocrx_word' id='word_1_460' title='bbox 410 3770 703 3842; x_wconf 82' lang='grc' dir='ltr'>προσώπου</span> <span class='ocrx_word' id='word_1_461' title='bbox 744 3788 869 3843; x_wconf 88' lang='grc' dir='ltr'>μου,</span> <span class='ocrx_word' id='word_1_462' title='bbox 903 3772 1003 3825; x_wconf 83' lang='grc' dir='ltr'>οὐκ</span> <span class='ocrx_word' id='word_1_463' title='bbox 1048 3770 1247 3842; x_wconf 77' lang='grc' dir='ltr'>ἔστινή</span> <span class='ocrx_word' id='word_1_464' title='bbox 1279 3771 1425 3846; x_wconf 81' lang='grc' dir='ltr'>ψυχή</span> <span class='ocrx_word' id='word_1_465' title='bbox 1449 3792 1551 3846; x_wconf 87' lang='grc' dir='ltr'><strong>μου</strong></span> <span class='ocrx_word' id='word_1_466' title='bbox 1591 3775 1728 3845; x_wconf 77' lang='grc' dir='ltr'>πρὸς</span> <span class='ocrx_word' id='word_1_467' title='bbox 1754 3776 1838 3831; x_wconf 80' lang='grc' dir='ltr'><strong>αὐ-</strong></span> 
     </span>
    </p>
   </div>
   <div class='ocr_carea' id='block_1_67' title="bbox 1953 3759 3517 3846">
    <p class='ocr_par' dir='ltr' id='par_1_67' title="bbox 1953 3759 3517 3841">
     <span class='ocr_line' id='line_1_68' title="bbox 1953 3759 3517 3841; baseline -0.007 -16"><span class='ocrx_word' id='word_1_468' title='bbox 1953 3785 2081 3841; x_wconf 78' lang='lat' dir='ltr'><strong>erga</strong></span> <span class='ocrx_word' id='word_1_469' title='bbox 2118 3769 2288 3839; x_wconf 89' lang='lat' dir='ltr'><strong>ipsos.</strong></span> <span class='ocrx_word' id='word_1_470' title='bbox 2338 3764 2406 3820; x_wconf 85' lang='lat' dir='ltr'><strong>In</strong></span> <span class='ocrx_word' id='word_1_471' title='bbox 2437 3764 2629 3820; x_wconf 82' lang='lat' dir='ltr'><strong>divinis</strong></span> <span class='ocrx_word' id='word_1_472' title='bbox 2672 3764 2859 3818; x_wconf 73' lang='lat' dir='ltr'><strong>litteris</strong></span> <span class='ocrx_word' id='word_1_473' title='bbox 2906 3762 3175 3816; x_wconf 86' lang='lat' dir='ltr'><strong>indicatur</strong></span> <span class='ocrx_word' id='word_1_474' title='bbox 3210 3759 3426 3832; x_wconf 79' lang='lat' dir='ltr'><strong>Moysen</strong></span> <span class='ocrx_word' id='word_1_475' title='bbox 3468 3771 3517 3814; x_wconf 86' lang='lat' dir='ltr'><strong>et</strong></span> 
     </span>
    </p>
   </div>
   <div class='ocr_carea' id='block_1_68' title="bbox 270 3848 1834 3936">
    <p class='ocr_par' dir='ltr' id='par_1_68' title="bbox 270 3848 1834 3936">
     <span class='ocr_line' id='line_1_69' title="bbox 270 3848 1834 3936; baseline 0.004 -21"><span class='ocrx_word' id='word_1_476' title='bbox 270 3860 423 3926; x_wconf 84' lang='grc' dir='ltr'><strong>τούς.</strong></span> <span class='ocrx_word' id='word_1_477' title='bbox 449 3860 781 3929; x_wconf 55' lang='lat' dir='ltr'><strong>Auamma.</strong></span> <span class='ocrx_word' id='word_1_478' title='bbox 808 3863 968 3932; x_wconf 80' lang='grc' dir='ltr'>παρὰ</span> <span class='ocrx_word' id='word_1_479' title='bbox 990 3861 1065 3933; x_wconf 80' lang='grc' dir='ltr'>τῇ</span> <span class='ocrx_word' id='word_1_480' title='bbox 1080 3863 1209 3930; x_wconf 83' lang='grc' dir='ltr'>θείᾳ</span> <span class='ocrx_word' id='word_1_481' title='bbox 1230 3863 1463 3935; x_wconf 72' lang='grc' dir='ltr'>Γραφῇ,</span> <span class='ocrx_word' id='word_1_482' title='bbox 1486 3848 1575 3919; x_wconf 77' lang='grc' dir='ltr'><strong>δτὶ</strong></span> <span class='ocrx_word' id='word_1_483' title='bbox 1589 3865 1834 3936; x_wconf 77' lang='grc' dir='ltr'>Μωῢσῆς</span> 
     </span>
    </p>
   </div>
   <div class='ocr_carea' id='block_1_69' title="bbox 1950 3848 3514 3936">
    <p class='ocr_par' dir='ltr' id='par_1_69' title="bbox 1952 3851 3514 3925">
     <span class='ocr_line' id='line_1_70' title="bbox 1952 3851 3514 3925; baseline -0.008 -10"><span class='ocrx_word' id='word_1_484' title='bbox 1952 3858 2246 3915; x_wconf 84' lang='lat' dir='ltr'><strong>Samuelcm</strong></span> <span class='ocrx_word' id='word_1_485' title='bbox 2267 3858 2372 3913; x_wconf 84' lang='lat' dir='ltr'><strong>vita</strong></span> <span class='ocrx_word' id='word_1_486' title='bbox 2398 3873 2511 3911; x_wconf 78' lang='lat' dir='ltr'><strong>esse</strong></span> <span class='ocrx_word' id='word_1_487' title='bbox 2539 3854 2810 3925; x_wconf 80' lang='lat' dir='ltr'><strong>defunctos</strong></span> <span class='ocrx_word' id='word_1_488' title='bbox 2835 3893 2851 3918; x_wconf 94' lang='lat'><strong>,</strong></span> <span class='ocrx_word' id='word_1_489' title='bbox 2882 3853 3140 3924; x_wconf 86' lang='lat' dir='ltr'><strong>quomodo</strong></span> <span class='ocrx_word' id='word_1_490' title='bbox 3171 3869 3290 3923; x_wconf 86' lang='lat' dir='ltr'><strong>ergo</strong></span> <span class='ocrx_word' id='word_1_491' title='bbox 3317 3866 3412 3922; x_wconf 81' lang='lat' dir='ltr'><strong>pro</strong></span> <span class='ocrx_word' id='word_1_492' title='bbox 3449 3851 3514 3904; x_wconf 86' lang='lat' dir='ltr'><strong>iis</strong></span> 
     </span>
    </p>
   </div>
   <div class='ocr_carea' id='block_1_70' title="bbox 275 3946 1839 4025">
    <p class='ocr_par' dir='ltr' id='par_1_70' title="bbox 275 3950 1839 4025">
     <span class='ocr_line' id='line_1_71' title="bbox 275 3950 1839 4025; baseline 0.001 -18"><span class='ocrx_word' id='word_1_493' title='bbox 275 3954 375 4007; x_wconf 75' lang='grc' dir='ltr'>καὶ</span> <span class='ocrx_word' id='word_1_494' title='bbox 417 3951 700 4023; x_wconf 72' lang='grc' dir='ltr'><strong>Σαμουὴλ</strong></span> <span class='ocrx_word' id='word_1_495' title='bbox 740 3953 1068 4010; x_wconf 76' lang='grc' dir='ltr'>ἀπέθανον·</span> <span class='ocrx_word' id='word_1_496' title='bbox 1098 3952 1226 4021; x_wconf 82' lang='grc' dir='ltr'>πῶς</span> <span class='ocrx_word' id='word_1_497' title='bbox 1253 3950 1369 4010; x_wconf 84' lang='grc' dir='ltr'><strong>οὖν</strong></span> <span class='ocrx_word' id='word_1_498' title='bbox 1403 3955 1501 4009; x_wconf 82' lang='grc' dir='ltr'>καὶ</span> <span class='ocrx_word' id='word_1_499' title='bbox 1542 3956 1694 4025; x_wconf 81' lang='grc' dir='ltr'>ὑπὲρ</span> <span class='ocrx_word' id='word_1_500' title='bbox 1729 3955 1839 4010; x_wconf 72' lang='grc' dir='ltr'><strong>τῶν</strong></span> 
     </span>
    </p>
   </div>
   <div class='ocr_carea' id='block_1_71' title="bbox 1953 3946 3517 4025">
    <p class='ocr_par' dir='ltr' id='par_1_71' title="bbox 1953 3946 3517 4024">
     <span class='ocr_line' id='line_1_72' title="bbox 1953 3946 3517 4024; baseline -0.004 -19"><span class='ocrx_word' id='word_1_501' title='bbox 1953 3952 2039 4024; x_wconf 81' lang='lat' dir='ltr'><strong>qui</strong></span> <span class='ocrx_word' id='word_1_502' title='bbox 2066 3952 2278 4006; x_wconf 76' lang='lat' dir='ltr'><strong>minimc</strong></span> <span class='ocrx_word' id='word_1_503' title='bbox 2315 3949 2461 4020; x_wconf 86' lang='lat' dir='ltr'><strong>digni</strong></span> <span class='ocrx_word' id='word_1_504' title='bbox 2494 3957 2656 4012; x_wconf 86' lang='lat' dir='ltr'><strong>sunt,</strong></span> <span class='ocrx_word' id='word_1_505' title='bbox 2697 3956 2852 4001; x_wconf 84' lang='lat' dir='ltr'><strong>orant</strong></span> <span class='ocrx_word' id='word_1_506' title='bbox 2875 3986 2890 4006; x_wconf 86' lang='lat'><strong>,</strong></span> <span class='ocrx_word' id='word_1_507' title='bbox 2930 3946 2975 4000; x_wconf 90' lang='lat' dir='ltr'><strong>si</strong></span> <span class='ocrx_word' id='word_1_508' title='bbox 3003 3962 3093 4016; x_wconf 84' lang='lat' dir='ltr'><strong>per</strong></span> <span class='ocrx_word' id='word_1_509' title='bbox 3123 3962 3211 4000; x_wconf 84' lang='lat' dir='ltr'><strong>vos</strong></span> <span class='ocrx_word' id='word_1_510' title='bbox 3248 3962 3352 3999; x_wconf 83' lang='lat' dir='ltr'><strong>non</strong></span> <span class='ocrx_word' id='word_1_511' title='bbox 3395 3960 3517 4014; x_wconf 83' lang='lat' dir='ltr'><strong>ope-</strong></span> 
     </span>
    </p>
   </div>
   <div class='ocr_carea' id='block_1_72' title="bbox 272 4036 1836 4115">
    <p class='ocr_par' dir='ltr' id='par_1_72' title="bbox 272 4042 1836 4115">
     <span class='ocr_line' id='line_1_73' title="bbox 272 4042 1836 4115; baseline 0.001 -16"><span class='ocrx_word' id='word_1_512' title='bbox 272 4043 538 4109; x_wconf 72' lang='grc' dir='ltr'>ἀναξίων</span> <span class='ocrx_word' id='word_1_513' title='bbox 576 4046 1037 4111; x_wconf 77' lang='grc' dir='ltr'>πρεσϐεύουσιν,</span> <span class='ocrx_word' id='word_1_514' title='bbox 1081 4046 1134 4099; x_wconf 79' lang='grc' dir='ltr'>ει</span> <span class='ocrx_word' id='word_1_515' title='bbox 1163 4044 1292 4100; x_wconf 83' lang='grc' dir='ltr'>καθ’</span> <span class='ocrx_word' id='word_1_516' title='bbox 1337 4042 1494 4115; x_wconf 81' lang='grc' dir='ltr'>ὑμᾶς</span> <span class='ocrx_word' id='word_1_517' title='bbox 1537 4048 1649 4100; x_wconf 84' lang='grc' dir='ltr'><strong>οὐκ</strong></span> <span class='ocrx_word' id='word_1_518' title='bbox 1686 4046 1836 4115; x_wconf 87' lang='grc' dir='ltr'>ἐνερ-</span> 
     </span>
    </p>
   </div>
   <div class='ocr_carea' id='block_1_73' title="bbox 1951 4036 3515 4115">
    <p class='ocr_par' dir='ltr' id='par_1_73' title="bbox 1951 4036 3515 4110">
     <span class='ocr_line' id='line_1_74' title="bbox 1951 4036 3515 4110; baseline -0.004 -12"><span class='ocrx_word' id='word_1_519' title='bbox 1951 4049 2176 4101; x_wconf 84' lang='lat' dir='ltr'><strong>ranturZ</strong></span> <span class='ocrx_word' id='word_1_520' title='bbox 2203 4043 2364 4097; x_wconf 79' lang='lat' dir='ltr'><strong>Hisce</strong></span> <span class='ocrx_word' id='word_1_521' title='bbox 2388 4050 2642 4110; x_wconf 78' lang='lat' dir='ltr'><strong>prwterca</strong></span> <span class='ocrx_word' id='word_1_522' title='bbox 2686 4039 2822 4093; x_wconf 82' lang='lat' dir='ltr'><strong>idem</strong></span> <span class='ocrx_word' id='word_1_523' title='bbox 2850 4036 3012 4092; x_wconf 82' lang='lat' dir='ltr'><strong>Pa&#39;er</strong></span> <span class='ocrx_word' id='word_1_524' title='bbox 3049 4036 3278 4092; x_wconf 80' lang='lat' dir='ltr'><strong>adnecti:</strong></span> <span class='ocrx_word' id='word_1_525' title='bbox 3312 4045 3362 4092; x_wconf 83' lang='lat' dir='ltr'><strong>et</strong></span> <span class='ocrx_word' id='word_1_526' title='bbox 3399 4051 3515 4107; x_wconf 73' lang='lat' dir='ltr'><strong>qua</strong></span> 
     </span>
    </p>
   </div>
   <div class='ocr_carea' id='block_1_74' title="bbox 273 4130 1837 4210">
    <p class='ocr_par' dir='ltr' id='par_1_74' title="bbox 273 4133 1837 4207">
     <span class='ocr_line' id='line_1_75' title="bbox 273 4133 1837 4207; baseline 0.003 -20"><span class='ocrx_word' id='word_1_527' title='bbox 273 4133 492 4206; x_wconf 77' lang='grc' dir='ltr'>τοῦσιν</span> <span class='ocrx_word' id='word_1_528' title='bbox 522 4134 666 4207; x_wconf 74' lang='lat'><strong>(20);</strong></span> <span class='ocrx_word' id='word_1_529' title='bbox 699 4135 808 4190; x_wconf 76' lang='lat' dir='ltr'><strong>Kal</strong></span> <span class='ocrx_word' id='word_1_530' title='bbox 834 4135 1096 4205; x_wconf 66' lang='grc' dir='ltr'>ἐπιφέρει</span> <span class='ocrx_word' id='word_1_531' title='bbox 1123 4137 1308 4192; x_wconf 73' lang='grc' dir='ltr'>πάλιν</span> <span class='ocrx_word' id='word_1_532' title='bbox 1340 4139 1374 4190; x_wconf 80' lang='grc' dir='ltr'><strong>ὁ</strong></span> <span class='ocrx_word' id='word_1_533' title='bbox 1408 4137 1592 4204; x_wconf 84' lang='grc' dir='ltr'>αὐτὸς</span> <span class='ocrx_word' id='word_1_534' title='bbox 1620 4136 1837 4206; x_wconf 78' lang='grc' dir='ltr'>Πατὴρ,</span> 
     </span>
    </p>
   </div>
   <div class='ocr_carea' id='block_1_75' title="bbox 1948 4130 3512 4210">
    <p class='ocr_par' dir='ltr' id='par_1_75' title="bbox 1949 4130 3512 4210">
     <span class='ocr_line' id='line_1_76' title="bbox 1949 4130 3512 4210; baseline -0.006 -18"><span class='ocrx_word' id='word_1_535' title='bbox 1949 4145 2271 4210; x_wconf 82' lang='lat' dir='ltr'><strong>sequuntur:</strong></span> <span class='ocrx_word' id='word_1_536' title='bbox 2305 4133 2363 4189; x_wconf 86' lang='lat' dir='ltr'><strong>Si</strong></span> <span class='ocrx_word' id='word_1_537' title='bbox 2383 4135 2566 4204; x_wconf 88' lang='lat' dir='ltr'><strong>itaque</strong></span> <span class='ocrx_word' id='word_1_538' title='bbox 2585 4173 2601 4198; x_wconf 94' lang='lat'><strong>,</strong></span> <span class='ocrx_word' id='word_1_539' title='bbox 2632 4140 2922 4204; x_wconf 88' lang='lat' dir='ltr'><strong>postquam</strong></span> <span class='ocrx_word' id='word_1_540' title='bbox 2950 4130 3204 4186; x_wconf 79' lang='lat' dir='ltr'><strong>Christus</strong></span> <span class='ocrx_word' id='word_1_541' title='bbox 3228 4130 3512 4200; x_wconf 87' lang='lat' dir='ltr'><strong>apparuit,</strong></span> 
     </span>
    </p>
   </div>
   <div class='ocr_carea' id='block_1_76' title="bbox 272 4223 1836 4302">
    <p class='ocr_par' dir='ltr' id='par_1_76' title="bbox 272 4225 1836 4301">
     <span class='ocr_line' id='line_1_77' title="bbox 272 4225 1836 4301; baseline 0.001 -21"><span class='ocrx_word' id='word_1_542' title='bbox 272 4226 373 4280; x_wconf 71' lang='grc' dir='ltr'><strong>καί</strong></span> <span class='ocrx_word' id='word_1_543' title='bbox 393 4226 604 4295; x_wconf 70' lang='grc' dir='ltr'>φησίν-⁸</span> <span class='ocrx_word' id='word_1_544' title='bbox 640 4227 703 4279; x_wconf 79' lang='grc' dir='ltr'><strong>Εἰ</strong></span> <span class='ocrx_word' id='word_1_545' title='bbox 726 4227 783 4280; x_wconf 81' lang='grc' dir='ltr'>δὲ</span> <span class='ocrx_word' id='word_1_546' title='bbox 811 4227 897 4281; x_wconf 80' lang='grc' dir='ltr'><strong>διὰ</strong></span> <span class='ocrx_word' id='word_1_547' title='bbox 919 4226 1020 4298; x_wconf 82' lang='grc' dir='ltr'>τῆς</span> <span class='ocrx_word' id='word_1_548' title='bbox 1044 4225 1138 4280; x_wconf 88' lang='grc' dir='ltr'><strong>τοῦ</strong></span> <span class='ocrx_word' id='word_1_549' title='bbox 1158 4226 1396 4301; x_wconf 78' lang='grc' dir='ltr'>Χριστοῦ</span> <span class='ocrx_word' id='word_1_550' title='bbox 1423 4228 1745 4298; x_wconf 79' lang='grc' dir='ltr'>ἐπιφανείας</span> <span class='ocrx_word' id='word_1_551' title='bbox 1763 4229 1836 4292; x_wconf 84' lang='grc' dir='ltr'><strong>είς</strong></span> 
     </span>
    </p>
   </div>
   <div class='ocr_carea' id='block_1_77' title="bbox 1949 4223 3513 4302">
    <p class='ocr_par' dir='ltr' id='par_1_77' title="bbox 1949 4223 3513 4302">
     <span class='ocr_line' id='line_1_78' title="bbox 1949 4223 3513 4302; baseline -0.007 -15"><span class='ocrx_word' id='word_1_552' title='bbox 1949 4232 2003 4287; x_wconf 90' lang='lat' dir='ltr'><strong>in</strong></span> <span class='ocrx_word' id='word_1_553' title='bbox 2063 4229 2374 4302; x_wconf 85' lang='lat' dir='ltr'><strong>paradisum</strong></span> <span class='ocrx_word' id='word_1_554' title='bbox 2432 4243 2605 4299; x_wconf 73' lang='lat' dir='ltr'><strong>genus</strong></span> <span class='ocrx_word' id='word_1_555' title='bbox 2651 4227 2948 4281; x_wconf 90' lang='lat' dir='ltr'><strong>humanum</strong></span> <span class='ocrx_word' id='word_1_556' title='bbox 2997 4223 3330 4291; x_wconf 80' lang='lat' dir='ltr'><strong>introducit;</strong></span> <span class='ocrx_word' id='word_1_557' title='bbox 3388 4239 3513 4278; x_wconf 90' lang='lat' dir='ltr'><strong>cum</strong></span> 
     </span>
    </p>
   </div>
   <div class='ocr_carea' id='block_1_78' title="bbox 271 4313 1835 4392">
    <p class='ocr_par' dir='ltr' id='par_1_78' title="bbox 271 4316 1835 4392">
     <span class='ocr_line' id='line_1_79' title="bbox 271 4316 1835 4392; baseline 0.002 -21"><span class='ocrx_word' id='word_1_558' title='bbox 271 4316 367 4371; x_wconf 80' lang='grc' dir='ltr'>τὸν</span> <span class='ocrx_word' id='word_1_559' title='bbox 429 4317 751 4387; x_wconf 76' lang='grc' dir='ltr'>παράδεισον</span> <span class='ocrx_word' id='word_1_560' title='bbox 814 4319 875 4372; x_wconf 81' lang='grc' dir='ltr'>τὸ</span> <span class='ocrx_word' id='word_1_561' title='bbox 929 4318 1041 4373; x_wconf 85' lang='grc' dir='ltr'><strong>τῶν</strong></span> <span class='ocrx_word' id='word_1_562' title='bbox 1109 4319 1409 4392; x_wconf 84' lang='grc' dir='ltr'>ἀνθρώπων</span> <span class='ocrx_word' id='word_1_563' title='bbox 1485 4320 1692 4390; x_wconf 78' lang='grc' dir='ltr'>εἰσάγει</span> <span class='ocrx_word' id='word_1_564' title='bbox 1750 4320 1835 4390; x_wconf 82' lang='grc' dir='ltr'><strong>γέ-</strong></span> 
     </span>
    </p>
   </div>
   <div class='ocr_carea' id='block_1_79' title="bbox 1951 4313 3515 4392">
    <p class='ocr_par' dir='ltr' id='par_1_79' title="bbox 1951 4313 3515 4392">
     <span class='ocr_line' id='line_1_80' title="bbox 1951 4313 3515 4392; baseline -0.004 -14"><span class='ocrx_word' id='word_1_565' title='bbox 1951 4337 2077 4392; x_wconf 76' lang='lat' dir='ltr'><strong>vero</strong></span> <span class='ocrx_word' id='word_1_566' title='bbox 2106 4321 2257 4376; x_wconf 90' lang='lat' dir='ltr'><strong>cruci</strong></span> <span class='ocrx_word' id='word_1_567' title='bbox 2286 4318 2478 4374; x_wconf 76' lang='lat' dir='ltr'><strong>aﬂlxus</strong></span> <span class='ocrx_word' id='word_1_568' title='bbox 2510 4326 2633 4384; x_wconf 88' lang='lat' dir='ltr'><strong>est,</strong></span> <span class='ocrx_word' id='word_1_569' title='bbox 2670 4320 2941 4373; x_wconf 90' lang='lat' dir='ltr'><strong>latronem</strong></span> <span class='ocrx_word' id='word_1_570' title='bbox 2973 4316 3154 4371; x_wconf 85' lang='lat' dir='ltr'><strong>statim</strong></span> <span class='ocrx_word' id='word_1_571' title='bbox 3186 4313 3376 4370; x_wconf 85' lang='lat' dir='ltr'><strong>eodem</strong></span> <span class='ocrx_word' id='word_1_572' title='bbox 3428 4315 3515 4371; x_wconf 82' lang='lat' dir='ltr'><strong>die</strong></span> 
     </span>
    </p>
   </div>
   <div class='ocr_carea' id='block_1_80' title="bbox 271 4389 1835 4486">
    <p class='ocr_par' dir='ltr' id='par_1_80' title="bbox 271 4389 1835 4486">
     <span class='ocr_line' id='line_1_81' title="bbox 271 4389 1835 4486; baseline 0.002 -24"><span class='ocrx_word' id='word_1_573' title='bbox 271 4425 384 4474; x_wconf 88' lang='grc' dir='ltr'>νος,</span> <span class='ocrx_word' id='word_1_574' title='bbox 434 4409 669 4482; x_wconf 80' lang='grc' dir='ltr'>ὁπηνίκα</span> <span class='ocrx_word' id='word_1_575' title='bbox 699 4410 755 4465; x_wconf 83' lang='grc' dir='ltr'>δὲ</span> <span class='ocrx_word' id='word_1_576' title='bbox 786 4410 1131 4484; x_wconf 75' lang='grc' dir='ltr'>ἐσταυρώθη,</span> <span class='ocrx_word' id='word_1_577' title='bbox 1174 4389 1265 4465; x_wconf 67' lang='grc' dir='ltr'><strong>τὸν</strong></span> <span class='ocrx_word' id='word_1_578' title='bbox 1309 4410 1511 4486; x_wconf 76' lang='grc' dir='ltr'>λῃστὴν</span> <span class='ocrx_word' id='word_1_579' title='bbox 1538 4389 1835 4484; x_wconf 68' lang='grc' dir='ltr'>αὐθημεροι</span> 
     </span>
    </p>
   </div>
   <div class='ocr_carea' id='block_1_81' title="bbox 1951 4389 3515 4486">
    <p class='ocr_par' dir='ltr' id='par_1_81' title="bbox 1951 4389 3515 4480">
     <span class='ocr_line' id='line_1_82' title="bbox 1951 4389 3515 4480; baseline -0.005 -12"><span class='ocrx_word' id='word_1_580' title='bbox 1951 4412 2004 4467; x_wconf 94' lang='lat' dir='ltr'><strong>in</strong></span> <span class='ocrx_word' id='word_1_581' title='bbox 2020 4389 2184 4468; x_wconf 56' lang='lat' dir='ltr'><strong>illum</strong></span> <span class='ocrx_word' id='word_1_582' title='bbox 2209 4409 2648 4466; x_wconf 75' lang='lat' dir='ltr'><strong>introducturum</strong></span> <span class='ocrx_word' id='word_1_583' title='bbox 2678 4425 2736 4465; x_wconf 90' lang='lat' dir='ltr'><strong>se</strong></span> <span class='ocrx_word' id='word_1_584' title='bbox 2760 4407 3012 4480; x_wconf 89' lang='lat' dir='ltr'><strong>promisit</strong></span> <span class='ocrx_word' id='word_1_585' title='bbox 3032 4447 3048 4469; x_wconf 88' lang='lat'><strong>,</strong></span> <span class='ocrx_word' id='word_1_586' title='bbox 3080 4420 3310 4476; x_wconf 88' lang='lat' dir='ltr'><strong>corpore</strong></span> <span class='ocrx_word' id='word_1_587' title='bbox 3337 4405 3515 4461; x_wconf 89' lang='lat' dir='ltr'><strong>adhuc</strong></span> 
     </span>
    </p>
   </div>
   <div class='ocr_carea' id='block_1_82' title="bbox 270 4462 1834 4576">
    <p class='ocr_par' dir='ltr' id='par_1_82' title="bbox 270 4462 1834 4576">
     <span class='ocr_line' id='line_1_83' title="bbox 270 4462 1834 4576; baseline 0.001 -21"><span class='ocrx_word' id='word_1_588' title='bbox 270 4462 511 4569; x_wconf 60' lang='grc' dir='ltr'>ιιᾶὰξειν</span> <span class='ocrx_word' id='word_1_589' title='bbox 530 4462 721 4557; x_wconf 42' lang='lat' dir='ltr'><strong>ius;</strong></span> <span class='ocrx_word' id='word_1_590' title='bbox 734 4462 1185 4576; x_wconf 32' lang='lat' dir='ltr'><strong>gestas...</strong></span> <span class='ocrx_word' id='word_1_591' title='bbox 1221 4462 1834 4574; x_wconf 47' lang='lat' dir='ltr'><strong>satissggrrgg.‘</strong></span> 
     </span>
    </p>
   </div>
   <div class='ocr_carea' id='block_1_83' title="bbox 1948 4462 3512 4576">
    <p class='ocr_par' dir='ltr' id='par_1_83' title="bbox 1948 4462 3512 4575">
     <span class='ocr_line' id='line_1_84' title="bbox 1948 4462 3512 4575; baseline -0.006 -15"><span class='ocrx_word' id='word_1_592' title='bbox 1948 4506 2092 4561; x_wconf 89' lang='lat' dir='ltr'><strong>intra</strong></span> <span class='ocrx_word' id='word_1_593' title='bbox 2120 4504 2429 4575; x_wconf 89' lang='lat' dir='ltr'><strong>sepulcrum</strong></span> <span class='ocrx_word' id='word_1_594' title='bbox 2461 4501 2734 4556; x_wconf 87' lang='lat' dir='ltr'><strong>involuto:</strong></span> <span class='ocrx_word' id='word_1_595' title='bbox 2760 4462 2974 4555; x_wconf 61' lang='lat' dir='ltr'><strong>constat</strong></span> <span class='ocrx_word' id='word_1_596' title='bbox 2995 4499 3062 4554; x_wconf 90' lang='lat' dir='ltr'><strong>ab</strong></span> <span class='ocrx_word' id='word_1_597' title='bbox 3088 4499 3269 4554; x_wconf 85' lang='lat' dir='ltr'><strong>anima</strong></span> <span class='ocrx_word' id='word_1_598' title='bbox 3287 4498 3512 4559; x_wconf 88' lang='lat' dir='ltr'><strong>Christi,</strong></span> 
     </span>
    </p>
   </div>
   <div class='ocr_carea' id='block_1_84' title="bbox 267 4591 1831 4672">
    <p class='ocr_par' dir='ltr' id='par_1_84' title="bbox 267 4592 1831 4668">
     <span class='ocr_line' id='line_1_85' title="bbox 267 4592 1831 4668; baseline 0.001 -22"><span class='ocrx_word' id='word_1_599' title='bbox 267 4592 544 4664; x_wconf 70' lang='grc' dir='ltr'>ϐλημένου</span> <span class='ocrx_word' id='word_1_600' title='bbox 588 4593 664 4665; x_wconf 84' lang='grc' dir='ltr'>τῷ</span> <span class='ocrx_word' id='word_1_601' title='bbox 700 4597 960 4668; x_wconf 78' lang='grc' dir='ltr'><strong>μνήματι,</strong></span> <span class='ocrx_word' id='word_1_602' title='bbox 1009 4594 1356 4666; x_wconf 82' lang='grc' dir='ltr'>συνέστηκεν,</span> <span class='ocrx_word' id='word_1_603' title='bbox 1407 4596 1488 4649; x_wconf 85' lang='grc' dir='ltr'>ὅτι</span> <span class='ocrx_word' id='word_1_604' title='bbox 1539 4594 1831 4649; x_wconf 84' lang='grc' dir='ltr'>συνδιαιτω-</span> 
     </span>
    </p>
   </div>
   <div class='ocr_carea' id='block_1_85' title="bbox 1950 4591 3514 4672">
    <p class='ocr_par' dir='ltr' id='par_1_85' title="bbox 1950 4591 3514 4672">
     <span class='ocr_line' id='line_1_86' title="bbox 1950 4591 3514 4672; baseline -0.004 -20"><span class='ocrx_word' id='word_1_605' title='bbox 1950 4613 2068 4672; x_wconf 67' lang='lat' dir='ltr'><strong>qua:</strong></span> <span class='ocrx_word' id='word_1_606' title='bbox 2100 4595 2318 4668; x_wconf 89' lang='lat' dir='ltr'><strong>proprie</strong></span> <span class='ocrx_word' id='word_1_607' title='bbox 2345 4610 2468 4649; x_wconf 91' lang='lat' dir='ltr'><strong>cum</strong></span> <span class='ocrx_word' id='word_1_608' title='bbox 2502 4592 2611 4649; x_wconf 88' lang='lat' dir='ltr'><strong>Deo</strong></span> <span class='ocrx_word' id='word_1_609' title='bbox 2650 4603 2705 4649; x_wconf 92' lang='lat' dir='ltr'><strong>et</strong></span> <span class='ocrx_word' id='word_1_610' title='bbox 2730 4591 2912 4648; x_wconf 81' lang='lat' dir='ltr'><strong>Verbo</strong></span> <span class='ocrx_word' id='word_1_611' title='bbox 2950 4608 3040 4647; x_wconf 85' lang='lat' dir='ltr'><strong>res</strong></span> <span class='ocrx_word' id='word_1_612' title='bbox 3070 4606 3260 4647; x_wconf 88' lang='lat' dir='ltr'><strong>omnes</strong></span> <span class='ocrx_word' id='word_1_613' title='bbox 3301 4598 3514 4646; x_wconf 85' lang='lat' dir='ltr'><strong>creatas</strong></span> 
     </span>
    </p>
   </div>
   <div class='ocr_carea' id='block_1_86' title="bbox 275 4672 1839 4759">
    <p class='ocr_par' dir='ltr' id='par_1_86' title="bbox 275 4683 1839 4759">
     <span class='ocr_line' id='line_1_87' title="bbox 275 4683 1839 4759; baseline 0.002 -22"><span class='ocrx_word' id='word_1_614' title='bbox 275 4683 415 4755; x_wconf 76' lang='grc' dir='ltr'>μένη</span> <span class='ocrx_word' id='word_1_615' title='bbox 443 4685 644 4757; x_wconf 88' lang='grc' dir='ltr'>κυρίως</span> <span class='ocrx_word' id='word_1_616' title='bbox 671 4687 703 4758; x_wconf 78' lang='grc' dir='ltr'><strong>ἡ</strong></span> <span class='ocrx_word' id='word_1_617' title='bbox 736 4684 877 4757; x_wconf 75' lang='grc' dir='ltr'>ψυχὴ</span> <span class='ocrx_word' id='word_1_618' title='bbox 906 4684 999 4739; x_wconf 88' lang='grc' dir='ltr'><strong>τοῦ</strong></span> <span class='ocrx_word' id='word_1_619' title='bbox 1033 4684 1265 4759; x_wconf 81' lang='grc' dir='ltr'>Χριστοῦ</span> <span class='ocrx_word' id='word_1_620' title='bbox 1293 4685 1372 4758; x_wconf 84' lang='grc' dir='ltr'>τῷ</span> <span class='ocrx_word' id='word_1_621' title='bbox 1400 4686 1558 4757; x_wconf 84' lang='grc' dir='ltr'><strong>Λόγῳ</strong></span> <span class='ocrx_word' id='word_1_622' title='bbox 1590 4687 1684 4741; x_wconf 76' lang='grc' dir='ltr'>καὶ</span> <span class='ocrx_word' id='word_1_623' title='bbox 1707 4687 1839 4759; x_wconf 81' lang='grc' dir='ltr'>Θεῷ,</span> 
     </span>
    </p>
   </div>
   <div class='ocr_carea' id='block_1_87' title="bbox 1951 4672 3515 4759">
    <p class='ocr_par' dir='ltr' id='par_1_87' title="bbox 1951 4684 3515 4752">
     <span class='ocr_line' id='line_1_88' title="bbox 1951 4684 3515 4752; baseline -0.005 -7"><span class='ocrx_word' id='word_1_624' title='bbox 1951 4690 2003 4744; x_wconf 93' lang='lat' dir='ltr'><strong>in</strong></span> <span class='ocrx_word' id='word_1_625' title='bbox 2032 4704 2091 4745; x_wconf 91' lang='lat' dir='ltr'><strong>se</strong></span> <span class='ocrx_word' id='word_1_626' title='bbox 2123 4688 2438 4743; x_wconf 82' lang='lat' dir='ltr'><strong>continente</strong></span> <span class='ocrx_word' id='word_1_627' title='bbox 2478 4694 2871 4752; x_wconf 88' lang='lat' dir='ltr'><strong>commoratur,</strong></span> <span class='ocrx_word' id='word_1_628' title='bbox 2910 4696 3101 4740; x_wconf 84' lang='lat' dir='ltr'><strong>natura</strong></span> <span class='ocrx_word' id='word_1_629' title='bbox 3138 4684 3243 4741; x_wconf 91' lang='lat' dir='ltr'><strong>sibi</strong></span> <span class='ocrx_word' id='word_1_630' title='bbox 3280 4684 3515 4740; x_wconf 90' lang='lat' dir='ltr'><strong>similem</strong></span> 
     </span>
    </p>
   </div>
   <div class='ocr_carea' id='block_1_88' title="bbox 269 4774 1833 4851">
    <p class='ocr_par' dir='ltr' id='par_1_88' title="bbox 269 4776 1833 4851">
     <span class='ocr_line' id='line_1_89' title="bbox 269 4776 1833 4851; baseline 0.003 -23"><span class='ocrx_word' id='word_1_631' title='bbox 269 4777 348 4849; x_wconf 82' lang='grc' dir='ltr'><strong>τῷ</strong></span> <span class='ocrx_word' id='word_1_632' title='bbox 382 4778 560 4830; x_wconf 76' lang='grc' dir='ltr'>πᾶσαν</span> <span class='ocrx_word' id='word_1_633' title='bbox 605 4776 739 4847; x_wconf 86' lang='grc' dir='ltr'>ὁμοῦ</span> <span class='ocrx_word' id='word_1_634' title='bbox 772 4778 868 4851; x_wconf 81' lang='grc' dir='ltr'>τὴν</span> <span class='ocrx_word' id='word_1_635' title='bbox 900 4777 1008 4830; x_wconf 87' lang='grc' dir='ltr'><strong>τῶν</strong></span> <span class='ocrx_word' id='word_1_636' title='bbox 1039 4777 1279 4849; x_wconf 84' lang='grc' dir='ltr'>γενητῶν</span> <span class='ocrx_word' id='word_1_637' title='bbox 1308 4778 1614 4851; x_wconf 82' lang='grc' dir='ltr'>περιέχοντι</span> <span class='ocrx_word' id='word_1_638' title='bbox 1649 4779 1833 4833; x_wconf 84' lang='grc' dir='ltr'>κτίσιν.</span> 
     </span>
    </p>
   </div>
   <div class='ocr_carea' id='block_1_89' title="bbox 1948 4774 3512 4851">
    <p class='ocr_par' dir='ltr' id='par_1_89' title="bbox 1948 4774 3512 4850">
     <span class='ocr_line' id='line_1_90' title="bbox 1948 4774 3512 4850; baseline -0.004 -14"><span class='ocrx_word' id='word_1_639' title='bbox 1948 4781 2187 4838; x_wconf 89' lang='lat' dir='ltr'><strong>hominis</strong></span> <span class='ocrx_word' id='word_1_640' title='bbox 2209 4781 2447 4836; x_wconf 88' lang='lat' dir='ltr'><strong>animam</strong></span> <span class='ocrx_word' id='word_1_641' title='bbox 2487 4780 2543 4835; x_wconf 91' lang='lat' dir='ltr'><strong>in</strong></span> <span class='ocrx_word' id='word_1_642' title='bbox 2573 4777 2888 4850; x_wconf 84' lang='lat' dir='ltr'><strong>paradisum</strong></span> <span class='ocrx_word' id='word_1_643' title='bbox 2922 4777 3127 4833; x_wconf 87' lang='lat' dir='ltr'><strong>illatam</strong></span> <span class='ocrx_word' id='word_1_644' title='bbox 3173 4775 3378 4832; x_wconf 63' lang='lat' dir='ltr'><strong>fuisse:</strong></span> <span class='ocrx_word' id='word_1_645' title='bbox 3394 4774 3512 4830; x_wconf 85' lang='lat' dir='ltr'><strong>Non</strong></span> 
     </span>
    </p>
   </div>
   <div class='ocr_carea' id='block_1_90' title="bbox 268 4868 1832 4944">
    <p class='ocr_par' dir='ltr' id='par_1_90' title="bbox 268 4868 1832 4944">
     <span class='ocr_line' id='line_1_91' title="bbox 268 4868 1832 4944; baseline 0.001 -22"><span class='ocrx_word' id='word_1_646' title='bbox 268 4868 371 4941; x_wconf 78' lang='grc' dir='ltr'>τὴν</span> <span class='ocrx_word' id='word_1_647' title='bbox 396 4870 628 4941; x_wconf 83' lang='grc' dir='ltr'>ὁμογενῆ</span> <span class='ocrx_word' id='word_1_648' title='bbox 657 4869 751 4923; x_wconf 87' lang='grc' dir='ltr'><strong>τοῦ</strong></span> <span class='ocrx_word' id='word_1_649' title='bbox 779 4869 1067 4942; x_wconf 82' lang='grc' dir='ltr'>ἀνθρώπου</span> <span class='ocrx_word' id='word_1_650' title='bbox 1096 4868 1272 4941; x_wconf 75' lang='grc' dir='ltr'>ψυχὴν</span> <span class='ocrx_word' id='word_1_651' title='bbox 1299 4872 1378 4934; x_wconf 78' lang='grc' dir='ltr'>εἰς</span> <span class='ocrx_word' id='word_1_652' title='bbox 1406 4869 1497 4924; x_wconf 80' lang='grc' dir='ltr'>τὸν</span> <span class='ocrx_word' id='word_1_653' title='bbox 1525 4870 1832 4944; x_wconf 63' lang='grc' dir='ltr'>παράδεισοι</span> 
     </span>
    </p>
   </div>
   <div class='ocr_carea' id='block_1_91' title="bbox 1951 4868 3515 4944">
    <p class='ocr_par' dir='ltr' id='par_1_91' title="bbox 1951 4868 3515 4944">
     <span class='ocr_line' id='line_1_92' title="bbox 1951 4868 3515 4944; baseline -0.004 -15"><span class='ocrx_word' id='word_1_654' title='bbox 1951 4874 2095 4929; x_wconf 90' lang='lat' dir='ltr'><strong>enim</strong></span> <span class='ocrx_word' id='word_1_655' title='bbox 2123 4873 2387 4944; x_wconf 91' lang='lat' dir='ltr'><strong>scriptum</strong></span> <span class='ocrx_word' id='word_1_656' title='bbox 2419 4878 2541 4935; x_wconf 91' lang='lat' dir='ltr'><strong>est,</strong></span> <span class='ocrx_word' id='word_1_657' title='bbox 2585 4879 2711 4926; x_wconf 88' lang='lat' dir='ltr'><strong>ante</strong></span> <span class='ocrx_word' id='word_1_658' title='bbox 2771 4869 2946 4925; x_wconf 89' lang='lat' dir='ltr'><strong>sancti</strong></span> <span class='ocrx_word' id='word_1_659' title='bbox 2976 4868 3224 4940; x_wconf 90' lang='lat' dir='ltr'><strong>corporis</strong></span> <span class='ocrx_word' id='word_1_660' title='bbox 3264 4883 3515 4924; x_wconf 85' lang='lat' dir='ltr'><strong>resurre-</strong></span> 
     </span>
    </p>
   </div>
   <div class='ocr_carea' id='block_1_92' title="bbox 267 4962 1831 5037">
    <p class='ocr_par' dir='ltr' id='par_1_92' title="bbox 267 4962 1831 5037">
     <span class='ocr_line' id='line_1_93' title="bbox 267 4962 1831 5037; baseline 0.007 -21"><span class='ocrx_word' id='word_1_661' title='bbox 267 4962 581 5033; x_wconf 76' lang='grc' dir='ltr'>εἰσήγαγεν.</span> <span class='ocrx_word' id='word_1_662' title='bbox 612 4962 744 5016; x_wconf 80' lang='grc' dir='ltr'><strong>υὺδὲ</strong></span> <span class='ocrx_word' id='word_1_663' title='bbox 768 4962 876 5032; x_wconf 88' lang='grc' dir='ltr'><strong>γάρ</strong></span> <span class='ocrx_word' id='word_1_664' title='bbox 901 4964 1047 5018; x_wconf 77' lang='grc' dir='ltr'>ἐστιν</span> <span class='ocrx_word' id='word_1_665' title='bbox 1069 4962 1473 5034; x_wconf 80' lang='grc' dir='ltr'>γεγραμμένον,</span> <span class='ocrx_word' id='word_1_666' title='bbox 1499 4963 1580 5017; x_wconf 83' lang='grc' dir='ltr'>ὅτι</span> <span class='ocrx_word' id='word_1_667' title='bbox 1608 4962 1713 5037; x_wconf 84' lang='grc' dir='ltr'>πρὸ</span> <span class='ocrx_word' id='word_1_668' title='bbox 1744 4962 1831 5034; x_wconf 77' lang='grc' dir='ltr'>τῆς</span> 
     </span>
    </p>
   </div>
   <div class='ocr_carea' id='block_1_93' title="bbox 1951 4962 3515 5037">
    <p class='ocr_par' dir='ltr' id='par_1_93' title="bbox 1951 4962 3515 5033">
     <span class='ocr_line' id='line_1_94' title="bbox 1951 4962 3515 5033; baseline -0.004 -14"><span class='ocrx_word' id='word_1_669' title='bbox 1951 4963 2181 5019; x_wconf 77' lang='lat' dir='ltr'><strong>stionem</strong></span> <span class='ocrx_word' id='word_1_670' title='bbox 2212 4977 2412 5033; x_wconf 90' lang='lat' dir='ltr'><strong>corpus</strong></span> <span class='ocrx_word' id='word_1_671' title='bbox 2443 4962 2669 5017; x_wconf 88' lang='lat' dir='ltr'><strong>latronis</strong></span> <span class='ocrx_word' id='word_1_672' title='bbox 2694 4962 2748 5016; x_wconf 94' lang='lat' dir='ltr'><strong>in</strong></span> <span class='ocrx_word' id='word_1_673' title='bbox 2776 4963 2940 5016; x_wconf 88' lang='lat' dir='ltr'><strong>vitam</strong></span> <span class='ocrx_word' id='word_1_674' title='bbox 2988 4968 3301 5017; x_wconf 82' lang='lat' dir='ltr'><strong>revocatum</strong></span> <span class='ocrx_word' id='word_1_675' title='bbox 3322 5000 3338 5026; x_wconf 92' lang='lat'><strong>,</strong></span> <span class='ocrx_word' id='word_1_676' title='bbox 3388 4975 3515 5031; x_wconf 86' lang='lat' dir='ltr'><strong>pro-</strong></span> 
     </span>
    </p>
   </div>
   <div class='ocr_carea' id='block_1_94' title="bbox 269 5053 1833 5130">
    <p class='ocr_par' dir='ltr' id='par_1_94' title="bbox 269 5053 1829 5130">
     <span class='ocr_line' id='line_1_95' title="bbox 269 5053 1829 5130; baseline 0.003 -23"><span class='ocrx_word' id='word_1_677' title='bbox 269 5054 617 5119; x_wconf 73' lang='grc' dir='ltr'>ἀναστάσεως</span> <span class='ocrx_word' id='word_1_678' title='bbox 643 5055 735 5109; x_wconf 89' lang='grc' dir='ltr'><strong>τοῦ</strong></span> <span class='ocrx_word' id='word_1_679' title='bbox 760 5055 914 5125; x_wconf 84' lang='grc' dir='ltr'>ἁγίου</span> <span class='ocrx_word' id='word_1_680' title='bbox 959 5053 1208 5127; x_wconf 84' lang='grc' dir='ltr'>σώματος</span> <span class='ocrx_word' id='word_1_681' title='bbox 1236 5055 1297 5109; x_wconf 84' lang='grc' dir='ltr'><strong>τὸ</strong></span> <span class='ocrx_word' id='word_1_682' title='bbox 1316 5054 1409 5109; x_wconf 88' lang='grc' dir='ltr'><strong>τοῦ</strong></span> <span class='ocrx_word' id='word_1_683' title='bbox 1437 5056 1632 5128; x_wconf 79' lang='grc' dir='ltr'>λῃστοῦ</span> <span class='ocrx_word' id='word_1_684' title='bbox 1672 5074 1829 5130; x_wconf 88' lang='grc' dir='ltr'>προη-</span> 
     </span>
    </p>
   </div>
   <div class='ocr_carea' id='block_1_95' title="bbox 1950 5053 3514 5130">
    <p class='ocr_par' dir='ltr' id='par_1_95' title="bbox 1950 5054 3514 5129">
     <span class='ocr_line' id='line_1_96' title="bbox 1950 5054 3514 5129; baseline -0.003 -17"><span class='ocrx_word' id='word_1_685' title='bbox 1950 5055 2100 5113; x_wconf 90' lang='lat' dir='ltr'><strong>missi</strong></span> <span class='ocrx_word' id='word_1_686' title='bbox 2125 5072 2350 5128; x_wconf 88' lang='lat' dir='ltr'><strong>compos</strong></span> <span class='ocrx_word' id='word_1_687' title='bbox 2379 5057 2579 5109; x_wconf 81' lang='lat' dir='ltr'><strong>factum</strong></span> <span class='ocrx_word' id='word_1_688' title='bbox 2611 5055 2802 5111; x_wconf 83' lang='lat' dir='ltr'><strong>fuisse.</strong></span> <span class='ocrx_word' id='word_1_689' title='bbox 2838 5055 3361 5129; x_wconf 77' lang='lat' dir='ltr'><strong>Consequensergo</strong></span> <span class='ocrx_word' id='word_1_690' title='bbox 3395 5054 3514 5109; x_wconf 80' lang='lat' dir='ltr'><strong>rue-</strong></span> 
     </span>
    </p>
   </div>
   <div class='ocr_carea' id='block_1_96' title="bbox 268 5146 1832 5220">
    <p class='ocr_par' dir='ltr' id='par_1_96' title="bbox 268 5146 1832 5220">
     <span class='ocr_line' id='line_1_97' title="bbox 268 5146 1832 5220; baseline 0.002 -19"><span class='ocrx_word' id='word_1_691' title='bbox 268 5146 442 5218; x_wconf 79' lang='grc' dir='ltr'>γέρθη</span> <span class='ocrx_word' id='word_1_692' title='bbox 490 5148 647 5220; x_wconf 81' lang='grc' dir='ltr'>σῶμα</span> <span class='ocrx_word' id='word_1_693' title='bbox 676 5148 775 5220; x_wconf 83' lang='grc' dir='ltr'>τὴν</span> <span class='ocrx_word' id='word_1_694' title='bbox 822 5149 1150 5218; x_wconf 79' lang='grc' dir='ltr'>ἐπαγγελίαν</span> <span class='ocrx_word' id='word_1_695' title='bbox 1193 5148 1482 5205; x_wconf 77' lang='grc' dir='ltr'>ἀπολαϐόν.</span> <span class='ocrx_word' id='word_1_696' title='bbox 1525 5148 1832 5204; x_wconf 70' lang='grc' dir='ltr'>Ἀκὸλουθον</span> 
     </span>
    </p>
   </div>
   <div class='ocr_carea' id='block_1_97' title="bbox 1944 5146 3508 5220">
    <p class='ocr_par' dir='ltr' id='par_1_97' title="bbox 1944 5148 3508 5219">
     <span class='ocr_line' id='line_1_98' title="bbox 1944 5148 3508 5219; baseline -0.003 -16"><span class='ocrx_word' id='word_1_697' title='bbox 1944 5151 2054 5213; x_wconf 91' lang='lat' dir='ltr'><strong>rit,</strong></span> <span class='ocrx_word' id='word_1_698' title='bbox 2109 5150 2155 5204; x_wconf 87' lang='lat' dir='ltr'><strong>si</strong></span> <span class='ocrx_word' id='word_1_699' title='bbox 2188 5158 2344 5204; x_wconf 86' lang='lat' dir='ltr'><strong>caute</strong></span> <span class='ocrx_word' id='word_1_700' title='bbox 2365 5164 2476 5204; x_wconf 90' lang='lat' dir='ltr'><strong>rem</strong></span> <span class='ocrx_word' id='word_1_701' title='bbox 2507 5148 2811 5219; x_wconf 75' lang='lat' dir='ltr'><strong>intelligere</strong></span> <span class='ocrx_word' id='word_1_702' title='bbox 2851 5148 3144 5212; x_wconf 85' lang='lat' dir='ltr'><strong>volumus,</strong></span> <span class='ocrx_word' id='word_1_703' title='bbox 3190 5148 3426 5200; x_wconf 90' lang='lat' dir='ltr'><strong>animam</strong></span> <span class='ocrx_word' id='word_1_704' title='bbox 3480 5161 3508 5198; x_wconf 86' lang='lat' dir='ltr'><strong>a</strong></span> 
     </span>
    </p>
   </div>
   <div class='ocr_carea' id='block_1_98' title="bbox 255 5236 1819 5315">
    <p class='ocr_par' dir='ltr' id='par_1_98' title="bbox 255 5239 1819 5315">
     <span class='ocr_line' id='line_1_99' title="bbox 255 5239 1819 5315; baseline 0 -20"><span class='ocrx_word' id='word_1_705' title='bbox 255 5240 378 5313; x_wconf 66' lang='grc' dir='ltr'>ἄρα</span> <span class='ocrx_word' id='word_1_706' title='bbox 418 5239 564 5293; x_wconf 72' lang='grc' dir='ltr'>ἐστὶν</span> <span class='ocrx_word' id='word_1_707' title='bbox 608 5239 1007 5313; x_wconf 75' lang='grc' dir='ltr'>ὑπολαμϐάνειν</span> <span class='ocrx_word' id='word_1_708' title='bbox 1052 5241 1359 5313; x_wconf 77' lang='grc' dir='ltr'>ἐμφρόνως,</span> <span class='ocrx_word' id='word_1_709' title='bbox 1390 5242 1470 5295; x_wconf 68' lang='grc' dir='ltr'><strong>ὅτι</strong></span> <span class='ocrx_word' id='word_1_710' title='bbox 1497 5243 1531 5313; x_wconf 77' lang='grc' dir='ltr'>ἡ</span> <span class='ocrx_word' id='word_1_711' title='bbox 1574 5241 1720 5314; x_wconf 75' lang='grc' dir='ltr'>ψυχὴ</span> <span class='ocrx_word' id='word_1_712' title='bbox 1740 5242 1819 5315; x_wconf 64' lang='grc' dir='ltr'><strong>τὴε</strong></span> 
     </span>
    </p>
   </div>
   <div class='ocr_carea' id='block_1_99' title="bbox 1944 5236 3508 5315">
    <p class='ocr_par' dir='ltr' id='par_1_99' title="bbox 1944 5236 3508 5312">
     <span class='ocr_line' id='line_1_100' title="bbox 1944 5236 3508 5312; baseline -0.004 -16"><span class='ocrx_word' id='word_1_713' title='bbox 1944 5251 2171 5312; x_wconf 81' lang='lat' dir='ltr'><strong>cognata</strong></span> <span class='ocrx_word' id='word_1_714' title='bbox 2204 5240 2309 5296; x_wconf 90' lang='lat' dir='ltr'><strong>sibi</strong></span> <span class='ocrx_word' id='word_1_715' title='bbox 2351 5241 2570 5303; x_wconf 87' lang='lat' dir='ltr'><strong>anim‘a,</strong></span> <span class='ocrx_word' id='word_1_716' title='bbox 2615 5247 2874 5309; x_wconf 89' lang='lat' dir='ltr'><strong>tanquam</strong></span> <span class='ocrx_word' id='word_1_717' title='bbox 2918 5252 3040 5308; x_wconf 77' lang='lat' dir='ltr'><strong>quae</strong></span> <span class='ocrx_word' id='word_1_718' title='bbox 3086 5236 3295 5307; x_wconf 88' lang='lat' dir='ltr'><strong>majore</strong></span> <span class='ocrx_word' id='word_1_719' title='bbox 3320 5245 3508 5290; x_wconf 88' lang='lat' dir='ltr'><strong>aucto-</strong></span> 
     </span>
    </p>
   </div>
   <div class='ocr_carea' id='block_1_100' title="bbox 292 5415 1856 5495">
    <p class='ocr_par' dir='ltr' id='par_1_100' title="bbox 292 5421 1834 5495">
     <span class='ocr_line' id='line_1_101' title="bbox 292 5421 1834 5495; baseline 0.001 -16"><span class='ocrx_word' id='word_1_720' title='bbox 292 5484 306 5495; x_wconf 37' lang='lat'>:</span> <span class='ocrx_word' id='word_1_721' title='bbox 337 5423 451 5494; x_wconf 75' lang='lat'><strong>(20)</strong></span> <span class='ocrx_word' id='word_1_722' title='bbox 476 5424 545 5477; x_wconf 78' lang='lat' dir='ltr'><strong>Et</strong></span> <span class='ocrx_word' id='word_1_723' title='bbox 570 5426 700 5479; x_wconf 75' lang='grc' dir='ltr'>καθ’</span> <span class='ocrx_word' id='word_1_724' title='bbox 723 5421 878 5494; x_wconf 76' lang='grc' dir='ltr'>ὑμᾶς</span> <span class='ocrx_word' id='word_1_725' title='bbox 898 5425 1030 5495; x_wconf 57' lang='grc' dir='ltr'><strong>οὐκΔ</strong></span> <span class='ocrx_word' id='word_1_726' title='bbox 1055 5424 1247 5495; x_wconf 60' lang='lat' dir='ltr'><strong>mm.</strong></span> <span class='ocrx_word' id='word_1_727' title='bbox 1288 5421 1396 5495; x_wconf 67' lang='lat' dir='ltr'><strong>Sig</strong></span> <span class='ocrx_word' id='word_1_728' title='bbox 1415 5439 1547 5481; x_wconf 90' lang='lat' dir='ltr'><strong>sane</strong></span> <span class='ocrx_word' id='word_1_729' title='bbox 1584 5423 1834 5480; x_wconf 84' lang='lat' dir='ltr'><strong>Allatius.</strong></span> 
     </span>
    </p>
   </div>
   <div class='ocr_carea' id='block_1_101' title="bbox 1940 5415 3504 5495">
    <p class='ocr_par' dir='ltr' id='par_1_101' title="bbox 1940 5415 3504 5495">
     <span class='ocr_line' id='line_1_102' title="bbox 1940 5415 3504 5495; baseline -0.003 -19"><span class='ocrx_word' id='word_1_730' title='bbox 1940 5439 2040 5495; x_wconf 79' lang='lat' dir='ltr'><strong>non</strong></span> <span class='ocrx_word' id='word_1_731' title='bbox 2070 5423 2147 5477; x_wconf 82' lang='lat' dir='ltr'><strong>ita</strong></span> <span class='ocrx_word' id='word_1_732' title='bbox 2170 5431 2227 5476; x_wconf 85' lang='lat' dir='ltr'><strong>ut</strong></span> <span class='ocrx_word' id='word_1_733' title='bbox 2261 5438 2365 5495; x_wconf 74' lang='lat' dir='ltr'><strong>nos</strong></span> <span class='ocrx_word' id='word_1_734' title='bbox 2379 5420 2490 5493; x_wconf 86' lang='lat' dir='ltr'><strong>(qui</strong></span> <span class='ocrx_word' id='word_1_735' title='bbox 2514 5420 2758 5495; x_wconf 71' lang='lat' dir='ltr'><strong>vivimus)</strong></span> <span class='ocrx_word' id='word_1_736' title='bbox 2798 5419 3126 5495; x_wconf 56' lang='lat' dir='ltr'><strong>operantur}</strong></span> <span class='ocrx_word' id='word_1_737' title='bbox 3145 5415 3316 5485; x_wconf 85' lang='lat' dir='ltr'><strong>Quam</strong></span> <span class='ocrx_word' id='word_1_738' title='bbox 3347 5418 3504 5495; x_wconf 80' lang='lat' dir='ltr'><strong>equi-</strong></span> 
     </span>
    </p>
   </div>
   <div class='ocr_carea' id='block_1_102' title="bbox 262 5489 3506 5566">
    <p class='ocr_par' dir='ltr' id='par_1_102' title="bbox 262 5489 3506 5566">
     <span class='ocr_line' id='line_1_103' title="bbox 262 5489 3506 5566; baseline -0.003 -15"><span class='ocrx_word' id='word_1_739' title='bbox 262 5489 553 5551; x_wconf 69' lang='lat' dir='ltr'><strong>Fabricius</strong></span> <span class='ocrx_word' id='word_1_740' title='bbox 598 5489 780 5551; x_wconf 81' lang='lat' dir='ltr'><strong>tamen</strong></span> <span class='ocrx_word' id='word_1_741' title='bbox 820 5489 957 5566; x_wconf 74' lang='lat' dir='ltr'><strong>Bibl.</strong></span> <span class='ocrx_word' id='word_1_742' title='bbox 990 5492 1081 5549; x_wconf 83' lang='lat' dir='ltr'><strong>Gr.</strong></span> <span class='ocrx_word' id='word_1_743' title='bbox 1118 5489 1250 5551; x_wconf 77' lang='lat' dir='ltr'><strong>tom.</strong></span> <span class='ocrx_word' id='word_1_744' title='bbox 1286 5493 1418 5557; x_wconf 84' lang='lat' dir='ltr'><strong>Vill,</strong></span> <span class='ocrx_word' id='word_1_745' title='bbox 1452 5510 1573 5566; x_wconf 75' lang='lat' dir='ltr'><strong>pag.</strong></span> <span class='ocrx_word' id='word_1_746' title='bbox 1594 5495 1727 5566; x_wconf 10' lang='lat'><strong>7186,</strong></span> <span class='ocrx_word' id='word_1_747' title='bbox 1753 5496 1831 5566; x_wconf 61' lang='grc' dir='ltr'><strong>ις·</strong></span> <span class='ocrx_word' id='word_1_748' title='bbox 1936 5494 2058 5566; x_wconf 83' lang='lat' dir='ltr'><strong>dem</strong></span> <span class='ocrx_word' id='word_1_749' title='bbox 2101 5489 2533 5551; x_wconf 80' lang='lat' dir='ltr'><strong>emendationem</strong></span> <span class='ocrx_word' id='word_1_750' title='bbox 2580 5491 2800 5548; x_wconf 86' lang='lat' dir='ltr'><strong>minime</strong></span> <span class='ocrx_word' id='word_1_751' title='bbox 2829 5490 3194 5548; x_wconf 87' lang='lat' dir='ltr'><strong>necessariam</strong></span> <span class='ocrx_word' id='word_1_752' title='bbox 3224 5489 3506 5546; x_wconf 76' lang='lat' dir='ltr'><strong>existima-</strong></span> 
     </span>
    </p>
   </div>
   <div class='ocr_carea' id='block_1_103' title="bbox 264 5563 2058 5640">
    <p class='ocr_par' dir='ltr' id='par_1_103' title="bbox 264 5563 2058 5640">
     <span class='ocr_line' id='line_1_104' title="bbox 264 5563 2058 5640; baseline -0.001 -19"><span class='ocrx_word' id='word_1_753' title='bbox 264 5567 503 5637; x_wconf 64' lang='lat' dir='ltr'><strong>gendum</strong></span> <span class='ocrx_word' id='word_1_754' title='bbox 527 5567 718 5620; x_wconf 83' lang='lat' dir='ltr'><strong>statuit</strong></span> <span class='ocrx_word' id='word_1_755' title='bbox 743 5565 862 5620; x_wconf 80' lang='grc' dir='ltr'>καθ’</span> <span class='ocrx_word' id='word_1_756' title='bbox 891 5567 1055 5640; x_wconf 70' lang='grc' dir='ltr'>ἡμᾶς,</span> <span class='ocrx_word' id='word_1_757' title='bbox 1088 5574 1250 5637; x_wconf 87' lang='lat' dir='ltr'><strong>atque</strong></span> <span class='ocrx_word' id='word_1_758' title='bbox 1285 5566 1359 5621; x_wconf 88' lang='lat' dir='ltr'><strong>ita</strong></span> <span class='ocrx_word' id='word_1_759' title='bbox 1383 5563 1738 5625; x_wconf 71' lang='lat' dir='ltr'><strong>vertendum:</strong></span> <span class='ocrx_word' id='word_1_760' title='bbox 1766 5563 1830 5621; x_wconf 77' lang='lat' dir='ltr'><strong>Si</strong></span> <span class='ocrx_word' id='word_1_761' title='bbox 1933 5565 2058 5620; x_wconf 83' lang='lat' dir='ltr'><strong>rint.</strong></span> 
     </span>
    </p>
   </div>
   <div class='ocr_carea' id='block_1_104' title="bbox 372 5716 853 5787">
    <p class='ocr_par' dir='ltr' id='par_1_104' title="bbox 372 5716 853 5787">
     <span class='ocr_line' id='line_1_105' title="bbox 372 5716 853 5787; baseline 0.002 -14"><span class='ocrx_word' id='word_1_762' title='bbox 372 5719 420 5752; x_wconf 82' lang='grc'><strong>⁸·</strong></span> <span class='ocrx_word' id='word_1_763' title='bbox 456 5716 656 5775; x_wconf 75' lang='lat' dir='ltr'><strong>lci-cm.</strong></span> <span class='ocrx_word' id='word_1_764' title='bbox 691 5736 783 5787; x_wconf 79' lang='lat' dir='ltr'><strong>xv,</strong></span> <span class='ocrx_word' id='word_1_765' title='bbox 806 5722 853 5777; x_wconf 90' lang='lat' dir='ltr'><strong>l.</strong></span> 
     </span>
    </p>
   </div>
  </div>
