3962 6202
310 297 418 358 693
1682 285 2122 362 FRAGMENTA.
2596 319 2598 322 τ
3427 309 3537 370 est

1219 419 1295 476 Ex
1324 437 1426 476 us.
1465 419 1595 476 VIII.
1624 453 1692 462 -—-
1716 423 1867 491 Apud
1896 425 2132 479 eumdem
2161 423 2470 480 Facundum
2503 424 2542 481 I.
2576 441 2625 481 ο.

393 532 503 600 Qui
532 532 888 607 (Eustathius)
920 545 1101 592 octavo
1131 555 1331 610 quoque
1359 538 1494 592 libro
1528 539 1604 593 sic
1634 539 1710 592 ait
1744 556 1763 592 :
1799 540 2290 613 Contemplandum
2314 551 2494 598 autem
2533 547 2805 614 quomodo
2841 547 3068 616 loquens
3105 546 3214 603 Deo
3243 556 3296 602 et
3322 547 3530 615 dicens,

318 625 388 680 Et
421 627 650 682 civitates
670 627 986 684 destruxisti
1018 631 1086 697 “,
1118 648 1311 688 rursus
1345 635 1574 690 alterum
1609 635 1907 690 introducit
1937 636 2225 694 Dominum
2282 636 2547 702 inferens,
2583 637 2650 692 Et
2686 638 2942 695 Dominus
2973 642 3025 696 in
3055 653 3302 697 internum
3336 655 3529 700 manet.

314 719 540 774 Paravit
567 722 622 775 in
638 721 847 790 judicio
869 722 1042 778 sedem
1065 742 1217 779 suam
1246 727 1312 783 ’⁵.
1344 727 1784 785 Manifestissime
1813 729 1956 786 enim
1989 731 2080 784 alii
2112 731 2180 785 de
2210 732 2316 787 alio
2341 733 2570 803 loquens
2606 740 2831 803 apparet
2868 752 2880 787 :
2937 734 3261 804 significavit
3287 737 3415 806 quia
3446 738 3532 806 ju-

309 812 414 869 dex
438 824 545 876 est.
576 819 669 886 qui
697 820 1024 888 praeparavit
1055 821 1104 875 ei
1139 822 1321 877 sedem
1356 833 1610 894 tanquam
1657 825 1810 894 prius
1841 841 1949 880 non
1977 825 2196 880 habenti
2228 827 2372 880 hunc
2399 828 2658 882 honorem
2693 846 2706 882 :
2737 829 2815 883 sic
2846 829 3130 884 videbatur
3161 832 3307 901 loqui
3336 850 3349 886 :
3375 836 3531 902 quasi

309 925 411 979 per
440 909 644 980 ﬁguras
674 911 820 966 enim
849 914 1128 971 indicabat
1158 917 1527 986 prOpheticas,
1564 920 1818 988 quoniam
1846 919 2010 974 homo
2033 935 2100 974 ex
2133 919 2638 989 membrisjustitim
2668 923 2928 992 templum
2964 921 3216 980 decenter
3248 924 3443 987 factus.
3477 937 3532 982 et

307 1003 690 1061 sacratissimo
717 1007 971 1064 habitans
1002 1007 1210 1076 Verbo;
1245 1009 1464 1064 virtutis
1501 1012 1611 1082 (25)
1639 1012 1865 1082 adeptus
1887 1020 1971 1068 est
2000 1021 2320 1083 perpetuum
2347 1013 2565 1068 solium.

388 1093 526 1149 Item
554 1097 606 1150 in
629 1098 809 1153 eodem
843 1099 978 1155 libro
1002 1117 1020 1154 :
1049 1100 1163 1155 Non
1195 1103 1362 1164 enim,
1400 1105 1498 1165 ait,
1531 1104 1624 1173 qui
1655 1105 1804 1173 regni
1834 1105 2017 1160 sedem
2053 1105 2234 1171 habet,
2263 1105 2488 1160 alteram
2515 1106 2616 1160 sibi
2648 1114 2876 1176 apparat
2904 1115 3136 1173 sortem;
3169 1108 3263 1163 sed
3297 1111 3382 1164 cui
3421 1126 3528 1163 non

308 1185 466 1239 adest
496 1185 644 1240 sedis
661 1189 930 1256 potentia.
964 1188 1105 1259 Ergo
1138 1191 1252 1245 haec
1284 1189 1350 1243 ad
1382 1191 1656 1246 hominem
1682 1192 1884 1246 Christi
1919 1192 2207 1247 manifeste
2238 1195 2555 1263 respiciunt.
2604 1193 2791 1265 Neque
2820 1203 3000 1250 autem
3025 1198 3386 1268 Omnipotenti
3416 1201 3528 1253 hanc

306 1277 623 1348 reponenda
653 1287 801 1344 sunt,
833 1281 1113 1351 proprium
1152 1282 1370 1338 habenti
1405 1293 1710 1354 sceptrum:
1742 1302 1916 1356 neque
1958 1284 2137 1340 Verbo
2184 1286 2362 1356 ipsum
2396 1303 2619 1357 regnum
2657 1287 2900 1351 habenti,
2964 1287 3108 1357 quod
3161 1290 3321 1343 etiam
3369 1290 3529 1348 Pater

304 1370 504 1437 habet;
530 1370 626 1426 sed
654 1373 709 1426 in
741 1373 960 1429 Christo
989 1374 1300 1441 dicendum,
1325 1379 1574 1434 Dominus
1604 1380 1659 1433 in
1687 1381 1811 1435 creto
1833 1381 2146 1450 preparavit
2173 1381 2344 1435 sedem
2367 1398 2538 1435 suam.
2559 1381 2692 1435 Nam
2713 1383 2956 1436 omnium
2980 1383 3138 1437 simul
3159 1393 3523 1441 creaturarum

301 1463 618 1519 dominator
649 1473 871 1536 propter
899 1467 1072 1523 divini
1103 1468 1266 1525 Verbi
1300 1472 1756 1527 commistioneni.

641 1597 793 1649 ALIA
824 1599 1213 1654 FRAGMENTA
1246 1603 1330 1655 EX
1361 1606 1574 1657 IISDEM
1600 1606 1802 1657 LIBRIS
1824 1605 2156 1659 ADVERSUS
2182 1605 2454 1657 ARIANOS
2481 1605 2840 1657 INDEFINITE
2867 1605 3190 1658 EXCITATA.

388 1724 576 1803 Apud
605 1727 928 1792 Gelasium
959 1732 1048 1792 De
1079 1731 1321 1795 duabus
1355 1738 1604 1799 naturis
1634 1739 1702 1798 in
1732 1699 2027 1885 Christlpé,
2052 1742 2216 1804 Bibl.
2249 1743 2377 1804 PP.
2411 1743 2618 1806 Paris.
2659 1697 3017 1818 16kb,.t0m.
3057 1745 3162 1816 IV,
3205 1752 3359 1821 part.
3395 1764 3434 1821 ι,

1757 1837 1898 1885 Dat].
2009 1843 2064 1885 4-.

1749 1837 1898 1899 pag.
1929 1837 2064 1886 42’s.

1043 1957 1309 2014 Eustathii
1332 1962 1560 2030 episcopi
1591 1962 1899 2017 Autioeheni
1927 1964 2268 2033 confessoris,
2300 1973 2490 2021 contra
2521 1965 2780 2021 Arianos.

378 2039 715 2114 Quapropter
742 2061 1014 2120 congruas
1043 2053 1272 2109 virtutes
1300 2061 1354 2109 et
1385 2055 1804 2126 guba‘nationes
1827 2059 2065 2128 gentium
2091 2067 2144 2114 et
2176 2059 2521 2128 pepulorum,
2550 2064 2604 2114 et
2633 2057 2918 2112 mistarum
2959 2056 3216 2125 plebium,
3251 2064 3304 2112 et
3339 2073 3518 2114 rerum

303 2131 686 2190 universarum
719 2139 1006 2210 imperium
1030 2145 1192 2200 homo
1221 2149 1555 2220 percipiebat
1583 2150 1788 2208 Christi
1816 2155 2014 2223 palam,
2046 2163 2101 2211 et
2130 2153 2224 2225 qui
2252 2154 2510 2223 sapientia
2544 2161 2594 2208 et
2628 2159 2784 2208 aetate
2826 2151 3100 2222 gratiaque
3125 2151 3352 2222 pro/icit,
3377 2152 3519 2208 sicut

305 2223 588 2296 Evangelii
612 2229 806 2287 litteras
837 2234 883 2268 "
917 2235 1115 2294 docent
1145 2243 1568 2311 particulariter.

1459 2342 1711 2413 Ejusdem
1739 2357 1922 2403 contra
1951 2365 2144 2403 eos.—
2165 2347 2388 2406 Ibidem.
3289 2401 3296 2418 .-

379 2419 448 2473 Et
478 2421 670 2478 iterum
695 2440 816 2480 cum
844 2427 1048 2484 dicitur
1075 2431 1233 2489 Jesus
1259 2437 1428 2492 sciens
1455 2440 1578 2510 quia
1608 2445 1784 2497 omnia
1813 2444 1955 2499 dedit
1981 2448 2027 2500 ei
2058 2445 2219 2501 Pater
2250 2448 2306 2500 in
2330 2463 2517 2501 manus
2545 2447 2614 2514 ",
2645 2453 2808 2518 atque
2839 2455 2898 2504 ut
2941 2450 3015 2503 ita
3057 2447 3382 2510 introducit;
3419 2446 3515 2499 ho-

305 2511 476 2567 minis
505 2521 825 2584 potestatem
853 2519 1093 2576 declarat
1123 2542 1136 2578 :
1169 2541 1290 2596 quae
1318 2532 1590 2598 quomodo
1611 2535 1797 2589 aeterni
1829 2551 2050 2593 sumens
2078 2549 2349 2610 sceptrum
2373 2539 2608 2610 imperii,
2639 2539 2883 2596 omnium
2912 2541 3135 2596 haberet
3166 2541 3513 2596 commissum

299 2603 590 2675 judicium.

1446 2711 1695 2784 Ejusdem
1713 2727 1898 2773 contra
1931 2736 2036 2775 eos.
2054 2752 2125 2762 —
2142 2719 2366 2776 Ibidem.

381 2789 444 2844 Si
476 2794 620 2847 enim
645 2794 701 2848 in
736 2795 967 2860 Christo,
1002 2800 1179 2870 inquit
1209 2804 1277 2867 ",
1317 2803 1587 2873 plenitudo
1616 2808 1918 2868 divinitatis
1942 2813 2242 2881 inhabitat,-
2273 2816 2421 2872 aliud
2453 2833 2584 2873 vero
2612 2816 2963 2873 inhabitatur.
2991 2814 3047 2869 Si
3074 2830 3204 2870 vero
3241 2811 3509 2869 naturali-

303 2892 394 2940 ter
421 2885 676 2940 differunt
702 2889 771 2944 ab
798 2891 1076 2950 alterutris
1093 2933 1109 2959 ,
1144 2911 1321 2970 neque
1342 2902 1532 2956 mortis
1561 2903 1892 2972 passionem,
1926 2922 2103 2978 neque
2129 2910 2234 2966 cibi
2262 2913 2581 2982 appetitum.
2613 2927 2789 2983 neque
2810 2909 3135 2967 desiderium
3168 2909 3506 2980 poculorum.

303 2991 420 3031 non
453 2992 728 3042 somnum,
756 2996 863 3036 non
894 2985 1196 3054 tristitiam,
1221 3005 1328 3044 non
1361 2989 1754 3063 fatigationem,
1777 3011 1884 3052 non
1915 2997 2278 3072 lacrymarum
2307 3003 2618 3069 eﬂ‘usibnes,
2648 3020 2756 3059 non
2797 3004 2959 3058 aliam
3003 3001 3299 3072 quamlibet
3336 3007 3510 3053 mnta-

300 3069 511 3124 tionem
544 3071 865 3139 plenitudini
895 3076 1197 3136 divinitatis
1239 3086 1574 3142 coessistere
1604 3087 1685 3142 fas
1699 3096 1804 3151 est,
1835 3104 1958 3145 cum
1997 3069 2068 3148 sit
2099 3093 2528 3153 incanvertibilis
2562 3112 2657 3167 per
2682 3105 2956 3151 naturam.
2989 3094 3204 3150 llomini
3242 3107 3370 3148 vero
3396 3091 3509 3146 haec

300 3164 630 3232 applicanda
656 3175 784 3220 sunt
811 3171 1050 3241 proprie,
1082 3175 1174 3242 qui
1203 3191 1270 3230 ex
1293 3179 1472 3233 anima
1503 3189 1718 3237 constat
1745 3192 1800 3240 et
1827 3199 2058 3256 corpore
2094 3207 2108 3243 :
2144 3192 2398 3260 congruit
2438 3164 2582 3245 enim
2625 3205 2692 3246 ex
2742 3189 2876 3260 ipsis
2905 3188 3156 3242 humanis
3186 3195 3242 3242 et
3271 3183 3506 3240 innoxiis

301 3258 544 3313 motibus
586 3257 986 3328 demonstrare,
1016 3267 1141 3336 quia
1185 3284 1293 3324 non
1328 3271 1666 3342 phantastice
1710 3285 1764 3334 et
1811 3281 2071 3350 putative,
2122 3281 2217 3338 sed
2253 3257 2368 3354 ipsa
2411 3286 2637 3340 veritate
2659 3257 2832 3340 totum
2867 3283 3143 3340 hominem
3177 3281 3398 3338 indutus
3424 3287 3508 3336 est

303 3349 449 3406 Deus
476 3348 711 3420 perfecte
737 3368 1045 3412 assumens.

1588 3456 1655 3511 In
1683 3459 1907 3515 eosdem.
1925 3492 1992 3501 —
2014 3462 2234 3519 Ibidem.

374 3535 640 3602 Quocirca
670 3537 814 3593 aliud
839 3538 1054 3609 quidem
1082 3542 1187 3597 erit
1221 3547 1468 3611 mortale,
1513 3550 1662 3606 aliud
1709 3553 1925 3622 quidem
1975 3565 2170 3627 praeter
2199 3559 2302 3613 hoc
2334 3561 2661 3616 immortale.
2691 3559 3100 3630 Consequenter
3130 3565 3310 3613 autem
3338 3567 3390 3612 et
3414 3554 3476 3608 Ti

302 3630 526 3684 motheo
558 3634 798 3688 eamdem
823 3636 1072 3690 scribens
1099 3638 1406 3706 epistolam,
1444 3644 1785 3716 prospiciens
1812 3646 2081 3704 deiferum
2112 3651 2386 3708 hominem
2413 3652 2780 3724 proclamabat
2820 3653 2866 3685 ⁹⁹
2902 3669 2917 3706 :
2957 3647 3162 3706 Memor
3187 3657 3298 3703 esto
3325 3645 3507 3700 Jesuut

299 3719 572 3777 Christum
598 3731 945 3784 resurrexisse
971 3749 1005 3784 a
1037 3735 1256 3788 mortuis
1291 3750 1356 3789 ea:
1383 3739 1576 3791 semine
1610 3739 1797 3806 David,
1821 3743 2106 3798 secundum
2139 3745 2481 3819 Evangelium
2522 3764 2710 3802 meum.

1208 3910 1216 3919 _
1523 3853 1592 3906 Et
1617 3864 1732 3924 post
1757 3872 1946 3925 pauca.
1975 3888 2045 3898 -—
2067 3858 2288 3918 Ibidem.

369 3930 549 3987 Homo
569 3943 747 3992 autem
779 3937 948 3995 Deum
981 3940 1180 4007 ferens,
1213 3944 1306 4014 qui
1336 3947 1526 4002 mortis
1547 3949 1854 4017 passionem
1890 3961 2083 4021 sponte
2107 3957 2320 4013 censuit
2350 3958 2618 4015 sustinere
2638 3966 2858 4030 propter
2888 3959 3166 4015 hominum
3196 3958 3503 4025 utilitatem,

297 4025 536 4095 palmam
563 4029 778 4098 quidem
812 4042 862 4088 et
879 4036 1213 4100 certaminis,
1237 4045 1296 4091 ut
1323 4039 1396 4092 ita
1422 4040 1712 4096 dicendum
1742 4043 1833 4108 sit,
1870 4043 2154 4114 honorem,
2186 4056 2240 4104 et
2264 4059 2586 4121 potestatem
2622 4025 2881 4124 percepit.
2903 4052 2966 4107 Et
2989 4054 3076 4109 ubi
3105 4055 3364 4126 recipitur
3393 4055 3510 4126 glo-

295 4119 400 4186 ria,
430 4136 594 4191 quam
611 4137 951 4198 nequaquam
979 4127 1132 4197 prius
1159 4129 1441 4187 habuerat.

1309 4264 1462 4337 Apud
1493 4269 1740 4326 eumdem
1771 4269 2106 4347 GELASIUIJ.
2144 4288 2349 4348 c.,pag.
2379 4275 2504 4332 429.

1202 4405 1474 4463 Eustathii
1500 4410 1731 4479 episcopi
1759 4408 2094 4480 Antias/teni,
2124 4423 2312 4469 contra
2336 4413 2589 4472 Arianos.

366 4489 532 4556 Deus,
564 4494 754 4564 inquit,
793 4493 1028 4552 Verbum
1059 4501 1304 4556 eamdem
1338 4518 1501 4572 quam
1531 4505 1748 4574 genitor
1778 4513 1960 4574 portat
1988 4507 2308 4578 imaginem;
2339 4510 2518 4580 imago
2572 4511 2772 4581 quippe
2821 4518 3093 4568 exsistens
3134 4511 3330 4568 divina:
3378 4509 3508 4566 sub-

290 4583 513 4638 stantiae
541 4603 556 4639 :
591 4601 778 4642 verum
807 4597 990 4645 autem
1011 4590 1132 4662 eius
1159 4595 1419 4664 templum
1445 4595 1609 4652 homo
1629 4599 1922 4664 exsistens,
1962 4617 2070 4656 non
2101 4602 2242 4659 idem
2271 4605 2416 4674 quotl
2438 4605 2622 4677 templi
2648 4603 2948 4660 fabricator
2977 4611 3083 4670 est,
3131 4604 3384 4660 dissimili
3418 4620 3507 4658 or-

290 4683 384 4728 tus
417 4690 480 4729 ex
503 4692 716 4746 genere.

1302 4776 1504 4833 Rursus
1534 4779 1765 4850 ejusdem
1810 4793 1926 4851 post
1965 4799 2152 4855 pauca.
2176 4815 2246 4826 —
2270 4785 2496 4843 Ibidem.

368 4857 473 4914 Sed
499 4862 786 4931 potestatis
812 4863 1152 4934 majestatem
1184 4867 1535 4926 introducere
1567 4873 1778 4937 volens,
1811 4884 1864 4929 et
1893 4877 2069 4945 ipsum
2100 4894 2301 4948 corpus
2334 4880 2722 4935 mortificatnm
2764 4884 2853 4938 hic
2883 4881 3078 4939 Filium
3111 4885 3249 4943 dixit
3279 4906 3294 4944 :
3329 4888 3504 4959 ipsum

288 4952 510 5024 quidem
534 4956 884 5015 sublimitatis
913 4974 1108 5015 nomen
1141 4961 1448 5032 imponens,
1475 4963 1528 5018 id
1550 4973 1634 5021 est
1675 4967 1972 5024 habitantis
1992 4971 2046 5024 in
2079 4988 2144 5028 eo
2175 4971 2264 5027 Dei
2301 4973 2628 5028 decibiliter.

1506 5081 1574 5135 Et
1611 5092 1729 5152 post
1759 5101 2039 5154 pauca.-—-
2067 5085 2286 5142 Ibidem.

363 5161 503 5217 Puto
528 5175 729 5231 autem,
758 5169 946 5238 inquit,
978 5185 1080 5226 nec
1130 5171 1320 5227 insane
1361 5174 1648 5246 quisquam
1681 5185 1736 5232 et
1783 5179 1988 5235 furiose
2024 5181 2393 5237 debacchatus
2452 5184 2652 5238 dixerit
2707 5185 3024 5255 aliquando,
3053 5189 3179 5257 quia
3208 5189 3506 5248 divinitatis

287 5257 570 5329 plenitudo
597 5261 791 5316 mortis
813 5277 972 5331 passa
1001 5263 1348 5332 dispendium
1379 5276 1482 5324 est.
1513 5268 1653 5340 Ergo
1683 5273 1970 5328 vesaniunt
1999 5282 2052 5329 et
2083 5276 2426 5331 bacchantur
2471 5287 2526 5332 et
2559 5278 2788 5344 furiunt,
2838 5287 2893 5334 et
2953 5279 3234 5336 insaniunt
3285 5293 3340 5339 et
3392 5288 3501 5343 suis

286 5353 566 5409 mentibus
595 5367 971 5423 excesserunt,
1002 5360 1095 5429 qui
1127 5359 1239 5414 Deo
1272 5358 1448 5417 Verbo
1480 5366 1790 5432 passionem
1821 5369 2098 5438 applicare
2139 5379 2496 5442 praesumunt.

351 5542 398 5574 ”
431 5541 586 5595 Pstzl.
621 5550 704 5606 IS,
749 5543 796 5598 7.
871 5545 919 5576 ’⁵
952 5545 1091 5603 Ibid.
1115 5549 1168 5613 8,
1203 5548 1255 5603 9.
1331 5549 1376 5580 ’δ
1404 5547 1528 5603 Luc.
1558 5565 1617 5612 ιι,
1641 5550 1729 5605 52.
1807 5549 1851 5580 "
1877 5548 2034 5605 Joan.
2071 5571 2187 5620 xm,
2225 5556 2275 5610 5.
2351 5558 2397 5590 "
2431 5554 2636 5613 Coloss.
2673 5573 2730 5623 ll,
2765 5556 2816 5612 9.
2897 5555 2940 5590 ⁹⁹
2961 5558 3025 5614 II
3045 5556 3180 5613 Tim.
3231 5574 3292 5626 tl,
3319 5559 3374 5619 8.

354 5723 466 5793 (‘23)
511 5723 749 5781 Virtutis.
789 5728 968 5782 Codex
1015 5728 1235 5797 Veram,
1277 5732 1484 5812 rirtqte,
1519 5734 1660 5800 quod
1686 5737 1852 5802 magis
1895 5737 2084 5800 placet.
