  <div class='ocr_page' id='page_1' title='image "/cluster/home/n/w/nwhite01/storage/ocr_20150623/18/hvd.32044073501207/354.png"; bbox 0 0 3898 6196; ppageno 0'>
   <div class='ocr_carea' id='block_1_1' title="bbox 225 283 328 342">
    <p class='ocr_par' dir='ltr' id='par_1_1' title="bbox 225 283 328 342">
     <span class='ocr_line' id='line_1_1' title="bbox 225 283 328 342; baseline -0.039 0"><span class='ocrx_word' id='word_1_1' title='bbox 225 283 328 342; x_wconf 69' lang='grc'><strong>697</strong></span> 
     </span>
    </p>
   </div>
   <div class='ocr_carea' id='block_1_2' title="bbox 1673 287 2022 346">
    <p class='ocr_par' dir='ltr' id='par_1_2' title="bbox 1673 287 2022 346">
     <span class='ocr_line' id='line_1_2' title="bbox 1673 287 2022 346; baseline 0 -4"><span class='ocrx_word' id='word_1_2' title='bbox 1673 287 2022 346; x_wconf 78' lang='lat' dir='ltr'><strong>LITUBGIA.</strong></span> 
     </span>
    </p>
   </div>
   <div class='ocr_carea' id='block_1_3' title="bbox 3335 272 3532 370">
    <p class='ocr_par' dir='ltr' id='par_1_3' title="bbox 3335 272 3532 370">
     <span class='ocr_line' id='line_1_3' title="bbox 3335 272 3532 370; baseline 0 -27"><span class='ocrx_word' id='word_1_3' title='bbox 3335 272 3532 370; x_wconf 63' lang='grc' dir='ltr'>τιδι’</span> 
     </span>
    </p>
   </div>
   <div class='ocr_carea' id='block_1_4' title="bbox 227 397 1762 476">
    <p class='ocr_par' dir='ltr' id='par_1_4' title="bbox 227 397 1734 472">
     <span class='ocr_line' id='line_1_4' title="bbox 227 397 1734 472; baseline 0 -16"><span class='ocrx_word' id='word_1_4' title='bbox 227 402 504 472; x_wconf 74' lang='grc' dir='ltr'>κρήμνους</span> <span class='ocrx_word' id='word_1_5' title='bbox 551 397 842 466; x_wconf 72' lang='grc' dir='ltr'>ἀναϐάσεις</span> <span class='ocrx_word' id='word_1_6' title='bbox 887 399 1224 472; x_wconf 82' lang='grc' dir='ltr'>ὕπεμφαίνον</span> <span class='ocrx_word' id='word_1_7' title='bbox 1269 403 1362 458; x_wconf 76' lang='grc' dir='ltr'><strong>καὶ</strong></span> <span class='ocrx_word' id='word_1_8' title='bbox 1409 402 1734 468; x_wconf 79' lang='grc' dir='ltr'>καταϐάσεις</span> 
     </span>
    </p>
   </div>
   <div class='ocr_carea' id='block_1_5' title="bbox 1865 397 3442 476">
    <p class='ocr_par' dir='ltr' id='par_1_5' title="bbox 1888 400 3442 476">
     <span class='ocr_line' id='line_1_5' title="bbox 1888 400 3442 476; baseline -0.005 -17"><span class='ocrx_word' id='word_1_9' title='bbox 1888 403 2133 476; x_wconf 79' lang='lat' dir='ltr'><strong>gniﬁcari</strong></span> <span class='ocrx_word' id='word_1_10' title='bbox 2161 411 2321 474; x_wconf 87' lang='lat' dir='ltr'><strong>atque</strong></span> <span class='ocrx_word' id='word_1_11' title='bbox 2349 403 2644 459; x_wconf 80' lang='lat' dir='ltr'><strong>descensus</strong></span> <span class='ocrx_word' id='word_1_12' title='bbox 2675 422 2687 457; x_wconf 94' lang='lat'>:</span> <span class='ocrx_word' id='word_1_13' title='bbox 2721 419 2778 460; x_wconf 87' lang='lat' dir='ltr'><strong>re</strong></span> <span class='ocrx_word' id='word_1_14' title='bbox 2801 409 2978 458; x_wconf 86' lang='lat' dir='ltr'><strong>autem</strong></span> <span class='ocrx_word' id='word_1_15' title='bbox 3001 400 3150 457; x_wconf 81' lang='lat' dir='ltr'><strong>cruci</strong></span> <span class='ocrx_word' id='word_1_16' title='bbox 3178 401 3442 473; x_wconf 74' lang='lat' dir='ltr'><strong>quodam.</strong></span> 
     </span>
    </p>
   </div>
   <div class='ocr_carea' id='block_1_6' title="bbox 233 490 1781 566">
    <p class='ocr_par' dir='ltr' id='par_1_6' title="bbox 233 490 1781 566">
     <span class='ocr_line' id='line_1_6' title="bbox 233 490 1781 566; baseline 0.002 -22"><span class='ocrx_word' id='word_1_17' title='bbox 233 493 470 563; x_wconf 69' lang='grc' dir='ltr'>σχήματι</span> <span class='ocrx_word' id='word_1_18' title='bbox 492 492 564 554; x_wconf 77' lang='grc' dir='ltr'><strong>δὲ,</strong></span> <span class='ocrx_word' id='word_1_19' title='bbox 581 490 661 562; x_wconf 84' lang='grc' dir='ltr'><strong>τῷ</strong></span> <span class='ocrx_word' id='word_1_20' title='bbox 687 491 904 564; x_wconf 80' lang='grc' dir='ltr'><strong>σταυρῷ</strong></span> <span class='ocrx_word' id='word_1_21' title='bbox 928 493 1243 565; x_wconf 84' lang='grc' dir='ltr'><strong>προσέοικεν</strong></span> <span class='ocrx_word' id='word_1_22' title='bbox 1262 495 1457 564; x_wconf 86' lang='grc' dir='ltr'>ὀλίγως</span> <span class='ocrx_word' id='word_1_23' title='bbox 1473 512 1587 556; x_wconf 83' lang='grc' dir='ltr'><strong>πως</strong></span> <span class='ocrx_word' id='word_1_24' title='bbox 1610 497 1642 566; x_wconf 74' lang='grc' dir='ltr'><strong>ἡ</strong></span> <span class='ocrx_word' id='word_1_25' title='bbox 1665 495 1781 548; x_wconf 85' lang='grc' dir='ltr'>κλί-</span> 
     </span>
    </p>
   </div>
   <div class='ocr_carea' id='block_1_7' title="bbox 235 582 1781 657">
    <p class='ocr_par' dir='ltr' id='par_1_7' title="bbox 235 582 1781 657">
     <span class='ocr_line' id='line_1_7' title="bbox 235 582 1781 657; baseline 0.001 -20"><span class='ocrx_word' id='word_1_26' title='bbox 235 583 362 655; x_wconf 81' lang='grc' dir='ltr'>μαξ,</span> <span class='ocrx_word' id='word_1_27' title='bbox 393 582 584 656; x_wconf 77' lang='grc' dir='ltr'><strong>ὀρθίοις</strong></span> <span class='ocrx_word' id='word_1_28' title='bbox 614 597 673 636; x_wconf 84' lang='grc' dir='ltr'><strong>τε</strong></span> <span class='ocrx_word' id='word_1_29' title='bbox 707 582 801 636; x_wconf 81' lang='grc' dir='ltr'><strong>καὶ</strong></span> <span class='ocrx_word' id='word_1_30' title='bbox 845 582 1090 652; x_wconf 81' lang='grc' dir='ltr'><strong>πλαγίοις</strong></span> <span class='ocrx_word' id='word_1_31' title='bbox 1121 585 1453 657; x_wconf 81' lang='grc' dir='ltr'>ἁρμοσθεῐσα</span> <span class='ocrx_word' id='word_1_32' title='bbox 1473 584 1665 651; x_wconf 79' lang='grc' dir='ltr'><strong>ξύλοις.</strong></span> <span class='ocrx_word' id='word_1_33' title='bbox 1695 585 1781 648; x_wconf 81' lang='grc' dir='ltr'>Ὠς</span> 
     </span>
    </p>
   </div>
   <div class='ocr_carea' id='block_1_8' title="bbox 228 673 1776 749">
    <p class='ocr_par' dir='ltr' id='par_1_8' title="bbox 228 673 1776 749">
     <span class='ocr_line' id='line_1_8' title="bbox 228 673 1776 749; baseline 0.014 -27"><span class='ocrx_word' id='word_1_34' title='bbox 228 673 321 728; x_wconf 74' lang='grc' dir='ltr'>οὖν</span> <span class='ocrx_word' id='word_1_35' title='bbox 350 674 592 746; x_wconf 82' lang='grc' dir='ltr'>ίστόρησε</span> <span class='ocrx_word' id='word_1_36' title='bbox 618 674 718 745; x_wconf 77' lang='grc' dir='ltr'>τὴν</span> <span class='ocrx_word' id='word_1_37' title='bbox 745 675 993 746; x_wconf 77' lang='grc' dir='ltr'><strong>τοιαύτην</strong></span> <span class='ocrx_word' id='word_1_38' title='bbox 1021 676 1299 739; x_wconf 82' lang='grc' dir='ltr'>ὀπτασίαν,</span> <span class='ocrx_word' id='word_1_39' title='bbox 1328 677 1423 729; x_wconf 82' lang='grc' dir='ltr'>τὸν</span> <span class='ocrx_word' id='word_1_40' title='bbox 1450 675 1594 729; x_wconf 76' lang='grc' dir='ltr'>λίθον</span> <span class='ocrx_word' id='word_1_41' title='bbox 1619 676 1776 749; x_wconf 72' lang='grc' dir='ltr'>ᾷρας.</span> 
     </span>
    </p>
   </div>
   <div class='ocr_carea' id='block_1_9' title="bbox 228 759 1779 838">
    <p class='ocr_par' dir='ltr' id='par_1_9' title="bbox 228 759 1779 838">
     <span class='ocr_line' id='line_1_9' title="bbox 228 759 1779 838; baseline 0 -20"><span class='ocrx_word' id='word_1_42' title='bbox 228 764 314 834; x_wconf 76' lang='grc' dir='ltr'><strong>ἐφ’</strong></span> <span class='ocrx_word' id='word_1_43' title='bbox 344 759 387 832; x_wconf 78' lang='grc' dir='ltr'>ᾧ</span> <span class='ocrx_word' id='word_1_44' title='bbox 415 764 511 834; x_wconf 82' lang='grc' dir='ltr'><strong>τὴν</strong></span> <span class='ocrx_word' id='word_1_45' title='bbox 537 763 774 835; x_wconf 74' lang='grc' dir='ltr'>κεφαλὴν</span> <span class='ocrx_word' id='word_1_46' title='bbox 817 765 1124 831; x_wconf 81' lang='grc' dir='ltr'>ἀνακλίνας,</span> <span class='ocrx_word' id='word_1_47' title='bbox 1156 767 1348 837; x_wconf 71' lang='grc' dir='ltr'>ἔστησε</span> <span class='ocrx_word' id='word_1_48' title='bbox 1379 766 1478 838; x_wconf 72' lang='grc' dir='ltr'><strong>μὲν</strong></span> <span class='ocrx_word' id='word_1_49' title='bbox 1510 767 1668 821; x_wconf 82' lang='grc' dir='ltr'>αὐτὸν</span> <span class='ocrx_word' id='word_1_50' title='bbox 1699 769 1779 832; x_wconf 84' lang='grc' dir='ltr'><strong>είς</strong></span> 
     </span>
    </p>
   </div>
   <div class='ocr_carea' id='block_1_10' title="bbox 227 855 1780 930">
    <p class='ocr_par' dir='ltr' id='par_1_10' title="bbox 227 855 1780 930">
     <span class='ocr_line' id='line_1_10' title="bbox 227 855 1780 930; baseline 0.003 -22"><span class='ocrx_word' id='word_1_51' title='bbox 227 855 445 927; x_wconf 76' lang='grc' dir='ltr'>στήλην,</span> <span class='ocrx_word' id='word_1_52' title='bbox 476 856 770 927; x_wconf 79' lang='grc' dir='ltr'>ὑπόμνημα</span> <span class='ocrx_word' id='word_1_53' title='bbox 816 857 912 928; x_wconf 82' lang='grc' dir='ltr'>τῆς</span> <span class='ocrx_word' id='word_1_54' title='bbox 959 857 1218 930; x_wconf 75' lang='grc' dir='ltr'>ἱστορίας,</span> <span class='ocrx_word' id='word_1_55' title='bbox 1243 857 1422 911; x_wconf 78' lang='grc' dir='ltr'><strong>εἰκόνα</strong></span> <span class='ocrx_word' id='word_1_56' title='bbox 1464 859 1520 912; x_wconf 83' lang='grc' dir='ltr'><strong>δὲ</strong></span> <span class='ocrx_word' id='word_1_57' title='bbox 1556 857 1650 912; x_wconf 82' lang='grc' dir='ltr'><strong>τοῦ</strong></span> <span class='ocrx_word' id='word_1_58' title='bbox 1677 874 1780 927; x_wconf 78' lang='grc' dir='ltr'>φα-</span> 
     </span>
    </p>
   </div>
   <div class='ocr_carea' id='block_1_11' title="bbox 222 943 1778 1022">
    <p class='ocr_par' dir='ltr' id='par_1_11' title="bbox 222 943 1778 1022">
     <span class='ocr_line' id='line_1_11' title="bbox 222 943 1778 1022; baseline 0.003 -20"><span class='ocrx_word' id='word_1_59' title='bbox 222 948 402 1012; x_wconf 79' lang='grc' dir='ltr'>νέντος</span> <span class='ocrx_word' id='word_1_60' title='bbox 435 949 581 1019; x_wconf 75' lang='grc' dir='ltr'>αὐτῷ</span> <span class='ocrx_word' id='word_1_61' title='bbox 613 948 900 1020; x_wconf 76' lang='grc' dir='ltr'>προσώπου</span> <span class='ocrx_word' id='word_1_62' title='bbox 928 950 1372 1021; x_wconf 70' lang='grc' dir='ltr'>χαρακτηρίζων,</span> <span class='ocrx_word' id='word_1_63' title='bbox 1397 943 1524 1017; x_wconf 50' lang='lat' dir='ltr'><strong>tibi?)</strong></span> <span class='ocrx_word' id='word_1_64' title='bbox 1563 956 1778 1022; x_wconf 70' lang='grc' dir='ltr'>μνήμης</span> 
     </span>
    </p>
   </div>
   <div class='ocr_carea' id='block_1_12' title="bbox 225 1037 1778 1111">
    <p class='ocr_par' dir='ltr' id='par_1_12' title="bbox 225 1037 1778 1111">
     <span class='ocr_line' id='line_1_12' title="bbox 225 1037 1778 1111; baseline 0.001 -18"><span class='ocrx_word' id='word_1_65' title='bbox 225 1039 517 1093; x_wconf 81' lang='grc' dir='ltr'>ἀνανέωσιν</span> <span class='ocrx_word' id='word_1_66' title='bbox 545 1039 772 1108; x_wconf 82' lang='grc' dir='ltr'>ἵδρυσεν.</span> <span class='ocrx_word' id='word_1_67' title='bbox 798 1037 956 1094; x_wconf 80' lang='grc' dir='ltr'>Οἷκον</span> <span class='ocrx_word' id='word_1_68' title='bbox 979 1042 1035 1095; x_wconf 78' lang='grc' dir='ltr'><strong>δὲ</strong></span> <span class='ocrx_word' id='word_1_69' title='bbox 1062 1043 1200 1095; x_wconf 81' lang='grc' dir='ltr'>Θεοῦ</span> <span class='ocrx_word' id='word_1_70' title='bbox 1221 1041 1376 1111; x_wconf 76' lang='grc' dir='ltr'>λόγου</span> <span class='ocrx_word' id='word_1_71' title='bbox 1400 1041 1545 1103; x_wconf 78' lang='grc' dir='ltr'>ναὸν,</span> <span class='ocrx_word' id='word_1_72' title='bbox 1574 1041 1649 1105; x_wconf 85' lang='grc' dir='ltr'><strong>ὡς</strong></span> <span class='ocrx_word' id='word_1_73' title='bbox 1681 1042 1778 1098; x_wconf 77' lang='grc' dir='ltr'>καὶ</span> 
     </span>
    </p>
   </div>
   <div class='ocr_carea' id='block_1_13' title="bbox 225 1129 1776 1205">
    <p class='ocr_par' dir='ltr' id='par_1_13' title="bbox 225 1129 1776 1205">
     <span class='ocr_line' id='line_1_13' title="bbox 225 1129 1776 1205; baseline 0.004 -23"><span class='ocrx_word' id='word_1_74' title='bbox 225 1129 383 1193; x_wconf 69' lang='grc' dir='ltr'>αὑτὸς</span> <span class='ocrx_word' id='word_1_75' title='bbox 425 1129 680 1201; x_wconf 75' lang='grc' dir='ltr'><strong>ἐξέφηνεν</strong></span> <span class='ocrx_word' id='word_1_76' title='bbox 717 1131 745 1182; x_wconf 86' lang='grc' dir='ltr'>ὁ</span> <span class='ocrx_word' id='word_1_77' title='bbox 782 1130 875 1186; x_wconf 84' lang='grc' dir='ltr'>τοῦ</span> <span class='ocrx_word' id='word_1_78' title='bbox 895 1130 1332 1205; x_wconf 70' lang='grc' dir='ltr'>Παντοκράτορος</span> <span class='ocrx_word' id='word_1_79' title='bbox 1361 1134 1512 1197; x_wconf 85' lang='grc' dir='ltr'>Υἱός·</span> <span class='ocrx_word' id='word_1_80' title='bbox 1541 1135 1776 1188; x_wconf 77' lang='grc' dir='ltr'><strong>Λύσατε</strong></span> 
     </span>
    </p>
   </div>
   <div class='ocr_carea' id='block_1_14' title="bbox 224 1220 1774 1296">
    <p class='ocr_par' dir='ltr' id='par_1_14' title="bbox 224 1220 1774 1296">
     <span class='ocr_line' id='line_1_14' title="bbox 224 1220 1774 1296; baseline 0.005 -21"><span class='ocrx_word' id='word_1_81' title='bbox 224 1220 332 1275; x_wconf 75' lang='grc' dir='ltr'><strong>τὸν</strong></span> <span class='ocrx_word' id='word_1_82' title='bbox 376 1222 528 1275; x_wconf 75' lang='grc' dir='ltr'><strong>ναὸν</strong></span> <span class='ocrx_word' id='word_1_83' title='bbox 570 1221 799 1286; x_wconf 80' lang='grc' dir='ltr'>τοῦτον,</span> <span class='ocrx_word' id='word_1_84' title='bbox 837 1223 932 1276; x_wconf 77' lang='grc' dir='ltr'><strong>καὶ</strong></span> <span class='ocrx_word' id='word_1_85' title='bbox 975 1224 1043 1277; x_wconf 75' lang='grc' dir='ltr'><strong>ἐν</strong></span> <span class='ocrx_word' id='word_1_86' title='bbox 1077 1226 1272 1292; x_wconf 76' lang='grc' dir='ltr'>τρισίν</span> <span class='ocrx_word' id='word_1_87' title='bbox 1307 1225 1553 1294; x_wconf 74' lang='grc' dir='ltr'>ἡμέραις</span> <span class='ocrx_word' id='word_1_88' title='bbox 1594 1227 1774 1296; x_wconf 76' lang='grc' dir='ltr'>ἐγερῶ</span> 
     </span>
    </p>
   </div>
   <div class='ocr_carea' id='block_1_15' title="bbox 219 1314 1774 1388">
    <p class='ocr_par' dir='ltr' id='par_1_15' title="bbox 219 1314 1774 1388">
     <span class='ocr_line' id='line_1_15' title="bbox 219 1314 1774 1388; baseline 0.005 -22"><span class='ocrx_word' id='word_1_89' title='bbox 219 1314 570 1385; x_wconf 79' lang='grc' dir='ltr'><strong>αὐτόν.”Ηδη</strong></span> <span class='ocrx_word' id='word_1_90' title='bbox 613 1315 668 1368; x_wconf 80' lang='grc' dir='ltr'><strong>δὲ</strong></span> <span class='ocrx_word' id='word_1_91' title='bbox 708 1315 806 1368; x_wconf 76' lang='grc' dir='ltr'><strong>καὶ</strong></span> <span class='ocrx_word' id='word_1_92' title='bbox 843 1314 1014 1386; x_wconf 85' lang='grc' dir='ltr'>πύλην</span> <span class='ocrx_word' id='word_1_93' title='bbox 1037 1315 1262 1388; x_wconf 83' lang='grc' dir='ltr'>ούρανοῦ</span> <span class='ocrx_word' id='word_1_94' title='bbox 1285 1317 1529 1388; x_wconf 81' lang='grc' dir='ltr'>ὠνόμασε</span> <span class='ocrx_word' id='word_1_95' title='bbox 1557 1319 1646 1372; x_wconf 79' lang='grc' dir='ltr'><strong>τὸν</strong></span> <span class='ocrx_word' id='word_1_96' title='bbox 1678 1321 1774 1374; x_wconf 76' lang='grc' dir='ltr'>αύ-</span> 
     </span>
    </p>
   </div>
   <div class='ocr_carea' id='block_1_16' title="bbox 216 1405 1773 1482">
    <p class='ocr_par' dir='ltr' id='par_1_16' title="bbox 216 1405 1773 1482">
     <span class='ocr_line' id='line_1_16' title="bbox 216 1405 1773 1482; baseline 0.004 -24"><span class='ocrx_word' id='word_1_97' title='bbox 216 1406 329 1469; x_wconf 84' lang='grc' dir='ltr'>τὸν,</span> <span class='ocrx_word' id='word_1_98' title='bbox 364 1406 550 1478; x_wconf 79' lang='grc' dir='ltr'>ἐπειδὴ</span> <span class='ocrx_word' id='word_1_99' title='bbox 582 1405 670 1460; x_wconf 80' lang='grc' dir='ltr'>διὰ</span> <span class='ocrx_word' id='word_1_100' title='bbox 705 1407 801 1478; x_wconf 81' lang='grc' dir='ltr'>τῆς</span> <span class='ocrx_word' id='word_1_101' title='bbox 822 1405 915 1459; x_wconf 79' lang='grc' dir='ltr'>τοῦ</span> <span class='ocrx_word' id='word_1_102' title='bbox 946 1407 1178 1480; x_wconf 78' lang='grc' dir='ltr'>Χριστοῦ</span> <span class='ocrx_word' id='word_1_103' title='bbox 1223 1407 1505 1480; x_wconf 85' lang='grc' dir='ltr'>θεουργίας</span> <span class='ocrx_word' id='word_1_104' title='bbox 1526 1410 1587 1463; x_wconf 80' lang='grc' dir='ltr'>τὸ</span> <span class='ocrx_word' id='word_1_105' title='bbox 1616 1411 1773 1482; x_wconf 84' lang='grc' dir='ltr'><strong>σῶμά</strong></span> 
     </span>
    </p>
   </div>
   <div class='ocr_carea' id='block_1_17' title="bbox 215 1497 1769 1573">
    <p class='ocr_par' dir='ltr' id='par_1_17' title="bbox 215 1497 1769 1573">
     <span class='ocr_line' id='line_1_17' title="bbox 215 1497 1769 1573; baseline 0.003 -23"><span class='ocrx_word' id='word_1_106' title='bbox 215 1515 274 1551; x_wconf 83' lang='grc' dir='ltr'><strong>τε</strong></span> <span class='ocrx_word' id='word_1_107' title='bbox 302 1499 397 1550; x_wconf 76' lang='grc' dir='ltr'><strong>καὶ</strong></span> <span class='ocrx_word' id='word_1_108' title='bbox 421 1497 598 1570; x_wconf 75' lang='grc' dir='ltr'>ψυχὴν</span> <span class='ocrx_word' id='word_1_109' title='bbox 617 1498 1045 1569; x_wconf 79' lang='grc' dir='ltr'>καθαριζόμενοι,</span> <span class='ocrx_word' id='word_1_110' title='bbox 1075 1502 1140 1571; x_wconf 79' lang='grc' dir='ltr'>τῇ</span> <span class='ocrx_word' id='word_1_111' title='bbox 1170 1500 1287 1572; x_wconf 81' lang='grc' dir='ltr'>θείᾳ</span> <span class='ocrx_word' id='word_1_112' title='bbox 1309 1500 1580 1571; x_wconf 79' lang='grc' dir='ltr'>δυνάμεθα</span> <span class='ocrx_word' id='word_1_113' title='bbox 1601 1519 1769 1573; x_wconf 81' lang='grc' dir='ltr'>προσ-</span> 
     </span>
    </p>
   </div>
   <div class='ocr_carea' id='block_1_18' title="bbox 218 1588 1775 1663">
    <p class='ocr_par' dir='ltr' id='par_1_18' title="bbox 218 1588 1775 1663">
     <span class='ocr_line' id='line_1_18' title="bbox 218 1588 1775 1663; baseline 0.003 -21"><span class='ocrx_word' id='word_1_114' title='bbox 218 1589 354 1642; x_wconf 82' lang='grc' dir='ltr'>ιέναι</span> <span class='ocrx_word' id='word_1_115' title='bbox 392 1588 572 1658; x_wconf 79' lang='grc' dir='ltr'>φύσει.</span> <span class='ocrx_word' id='word_1_116' title='bbox 602 1588 896 1662; x_wconf 70' lang='grc' dir='ltr'>Τοιγαροῦν</span> <span class='ocrx_word' id='word_1_117' title='bbox 938 1589 1058 1644; x_wconf 72' lang='grc' dir='ltr'><strong>οὐδὲ</strong></span> <span class='ocrx_word' id='word_1_118' title='bbox 1101 1589 1162 1643; x_wconf 78' lang='grc' dir='ltr'>τὸ</span> <span class='ocrx_word' id='word_1_119' title='bbox 1183 1590 1357 1644; x_wconf 74' lang='grc' dir='ltr'>ἔλαιον</span> <span class='ocrx_word' id='word_1_120' title='bbox 1383 1591 1568 1663; x_wconf 76' lang='grc' dir='ltr'>ἀργῶς</span> <span class='ocrx_word' id='word_1_121' title='bbox 1595 1593 1685 1644; x_wconf 77' lang='grc' dir='ltr'>ἐπὶ</span> <span class='ocrx_word' id='word_1_122' title='bbox 1709 1591 1775 1646; x_wconf 70' lang='grc' dir='ltr'>τὸ</span> 
     </span>
    </p>
   </div>
   <div class='ocr_carea' id='block_1_19' title="bbox 216 1681 1766 1755">
    <p class='ocr_par' dir='ltr' id='par_1_19' title="bbox 216 1681 1766 1755">
     <span class='ocr_line' id='line_1_19' title="bbox 216 1681 1766 1755; baseline -0.001 -19"><span class='ocrx_word' id='word_1_123' title='bbox 216 1683 382 1755; x_wconf 78' lang='grc' dir='ltr'>ἄκρον</span> <span class='ocrx_word' id='word_1_124' title='bbox 419 1681 609 1752; x_wconf 72' lang='grc' dir='ltr'>ὲπίχεε</span> <span class='ocrx_word' id='word_1_125' title='bbox 644 1682 740 1752; x_wconf 77' lang='grc' dir='ltr'>τῆς</span> <span class='ocrx_word' id='word_1_126' title='bbox 779 1681 1002 1754; x_wconf 81' lang='grc' dir='ltr'>στήλης·</span> <span class='ocrx_word' id='word_1_127' title='bbox 1047 1681 1180 1736; x_wconf 79' lang='grc' dir='ltr'>ἀλλὰ</span> <span class='ocrx_word' id='word_1_128' title='bbox 1223 1681 1378 1735; x_wconf 80' lang='grc' dir='ltr'>τοῦτο</span> <span class='ocrx_word' id='word_1_129' title='bbox 1425 1682 1528 1753; x_wconf 82' lang='grc' dir='ltr'><strong>μὲν</strong></span> <span class='ocrx_word' id='word_1_130' title='bbox 1563 1682 1766 1737; x_wconf 79' lang='grc' dir='ltr'>ἐκείνου</span> 
     </span>
    </p>
   </div>
   <div class='ocr_carea' id='block_1_20' title="bbox 1887 495 3440 568">
    <p class='ocr_par' dir='ltr' id='par_1_20' title="bbox 1887 495 3440 568">
     <span class='ocr_line' id='line_1_20' title="bbox 1887 495 3440 568; baseline -0.001 -18"><span class='ocrx_word' id='word_1_131' title='bbox 1887 497 2046 552; x_wconf 88' lang='lat' dir='ltr'><strong>modo</strong></span> <span class='ocrx_word' id='word_1_132' title='bbox 2109 503 2452 566; x_wconf 73' lang='lat' dir='ltr'><strong>comparatur</strong></span> <span class='ocrx_word' id='word_1_133' title='bbox 2519 497 2700 560; x_wconf 86' lang='lat' dir='ltr'><strong>scala,</strong></span> <span class='ocrx_word' id='word_1_134' title='bbox 2762 496 2958 568; x_wconf 87' lang='lat' dir='ltr'><strong>erectis</strong></span> <span class='ocrx_word' id='word_1_135' title='bbox 3006 495 3440 556; x_wconf 83' lang='lat' dir='ltr'><strong>transversisque</strong></span> 
     </span>
    </p>
   </div>
   <div class='ocr_carea' id='block_1_21' title="bbox 1883 573 3438 656">
    <p class='ocr_par' dir='ltr' id='par_1_21' title="bbox 1883 573 3438 656">
     <span class='ocr_line' id='line_1_21' title="bbox 1883 573 3438 656; baseline 0.001 -17"><span class='ocrx_word' id='word_1_136' title='bbox 1883 587 2184 656; x_wconf 84' lang='lat' dir='ltr'><strong>composita</strong></span> <span class='ocrx_word' id='word_1_137' title='bbox 2235 586 2415 656; x_wconf 92' lang='lat' dir='ltr'><strong>lignis.</strong></span> <span class='ocrx_word' id='word_1_138' title='bbox 2448 584 2908 652; x_wconf 84' lang='lat' dir='ltr'><strong>Quemadmodum</strong></span> <span class='ocrx_word' id='word_1_139' title='bbox 2953 585 3117 655; x_wconf 90' lang='lat' dir='ltr'><strong>igitur</strong></span> <span class='ocrx_word' id='word_1_140' title='bbox 3163 573 3438 646; x_wconf 67' lang='lat' dir='ltr'><strong>memoriae</strong></span> 
     </span>
    </p>
   </div>
   <div class='ocr_carea' id='block_1_22' title="bbox 1884 676 3437 748">
    <p class='ocr_par' dir='ltr' id='par_1_22' title="bbox 1884 676 3437 748">
     <span class='ocr_line' id='line_1_22' title="bbox 1884 676 3437 748; baseline 0.003 -20"><span class='ocrx_word' id='word_1_141' title='bbox 1884 677 2103 732; x_wconf 73' lang='lat' dir='ltr'><strong>tradidit</strong></span> <span class='ocrx_word' id='word_1_142' title='bbox 2145 678 2348 732; x_wconf 84' lang='lat' dir='ltr'><strong>hancce</strong></span> <span class='ocrx_word' id='word_1_143' title='bbox 2395 677 2683 742; x_wconf 79' lang='lat' dir='ltr'><strong>visionem,</strong></span> <span class='ocrx_word' id='word_1_144' title='bbox 2715 678 2912 732; x_wconf 91' lang='lat' dir='ltr'><strong>tollens</strong></span> <span class='ocrx_word' id='word_1_145' title='bbox 2955 676 3209 747; x_wconf 87' lang='lat' dir='ltr'><strong>lapidem,</strong></span> <span class='ocrx_word' id='word_1_146' title='bbox 3243 678 3298 732; x_wconf 91' lang='lat' dir='ltr'><strong>in</strong></span> <span class='ocrx_word' id='word_1_147' title='bbox 3327 693 3437 748; x_wconf 89' lang='lat' dir='ltr'><strong>quo</strong></span> 
     </span>
    </p>
   </div>
   <div class='ocr_carea' id='block_1_23' title="bbox 1883 770 3436 838">
    <p class='ocr_par' dir='ltr' id='par_1_23' title="bbox 1883 770 3436 838">
     <span class='ocr_line' id='line_1_23' title="bbox 1883 770 3436 838; baseline 0.003 -16"><span class='ocrx_word' id='word_1_148' title='bbox 1883 781 2043 838; x_wconf 87' lang='lat' dir='ltr'><strong>caput</strong></span> <span class='ocrx_word' id='word_1_149' title='bbox 2070 770 2445 834; x_wconf 82' lang='lat' dir='ltr'><strong>reclinaverat,</strong></span> <span class='ocrx_word' id='word_1_150' title='bbox 2479 770 2745 825; x_wconf 63' lang='lat' dir='ltr'><strong>columnae</strong></span> <span class='ocrx_word' id='word_1_151' title='bbox 2771 770 2943 825; x_wconf 88' lang='lat' dir='ltr'><strong>instar</strong></span> <span class='ocrx_word' id='word_1_152' title='bbox 2982 771 3153 825; x_wconf 78' lang='lat' dir='ltr'><strong>erexit</strong></span> <span class='ocrx_word' id='word_1_153' title='bbox 3181 786 3324 834; x_wconf 89' lang='lat' dir='ltr'><strong>eum,</strong></span> <span class='ocrx_word' id='word_1_154' title='bbox 3350 772 3436 826; x_wconf 89' lang='lat' dir='ltr'><strong>hi-</strong></span> 
     </span>
    </p>
   </div>
   <div class='ocr_carea' id='block_1_24' title="bbox 1882 860 3433 931">
    <p class='ocr_par' dir='ltr' id='par_1_24' title="bbox 1882 860 3433 931">
     <span class='ocr_line' id='line_1_24' title="bbox 1882 860 3433 931; baseline -0.001 -15"><span class='ocrx_word' id='word_1_155' title='bbox 1882 860 2062 916; x_wconf 69' lang='lat' dir='ltr'><strong>storia:</strong></span> <span class='ocrx_word' id='word_1_156' title='bbox 2089 873 2515 924; x_wconf 87' lang='lat' dir='ltr'><strong>monumentum,</strong></span> <span class='ocrx_word' id='word_1_157' title='bbox 2542 860 2830 931; x_wconf 78' lang='lat' dir='ltr'><strong>imaginem</strong></span> <span class='ocrx_word' id='word_1_158' title='bbox 2875 868 3054 914; x_wconf 88' lang='lat' dir='ltr'><strong>autem</strong></span> <span class='ocrx_word' id='word_1_159' title='bbox 3102 860 3298 929; x_wconf 88' lang='lat' dir='ltr'><strong>speciei</strong></span> <span class='ocrx_word' id='word_1_160' title='bbox 3329 860 3433 915; x_wconf 86' lang='lat' dir='ltr'><strong>sibi</strong></span> 
     </span>
    </p>
   </div>
   <div class='ocr_carea' id='block_1_25' title="bbox 1880 949 3432 1019">
    <p class='ocr_par' dir='ltr' id='par_1_25' title="bbox 1880 949 3432 1019">
     <span class='ocr_line' id='line_1_25' title="bbox 1880 949 3432 1019; baseline 0 -17"><span class='ocrx_word' id='word_1_161' title='bbox 1880 951 2009 1003; x_wconf 71' lang='lat' dir='ltr'><strong>visa:</strong></span> <span class='ocrx_word' id='word_1_162' title='bbox 2041 956 2461 1019; x_wconf 76' lang='lat' dir='ltr'><strong>repraesentans,</strong></span> <span class='ocrx_word' id='word_1_163' title='bbox 2485 950 2537 1002; x_wconf 92' lang='lat' dir='ltr'><strong>in</strong></span> <span class='ocrx_word' id='word_1_164' title='bbox 2593 964 2657 1004; x_wconf 88' lang='lat' dir='ltr'><strong>eo</strong></span> <span class='ocrx_word' id='word_1_165' title='bbox 2709 949 2983 1003; x_wconf 65' lang='lat' dir='ltr'><strong>memoriae</strong></span> <span class='ocrx_word' id='word_1_166' title='bbox 3029 949 3432 1004; x_wconf 90' lang='lat' dir='ltr'><strong>renovationem</strong></span> 
     </span>
    </p>
   </div>
   <div class='ocr_carea' id='block_1_26' title="bbox 1879 1039 3432 1110">
    <p class='ocr_par' dir='ltr' id='par_1_26' title="bbox 1879 1039 3432 1110">
     <span class='ocr_line' id='line_1_26' title="bbox 1879 1039 3432 1110; baseline 0.001 -18"><span class='ocrx_word' id='word_1_167' title='bbox 1879 1041 2180 1095; x_wconf 88' lang='lat' dir='ltr'><strong>constituit.</strong></span> <span class='ocrx_word' id='word_1_168' title='bbox 2210 1039 2401 1095; x_wconf 66' lang='lat' dir='ltr'><strong>Aidem</strong></span> <span class='ocrx_word' id='word_1_169' title='bbox 2439 1039 2530 1095; x_wconf 89' lang='lat' dir='ltr'><strong>Dei</strong></span> <span class='ocrx_word' id='word_1_170' title='bbox 2591 1047 2767 1096; x_wconf 80' lang='lat' dir='ltr'><strong>autem</strong></span> <span class='ocrx_word' id='word_1_171' title='bbox 2797 1056 2920 1095; x_wconf 90' lang='lat' dir='ltr'><strong>cum</strong></span> <span class='ocrx_word' id='word_1_172' title='bbox 2974 1041 3266 1110; x_wconf 87' lang='lat' dir='ltr'><strong>appellaret</strong></span> <span class='ocrx_word' id='word_1_173' title='bbox 3307 1055 3432 1095; x_wconf 90' lang='lat' dir='ltr'><strong>eum</strong></span> 
     </span>
    </p>
   </div>
   <div class='ocr_carea' id='block_1_27' title="bbox 1877 1130 3432 1203">
    <p class='ocr_par' dir='ltr' id='par_1_27' title="bbox 1877 1130 3432 1203">
     <span class='ocr_line' id='line_1_27' title="bbox 1877 1130 3432 1203; baseline 0.003 -17"><span class='ocrx_word' id='word_1_174' title='bbox 1877 1130 2053 1187; x_wconf 87' lang='lat' dir='ltr'><strong>innuit</strong></span> <span class='ocrx_word' id='word_1_175' title='bbox 2077 1132 2244 1187; x_wconf 80' lang='lat' dir='ltr'><strong>divini</strong></span> <span class='ocrx_word' id='word_1_176' title='bbox 2274 1131 2430 1187; x_wconf 85' lang='lat' dir='ltr'><strong>Verbi</strong></span> <span class='ocrx_word' id='word_1_177' title='bbox 2459 1133 2736 1202; x_wconf 88' lang='lat' dir='ltr'><strong>templum,</strong></span> <span class='ocrx_word' id='word_1_178' title='bbox 2760 1131 3206 1203; x_wconf 84' lang='lat' dir='ltr'><strong>quemadmodum</strong></span> <span class='ocrx_word' id='word_1_179' title='bbox 3230 1141 3284 1188; x_wconf 90' lang='lat' dir='ltr'><strong>et</strong></span> <span class='ocrx_word' id='word_1_180' title='bbox 3317 1134 3432 1203; x_wconf 86' lang='lat' dir='ltr'><strong>ipse</strong></span> 
     </span>
    </p>
   </div>
   <div class='ocr_carea' id='block_1_28' title="bbox 1876 1223 3426 1294">
    <p class='ocr_par' dir='ltr' id='par_1_28' title="bbox 1876 1223 3426 1294">
     <span class='ocr_line' id='line_1_28' title="bbox 1876 1223 3426 1294; baseline -0.001 -14"><span class='ocrx_word' id='word_1_181' title='bbox 1876 1224 2532 1294; x_wconf 80' lang='lat' dir='ltr'><strong>exposuitOmnipotentis</strong></span> <span class='ocrx_word' id='word_1_182' title='bbox 2576 1223 2745 1279; x_wconf 90' lang='lat' dir='ltr'><strong>Filius</strong></span> <span class='ocrx_word' id='word_1_183' title='bbox 2777 1243 2790 1278; x_wconf 90' lang='lat'>:</span> <span class='ocrx_word' id='word_1_184' title='bbox 2827 1223 3019 1278; x_wconf 80' lang='lat' dir='ltr'><strong>Solvite</strong></span> <span class='ocrx_word' id='word_1_185' title='bbox 3047 1225 3289 1293; x_wconf 80' lang='lat' dir='ltr'><strong>templum</strong></span> <span class='ocrx_word' id='word_1_186' title='bbox 3311 1225 3426 1292; x_wconf 79' lang='lat' dir='ltr'><strong>hoc,</strong></span> 
     </span>
    </p>
   </div>
   <div class='ocr_carea' id='block_1_29' title="bbox 1874 1314 3428 1373">
    <p class='ocr_par' dir='ltr' id='par_1_29' title="bbox 1874 1314 3428 1373">
     <span class='ocr_line' id='line_1_29' title="bbox 1874 1314 3428 1373; baseline -0.001 -1"><span class='ocrx_word' id='word_1_187' title='bbox 1874 1328 1923 1372; x_wconf 79' lang='lat' dir='ltr'><strong>et</strong></span> <span class='ocrx_word' id='word_1_188' title='bbox 1954 1319 2007 1371; x_wconf 88' lang='lat' dir='ltr'><strong>in</strong></span> <span class='ocrx_word' id='word_1_189' title='bbox 2041 1317 2205 1372; x_wconf 80' lang='lat' dir='ltr'><strong>tribus</strong></span> <span class='ocrx_word' id='word_1_190' title='bbox 2227 1319 2406 1373; x_wconf 79' lang='lat' dir='ltr'><strong>diebus</strong></span> <span class='ocrx_word' id='word_1_191' title='bbox 2448 1317 2687 1371; x_wconf 71' lang='lat' dir='ltr'><strong>excitabo</strong></span> <span class='ocrx_word' id='word_1_192' title='bbox 2717 1317 2851 1370; x_wconf 82' lang='lat' dir='ltr'><strong>illud</strong></span> <span class='ocrx_word' id='word_1_193' title='bbox 2880 1317 2922 1372; x_wconf 89' lang='grc'><strong>³.</strong></span> <span class='ocrx_word' id='word_1_194' title='bbox 2963 1314 3078 1370; x_wconf 83' lang='lat' dir='ltr'><strong>Jam</strong></span> <span class='ocrx_word' id='word_1_195' title='bbox 3110 1332 3237 1373; x_wconf 91' lang='lat' dir='ltr'><strong>vero</strong></span> <span class='ocrx_word' id='word_1_196' title='bbox 3263 1318 3428 1371; x_wconf 87' lang='lat' dir='ltr'><strong>etiam</strong></span> 
     </span>
    </p>
   </div>
   <div class='ocr_carea' id='block_1_30' title="bbox 1875 1410 3426 1480">
    <p class='ocr_par' dir='ltr' id='par_1_30' title="bbox 1875 1410 3426 1480">
     <span class='ocr_line' id='line_1_30' title="bbox 1875 1410 3426 1480; baseline -0.001 -16"><span class='ocrx_word' id='word_1_197' title='bbox 1875 1418 2086 1480; x_wconf 89' lang='lat' dir='ltr'><strong>portam</strong></span> <span class='ocrx_word' id='word_1_198' title='bbox 2116 1410 2239 1464; x_wconf 88' lang='lat' dir='ltr'><strong>coeli</strong></span> <span class='ocrx_word' id='word_1_199' title='bbox 2271 1410 2600 1479; x_wconf 81' lang='lat' dir='ltr'><strong>nuncupavit</strong></span> <span class='ocrx_word' id='word_1_200' title='bbox 2623 1410 2797 1476; x_wconf 90' lang='lat' dir='ltr'><strong>illum,</strong></span> <span class='ocrx_word' id='word_1_201' title='bbox 2827 1410 3260 1480; x_wconf 86' lang='lat' dir='ltr'><strong>quandoquidem</strong></span> <span class='ocrx_word' id='word_1_202' title='bbox 3303 1425 3426 1477; x_wconf 90' lang='lat' dir='ltr'><strong>nos,</strong></span> 
     </span>
    </p>
   </div>
   <div class='ocr_carea' id='block_1_31' title="bbox 1875 1501 3428 1571">
    <p class='ocr_par' dir='ltr' id='par_1_31' title="bbox 1875 1501 3428 1571">
     <span class='ocr_line' id='line_1_31' title="bbox 1875 1501 3428 1571; baseline -0.001 -14"><span class='ocrx_word' id='word_1_203' title='bbox 1875 1501 2052 1557; x_wconf 89' lang='lat' dir='ltr'><strong>divina</strong></span> <span class='ocrx_word' id='word_1_204' title='bbox 2078 1501 2279 1556; x_wconf 88' lang='lat' dir='ltr'><strong>Christi</strong></span> <span class='ocrx_word' id='word_1_205' title='bbox 2309 1516 2409 1570; x_wconf 91' lang='lat' dir='ltr'><strong>ope</strong></span> <span class='ocrx_word' id='word_1_206' title='bbox 2435 1501 2731 1556; x_wconf 86' lang='lat' dir='ltr'><strong>secundum</strong></span> <span class='ocrx_word' id='word_1_207' title='bbox 2755 1515 2954 1570; x_wconf 90' lang='lat' dir='ltr'><strong>corpus</strong></span> <span class='ocrx_word' id='word_1_208' title='bbox 2986 1507 3038 1555; x_wconf 88' lang='lat' dir='ltr'><strong>et</strong></span> <span class='ocrx_word' id='word_1_209' title='bbox 3061 1501 3294 1554; x_wconf 87' lang='lat' dir='ltr'><strong>animam</strong></span> <span class='ocrx_word' id='word_1_210' title='bbox 3325 1517 3428 1571; x_wconf 88' lang='lat' dir='ltr'><strong>pu-</strong></span> 
     </span>
    </p>
   </div>
   <div class='ocr_carea' id='block_1_32' title="bbox 1875 1592 3424 1662">
    <p class='ocr_par' dir='ltr' id='par_1_32' title="bbox 1875 1592 3424 1662">
     <span class='ocr_line' id='line_1_32' title="bbox 1875 1592 3424 1662; baseline 0.001 -15"><span class='ocrx_word' id='word_1_211' title='bbox 1875 1593 2090 1658; x_wconf 85' lang='lat' dir='ltr'><strong>rilicati,</strong></span> <span class='ocrx_word' id='word_1_212' title='bbox 2116 1593 2182 1647; x_wconf 89' lang='lat' dir='ltr'><strong>ad</strong></span> <span class='ocrx_word' id='word_1_213' title='bbox 2212 1592 2445 1646; x_wconf 84' lang='lat' dir='ltr'><strong>divinam</strong></span> <span class='ocrx_word' id='word_1_214' title='bbox 2500 1592 2757 1646; x_wconf 84' lang='lat' dir='ltr'><strong>accedere</strong></span> <span class='ocrx_word' id='word_1_215' title='bbox 2804 1607 3096 1662; x_wconf 86' lang='lat' dir='ltr'><strong>possumus</strong></span> <span class='ocrx_word' id='word_1_216' title='bbox 3152 1600 3424 1648; x_wconf 88' lang='lat' dir='ltr'><strong>naturam.</strong></span> 
     </span>
    </p>
   </div>
   <div class='ocr_carea' id='block_1_33' title="bbox 1873 1683 3428 1756">
    <p class='ocr_par' dir='ltr' id='par_1_33' title="bbox 1873 1683 3428 1756">
     <span class='ocr_line' id='line_1_33' title="bbox 1873 1683 3428 1756; baseline -0.001 -18"><span class='ocrx_word' id='word_1_217' title='bbox 1873 1683 2209 1756; x_wconf 82' lang='lat' dir='ltr'><strong>Quapropter</strong></span> <span class='ocrx_word' id='word_1_218' title='bbox 2230 1701 2329 1740; x_wconf 89' lang='lat' dir='ltr'><strong>nec</strong></span> <span class='ocrx_word' id='word_1_219' title='bbox 2355 1683 2554 1740; x_wconf 83' lang='lat' dir='ltr'><strong>frustra</strong></span> <span class='ocrx_word' id='word_1_220' title='bbox 2582 1684 2758 1738; x_wconf 91' lang='lat' dir='ltr'><strong>oleum</strong></span> <span class='ocrx_word' id='word_1_221' title='bbox 2777 1683 2973 1738; x_wconf 72' lang='lat' dir='ltr'><strong>infudit</strong></span> <span class='ocrx_word' id='word_1_222' title='bbox 3001 1683 3188 1738; x_wconf 80' lang='lat' dir='ltr'><strong>vertici</strong></span> <span class='ocrx_word' id='word_1_223' title='bbox 3217 1685 3428 1738; x_wconf 80' lang='lat' dir='ltr'><strong>colum-</strong></span> 
     </span>
    </p>
   </div>
   <div class='ocr_carea' id='block_1_34' title="bbox 214 1766 1762 1848">
    <p class='ocr_par' dir='ltr' id='par_1_34' title="bbox 214 1766 1762 1846">
     <span class='ocr_line' id='line_1_34' title="bbox 214 1766 1762 1846; baseline 0 -19"><span class='ocrx_word' id='word_1_224' title='bbox 214 1773 509 1844; x_wconf 74' lang='grc' dir='ltr'>δηλωτικὸν</span> <span class='ocrx_word' id='word_1_225' title='bbox 553 1770 641 1845; x_wconf 81' lang='grc' dir='ltr'>ἦν,</span> <span class='ocrx_word' id='word_1_226' title='bbox 669 1766 732 1828; x_wconf 68' lang='grc' dir='ltr'><strong>οὗ</strong></span> <span class='ocrx_word' id='word_1_227' title='bbox 775 1772 1120 1846; x_wconf 82' lang='grc' dir='ltr'>διεπράττετο</span> <span class='ocrx_word' id='word_1_228' title='bbox 1168 1774 1467 1836; x_wconf 82' lang='grc' dir='ltr'>σπουδαίως</span> <span class='ocrx_word' id='word_1_229' title='bbox 1501 1776 1532 1845; x_wconf 79' lang='grc' dir='ltr'><strong>ἡ</strong></span> <span class='ocrx_word' id='word_1_230' title='bbox 1568 1774 1762 1846; x_wconf 65' lang='grc' dir='ltr'>Μαρία,</span> 
     </span>
    </p>
   </div>
   <div class='ocr_carea' id='block_1_35' title="bbox 1865 1766 3424 1848">
    <p class='ocr_par' dir='ltr' id='par_1_35' title="bbox 1879 1776 3424 1848">
     <span class='ocr_line' id='line_1_35' title="bbox 1879 1776 3424 1848; baseline 0.001 -17"><span class='ocrx_word' id='word_1_231' title='bbox 1879 1793 1978 1841; x_wconf 76' lang='lat' dir='ltr'><strong>me,</strong></span> <span class='ocrx_word' id='word_1_232' title='bbox 2008 1777 2104 1832; x_wconf 89' lang='lat' dir='ltr'><strong>sed</strong></span> <span class='ocrx_word' id='word_1_233' title='bbox 2129 1778 2232 1832; x_wconf 86' lang='lat' dir='ltr'><strong>hoc</strong></span> <span class='ocrx_word' id='word_1_234' title='bbox 2259 1777 2472 1846; x_wconf 88' lang='lat' dir='ltr'><strong>quidem</strong></span> <span class='ocrx_word' id='word_1_235' title='bbox 2497 1776 2855 1848; x_wconf 69' lang='lat' dir='ltr'><strong>praeliguravit</strong></span> <span class='ocrx_word' id='word_1_236' title='bbox 2891 1776 3044 1839; x_wconf 85' lang='lat' dir='ltr'><strong>illud,</strong></span> <span class='ocrx_word' id='word_1_237' title='bbox 3082 1777 3224 1846; x_wconf 89' lang='lat' dir='ltr'><strong>quod</strong></span> <span class='ocrx_word' id='word_1_238' title='bbox 3257 1776 3424 1832; x_wconf 85' lang='lat' dir='ltr'><strong>Maria</strong></span> 
     </span>
    </p>
   </div>
   <div class='ocr_carea' id='block_1_36' title="bbox 219 1864 1766 1937">
    <p class='ocr_par' dir='ltr' id='par_1_36' title="bbox 219 1864 1766 1937">
     <span class='ocr_line' id='line_1_36' title="bbox 219 1864 1766 1937; baseline 0.003 -21"><span class='ocrx_word' id='word_1_239' title='bbox 219 1864 389 1936; x_wconf 76' lang='grc' dir='ltr'>μύρον</span> <span class='ocrx_word' id='word_1_240' title='bbox 419 1864 489 1930; x_wconf 75' lang='grc' dir='ltr'><strong>’ἐξ</strong></span> <span class='ocrx_word' id='word_1_241' title='bbox 533 1865 712 1937; x_wconf 81' lang='grc' dir='ltr'>ἄκρων</span> <span class='ocrx_word' id='word_1_242' title='bbox 744 1865 1032 1935; x_wconf 82' lang='grc' dir='ltr'>ὲπιχέουσα</span> <span class='ocrx_word' id='word_1_243' title='bbox 1065 1868 1176 1929; x_wconf 85' lang='grc' dir='ltr'>τοῖς</span> <span class='ocrx_word' id='word_1_244' title='bbox 1201 1865 1293 1919; x_wconf 82' lang='grc' dir='ltr'>τοῦ</span> <span class='ocrx_word' id='word_1_245' title='bbox 1323 1865 1556 1936; x_wconf 78' lang='grc' dir='ltr'>Χριστοῦ</span> <span class='ocrx_word' id='word_1_246' title='bbox 1590 1867 1766 1923; x_wconf 85' lang='grc' dir='ltr'>ποσίν.</span> 
     </span>
    </p>
   </div>
   <div class='ocr_carea' id='block_1_37' title="bbox 223 1955 1768 2028">
    <p class='ocr_par' dir='ltr' id='par_1_37' title="bbox 223 1955 1768 2028">
     <span class='ocr_line' id='line_1_37' title="bbox 223 1955 1768 2028; baseline 0.003 -20"><span class='ocrx_word' id='word_1_247' title='bbox 223 1955 358 2008; x_wconf 67' lang='grc' dir='ltr'><strong>Αὐτὸ</strong></span> <span class='ocrx_word' id='word_1_248' title='bbox 388 1955 446 2008; x_wconf 84' lang='grc' dir='ltr'><strong>δὲ</strong></span> <span class='ocrx_word' id='word_1_249' title='bbox 471 1955 628 2010; x_wconf 82' lang='grc' dir='ltr'>πάλιν</span> <span class='ocrx_word' id='word_1_250' title='bbox 659 1956 947 2026; x_wconf 80' lang='grc' dir='ltr'>ἐτύγχανεν</span> <span class='ocrx_word' id='word_1_251' title='bbox 983 1957 1156 2009; x_wconf 86' lang='grc' dir='ltr'>ἐκεῖνο</span> <span class='ocrx_word' id='word_1_252' title='bbox 1187 1959 1405 2028; x_wconf 83' lang='grc' dir='ltr'><strong>μήνυμα</strong></span> <span class='ocrx_word' id='word_1_253' title='bbox 1438 1960 1536 2028; x_wconf 73' lang='grc' dir='ltr'>τῆς</span> <span class='ocrx_word' id='word_1_254' title='bbox 1576 1959 1768 2028; x_wconf 84' lang='grc' dir='ltr'>ταφῆς,</span> 
     </span>
    </p>
   </div>
   <div class='ocr_carea' id='block_1_38' title="bbox 209 2045 1772 2121">
    <p class='ocr_par' dir='ltr' id='par_1_38' title="bbox 209 2045 1772 2121">
     <span class='ocr_line' id='line_1_38' title="bbox 209 2045 1772 2121; baseline 0.004 -24"><span class='ocrx_word' id='word_1_255' title='bbox 209 2045 286 2108; x_wconf 78' lang='grc' dir='ltr'>ὡς</span> <span class='ocrx_word' id='word_1_256' title='bbox 313 2045 476 2110; x_wconf 81' lang='grc' dir='ltr'>αὐτὸς</span> <span class='ocrx_word' id='word_1_257' title='bbox 505 2049 824 2120; x_wconf 72' lang='grc' dir='ltr'>ἐσαφήνισεν</span> <span class='ocrx_word' id='word_1_258' title='bbox 855 2049 1151 2120; x_wconf 76' lang='grc' dir='ltr'>ἀναφανδὸν</span> <span class='ocrx_word' id='word_1_259' title='bbox 1171 2049 1199 2100; x_wconf 87' lang='grc' dir='ltr'>ὁ</span> <span class='ocrx_word' id='word_1_260' title='bbox 1225 2048 1448 2121; x_wconf 76' lang='grc' dir='ltr'>Κύριοςο</span> <span class='ocrx_word' id='word_1_261' title='bbox 1465 2051 1521 2102; x_wconf 85' lang='lat'><strong>&#39;0</strong></span> <span class='ocrx_word' id='word_1_262' title='bbox 1542 2051 1598 2103; x_wconf 78' lang='grc' dir='ltr'><strong>δὲ</strong></span> <span class='ocrx_word' id='word_1_263' title='bbox 1626 2050 1772 2114; x_wconf 82' lang='grc' dir='ltr'>λίθος</span> 
     </span>
    </p>
   </div>
   <div class='ocr_carea' id='block_1_39' title="bbox 210 2127 1771 2211">
    <p class='ocr_par' dir='ltr' id='par_1_39' title="bbox 210 2127 1771 2211">
     <span class='ocr_line' id='line_1_39' title="bbox 210 2127 1771 2211; baseline 0.005 -25"><span class='ocrx_word' id='word_1_264' title='bbox 210 2127 362 2198; x_wconf 77' lang='grc' dir='ltr'>οὗτος</span> <span class='ocrx_word' id='word_1_265' title='bbox 397 2138 648 2201; x_wconf 77' lang='grc' dir='ltr'>εἰκονίςει</span> <span class='ocrx_word' id='word_1_266' title='bbox 692 2137 781 2192; x_wconf 82' lang='grc' dir='ltr'>τὸν</span> <span class='ocrx_word' id='word_1_267' title='bbox 837 2140 1222 2211; x_wconf 67' lang='grc' dir='ltr'>ἀκρογωνιαὶον</span> <span class='ocrx_word' id='word_1_268' title='bbox 1263 2140 1476 2192; x_wconf 77' lang='grc' dir='ltr'>ἐκεῖνον.</span> <span class='ocrx_word' id='word_1_269' title='bbox 1512 2138 1675 2204; x_wconf 76' lang='grc' dir='ltr'>λίθον,</span> <span class='ocrx_word' id='word_1_270' title='bbox 1699 2140 1771 2194; x_wconf 83' lang='grc' dir='ltr'><strong>ὃν</strong></span> 
     </span>
    </p>
   </div>
   <div class='ocr_carea' id='block_1_40' title="bbox 208 2227 1769 2302">
    <p class='ocr_par' dir='ltr' id='par_1_40' title="bbox 208 2227 1769 2302">
     <span class='ocr_line' id='line_1_40' title="bbox 208 2227 1769 2302; baseline 0.003 -20"><span class='ocrx_word' id='word_1_271' title='bbox 208 2227 662 2298; x_wconf 71' lang='grc' dir='ltr'>ἀπεδοκίμασαν</span> <span class='ocrx_word' id='word_1_272' title='bbox 686 2229 804 2300; x_wconf 77' lang='grc' dir='ltr'><strong>μὲν</strong></span> <span class='ocrx_word' id='word_1_273' title='bbox 831 2233 904 2284; x_wconf 79' lang='grc' dir='ltr'>οί“</span> <span class='ocrx_word' id='word_1_274' title='bbox 929 2231 1396 2302; x_wconf 83' lang='grc' dir='ltr'>οίκοδομοῦντες,</span> <span class='ocrx_word' id='word_1_275' title='bbox 1427 2234 1514 2298; x_wconf 84' lang='grc' dir='ltr'><strong>είς</strong></span> <span class='ocrx_word' id='word_1_276' title='bbox 1554 2233 1769 2300; x_wconf 65' lang='grc' dir='ltr'>γωνίας</span> 
     </span>
    </p>
   </div>
   <div class='ocr_carea' id='block_1_41' title="bbox 204 2320 867 2391">
    <p class='ocr_par' dir='ltr' id='par_1_41' title="bbox 204 2320 867 2391">
     <span class='ocr_line' id='line_1_41' title="bbox 204 2320 867 2391; baseline 0.005 -16"><span class='ocrx_word' id='word_1_277' title='bbox 204 2320 274 2375; x_wconf 71' lang='grc' dir='ltr'><strong>δὲ</strong></span> <span class='ocrx_word' id='word_1_278' title='bbox 305 2320 585 2390; x_wconf 65' lang='grc' dir='ltr'><strong>κεφαλὴν</strong></span> <span class='ocrx_word' id='word_1_279' title='bbox 613 2320 867 2391; x_wconf 69' lang='grc' dir='ltr'>ἐγένετο.</span> 
     </span>
    </p>
   </div>
   <div class='ocr_carea' id='block_1_42' title="bbox 275 2411 1281 2479">
    <p class='ocr_par' dir='ltr' id='par_1_42' title="bbox 275 2411 1281 2479">
     <span class='ocr_line' id='line_1_42' title="bbox 275 2411 1281 2479; baseline 0.007 -14"><span class='ocrx_word' id='word_1_280' title='bbox 275 2413 297 2445; x_wconf 87' lang='grc'><em>³</em></span> <span class='ocrx_word' id='word_1_281' title='bbox 330 2411 499 2469; x_wconf 82' lang='lat' dir='ltr'><strong>Joan.</strong></span> <span class='ocrx_word' id='word_1_282' title='bbox 525 2431 585 2479; x_wconf 87' lang='lat' dir='ltr'><strong>ll,</strong></span> <span class='ocrx_word' id='word_1_283' title='bbox 623 2415 709 2470; x_wconf 67' lang='lat'><strong>1-9.</strong></span> <span class='ocrx_word' id='word_1_284' title='bbox 782 2416 802 2447; x_wconf 74' lang='grc'>⁸</span> <span class='ocrx_word' id='word_1_285' title='bbox 830 2415 982 2472; x_wconf 74' lang='lat' dir='ltr'><strong>Psal.</strong></span> <span class='ocrx_word' id='word_1_286' title='bbox 1005 2431 1170 2479; x_wconf 78' lang='lat' dir='ltr'><strong>cxvii,</strong></span> <span class='ocrx_word' id='word_1_287' title='bbox 1191 2415 1281 2472; x_wconf 61' lang='grc' dir='ltr'><strong>ξε.</strong></span> 
     </span>
    </p>
   </div>
   <div class='ocr_carea' id='block_1_43' title="bbox 1869 1867 3424 1940">
    <p class='ocr_par' dir='ltr' id='par_1_43' title="bbox 1869 1867 3424 1940">
     <span class='ocr_line' id='line_1_43' title="bbox 1869 1867 3424 1940; baseline -0.001 -17"><span class='ocrx_word' id='word_1_288' title='bbox 1869 1869 2094 1923; x_wconf 80' lang='lat' dir='ltr'><strong>solerter</strong></span> <span class='ocrx_word' id='word_1_289' title='bbox 2137 1867 2283 1935; x_wconf 84' lang='lat' dir='ltr'><strong>fecit,</strong></span> <span class='ocrx_word' id='word_1_290' title='bbox 2312 1877 2642 1939; x_wconf 90' lang='lat' dir='ltr'><strong>unguentum</strong></span> <span class='ocrx_word' id='word_1_291' title='bbox 2673 1883 2904 1938; x_wconf 86' lang='lat' dir='ltr'><strong>superne</strong></span> <span class='ocrx_word' id='word_1_292' title='bbox 2953 1867 3243 1925; x_wconf 82' lang='lat' dir='ltr'><strong>infundens</strong></span> <span class='ocrx_word' id='word_1_293' title='bbox 3272 1869 3424 1940; x_wconf 82' lang='lat' dir='ltr'><strong>pedi-</strong></span> 
     </span>
    </p>
   </div>
   <div class='ocr_carea' id='block_1_44' title="bbox 1869 1960 3422 2030">
    <p class='ocr_par' dir='ltr' id='par_1_44' title="bbox 1869 1960 3422 2030">
     <span class='ocr_line' id='line_1_44' title="bbox 1869 1960 3422 2030; baseline -0.002 -13"><span class='ocrx_word' id='word_1_294' title='bbox 1869 1963 1972 2017; x_wconf 89' lang='lat' dir='ltr'><strong>bus</strong></span> <span class='ocrx_word' id='word_1_295' title='bbox 2003 1960 2228 2016; x_wconf 86' lang='lat' dir='ltr'><strong>Christi.</strong></span> <span class='ocrx_word' id='word_1_296' title='bbox 2261 1961 2397 2015; x_wconf 82' lang='lat' dir='ltr'><strong>Illud</strong></span> <span class='ocrx_word' id='word_1_297' title='bbox 2438 1968 2616 2016; x_wconf 91' lang='lat' dir='ltr'><strong>autem</strong></span> <span class='ocrx_word' id='word_1_298' title='bbox 2647 1962 2818 2030; x_wconf 91' lang='lat' dir='ltr'><strong>ipsum</strong></span> <span class='ocrx_word' id='word_1_299' title='bbox 2851 1961 3009 2013; x_wconf 89' lang='lat' dir='ltr'><strong>etiam</strong></span> <span class='ocrx_word' id='word_1_300' title='bbox 3051 1960 3152 2014; x_wconf 77' lang='lat' dir='ltr'><strong>fuit</strong></span> <span class='ocrx_word' id='word_1_301' title='bbox 3207 1960 3422 2030; x_wconf 89' lang='lat' dir='ltr'><strong>signum</strong></span> 
     </span>
    </p>
   </div>
   <div class='ocr_carea' id='block_1_45' title="bbox 1823 2050 3422 2124">
    <p class='ocr_par' dir='ltr' id='par_1_45' title="bbox 1823 2050 3422 2124">
     <span class='ocr_line' id='line_1_45' title="bbox 1823 2050 3422 2124; baseline -0.006 -11"><span class='ocrx_word' id='word_1_302' title='bbox 1823 2108 1829 2113; x_wconf 86' lang='lat'><strong>.</strong></span> <span class='ocrx_word' id='word_1_303' title='bbox 1875 2054 2189 2124; x_wconf 74' lang='lat' dir='ltr'><strong>sepulturae,</strong></span> <span class='ocrx_word' id='word_1_304' title='bbox 2219 2053 2297 2108; x_wconf 89' lang='lat' dir='ltr'><strong>uti</strong></span> <span class='ocrx_word' id='word_1_305' title='bbox 2347 2054 2461 2123; x_wconf 88' lang='lat' dir='ltr'><strong>ipse</strong></span> <span class='ocrx_word' id='word_1_306' title='bbox 2487 2054 2788 2109; x_wconf 82' lang='lat' dir='ltr'><strong>luculenter</strong></span> <span class='ocrx_word' id='word_1_307' title='bbox 2824 2051 3217 2109; x_wconf 82' lang='lat' dir='ltr'><strong>demonstravit</strong></span> <span class='ocrx_word' id='word_1_308' title='bbox 3239 2050 3422 2105; x_wconf 89' lang='lat' dir='ltr'><strong>Domi-</strong></span> 
     </span>
    </p>
   </div>
   <div class='ocr_carea' id='block_1_46' title="bbox 1869 2143 3421 2216">
    <p class='ocr_par' dir='ltr' id='par_1_46' title="bbox 1869 2143 3421 2216">
     <span class='ocr_line' id='line_1_46' title="bbox 1869 2143 3421 2216; baseline -0.003 -16"><span class='ocrx_word' id='word_1_309' title='bbox 1869 2161 1992 2201; x_wconf 89' lang='lat' dir='ltr'><strong>nus.</strong></span> <span class='ocrx_word' id='word_1_310' title='bbox 2024 2144 2186 2200; x_wconf 83' lang='lat' dir='ltr'><strong>Hicce</strong></span> <span class='ocrx_word' id='word_1_311' title='bbox 2216 2159 2343 2200; x_wconf 91' lang='lat' dir='ltr'><strong>vero</strong></span> <span class='ocrx_word' id='word_1_312' title='bbox 2368 2145 2506 2215; x_wconf 91' lang='lat' dir='ltr'><strong>lapis</strong></span> <span class='ocrx_word' id='word_1_313' title='bbox 2534 2146 2836 2216; x_wconf 77' lang='lat' dir='ltr'><strong>praetigurat</strong></span> <span class='ocrx_word' id='word_1_314' title='bbox 2869 2144 3100 2214; x_wconf 90' lang='lat' dir='ltr'><strong>lapidem</strong></span> <span class='ocrx_word' id='word_1_315' title='bbox 3137 2143 3286 2197; x_wconf 86' lang='lat' dir='ltr'><strong>illum</strong></span> <span class='ocrx_word' id='word_1_316' title='bbox 3322 2157 3421 2196; x_wconf 91' lang='lat' dir='ltr'><strong>an-</strong></span> 
     </span>
    </p>
   </div>
   <div class='ocr_carea' id='block_1_47' title="bbox 1868 2234 3419 2310">
    <p class='ocr_par' dir='ltr' id='par_1_47' title="bbox 1868 2234 3419 2310">
     <span class='ocr_line' id='line_1_47' title="bbox 1868 2234 3419 2310; baseline -0.003 -20"><span class='ocrx_word' id='word_1_317' title='bbox 1868 2239 2132 2308; x_wconf 84' lang='lat' dir='ltr'><strong>gularem,</strong></span> <span class='ocrx_word' id='word_1_318' title='bbox 2157 2254 2305 2307; x_wconf 83' lang='lat' dir='ltr'><strong>quem</strong></span> <span class='ocrx_word' id='word_1_319' title='bbox 2331 2237 2747 2310; x_wconf 34' lang='lat' dir='ltr'><strong>reprobaverunt&#39;</strong></span> <span class='ocrx_word' id='word_1_320' title='bbox 2775 2237 3116 2306; x_wconf 73' lang='lat' dir='ltr'><strong>azdi/icantes,</strong></span> <span class='ocrx_word' id='word_1_321' title='bbox 3145 2234 3316 2305; x_wconf 74' lang='lat' dir='ltr'><strong>{actus</strong></span> <span class='ocrx_word' id='word_1_322' title='bbox 3339 2240 3419 2286; x_wconf 75' lang='lat' dir='ltr'><strong>est</strong></span> 
     </span>
    </p>
   </div>
   <div class='ocr_carea' id='block_1_48' title="bbox 1868 2325 2572 2396">
    <p class='ocr_par' dir='ltr' id='par_1_48' title="bbox 1868 2325 2572 2396">
     <span class='ocr_line' id='line_1_48' title="bbox 1868 2325 2572 2396; baseline 0.006 -18"><span class='ocrx_word' id='word_1_323' title='bbox 1868 2335 2044 2380; x_wconf 80' lang='lat' dir='ltr'><strong>autem</strong></span> <span class='ocrx_word' id='word_1_324' title='bbox 2072 2326 2124 2380; x_wconf 80' lang='lat' dir='ltr'><strong>in</strong></span> <span class='ocrx_word' id='word_1_325' title='bbox 2150 2335 2304 2396; x_wconf 80' lang='lat' dir='ltr'><strong>caput</strong></span> <span class='ocrx_word' id='word_1_326' title='bbox 2332 2325 2572 2396; x_wconf 76' lang='lat' dir='ltr'><strong>anguli‘.</strong></span> 
     </span>
    </p>
   </div>
   <div class='ocr_carea' id='block_1_49' title="bbox 2599 2533 3386 2582">
    <p class='ocr_par' dir='ltr' id='par_1_49' title="bbox 2599 2533 3386 2582">
     <span class='ocr_line' id='line_1_49' title="bbox 2599 2533 3386 2582; baseline 0.001 -13"><span class='ocrx_word' id='word_1_327' title='bbox 2599 2533 3386 2582; x_wconf 52' lang='lat' dir='ltr'><strong>=====n=a</strong></span> 
     </span>
    </p>
   </div>
   <div class='ocr_carea' id='block_1_50' title="bbox 211 2538 2734 2575">
    <p class='ocr_par' dir='ltr' id='par_1_50' title="bbox 211 2538 2734 2575">
     <span class='ocr_line' id='line_1_50' title="bbox 211 2538 2734 2575; baseline -0.002 0"><span class='ocrx_word' id='word_1_328' title='bbox 211 2538 2734 2575; x_wconf 40' lang='grc' dir='ltr'><strong>ΕΜ</strong></span> 
     </span>
    </p>
   </div>
   <div class='ocr_carea' id='block_1_51' title="bbox 753 2693 2867 2814">
    <p class='ocr_par' dir='ltr' id='par_1_51' title="bbox 753 2693 2867 2814">
     <span class='ocr_line' id='line_1_51' title="bbox 753 2693 2867 2814; baseline -0.001 -4"><span class='ocrx_word' id='word_1_329' title='bbox 753 2697 1438 2814; x_wconf 71' lang='lat' dir='ltr'><strong>LlTURGIA.</strong></span> <span class='ocrx_word' id='word_1_330' title='bbox 1513 2696 2030 2812; x_wconf 84' lang='lat' dir='ltr'><strong>SANCTI</strong></span> <span class='ocrx_word' id='word_1_331' title='bbox 2095 2693 2867 2813; x_wconf 85' lang='lat' dir='ltr'><strong>EUSTATHII</strong></span> 
     </span>
    </p>
   </div>
   <div class='ocr_carea' id='block_1_52' title="bbox 878 2910 2716 3007">
    <p class='ocr_par' dir='ltr' id='par_1_52' title="bbox 878 2910 2716 3007">
     <span class='ocr_line' id='line_1_52' title="bbox 878 2910 2716 3007; baseline -0.002 -2"><span class='ocrx_word' id='word_1_332' title='bbox 878 2916 1304 3006; x_wconf 82' lang='lat' dir='ltr'><strong>PATRIA</strong></span> <span class='ocrx_word' id='word_1_333' title='bbox 1329 2915 1666 3007; x_wconf 65' lang='lat' dir='ltr'><strong>RCHZE</strong></span> <span class='ocrx_word' id='word_1_334' title='bbox 1735 2911 2483 3006; x_wconf 81' lang='lat' dir='ltr'><strong>ANTIOCHENI</strong></span> <span class='ocrx_word' id='word_1_335' title='bbox 2555 2910 2716 3002; x_wconf 75' lang='lat'><strong>(&#39;26).</strong></span> 
     </span>
    </p>
   </div>
   <div class='ocr_carea' id='block_1_53' title="bbox 575 3039 3063 3133">
    <p class='ocr_par' dir='ltr' id='par_1_53' title="bbox 575 3039 3063 3133">
     <span class='ocr_line' id='line_1_53' title="bbox 575 3039 3063 3133; baseline 0 -15"><span class='ocrx_word' id='word_1_336' title='bbox 575 3067 1228 3133; x_wconf 61' lang='lat' dir='ltr'><strong>(Rsnaonor,~Liturgiarum</strong></span> <span class='ocrx_word' id='word_1_337' title='bbox 1253 3067 1566 3121; x_wconf 80' lang='lat' dir='ltr'><strong>Orientalium</strong></span> <span class='ocrx_word' id='word_1_338' title='bbox 1587 3065 1825 3127; x_wconf 73' lang='lat' dir='ltr'><strong>collectio,</strong></span> <span class='ocrx_word' id='word_1_339' title='bbox 1854 3067 1933 3117; x_wconf 66' lang='lat' dir='ltr'><strong>ed;</strong></span> <span class='ocrx_word' id='word_1_340' title='bbox 1959 3063 2023 3127; x_wconf 86' lang='lat' dir='ltr'><strong>II,</strong></span> <span class='ocrx_word' id='word_1_341' title='bbox 2049 3066 2353 3117; x_wconf 78' lang='lat' dir='ltr'><strong>Francol‘urti</strong></span> <span class='ocrx_word' id='word_1_342' title='bbox 2379 3067 2513 3126; x_wconf 81' lang='grc'><strong>1817,</strong></span> <span class='ocrx_word' id='word_1_343' title='bbox 2542 3069 2594 3118; x_wconf 90' lang='lat' dir='ltr'><strong>in</strong></span> <span class='ocrx_word' id='word_1_344' title='bbox 2627 3067 2704 3129; x_wconf 65' lang='lat'><strong>4°,</strong></span> <span class='ocrx_word' id='word_1_345' title='bbox 2729 3073 2769 3118; x_wconf 77' lang='lat' dir='ltr'><strong>t.</strong></span> <span class='ocrx_word' id='word_1_346' title='bbox 2795 3063 2842 3128; x_wconf 85' lang='lat' dir='ltr'><strong>l,</strong></span> <span class='ocrx_word' id='word_1_347' title='bbox 2931 3069 3063 3132; x_wconf 65' lang='grc'><strong>231.)</strong></span> 
     </span>
    </p>
   </div>
   <div class='ocr_carea' id='block_1_54' title="bbox 498 3234 1478 3308">
    <p class='ocr_par' dir='ltr' id='par_1_54' title="bbox 498 3234 1478 3308">
     <span class='ocr_line' id='line_1_54' title="bbox 498 3234 1478 3308; baseline 0.006 -18"><span class='ocrx_word' id='word_1_348' title='bbox 498 3234 681 3291; x_wconf 75' lang='lat' dir='ltr'><strong>Primo</strong></span> <span class='ocrx_word' id='word_1_349' title='bbox 705 3237 876 3292; x_wconf 82' lang='lat' dir='ltr'><strong>oratio</strong></span> <span class='ocrx_word' id='word_1_350' title='bbox 902 3247 1024 3292; x_wconf 90' lang='lat' dir='ltr'><strong>ante</strong></span> <span class='ocrx_word' id='word_1_351' title='bbox 1049 3238 1284 3293; x_wconf 73' lang='lat' dir='ltr'><strong>osculum</strong></span> <span class='ocrx_word' id='word_1_352' title='bbox 1312 3241 1478 3308; x_wconf 84' lang='lat' dir='ltr'><strong>pacis.</strong></span> 
     </span>
    </p>
   </div>
   <div class='ocr_carea' id='block_1_55' title="bbox 271 3329 1751 3398">
    <p class='ocr_par' dir='ltr' id='par_1_55' title="bbox 271 3329 1751 3398">
     <span class='ocr_line' id='line_1_55' title="bbox 271 3329 1751 3398; baseline 0.001 -11"><span class='ocrx_word' id='word_1_353' title='bbox 271 3332 418 3388; x_wconf 82' lang='lat' dir='ltr'><strong>Deus</strong></span> <span class='ocrx_word' id='word_1_354' title='bbox 467 3331 708 3387; x_wconf 86' lang='lat' dir='ltr'><strong>clemens</strong></span> <span class='ocrx_word' id='word_1_355' title='bbox 752 3339 806 3386; x_wconf 84' lang='lat' dir='ltr'><strong>et</strong></span> <span class='ocrx_word' id='word_1_356' title='bbox 849 3331 1029 3384; x_wconf 78' lang='lat' dir='ltr'><strong>multae</strong></span> <span class='ocrx_word' id='word_1_357' title='bbox 1057 3329 1465 3397; x_wconf 73' lang='lat' dir='ltr'><strong>misericordiae,</strong></span> <span class='ocrx_word' id='word_1_358' title='bbox 1497 3330 1751 3398; x_wconf 82' lang='lat' dir='ltr'><strong>Domine,</strong></span> 
     </span>
    </p>
   </div>
   <div class='ocr_carea' id='block_1_56' title="bbox 199 3423 1758 3501">
    <p class='ocr_par' dir='ltr' id='par_1_56' title="bbox 199 3423 1758 3501">
     <span class='ocr_line' id='line_1_56' title="bbox 199 3423 1758 3501; baseline -0.001 -17"><span class='ocrx_word' id='word_1_359' title='bbox 199 3430 295 3501; x_wconf 86' lang='lat' dir='ltr'><strong>qui</strong></span> <span class='ocrx_word' id='word_1_360' title='bbox 320 3436 374 3484; x_wconf 94' lang='lat' dir='ltr'><strong>te</strong></span> <span class='ocrx_word' id='word_1_361' title='bbox 400 3442 509 3482; x_wconf 92' lang='lat' dir='ltr'><strong>non</strong></span> <span class='ocrx_word' id='word_1_362' title='bbox 537 3425 847 3480; x_wconf 89' lang='lat' dir='ltr'><strong>dubitanter</strong></span> <span class='ocrx_word' id='word_1_363' title='bbox 877 3423 1195 3479; x_wconf 84' lang='lat' dir='ltr'><strong>invocantes</strong></span> <span class='ocrx_word' id='word_1_364' title='bbox 1213 3425 1360 3494; x_wconf 90' lang='lat' dir='ltr'><strong>juste</strong></span> <span class='ocrx_word' id='word_1_365' title='bbox 1389 3428 1634 3492; x_wconf 81' lang='lat' dir='ltr'><strong>exaudis,</strong></span> <span class='ocrx_word' id='word_1_366' title='bbox 1659 3443 1758 3483; x_wconf 78' lang='lat' dir='ltr'><strong>no-</strong></span> 
     </span>
    </p>
   </div>
   <div class='ocr_carea' id='block_1_57' title="bbox 202 3516 1756 3589">
    <p class='ocr_par' dir='ltr' id='par_1_57' title="bbox 202 3516 1756 3589">
     <span class='ocr_line' id='line_1_57' title="bbox 202 3516 1756 3589; baseline 0 -13"><span class='ocrx_word' id='word_1_367' title='bbox 202 3522 289 3576; x_wconf 85' lang='lat' dir='ltr'><strong>bis</strong></span> <span class='ocrx_word' id='word_1_368' title='bbox 323 3521 482 3576; x_wconf 88' lang='lat' dir='ltr'><strong>etiam</strong></span> <span class='ocrx_word' id='word_1_369' title='bbox 514 3518 608 3589; x_wconf 86' lang='lat' dir='ltr'><strong>qui</strong></span> <span class='ocrx_word' id='word_1_370' title='bbox 638 3531 743 3571; x_wconf 91' lang='lat' dir='ltr'><strong>una</strong></span> <span class='ocrx_word' id='word_1_371' title='bbox 771 3523 824 3570; x_wconf 90' lang='lat' dir='ltr'><strong>et</strong></span> <span class='ocrx_word' id='word_1_372' title='bbox 852 3516 1045 3584; x_wconf 83' lang='lat' dir='ltr'><strong>aequali</strong></span> <span class='ocrx_word' id='word_1_373' title='bbox 1086 3530 1219 3570; x_wconf 87' lang='lat' dir='ltr'><strong>voce</strong></span> <span class='ocrx_word' id='word_1_374' title='bbox 1264 3517 1560 3574; x_wconf 84' lang='lat' dir='ltr'><strong>clamamus</strong></span> <span class='ocrx_word' id='word_1_375' title='bbox 1587 3519 1653 3573; x_wconf 91' lang='lat' dir='ltr'><strong>ad</strong></span> <span class='ocrx_word' id='word_1_376' title='bbox 1682 3531 1756 3585; x_wconf 84' lang='lat' dir='ltr'><strong>te,</strong></span> 
     </span>
    </p>
   </div>
   <div class='ocr_carea' id='block_1_58' title="bbox 204 3607 1756 3676">
    <p class='ocr_par' dir='ltr' id='par_1_58' title="bbox 204 3607 1756 3676">
     <span class='ocr_line' id='line_1_58' title="bbox 204 3607 1756 3676; baseline 0.001 -9"><span class='ocrx_word' id='word_1_377' title='bbox 204 3615 423 3676; x_wconf 61' lang='lat' dir='ltr'><strong>largire,</strong></span> <span class='ocrx_word' id='word_1_378' title='bbox 455 3620 513 3666; x_wconf 90' lang='lat' dir='ltr'><strong>ut</strong></span> <span class='ocrx_word' id='word_1_379' title='bbox 540 3623 662 3664; x_wconf 88' lang='lat' dir='ltr'><strong>cum</strong></span> <span class='ocrx_word' id='word_1_380' title='bbox 700 3607 942 3662; x_wconf 87' lang='lat' dir='ltr'><strong>unanimi</strong></span> <span class='ocrx_word' id='word_1_381' title='bbox 998 3609 1290 3664; x_wconf 90' lang='lat' dir='ltr'><strong>concordia</strong></span> <span class='ocrx_word' id='word_1_382' title='bbox 1310 3649 1324 3674; x_wconf 92' lang='lat'><strong>,</strong></span> <span class='ocrx_word' id='word_1_383' title='bbox 1375 3609 1567 3666; x_wconf 87' lang='lat' dir='ltr'><strong>demus</strong></span> <span class='ocrx_word' id='word_1_384' title='bbox 1596 3613 1756 3668; x_wconf 89' lang='lat' dir='ltr'><strong>nobis</strong></span> 
     </span>
    </p>
   </div>
   <div class='ocr_carea' id='block_1_59' title="bbox 205 3690 1779 3766">
    <p class='ocr_par' dir='ltr' id='par_1_59' title="bbox 205 3690 1779 3766">
     <span class='ocr_line' id='line_1_59' title="bbox 205 3690 1779 3766; baseline -0.003 -14"><span class='ocrx_word' id='word_1_385' title='bbox 205 3697 437 3752; x_wconf 82' lang='lat' dir='ltr'><strong>invicem</strong></span> <span class='ocrx_word' id='word_1_386' title='bbox 465 3711 652 3766; x_wconf 84' lang='lat' dir='ltr'><strong>pacem</strong></span> <span class='ocrx_word' id='word_1_387' title='bbox 683 3696 736 3749; x_wconf 88' lang='lat' dir='ltr'><strong>in</strong></span> <span class='ocrx_word' id='word_1_388' title='bbox 781 3694 967 3750; x_wconf 90' lang='lat' dir='ltr'><strong>osculo</strong></span> <span class='ocrx_word' id='word_1_389' title='bbox 999 3703 1186 3749; x_wconf 89' lang='lat' dir='ltr'><strong>sancto</strong></span> <span class='ocrx_word' id='word_1_390' title='bbox 1216 3703 1270 3748; x_wconf 91' lang='lat' dir='ltr'><strong>et</strong></span> <span class='ocrx_word' id='word_1_391' title='bbox 1315 3691 1518 3760; x_wconf 85' lang='lat' dir='ltr'><strong>divino,</strong></span> <span class='ocrx_word' id='word_1_392' title='bbox 1547 3700 1600 3748; x_wconf 90' lang='lat' dir='ltr'><strong>et</strong></span> <span class='ocrx_word' id='word_1_393' title='bbox 1630 3690 1779 3748; x_wconf 60' lang='grc' dir='ltr'>πείθεο</span> 
     </span>
    </p>
   </div>
   <div class='ocr_carea' id='block_1_60' title="bbox 204 3789 916 3856">
    <p class='ocr_par' dir='ltr' id='par_1_60' title="bbox 204 3789 916 3856">
     <span class='ocr_line' id='line_1_60' title="bbox 204 3789 916 3856; baseline 0.004 -13"><span class='ocrx_word' id='word_1_394' title='bbox 204 3805 388 3845; x_wconf 83' lang='lat' dir='ltr'><strong>remus</strong></span> <span class='ocrx_word' id='word_1_395' title='bbox 415 3790 512 3844; x_wconf 91' lang='lat' dir='ltr'><strong>tibi</strong></span> <span class='ocrx_word' id='word_1_396' title='bbox 541 3789 785 3856; x_wconf 82' lang='lat' dir='ltr'><strong>gloriam,</strong></span> <span class='ocrx_word' id='word_1_397' title='bbox 811 3797 916 3846; x_wconf 85' lang='lat' dir='ltr'><strong>etc.</strong></span> 
     </span>
    </p>
   </div>
   <div class='ocr_carea' id='block_1_61' title="bbox 279 3880 760 3951">
    <p class='ocr_par' dir='ltr' id='par_1_61' title="bbox 279 3880 760 3951">
     <span class='ocr_line' id='line_1_61' title="bbox 279 3880 760 3951; baseline 0.004 -16"><span class='ocrx_word' id='word_1_398' title='bbox 279 3881 540 3951; x_wconf 74' lang='lat' dir='ltr'><strong>Populus.</strong></span> <span class='ocrx_word' id='word_1_399' title='bbox 569 3880 760 3938; x_wconf 80' lang='lat' dir='ltr'><strong>Amen.</strong></span> 
     </span>
    </p>
   </div>
   <div class='ocr_carea' id='block_1_62' title="bbox 274 3969 1122 4043">
    <p class='ocr_par' dir='ltr' id='par_1_62' title="bbox 274 3969 1122 4043">
     <span class='ocr_line' id='line_1_62' title="bbox 274 3969 1122 4043; baseline 0.007 -17"><span class='ocrx_word' id='word_1_400' title='bbox 274 3973 536 4029; x_wconf 72' lang='lat' dir='ltr'><strong>Diaconus</strong></span> <span class='ocrx_word' id='word_1_401' title='bbox 557 3975 846 4043; x_wconf 80' lang='lat' dir='ltr'><strong>proclamat</strong></span> <span class='ocrx_word' id='word_1_402' title='bbox 873 3969 1122 4032; x_wconf 77' lang='lat' dir='ltr'><strong>Mediam.</strong></span> 
     </span>
    </p>
   </div>
   <div class='ocr_carea' id='block_1_63' title="bbox 276 4065 1754 4140">
    <p class='ocr_par' dir='ltr' id='par_1_63' title="bbox 276 4065 1754 4140">
     <span class='ocr_line' id='line_1_63' title="bbox 276 4065 1754 4140; baseline 0.003 -20"><span class='ocrx_word' id='word_1_403' title='bbox 276 4065 527 4120; x_wconf 80' lang='lat' dir='ltr'><strong>Sacerdos</strong></span> <span class='ocrx_word' id='word_1_404' title='bbox 551 4067 752 4120; x_wconf 78' lang='lat' dir='ltr'><strong>elevans</strong></span> <span class='ocrx_word' id='word_1_405' title='bbox 779 4083 970 4122; x_wconf 77' lang='lat' dir='ltr'><strong>vocem.</strong></span> <span class='ocrx_word' id='word_1_406' title='bbox 1003 4066 1230 4123; x_wconf 85' lang='lat' dir='ltr'><strong>Omnem</strong></span> <span class='ocrx_word' id='word_1_407' title='bbox 1281 4084 1496 4140; x_wconf 88' lang='lat' dir='ltr'><strong>quoque</strong></span> <span class='ocrx_word' id='word_1_408' title='bbox 1538 4071 1754 4126; x_wconf 77' lang='lat' dir='ltr'><strong>dubita--</strong></span> 
     </span>
    </p>
   </div>
   <div class='ocr_carea' id='block_1_64' title="bbox 209 4156 1753 4228">
    <p class='ocr_par' dir='ltr' id='par_1_64' title="bbox 209 4156 1753 4228">
     <span class='ocr_line' id='line_1_64' title="bbox 209 4156 1753 4228; baseline 0.006 -20"><span class='ocrx_word' id='word_1_409' title='bbox 209 4156 402 4212; x_wconf 88' lang='lat' dir='ltr'><strong>tionem</strong></span> <span class='ocrx_word' id='word_1_410' title='bbox 430 4159 703 4228; x_wconf 82' lang='lat' dir='ltr'><strong>depellens</strong></span> <span class='ocrx_word' id='word_1_411' title='bbox 735 4173 764 4211; x_wconf 90' lang='lat' dir='ltr'><strong>a</strong></span> <span class='ocrx_word' id='word_1_412' title='bbox 794 4159 968 4222; x_wconf 84' lang='lat' dir='ltr'><strong>nobis,</strong></span> <span class='ocrx_word' id='word_1_413' title='bbox 1013 4159 1264 4227; x_wconf 91' lang='lat' dir='ltr'><strong>Domine,</strong></span> <span class='ocrx_word' id='word_1_414' title='bbox 1306 4161 1524 4217; x_wconf 91' lang='lat' dir='ltr'><strong>vinculo</strong></span> <span class='ocrx_word' id='word_1_415' title='bbox 1570 4163 1753 4217; x_wconf 55' lang='lat' dir='ltr'><strong>charia</strong></span> 
     </span>
    </p>
   </div>
   <div class='ocr_carea' id='block_1_65' title="bbox 210 4250 1750 4321">
    <p class='ocr_par' dir='ltr' id='par_1_65' title="bbox 210 4250 1750 4321">
     <span class='ocr_line' id='line_1_65' title="bbox 210 4250 1750 4321; baseline 0.006 -19"><span class='ocrx_word' id='word_1_416' title='bbox 210 4251 333 4306; x_wconf 88' lang='lat' dir='ltr'><strong>tatis</strong></span> <span class='ocrx_word' id='word_1_417' title='bbox 352 4250 721 4307; x_wconf 72' lang='lat' dir='ltr'><strong>tuzeconlirma</strong></span> <span class='ocrx_word' id='word_1_418' title='bbox 743 4267 862 4313; x_wconf 86' lang='lat' dir='ltr'><strong>nos.</strong></span> <span class='ocrx_word' id='word_1_419' title='bbox 887 4260 940 4306; x_wconf 87' lang='lat' dir='ltr'><strong>et</strong></span> <span class='ocrx_word' id='word_1_420' title='bbox 965 4252 1364 4310; x_wconf 86' lang='lat' dir='ltr'><strong>benedictiones</strong></span> <span class='ocrx_word' id='word_1_421' title='bbox 1390 4256 1750 4321; x_wconf 72' lang='lat' dir='ltr'><strong>abundantes,</strong></span> 
     </span>
    </p>
   </div>
   <div class='ocr_carea' id='block_1_66' title="bbox 212 4340 1753 4412">
    <p class='ocr_par' dir='ltr' id='par_1_66' title="bbox 212 4340 1753 4412">
     <span class='ocr_line' id='line_1_66' title="bbox 212 4340 1753 4412; baseline 0.005 -17"><span class='ocrx_word' id='word_1_422' title='bbox 212 4340 363 4397; x_wconf 85' lang='lat' dir='ltr'><strong>nobis</strong></span> <span class='ocrx_word' id='word_1_423' title='bbox 390 4349 442 4398; x_wconf 90' lang='lat' dir='ltr'><strong>et</strong></span> <span class='ocrx_word' id='word_1_424' title='bbox 471 4342 578 4397; x_wconf 82' lang='lat' dir='ltr'><strong>illis</strong></span> <span class='ocrx_word' id='word_1_425' title='bbox 623 4343 713 4412; x_wconf 91' lang='lat' dir='ltr'><strong>qui</strong></span> <span class='ocrx_word' id='word_1_426' title='bbox 742 4357 921 4397; x_wconf 90' lang='lat' dir='ltr'><strong>coram</strong></span> <span class='ocrx_word' id='word_1_427' title='bbox 954 4351 1004 4398; x_wconf 89' lang='lat' dir='ltr'><strong>te</strong></span> <span class='ocrx_word' id='word_1_428' title='bbox 1036 4344 1279 4399; x_wconf 88' lang='lat' dir='ltr'><strong>inclinati</strong></span> <span class='ocrx_word' id='word_1_429' title='bbox 1323 4357 1449 4402; x_wconf 91' lang='lat' dir='ltr'><strong>sunt</strong></span> <span class='ocrx_word' id='word_1_430' title='bbox 1483 4349 1653 4412; x_wconf 87' lang='lat' dir='ltr'><strong>mitte,</strong></span> <span class='ocrx_word' id='word_1_431' title='bbox 1693 4357 1753 4403; x_wconf 86' lang='lat' dir='ltr'><strong>ut</strong></span> 
     </span>
    </p>
   </div>
   <div class='ocr_carea' id='block_1_67' title="bbox 211 4432 1754 4508">
    <p class='ocr_par' dir='ltr' id='par_1_67' title="bbox 211 4432 1754 4508">
     <span class='ocr_line' id='line_1_67' title="bbox 211 4432 1754 4508; baseline 0.004 -20"><span class='ocrx_word' id='word_1_432' title='bbox 211 4432 493 4488; x_wconf 76' lang='lat' dir='ltr'><strong>ciliciamur</strong></span> <span class='ocrx_word' id='word_1_433' title='bbox 539 4435 852 4489; x_wconf 87' lang='lat' dir='ltr'><strong>adoratores</strong></span> <span class='ocrx_word' id='word_1_434' title='bbox 905 4435 1016 4488; x_wconf 91' lang='lat' dir='ltr'><strong>veri</strong></span> <span class='ocrx_word' id='word_1_435' title='bbox 1048 4443 1101 4489; x_wconf 89' lang='lat' dir='ltr'><strong>et</strong></span> <span class='ocrx_word' id='word_1_436' title='bbox 1143 4438 1428 4508; x_wconf 85' lang='lat' dir='ltr'><strong>participes</strong></span> <span class='ocrx_word' id='word_1_437' title='bbox 1485 4439 1754 4494; x_wconf 87' lang='lat' dir='ltr'><strong>bonorum</strong></span> 
     </span>
    </p>
   </div>
   <div class='ocr_carea' id='block_1_68' title="bbox 214 4523 1748 4599">
    <p class='ocr_par' dir='ltr' id='par_1_68' title="bbox 214 4523 1748 4599">
     <span class='ocr_line' id='line_1_68' title="bbox 214 4523 1748 4599; baseline 0.008 -29"><span class='ocrx_word' id='word_1_438' title='bbox 214 4526 421 4576; x_wconf 89' lang='lat' dir='ltr'><strong>tuorum</strong></span> <span class='ocrx_word' id='word_1_439' title='bbox 475 4529 840 4590; x_wconf 67' lang='lat' dir='ltr'><strong>aeternorum,</strong></span> <span class='ocrx_word' id='word_1_440' title='bbox 885 4523 1292 4597; x_wconf 85' lang='lat' dir='ltr'><strong>releremusque</strong></span> <span class='ocrx_word' id='word_1_441' title='bbox 1341 4527 1440 4583; x_wconf 90' lang='lat' dir='ltr'><strong>tibi</strong></span> <span class='ocrx_word' id='word_1_442' title='bbox 1481 4528 1748 4599; x_wconf 77' lang='lat' dir='ltr'><strong>gloriam,</strong></span> 
     </span>
    </p>
   </div>
   <div class='ocr_carea' id='block_1_69' title="bbox 213 4619 314 4669">
    <p class='ocr_par' dir='ltr' id='par_1_69' title="bbox 213 4619 314 4669">
     <span class='ocr_line' id='line_1_69' title="bbox 213 4619 314 4669; baseline 0.01 -1"><span class='ocrx_word' id='word_1_443' title='bbox 213 4619 314 4669; x_wconf 83' lang='lat' dir='ltr'><strong>etc.</strong></span> 
     </span>
    </p>
   </div>
   <div class='ocr_carea' id='block_1_70' title="bbox 278 4703 745 4774">
    <p class='ocr_par' dir='ltr' id='par_1_70' title="bbox 278 4703 745 4774">
     <span class='ocr_line' id='line_1_70' title="bbox 278 4703 745 4774; baseline 0.013 -16"><span class='ocrx_word' id='word_1_444' title='bbox 278 4703 525 4774; x_wconf 73' lang='lat' dir='ltr'><strong>Populus.</strong></span> <span class='ocrx_word' id='word_1_445' title='bbox 557 4706 745 4764; x_wconf 71' lang='lat' dir='ltr'><strong>Amen.</strong></span> 
     </span>
    </p>
   </div>
   <div class='ocr_carea' id='block_1_71' title="bbox 285 4837 1755 4909">
    <p class='ocr_par' dir='ltr' id='par_1_71' title="bbox 285 4837 1755 4909">
     <span class='ocr_line' id='line_1_71' title="bbox 285 4837 1755 4909; baseline 0.005 -16"><span class='ocrx_word' id='word_1_446' title='bbox 285 4837 386 4908; x_wconf 74' lang='lat'><strong>(26)</strong></span> <span class='ocrx_word' id='word_1_447' title='bbox 415 4841 774 4896; x_wconf 72' lang='lat' dir='ltr'><strong>Crleberrima</strong></span> <span class='ocrx_word' id='word_1_448' title='bbox 805 4853 886 4898; x_wconf 86' lang='lat' dir='ltr'><strong>est</strong></span> <span class='ocrx_word' id='word_1_449' title='bbox 925 4858 1030 4898; x_wconf 82' lang='lat' dir='ltr'><strong>non</strong></span> <span class='ocrx_word' id='word_1_450' title='bbox 1072 4844 1232 4900; x_wconf 86' lang='lat' dir='ltr'><strong>modo</strong></span> <span class='ocrx_word' id='word_1_451' title='bbox 1281 4845 1424 4900; x_wconf 88' lang='lat' dir='ltr'><strong>inter</strong></span> <span class='ocrx_word' id='word_1_452' title='bbox 1453 4843 1755 4909; x_wconf 78' lang='lat' dir='ltr'><strong>Jacobitas,</strong></span> 
     </span>
    </p>
   </div>
   <div class='ocr_carea' id='block_1_72' title="bbox 215 4912 1746 4984">
    <p class='ocr_par' dir='ltr' id='par_1_72' title="bbox 215 4912 1746 4984">
     <span class='ocr_line' id='line_1_72' title="bbox 215 4912 1746 4984; baseline 0.002 -19"><span class='ocrx_word' id='word_1_453' title='bbox 215 4912 308 4965; x_wconf 82' lang='lat' dir='ltr'><strong>sed</strong></span> <span class='ocrx_word' id='word_1_454' title='bbox 333 4913 461 4982; x_wconf 89' lang='lat' dir='ltr'><strong>apud</strong></span> <span class='ocrx_word' id='word_1_455' title='bbox 491 4912 820 4966; x_wconf 66' lang='lat' dir='ltr'><strong>orthodoxos</strong></span> <span class='ocrx_word' id='word_1_456' title='bbox 852 4913 1118 4968; x_wconf 85' lang='lat' dir='ltr'><strong>Eustathii</strong></span> <span class='ocrx_word' id='word_1_457' title='bbox 1159 4916 1498 4979; x_wconf 85' lang='lat' dir='ltr'><strong>Antiocheni,</strong></span> <span class='ocrx_word' id='word_1_458' title='bbox 1529 4917 1620 4984; x_wconf 89' lang='lat' dir='ltr'><strong>qui</strong></span> <span class='ocrx_word' id='word_1_459' title='bbox 1648 4915 1746 4968; x_wconf 81' lang='lat' dir='ltr'><strong>Ni-</strong></span> 
     </span>
    </p>
   </div>
   <div class='ocr_carea' id='block_1_73' title="bbox 215 4983 1748 5054">
    <p class='ocr_par' dir='ltr' id='par_1_73' title="bbox 215 4983 1748 5054">
     <span class='ocr_line' id='line_1_73' title="bbox 215 4983 1748 5054; baseline 0.003 -20"><span class='ocrx_word' id='word_1_460' title='bbox 215 4983 610 5054; x_wconf 61' lang='lat' dir='ltr'><strong>ca’noconcilio</strong></span> <span class='ocrx_word' id='word_1_461' title='bbox 659 4984 902 5038; x_wconf 78' lang='lat' dir='ltr'><strong>interluit</strong></span> <span class='ocrx_word' id='word_1_462' title='bbox 935 4986 1033 5053; x_wconf 80' lang='grc' dir='ltr'>(α),</span> <span class='ocrx_word' id='word_1_463' title='bbox 1076 4987 1334 5040; x_wconf 80' lang='lat' dir='ltr'><strong>memoria</strong></span> <span class='ocrx_word' id='word_1_464' title='bbox 1373 5005 1386 5039; x_wconf 89' lang='lat'><strong>:</strong></span> <span class='ocrx_word' id='word_1_465' title='bbox 1432 4983 1605 5054; x_wconf 82' lang='lat' dir='ltr'><strong>neque</strong></span> <span class='ocrx_word' id='word_1_466' title='bbox 1634 4999 1748 5038; x_wconf 86' lang='lat' dir='ltr'><strong>ma-</strong></span> 
     </span>
    </p>
   </div>
   <div class='ocr_carea' id='block_1_74' title="bbox 214 5053 1750 5124">
    <p class='ocr_par' dir='ltr' id='par_1_74' title="bbox 214 5053 1750 5124">
     <span class='ocr_line' id='line_1_74' title="bbox 214 5053 1750 5124; baseline 0.004 -21"><span class='ocrx_word' id='word_1_467' title='bbox 214 5053 293 5119; x_wconf 78' lang='lat' dir='ltr'><strong>gis</strong></span> <span class='ocrx_word' id='word_1_468' title='bbox 312 5053 372 5106; x_wconf 86' lang='lat' dir='ltr'><strong>ad</strong></span> <span class='ocrx_word' id='word_1_469' title='bbox 399 5053 680 5108; x_wconf 75' lang='lat' dir='ltr'><strong>Jacobitas</strong></span> <span class='ocrx_word' id='word_1_470' title='bbox 705 5055 1010 5123; x_wconf 80' lang='lat' dir='ltr'><strong>pertinebat</strong></span> <span class='ocrx_word' id='word_1_471' title='bbox 1040 5072 1199 5124; x_wconf 87' lang='lat' dir='ltr'><strong>quam</strong></span> <span class='ocrx_word' id='word_1_472' title='bbox 1224 5057 1416 5124; x_wconf 89' lang='lat' dir='ltr'><strong>reliqui</strong></span> <span class='ocrx_word' id='word_1_473' title='bbox 1449 5053 1637 5110; x_wconf 79' lang='lat' dir='ltr'><strong>Patres</strong></span> <span class='ocrx_word' id='word_1_474' title='bbox 1660 5071 1750 5109; x_wconf 87' lang='lat' dir='ltr'><strong>ve—</strong></span> 
     </span>
    </p>
   </div>
   <div class='ocr_carea' id='block_1_75' title="bbox 211 5124 1750 5195">
    <p class='ocr_par' dir='ltr' id='par_1_75' title="bbox 211 5124 1750 5195">
     <span class='ocr_line' id='line_1_75' title="bbox 211 5124 1750 5195; baseline 0.003 -21"><span class='ocrx_word' id='word_1_475' title='bbox 211 5129 346 5178; x_wconf 83' lang='lat' dir='ltr'><strong>teres</strong></span> <span class='ocrx_word' id='word_1_476' title='bbox 379 5142 390 5176; x_wconf 94' lang='lat'>:</span> <span class='ocrx_word' id='word_1_477' title='bbox 423 5125 524 5178; x_wconf 88' lang='lat' dir='ltr'><strong>nisi</strong></span> <span class='ocrx_word' id='word_1_478' title='bbox 551 5124 694 5191; x_wconf 90' lang='lat' dir='ltr'><strong>quod</strong></span> <span class='ocrx_word' id='word_1_479' title='bbox 727 5141 848 5176; x_wconf 89' lang='lat' dir='ltr'><strong>cum</strong></span> <span class='ocrx_word' id='word_1_480' title='bbox 881 5127 1225 5180; x_wconf 67' lang='lat' dir='ltr'><strong>Antiochense</strong></span> <span class='ocrx_word' id='word_1_481' title='bbox 1261 5126 1517 5180; x_wconf 67' lang='lat' dir='ltr'><strong>Ecclesia:</strong></span> <span class='ocrx_word' id='word_1_482' title='bbox 1539 5127 1750 5195; x_wconf 87' lang='lat' dir='ltr'><strong>episco-</strong></span> 
     </span>
    </p>
   </div>
   <div class='ocr_carea' id='block_1_76' title="bbox 211 5195 1751 5265">
    <p class='ocr_par' dir='ltr' id='par_1_76' title="bbox 211 5195 1751 5265">
     <span class='ocr_line' id='line_1_76' title="bbox 211 5195 1751 5265; baseline 0.003 -20"><span class='ocrx_word' id='word_1_483' title='bbox 211 5208 304 5260; x_wconf 88' lang='lat' dir='ltr'><strong>pus</strong></span> <span class='ocrx_word' id='word_1_484' title='bbox 337 5196 515 5255; x_wconf 82' lang='lat' dir='ltr'><strong>luerit.</strong></span> <span class='ocrx_word' id='word_1_485' title='bbox 547 5196 722 5246; x_wconf 89' lang='lat' dir='ltr'><strong>locum</strong></span> <span class='ocrx_word' id='word_1_486' title='bbox 752 5195 827 5247; x_wconf 87' lang='lat' dir='ltr'><strong>illi</strong></span> <span class='ocrx_word' id='word_1_487' title='bbox 863 5196 1002 5250; x_wconf 89' lang='lat' dir='ltr'><strong>inter</strong></span> <span class='ocrx_word' id='word_1_488' title='bbox 1027 5213 1124 5251; x_wconf 89' lang='lat' dir='ltr'><strong>eos</strong></span> <span class='ocrx_word' id='word_1_489' title='bbox 1173 5197 1457 5260; x_wconf 86' lang='lat' dir='ltr'><strong>dederunt,</strong></span> <span class='ocrx_word' id='word_1_490' title='bbox 1491 5213 1519 5249; x_wconf 90' lang='lat' dir='ltr'><strong>a</strong></span> <span class='ocrx_word' id='word_1_491' title='bbox 1549 5196 1751 5265; x_wconf 85' lang='lat' dir='ltr'><strong>quibus</strong></span> 
     </span>
    </p>
   </div>
   <div class='ocr_carea' id='block_1_77' title="bbox 211 5265 1751 5336">
    <p class='ocr_par' dir='ltr' id='par_1_77' title="bbox 211 5265 1751 5336">
     <span class='ocr_line' id='line_1_77' title="bbox 211 5265 1751 5336; baseline 0.005 -24"><span class='ocrx_word' id='word_1_492' title='bbox 211 5280 327 5336; x_wconf 73' lang='lat' dir='ltr'><strong>suas</strong></span> <span class='ocrx_word' id='word_1_493' title='bbox 358 5265 875 5336; x_wconf 65' lang='lat' dir='ltr'><strong>leniet-ededucunt‘</strong></span> <span class='ocrx_word' id='word_1_494' title='bbox 892 5267 1146 5336; x_wconf 81' lang='lat' dir='ltr'><strong>origines.</strong></span> <span class='ocrx_word' id='word_1_495' title='bbox 1183 5268 1262 5336; x_wconf 84' lang='lat' dir='ltr'><strong>L&#39;t</strong></span> <span class='ocrx_word' id='word_1_496' title='bbox 1281 5267 1442 5336; x_wconf 86' lang='lat' dir='ltr'><strong>igitur</strong></span> <span class='ocrx_word' id='word_1_497' title='bbox 1461 5266 1628 5329; x_wconf 88' lang='lat' dir='ltr'><strong>Petri,</strong></span> <span class='ocrx_word' id='word_1_498' title='bbox 1654 5267 1751 5335; x_wconf 84' lang='lat' dir='ltr'><strong>qui</strong></span> 
     </span>
    </p>
   </div>
   <div class='ocr_carea' id='block_1_78' title="bbox 209 5332 1746 5408">
    <p class='ocr_par' dir='ltr' id='par_1_78' title="bbox 209 5332 1746 5408">
     <span class='ocr_line' id='line_1_78' title="bbox 209 5332 1746 5408; baseline 0.005 -24"><span class='ocrx_word' id='word_1_499' title='bbox 209 5332 336 5387; x_wconf 79' lang='lat' dir='ltr'><strong>illam</strong></span> <span class='ocrx_word' id='word_1_500' title='bbox 377 5333 678 5408; x_wconf 60' lang='lat' dir='ltr'><strong>Ecclesiam</strong></span> <span class='ocrx_word' id='word_1_501' title='bbox 713 5332 1000 5408; x_wconf 64' lang='grc' dir='ltr'><strong>ίιιιιαιινίῑ.⁷</strong></span> <span class='ocrx_word' id='word_1_502' title='bbox 1015 5339 1228 5392; x_wconf 86' lang='lat' dir='ltr'><strong>nomine</strong></span> <span class='ocrx_word' id='word_1_503' title='bbox 1254 5332 1526 5408; x_wconf 72' lang='lat' dir='ltr'><strong>Liturgias</strong></span> <span class='ocrx_word' id='word_1_504' title='bbox 1561 5332 1697 5391; x_wconf 80' lang='lat' dir='ltr'><strong>duas</strong></span> <span class='ocrx_word' id='word_1_505' title='bbox 1732 5356 1746 5391; x_wconf 88' lang='lat'><strong>:</strong></span> 
     </span>
    </p>
   </div>
   <div class='ocr_carea' id='block_1_79' title="bbox 211 5402 1749 5476">
    <p class='ocr_par' dir='ltr' id='par_1_79' title="bbox 211 5402 1749 5476">
     <span class='ocr_line' id='line_1_79' title="bbox 211 5402 1749 5476; baseline 0.004 -22"><span class='ocrx_word' id='word_1_506' title='bbox 211 5419 352 5476; x_wconf 69' lang='lat' dir='ltr'><strong>uuam</strong></span> <span class='ocrx_word' id='word_1_507' title='bbox 383 5402 574 5476; x_wconf 85' lang='lat' dir='ltr'><strong>lgnatii</strong></span> <span class='ocrx_word' id='word_1_508' title='bbox 602 5406 820 5458; x_wconf 76' lang='lat' dir='ltr'><strong>nomine</strong></span> <span class='ocrx_word' id='word_1_509' title='bbox 879 5409 1238 5476; x_wconf 86' lang='lat' dir='ltr'><strong>scripserunt,</strong></span> <span class='ocrx_word' id='word_1_510' title='bbox 1272 5409 1344 5461; x_wconf 80' lang='lat' dir='ltr'><strong>ita</strong></span> <span class='ocrx_word' id='word_1_511' title='bbox 1376 5402 1532 5462; x_wconf 68' lang='lat' dir='ltr'><strong>facile</strong></span> <span class='ocrx_word' id='word_1_512' title='bbox 1559 5408 1658 5461; x_wconf 83' lang='lat' dir='ltr'><strong>luit</strong></span> <span class='ocrx_word' id='word_1_513' title='bbox 1689 5416 1749 5461; x_wconf 91' lang='lat' dir='ltr'><strong>ut</strong></span> 
     </span>
    </p>
   </div>
   <div class='ocr_carea' id='block_1_80' title="bbox 208 5473 1749 5543">
    <p class='ocr_par' dir='ltr' id='par_1_80' title="bbox 208 5473 1749 5543">
     <span class='ocr_line' id='line_1_80' title="bbox 208 5473 1749 5543; baseline 0.006 -19"><span class='ocrx_word' id='word_1_514' title='bbox 208 5473 478 5529; x_wconf 81' lang='lat' dir='ltr'><strong>Eustathio</strong></span> <span class='ocrx_word' id='word_1_515' title='bbox 508 5490 722 5543; x_wconf 87' lang='lat' dir='ltr'><strong>quoque</strong></span> <span class='ocrx_word' id='word_1_516' title='bbox 756 5491 914 5543; x_wconf 84' lang='lat' dir='ltr'><strong>unam</strong></span> <span class='ocrx_word' id='word_1_517' title='bbox 935 5473 1290 5533; x_wconf 82' lang='lat' dir='ltr'><strong>ascriberent.</strong></span> <span class='ocrx_word' id='word_1_518' title='bbox 1323 5478 1470 5532; x_wconf 90' lang='lat' dir='ltr'><strong>Illam</strong></span> <span class='ocrx_word' id='word_1_519' title='bbox 1494 5479 1633 5534; x_wconf 87' lang='lat' dir='ltr'><strong>inter</strong></span> <span class='ocrx_word' id='word_1_520' title='bbox 1655 5493 1749 5533; x_wconf 90' lang='lat' dir='ltr'><strong>eas</strong></span> 
     </span>
    </p>
   </div>
   <div class='ocr_carea' id='block_1_81' title="bbox 206 5538 1750 5613">
    <p class='ocr_par' dir='ltr' id='par_1_81' title="bbox 206 5538 1750 5613">
     <span class='ocr_line' id='line_1_81' title="bbox 206 5538 1750 5613; baseline 0.004 -17"><span class='ocrx_word' id='word_1_521' title='bbox 206 5561 305 5610; x_wconf 77' lang='lat' dir='ltr'><strong>quae</strong></span> <span class='ocrx_word' id='word_1_522' title='bbox 336 5545 388 5597; x_wconf 88' lang='lat' dir='ltr'><strong>in</strong></span> <span class='ocrx_word' id='word_1_523' title='bbox 424 5538 538 5597; x_wconf 56' lang='lat' dir='ltr'><strong>usu&#39;</strong></span> <span class='ocrx_word' id='word_1_524' title='bbox 560 5538 699 5613; x_wconf 81' lang='lat' dir='ltr'><strong>apud</strong></span> <span class='ocrx_word' id='word_1_525' title='bbox 747 5538 1038 5602; x_wconf 72' lang='lat' dir='ltr'><strong>Maronitas</strong></span> <span class='ocrx_word' id='word_1_526' title='bbox 1074 5549 1248 5603; x_wconf 78' lang='lat' dir='ltr'><strong>forent</strong></span> <span class='ocrx_word' id='word_1_527' title='bbox 1284 5550 1587 5603; x_wconf 86' lang='lat' dir='ltr'><strong>numeravit</strong></span> <span class='ocrx_word' id='word_1_528' title='bbox 1642 5545 1750 5602; x_wconf 85' lang='lat' dir='ltr'><strong>Ga-</strong></span> 
     </span>
    </p>
   </div>
   <div class='ocr_carea' id='block_1_82' title="bbox 208 5613 1743 5691">
    <p class='ocr_par' dir='ltr' id='par_1_82' title="bbox 208 5613 1743 5691">
     <span class='ocr_line' id='line_1_82' title="bbox 208 5613 1743 5691; baseline 0.004 -25"><span class='ocrx_word' id='word_1_529' title='bbox 208 5613 320 5669; x_wconf 82' lang='lat' dir='ltr'><strong>briel</strong></span> <span class='ocrx_word' id='word_1_530' title='bbox 351 5613 570 5668; x_wconf 89' lang='lat' dir='ltr'><strong>Sionita</strong></span> <span class='ocrx_word' id='word_1_531' title='bbox 596 5616 650 5669; x_wconf 92' lang='lat' dir='ltr'><strong>in</strong></span> <span class='ocrx_word' id='word_1_532' title='bbox 674 5615 900 5684; x_wconf 85' lang='lat' dir='ltr'><strong>epistola</strong></span> <span class='ocrx_word' id='word_1_533' title='bbox 934 5619 1000 5672; x_wconf 89' lang='lat' dir='ltr'><strong>ad</strong></span> <span class='ocrx_word' id='word_1_534' title='bbox 1033 5617 1317 5677; x_wconf 79' lang='lat' dir='ltr'><strong>Nihusium</strong></span> <span class='ocrx_word' id='word_1_535' title='bbox 1345 5617 1440 5691; x_wconf 78' lang='grc' dir='ltr'><strong>(ὁ),</strong></span> <span class='ocrx_word' id='word_1_536' title='bbox 1472 5619 1743 5676; x_wconf 80' lang='lat' dir='ltr'><strong>Abraham</strong></span> 
     </span>
    </p>
   </div>
   <div class='ocr_carea' id='block_1_83' title="bbox 271 5728 857 5785">
    <p class='ocr_par' dir='ltr' id='par_1_83' title="bbox 271 5728 857 5785">
     <span class='ocr_line' id='line_1_83' title="bbox 271 5728 857 5785; baseline 0 -7"><span class='ocrx_word' id='word_1_537' title='bbox 271 5730 316 5785; x_wconf 82' lang='lat' dir='ltr'><strong>al</strong></span> <span class='ocrx_word' id='word_1_538' title='bbox 343 5731 434 5781; x_wconf 71' lang='grc' dir='ltr'>εισι</span> <span class='ocrx_word' id='word_1_539' title='bbox 476 5731 509 5780; x_wconf 92' lang='grc'><strong>1.</strong></span> <span class='ocrx_word' id='word_1_540' title='bbox 532 5743 565 5784; x_wconf 83' lang='grc' dir='ltr'><strong>ι,</strong></span> <span class='ocrx_word' id='word_1_541' title='bbox 587 5744 629 5780; x_wconf 92' lang='lat' dir='ltr'><strong>c.</strong></span> <span class='ocrx_word' id='word_1_542' title='bbox 657 5728 760 5778; x_wconf 75' lang='lat' dir='ltr'><strong>2st</strong></span> <span class='ocrx_word' id='word_1_543' title='bbox 789 5730 857 5778; x_wconf 87' lang='grc'><strong>17.</strong></span> 
     </span>
    </p>
   </div>
   <div class='ocr_carea' id='block_1_84' title="bbox 275 5792 1006 5859">
    <p class='ocr_par' dir='ltr' id='par_1_84' title="bbox 275 5792 1006 5859">
     <span class='ocr_line' id='line_1_84' title="bbox 275 5792 1006 5859; baseline 0.007 -19"><span class='ocrx_word' id='word_1_544' title='bbox 275 5793 318 5856; x_wconf 72' lang='grc' dir='ltr'><strong>ὁ)</strong></span> <span class='ocrx_word' id='word_1_545' title='bbox 343 5797 495 5845; x_wconf 72' lang='lat' dir='ltr'><strong>Allat.</strong></span> <span class='ocrx_word' id='word_1_546' title='bbox 519 5792 803 5859; x_wconf 72' lang='lat' dir='ltr'><strong>Symmicla,</strong></span> <span class='ocrx_word' id='word_1_547' title='bbox 826 5805 870 5854; x_wconf 77' lang='grc' dir='ltr'>ρ.</span> <span class='ocrx_word' id='word_1_548' title='bbox 902 5795 1006 5845; x_wconf 76' lang='lat'><strong>297.</strong></span> 
     </span>
    </p>
   </div>
   <div class='ocr_carea' id='block_1_85' title="bbox 1783 3179 1855 3195">
    <p class='ocr_par' dir='ltr' id='par_1_85' title="bbox 1783 3179 1855 3195">
     <span class='ocr_line' id='line_1_85' title="bbox 1783 3179 1855 3195; baseline -0.014 0"><span class='ocrx_word' id='word_1_549' title='bbox 1783 3179 1855 3195; x_wconf 46' lang='lat' dir='ltr'><strong>ﬂ</strong></span> 
     </span>
    </p>
   </div>
   <div class='ocr_carea' id='block_1_86' title="bbox 1785 3214 3412 3310">
    <p class='ocr_par' dir='ltr' id='par_1_86' title="bbox 1785 3214 3412 3310">
     <span class='ocr_line' id='line_1_86' title="bbox 1785 3214 3412 3310; baseline 0.003 -18"><span class='ocrx_word' id='word_1_550' title='bbox 1785 3253 1827 3310; x_wconf 72' lang='grc' dir='ltr'>ο</span> <span class='ocrx_word' id='word_1_551' title='bbox 1933 3214 2211 3293; x_wconf 79' lang='lat' dir='ltr'><strong>Sacerdos.</strong></span> <span class='ocrx_word' id='word_1_552' title='bbox 2245 3235 2324 3289; x_wconf 88' lang='lat' dir='ltr'><strong>Tu</strong></span> <span class='ocrx_word' id='word_1_553' title='bbox 2356 3250 2416 3290; x_wconf 91' lang='lat' dir='ltr'><strong>es</strong></span> <span class='ocrx_word' id='word_1_554' title='bbox 2467 3235 2756 3289; x_wconf 88' lang='lat' dir='ltr'><strong>thesaurus</strong></span> <span class='ocrx_word' id='word_1_555' title='bbox 2802 3233 3127 3289; x_wconf 78' lang='lat' dir='ltr'><strong>auxiliorum</strong></span> <span class='ocrx_word' id='word_1_556' title='bbox 3155 3274 3171 3300; x_wconf 90' lang='lat'><strong>,</strong></span> <span class='ocrx_word' id='word_1_557' title='bbox 3203 3242 3257 3292; x_wconf 86' lang='lat' dir='ltr'><strong>et</strong></span> <span class='ocrx_word' id='word_1_558' title='bbox 3287 3234 3412 3297; x_wconf 73' lang='lat' dir='ltr'><strong>fons</strong></span> 
     </span>
    </p>
   </div>
   <div class='ocr_carea' id='block_1_87' title="bbox 1859 3325 3429 3400">
    <p class='ocr_par' dir='ltr' id='par_1_87' title="bbox 1859 3325 3429 3400">
     <span class='ocr_line' id='line_1_87' title="bbox 1859 3325 3429 3400; baseline -0.003 -14"><span class='ocrx_word' id='word_1_559' title='bbox 1859 3331 2146 3393; x_wconf 89' lang='lat' dir='ltr'><strong>bonorum,</strong></span> <span class='ocrx_word' id='word_1_560' title='bbox 2178 3327 2400 3382; x_wconf 90' lang='lat' dir='ltr'><strong>Domine</strong></span> <span class='ocrx_word' id='word_1_561' title='bbox 2432 3344 2445 3380; x_wconf 91' lang='lat'><strong>:</strong></span> <span class='ocrx_word' id='word_1_562' title='bbox 2473 3341 2573 3380; x_wconf 90' lang='lat' dir='ltr'><strong>nos</strong></span> <span class='ocrx_word' id='word_1_563' title='bbox 2599 3326 2763 3396; x_wconf 81' lang='lat' dir='ltr'><strong>igitur</strong></span> <span class='ocrx_word' id='word_1_564' title='bbox 2791 3325 2884 3394; x_wconf 90' lang='lat' dir='ltr'><strong>qui</strong></span> <span class='ocrx_word' id='word_1_565' title='bbox 2916 3334 3149 3397; x_wconf 83' lang='lat' dir='ltr'><strong>egestate</strong></span> <span class='ocrx_word' id='word_1_566' title='bbox 3181 3337 3235 3382; x_wconf 87' lang='lat' dir='ltr'><strong>et</strong></span> <span class='ocrx_word' id='word_1_567' title='bbox 3277 3339 3429 3400; x_wconf 81' lang='lat' dir='ltr'><strong>pau-°</strong></span> 
     </span>
    </p>
   </div>
   <div class='ocr_carea' id='block_1_88' title="bbox 1856 3416 3414 3494">
    <p class='ocr_par' dir='ltr' id='par_1_88' title="bbox 1856 3416 3414 3494">
     <span class='ocr_line' id='line_1_88' title="bbox 1856 3416 3414 3494; baseline -0.002 -17"><span class='ocrx_word' id='word_1_568' title='bbox 1856 3429 2060 3494; x_wconf 78' lang='lat' dir='ltr'><strong>perlate</strong></span> <span class='ocrx_word' id='word_1_569' title='bbox 2087 3420 2414 3483; x_wconf 85' lang='lat' dir='ltr'><strong>laboramus,</strong></span> <span class='ocrx_word' id='word_1_570' title='bbox 2446 3416 2640 3471; x_wconf 89' lang='lat' dir='ltr'><strong>divites</strong></span> <span class='ocrx_word' id='word_1_571' title='bbox 2665 3416 2748 3470; x_wconf 80' lang='lat' dir='ltr'><strong>fac</strong></span> <span class='ocrx_word' id='word_1_572' title='bbox 2775 3416 2977 3472; x_wconf 89' lang='lat' dir='ltr'><strong>divitiis</strong></span> <span class='ocrx_word' id='word_1_573' title='bbox 3005 3418 3414 3488; x_wconf 88' lang='lat' dir='ltr'><strong>incomprehen-</strong></span> 
     </span>
    </p>
   </div>
   <div class='ocr_carea' id='block_1_89' title="bbox 1857 3507 3412 3578">
    <p class='ocr_par' dir='ltr' id='par_1_89' title="bbox 1857 3507 3412 3578">
     <span class='ocr_line' id='line_1_89' title="bbox 1857 3507 3412 3578; baseline -0.005 -6"><span class='ocrx_word' id='word_1_574' title='bbox 1857 3515 2105 3572; x_wconf 90' lang='lat' dir='ltr'><strong>sibilibus</strong></span> <span class='ocrx_word' id='word_1_575' title='bbox 2133 3511 2396 3567; x_wconf 88' lang='lat' dir='ltr'><strong>donorum</strong></span> <span class='ocrx_word' id='word_1_576' title='bbox 2421 3517 2638 3563; x_wconf 90' lang='lat' dir='ltr'><strong>tuorum</strong></span> <span class='ocrx_word' id='word_1_577' title='bbox 2659 3507 2962 3561; x_wconf 85' lang='lat' dir='ltr'><strong>divinorum</strong></span> <span class='ocrx_word' id='word_1_578' title='bbox 2988 3526 3002 3562; x_wconf 90' lang='lat'><strong>:</strong></span> <span class='ocrx_word' id='word_1_579' title='bbox 3027 3519 3079 3562; x_wconf 91' lang='lat' dir='ltr'><strong>et</strong></span> <span class='ocrx_word' id='word_1_580' title='bbox 3099 3508 3294 3578; x_wconf 82' lang='lat' dir='ltr'><strong>perﬁce</strong></span> <span class='ocrx_word' id='word_1_581' title='bbox 3311 3526 3412 3566; x_wconf 89' lang='lat' dir='ltr'><strong>nos</strong></span> 
     </span>
    </p>
   </div>
   <div class='ocr_carea' id='block_1_90' title="bbox 1855 3593 3408 3677">
    <p class='ocr_par' dir='ltr' id='par_1_90' title="bbox 1855 3593 3408 3677">
     <span class='ocr_line' id='line_1_90' title="bbox 1855 3593 3408 3677; baseline -0.005 -15"><span class='ocrx_word' id='word_1_582' title='bbox 1855 3609 1908 3662; x_wconf 87' lang='lat' dir='ltr'><strong>&#39;m</strong></span> <span class='ocrx_word' id='word_1_583' title='bbox 1936 3606 2194 3677; x_wconf 88' lang='lat' dir='ltr'><strong>populum</strong></span> <span class='ocrx_word' id='word_1_584' title='bbox 2229 3611 2497 3665; x_wconf 88' lang='lat' dir='ltr'><strong>sanctum,</strong></span> <span class='ocrx_word' id='word_1_585' title='bbox 2539 3607 2597 3655; x_wconf 86' lang='lat' dir='ltr'><strong>et</strong></span> <span class='ocrx_word' id='word_1_586' title='bbox 2629 3593 3099 3669; x_wconf 81' lang='lat' dir='ltr'><strong>congregationem</strong></span> <span class='ocrx_word' id='word_1_587' title='bbox 3124 3599 3408 3665; x_wconf 90' lang='lat' dir='ltr'><strong>salvatam,</strong></span> 
     </span>
    </p>
   </div>
   <div class='ocr_carea' id='block_1_91' title="bbox 1854 3690 3413 3767">
    <p class='ocr_par' dir='ltr' id='par_1_91' title="bbox 1854 3690 3413 3767">
     <span class='ocr_line' id='line_1_91' title="bbox 1854 3690 3413 3767; baseline -0.003 -15"><span class='ocrx_word' id='word_1_588' title='bbox 1854 3715 1973 3767; x_wconf 77' lang='lat' dir='ltr'><strong>quae</strong></span> <span class='ocrx_word' id='word_1_589' title='bbox 1996 3697 2279 3753; x_wconf 88' lang='lat' dir='ltr'><strong>annuntiet</strong></span> <span class='ocrx_word' id='word_1_590' title='bbox 2299 3694 2488 3750; x_wconf 89' lang='lat' dir='ltr'><strong>laudes</strong></span> <span class='ocrx_word' id='word_1_591' title='bbox 2518 3702 2662 3756; x_wconf 90' lang='lat' dir='ltr'><strong>tuas,</strong></span> <span class='ocrx_word' id='word_1_592' title='bbox 2691 3691 2833 3748; x_wconf 90' lang='lat' dir='ltr'><strong>Deus</strong></span> <span class='ocrx_word' id='word_1_593' title='bbox 2861 3690 3040 3757; x_wconf 88' lang='lat' dir='ltr'><strong>Pater,</strong></span> <span class='ocrx_word' id='word_1_594' title='bbox 3063 3699 3117 3746; x_wconf 89' lang='lat' dir='ltr'><strong>et</strong></span> <span class='ocrx_word' id='word_1_595' title='bbox 3145 3690 3413 3762; x_wconf 81' lang='lat' dir='ltr'><strong>unigeniti</strong></span> 
     </span>
    </p>
   </div>
   <div class='ocr_carea' id='block_1_92' title="bbox 1856 3783 2724 3858">
    <p class='ocr_par' dir='ltr' id='par_1_92' title="bbox 1856 3783 2724 3858">
     <span class='ocr_line' id='line_1_92' title="bbox 1856 3783 2724 3858; baseline -0.003 -15"><span class='ocrx_word' id='word_1_596' title='bbox 1856 3787 1974 3843; x_wconf 84' lang='lat' dir='ltr'><strong>Filii</strong></span> <span class='ocrx_word' id='word_1_597' title='bbox 2009 3789 2110 3854; x_wconf 89' lang='lat' dir='ltr'><strong>tui,</strong></span> <span class='ocrx_word' id='word_1_598' title='bbox 2140 3798 2192 3844; x_wconf 88' lang='lat' dir='ltr'><strong>et</strong></span> <span class='ocrx_word' id='word_1_599' title='bbox 2223 3786 2460 3858; x_wconf 90' lang='lat' dir='ltr'><strong>Spiritus</strong></span> <span class='ocrx_word' id='word_1_600' title='bbox 2487 3785 2567 3839; x_wconf 90' lang='lat' dir='ltr'><strong>tui</strong></span> <span class='ocrx_word' id='word_1_601' title='bbox 2595 3783 2724 3840; x_wconf 92' lang='lat' dir='ltr'><strong>vivi.</strong></span> 
     </span>
    </p>
   </div>
   <div class='ocr_carea' id='block_1_93' title="bbox 1923 3881 2617 3950">
    <p class='ocr_par' dir='ltr' id='par_1_93' title="bbox 1923 3881 2617 3950">
     <span class='ocr_line' id='line_1_93' title="bbox 1923 3881 2617 3950; baseline 0 -14"><span class='ocrx_word' id='word_1_602' title='bbox 1923 3882 2216 3937; x_wconf 79' lang='lat' dir='ltr'><strong>Diaconus.</strong></span> <span class='ocrx_word' id='word_1_603' title='bbox 2242 3881 2374 3935; x_wconf 80' lang='lat' dir='ltr'><strong>Date</strong></span> <span class='ocrx_word' id='word_1_604' title='bbox 2409 3895 2617 3950; x_wconf 89' lang='lat' dir='ltr'><strong>pacem.</strong></span> 
     </span>
    </p>
   </div>
   <div class='ocr_carea' id='block_1_94' title="bbox 1924 3969 2829 4029">
    <p class='ocr_par' dir='ltr' id='par_1_94' title="bbox 1924 3969 2829 4029">
     <span class='ocr_line' id='line_1_94' title="bbox 1924 3969 2829 4029; baseline -0.006 0"><span class='ocrx_word' id='word_1_605' title='bbox 1924 3973 2200 4029; x_wconf 76' lang='lat' dir='ltr'><strong>Sacerdos.</strong></span> <span class='ocrx_word' id='word_1_606' title='bbox 2231 3972 2483 4028; x_wconf 87' lang='lat' dir='ltr'><strong>Charitas</strong></span> <span class='ocrx_word' id='word_1_607' title='bbox 2508 3971 2602 4027; x_wconf 91' lang='lat' dir='ltr'><strong>Dei</strong></span> <span class='ocrx_word' id='word_1_608' title='bbox 2629 3969 2829 4026; x_wconf 84' lang='lat' dir='ltr'><strong>Patris.</strong></span> 
     </span>
    </p>
   </div>
   <div class='ocr_carea' id='block_1_95' title="bbox 1923 4058 2955 4133">
    <p class='ocr_par' dir='ltr' id='par_1_95' title="bbox 1923 4058 2955 4133">
     <span class='ocr_line' id='line_1_95' title="bbox 1923 4058 2955 4133; baseline -0.004 -14"><span class='ocrx_word' id='word_1_609' title='bbox 1923 4060 2176 4133; x_wconf 79' lang='lat' dir='ltr'><strong>Populus.</strong></span> <span class='ocrx_word' id='word_1_610' title='bbox 2206 4064 2396 4119; x_wconf 85' lang='lat' dir='ltr'><strong>Amen.</strong></span> <span class='ocrx_word' id='word_1_611' title='bbox 2430 4063 2809 4118; x_wconf 75' lang='lat' dir='ltr'><strong>Misericordia:</strong></span> <span class='ocrx_word' id='word_1_612' title='bbox 2841 4058 2955 4116; x_wconf 87' lang='lat' dir='ltr'><strong>Dei.</strong></span> 
     </span>
    </p>
   </div>
   <div class='ocr_carea' id='block_1_96' title="bbox 1924 4155 2679 4213">
    <p class='ocr_par' dir='ltr' id='par_1_96' title="bbox 1924 4155 2679 4213">
     <span class='ocr_line' id='line_1_96' title="bbox 1924 4155 2679 4213; baseline -0.003 -1"><span class='ocrx_word' id='word_1_613' title='bbox 1924 4157 2199 4212; x_wconf 78' lang='lat' dir='ltr'><strong>Sacerdos.</strong></span> <span class='ocrx_word' id='word_1_614' title='bbox 2232 4155 2460 4213; x_wconf 83' lang='lat' dir='ltr'><strong>Sursum</strong></span> <span class='ocrx_word' id='word_1_615' title='bbox 2492 4155 2679 4211; x_wconf 87' lang='lat' dir='ltr'><strong>corda.</strong></span> 
     </span>
    </p>
   </div>
   <div class='ocr_carea' id='block_1_97' title="bbox 1927 4246 2919 4318">
    <p class='ocr_par' dir='ltr' id='par_1_97' title="bbox 1927 4246 2919 4318">
     <span class='ocr_line' id='line_1_97' title="bbox 1927 4246 2919 4318; baseline -0.004 -14"><span class='ocrx_word' id='word_1_616' title='bbox 1927 4247 2177 4318; x_wconf 74' lang='lat' dir='ltr'><strong>Populus.</strong></span> <span class='ocrx_word' id='word_1_617' title='bbox 2212 4247 2481 4305; x_wconf 85' lang='lat' dir='ltr'><strong>Habemus</strong></span> <span class='ocrx_word' id='word_1_618' title='bbox 2518 4248 2583 4301; x_wconf 83' lang='lat' dir='ltr'><strong>ad</strong></span> <span class='ocrx_word' id='word_1_619' title='bbox 2612 4246 2919 4302; x_wconf 85' lang='lat' dir='ltr'><strong>Dominum.</strong></span> 
     </span>
    </p>
   </div>
   <div class='ocr_carea' id='block_1_98' title="bbox 1907 4333 2966 4411">
    <p class='ocr_par' dir='ltr' id='par_1_98' title="bbox 1907 4333 2966 4411">
     <span class='ocr_line' id='line_1_98' title="bbox 1907 4333 2966 4411; baseline -0.007 -12"><span class='ocrx_word' id='word_1_620' title='bbox 1907 4333 2197 4399; x_wconf 69' lang='lat' dir='ltr'><strong>~Sacerdos.</strong></span> <span class='ocrx_word' id='word_1_621' title='bbox 2231 4341 2445 4398; x_wconf 84' lang='lat' dir='ltr'><strong>Gratias</strong></span> <span class='ocrx_word' id='word_1_622' title='bbox 2470 4355 2692 4411; x_wconf 80' lang='lat' dir='ltr'><strong>agamus</strong></span> <span class='ocrx_word' id='word_1_623' title='bbox 2716 4339 2966 4393; x_wconf 83' lang='lat' dir='ltr'><strong>Domino.</strong></span> 
     </span>
    </p>
   </div>
   <div class='ocr_carea' id='block_1_99' title="bbox 1920 4433 2882 4504">
    <p class='ocr_par' dir='ltr' id='par_1_99' title="bbox 1920 4433 2882 4504">
     <span class='ocr_line' id='line_1_99' title="bbox 1920 4433 2882 4504; baseline -0.001 -16"><span class='ocrx_word' id='word_1_624' title='bbox 1920 4433 2176 4502; x_wconf 82' lang='lat' dir='ltr'><strong>Populus.</strong></span> <span class='ocrx_word' id='word_1_625' title='bbox 2208 4433 2439 4504; x_wconf 89' lang='lat' dir='ltr'><strong>Dignum</strong></span> <span class='ocrx_word' id='word_1_626' title='bbox 2467 4442 2520 4486; x_wconf 93' lang='lat' dir='ltr'><strong>et</strong></span> <span class='ocrx_word' id='word_1_627' title='bbox 2542 4433 2748 4502; x_wconf 80' lang='lat' dir='ltr'><strong>justum</strong></span> <span class='ocrx_word' id='word_1_628' title='bbox 2780 4439 2882 4487; x_wconf 89' lang='lat' dir='ltr'><strong>est.</strong></span> 
     </span>
    </p>
   </div>
   <div class='ocr_carea' id='block_1_100' title="bbox 1921 4520 3405 4595">
    <p class='ocr_par' dir='ltr' id='par_1_100' title="bbox 1921 4520 3405 4595">
     <span class='ocr_line' id='line_1_100' title="bbox 1921 4520 3405 4595; baseline -0.003 -13"><span class='ocrx_word' id='word_1_629' title='bbox 1921 4526 2186 4582; x_wconf 77' lang='lat' dir='ltr'><strong>Sacerdos</strong></span> <span class='ocrx_word' id='word_1_630' title='bbox 2213 4526 2518 4579; x_wconf 82' lang='lat' dir='ltr'><strong>inclinatus.</strong></span> <span class='ocrx_word' id='word_1_631' title='bbox 2568 4523 2785 4579; x_wconf 86' lang='lat' dir='ltr'><strong>Gratias</strong></span> <span class='ocrx_word' id='word_1_632' title='bbox 2821 4538 3065 4595; x_wconf 74' lang='lat' dir='ltr'><strong>agamus,</strong></span> <span class='ocrx_word' id='word_1_633' title='bbox 3097 4520 3405 4587; x_wconf 78' lang='lat' dir='ltr'><strong>adoremus,</strong></span> 
     </span>
    </p>
   </div>
   <div class='ocr_carea' id='block_1_101' title="bbox 1779 4603 3410 4692">
    <p class='ocr_par' dir='ltr' id='par_1_101' title="bbox 1779 4603 3410 4692">
     <span class='ocr_line' id='line_1_101' title="bbox 1779 4603 3410 4692; baseline -0.005 -17"><span class='ocrx_word' id='word_1_634' title='bbox 1779 4603 1830 4663; x_wconf 71' lang='grc' dir='ltr'><strong><em>Β</em></strong></span> <span class='ocrx_word' id='word_1_635' title='bbox 1854 4630 1906 4676; x_wconf 84' lang='lat' dir='ltr'><strong>ct</strong></span> <span class='ocrx_word' id='word_1_636' title='bbox 1960 4619 2323 4692; x_wconf 76' lang='lat' dir='ltr'><strong>gloriﬁcemus</strong></span> <span class='ocrx_word' id='word_1_637' title='bbox 2366 4617 2605 4682; x_wconf 86' lang='lat' dir='ltr'><strong>Patrem,</strong></span> <span class='ocrx_word' id='word_1_638' title='bbox 2655 4615 2873 4682; x_wconf 86' lang='lat' dir='ltr'><strong>Filium,</strong></span> <span class='ocrx_word' id='word_1_639' title='bbox 2903 4621 2958 4670; x_wconf 87' lang='lat' dir='ltr'><strong>et</strong></span> <span class='ocrx_word' id='word_1_640' title='bbox 2989 4612 3249 4684; x_wconf 77' lang='lat' dir='ltr'><strong>Spiritum</strong></span> <span class='ocrx_word' id='word_1_641' title='bbox 3279 4627 3410 4670; x_wconf 87' lang='lat' dir='ltr'><strong>san-</strong></span> 
     </span>
    </p>
   </div>
   <div class='ocr_carea' id='block_1_102' title="bbox 1849 4706 2608 4768">
    <p class='ocr_par' dir='ltr' id='par_1_102' title="bbox 1849 4706 2608 4768">
     <span class='ocr_line' id='line_1_102' title="bbox 1849 4706 2608 4768; baseline -0.008 -2"><span class='ocrx_word' id='word_1_642' title='bbox 1849 4721 1995 4768; x_wconf 84' lang='lat' dir='ltr'><strong>etum</strong></span> <span class='ocrx_word' id='word_1_643' title='bbox 2020 4726 2187 4765; x_wconf 83' lang='lat' dir='ltr'><strong>unum</strong></span> <span class='ocrx_word' id='word_1_644' title='bbox 2219 4706 2385 4764; x_wconf 83' lang='lat' dir='ltr'><strong>Deum</strong></span> <span class='ocrx_word' id='word_1_645' title='bbox 2399 4723 2608 4763; x_wconf 91' lang='lat' dir='ltr'><strong>verum.</strong></span> 
     </span>
    </p>
   </div>
   <div class='ocr_carea' id='block_1_103' title="bbox 1855 4834 3407 4916">
    <p class='ocr_par' dir='ltr' id='par_1_103' title="bbox 1855 4834 3407 4916">
     <span class='ocr_line' id='line_1_103' title="bbox 1855 4834 3407 4916; baseline -0.007 -16"><span class='ocrx_word' id='word_1_646' title='bbox 1855 4845 2202 4901; x_wconf 75' lang='lat' dir='ltr'><strong>Echellcnsis</strong></span> <span class='ocrx_word' id='word_1_647' title='bbox 2240 4841 2472 4916; x_wconf 80' lang='lat' dir='ltr'><strong>innatis</strong></span> <span class='ocrx_word' id='word_1_648' title='bbox 2519 4844 2587 4896; x_wconf 90' lang='lat' dir='ltr'><strong>ad</strong></span> <span class='ocrx_word' id='word_1_649' title='bbox 2643 4836 2851 4916; x_wconf 80' lang='lat' dir='ltr'><strong>li_ebed_</strong></span> <span class='ocrx_word' id='word_1_650' title='bbox 2869 4837 2994 4916; x_wconf 83' lang='lat' dir='ltr'><strong>._l_esu</strong></span> <span class='ocrx_word' id='word_1_651' title='bbox 3027 4856 3040 4892; x_wconf 90' lang='lat'><strong>:</strong></span> <span class='ocrx_word' id='word_1_652' title='bbox 3074 4845 3126 4892; x_wconf 91' lang='lat' dir='ltr'><strong>et</strong></span> <span class='ocrx_word' id='word_1_653' title='bbox 3174 4834 3407 4916; x_wconf 80' lang='lat' dir='ltr'><strong>Faustus</strong></span> 
     </span>
    </p>
   </div>
   <div class='ocr_carea' id='block_1_104' title="bbox 1852 4909 3405 4983">
    <p class='ocr_par' dir='ltr' id='par_1_104' title="bbox 1852 4909 3405 4983">
     <span class='ocr_line' id='line_1_104' title="bbox 1852 4909 3405 4983; baseline -0.008 -13"><span class='ocrx_word' id='word_1_654' title='bbox 1852 4917 2123 4970; x_wconf 70' lang='lat' dir='ltr'><strong>Naironus</strong></span> <span class='ocrx_word' id='word_1_655' title='bbox 2160 4917 2216 4968; x_wconf 89' lang='lat' dir='ltr'><strong>in</strong></span> <span class='ocrx_word' id='word_1_656' title='bbox 2274 4914 2491 4982; x_wconf 77' lang='lat' dir='ltr'><strong>Evoplia</strong></span> <span class='ocrx_word' id='word_1_657' title='bbox 2540 4928 2637 4966; x_wconf 88' lang='lat' dir='ltr'><strong>sua</strong></span> <span class='ocrx_word' id='word_1_658' title='bbox 2681 4914 2772 4983; x_wconf 86' lang='lat' dir='ltr'><strong>(c).</strong></span> <span class='ocrx_word' id='word_1_659' title='bbox 2817 4909 2968 4983; x_wconf 79' lang='lat' dir='ltr'><strong>Edita</strong></span> <span class='ocrx_word' id='word_1_660' title='bbox 2997 4921 3212 4983; x_wconf 83' lang='lat' dir='ltr'><strong>quoque</strong></span> <span class='ocrx_word' id='word_1_661' title='bbox 3240 4913 3322 4960; x_wconf 89' lang='lat' dir='ltr'><strong>est</strong></span> <span class='ocrx_word' id='word_1_662' title='bbox 3349 4909 3405 4958; x_wconf 91' lang='lat' dir='ltr'><strong>in</strong></span> 
     </span>
    </p>
   </div>
   <div class='ocr_carea' id='block_1_105' title="bbox 1854 4979 3410 5056">
    <p class='ocr_par' dir='ltr' id='par_1_105' title="bbox 1854 4979 3410 5056">
     <span class='ocr_line' id='line_1_105' title="bbox 1854 4979 3410 5056; baseline -0.008 -15"><span class='ocrx_word' id='word_1_663' title='bbox 1854 4983 2056 5043; x_wconf 76' lang='lat' dir='ltr'><strong>Missali</strong></span> <span class='ocrx_word' id='word_1_664' title='bbox 2086 4979 2407 5040; x_wconf 83' lang='lat' dir='ltr'><strong>Maronitieo</strong></span> <span class='ocrx_word' id='word_1_665' title='bbox 2430 4983 2569 5056; x_wconf 26' lang='lat' dir='ltr'><strong>:‘sed</strong></span> <span class='ocrx_word' id='word_1_666' title='bbox 2589 4979 2710 5037; x_wconf 85' lang='lat' dir='ltr'><strong>cum</strong></span> <span class='ocrx_word' id='word_1_667' title='bbox 2733 4979 3410 5056; x_wconf 49' lang='lat' dir='ltr'><strong>interpolationibus,qua:</strong></span> 
     </span>
    </p>
   </div>
   <div class='ocr_carea' id='block_1_106' title="bbox 1853 5048 3406 5112">
    <p class='ocr_par' dir='ltr' id='par_1_106' title="bbox 1853 5048 3406 5112">
     <span class='ocr_line' id='line_1_106' title="bbox 1853 5048 3406 5112; baseline -0.007 -1"><span class='ocrx_word' id='word_1_668' title='bbox 1853 5059 1905 5112; x_wconf 86' lang='lat' dir='ltr'><strong>iu</strong></span> <span class='ocrx_word' id='word_1_669' title='bbox 1939 5059 2060 5112; x_wconf 88' lang='lat' dir='ltr'><strong>aliis</strong></span> <span class='ocrx_word' id='word_1_670' title='bbox 2086 5056 2238 5109; x_wconf 63' lang='lat' dir='ltr'><strong>facta:</strong></span> <span class='ocrx_word' id='word_1_671' title='bbox 2271 5065 2418 5110; x_wconf 90' lang='lat' dir='ltr'><strong>sunt.</strong></span> <span class='ocrx_word' id='word_1_672' title='bbox 2449 5051 2725 5106; x_wconf 86' lang='lat' dir='ltr'><strong>Sinceram</strong></span> <span class='ocrx_word' id='word_1_673' title='bbox 2757 5048 3039 5104; x_wconf 72' lang='lat' dir='ltr'><strong>lectidnem</strong></span> <span class='ocrx_word' id='word_1_674' title='bbox 3071 5048 3406 5103; x_wconf 89' lang='lat' dir='ltr'><strong>restituimus</strong></span> 
     </span>
    </p>
   </div>
   <div class='ocr_carea' id='block_1_107' title="bbox 1851 5119 3407 5188">
    <p class='ocr_par' dir='ltr' id='par_1_107' title="bbox 1851 5119 3407 5188">
     <span class='ocr_line' id='line_1_107' title="bbox 1851 5119 3407 5188; baseline -0.008 -7"><span class='ocrx_word' id='word_1_675' title='bbox 1851 5144 1913 5182; x_wconf 73' lang='lat' dir='ltr'><strong>ex</strong></span> <span class='ocrx_word' id='word_1_676' title='bbox 1946 5128 2132 5182; x_wconf 77' lang='lat' dir='ltr'><strong>codice</strong></span> <span class='ocrx_word' id='word_1_677' title='bbox 2153 5126 2464 5181; x_wconf 83' lang='lat' dir='ltr'><strong>Colbertino</strong></span> <span class='ocrx_word' id='word_1_678' title='bbox 2491 5123 2816 5179; x_wconf 67' lang='lat' dir='ltr'><strong>bonmnotre.</strong></span> <span class='ocrx_word' id='word_1_679' title='bbox 2843 5119 2934 5188; x_wconf 91' lang='lat' dir='ltr'><strong>qui</strong></span> <span class='ocrx_word' id='word_1_680' title='bbox 2964 5134 3080 5172; x_wconf 86' lang='lat' dir='ltr'><strong>eam</strong></span> <span class='ocrx_word' id='word_1_681' title='bbox 3108 5130 3407 5185; x_wconf 66' lang='lat' dir='ltr'><strong>repraesen-</strong></span> 
     </span>
    </p>
   </div>
   <div class='ocr_carea' id='block_1_108' title="bbox 1853 5189 3404 5265">
    <p class='ocr_par' dir='ltr' id='par_1_108' title="bbox 1853 5189 3404 5265">
     <span class='ocr_line' id='line_1_108' title="bbox 1853 5189 3404 5265; baseline -0.01 -15"><span class='ocrx_word' id='word_1_682' title='bbox 1853 5201 2000 5252; x_wconf 84' lang='lat' dir='ltr'><strong>tabat</strong></span> <span class='ocrx_word' id='word_1_683' title='bbox 2031 5215 2045 5251; x_wconf 74' lang='grc' dir='ltr'><strong>ι</strong></span> <span class='ocrx_word' id='word_1_684' title='bbox 2085 5212 2208 5250; x_wconf 85' lang='lat' dir='ltr'><strong>nam</strong></span> <span class='ocrx_word' id='word_1_685' title='bbox 2241 5197 2294 5247; x_wconf 89' lang='lat' dir='ltr'><strong>in</strong></span> <span class='ocrx_word' id='word_1_686' title='bbox 2335 5190 2521 5246; x_wconf 80' lang='lat' dir='ltr'><strong>inultis</strong></span> <span class='ocrx_word' id='word_1_687' title='bbox 2554 5191 2914 5265; x_wconf 83' lang='lat' dir='ltr'><strong>desideratur.</strong></span> <span class='ocrx_word' id='word_1_688' title='bbox 2940 5189 3096 5265; x_wconf 44' lang='lat' dir='ltr'><strong>llum</strong></span> <span class='ocrx_word' id='word_1_689' title='bbox 3125 5201 3259 5265; x_wconf 61' lang='lat' dir='ltr'><strong>vero</strong></span> <span class='ocrx_word' id='word_1_690' title='bbox 3285 5199 3404 5265; x_wconf 65' lang='lat' dir='ltr'><strong>om-</strong></span> 
     </span>
    </p>
   </div>
   <div class='ocr_carea' id='block_1_109' title="bbox 1851 5256 3406 5334">
    <p class='ocr_par' dir='ltr' id='par_1_109' title="bbox 1851 5256 3406 5334">
     <span class='ocr_line' id='line_1_109' title="bbox 1851 5256 3406 5334; baseline -0.009 -13"><span class='ocrx_word' id='word_1_691' title='bbox 1851 5270 2000 5322; x_wconf 91' lang='lat' dir='ltr'><strong>nium</strong></span> <span class='ocrx_word' id='word_1_692' title='bbox 2024 5266 2364 5334; x_wconf 85' lang='lat' dir='ltr'><strong>liturgiarttm</strong></span> <span class='ocrx_word' id='word_1_693' title='bbox 2394 5278 2499 5315; x_wconf 90' lang='lat' dir='ltr'><strong>una</strong></span> <span class='ocrx_word' id='word_1_694' title='bbox 2529 5261 2791 5316; x_wconf 82' lang='lat' dir='ltr'><strong>sententia</strong></span> <span class='ocrx_word' id='word_1_695' title='bbox 2815 5261 2906 5321; x_wconf 86' lang='lat' dir='ltr'><strong>sit,</strong></span> <span class='ocrx_word' id='word_1_696' title='bbox 2939 5258 3077 5312; x_wconf 87' lang='lat' dir='ltr'><strong>idem</strong></span> <span class='ocrx_word' id='word_1_697' title='bbox 3100 5256 3406 5334; x_wconf 66' lang='lat' dir='ltr'><strong>disciplinae</strong></span> 
     </span>
    </p>
   </div>
   <div class='ocr_carea' id='block_1_110' title="bbox 1851 5324 3402 5398">
    <p class='ocr_par' dir='ltr' id='par_1_110' title="bbox 1851 5324 3402 5398">
     <span class='ocr_line' id='line_1_110' title="bbox 1851 5324 3402 5398; baseline -0.008 -8"><span class='ocrx_word' id='word_1_698' title='bbox 1851 5342 2018 5397; x_wconf 84' lang='lat' dir='ltr'><strong>color,</strong></span> <span class='ocrx_word' id='word_1_699' title='bbox 2043 5324 2288 5392; x_wconf 47' lang='lat' dir='ltr'><strong>doct&#39;rina</strong></span> <span class='ocrx_word' id='word_1_700' title='bbox 2321 5335 2384 5386; x_wconf 72' lang='lat' dir='ltr'><strong>tle</strong></span> <span class='ocrx_word' id='word_1_701' title='bbox 2411 5341 2747 5387; x_wconf 80' lang='lat' dir='ltr'><strong>sacramento</strong></span> <span class='ocrx_word' id='word_1_702' title='bbox 2775 5345 2999 5398; x_wconf 88' lang='lat' dir='ltr'><strong>prorsus</strong></span> <span class='ocrx_word' id='word_1_703' title='bbox 3016 5327 3202 5380; x_wconf 83' lang='lat' dir='ltr'><strong>eadem</strong></span> <span class='ocrx_word' id='word_1_704' title='bbox 3242 5345 3253 5379; x_wconf 90' lang='lat'><strong>:</strong></span> <span class='ocrx_word' id='word_1_705' title='bbox 3279 5324 3402 5398; x_wconf 28' lang='lat' dir='ltr'><strong>‘dis-</strong></span> 
     </span>
    </p>
   </div>
   <div class='ocr_carea' id='block_1_111' title="bbox 1852 5393 3404 5475">
    <p class='ocr_par' dir='ltr' id='par_1_111' title="bbox 1852 5393 3404 5475">
     <span class='ocr_line' id='line_1_111' title="bbox 1852 5393 3404 5475; baseline -0.01 -13"><span class='ocrx_word' id='word_1_706' title='bbox 1852 5393 2054 5462; x_wconf 83' lang='lat' dir='ltr'><strong>crimen</strong></span> <span class='ocrx_word' id='word_1_707' title='bbox 2089 5420 2216 5459; x_wconf 77' lang='lat' dir='ltr'><strong>vero</strong></span> <span class='ocrx_word' id='word_1_708' title='bbox 2234 5393 2829 5475; x_wconf 69' lang='lat' dir='ltr'><strong>nu_llum,prieterquaiu</strong></span> <span class='ocrx_word' id='word_1_709' title='bbox 2859 5401 2911 5452; x_wconf 92' lang='lat' dir='ltr'><strong>in</strong></span> <span class='ocrx_word' id='word_1_710' title='bbox 2945 5393 3404 5475; x_wconf 70' lang='lat' dir='ltr'><strong>verborumuber-</strong></span> 
     </span>
    </p>
   </div>
   <div class='ocr_carea' id='block_1_112' title="bbox 1850 5466 3404 5541">
    <p class='ocr_par' dir='ltr' id='par_1_112' title="bbox 1850 5466 3404 5541">
     <span class='ocr_line' id='line_1_112' title="bbox 1850 5466 3404 5541; baseline -0.01 -10"><span class='ocrx_word' id='word_1_711' title='bbox 1850 5488 1980 5538; x_wconf 82' lang='lat' dir='ltr'><strong>tate.</strong></span> <span class='ocrx_word' id='word_1_712' title='bbox 2018 5483 2112 5533; x_wconf 87' lang='lat' dir='ltr'><strong>aut</strong></span> <span class='ocrx_word' id='word_1_713' title='bbox 2143 5473 2404 5530; x_wconf 88' lang='lat' dir='ltr'><strong>strictiori</strong></span> <span class='ocrx_word' id='word_1_714' title='bbox 2440 5466 2782 5541; x_wconf 73' lang='lat' dir='ltr'><strong>simplicitate</strong></span> <span class='ocrx_word' id='word_1_715' title='bbox 2823 5468 2994 5541; x_wconf 81' lang='lat' dir='ltr'><strong>possit</strong></span> <span class='ocrx_word' id='word_1_716' title='bbox 3027 5466 3404 5526; x_wconf 77' lang='lat' dir='ltr'><strong>animadverti,</strong></span> 
     </span>
    </p>
   </div>
   <div class='ocr_carea' id='block_1_113' title="bbox 1849 5539 3405 5618">
    <p class='ocr_par' dir='ltr' id='par_1_113' title="bbox 1849 5539 3405 5618">
     <span class='ocr_line' id='line_1_113' title="bbox 1849 5539 3405 5618; baseline -0.01 -16"><span class='ocrx_word' id='word_1_717' title='bbox 1849 5566 1968 5618; x_wconf 72' lang='lat' dir='ltr'><strong>quae</strong></span> <span class='ocrx_word' id='word_1_718' title='bbox 1993 5548 2057 5603; x_wconf 85' lang='lat' dir='ltr'><strong>ad</strong></span> <span class='ocrx_word' id='word_1_719' title='bbox 2109 5547 2243 5600; x_wconf 89' lang='lat' dir='ltr'><strong>alias</strong></span> <span class='ocrx_word' id='word_1_720' title='bbox 2277 5539 2738 5618; x_wconf 63' lang='lat' dir='ltr'><strong>oliserV&#39;ata_sunt,</strong></span> <span class='ocrx_word' id='word_1_721' title='bbox 2776 5541 2840 5618; x_wconf 72' lang='lat' dir='ltr'><strong>ad</strong></span> <span class='ocrx_word' id='word_1_722' title='bbox 2875 5539 3031 5592; x_wconf 81' lang='lat' dir='ltr'><strong>istius</strong></span> <span class='ocrx_word' id='word_1_723' title='bbox 3061 5550 3272 5618; x_wconf 73' lang='lat' dir='ltr'><strong>quoque</strong></span> <span class='ocrx_word' id='word_1_724' title='bbox 3301 5545 3405 5588; x_wconf 75' lang='lat' dir='ltr'><strong>ex-</strong></span> 
     </span>
    </p>
   </div>
   <div class='ocr_carea' id='block_1_114' title="bbox 1851 5607 3369 5691">
    <p class='ocr_par' dir='ltr' id='par_1_114' title="bbox 1851 5607 3369 5691">
     <span class='ocr_line' id='line_1_114' title="bbox 1851 5607 3369 5691; baseline -0.012 -16"><span class='ocrx_word' id='word_1_725' title='bbox 1851 5607 2195 5691; x_wconf 76' lang='lat' dir='ltr'><strong>plicationem</strong></span> <span class='ocrx_word' id='word_1_726' title='bbox 2224 5621 2449 5686; x_wconf 86' lang='lat' dir='ltr'><strong>possunt</strong></span> <span class='ocrx_word' id='word_1_727' title='bbox 2486 5611 2753 5676; x_wconf 74' lang='lat' dir='ltr'><strong>subicere,</strong></span> <span class='ocrx_word' id='word_1_728' title='bbox 2777 5611 2822 5667; x_wconf 87' lang='lat' dir='ltr'><strong>si</strong></span> <span class='ocrx_word' id='word_1_729' title='bbox 2855 5623 3025 5681; x_wconf 87' lang='lat' dir='ltr'><strong>pauca</strong></span> <span class='ocrx_word' id='word_1_730' title='bbox 3043 5607 3369 5678; x_wconf 76' lang='lat' dir='ltr'><strong>excipimus.</strong></span> 
     </span>
    </p>
   </div>
   <div class='ocr_carea' id='block_1_115' title="bbox 1908 5728 2610 5798">
    <p class='ocr_par' dir='ltr' id='par_1_115' title="bbox 1908 5728 2610 5798">
     <span class='ocr_line' id='line_1_115' title="bbox 1908 5728 2610 5798; baseline -0.007 -13"><span class='ocrx_word' id='word_1_731' title='bbox 1908 5735 1974 5798; x_wconf 77' lang='lat' dir='ltr'><strong>(cl</strong></span> <span class='ocrx_word' id='word_1_732' title='bbox 2007 5732 2188 5796; x_wconf 82' lang='lat' dir='ltr'><strong>Evopl.,</strong></span> <span class='ocrx_word' id='word_1_733' title='bbox 2214 5745 2258 5795; x_wconf 86' lang='lat' dir='ltr'><strong>p.</strong></span> <span class='ocrx_word' id='word_1_734' title='bbox 2299 5730 2405 5792; x_wconf 79' lang='lat' dir='ltr'><strong>5l9,</strong></span> <span class='ocrx_word' id='word_1_735' title='bbox 2430 5744 2462 5794; x_wconf 89' lang='lat' dir='ltr'><strong>p</strong></span> <span class='ocrx_word' id='word_1_736' title='bbox 2507 5728 2610 5780; x_wconf 75' lang='grc'><strong>162.</strong></span> 
     </span>
    </p>
   </div>
  </div>
