3898 6196
241 227 329 284 ’λη
1661 243 1781 302 LIT‘

1894 243 2008 300 ἳιΙΑ.

1815 365 1858 420 Α
1957 357 2180 410 Elevans
2206 371 2398 410 vocem.
2434 355 2632 408 Eorum
2666 353 2760 424 qui
2793 351 3042 408 doctores
3079 353 3190 410 veri
3219 353 3438 410 fuerunt

306 344 559 416 Populus.
592 346 786 406 Amen.

308 437 580 494 Sacerdos.
608 438 674 493 Et
698 442 916 497 mistum
935 444 1081 514 quod
1106 455 1192 504 est
1220 449 1278 504 in
1299 450 1400 505 hoc
1413 449 1603 516 calice,
1619 448 1785 506 faciat

235 532 549 602 sanguinem
581 531 783 588 Christi
807 533 899 590 Dei
929 540 1127 598 nostri.

310 623 556 692 Populus.
588 625 780 682 Amen.

303 716 582 771 Sacerdos.
638 717 810 774 Nobis
840 731 1020 777 autem
1070 739 1168 794 per
1213 725 1425 782 illorum
1483 727 1785 797 susceptio-

229 823 377 870 nem,
409 807 499 862 det
533 813 744 865 veniam
765 812 1104 878 delictorum,
1139 819 1510 874 remissionem
1543 831 1786 890 peccato-
1833 844 1836 848 η

225 899 668 962 rnm,scientiam
699 919 878 958 veram
924 905 1070 968 fidei,
1120 910 1406 979 zelamque
1459 912 1780 968 laudabilem

225 992 531 1062 religionis.
568 1001 620 1048 et
652 996 1124 1067 participationem
1155 1001 1276 1056 vitae
1309 1010 1543 1060 internae.

299 1083 558 1152 Populus.
581 1087 771 1142 Amen.

300 1175 559 1232 Sacerdos
588 1180 891 1237 inclinatas.
922 1182 1020 1244 Da,
1052 1185 1298 1250 Domine,
1331 1186 1586 1242 Ecclesiae
1611 1194 1783 1244 tumet

227 1269 556 1336 praesulibus
601 1270 741 1339 ejus,
794 1281 848 1327 ιιι
873 1275 1026 1340 juxta
1058 1277 1428 1346 praescriptum
1465 1278 1638 1349 legum
1671 1286 1782 1334 tua-

223 1374 351 1411 rum
379 1374 440 1414 se
469 1369 678 1430 gerant.
707 1365 961 1421 omnibus
977 1366 1168 1422 diebus
1194 1368 1313 1421 vitae
1333 1383 1464 1423 suae.

296 1448 529 1505 Elevans
581 1470 774 1512 vocem.
825 1455 890 1510 Et
928 1458 1117 1514 oculos
1163 1459 1559 1518 intellectuales
1583 1461 1781 1524 mentis

221 1550 432 1616 nostra:
469 1544 731 1612 illumina,
765 1547 1019 1614 Domine,
1049 1558 1108 1604 ut
1133 1553 1568 1622 contemplemur
1616 1554 1782 1608 mira-

223 1632 352 1687 cula
386 1633 559 1706 legum
595 1645 806 1694 tuarum
834 1641 1138 1697 divinarum
1172 1663 1184 1698 :
1220 1651 1272 1700 et
1295 1660 1324 1698 a
1356 1645 1496 1714 lupis
1525 1647 1781 1716 spiritua-

3339 241 3440 296 702

1891 449 2144 504 Ecclesia:
2187 456 2292 502 tua:
2337 454 2577 509 sanctis,
2610 452 2664 498 et
2717 459 2747 497 a
2777 445 3183 500 seductionibus
3233 447 3438 502 erroris

1887 553 2004 593 eam
2035 545 2436 600 converterunt.
2459 544 2513 591 et
2541 535 2657 591 vias
2684 543 2862 590 rectas
2902 534 2971 590 ad
3008 537 3172 591 vitam
3215 537 3439 592 immor-

1887 631 2068 695 talem,
2093 631 2168 684 illi
2199 631 2708 685 demonstraverunt
2733 646 2747 682 :
2779 638 3092 685 numeratos
3114 630 3278 700 igitur
3297 632 3434 689 inter

1887 722 2106 776 ordines
2155 737 2340 775 eorum
2377 720 2461 774 fac
2511 736 2632 783 nos,
2669 726 2728 773 u-t
2753 735 2877 774 cum
2908 720 3016 776 illis
3045 729 3099 776 et
3127 722 3268 776 inter
3312 721 3436 779 illos

1886 812 2182 867 referamus
2209 812 2305 865 tibi
2326 812 2574 882 gloriam,
2605 818 2708 866 etc.

1955 904 2208 974 Populus.
2239 903 2429 960 Amen.

1954 996 2211 1052 Sacerdos
2252 997 2556 1049 inclinatus.
2589 993 2843 1050 Miserere
2873 1002 2928 1050 et
2965 1010 3150 1066 parce,
3187 995 3433 1062 Domine,

1887 1103 1980 1157 per
2015 1087 2118 1141 hoc
2167 1086 2518 1146 sacriﬁcium,
2552 1084 3128 1141 omnibus'defunctis
3162 1085 3432 1152 ﬁdelibus,

1885 1182 1981 1250 qui
2016 1179 2223 1250 pridem
2258 1179 2652 1245 decubuerunt,
2679 1194 2804 1234 cum
2835 1194 2932 1249 spe
2960 1187 3074 1244 tua,
3104 1178 3161 1232 in
3196 1178 3299 1235 tide
3345 1195 3436 1235 or-

1886 1271 2138 1325 thodoxa.

1954 1360 2176 1414 Elevans
2196 1375 2383 1414 uocem.
2401 1358 2599 1414 Omnes
2619 1357 2887 1428 aspiciens
2903 1373 3026 1412 cum
3042 1357 3432 1421 misericordia,

1885 1460 2141 1522 tanquam
2176 1449 2425 1507 conditor
2464 1450 2764 1503 animarum
2795 1457 2849 1504 et
2879 1463 3168 1518 corporum
3198 1449 3432 1502 illorum.

1884 1536 2145 1613 Acceptas
2174 1543 2337 1612 igitur
2359 1541 2496 1595 habe
2521 1541 2656 1595 istas
2679 1540 3002 1603 oblationes,
3054 1555 3176 1610 quae
3201 1556 3300 1610 pro
3329 1540 3437 1595 illis

1885 1636 1992 1691 tibi
2005 1635 2304 1690 offeruntur
2333 1653 2355 1687 :~
2383 1639 2437 1687 et
2467 1640 2658 1702 praesta
2687 1631 2794 1685 illis
2835 1631 2976 1686 bona
3019 1632 3290 1701 promissa
3313 1631 3439 1687 dili-

226 1724 374 1782 libus
406 1728 716 1785 universum
749 1748 961 1804 gregem
1003 1742 1154 1789 tuum
1189 1749 1492 1793 conserva:
1532 1746 1586 1793 et
1618 1739 1781 1796 simul

1894 1727 2132 1797 gentibus
2180 1723 2457 1780 Christum
2512 1731 2708 1789 tuum;
2753 1737 2850 1791 per
2877 1738 3060 1793 quem,
3091 1731 3145 1778 et
3173 1737 3299 1777 cum
3327 1737 3438 1792 quo

225 1813 530 1873 referemus
559 1821 651 1875 tibi
679 1823 907 1892 gloriam
937 1832 990 1878 et
1019 1823 1256 1891 laudem,
1291 1837 1396 1882 etc.

297 1905 557 1976 Populus.
581 1912 771 1968 Amen.

297 2000 563 2059 Sacerdos
602 2006 905 2062 inclinatus.
944 2007 1248 2074 Memento,
1307 2009 1550 2076 Domine,
1593 2023 1784 2066 eorum

222 2093 321 2162 qui
355 2094 608 2151 invocant
650 2105 703 2153 te
731 2115 853 2154 cum
888 2101 990 2157 ﬁde
1017 2119 1174 2168 vera,
1205 2110 1260 2160 et
1297 2104 1438 2158 bona
1483 2111 1783 2175 operantur

225 2187 450 2249 propter
476 2198 667 2239 nomen
697 2194 846 2242 tuum
874 2199 1143 2246 sanctum.

300 2269 525 2331 Elevans
554 2292 744 2332 vocem.
774 2277 974 2336 Omnes
1002 2299 1215 2353 quoque
1239 2282 1476 2353 reliquos
1523 2283 1783 2340 orthodo-

225 2378 328 2418 ωε
349 2365 554 2419 auxilio
586 2375 680 2421 tuo
708 2370 994 2440 adjuvans,
1023 2373 1271 2437 Domine,
1309 2375 1536 2432 benedic
1570 2392 1666 2432 eos
1687 2376 1782 2446 qui

219 2454 416 2520 juvant
473 2455 770 2514 Ecclesiam
819 2471 964 2518 tuam
1006 2475 1280 2522 sanctam:
1328 2477 1386 2521 ut
1425 2469 1494 2523 ab
1526 2469 1784 2525 omnibus

223 2546 569 2613 ctoriftceris,
597 2565 721 2604 cum
758 2554 1032 2626 unigenito
1065 2556 1201 2612 Filio
1224 2567 1338 2624 tuo,
1373 2567 1426 2616 et
1454 2559 1659 2630 Spiritu
1688 2568 1783 2616 tuo

221 2644 440 2702 sancto,
467 2648 572 2696 CIC.

291 2727 550 2796 Populus.
587 2730 779 2790 Amen.

290 2817 576 2877 Sacerdos.
639 2823 844 2883 Coerce
897 2837 952 2884 et
1003 2831 1157 2888 aufer
1213 2848 1243 2888 a
1299 2835 1478 2902 nobis,
1533 2835 1780 2904 Domine,

220 2925 439 2968 omnem
481 2923 806 2984 potestatem
836 2920 1112 2979 inimicam
1143 2937 1470 2997 pugnantem
1522 2929 1783 2986 adversus

220 3018 345 3058 nos.

292 3094 525 3153 Elevans
557 3117 744 3157 vocem.
781 3101 844 3158 Et
864 3105 1117 3172 concede,
1141 3107 1385 3177 Domine,
1408 3113 1778 3169 liberationem

222 3189 523 3257 perfectam
576 3208 606 3246 a
659 3193 836 3258 bellis,
869 3200 1214 3266 tumultibus,
1260 3210 1313 3258 et
1355 3204 1757 3260 incursionibus

221 3282 606 3349 barbarorum,
632 3287 832 3355 populo
861 3295 953 3342 tuo
983 3289 1126 3346 fideli
1165 3310 1178 3347 :
1219 3301 1380 3366 atque
1407 3296 1461 3350 in
1495 3311 1646 3366 pace,
1661 3312 1781 3367 quae

222 3391 250 3426 a
283 3384 337 3430 te
367 3383 474 3440 est,
506 3390 768 3432 conserva
799 3394 1009 3434 omnem
1038 3399 1251 3454 gregem
1277 3395 1461 3446 tuum:
1496 3390 1781 3445 utassidue

222 3469 589 3535 glarilicemus
641 3477 714 3535 te,
757 3473 1201 3549 unigenitumque
1250 3478 1446 3536 Filium
1499 3489 1688 3549 tuum,
1727 3491 1783 3540 et

223 3558 488 3629 Spiritum
518 3562 943 3624 sanctissimum.

297 3649 550 3717 Populus.
582 3651 774 3707 Amen.

291 3735 549 3792 Sacerdos
594 3739 893 3798 inclinatus.
935 3743 1225 3812 Memento,
1281 3746 1527 3817 Domine,
1579 3759 1784 3808 sancta)

217 3828 518 3885 Genitricis
564 3829 658 3885 Dei
701 3831 902 3900 Mariae,
957 3845 1011 3892 et
1054 3847 1367 3896 sanctorum
1415 3844 1780 3916 apostolorum

220 3931 466 3984 tuorum,
494 3927 564 3991 ut
609 3921 771 3976 etiam
806 3923 1018 3982 iilorum
1069 3931 1164 4004 qui
1194 3931 1335 3989 inter
1374 3949 1472 3991 eos
1512 3935 1782 3992 recenseri

220 4021 568 4068 meruerunt.

289 4105 521 4162 Elevans
552 4126 744 4168 vocem.
767 4110 875 4168 Nos
898 4112 1059 4168 etiam
1083 4113 1300 4177 robora,
1328 4120 1386 4170 ut
1415 4114 1644 4185 gloriose
1659 4132 1784 4186 per-

219 4196 473 4254 ﬁciamur
494 4201 549 4255 in
580 4203 807 4258 scientia
837 4220 986 4270 vera,
1017 4215 1070 4260 et
1094 4206 1428 4261 conscientia
1453 4207 1663 4261 sincera
1694 4216 1782 4263 :nt

217 4303 281 4340 ea
307 4290 520 4346 ratione
550 4291 757 4347 similes
773 4292 950 4350 elfecti
974 4295 1180 4350 sanctis
1203 4295 1332 4359 tuis,
1349 4297 1438 4365 qui
1458 4295 1552 4350 tibi
1571 4295 1778 4361 vivunt,

215 4391 269 4478 et
299 4383 446 4452 apud
478 4393 532 4440 te
558 4386 838 4454 custoditi,
891 4403 1016 4443 cum
1060 4388 1172 4444 illis
1215 4388 1513 4447 referamus
1535 4389 1632 4446 tibi
1661 4391 1778 4462 glo-
1809 4418 1854 4478 ι)

218 4474 382 4540 riam,
414 4483 524 4532 etc.

286 4566 551 4636 Populus.
577 4570 772 4627 Amen.

285 4658 554 4717 Sacerdos
605 4664 910 4722 inclinatus.
946 4663 1236 4734 Memento,
1269 4667 1514 4732 Domine,
1557 4667 1780 4722 Patrum

213 4761 541 4808 sanctorum
589 4764 643 4811 et
685 4756 1000 4824 beatorum,
1043 4759 1135 4829 qui
1172 4759 1526 4830 spiritualiter
1557 4775 1656 4814 nos
1689 4775 1783 4830 ge-

211 4855 479 4987 ιὸιέετιιιιι,
507 4846 897 4919 educaverunt,
920 4858 977 4908 et
999 4852 1280 4918 aluerunt,
1309 4853 1363 4908 in
1395 4855 1544 4912 omni
1587 4835 1782 4910 timore

305 4948 345 4986 ι.

215 5111 622 5191 Eucharistiam
641 5117 752 5191 jam
783 5130 1174 5191 consecratam.
1229 5135 1427 5190 corpus
1457 5127 1512 5176 et
1560 5123 1780 5191 sangui-

219 5201 350 5240 nem
395 5187 602 5260 tlhristi
635 5188 916 5260 designare
957 5190 1108 5251 dicit,
1144 5198 1290 5245 errat
1327 5187 1498 5260 longe
1541 5187 1779 5246 deterius

218 5270 285 5328 eo
315 5255 421 5328 qui
443 5271 606 5326 super
625 5255 776 5312 dona'
799 5261 1088 5328 proposita,
1112 5260 1293 5316 verbis
1316 5255 1516 5315 Christi
1537 5277 1565 5314 a
1595 5277 1778 5316 sacer-

219 5324 350 5400 dote
377 5325 484 5400 ri_t_e
507 5324 909 5400 pronuntiatis
931 5339 1245 5385 consecrata
1275 5370 1290 5390 ,
1337 5331 1577 5384 invocari
1621 5346 1779 5400 posse

219 5396 396 5471 credit
428 5396 687 5471 Spiritum
721 5407 987 5458 sanctum.
1019 5409 1076 5453 ut
1116 5402 1308 5471 illapsu
1345 5417 1446 5456 suo
1463 5396 1776 5471 mysterium

222 5468 398 5540 plena_
414 5469 844 5540 sanctiﬁcatione
864 5472 1162 5524 contirmet.
1198 5468 1382 5539 Neque
1418 5468 1656 5524 invocari
1684 5486 1778 5540 po-

224 5543 327 5590 test
364 5534 604 5604 Spiritus
627 5547 868 5603 sanctus,
898 5548 988 5593 aut
1016 5542 1159 5595 illius
1193 5534 1382 5609 illapsu
1411 5550 1463 5593 et
1485 5534 1778 5595 obumbra-

221 5609 368 5661 liane
420 5621 560 5680 opus
587 5617 685 5666 est.
723 5621 780 5660 ιιι
804 5611 955 5678 panis
975 5619 1028 5664 et
1047 5611 1228 5663 vinum
1257 5613 1556 5679 significant
1580 5626 1777 5680 corpus

223 5685 274 5732 et
293 5677 622 5747 sanguinem
652 5677 871 5738 Christi.
905 5680 1036 5734 Nam
1053 5682 1275 5752 mystica
1302 5677 1412 5736 haac
1436 5677 1776 5737 adumbratio

1885 1817 2308 1874 misericordiam
2337 1817 2596 1886 consequi
2647 1829 2950 1884 speramus,
2979 1823 3033 1870 et
3060 1815 3436 1871 remissionem

1881 1917 2227 1981 peccatorum
2264 1925 2382 1979 quae
2416 1918 2632 1978 propter
2655 1921 2778 1962 eum
2812 1913 2916 1974 est,
2952 1914 3006 1962 et
3037 1906 3197 1962 nobis
3225 1915 3277 1963 et
3305 1907 3432 1963 illis.

1958 2001 2207 2072 Populus.
2239 2000 2483 2067 Quietem
2514 2006 2732 2069 praesta.

1953 2095 2228 2152 Sacerdos.
2252 2094 2520 2165 Propitius
2550 2094 2860 2164 igitur‘esto
2890 2091 3144 2148 omnibus
3176 2091 3435 2162 iniquita--

1883 2190 2026 2246 tibus
2055 2188 2256 2244 nostris
2310 2196 2363 2243 et
2406 2186 2645 2251 illorum,
2670 2186 2915 2251 Domine,
2942 2199 3114 2254 neque
3141 2185 3193 2237 in
3228 2199 3436 2238 memo-

1884 2285 2013 2336 riam
2049 2295 2268 2335 revoces
2296 2278 2525 2333 crimina
2573 2293 2692 2347 quae
2721 2293 2750 2331 a
2783 2276 2939 2332 nobis
2977 2285 3030 2331 et
3058 2275 3125 2328 ab
3147 2275 3254 2328 illis
3283 2289 3434 2326 com-

1881 2375 2047 2430 missa
2071 2379 2229 2428 sunt:
2254 2387 2436 2425 verum
2463 2385 2587 2441 rege
2618 2385 2718 2424 nos
2741 2369 2793 2423 in
2825 2369 2928 2423 hoc
2956 2367 3154 2423 saeculo
3176 2365 3376 2420 liberos
3400 2381 3429 2416 a

1875 2465 2098 2536 judiciis
2123 2475 2174 2520 et
2201 2463 2490 2534 angustiis,
2517 2469 2572 2516 et
2608 2462 2661 2515 in
2699 2461 2882 2514 futuro
2907 2459 2991 2513 fac
3025 2473 3124 2513 nos
3148 2455 3432 2527 pervenire

1882 2557 1948 2611 ad
1983 2557 2285 2610 habitacula
2307 2554 2465 2616 lucis,
2493 2553 2672 2624 gaudii
2697 2560 2750 2607 et
2781 2551 2978 2606 laetitiae
3006 2570 3018 2605 :
3049 2557 3107 2603 ut
3133 2549 3219 2603 hic
3239 2557 3292 2602 et
3320 2548 3432 2602 illic

1882 2647 2263 2718 glorificemns,
2324 2645 2628 2707 laudemus,
2661 2658 2985 2698 veneremur
3014 2650 3065 2698 et
3108 2641 3431 2696 extollamus

1882 2753 2077 2793 nomen
2105 2745 2256 2791 tuum
2287 2734 2438 2791 valde
2454 2731 2828 2791 honorandum
2867 2739 2922 2787 et
2957 2730 3320 2793 benedictum,
3356 2729 3434 2784 si-

1880 2829 2100 2900 mulque
2129 2826 2342 2884 Domini
2382 2813 2556 2883 nostri
2585 2822 2716 2882 Jesu
2747 2822 2974 2892 Christi,
2997 2831 3052 2880 et
3090 2821 3325 2895 Spiritus
3354 2818 3430 2876 tui

1883 2919 2076 2976 sancti.

1954 3010 2206 3080 Populus.
2246 3009 2419 3067 Sicut.

1953 3101 2231 3157 Sacerdos.
2265 3099 2398 3155 Pax.

1951 3193 2207 3262 Populus.
2244 3192 2450 3246 Etcum
2484 3188 2676 3259 spiritu
2708 3195 2823 3243 tuo.

1951 3283 2226 3340 Sacerdos.
2254 3282 2634 3340 Misericordiae
2665 3279 2758 3336 Dei
2783 3279 2911 3334 sint.

1951 3377 2143 3432 Postea
2173 3377 2369 3448 frangit
2398 3375 2628 3430 oblatam
2676 3382 2724 3427 et
2769 3374 2944 3444 signat
2991 3371 3165 3423 dicens
3188 3383 3216 3421 δ
3242 3364 3430 3424 εωθι-

1880 3481 2022 3521 mus.

1951 3560 2216 3618 Diaconus
2248 3558 2373 3611 dicit
2403 3555 2752 3612 Catholicam.

2000 3651 2254 3708 Sacerdos
2285 3650 2414 3703 dicit
2443 3650 2732 3704 orationem
2770 3653 2892 3699 ante
2922 3641 3082 3695 Pater
3102 3651 3308 3695 nOSter.

1947 3742 2206 3813 Princeps
2235 3757 2426 3813 magne
2451 3749 2504 3796 et
2535 3738 2693 3795 Pater
2723 3751 2848 3793 vere
2894 3734 3176 3802 utriusque
3221 3728 3429 3791 saeculi,

1882 3837 2124 3900 Domine,
2157 3836 2249 3909 qui
2279 3851 2378 3891 nos
2412 3851 2477 3890 ex
2499 3833 2671 3888 nihilo
2707 3828 2965 3892 eduxisti,
3002 3834 3061 3882 ut
3080 3838 3346 3888 essemus,
3377 3829 3432 3877 et

1879 3931 1995 3985 vias
2027 3937 2200 3986 rectas
2223 3929 2435 3994 salutis,
2455 3943 2560 3998 per
2584 3925 2777 3980 Filium
2801 3932 2955 3978 tuum
2981 3919 3316 3993 unigenitum
3334 3917 3433 3971 do-

1880 4022 2040 4077 euisti
2062 4036 2160 4076 nos
2194 4041 2208 4076 :
2241 4029 2296 4073 tu
2328 4033 2472 4072 nunc
2502 4018 2664 4073 etiam
2701 4032 2795 4085 per
2834 4014 3066 4084 gratiam
3105 4021 3252 4065 tuam
3281 4024 3433 4064 com-

1881 4111 2088 4181 patiens
2117 4107 2669 4176 nobiscum,Domine,
2705 4106 2984 4163 sanctiﬁca
3015 4109 3222 4158 mentes
3249 4107 3302 4155 et
3330 4101 3437 4154 lin-

1879 4218 2013 4274 guas
2051 4211 2285 4267 nostras,
2318 4216 2382 4256 eo
2409 4200 2514 4255 line
2555 4207 2614 4254 ut
2659 4217 2791 4271 pure
2831 4201 3145 4255 invocemus
3179 4204 3232 4250 te
3265 4193 3434 4249 Deum

1879 4295 2089 4352 Patrem
2164 4296 2604 4367 omnipotentem,
2664 4303 2949 4356 sanctum,
3011 4303 3334 4360 oremusque
3379 4294 3433 4342 α

1879 4386 2160 4442 dicamus:
2195 4385 2353 4440 Pater
2376 4393 2562 4440 noster
2580 4386 2670 4454 qui
2695 4401 2754 4442 es
2783 4385 2839 4440 in
2873 4383 3045 4440 caelis.

1955 4479 2205 4549 Populus.
2243 4478 2640 4536 Sanctiﬁcetur.

1951 4572 2229 4629 Sacerdos.
2269 4571 2493 4643 Semper
2508 4579 2629 4628 esto
2650 4578 2927 4625 armatura
2953 4573 3160 4630 nostra,
3178 4564 3431 4621 Domine:

1881 4665 2190 4728 auxiliator,
2220 4672 2273 4720 et
2293 4664 2536 4735 adjutor;
2559 4670 2613 4719 et
2644 4679 2673 4717 a
2704 4661 3097 4719 tentationibus
3135 4671 3432 4730 praeserva-

1882 4766 1967 4812 tur
2013 4766 2066 4814 et
2111 4759 2366 4814 liberator
2401 4759 2582 4828 :--quia
2628 4764 2781 4810 tuum
2828 4760 2913 4810 est
2957 4767 3206 4823 regnum,
3245 4758 3298 4806 et
3335 4765 3432 4820 poo

1882 4859 2050 4906 testas
2082 4858 2137 4905 et
2169 4851 2307 4914 laus,
2364 4849 2734 4920 unigenitique
2774 4844 2896 4901 Filii
2949 4845 3050 4912 tui,
3093 4851 3148 4900 et
3195 4841 3430 4914 Spiritus

1881 4944 1977 5006 tui,
2002 4951 2106 4998 etc.

1883 5121 2067 5178 statim
2094 5119 2160 5172 ab
2189 5119 2344 5173 initio
2367 5115 2619 5186 liturgim,
2654 5115 2816 5193 etiam
2841 5113 2894 5168 in
2929 5110 3314 5193 praeparatoria
3337 5126 3429 5165 ac-

1882 5194 2048 5252 tione,
2069 5204 2161 5258 per
2200 5204 2388 5258 preces
2415 5197 2468 5241 et
2497 5183 2849 5258 caeremonias
2878 5183 3428 5258 satisusignilicatur:

1883 5270 1941 5313 nt
1991 5251 2112 5313 cuiu
2147 5251 2300 5326 panis
2331 5257 2396 5311 ad
2421 5259 2588 5311 altare
2633 5256 2884 5316 infertur,
2916 5263 2968 5308 et
2994 5251 3192 5326 dicitur
3221 5271 3261 5326 :__
3291 5251 3432 5304 Tan-

1913 5347 2036 5383 nom
2060 5321 2165 5380 ovis
2190 5327 2256 5379 ad
2278 5329 2586 5381 occisionem
2608 5327 2794 5379 ductus
2825 5334 2942 5379 est:
2979 5331 3032 5376 et
3063 5322 3127 5376 ad
3161 5321 3382 5375 calicem
3413 5339 3428 5378 :

1933 5417 2030 5452 nus
2055 5398 2282 5451 militum
2313 5399 2495 5451 lancea
2513 5397 2650 5450 latus
2677 5396 2789 5464 ejus
2818 5391 3250 5464 aperuitgrtialia
3279 5392 3430 5464 simi-

1881 5471 1970 5532 lia,
2005 5468 2206 5523 dudutn
2237 5479 2358 5522 ante
2391 5483 2550 5537 quam
2577 5461 2994 5536 pronuntientur
3021 5463 3222 5519 Christi
3242 5461 3426 5516 verba.

1879 5539 2012 5593 Tuta
2064 5541 2169 5613 imo
2191 5538 2431 5613 ΔΙίιιιιῖξίω
2457 5543 2650 5613 _series
2683 5553 2748 5613 eo
2799 5542 3036 5613 spectat,
3071 5547 3194 5613 cum
3228 5548 3426 5613 reprae-

1880 5611 2112 5664 sentatio
2159 5609 2226 5663 sit
2259 5602 2422 5664 totius
2457 5609 2705 5663 humanae
2737 5602 2905 5674 ipsius
2934 5604 2987 5659 in
3024 5603 3184 5659 terris
3210 5602 3429 5673 dispena

1881 5681 2124 5738 sationis.
