3898 6196
608 253 712 308 705
1446 252 1505 310 8.
1544 253 1983 313 EUSTATHIUS
2019 252 2504 312 ANTIOCHENUS
2541 248 2935 310 EPISCOPUS.
3639 261 3713 318 7M

676 366 931 438 Populus.
961 367 1151 424 Amen.
2188 381 2234 436 Δ
2264 362 2640 442 spiritualibus
2656 368 2955 426 divinitatis
2980 376 3103 424 tuae.
3122 369 3310 426 [δι-ειη
3333 387 3429 429 nos
3445 373 3583 445 Igitur
3601 378 3716 433 inco-

677 457 954 514 Sacerdos.
978 455 1110 511 Pal.
2263 465 2437 519 lumes
2459 463 2528 518 ab
2560 463 2682 533 igne
2706 462 2799 517 illo
2841 463 3281 533 inexstinguibili,
3309 480 3396 535 per
3426 467 3556 523 istud
3580 476 3718 528 couri-

674 550 927 619 Populus.
963 549 1028 604 Et
1057 565 1181 604 cum
1204 550 1400 621 spiritu
1432 560 1544 608 tuo.
2264 556 2408 610 vium
2433 573 2446 609 :
2470 562 2524 609 et
2552 553 2850 609 referemus
2871 554 2968 609 tibi
2997 555 3240 624 gloriam,
3267 563 3364 612 etc.

671 639 962 695 Diaconus.
993 637 1276 698 lnclinate.
2330 643 2585 714 Populus.
2609 643 2804 700 Amen.

670 731 931 800 Populus.
958 731 1156 787 Coram
1188 741 1260 796 te,
1297 732 1524 788 Domine
2329 735 2607 791 Sacerdos.
2631 734 2764 795 Pax.

673 822 953 878 Sacerdos.
1006 823 1292 879 Adorande
1322 826 1413 895 qui
1441 833 1523 879 ter
1555 823 1821 888 adoraris,
1871 836 1924 879 et
1969 834 2157 882 sancte
2325 825 2581 891 Populus.
2613 824 2677 877 Et
2708 839 2833 878 cum
2856 823 3050 894 spiritu
3075 831 3187 880 tuo.

603 914 942 984 glorificaris,
977 915 1285 983 sanctiﬁca,
1323 915 1577 980 Domine,
1607 915 1816 972 animas
1842 925 1896 971 et
1925 932 2156 988 corpora
2326 913 2620 968 Diacsnus.
2652 912 2829 968 Post..-

603 1021 790 1062 eorum
816 1007 908 1078 qui
951 1023 1129 1062 coram
1171 1014 1226 1063 te
1255 1008 1496 1063 inclinati
1542 1018 1689 1072 sunt,
1725 1016 1784 1063 ut
1827 1017 2014 1065 sancte
2041 1025 2158 1082 my-
2327 1004 2601 1060 Sacerdos.
2632 1005 2878 1069 Domine,
2908 1005 3125 1061 custodi
3169 1007 3412 1077 populum
3459 1016 3588 1061 tuum
3634 1007 3725 1062 ﬁuc-

604 1098 785 1153 steriis
829 1098 949 1154 istis
966 1099 1462 1164 commtfnicemus,
1489 1105 1544 1154 et
1573 1096 1873 1156 referemus
1907 1099 2004 1156 tibi
2039 1100 2156 1172 glo-
2255 1097 2381 1160 lem,
2409 1105 2463 1153 et
2497 1099 2643 1153 salva
2672 1114 2771 1153 nos
2797 1113 2990 1154 omnes
3016 1099 3086 1154 ab
3116 1098 3263 1153 omni
3291 1098 3474 1152 timore
3504 1107 3549 1152 et
3576 1107 3726 1153 tremo-

603 1190 760 1253 riam,
793 1196 899 1247 etc.
2255 1204 2316 1244 re
2339 1209 2352 1243 :
2375 1189 2931 1260 tranquillitatemque
2956 1199 3011 1244 et
3038 1204 3224 1260 pacem
3250 1189 3473 1244 concede
3490 1191 3621 1245 nobis
3643 1207 3726 1245 om-

670 1277 927 1348 Populus.
959 1279 1149 1337 Amen.
2255 1280 2435 1345 nibus,
2466 1279 2972 1352 benedictionesque
3019 1283 3214 1346 bonas,
3261 1282 3447 1352 gaudia
3476 1289 3524 1338 et
3544 1286 3727 1339 exsulta-

670 1367 946 1426 Sacerdos.
980 1371 1361 1427 Misericordiae
1383 1370 1474 1434 Dei
1496 1373 1626 1428 sint.
2255 1369 2455 1424 tionem
2489 1389 2502 1422 :
2538 1380 2594 1424 ut
2621 1386 2718 1440 pro
2749 1373 3001 1428 omnibus
3031 1372 3395 1428 retribuamus
3420 1373 3506 1427 tibi
3535 1376 3725 1444 gloriam,

671 1459 958 1518 Diaconus.
985 1461 1371 1533 Unusquisque
1398 1479 1522 1518 cum
1553 1464 1767 1520 timore.
2253 1462 2487 1526 laudem,
2530 1462 2904 1518 exultationem
2942 1470 2995 1518 et
3029 1464 3324 1534 gratiarum
3348 1466 3605 1529 actionem,
3630 1466 3730 1522 Deo-

670 1551 946 1609 Sacerdos.
982 1553 1178 1609 Sancta
1212 1555 1435 1610 sanctis.
2251 1569 2358 1624 que
2399 1553 2542 1607 Patri
2603 1554 2837 1626 genitori
2887 1561 3019 1620 tuo,
3080 1567 3141 1612 et
3186 1553 3406 1627 Spiritui
3447 1563 3531 1611 tuo
3568 1566 3724 1622 sancto,

671 1643 926 1712 Populus.
958 1644 1111 1702 Unus
1133 1645 1294 1702 Pater
1329 1657 1572 1710 sanctus,
1592 1653 1697 1701 etc.
2252 1660 2419 1708 nunc,
2451 1655 2556 1701 etc.

703 1735 958 1792 Sacerdos
1000 1737 1125 1790 dicit
1158 1739 1446 1793 orationem
1468 1741 1766 1809 gratiarum
1799 1737 2039 1792 actionis.
2175 1720 2224 1780 Β
2319 1737 2571 1806 Populus.
2599 1738 2790 1793 Amen.

667 1825 895 1882 Omnem
939 1829 1150 1883 laudem
1201 1829 1616 1893 indelicientem,
1666 1831 1853 1900 gratiae
1912 1841 2016 1884 tua:
2065 1828 2148 1882 in-
2314 1828 2602 1883 Diaconos.
2636 1828 2886 1893 Benedic,
2910 1827 3165 1885 Domine.

597 1919 888 1980 enarrabili
920 1920 1213 1984 oﬂerimus,
1241 1922 1494 1976 Domine:
1515 1922 1605 1991 qui
1630 1938 1725 1992 per
1747 1921 2146 1989 susceptionem
2314 1919 2590 1975 Sacerdos.
2625 1920 2854 1975 Benedic
2885 1923 3041 1978 nobis
3073 1923 3352 1980 omnibus.

600 2009 760 2080 hujus
801 2013 1043 2081 mysterii
1089 2012 1409 2068 illuminasti
1464 2015 1675 2068 animas
1707 2021 1924 2068 nostras
1976 2012 2157 2066 radiis
2309 2011 2598 2068 Diaconus.
2634 2011 2955 2070 Beuedicam
2981 2015 3301 2075 Dominum.

607 2204 1613 2224 .——-—-—————————-——_.——._—‘_a.—-_-_-
1757 2209 1832 2215 μμσλ-
1855 2208 2126 2219 ’.μμ-ἡ...-

2165 2210 3318 2230 -.---η--.-.-.....-ᾞ-
3463 2217 3467 2233 ι
3497 2217 3503 2231 ,
3541 2213 3688 2223 φρ--.

623 2233 722 2246 -..ο
810 2231 2053 2246 W"
2062 2233 2162 2245 .—

2171 2231 3511 2252 wAji'
3545 2234 3710 2252 ...αα-

1855 2402 2072 2557 SP
2095 2405 2540 2562 URIA

2062 2233 3515 2261 w-

771 2841 866 2991 S.
961 2841 1572 2998 EUSTM‘llll
1645 2845 2310 3006 COMMENTAI

2039 2847 2535 3007 NTAR‘IUS
2621 2852 2753 3008 ΙΝ
2831 2852 3573 3011 HEXAEMEMN

651 3130 836 3194 (Edidit
868 3133 966 3183 Leo
993 3135 1240 3197 ALLA'I'IUS,
1261 3137 1484 3200 Lugduni
1832 3143 1998 3216 Eidem
2023 3145 2253 3216 volumini
2297 3145 2427 3194 inest
2449 3144 2690 3216 Eustathii
2716 3149 2889 3216 Contra
2913 3144 3177 3214 Origenem
3201 3152 3276 3202 De
3293 3147 3617 3216 enyastrimytlio
3637 3143 3717 3194 Dit-

1518 3207 1715 3263 putatto,
1739 3217 1880 3264 quam
1902 3208 2085 3266 primus
2109 3207 2155 3254 in
2181 3211 2340 3255 lucem
2364 3209 2566 3269 protulit
2586 3210 2847 3271 Allatius.).

1903 3479 2454 3573 LECTORI.

653 3656 988 3730 Eustathius,
1021 3663 1367 3720 Antiochense
1399 3664 1654 3721 Ecclesiae
1682 3681 1928 3723 summus
1967 3669 2216 3735 antistes,
2251 3670 2408 3740 cujus
2448 3672 2588 3742 apud
2629 3681 2840 3730 veteres
2867 3679 3089 3746 copiosa
3146 3688 3201 3736 et
3233 3681 3508 3737 honoriﬁca
3534 3673 3708 3732 mentio.

578 3752 824 3848 eamdem
859 3769 982 3808 cum
1013 3755 1134 3812 aliis
1163 3757 1343 3828 magni
1386 3759 1622 3814 nominis
1655 3760 2038 3830 scriptoribus,
2068 3764 2306 3832 iniquam
2349 3763 2739 3837 adversamque
2782 3767 3054 3824 fortunam
3083 3784 3346 3844 expertus
3365 3785 3455 3830 est.
3484 3773 3592 3838 Quae
3611 3768 3714 3822 enim

582 3844 700 3934 ipse
731 3844 980 3900 maximis
1014 3846 1211 3916 vigiliis
1244 3863 1546 3932 magnaque
1565 3849 1843 3920 diligentia
1877 3851 1932 3904 in
1963 3851 2246 3906 catholica:
2271 3853 2520 3908 veritatis
2546 3865 2948 3926 oppugnatores
2981 3873 3341 3918 monumenta
3368 3864 3631 3934 reliquerat,
3657 3853 3717 3908 vel

581 3931 846 3989 bonorum
876 3938 1104 4005 incuria,
1135 3942 1342 3994 utinam
1375 3931 1483 3995 non
1515 3942 1779 3995 malorum
1813 3943 2266 4013 inimicorumque
2288 3944 2570 3999 hominum
2601 3949 2781 4002 studio
2820 3950 3153 4025 fraudeque!
3190 3931 3554 4019 interiererrel
3581 3957 3716 4003 tractu

581 4021 1010 4118 ipso—temporis,
1035 4038 1087 4084 et
1112 4044 1291 4086 rerum
1331 4030 1686 4085 humanarum
1717 4034 1931 4104 ingenio
1967 4041 2094 4088 sunt
2122 4033 2426 4105 absumpta.
2461 4035 2670 4106 Saepius
2710 4041 2940 4111 legeram
2973 4021 3040 4098 in~
3071 4049 3416 4118 antiquorum
3444 4048 3710 4099 commenta-

578 4114 678 4170 riis
705 4114 1042 4175 Eustathium
1077 4121 1239 4182 hunc.
1275 4122 1445 4178 divite
1469 4124 1755 4180 verborum
1786 4141 1849 4182 ac
1875 4127 2263 4182 sententiarum
2294 4130 2475 4198 copia,
2506 4131 2848 4202 elegantique
2875 4114 3467 4195 eruditionis—varietate
3483 4133 3537 4187 ad
3562 4147 3714 4184 amus-

575 4206 680 4260 sim
709 4209 968 4277 perfecta,
998 4223 1156 4283 atque
1179 4213 1245 4268 ad
1276 4231 1547 4270 summum
1579 4218 1847 4282 absoluta,
1872 4233 2045 4288 eaque
2077 4218 2130 4272 in
2151 4234 2346 4290 magno
2373 4237 2599 4277 numero
2627 4226 2828 4296 scripta
2853 4227 3232 4289 elucubrasse.
3275 4234 3442 4300 Quaero
3475 4226 3646 4282 avidius
3671 4222 3711 4276 si

573 4299 705 4368 quid
732 4303 921 4372 reliqui
947 4313 1052 4368 est,
1084 4321 1206 4359 nam
1237 4307 1416 4360 omnia
1438 4319 1753 4378 exspectare
1767 4310 2082 4379 desipientis
2106 4312 2574 4381 essejudicabam.
2605 4314 2863 4372 Refertur
2887 4336 2916 4372 a
2947 4299 3385 4391 prudentissimis
3405 4324 3531 4383 viris,
3550 4333 3711 4372 nomen

575 4395 786 4444 tantum
821 4408 1127 4463 superesse,
1162 4408 1508 4454 monumenta
1553 4401 1824 4457 excidisse
1857 4404 2062 4456 omnia.
2098 4402 2329 4462 lndolui.
2356 4405 2496 4473 Quid
2527 4410 2672 4462 enim
2715 4409 2994 4467 facerem?
3020 4414 3345 4488 Magnorum
3372 4409 3714 4472 auctorumrui-

575 4493 676 4534 nas
704 4496 809 4536 non
843 4484 960 4539 sine
990 4487 1175 4542 dolore
1223 4491 1512 4545 miseratus
1543 4507 1685 4546 sum.
1717 4493 1786 4546 At
1825 4509 2099 4566 prasagus
2140 4496 2358 4553 animus
2407 4499 2583 4569 magis
2617 4503 2898 4574 magisque
2934 4484 3142 4577 inopia,
3183 4527 3284 4569 ceu
3332 4509 3535 4581 quodam
3564 4503 3693 4557 incita

573 4578 758 4672 mento
780 4588 1043 4631 accensus
1076 4580 1253 4648 sagaci
1288 4581 1520 4650 quadam
1544 4584 1865 4639 curiositate
1880 4587 2061 4638 omnia
2088 4587 2470 4654 perlustrabat,
2491 4593 2533 4642 si
2561 4590 2694 4658 quid
2727 4594 2859 4646 tanti
2893 4595 2994 4648 viri
3019 4578 3530 4664 oﬂ‘enderethuare
3552 4593 3713 4658 impen-

573 4670 690 4758 s_ius
727 4670 1126 4739 manuscriptos
1152 4673 1390 4734 codices,
1419 4689 1542 4728 cum
1585 4674 1774 4730 liceret
1795 4677 2131 4741 evolvebam,
2174 4679 2551 4750 agitabantque
2593 4683 2876 4739 intentius.
2913 4684 3025 4741 Nec
3055 4703 3186 4758 spes
3216 4690 3284 4743 ad
3323 4691 3516 4743 irritum
3543 4678 3707 4735 cecidit.

577 4752 742 4811 Forte
772 4759 916 4852 enim
942 4760 1067 4814 dum
1091 4761 1275 4818 Romae
1306 4764 1684 4822 bibliothecam
1723 4769 2011 4839 quamdam
2039 4772 2322 4836 librorum,
2346 4783 2400 4828 et
2426 4775 2566 4844 typis
2588 4775 2881 4841 editorum,
2905 4785 2959 4833 et
2990 4752 3474 4852 manuscriptorum
3497 4775 3615 4832 omni
3636 4785 3703 4840 ge-

567 4861 698 4903 nere
742 4851 1153 4908 refertissimam
1197 4857 1355 4912 amici
1385 4859 1668 4927 cujusdam
1719 4861 1983 4918 heneficio
2013 4865 2229 4920 videndi
2259 4867 2430 4936 gratia
2463 4868 2619 4931 adeo,
2656 4868 2711 4923 in
2739 4871 2858 4940 ipso
2891 4872 3164 4940 ingressu,
3202 4851 3345 4927 dolet
3388 4881 3588 4938 namque
3611 4863 3703 4915 dum

565 4949 780 5034 tempus
809 4941 921 5034 abit
962 4945 1130 5008 iners,
1168 4947 1306 5002 libro
1338 4949 1495 5004 obvio
1522 4967 1629 5006 non
1671 4955 1862 5024 grandi
1895 4958 2171 5014 volumine
2202 4976 2396 5019 manus
2436 4961 2646 5030 injicio,
2685 4963 2896 5032 aperio,
2923 4963 3074 5034 lego;
3105 4981 3231 5034 qua:
3271 4965 3438 5034 primo
3479 4964 3700 5014 occurrere

567 5044 691 5127 non
715 5030 1022 5101 displicent.
1073 5035 1410 5109 Prosequor;
1446 5041 1766 5098 diffunditur
1805 5063 1979 5111 mens,
2015 5050 2229 5106 animus
2268 5053 2515 5123 erigitur,
2548 5060 2604 5108 et
2637 5030 2798 5108 aures
2846 5030 3100 5111 dictionis
3122 5030 3291 5120 sono,
3321 5056 3466 5127 quasi
3495 5051 3699 5118 volupr

566 5123 875 5214 titillantes,
916 5126 1275 5183 oblectantur.
1310 5129 1454 5185 Nihil
1481 5133 1534 5187 in
1577 5151 1643 5189 eo
1669 5139 1880 5199 tritum,
1918 5140 2052 5193 nihil
2078 5142 2318 5211 vulgare,
2365 5158 2546 5196 rerum
2577 5144 2738 5197 etiam
2777 5144 3018 5214 ipsarum
3047 5148 3305 5202 materies
3334 5123 3498 5200 ciebat
3527 5137 3696 5193 admira—

568 5213 790 5272 tionem.
823 5217 1068 5275 Recurro
1093 5222 1159 5275 ad
1191 5221 1421 5278 frontem
1466 5225 1609 5290 libri,
1643 5239 1918 5284 auctorem
1946 5233 2231 5302 perquiro;
2268 5241 2342 5300 et,
2375 5251 2408 5287 ο
2444 5235 2624 5288 laetum
2665 5213 2938 5298 nuntium,
2970 5253 3002 5292 o
3047 5238 3376 5292 fortunatum
3417 5237 3558 5293 diem,
3587 5245 3610 5283 0
3633 5226 3692 5279 ἵη-

570 5316 844 5373 speratum
880 5312 1165 5382 gaudium!
1206 5315 1395 5371 titulus
1426 5315 1513 5371 hic
1543 5327 1660 5372 erat
1690 5336 1702 5371 :
1736 5321 2028 5376 Εὑσταθξου
2063 5326 2109 5394 ἀι

2153 5326 2489 5394 (ιεπισκόπου
2534 5328 2859 5397 Ἀντιοχείας
2884 5332 2963 5392 εἰς
2994 5327 3085 5399 τὴν
3134 5330 3432 5401 ἐξαήμερον
3472 5324 3692 5391 ὑπόμνημα

569 5397 709 5449 πάνυ
739 5399 1068 5472 Θαυμαστόν.
1102 5405 1199 5459 Diti
1225 5407 1435 5462 haerens
1460 5410 1700 5474 substiti,
1731 5412 2008 5482 inopinato
2039 5425 2233 5470 eventu
2265 5417 2568 5486 perculsus,
2599 5421 2816 5473 tandem
2851 5421 2916 5474 ad
2947 5397 3100 5476 finem
3127 5397 3506 5490 libripropero,
3533 5414 3566 5469 si
3592 5409 3693 5461 forte

570 5490 750 5586 omnia
785 5502 968 5548 essent
1003 5495 1290 5554 Eustatliii.
1324 5498 1522 5555 Praeter
1546 5503 1688 5556 hunc
1713 5512 2026 5572 tractatum,
2056 5519 2248 5563 caetera
2277 5509 2506 5562 aliorum
2551 5527 2671 5566 esse
2703 5513 2964 5582 comperi,
2989 5529 3105 5584 quae
3156 5515 3210 5567 in
3245 5529 3308 5565 eo
3339 5512 3572 5566 volumine
3591 5513 3695 5554 con-

573 5579 901 5675 tinebantur.
936 5583 1175 5658 Exiguus
1211 5599 1368 5660 potus
1407 5594 1548 5648 sitim
1584 5595 1742 5651 valde
1769 5599 2025 5663 sitientis,
2061 5616 2169 5655 non
2205 5602 2488 5664 exstinxit,
2525 5603 2620 5658 sed
2667 5579 2844 5659 auxit:
2875 5605 2965 5660 Sic
3005 5579 3046 5662 si
3077 5607 3355 5674 paululum
3388 5619 3520 5675 aqua:
3547 5607 3696 5664 ιιιειεηο

571 5667 678 5736 iam
712 5669 982 5740 infundas!
1021 5681 1283 5738 amem!“
1330 5700 1452 5739 cum
1487 5688 1664 5751 DOliUS
1716 5704 1880 5754 quam
1920 5695 2254 5758 exstingues.
2288 5696 2544 5761 Quamvis
2573 5699 2753 5768 itaque
2789 5716 2966 5758 meum
3001 5698 3330 5755 desiderium
3364 5713 3461 5752 non
3497 5687 3694 5766 explerit.
