3962 6202
227 297 332 354 7-35
723 287 740 302 ’
1141 299 1412 361 SPURIA.
1441 337 1511 348 ——
1532 305 1887 362 COMMENT.
1926 305 1991 363 IN
2025 306 2496 364 HEXAEMERON
3332 311 3433 368 706

225 417 418 474 lenivit
446 425 648 481 tamen,
688 427 742 475 et
763 419 890 474 dum
926 425 1107 473 metuo
1135 435 1318 476 moras
1347 422 1628 476 celerrime
1658 437 1755 477 nec
1779 423 1949 478 invito
1982 421 2228 487 custode,
2257 424 2541 491 exscribo;
2569 422 2743 494 deque
2771 424 2916 481 illius
2941 425 2997 481 in
3023 425 3258 497 linguam
3289 424 3438 482 Lati-

227 526 358 567 nam
402 509 648 565 versione
688 510 884 581 cogito.
930 509 1139 565 Interea
1177 512 1233 566 in
1281 512 1403 566 aliis
1430 513 1589 567 etiam
1616 511 1960 568 bibliothecis
1998 515 2316 584 perquirens
2345 513 2486 569 idem
2525 531 2662 584 opus
2689 516 2864 571 eidem
2896 518 3103 573 auctori
3136 518 3435 588 ascriptum

225 605 434 664 inveni,
463 612 516 658 et
559 604 614 656 in
643 604 808 657 totius
837 603 986 660 orbis
1018 613 1284 660 terrarum
1332 606 1753 661 instructissima
1784 621 1848 661 ac
1898 608 2244 663 celeberrima
2279 609 2606 664 bibliotheca
2653 611 2929 678 Vaticana,
2969 626 3180 667 necnon
3213 613 3438 669 nobilis-

224 698 368 750 sima
399 694 745 751 Vallicellana
777 694 989 764 Romae;
1024 705 1228 753 etcum
1261 699 1645 754 bibliothecam
1699 698 1997 754 Palatinam
2032 700 2258 756 Romam
2301 703 2644 767 adveherem,
2675 704 2944 759 Monachii
2979 707 3032 761 in
3066 707 3434 762 illustrissima

223 786 508 840 Bavarica.
542 785 720 852 Quare
749 792 802 839 et
831 788 1133 857 promptior
1166 787 1408 843 laborem
1442 790 1746 860 amplexus,
1778 798 2009 846 conatus
2036 807 2154 846 sum
2182 792 2248 846 de
2279 793 2554 862 republica
2587 794 2847 850 litteraria
2883 797 3020 852 bene
3050 799 3265 854 mereri.

292 878 610 933 Institutum
647 892 826 931 meum
875 879 996 944 fuit,
1028 888 1262 936 mentem
1291 895 1356 936 ac
1389 883 1712 936 sententiam
1748 885 2011 946 auctoris,
2050 882 2391 952 simpliciter,
2441 883 2670 940 ﬁdeliter
2697 901 2760 940 ac
2799 887 3084 957 perspicue
3113 887 3430 953 transferre,

217 972 367 1041 quod
403 972 636 1041 primum
679 973 1118 1042 praecipuumque
1145 987 1344 1027 munus
1373 987 1496 1028 esse
1534 974 1847 1044 interpretis
1880 990 2093 1045 semper
2136 975 2464 1039 existimavi,
2492 976 2566 1030 ita
2595 985 2773 1032 tamen
2803 980 2945 1049 quod
2978 981 3182 1034 nullum
3210 981 3280 1037 sit
3311 997 3434 1037 ver-

219 1065 356 1120 bum
387 1065 532 1135 quod
559 1080 668 1120 non
716 1065 1053 1135 explicarim,
1083 1065 1403 1136 nullumque
1444 1066 1742 1121 addiderim
1786 1081 1818 1120 a
1858 1064 2125 1121 sententia
2165 1066 2421 1121 alienum.
2457 1065 2562 1123 Ubi
2601 1083 2782 1124 rerum
2829 1071 2982 1132 ordo,
3011 1071 3095 1126 vel
3124 1073 3433 1130 obscuritas

220 1159 480 1213 dictionis
522 1158 573 1211 id
603 1159 883 1228 poscebat,
908 1159 1210 1214 blandienti
1238 1159 1646 1229 luxuriantique
1673 1159 1905 1214 orationi
1953 1158 2156 1228 aliquid
2198 1160 2466 1214 concessi.
2497 1158 2840 1231 Quapropter
2872 1177 2974 1218 nec
3005 1163 3187 1220 verbis
3227 1181 3313 1220 me
3343 1181 3431 1222 as-

214 1251 410 1316 trinxi,
442 1267 542 1306 nec
566 1251 807 1321 periodis
835 1251 1107 1322 colligari,
1145 1253 1439 1309 dummodo
1475 1253 1798 1309 sententiam
1821 1253 2144 1322 explicarem
2175 1273 2193 1309 :
2226 1269 2384 1324 quam
2416 1254 2760 1324 antiquorum
2787 1261 2845 1309 ut
2867 1257 3013 1325 potui
3036 1266 3088 1311 et
3108 1256 3265 1312 Plinii
3289 1275 3430 1328 pra:-

214 1343 411 1397 sertim
437 1345 620 1399 verbis
645 1345 911 1414 expressi.
949 1344 1033 1398 Ad
1064 1361 1244 1400 rerum
1273 1347 1418 1401 enim
1453 1356 1679 1400 naturas
1713 1347 2036 1417 ingeniaque
2058 1347 2372 1418 exponenda
2405 1347 2652 1401 Pliniano
2681 1349 2820 1420 ston
2845 1350 3028 1405 nullus
3057 1350 3186 1404 mihi
3217 1351 3432 1408 videtur

211 1435 418 1505 aptior,
445 1437 630 1492 nullus
659 1437 1143 1503 accommodatior,
1180 1440 1539 1509 opportunior
1561 1440 1763 1494 nullus.
1795 1438 1951 1505 Quod
1984 1455 2052 1493 an
2082 1440 2186 1493 sim
2215 1449 2496 1494 assecutus
2527 1441 2937 1510 tequusjudicet
2970 1441 3155 1495 lector.
3192 1443 3251 1498 ln
3278 1450 3428 1498 textu

211 1525 409 1581 Greco
451 1528 588 1582 nihil
624 1529 928 1596 immutavi,
961 1533 1094 1586 nihil
1124 1532 1463 1598 detruncavi,
1493 1533 1627 1587 nihil
1661 1533 1864 1588 addidi.
1910 1531 2017 1588 Sed
2045 1542 2104 1587 ut
2131 1534 2315 1596 habui,
2351 1535 2531 1588 omnia
2574 1550 2706 1604 pure
2747 1534 2892 1589 dedi.
2922 1533 3189 1601 Quoniam
3246 1546 3428 1592 autem

211 1619 409 1674 multis
433 1621 488 1674 in
520 1621 653 1676 locis
683 1630 866 1678 textus
895 1634 1012 1679 erat
1040 1627 1284 1689 mutilus,
1318 1626 1632 1689 lacunosus,
1666 1625 1938 1691 inversus,
1971 1627 2262 1697 multisque
2293 1626 2456 1680 etiam
2483 1631 2772 1690 obscurus,
2807 1643 2874 1682 ne
2901 1634 3158 1698 tanquam
3193 1643 3304 1683 rem
3333 1629 3429 1685 de-

211 1721 489 1780 speratam
522 1715 900 1783 abjiceremus,
933 1726 1091 1773 notas
1118 1726 1170 1774 et
1196 1719 1527 1774 collectanea
1571 1719 1848 1786 subjunxi,
1881 1720 2082 1790 quibus
2129 1721 2220 1774 illa
2254 1721 2372 1775 loca
2409 1721 2492 1775 vel
2533 1721 2909 1784 emendantur,
2951 1723 3035 1775 vel
3067 1721 3426 1790 supplentur,

211 1806 300 1858 vel
335 1805 403 1859 ad
431 1807 714 1876 pristinam
745 1808 972 1862 formam
1012 1809 1378 1875 reducuntur;
1404 1807 1565 1878 idque
1597 1810 1827 1863 aliorum
1853 1808 2071 1863 Patrum
2107 1811 2541 1880 scriptorumque
2569 1809 2736 1864 fultus
2766 1810 3068 1875 sententiis,
3105 1810 3430 1881 quandoque

208 1899 381 1953 etiam
413 1900 548 1953 meis
575 1914 865 1970 aggressus
893 1917 1036 1964 sum,
1067 1908 1120 1956 et
1153 1916 1523 1972 saepenumero
1552 1905 1712 1956 etiam
1737 1902 1997 1957 divinavi.
2031 1901 2125 1956 Sat
2152 1904 2265 1958 scio
2286 1919 2464 1957 meum
2497 1902 2761 1968 studium,
2785 1911 2838 1956 et
2867 1901 3187 1956 industriam
3213 1903 3429 1972 iniquos

209 2006 492 2046 venenoso
526 1991 678 2044 hiatu
717 1994 968 2063 rictuque
1012 1993 1428 2056 dilaceraturos,
1460 2008 1583 2048 cum
1623 1993 1725 2063 ipsi
1761 2010 1868 2048 non
1897 1995 2110 2064 possint
2140 1996 2386 2052 meliora.
2419 1993 2536 2049 Non
2567 1996 2822 2051 desistam
2864 2002 3048 2050 tamen
3075 1996 3423 2061 absterritus,

209 2087 348 2154 quin
383 2086 614 2140 alacrior
639 2087 705 2140 de
723 2087 845 2141 aliis
873 2086 1010 2142 bene
1044 2087 1238 2141 mereri
1267 2087 1527 2141 conabor.
1563 2087 1622 2141 ln
1654 2087 1796 2142 notis
1829 2088 1907 2141 fui
1930 2089 2222 2158 prolixior;
2249 2089 2417 2142 mttlta
2449 2104 2680 2158 namque
2713 2104 2831 2157 quae
2853 2087 3211 2142 occurrebant
3240 2104 3429 2144 neces-

209 2179 385 2241 saria,
427 2187 481 2232 et
514 2177 679 2234 dubia
711 2179 978 2248 explicavi
1011 2178 1242 2232 aliorum
1282 2185 1564 2232 auctorum
1611 2181 1922 2246 collatione,
1955 2195 2188 2250 quorum
2225 2181 2341 2234 loca
2387 2179 2678 2249 exscripsi,
2716 2195 2783 2234 ne
2823 2179 3014 2241 lector,
3046 2179 3130 2234 vel
3175 2186 3426 2234 auctores

207 2271 466 2328 habendo
497 2273 662 2328 nimis
699 2272 1006 2343 fatigareris
1035 2273 1088 2326 in
1121 2273 1228 2327 illis
1262 2273 1634 2338 inveniendis,
1663 2275 1746 2328 vel
1792 2289 1900 2328 non
1949 2272 2220 2336 habendo,
2255 2272 2588 2328 fraudareris
2629 2287 2746 2344 spe,
2779 2280 2832 2328 et
2873 2272 3144 2330 desiderio
3186 2273 3310 2328 illos
3341 2274 3426 2326 vi-

209 2366 399 2420 dendi.
440 2364 714 2435 Quidquid
747 2372 930 2418 tamen
965 2366 1055 2429 sit,
1093 2365 1237 2434 quod
1272 2365 1340 2418 ab
1372 2365 1494 2418 aliis
1527 2366 1579 2419 in
1609 2365 1946 2435 exponendis
1992 2365 2310 2422 auctoribus
2341 2371 2776 2433 excptassetnus,
2814 2365 2915 2419 hoc
2948 2381 3048 2421 nos
3091 2366 3147 2420 in
3195 2365 3424 2420 aliorum

211 2473 375 2512 usum
397 2457 696 2512 eﬁ‘ecimus.
733 2455 931 2527 Sicque
955 2456 1010 2510 in
1043 2455 1380 2527 corrigendis
1413 2457 1537 2510 aliis
1561 2465 1740 2519 caute,
1777 2456 1829 2508 in
1859 2455 2321 2526 reprehendendis
2363 2452 2628 2518 modeste,
2643 2455 2712 2518 ,in
2755 2455 3036 2511 laudandis
3057 2454 3292 2512 olﬁciose
3326 2473 3427 2510 nos

209 2551 515 2623 gessimus,
547 2550 1004 2619 quemadmodum
1036 2559 1090 2604 et
1128 2550 1550 2604 obtrectatorum
1585 2549 1638 2602 in
1665 2548 1798 2602 alios
1825 2548 2109 2603 maledicta
2130 2549 2483 2617 neglexintus.

278 2647 673 2713 Argumentum
709 2643 873 2713 hujus
898 2643 1078 2713 operis
1101 2652 1204 2706 est,
1233 2642 1402 2696 divini
1441 2640 1691 2695 Numinis
1723 2641 1777 2694 in
1817 2640 2110 2694 humanam
2155 2651 2406 2695 naturam
2449 2641 2707 2696 beneﬁcia
2738 2641 2933 2696 collata
2967 2641 3143 2712 palam
3171 2641 3426 2696 omnibus

203 2732 425 2802 facere;
460 2735 687 2805 ejusque
734 2735 1053 2797 bonitatem,
1095 2733 1415 2804 potentiam,
1451 2731 1803 2802 sapientiam,
1847 2732 2210 2799 clementiam,
2260 2733 2606 2788 tolerantiam
2660 2733 2969 2801 ostendere;
3013 2735 3157 2804 quod
3192 2750 3260 2790 ex
3306 2737 3427 2808 ipsa

202 2843 393 2881 rerum
423 2829 720 2892 creatione,
745 2827 1136 2882 elementorum
1174 2827 1384 2881 scilicet
1426 2823 1805 2894 productione,
1847 2834 2040 2878 ornatu
2070 2825 2284 2890 mundi,
2310 2833 2490 2880 motus
2520 2826 2906 2898 aequabilitate.
2936 2827 3084 2893 solis,
3111 2827 3250 2884 lunae
3282 2829 3426 2883 side-

200 2936 439 2989 rumque
458 2921 698 2976 omnium
719 2919 1121 2992 pulchritudine
1141 2933 1205 2972 ac
1227 2918 1301 2978 vi,
1329 2917 1495 2971 maris
1509 2923 1670 2985 atque
1691 2924 1961 2970 terrarum
1991 2916 2380 2988 magnitudine.
2403 2919 2714 2972 animalium
2731 2918 3173 2989 proprietatibus,
3188 2919 3424 2973 hominis

201 3023 511 3078 structura,
532 3013 945 3085 propagatione,
971 3009 1440 3080 multiplicatione,
1470 3021 1533 3061 ac
1559 3005 1776 3062 tandem
1807 3008 1894 3062 via
1929 3008 1994 3062 ad
2029 3009 2281 3079 gratiam,
2317 3024 2438 3079 qua:
2469 3026 2564 3079 per
2601 3010 2882 3066 Christum
2909 3011 3105 3075 illuxit,
3138 3011 3424 3067 conﬁrmat

197 3115 256 3161 et
291 3107 628 3176 comprobat.
663 3107 795 3171 Quae
833 3104 1015 3159 omnia
1045 3103 1117 3156 ita
1145 3100 1412 3155 acerrimo
1433 3099 1654 3168 ingenio
1684 3097 2003 3154 Eustathius
2031 3099 2329 3162 adinvenit,
2363 3099 2605 3170 disponit
2637 3109 2691 3155 et
2730 3101 3098 3170 prosequitur,
3128 3109 3188 3156 ut
3211 3102 3281 3156 ab
3305 3103 3424 3174 ipso

201 3197 318 3253 Deo
351 3215 533 3253 rerum
563 3206 883 3266 naturaeque
909 3195 1194 3266 opiﬁce-ea
1237 3191 1500 3247 didicisse
1541 3191 1806 3246 videatur.
1834 3191 2000 3246 Multa
2032 3192 2086 3246 in
2119 3192 2243 3247 aliis
2272 3200 2326 3247 et
2355 3192 2758 3262 elegantissime
2788 3194 2991 3262 scripta
3035 3202 3089 3249 et
3113 3194 3425 3264 prudentis-

199 3293 361 3348 sime.
383 3292 585 3347 dictata
620 3292 884 3355 invenies,
917 3297 971 3343 at
999 3289 1161 3344 dictis
1200 3285 1487 3350 Eustathii,
1520 3284 1662 3339 absit
1693 3285 1858 3340 verbo
1881 3285 2104 3354 injuria,
2142 3284 2279 3338 nihil
2308 3291 2390 3338 est
2419 3283 2797 3352 praestabilius,
2829 3284 2963 3338 nihil
2999 3285 3302 3355 pulchrius,
3327 3285 3422 3342 sed

198 3399 276 3440 ne
295 3384 527 3455 cogitari
567 3385 786 3454 quidem
811 3383 1002 3438 melius
1039 3389 1233 3451 potest.
1265 3377 1418 3434 Unde
1439 3393 1549 3433 non
1582 3376 1852 3432 immerito
1879 3383 2145 3432 tractatus
2170 3376 2257 3430 hic
2285 3375 2427 3430 inter
2453 3376 2596 3432 alios
2625 3376 2855 3430 aliorum
2884 3376 2950 3431 de
2977 3376 3165 3431 eadem
3197 3379 3423 3432 materia

199 3477 356 3532 solus
381 3477 684 3548 ὑπόμνημα
728 3476 868 3530 πάνυ
903 3473 1212 3544 θαυμαστόν
1241 3471 1429 3526 vocari
1469 3472 1685 3536 meruit,
1727 3486 1760 3539 «ι

1854 3468 1871 3522 l
1912 3470 1968 3524 in
2007 3468 2260 3524 omnibus
2299 3468 2420 3524 cod.
2457 3469 2734 3538 praeﬁxum
2784 3475 2907 3538 post
2948 3469 3165 3523 titulum
3203 3471 3418 3541 legitur.

196 3568 322 3627 Non
353 3569 602 3634 deerunt,
628 3569 720 3639 qui
748 3568 802 3622 id
833 3567 950 3621 ﬁeri
980 3565 1191 3637 potest?
1221 3563 1312 3633 qui
1344 3579 1412 3617 ne
1439 3577 1644 3616 morem
1668 3561 1916 3632 perdant,
1966 3559 2170 3631 aliquid
2200 3559 2483 3616 Eustathio
2517 3560 2796 3631 objicient,
2831 3569 2885 3615 et
2913 3575 3034 3615 cum
3065 3577 3174 3616 non
3208 3563 3422 3633 possint

197 3679 304 3718 nec
331 3662 594 3720 orationis
630 3670 984 3723 structuram,
1024 3674 1126 3714 nec
1176 3657 1420 3713 ordinem
1446 3671 1633 3710 rerum
1669 3654 2085 3725 reprehendere,
2125 3655 2395 3710 natabunt
2433 3670 2620 3709 rerum
2663 3672 2800 3726 quas
2829 3662 3028 3710 tractat
3074 3655 3420 3710 incertitudi-

194 3773 354 3820 nem,
390 3756 828 3827 contendentque
857 3753 1101 3824 vulgaria
1132 3767 1254 3807 esse
1277 3757 1330 3805 et
1355 3749 1520 3804 anilia
1544 3764 1665 3820 quas
1691 3747 1780 3802 hic
1803 3749 2171 3814 continentur,
2195 3749 2314 3803 viro
2334 3748 2710 3805 ecclesiastico
2741 3757 2792 3804 et
2820 3757 2971 3805 tanto
2999 3749 3145 3804 Patri
3176 3747 3418 3819 indigna.

196 3848 321 3904 Hoc
354 3849 481 3903 item
531 3847 836 3920 Epiphanio
876 3848 930 3903 in
961 3841 1587 3916 Physiologo'objectum
1616 3849 1700 3897 est
1741 3856 1770 3894 a
1804 3840 2151 3912 quibusdam,
2188 3842 2477 3910 acriusque
2509 3840 2564 3895 in
2611 3841 2760 3896 illum
2792 3841 3247 3896 animadversum.
3279 3839 3422 3898 Inter

192 3958 295 3997 eos
322 3941 609 3996 Comadus
633 3941 926 4005 Gesnerus,
955 3947 1008 3994 et
1041 3953 1150 3992 non
1191 3935 1360 3990 inﬁmi
1401 3932 1636 3987 nominis
1669 3939 1862 3986 auctor
1891 3930 2165 3996 Pererius,
2195 3933 2289 4002 qui
2321 3934 2374 3986 in
2407 3930 2591 3988 Cenes.
2622 3947 2741 4003 cap.
2776 3949 2906 3996 xxx,
2937 3934 3077 4006 disp.
3107 3934 3158 4000 1,
3184 3934 3374 3993 scribit
3401 3949 3414 3986 :

195 4032 316 4088 Nec
348 4032 632 4086 admodum
654 4031 946 4102 quempiam
976 4036 1177 4084 moveat
1209 4023 1489 4095 Epiphanii
1517 4024 1807 4076 auctoritas
1840 4021 1895 4076 id
1919 4021 2172 4076 tradentis
2199 4023 2254 4075 in
2275 4021 2623 4094 Physiologo.
2654 4021 2924 4076 Nimirum
2953 4025 2999 4078 is
3023 4041 3124 4078 non
3152 4033 3259 4077 tam
3282 4025 3335 4076 in
3357 4039 3417 4077 eo

195 4127 343 4180 libro
381 4125 606 4194 diligens
636 4135 683 4178 et
724 4125 964 4178 curiosus
994 4124 1094 4192 fuit
1124 4120 1360 4174 ueritatis
1386 4115 1618 4170 historia:
1639 4131 1820 4170 earum
1848 4131 2020 4169 rerum
2049 4131 2178 4181 quas
2209 4114 2279 4168 ibi
2314 4124 2585 4179 meruerat,
2609 4132 2765 4186 quam
2807 4132 2896 4169 eas
2932 4132 3012 4170 res
3043 4115 3418 4185 interpretandi

191 4223 434 4292 apposite
451 4221 632 4288 pieque
657 4214 938 4272 secundum
957 4212 1356 4283 intelligentiam
1379 4206 1710 4276 allegoricam
1739 4215 1787 4259 et
1819 4205 2216 4275 tropologicum.
2260 4205 2441 4272 Quare
2468 4205 2808 4276 proprietates
2853 4204 3164 4259 animalium
3183 4214 3232 4260 et
3258 4207 3415 4274 plan-

190 4329 376 4369 tarum
401 4313 548 4382 vulgo
581 4310 826 4373 creditas,
849 4316 898 4363 et
919 4307 1138 4361 consilio
1165 4312 1215 4357 et
1245 4303 1511 4373 proposito
1534 4318 1627 4355 suo
1651 4297 2075 4352 accommodatas
2104 4298 2324 4352 libenter
2351 4299 2654 4364 assumpsit.
2688 4297 2793 4353 Sed
2822 4313 2926 4368 pro
2946 4298 3250 4369 Epiphanio
3279 4301 3416 4357 satis

188 4422 472 4478 superque
501 4403 792 4474 respondet
823 4399 1127 4455 Consalvus
1149 4395 1381 4450 Pontius
1416 4392 1739 4448 Praefatione
1767 4388 1835 4442 ad
1865 4391 2147 4454 lectorem,
2182 4391 2235 4444 in
2267 4389 2511 4461 ejusdem
2546 4389 2831 4461 Epiphanii
2867 4389 3210 4462 Physiologo.

264 4501 401 4566 Quae
431 4499 497 4553 de
529 4494 955 4566 proprietatibus
983 4490 1301 4546 animalium
1334 4496 1387 4543 et
1414 4485 1724 4542 Iudaeorum
1757 4483 2100 4552 antiquitate,
2135 4482 2367 4552 aiiisque
2391 4485 2671 4540 nonnullis
2693 4483 2948 4540 edisserit
2974 4483 3313 4546 Eustathius.
3349 4499 3413 4539 ea

187 4601 325 4652 sunt
356 4592 654 4646 multorum
699 4595 980 4640 auctorum
1014 4585 1225 4638 ﬁrmata
1270 4597 1561 4637 consensu.
1602 4576 1758 4644 Quod
1782 4585 1840 4630 ut
1876 4576 2070 4645 magis,
2101 4589 2174 4629 ac
2223 4573 2396 4643 magis
2440 4574 2749 4630 innotescat
2781 4574 2839 4628 in
2880 4574 3025 4628 notis
3071 4574 3284 4628 laudavi
3315 4589 3413 4627 au-

189 4698 380 4743 ctores
407 4682 554 4738 unde
591 4681 961 4748 desumpsisse
992 4675 1231 4737 videtur,
1262 4687 1479 4727 necnon
1510 4678 1562 4726 et
1583 4684 1678 4724 eos
1707 4666 1800 4738 qui
1835 4666 1904 4721 ab
1947 4664 2230 4720 Eustathio
2274 4677 2372 4718 sua
2423 4664 2654 4716 mutuati
2711 4670 2857 4718 sunt.
2891 4661 3073 4718 Rebus
3111 4663 3254 4717 enim
3306 4661 3410 4718 hoc

189 4780 344 4835 addit
377 4777 668 4834 maximam
693 4772 1093 4833 auctoritatem,
1129 4768 1333 4823 habere
1361 4765 1506 4821 viros
1549 4761 1817 4827 laudatos,
1851 4760 1941 4830 qui
1976 4773 2083 4813 una
2123 4765 2307 4813 tecum
2357 4754 2592 4810 sentiant
2621 4754 2916 4823 eademque
2937 4760 3178 4808 narrent.
3213 4751 3407 4807 Mirum

187 4885 375 4932 autem
401 4881 485 4930 est
513 4874 568 4928 in
593 4871 845 4926 omnibus
873 4884 998 4924 acre
1027 4868 1164 4922 tanti
1192 4863 1374 4919 Patris
1393 4857 1832 4931 judicium-eligit
1855 4855 2077 4910 meliora
2099 4859 2344 4921 tutaque,
2368 4845 2870 4917 velutimargaritas
2896 4859 2927 4899 e
2950 4844 3082 4906 luto,
3115 4843 3170 4898 in
3200 4857 3408 4913 suaque

188 4930 399 5039 scripta
435 4965 718 5029 transfert,
737 4972 937 5018 cratera
968 4969 1028 5016 ut
1058 4960 1294 5030 abjecta,
1324 4930 1451 5012 vilia
1483 4957 1794 5024 nulliusque
1828 4945 2088 5003 momenti
2113 4945 2346 5040 despicit
2378 4941 3021 5040 negligitque-mccuratse
3051 4935 3170 5006 ejus
3189 4936 3410 5040 .i‘n‘om-
3447 4930 3457 4984 ἔ

187 5026 355 5116 nibus
381 5056 676 5128 diligentiae
703 5026 1069 5124 exquisitique
1100 5026 1269 5106 studii
1305 5053 1705 5118 argumentum.
1739 5041 1910 5108 Alias,
1939 5044 2219 5128 annuente
2243 5035 2383 5128 Deo,
2405 5030 2855 5128 etubenignit‘ate.
2889 5043 2952 5128 ac
2982 5028 3316 5083 humanitate
3342 5026 3421 5083 il!

186 5121 507 5209 lustrissimi
538 5164 601 5205 ac
627 5121 1063 5202 reverendissimi
1094 5142 1378 5198 Francisci
1407 5137 1700 5196 cardinalis
1750 5130 2054 5194 Barbarini,
2099 5128 2160 5182 S.
2192 5127 2259 5184 Β.
2288 5126 2350 5180 Ε.
2373 5122 2796 5186 bibliothecarii,
2815 5121 2982 5191 .cujus
3024 5127 3155 5176 nutu
3187 5135 3404 5186 securo,

189 5239 526 5299 felicissimis
573 5236 772 5292 studiis
801 5234 1170 5304 auspiciisque
1199 5231 1478 5286 muniﬁcis
1525 5244 1613 5282 res
1663 5224 1942 5280 litterarite
1984 5227 2247 5290 reparata:
2295 5215 2593 5270 fundantur
2637 5221 2691 5269 et
2727 5211 3137 5304 conﬁrmantur,
3171 5211 3423 5304 favente,

191 5333 453 5389 nonnulla
486 5332 591 5385 alia
639 5303 988 5398 ejusdem,et
1030 5325 1334 5396 prmsertim
1365 5340 1484 5394 quas
1521 5320 1772 5375 adversus
1819 5315 2094 5385 Origenem
2126 5309 2188 5364 de
2213 5306 2647 5380 .engaslrimytho
2677 5303 3041 5398 disertissime
3059 5303 3407 5398 piissimeque

190 5423 516 5496 composuit,
547 5395 723 5487 dabo;
757 5419 956 5489 quibus
985 5395 1044 5472 et
1079 5417 1192 5472 haec
1226 5431 1348 5472 mea
1375 5415 1589 5475 addam,
1630 5423 1683 5466 et
1713 5408 1959 5470 meliora,
1989 5415 2041 5461 et
2068 5401 2456 5460 emendatiora.
2493 5398 2638 5464 lia-c,
2684 5398 2875 5461 lector,
2909 5395 3152 5453 volebam
3189 5395 3409 5456 nescius

194 5533 255 5572 ne
283 5531 459 5573 esses.
492 5512 639 5569 Vale.

1607 5653 2034 5682 —-——.°.—'—'
