3962 6202
241 213 344 270 709

1148 216 1419 275 SPURiA.
1442 249 1509 260 —
1545 217 1905 277 COHHENT.
1946 217 2013 272 ΙΝ
2053 217 2550 278 HEXAEMERON.

3344 222 3461 283 .710

237 327 487 400 ὑπῆρξαν
543 328 683 401 μετά
736 331 994 404 Κέκροπα
1015 373 1031 396 ,
1084 332 1143 387 ὃν
1201 334 1369 389 πολλά
1410 335 1651 409 ’Όμηρος
1704 336 1794 390 καὶ

1897 334 2215 391 Pbaetontis
2245 335 2655 408 deﬂagratione,
2686 336 3055 395 Eritcbtbonii
3078 345 3198 393 ortu
3232 353 3298 394 ex
3325 337 3458 395 νηι-

248 419 489 484 Ἰισίοδος
529 425 640 487 τοῖς
674 423 883 495 χρόνοις
934 424 1351 496 ὑποδεδήκασιν.
1380 429 1443 481 Εἰ
1491 428 1548 482 δὲ
1592 429 1797 483 τούτων

238 511 578 567 ἶλαττοῦνται
617 517 729 579 τοῖς
761 515 943 579 ἔτεσι,
990 517 1122 571 πολὺ
1156 518 1326 591 δήπου
1376 519 1477 591 τῆς
1523 520 1798 584 Μωῦσέως

210 603 571 680 ..ὑπάρχουσιν
620 606 833 678 ἡλικίας
882 607 1193 682 κατώτεροι.
1242 605 1408 675 Οὗτος
1453 612 1629 665 τοίνυν
1688 611 1797 666 τῶν

239 694 420 763 σοφῶν
465 696 681 750 πάντων
726 697 1037 772 διδάσκαλος
1087 702 1364 774 ἀνεδείχθη
1401 703 1499 774 τῆς
1543 702 1797 775 ἀληθείας

237 787 527 852 θειότατος.
574 789 685 861 Τὴν
732 790 840 862 γὰρ
878 791 984 845 τῶν
1022 794 1328 862 Αἰγυπτίων
1358 795 1653 867 λεγομένην
1683 795 1798 865 δια-

234 872 448 938 πτύσας
481 876 690 944 σοφίαν,
724 877 917 949 ἄριστα
950 881 1077 952 περί
1100 881 1259 952 τῆσδε
1291 882 1383 937 τοῦ
1416 883 1620 954 κόσμου
1655 883 1795 949 διεξε-

231 964 364 1037 ἦλθε
395 967 706 1032 συστάσεως
725 1009 741 1034 ,
779 969 870 1023 ὑπ’
893 971 1056 1026 αὑτοῦ
1083 973 1322 1045 δηλονότι
1352 974 1445 1028 τοῦ
1472 974 1563 1030 ἐπὶ
1582 976 1796 1030 πάντων

235 1056 373 1139 θεοῦ
427 1058 519 1112 καὶ
559 1058 887 1139 δημιουργοῦ
926 1061 1022 1118 τοῦ
1070 1066 1269 1130 παντὸς
1292 1067 1656 1138 ἑμπνευσθείς
1696 1066 1795 1139 τὴν

226 1132 513 1221 ἀλήθειαν.
546 1135 707 1221 Λέγει
742 1152 881 1225 γάρ·
924 1154 1026 1210 Ἐν
1054 1155 1212 1227 ἀρχῇ
1250 1132 1536 1227 ἐποίησεν
1576 1164 1610 1215 ό
1654 1132 1797 1230 Θεός

230 1240 343 1293 τὸν
386 1242 648 1310 οὐρανὸν
691 1245 789 1299 καί
837 1247 952 1316 τὴν
999 1247 1133 1319 γῆν.
1170 1251 1278 1304 Καὶ
1299 1251 1501 1306 υπολλοί
1529 1252 1637 1307 τῶν
1667 1258 1795 1328 παρ’

231 1333 461 1407 Ἕλλησι
492 1337 749 1392 τάναντία
780 1338 984 1393 τούτων
1016 1340 1269 1406 διεξιέναι
1307 1343 1674 1416 τολμήσαντες
1716 1347 1797 1413 εἰς

227 1424 395 1495 βυθὸν
431 1428 651 1497 ἀγνοίας
691 1431 1204 1505 κατηκοντίσθησαν.
1242 1435 1322 1490 Τά
1353 1437 1460 1508 γάρ
1493 1436 1552 1505 ἐξ
1590 1437 1798 1511 ἀνθρω-

226 1518 395 1591 πίνης
419 1518 652 1586 διανοίας
684 1523 1063 1596 προφερόμενα
1098 1523 1341 1597 δόγματα
1381 1529 1546 1600 σαφῆ.
1566 1566 1581 1582 .
1604 1568 1618 1582 .
1640 1567 1654 1581 .
1679 1529 1794 1582 ἀνει
1842 1594 1851 1603 θ

225 1609 327 1663 xa‘t
375 1611 762 1682 ἀνερμάτιστα.
795 1612 981 1678 Οὐδεὶς
1030 1613 1139 1687 γὰρ
1190 1619 1320 1691 παρ’
1366 1619 1548 1682 αὐτοῖς
1595 1618 1793 1691 ἕστηκε

222 1700 387 1771 λόγος
430 1703 712 1776 ἀκίνητος,
756 1705 844 1760 ἀεὶ
893 1707 986 1761 τοῦ
1040 1706 1287 1781 δευτέρου
1337 1710 1426 1765 τὸν
1472 1708 1580 1783 πρὸ
1628 1710 1792 1766 αὐτοῦ
1828 1690 1866 1747 Β

221 1795 654 1861 καταϐάλλοντος
672 1815 686 1827 ·
714 1796 852 1852 ὥστε
880 1799 1044 1870 μηδὲν
1069 1800 1228 1873 ἔργον
1258 1797 1396 1856 εἶναι
1423 1805 1532 1865 τοῖς
1560 1805 1790 1869 πιστοῖς,

219 1888 494 1941 τάκείνων
522 1887 779 1960 ἐλέγχειν,
806 1891 1114 1963 ἀρκούντων
1143 1894 1361 1948 ἐκείνων
1385 1893 1632 1967 ἀλλήλοις
1654 1895 1789 1967 πρὸς

218 1980 329 2051 τὴν
350 1979 558 2034 οἰκείαν
588 1981 919 2056 ἀνατροπὴν.
952 1984 1164 2050 ὐποῖος
1190 1984 1246 2040 δὲ
1271 1987 1331 2040 τὸ
1370 1988 1554 2058 σχῆμα
1582 1986 1672 2040 καὶ
1695 1987 1791 2059 τὴν

216 2072 417 2126 οὐσίαν
441 2074 471 2125 ὁ
498 2073 720 2145 οὐρανός
743 2076 876 2141 ἐστι,
906 2075 1142 2131 διδάσκει
1165 2079 1310 2150 ἡμᾶς
1337 2078 1562 2142 Ἡσαΐας
1585 2078 1755 2148 λέγων
1773 2090 1786 2110 ⁸

227 2161 303 2216 '0
346 2162 585 2230 στήσας
627 2163 735 2218 τὸν
782 2165 1041 2233 οὐρανὸν
1082 2167 1223 2223 ὡσεί
1274 2167 1546 2238 καμάραν
1567 2184 1581 2199 ο
1628 2168 1790 2224 αὑτοῦ

214 2255 453 2327 λεπτὴν,
489 2256 584 2310 καὶ
624 2256 685 2309 οὗ
728 2257 971 2329 στερεὰν,
1003 2258 1125 2313 οὐδὲ
1161 2263 1390 2332 παχεῖαν
1432 2261 1795 2333 αἰνιττόμενος

214 2341 400 2407 εἶναι,
446 2344 522 2409 ὡς
567 2346 659 2398 καὶ
699 2344 930 2418 ἀλλαχοῦ
982 2364 1174 2418 φησιν⁸
1223 2350 1284 2402 '0
1315 2348 1651 2418 στερεώσας
1689 2349 1797 2403 τὸν

213 2438 488 2507 οὐρανὸν
513 2436 655 2491 ὡσεὶ
682 2438 933 2492 καπνόν.
964 2437 1073 2509 Τὴν
1095 2438 1151 2492 δὲ
1178 2440 1282 2511 γῆν
1308 2440 1502 2510 φάσκει
1531 2443 1560 2496 ὁ
1585 2439 1796 2513 ψαλμὺς

213 2530 314 2583 ἐπὶ
370 2528 480 2582 τῶν
533 2527 737 2582 ὑδάτων
791 2528 1096 2599 ὲνηρεῖσθαι
1114 2570 1128 2594 ,
1189 2526 1360 2601 λέγων
1381 2548 1394 2563 ’
1457 2532 1648 2600 Αὐτὸς
1693 2534 1792 2588 ἐπὶ

213 2618 557 2676 θαλασσῶν
584 2619 976 2690 ἐθεμελίωσεν
1001 2620 1213 2691 αὐτὴν,
1245 2624 1342 2676 καὶ
1384 2623 1483 2678 ἐπί
1514 2622 1792 2695 ποταμῶν

215 2712 558 2782 ἡτοίμασεν
586 2709 797 2778 αὐτήν.
824 2710 932 2765 Καὶ
965 2710 1025 2765 τὸ
1051 2711 1168 2777 πῶς
1203 2713 1263 2767 οὐ
1300 2713 1380 2767 δεῖ
1407 2712 1791 2786 πολυπραγμο-

214 2807 369 2865 νεῖν.
408 2802 546 2857 ἀλλά
585 2801 877 2856 πιστεύειν.
910 2801 982 2856 Τὸ
1019 2801 1126 2876 γάρ
1168 2804 1371 2859 ἁπλοῦν
1410 2806 1509 2878 τῆς
1558 2807 1791 2870 πίστεως

217 2894 577 2969 ἰσχυρρτερον
620 2894 852 2967 ὑπάρχει
883 2893 1115 2963 λογικῶν
1144 2895 1494 2962 ἀποδείξεων·
1528 2897 1792 2968 ἀνέφικτα

214 2987 335 3058 γὰρ
364 2987 459 3040 καί
483 2988 839 3058 ἀκατάληπτά
863 2989 978 3040 ἐστι
1004 2986 1098 3041 τοῦ
1120 2986 1252 3041 Θεοῦ
1280 2988 1350 3043 τά
1387 2989 1647 3062 κρίματα.

1898 445 2036 485 cano
2066 438 2118 485 et
2166 429 2355 492 Terra,
2408 440 2570 500 atque
2604 440 2762 500 raptu
2793 428 3156 501 Proserpinae.
3196 431 3261 486 iii
3311 434 3458 489 enim

1896 536 2085 577 omnes
2119 529 2239 591 post
2265 520 2557 591 Cecropem
2602 521 2772 588 l’uere,
2822 536 2931 592 quo
2960 521 3226 579 Homerus
3255 534 3310 579 et
3351 525 3459 580 ile-

1895 612 2084 669 siodus
2111 614 2267 683 longe
2291 620 2450 667 aetate
2486 613 2834 685 posteriores.
2870 612 2974 679 Qui
3011 614 3055 670 si
3086 616 3244 669 anuis
3266 614 3460 670 horum

1897 715 2023 759 sunt
2051 704 2356 766 inferiores,
2391 719 2474 759 me
2518 704 2588 758 ab
2632 711 2793 761 aetate
2823 704 3024 777 Moysis
3058 706 3215 777 longe
3238 705 3461 763 dissitos

1895 812 2016 851 esse
2041 797 2425 867 comperimus.
2467 794 2567 850 Hic
2613 795 2794 866 itaque
2823 814 2888 855 ex
2917 798 3172 854 omnibus
3201 800 3461 869 sapienti-

1896 884 1998 940 bus
2035 886 2413 943 divinissimus
2461 886 2711 943 veritatis
2757 898 3058 960 praeceptor
3098 890 3315 945 habitus
3354 902 3460 949 est.

1895 969 2104 1027 Etenim
2149 972 2419 1045 Egyptia,
2466 989 2628 1046 quam
2659 975 2869 1041 dicunt,
2900 978 3166 1049 sapientia
3199 979 3459 1046 delibata.

1894 1063 2136 1118 omnium
2182 1067 2384 1135 optime
2416 1065 2483 1120 de
2514 1067 2700 1121 mundi
2729 1067 2892 1138 hujus
2922 1072 3348 1137 constructione,
3379 1074 3463 1145 ip~

1895 1156 2010 1212 sius
2039 1156 2248 1211 scilicet
2281 1154 2395 1221 Dei,
2432 1172 2613 1212 rerum
2659 1167 2715 1212 et
2747 1159 2988 1216 universi
3025 1161 3188 1232 hujus
3215 1162 3458 1233 Opiiicis,

1894 1246 2071 1301 aiiiatu
2096 1248 2399 1304 concitatus
2418 1247 2487 1302 ad
2516 1251 2795 1307 veritatem
2822 1252 3102 1310 disseruit.
3128 1252 3268 1309 Dicit
3290 1255 3460 1324 enim,

1897 1336 1963 1393 In
1988 1340 2240 1408 principio
2279 1343 2475 1396 creavit
2516 1343 2655 1400 Deus
2691 1348 2879 1399 mlum
2910 1353 2959 1399 et
3004 1354 3198 1400 terram
3228 1348 3271 1402 ⁸.
3309 1345 3460 1402 Non-

1893 1431 2027 1486 nulli
2056 1431 2431 1489 Grzecorumiu
2453 1436 2781 1491 contrariam
2817 1444 3024 1506 partem
3046 1437 3311 1507 permulta
3340 1438 3459 1495 dis-

1893 1530 2089 1593 putare
2147 1524 2348 1587 conati,
2377 1524 2429 1577 in
2456 1522 2785 1594 profundum
2816 1524 3135 1595 ignorantiae
3158 1526 3460 1597 prmcipites

1895 1615 1999 1669 acti
2037 1622 2181 1669 sunt.
2216 1613 2474 1686 Dogmata
2506 1632 2738 1687 namque
2774 1617 3013 1672 humana
3047 1619 3260 1674 ratione
3304 1619 3459 1689 judi-

1894 1705 2088 1776 cioque
2114 1706 2350 1776 prodita,
2385 1708 2570 1762 multis
2594 1708 2943 1764 obscuritatis
2970 1709 3192 1766 latebris
3216 1710 3457 1765 involuta

1896 1794 2086 1858 latent,
2119 1809 2221 1851 nec
2250 1794 2361 1849 ullo
2390 1795 2662 1852 ﬁrmitatis
2697 1797 2871 1851 fulcro
2898 1800 3247 1854 constabilita
3286 1799 3459 1857 vacil-

1892 1886 2026 1942 lant.
2057 1885 2213 1942 Nuila
2243 1888 2440 1958 quippe
2479 1890 2747 1944 sententia
2777 1891 2918 1961 apud
2959 1907 3056 1947 eos
3085 1890 3306 1945 immota
3340 1907 3458 1945 ma-

1896 1988 2007 2045 net,
2044 1996 2257 2050 semper
2289 1982 2520 2051 primum
2563 1991 2911 2053 oppugnante
2957 1984 3221 2049 secundo,
3277 1984 3349 2039 ita
3398 1992 3459 2040 ut

1893 2083 1988 2125 eos
2028 2069 2271 2126 refellere
2300 2071 2435 2124 nihil
2461 2072 2531 2127 sit
2556 2073 2777 2143 negotii,
2811 2089 2938 2129 cum
2982 2075 3058 2129 illi
3089 2075 3324 2145 propriis
3360 2075 3461 2130 do-

1895 2163 2170 2233 gmatibus
2195 2152 2503 2220 evertendis
2535 2163 2821 2221 suiiiciant.
2857 2164 3044 2233 Qualis
3073 2182 3237 2238 porro
3278 2167 3461 2238 ligulae

1893 2262 2209 2324 naturaeque
2257 2254 2454 2309 cmlum
2509 2253 2601 2319 sit,
2636 2254 2793 2311 nobis
2822 2253 2990 2312 Isaias
3024 2258 3208 2314 verbis
3248 2256 3355 2313 illis
3384 2257 3461 2312 si-

1894 2346 2168 2417 gniﬁcavit
2198 2365 2213 2402 :
2257 2345 2361 2414 Qui
2393 2357 2535 2401 stare
2560 2347 2733 2417 fecisti
2770 2347 2955 2402 omium
2984 2349 3138 2419 quasi
3162 2349 3458 2419 fornicem;

1895 2437 2094 2509 quibus
2121 2436 2283 2493 etiam
2317 2448 2532 2494 tenuem
2565 2437 2711 2495 illius
2756 2445 2809 2494 et
2856 2453 2965 2494 non
2996 2439 3249 2503 solidam,
3281 2454 3461 2511 neque

1880 2544 2133 2585 crassam
2165 2538 2412 2585 naturam
2440 2545 2561 2586 esse
2591 2529 2791 2594 innuit,
2832 2530 2998 2585 sicuti
3029 2537 3083 2586 et
3116 2531 3243 2584 alibi
3274 2530 3407 2585 dicit
3439 2547 3457 2586 :

1897 2619 2002 2687 Qui
2022 2621 2250 2690 ﬁrmasti
2276 2621 2460 2675 caelum
2491 2622 2644 2693 quasi
2671 2618 3132 2689 fumum/Terram
3164 2635 3293 2676 vero
3306 2619 3463 2676 Psal-

1894 2711 2088 2768 modus
2114 2712 2188 2767 ait
2209 2726 2371 2784 super
2400 2726 2569 2783 aquas
2598 2710 2914 2768 sustentari.
2950 2708 3069 2780 Ipse
3095 2727 3251 2781 super
3287 2709 3461 2764 maria

1893 2802 2132 2874 fundarit
2174 2819 2323 2867 eam,
2371 2811 2419 2857 et
2452 2819 2609 2872 super
2641 2803 2865 2874 ﬂumina
2902 2803 3220 2873 pra'parauit
3263 2820 3380 2857 eam
3415 2802 3458 2856 ⁸.

1897 2894 2003 2950 Sed
2035 2895 2181 2950 enim
2214 2895 2432 2950 modum
2463 2910 2573 2950 non
2611 2895 2871 2951 debemus
2905 2896 3123 2951 curiose
3163 2895 3459 2966 inquirere,

1893 3002 2080 3044 verum
2120 2986 2361 3043 credere.
2407 2986 2740 3059 Simplicitas
2786 2988 2930 3043 enim
2972 2996 3174 3044 nostra:
3214 2987 3334 3043 iidei
3365 2974 3462 3041 de-

214 3080 714 3136 monstrationibus
742 3079 1063 3145 dialecticis,
1099 3080 1255 3153 longe
1280 3082 1508 3139 validior
1527 3093 1634 3151 est,
1659 3097 1785 3140 cum
1819 3080 2024 3154 judicia
2050 3080 2168 3146 Dei.
2206 3097 2310 3138 nec
2365 3080 2751 3154 comprehendi
2780 3083 3012 3154 possint,
3047 3097 3147 3138 nec
3195 3096 3260 3138 ea
3284 3080 3462 3154 capiat

214 3173 479 3230 humanae
506 3171 822 3246 conjectura
851 3176 1071 3232 mentis.

294 3267 381 3337 Τῇ
436 3269 634 3340 πρώτῃ
679 3264 793 3326 οὖν
855 3271 1044 3341 ἡμέρᾳ
1097 3268 1384 3343 ἐποίησεν
1421 3275 1455 3330 ό
1501 3274 1646 3342 Θεὸς
1685 3273 1792 3329 τὸν

1964 3266 2148 3322 Primo
2178 3266 2353 3333 itaque
2396 3266 2482 3320 die
2509 3265 2703 3320 creavit
2749 3264 2889 3321 Deus
2922 3267 3130 3333 citium,
3162 3276 3212 3322 et
3239 3276 3458 3336 terram,

216 3360 507 3429 οὐρανὸν,
548 3361 646 3415 καὶ
673 3360 788 3432 τὴν
825 3362 963 3433 γῆν,
1007 3364 1107 3417 καί
1152 3364 1217 3419 τὸ
1265 3364 1421 3436 φῶς·
1468 3367 1565 3421 καὶ
1616 3367 1792 3421 πάντα

215 3452 375 3525 ὀξείᾳ
424 3451 619 3524 καιροῦ
854 3453 1220 3524 κατεφώτισε·
1269 3455 1426 3512 τοῦτο
1465 3457 1522 3510 δέ
1569 3459 1683 3512 ἐστι
1730 3458 1793 3511 τὸ

215 3543 486 3616 φθαρτόν.
529 3543 642 3617 Πρδ
681 3545 790 3618 γὰρ
825 3545 1014 3600 τούτου
1047 3546 1342 3619 σκιάσματι
1387 3551 1625 3622 περιεῖχε
1672 3564 1795 3602 σκο-

214 3637 402 3690 τεινὸν
453 3635 548 3691 τοῦ
584 3636 814 3709 οὐρανοῦ
870 3638 1252 3711 περιταθέντος
1273 3678 1288 3702 ,
1333 3641 1427 3694 καὶ
1474 3641 1650 3695 πάντα
1694 3642 1794 3695 ὅσα

216 3729 470 3797 συνεῖχε,
501 3727 595 3779 καὶ
624 3726 713 3781 τὸν
761 3727 1152 3798 ἀπολειφθέντα
1191 3731 1354 3785 τόπον
1394 3731 1604 3804 ἀφεγγῆ
1628 3750 1794 3787 κατα-

218 3821 545 3891 στήσαντος.
572 3817 805 3886 Ἔξωθεν
825 3819 883 3873 δὲ
916 3819 1009 3874 τοῦ
1037 3821 1266 3894 οὐρανοῦ
1293 3821 1408 3892 φῶς
1438 3818 1576 3878 εἶναι
1602 3826 1793 3880 ἀσκία-

217 3928 371 3977 στον,
404 3910 500 3964 καὶ
527 3910 821 3984 ἄφθαρτον,
848 3914 943 3966 καὶ
977 3912 1212 3981 αἰώνιον,
1250 3916 1307 3969 ὲν
1327 3909 1372 3985 ᾧ
1406 3916 1623 3987 ἄγγελοι
1650 3918 1790 3974 διαι-

217 4004 448 4065 τῶνται,
480 4004 606 4074 περὶ
633 3998 693 4057 οὗ
739 4022 870 4076 φησι
916 4004 1164 4076 Σολομῶν
1186 4020 1200 4037 ’
1236 4007 1363 4076 Φῶς
1399 4007 1649 4077 δικαίοις
1696 4011 1792 4067 διὰ

218 4093 477 4160 παντὸς,
511 4095 589 4158 εἰς
612 4092 640 4146 ὃ
668 4094 758 4148 καὶ
787 4096 838 4148 οἰ
874 4095 1052 4159 καλῶς
1079 4093 1369 4165 βιώσαντες
1405 4098 1789 4154 ἀναπαύονται.

220 4186 462 4258 Νοήσεις
486 4185 543 4240 δὲ
562 4186 749 4240 τούτου
778 4185 876 4259 τὴν
902 4187 1210 4259 οἰκονομίαν
1239 4188 1298 4255 ἐξ
1330 4190 1590 4263 ἐναργοῦς
1615 4209 1792 4264 παρα-

218 4279 539 4350 δείγματος,
570 4280 653 4333 δτι
701 4280 815 4350 φῶς
857 4280 1115 4335 ἄσϐεστον
1161 4282 1252 4336 τὸν
1290 4280 1392 4348 ἔξω
1419 4281 1593 4356 χῶρον
1638 4301 1792 4357 περι-

217 4367 434 4440 λάμπει
463 4368 558 4422 τοῦ
583 4369 832 4441 οὐρανοῦ.
858 4371 961 4424 Τὸν
983 4371 1039 4424 δὲ
1072 4370 1180 4426 ἔσω
1221 4371 1388 4444 ἀχλὺς
1417 4379 1658 4448 περιεῖχε
1687 4373 1792 4449 πρὸ

218 4460 318 4515 τοῦ
352 4460 645 4535 γενηθῆναι
678 4461 739 4515 τὸ
758 4461 891 4533 φῶς.
922 4464 1130 4535 Ὥσπερ
1147 4464 1255 4536 γάρ
1273 4465 1327 4517 εί
1344 4482 1428 4530 τις
1458 4468 1517 4520 ὲν
1558 4468 1792 4543 σταθερᾷ

222 4555 550 4628 μεστπμόρία
595 4555 771 4628 πήξας
814 4559 880 4610 ὲκ
922 4556 1129 4627 πυκνῆς
1186 4552 1317 4629 ὕλης
1363 4559 1564 4632 σκηνὴν
1604 4560 1789 4626 σκότος

219 4646 575 4718 αὐτοσχέδιον
606 4650 763 4713 ποιεῖ,
800 4650 893 4704 καὶ
924 4649 1173 4721 οὐδαμῶς
1207 4649 1535 4724 φωτισθῆναι
1573 4649 1790 4708 δύναται

218 4739 253 4793 δ
290 4739 678 4813 περιεχόμενος
720 4741 914 4805 τόπος,
945 4743 994 4795 εἰ
1036 4741 1109 4814 μὴ
1141 4742 1314 4812 φωτὸς
1355 4744 1605 4819 ἐκλάμψῃ
1651 4764 1791 4819 μαρ-

223 4832 455 4902 μαρυγή
477 4847 490 4860 ·
519 4828 661 4884 οὕτω
684 4831 918 4887 τοιοῦτον
943 4833 1304 4889 ἀνυπόστατον
1336 4835 1521 4901 σκότος
1552 4838 1792 4909 περιεῖχε

221 4920 324 4975 τὸν
354 4919 554 4992 κόσμον
593 4921 697 4975 ὑπὸ
732 4922 827 4976 τοῦ
870 4923 1096 4995 οὐρανοῦ
1130 4924 1565 4998 καλυπτόμενον,
1605 4928 1740 5001 ὅπερ
1763 4929 1792 4981 ό

222 5010 367 5074 Θεὸς
408 5010 703 5085 διεχώρησε
734 5013 1136 5088 δημιουργήσας
1166 5017 1226 5070 τὸ
1260 5016 1374 5088 φῶς
1393 5059 1408 5083 ,
1460 5020 1553 5073 καὶ
1580 5019 1793 5093 ἡμέραν

226 5103 368 5156 αὐτὸ
393 5104 829 5178 προσονομάσας,
878 5108 970 5161 καὶ
1001 5106 1062 5162 τὸ
1099 5108 1288 5174 σκότος
1326 5110 1513 5167 νύκτα.
1549 5113 1795 5184 Ἀναχεο-

229 5194 400 5264 μένου
440 5196 549 5269 γὰρ
590 5196 683 5250 τοῦ
716 5197 917 5267 φωτὸς,
963 5199 1144 5272 ἡμέρα
1201 5201 1474 5271 γίγνεται,
1519 5203 1794 5258 συστελλο-

231 5284 401 5354 μένου
444 5285 522 5350 δὲ,
567 5286 664 5353 νὺξ
705 5288 1026 5344 ἀντέπεισιν.
1058 5290 1217 5344 Ὅθεν
1257 5292 1351 5348 καὶ⁸
1393 5294 1449 5347 ἐν
1478 5280 1544 5365 τῇ
1585 5311 1793 5367 συμμε-

226 5379 425 5449 τρήσει
468 5377 579 5432 τῶν
612 5379 814 5452 χρόνων
857 5382 1087 5454 ἡμέρας,
1131 5382 1224 5437 καὶ
1265 5384 1384 5455 οὐχί
1423 5384 1623 5451 νύκτας
1672 5386 1792 5455 ἀρι-

230 5466 498 5539 θμσῦμεν.

310 5676 337 5708 ⁵
364 5674 484 5733 Gen.
512 5694 551 5745 ι,
586 5677 638 5734 i.
712 5680 732 5711 ⁶
761 5678 909 5735 Psal.
946 5695 1104 5750 mu,
1126 5681 1182 5739 2.

1890 3372 1940 3419 et
1974 3366 2162 3424 lucem,
2191 3364 2246 3415 et
2278 3358 2531 3414 omnibus
2568 3358 2912 3414 velocissimo
2940 3368 3143 3429 puncto
3173 3362 3456 3432 temporis,

1892 3453 2073 3507 lumen
2124 3449 2269 3522 quod
2301 3449 2639 3519 corruptioni
2688 3449 2983 3504 obnoxium
3019 3457 3121 3511 est,
3152 3453 3459 3507 communi-

1890 3544 2056 3599 cavit.
2085 3544 2224 3597 Ante
2248 3542 2391 3597 enim
2416 3539 2547 3596 illud
2575 3540 2766 3596 untbra
2791 3540 3036 3611 quaedam
3060 3541 3294 3597 obscura
3317 3544 3457 3599 calo

1891 3643 2116 3692 extenso
2162 3634 2373 3705 dejecta
2419 3634 2633 3690 velabat
2673 3633 2886 3701 omnia,
2923 3633 3214 3703 lumenque
3259 3648 3289 3688 a
3321 3634 3457 3690 locis

1892 3727 1998 3783 illis
2026 3727 2263 3782 arcebat.
2293 3724 2495 3783 Verum
2536 3732 2688 3780 extra
2721 3725 2942 3788 caelum,
2973 3725 3157 3780 lumen
3186 3724 3330 3797 quod
3359 3727 3456 3781 ob-

1890 3820 2103 3876 scurari
2130 3834 2241 3875 non
2279 3825 2482 3891 potest,
2514 3816 2666 3872 omni
2704 3816 3076 3887 corruptione,
3109 3819 3256 3874 omni
3300 3826 3458 3876 aetate

1891 3911 2164 3982 superius,
2198 3910 2256 3965 in
2284 3924 2394 3980 quo
2417 3908 2589 3979 angeli
2637 3907 2859 3978 degunt,
2890 3907 3219 3974 extenditur,
3252 3909 3320 3966 de
3348 3925 3456 3980 quo

1891 4000 2147 4056 Salomon
2196 4000 2272 4055 ait
2305 4019 2319 4055 :
2346 3998 2543 4053 Lumen
2568 3998 2732 4069 justi:
2762 4000 2816 4052 in
2849 4008 3172 4069 perpetuum;
3202 4001 3257 4055 in
3286 4001 3453 4073 quod,

1891 4092 1985 4164 qui
2030 4093 2169 4148 bene
2206 4091 2465 4158 vixerint,
2498 4089 2663 4146 delati
2685 4090 2995 4160 quiescunt.
3032 4089 3454 4161 Dispositionem

1889 4182 2031 4239 hanc
2065 4182 2357 4239 dilucidam
2416 4180 2603 4237 reddet
2651 4180 2859 4236 clarum
2898 4189 2953 4237 et
2999 4192 3243 4253 apertum
3272 4198 3458 4241 exemé

1889 4275 2061 4346 pium,
2107 4274 2292 4329 lumen
2342 4273 2552 4329 scilicet
2583 4271 2995 4338 inexstinctum,
3027 4273 3203 4329 locum
3239 4290 3457 4343 omnem

1890 4366 2013 4422 caeli
2042 4373 2287 4422 exterum
2318 4364 2646 4431 illuminare,
2678 4379 2839 4435 quem
2873 4379 3003 4421 vero
3035 4367 3320 4437 complexu
3353 4383 3455 4423 suo

1890 4460 2086 4515 omium
2136 4465 2307 4522 tenet.
2355 4466 2642 4528 antequam
2680 4455 2861 4510 iumen
2896 4455 3075 4523 ﬁeret,
3125 4459 3358 4530 caligine
3388 4475 3454 4515 ac

1891 4550 2130 4609 tenebris
2172 4559 2373 4607 tectum
2431 4565 2543 4605 non
2598 4549 2936 4619 apparuisse.
2991 4548 3452 4617 Quemadmodum

1894 4645 2039 4701 enim
2068 4643 2114 4701 si
2145 4644 2269 4715 quis
2295 4643 2521 4698 meridie
2551 4640 2952 4698 ferventissimo
2983 4656 3050 4697 ex
3083 4641 3251 4699 densa
3285 4653 3456 4699 mate-

1895 4736 1977 4792 ria
2007 4734 2414 4791 tabernaculum
2442 4732 2756 4796 conl'ecerit,
2788 4730 3175 4789 obscuritatem
3218 4741 3273 4789 et
3302 4741 3456 4789 tene-

1895 4828 2024 4884 bras
2043 4844 2109 4884 ex
2139 4835 2380 4899 tempore
2407 4832 2626 4897 paratas
2652 4823 2826 4889 aﬂ'ert,
2862 4839 3039 4894 neque
3059 4823 3214 4880 locus
3244 4824 3334 4880 ille
3358 4825 3452 4896 qui

1896 4920 2043 4976 illius
2089 4916 2438 4975 circumﬂexu
2484 4923 2775 4987 tegeretur,
2822 4921 3003 4986 potest
3045 4909 3361 4979 illuminari,
3396 4916 3452 4971 ni

1894 5011 2120 5069 luminis
2147 5010 2302 5066 radio
2332 5008 2494 5064 fuerit
2529 5007 2784 5078 perfusus
2811 5026 2825 5062 :
2858 5008 2939 5064 sic
2971 5007 3176 5063 similes
3215 5008 3449 5063 tenebrat.

1887 5094 2015 5172 qua:
2042 5119 2153 5158 non
2182 5102 2571 5163 subsistebant,
2604 5098 2864 5154 mundum
2887 5114 3048 5172 quem
3077 5099 3275 5154 omium
3304 5114 3455 5154 com-

1895 5195 2148 5268 plectitur
2173 5193 2588 5257 adumbrabant,
2618 5207 2711 5248 eas
2739 5191 2900 5257 Deus,
2930 5190 3197 5262 producto
3228 5191 3453 5252 lumine.

1895 5287 2152 5356 seiunxit,
2179 5286 2360 5342 iumen
2388 5286 2551 5349 diem,
2577 5286 2829 5343 tenebras
2856 5292 3068 5340 noctem
3099 5284 3453 5354 nuncupavit.

1896 5377 2109 5435 Etenim
2135 5379 2263 5433 dum
2292 5379 2473 5434 iumen
2504 5375 2848 5442 dili‘unditur,
2886 5376 3127 5448 gignitur
3153 5374 3299 5441 dies;
3322 5373 3450 5429 dum

1897 5469 2261 5537 contrahitur,
2300 5486 2407 5526 nox
2438 5469 2686 5537 advenit;
2723 5483 2912 5540 quare,
2947 5474 3002 5524 et
3036 5468 3165 5524 dum
3212 5474 3454 5539 tempora

1895 5564 2292 5631 oommetimur,
2309 5563 2450 5632 dies,
2475 5578 2584 5621 non
2609 5570 2788 5619 autem
2808 5568 2997 5630 noctes
3008 5574 3452 5620 annumerath
