3962 6202
179 307 281 364 713

1072 303 1339 361 SPURIA.
1371 335 1442 349 -—-
1479 298 1832 389 COMMENT.
1875 297 1944 353 IN
1986 295 2479 355 HEXAEMERON.

3311 299 3411 354 7H

181 425 444 500 συλλογὴν
476 424 571 480 καὶ
612 427 666 478 ai
710 424 1006 497 φάραγγες.
1041 423 1114 478 Τὸ
1159 423 1242 487 δὲ,
1277 422 1374 477 καὶ
1407 424 1478 476 τὰ
1522 419 1751 485 συστή-

1857 433 1940 470 nes
1970 431 2226 483 aquarum
2259 414 2455 468 voravit
2487 413 2678 479 maria,
2715 411 2867 468 sinus
2888 413 3057 468 maris
3082 415 3413 484 signiﬁcans.

177 536 339 593 ματα
374 517 489 573 τῶν
512 516 749 572 ὑδάτων
776 515 1030 570 ἐκάλεσε
1058 514 1370 581 θαλάσσας
1388 556 1402 580 ,
1444 513 1569 575 τοὺς
1614 511 1739 566 κόλ-

181 629 320 676 πους
362 609 605 682 σημαίνει
656 609 781 670 τοὺς
810 608 966 669 κατὰ,
997 607 1059 661 τὸ
1102 607 1230 661 ἴδιον
1270 605 1454 677 σχῆμα
1496 603 1601 658 ὑπὸ
1645 603 1745 674 τῆς

184 701 568 774 περικειμένης
599 701 702 772 γῆς
733 699 1183 770 ἀπολειφθένταςο
1217 691 1328 752 οἷον
1371 696 1615 750 θάλασσα
1657 697 1745 766 βό-

182 810 357 866 ρειος,
389 791 630 846 Θάλασσα
679 793 881 856 νότιος,
927 791 1067 863 ἑῴα,
1115 789 1340 862 ἑσπέρια
1372 788 1618 860 πελάγη,
1650 789 1745 842 καὶ

179 885 384 938 τούτων
414 885 653 956 ὀνόματα
686 883 970 948 ἰδιάζοντα,
995 884 1192 946 Πόντος
1228 884 1470 951 Αἰγαῖος,
1525 880 1743 944 ’ἰώνιος,

181 973 544 1046 Σαρδωνικὸν,
579 974 891 1036 Σικελικὸν,
925 974 1248 1046 Τυρῥήνιον.
1287 973 1360 1026 Ού
1407 971 1475 1026 τὰ
1513 972 1746 1042 τυχόντα

177 1067 234 1120 δὲ
278 1065 387 1119 τῶν
426 1067 632 1119 ὑδάτων
670 1066 1011 1140 ἀθροίσματα
1054 1067 1134 1130 εἰς
1182 1064 1307 1138 μίαν
1339 1064 1603 1136 κατέληξε
1647 1064 1745 1118 θά-

178 1161 418 1224 λασσαν,
467 1161 584 1232 ἦτοι
619 1160 900 1225 σύστασιν,
933 1159 1067 1214 ἀλλά
1115 1159 1184 1212 τά
1229 1159 1457 1230 μέγιστα
1499 1159 1595 1213 καὶ
1635 1157 1750 1222 ἐξέ-

180 1271 375 1325 χοντα·
415 1254 476 1306 οὑ
510 1253 617 1325 γὰρ
663 1254 756 1307 καὶ
797 1253 867 1306 τὰ
907 1253 1225 1324 τελματιαῖα
1268 1253 1363 1305 καὶ
1417 1250 1600 1321 λίμνια
1640 1249 1748 1322 χρὴ

178 1350 341 1400 νοεῖν.
373 1347 582 1418 Ὠσπερ
613 1347 720 1417 γὰρ
751 1346 810 1400 τὸ
851 1345 961 1417 πῦρ
987 1346 1081 1398 καὶ
1107 1347 1186 1408 είς
1221 1343 1389 1416 μικρὰ
1419 1359 1750 1413 κατακεκερ-

179 1438 518 1508 ματισμένον
549 1438 665 1490 ἐστὶ
705 1437 799 1490 κα)⁸
831 1437 1023 1508 ἀθρόον
1052 1435 1157 1488 ὑπὸ
1186 1434 1278 1488 τοῦ
1306 1435 1465 1505 ἀέρος
1500 1433 1749 1502 κέχυται,

175 1531 324 1584 οὕτω
358 1531 453 1584 καὶ
495 1531 585 1584 ἐπὶ
624 1528 718 1583 τοῦ
753 1528 959 1593 ὓδατος,
997 1530 1044 1581 εί
1086 1528 1180 1582 καὶ
1228 1526 1420 1600 μικραί
1463 1526 1607 1588 τινές
1645 1527 1752 1578 είσι

177 1623 506 1695 διῃρημέναι
543 1621 848 1685 συστάσεις,
886 1620 1021 1675 ἀλλά
1055 1620 1154 1691 μία
1190 1636 1252 1688 γε
1287 1618 1404 1672 ἐστὶ
1440 1617 1749 1688 συναγωγὴ,

178 1717 215 1785 ἡ
242 1719 302 1768 τὸ
335 1716 452 1768 ὅλον
486 1717 744 1784 στοιχεῖον
779 1713 886 1767 τῶν
915 1713 1115 1769 λοιπῶν
1161 1714 1547 1782 ἀποκρίνουσα.
1594 1709 1751 1782 Πηγὴ

177 1808 290 1880 γάρ
330 1807 446 1860 ἐστι
477 1807 576 1878 τῆς
606 1807 734 1880 περὶ
779 1807 882 1878 γῆν
933 1805 1150 1876 ἁπάσης
1180 1804 1378 1868 νοτίδος
1423 1803 1484 1856 τὸ
1528 1804 1623 1875 τῆς
1661 1804 1756 1856 θα-

177 1899 389 1970 λάσσης
415 1897 578 1971 ὕδωρ,
608 1899 702 1952 καὶ
731 1900 878 1951 πᾶσα
910 1899 944 1968 ἡ
976 1897 1048 1966 γῆ
1080 1896 1350 1966 ὑπόνομὸς
1378 1898 1515 1957 ἐστι,
1544 1895 1638 1948 καὶ
1669 1893 1756 1948 διὰ

178 1991 369 2062 πόρων
402 1990 621 2059 ἀφανῶν
641 1989 947 2054 διαδίδοται,
969 1987 1150 2052 καθὼς
1177 1987 1392 2058 δηλοῦσι
1429 1987 1584 2040 τόποι
1613 1987 1756 2049 τινὲς

175 2085 283 2156 τῆς
312 2085 541 2154 ἠπείρου
571 2083 853 2157 ὑπαντροι.
896 2084 961 2136 Ἦ
1001 2081 1110 2154 γὰρ
1146 2080 1352 2152 ῥοώδης
1385 2079 1626 2134 θάλασσα
1668 2079 1758 2133 διὰ

175 2177 367 2231 τόπων
417 2179 614 2230 στενῶν
669 2176 1020 2248 διατρέχουσα
1041 2215 1056 2239 ,
1103 2173 1320 2228 ὲπειδάν
1370 2173 1610 2236 σκολιαῖς
1665 2173 1756 2226 καὶ

176 2269 391 2340 ὀρθίοις
436 2268 634 2336 ἐξόδοις
666 2268 1055 2339 ὲναπολειφθῇ,
1106 2267 1388 2338 ὼθουμένη
1435 2268 1501 2337 τῇ
1539 2265 1630 2336 βίᾳ
1659 2264 1755 2318 τοῦ

181 2360 496 2431 πνεύματος
528 2357 625 2432 τῆς
665 2361 767 2432 γῆς
807 2361 1144 2433 ἀπορῥήσσει
1173 2358 1271 2430 τὴν
1299 2357 1635 2426 ἐπιφάνειαν,
1666 2357 1757 2409 καὶ

179 2453 279 2506 ἰπὶ
309 2453 370 2506 τδ
398 2452 502 2517 ἔξω
527 2451 884 2524 προελθοῦσα,
922 2451 1130 2521 γίνεται
1160 2451 1386 2520 πότιμος
1419 2451 1484 2502 ὲκ
1514 2449 1613 2520 τῆς
1642 2449 1758 2519 διη-

179 2545 400 2617 θήσεως
431 2545 826 2618 μεταβληθεῖσα
857 2547 936 2608 είς
966 2543 1297 2615 γλυκύτητα.
1332 2541 1498 2597 Πάλιν
1525 2542 1580 2596 δὲ
1610 2542 1758 2594 ἐπει-

178 2640 284 2694 δᾶν
323 2641 542 2712 θερμοῖς
565 2639 750 2702 τόποις
785 2636 1140 2708 ὲναπολειφθῇ
1175 2635 1311 2708 πρὸς
1339 2634 1436 2707 τὴν
1465 2634 1660 2700 ἔξοδον,
1687 2637 1754 2706 τῇ

180 2735 327 2804 αὑτῇ
370 2733 517 2804 αἰτίᾳ
541 2731 804 2804 ἑλκομένη
845 2731 948 2784 ὑπὸ
971 2729 1064 2783 τοῦ
1098 2728 1404 2799 πνεύματος
1434 2726 1628 2791 ζέουσα
1669 2727 1754 2796 γί-

179 2841 356 2878 νεται.
375 2823 523 2894 Αὕτη
544 2823 637 2877 καὶ
661 2822 769 2876 τῶν
789 2821 986 2896 ἀερίων
1010 2819 1215 2874 ὑδάτων
1241 2819 1390 2891 πηγὴ
1416 2817 1719 2887 καθέστηκε
1737 2831 1752 2848 ο

177 2915 273 2970 διὰ
304 2915 480 2985 νεφῶν
508 2915 616 2988 γὰρ
647 2915 979 2986 ἀνελκόμενα
1009 2911 1178 2982 αὑτῆς
1199 2910 1270 2964 τὰ
1303 2910 1488 2976 ὕδατα,
1522 2910 1617 2965 καὶ
1652 2909 1757 2964 ὑπὸ

178 3009 288 3079 τῆς
320 3007 552 3080 ἡλιακῆς
590 3009 805 3070 ἀκτῖνος
852 3005 1164 3075 θαλπόμενα
1186 3042 1202 3068 ,
1246 3003 1341 3058 καὶ
1384 3003 1452 3074 τῇ
1482 3003 1611 3074 σκιᾷ
1662 2999 1754 3054 τοῦ

1845 525 2091 580 quosque
2113 508 2178 563 ad
2199 509 2282 562 sui
2308 508 2533 577 figuram
2560 515 2700 560 terra
2730 507 2974 561 ambiens
3007 511 3415 578 complectitur;

1847 603 1983 661 tales
2011 612 2140 658 sunt
2164 616 2313 654 mare
2353 598 2708 668 Aquilonare,
2741 613 2891 654 mare
2921 599 3192 661 Australe,
3226 600 3420 656 Orien-

1848 694 1977 756 tale,
2011 691 2378 752 Occidentale,
2420 697 2472 744 ct
2501 691 2693 744 horum
2721 689 2939 760 propria
2965 692 3184 746 nomina
3211 691 3418 747 Pontus

1851 784 2092 854 ngaeus,
2148 785 2354 848 Ionius,
2402 782 2739 850 Sardonius,
2786 781 3025 848 Siculus,
3082 782 3420 854 Tyrrhenus.

1847 878 2112 934 Cmterum
2161 891 2269 930 non
2320 891 2677 946 quoscunque
2729 889 2989 946 aquarum
3034 885 3333 933 conventus
3367 879 3422 933 in

1851 986 2019 1025 unum
2069 984 2219 1022 mare
2269 968 2565 1038 congessit,
2617 968 2700 1023 vel
2749 975 2974 1031 emtum,
3018 967 3112 1022 sed
3159 970 3423 1025 maximos

1851 1073 2014 1133 atque
2044 1062 2404 1133 ingentiores;
2431 1078 2556 1116 nam
2587 1077 2762 1130 neque
2788 1061 3078 1130 palustres,
3105 1078 3280 1132 neque
3311 1072 3424 1118 sta-

1851 1166 2076 1228 gnantes
2098 1157 2186 1210 bic
2213 1155 2543 1226 intelligendi
2570 1164 2716 1211 sunt.
2742 1153 2918 1209 Veluti
2948 1157 3091 1210 enim
3125 1157 3266 1228 ignis
3291 1166 3345 1213 et
3369 1157 3423 1212 in

1852 1249 2093 1305 minutas
2104 1256 2287 1318 partes
2304 1248 2586 1318 redigitur,
2606 1258 2659 1302 et
2675 1256 2820 1304 totus
2833 1249 2992 1301 simul
3006 1264 3182 1304 aerem
3199 1252 3426 1306 circum-

1850 1343 1962 1410 dat,
1995 1341 2074 1397 sic
2099 1350 2154 1396 et
2200 1341 2255 1394 in
2301 1340 2478 1410 aquis,
2519 1341 2618 1394 etsi
2666 1354 2846 1410 parva:
2882 1341 3148 1410 qumdam,
3185 1359 3247 1398 ac
3283 1344 3427 1401 inter

1853 1451 1914 1491 se
1961 1436 2171 1491 dissita:
2211 1434 2567 1490 collectioncs
2613 1433 2902 1494 exsistant,
2953 1449 3058 1487 una
3111 1443 3290 1491 tamen
3341 1447 3426 1494 est

1853 1528 2222 1598 congregatio,
2259 1541 2378 1595 quae
2425 1534 2596 1580 totum
2649 1525 2973 1580 elementum
3018 1524 3122 1580 hoc
3156 1541 3186 1579 a
3216 1530 3426 1584 caneris

1855 1621 2115 1691 sejungit.
2144 1618 2336 1674 Totius
2363 1620 2507 1675 enim
2541 1619 2881 1675 humiditatis
2905 1633 3024 1690 quae
3049 1617 3100 1672 in
3131 1628 3276 1674 terra
3299 1621 3428 1677 latet

1860 1713 1981 1768 fons
2011 1720 2096 1767 est
2137 1720 2192 1768 et
2229 1714 2384 1783 origo
2425 1713 2594 1768 maris
2625 1729 2786 1784 aqua,
2831 1730 2972 1784 quae.
3021 1730 3144 1770 cum
3173 1719 3426 1770 universa

1791 1783 1831 1836 Β
1857 1811 2002 1859 terra
2035 1802 2349 1858 cuniculosa
2373 1803 2464 1869 sit,
2502 1813 2597 1872 per
2635 1813 2844 1859 meatus
2876 1804 3094 1861 minime
3123 1807 3298 1861 oculis
3331 1807 3428 1862 ob-

1859 1894 1975 1948 vios
2007 1891 2322 1956 equnditur,
2357 1901 2414 1946 ut
2441 1909 2502 1947 ex
2539 1895 2674 1949 locis
2701 1897 3025 1964 quibusdam
3061 1905 3220 1954 terra}
3247 1913 3431 1955 caver-

1857 1988 2008 2042 nosis
2040 1984 2385 2040 manifestum
2421 1996 2662 2056 apparet.
2717 1987 2968 2044 Fluidum
3015 2007 3248 2062 namque
3280 2008 3428 2049 mare

1857 2092 1951 2147 per
1981 2085 2211 2146 angusta
2245 2077 2364 2131 loca
2402 2093 2718 2142 excurrens,
2751 2083 2840 2135 ubi
2873 2083 3109 2152 obliquis
3165 2093 3218 2137 et
3263 2086 3428 2140 rectis

1856 2171 2098 2226 exitibus
2122 2186 2342 2227 cursum
2370 2171 2660 2238 inﬂexerit,
2687 2175 2738 2228 vi
2770 2176 3096 2246 flauuueque
3118 2186 3426 2242 ventorum,

1857 2270 2015 2317 terra:
2043 2263 2390 2333 superﬁciem
2423 2267 2734 2338 disrumpit,
2769 2281 3163 2340 egressumque
3201 2287 3303 2325 usu
3347 2281 3429 2325 est

1857 2352 2061 2409 efficaci
2105 2355 2174 2410 ad
2218 2364 2427 2426 potum,
2464 2360 2798 2428 percolatum
2845 2361 2990 2414 enim
3023 2362 3428 2432 cribratumque

1855 2444 2140 2503 dulcescit.
2167 2446 2382 2506 Rursus
2427 2453 2474 2507 si
2514 2452 2649 2508 locis
2692 2451 2915 2510 fervidis
2946 2455 3304 2526 relinquatur,
3337 2471 3430 2510 ea-

1858 2538 1980 2592 dem
2014 2541 2226 2596 ratione
2283 2556 2314 2596 a
2345 2554 2506 2599 vento
2537 2544 2593 2599 in
2639 2546 2841 2600 exitum
2895 2546 3116 2602 ductum
3153 2548 3429 2606 fervescit.

1855 2625 2002 2684 Fons
2035 2629 2162 2685 item
2192 2639 2278 2686 est
2302 2648 2587 2702 aquarum,
2615 2651 2734 2706 quae
2752 2651 2932 2690 aerem
2958 2646 3258 2707 occupant;
3285 2640 3432 2695 illius

1853 2719 2002 2775 enim
2033 2735 2187 2792 aqua:
2215 2738 2311 2792 per
2343 2724 2516 2780 nubes
2542 2733 2789 2781 attracta:
2819 2742 2920 2783 nec
2952 2741 3061 2782 non
3092 2744 3123 2782 a
3164 2729 3296 2784 solis
3338 2743 3430 2783 ra-

1854 2811 1966 2869 diis
1989 2814 2285 2885 calefactat,
2312 2832 2437 2872 mox
2459 2816 2622 2874 nubis
2646 2819 2838 2873 umbra
2869 2819 3181 2891 frigefactaa,
3213 2822 3430 2879 tandem

1855 2905 1976 2976 ipsa
2009 2905 2294 2965 altitudine
2330 2911 2470 2966 cmlo
2512 2913 2774 2982 exposite
2814 2912 3158 2976 dulcescunt.
3202 2921 3430 2970 terram-

1854 3013 1962 3070 que
1991 3002 2160 3070 guttis
2188 3011 2505 3072 aspergunt.
2534 3003 2648 3058 Hoc
2689 3003 2877 3060 eodem
2904 3005 2991 3060 die
3009 3005 3174 3074 jussit
3205 3005 3344 3062 Deus
3373 3015 3430 3062 ut

181 3102 390 3170 νέφους
430 3099 876 3170 καταψυχθέντα,
907 3097 1002 3151 καὶ
1038 3094 1098 3160 ὲξ
1125 3093 1289 3149 αὑτοῦ
1329 3093 1422 3148 τοῦ
1462 3093 1630 3162 ὕψους
1671 3094 1756 3145 αί-

1857 3101 1999 3146 terra
2013 3093 2326 3162 germinaret
2352 3095 2564 3148 herbam
2594 3097 2861 3162 virentem,
2888 3105 2937 3151 et
2964 3097 3236 3166 facientem
3258 3112 3432 3156 semen

180 3192 511 3257 θριασθέντα
543 3191 908 3261 γλυκαίνεται,
943 3189 1036 3242 καὶ
1076 3186 1440 3256 καταψεκάζει
1467 3188 1568 3257 τὴν
1596 3187 1754 3258 ἠπει-

184 3304 304 3358 ρον.
339 3287 421 3356 Τῇ
465 3285 510 3338 δ’
556 3284 691 3354 αὑτῇ
743 3283 926 3354 ἡμέρᾳ
963 3281 1058 3334 καὶ
1091 3277 1444 3348 βλαστῆσαι
1485 3276 1759 3346 ,βοτάνην

184 3377 409 3446 χόρτου
432 3376 544 3442 τὴν
559 3371 674 3442 γῆν
691 3375 720 3427 ὁ
747 3373 878 3436 Θεὸς
905 3368 1232 3442 προσέταξεν
1250 3387 1263 3400 ο
1297 3367 1548 3436 Σατεῷον
1574 3367 1758 3436 arrep-

180 3483 272 3538 μα
303 3466 455 3519 κατὰ
488 3468 680 3535 γένος,
705 3464 802 3517 καί
836 3463 1026 3527 ξύλον
1053 3459 1350 3529 κάρπιμον
1380 3460 1594 3514 ποιοῦν
1623 3477 1762 3528 καρ-

184 3560 331 3622 πὸν,
361 3554 432 3613 οὖ
472 3557 537 3610 τὸ
568 3556 808 3625 σπέρμα
837 3555 1022 3610 αὑτοῦ
1057 3553 1128 3607 ὲν
1161 3551 1344 3617 αὐτῷ.
1390 3553 1500 3605 Καὶ
1544 3551 1624 3606 ἔτι
1666 3553 1761 3606 καὶ

184 3652 286 3704 νῦν
313 3653 348 3720 ἡ
393 3649 546 3713 τάξις
573 3649 680 3702 τῶν
711 3648 993 3718 φυομένων
1026 3649 1290 3719 μαρτυρεῖ
1318 3649 1384 3718 τῇ
1417 3645 1607 3718 πρώτῃ
1647 3644 1761 3697 δια-

185 3743 484 3812 κοσμήσει.
516 3740 581 3793 Ἥ
600 3739 707 3810 γὰρ
736 3737 1026 3809 βλάστησις
1050 3737 1368 3808 καθηγεῖται
1397 3735 1576 3806 πάσης
1606 3733 1762 3805 βοτά-

185 3853 287 3907 νης
316 3875 331 3896 ,
392 3835 488 3886 καὶ
515 3833 694 3904 πάσης
732 3833 901 3896 πόας·
935 3831 1142 3894 νοτίδας
1179 3830 1287 3900 γὰρ
1325 3829 1648 3900 συμμέτρως
1673 3829 1762 3882 καὶ

189 3929 407 4001 θερμὴν
440 3926 667 3998 ἐχούσης
693 3925 791 3996 τῆς
814 3925 938 3996 γῆς,
959 3924 1020 3978 τὸ
1047 3923 1265 3994 σπέρμα
1295 3925 1373 3986 εἰς
1395 3921 1561 3993 αὑτὴν
1596 3938 1761 3975 κατα-

190 4023 472 4082 ϐάλλεται,
516 4020 610 4073 καὶ
653 4017 858 4088 γίνεται
898 4015 1094 4087 χαῦνον
1127 4015 1221 4068 καὶ
1273 4013 1628 4085 πολύσπορον,
1668 4012 1762 4066 καὶ

188 4117 291 4186 τῆς
321 4113 450 4184 περὶ
471 4110 612 4165 ἀὑτὸ
649 4110 753 4180 γῆς
799 4108 1097 4180 ἀρξάμενον
1129 4107 1264 4178 πρὸς
1293 4105 1424 4160 αὑτὸ
1467 4106 1762 4158 ἐπισπᾶται

189 4207 260 4259 τὰ
289 4206 466 4258 οίκεῖα
511 4202 605 4255 καὶ
638 4200 909 4272 σύμφυλα,
940 4200 1030 4252 καὶ
1060 4197 1402 4268 πιαινόμενον
1442 4197 1533 4249 ἐπὶ
1581 4195 1762 4248 πλεῖον

191 4295 556 4350 πλατύνεται·
586 4293 724 4346 ὥστε
770 4290 1045 4363 ῥιζοῦσθαι
1079 4290 1175 4361 μὲν
1220 4291 1299 4353 είς
1329 4288 1390 4342 τὸ
1431 4289 1598 4352 κάτω,
1630 4303 1763 4358 προ-

190 4389 427 4442 κύπτειν
453 4385 509 4437 δὲ
541 4387 620 4447 είς
653 4383 714 4436 τὸ
759 4383 898 4446 ἄνω,
940 4383 1036 4436 καὶ
1076 4381 1391 4454 ἰσαρίθμους
1429 4381 1549 4443 ταῖς
1590 4379 1764 4451 ῥίζαις

1857 3200 2014 3240 suum
2072 3184 2370 3258 lignumque
2409 3187 2740 3258 fructiferum
2769 3189 2967 3258 faciem
2997 3191 3248 3261 fructum,
3277 3192 3428 3262 cujus

1859 3292 2030 3331 semen
2076 3277 2133 3330 in
2183 3280 2538 3347 semetipso';
2581 3286 2637 3334 et
2681 3279 2749 3334 ad
2791 3281 2906 3337 hac
2955 3289 3195 3352 tempora
3239 3299 3428 3340 eorum

1857 3384 1981 3439 quae
2011 3370 2309 3440 gignuntur
2335 3386 2366 3426 e
2391 3377 2536 3426 terra
2567 3373 2758 3439 series,
2791 3389 3039 3444 quaenam
3070 3376 3232 3430 fuerit
3259 3378 3429 3447 prima

1859 3477 2044 3517 rerum
2095 3463 2374 3518 distinctio
2418 3463 2731 3536 descripta,
2781 3467 3037 3522 declarat.
3095 3467 3430 3525 Germinatio

1860 3569 2098 3626 namque
2127 3556 2370 3626 qualibet
2397 3556 2565 3612 herba
2599 3559 2892 3630 plantaque
2921 3561 3070 3630 prior
3095 3570 3198 3615 est.
3233 3560 3427 3617 Semen

1860 3648 2030 3710 enim,
2070 3647 2162 3702 ubi
2195 3658 2340 3703 terra
2369 3649 2498 3703 illud
2530 3651 2736 3719 gremio
2772 3652 3046 3708 moderate
3075 3652 3298 3707 humido
3331 3669 3426 3707 ca-

1862 3739 2082 3810 lidoque
2127 3755 2378 3810 Sparsum
2417 3756 2482 3795 ac
2513 3741 2799 3797 subactum
2859 3744 3101 3813 excepit,
3162 3745 3426 3814 mollitur,

1865 3829 2028 3902 fitque
2056 3831 2122 3886 ad
2149 3847 2236 3887 res
2261 3831 2478 3888 abunde
2507 3835 2805 3904 gignendas
2833 3835 3088 3891 idoneum
3128 3855 3140 3889 :
3173 3837 3297 3893 hinc
3319 3838 3433 3905 pri-

1861 3938 2010 3978 mum
2053 3932 2249 3979 eterra
2278 3941 2396 3994 qua:
2427 3927 2614 3991 ambit,
2651 3929 2822 3998 magis
2861 3929 2961 3982 sibi
3005 3937 3198 3982 natura
3229 3945 3431 4000 cogna-

1862 4025 1976 4070 tum
2005 4026 2166 4088 atque
2194 4016 2350 4073 aliine
2381 4019 2625 4083 attrahit,
2657 4035 2766 4089 quo
2812 4020 3215 4090 pinguefactum
3266 4023 3428 4080 latius

1863 4108 2194 4174 extenditur,
2237 4109 2312 4164 ita
2364 4117 2421 4164 ut
2472 4111 2578 4165 ima
2636 4113 2762 4167 sede
2808 4113 3084 4189 radicibus
3132 4114 3428 4186 defigatur,

1866 4210 2118 4272 erumpat
2173 4201 2442 4272 superiori
2486 4203 2720 4275 edatque
2769 4205 3044 4262 radicibus
3106 4222 3267 4277 pares
3326 4225 3427 4264 nu-

1865 4308 2018 4348 mero
2067 4293 2318 4364 stipulas.
2365 4294 2618 4352 Germine
2669 4297 2725 4352 in
2767 4298 2886 4354 dies
2937 4300 3263 4367 calescente,
3328 4302 3430 4356 hu-

1865 4400 1986 4439 mor
2050 4401 2146 4457 per
2205 4385 2417 4442 radices
2462 4389 2768 4455 adductus,
2824 4407 2931 4445 una
2996 4407 3180 4447 secum
3254 4395 3430 4449 medio

189 4482 325 4542 τοὺς
355 4477 632 4548 καλάμους
659 4475 1071 4547 προϐάλλεσθαι.
1103 4473 1448 4544 Θαλπομένου
1474 4473 1530 4526 δὲ
1559 4473 1642 4526 ἀεὶ
1666 4471 1756 4524 τοῦ

1871 4479 2051 4534 calore
2081 4495 2113 4535 e
2161 4488 2306 4535 terra
2357 4482 2532 4538 defert
2586 4483 2938 4548 alimentum,
2973 4486 3118 4554 quod
3162 4487 3215 4540 in
3265 4487 3432 4557 stipu-

194 4573 602 4643 βλαστήματος,
637 4569 906 4640 συρομένη
941 4567 1025 4620 διὰ
1060 4566 1166 4620 τῶν
1203 4566 1364 4637 ῥιζῶν
1399 4569 1431 4637 ἠ
1467 4566 1627 4629 νοτὶς,
1657 4564 1762 4618 ὑπὸ

191 4667 298 4737 τῆς
323 4664 531 4736 θέρμης
571 4662 929 4728 συνεπάγεται
975 4660 1073 4729 τῆς
1113 4659 1216 4728 γῆς
1243 4659 1302 4711 τὸ
1345 4658 1641 4729 τρόφιμονο
1671 4657 1764 4710 καὶ

193 4755 621 4826 καταμερίζεται
645 4752 800 4806 τοῦτο
828 4753 906 4814 είς
929 4749 1200 4819 καλάμην,
1217 4749 1310 4801 καὶ
1333 4748 1764 4816 φλοιὸν,καὶ·τάς

195 4847 372 4920 θῆκας
401 4846 494 4899 τοῦ
540 4846 706 4907 σίτου,
743 4843 839 4897 καὶ
878 4844 959 4906 είς
983 4840 1145 4895 αὑτὸν
1172 4840 1263 4892 τὸν
1305 4841 1448 4892 σῖτον
1467 4879 1481 4901 ,
1517 4839 1611 4893 καὶ
1641 4841 1765 4903 τοῦς

193 4939 512 5009 ἀνθέρικας.
549 4939 612 4990 Ἦ
653 4938 709 4991 δὲ
751 4935 971 5007 καλάμη
1002 4933 1095 4988 τοῦ
1141 4934 1286 4987 σίτου
1332 4931 1601 4996 κονδύλοις
1651 4932 1764 4986 δια-

197 5030 500 5094 ζώννυται,
536 5031 601 5083 ἵν’
629 5028 704 5092 ὡς
751 5025 1031 5096 σύνδεσμοί
1071 5042 1214 5089 τινες
1256 5024 1363 5078 τῶν
1413 5025 1658 5094 σταχύων
1707 5024 1766 5077 τὸ

199 5121 369 5193 βάρος
408 5123 664 5193 φέρωσιν.
713 5122 869 5173 Ἔστι
906 5119 962 5171 δὲ
1003 5119 1096 5171 καὶ
1137 5120 1171 5188 ἡ
1221 5115 1438 5188 καλάμη
1483 5116 1723 5177 διάκενος
1750 5153 1763 5177 ,

198 5217 350 5275 ὅπως,¹
373 5215 512 5286 θήκη
534 5214 624 5268 τοῦ
647 5215 844 5267 κόκκου
861 5212 1102 5283 γένηται,
1129 5211 1265 5283 πρὸς
1289 5210 1351 5264 τὸ
1373 5209 1447 5281 μὴ
1469 5211 1579 5273 τοῖς
1607 5224 1768 5279 σπερ-

205 5308 454 5378 μολόγοις
490 5309 753 5380 ὑπάρχειν
778 5306 1189 5377 εὑδιάρπαστον.
1221 5305 1358 5367 Τοὺς
1389 5302 1446 5356 δὲ
1477 5301 1766 5374 άνθέρικας

202 5401 322 5454 ἀντὶ
354 5400 554 5454 ἀκίδων
588 5397 971 5470 προϐέϐληται,
996 5397 1084 5451 ἵνα
1109 5395 1215 5450 τῶν
1248 5395 1457 5468 μικρῶν
1492 5393 1643 5460 ζώων
1670 5394 1767 5458 τὰς

205 5487 409 5557 βλάϐας
443 5491 712 5563 εῐργωσιν.
757 5490 814 5542 '0
842 5488 897 5541 δὲ
942 5487 1141 5558 βρόμος
1170 5487 1236 5541 δι’
1265 5487 1387 5541 ὅλου
1415 5486 1568 5551 κενὸς
1610 5485 1769 5540 καθέ-

209 5595 403 5654 στηκεν
425 5622 441 5646 ,
489 5581 676 5653 ἐπειδὴ
718 5579 816 5651 τὴν
846 5578 1084 5650 κεφαλὴν
1133 5579 1194 5631 οὑ
1230 5578 1534 5650 βαρύνεται.
1572 5579 1681 5634 Καὶ
1721 5579 1766 5632 εί

280 5764 302 5796 ⁹
325 5763 454 5821 σαι.
494 5782 534 5826 ι,
567 5765 656 5819 Η.

527 5883 794 5944 Parnm.
828 5882 944 5943 Gn.
978 5879 1204 5948 XVIII.

1868 4571 2007 4634 lam,
2067 4571 2326 4626 corticem
2376 4573 2661 4635 frumenti,
2708 4573 2941 4633 thecam.
2981 4573 3157 4644 ipsum
3189 4574 3434 4631 frumen-

1867 4672 1980 4716 tum
2055 4674 2216 4733 atque
2289 4665 2487 4721 aristas
2559 4667 2812 4736 partitur.
2894 4665 3175 4722 Frumenti
3233 4670 3432 4739 stipula

1865 4755 2023 4809 nodis
2085 4756 2363 4826 cingitur,
2434 4765 2495 4812 ut
2561 4760 2726 4813 veluti
2803 4775 3090 4830 compages
3151 4762 3431 4830 spicarum

1867 4843 2080 4914 pondus
2110 4847 2438 4904 sustineant.
2481 4847 2748 4904 Praeterea
2780 4858 2834 4904 et
2867 4851 2983 4921 ipsa
3015 4852 3216 4922 stipula
3257 4866 3429 4906 vacua

1865 4942 1972 5002 est,
1996 4944 2056 4991 ut
2084 4953 2313 5007 granum
2347 4941 2746 5010 receptaculum
2779 4943 2996 5008 habeat,
3025 4960 3092 4998 ne
3132 4943 3424 5014 frugilegoo

1865 5049 1987 5089 rum
2011 5035 2204 5104 prada:
2224 5031 2382 5088 facile
2411 5034 2481 5088 sit
2496 5035 2821 5104 expositum.
2851 5044 2904 5091 et
2933 5044 3120 5090 contra
3155 5037 3428 5092 minorum

1867 5127 2181 5181 animalium
2229 5141 2446 5181 morsus
2473 5127 2718 5180 munitur
2742 5144 2839 5196 pro
2877 5129 3102 5198 spiculis
3136 5129 3278 5184 vallo
3321 5129 3431 5182 ari-

1867 5230 2095 5277 starum.
2129 5219 2330 5276 Verum
2360 5235 2529 5276 avena
2557 5228 2669 5276 tota
2693 5222 2872 5278 inanis
2894 5223 3159 5286 cernitur,
3188 5239 3311 5278 cum
3337 5239 3432 5278 ea-

1867 5313 1977 5385 pite
2007 5329 2115 5368 non
2150 5323 2450 5384 gravescat.
2483 5311 2546 5366 Et
2568 5314 2614 5368 si
2637 5329 2761 5368 cum
2816 5315 3115 5370 esculentis
3143 5315 3306 5370 simul
3336 5331 3430 5370 ve-

1869 5420 2010 5459 nena
2036 5412 2162 5458 nata
2192 5406 2580 5475 comperimus,
2613 5407 2774 5476 quale
2797 5414 2882 5462 est
2906 5414 3204 5470 veratrum,
3236 5411 3423 5463 aconi-

1867 5504 2003 5560 tum,
2051 5495 2463 5570 mandragoras,
2497 5505 2550 5552 et
2611 5513 2812 5553 succus
2868 5501 3176 5569 papaveris,
3217 5501 3427 5555 nullum

1866 5596 2046 5644 tamen
2077 5587 2270 5644 hormn
2300 5604 2760 5659 supervacaneum
2801 5597 2906 5658 est,
2952 5590 3045 5649 sed
3079 5609 3236 5648 suum
3268 5609 3427 5650 usum

3075 5882 3154 5942 23
