3962 6202
268 275 369 330 717

1205 275 1472 333 SPURIA.
1507 308 1575 318 —
1607 273 1960 333 COMMENT.
1999 273 2068 328 IN
2107 271 2597 331 HEXAEMEBON.

3372 285 3476 340 7l8

262 396 430 470 σοφίᾳ
461 395 490 450 6
517 395 646 461 Θεὸς
697 397 1070 471 διεκόσμησεν.
1112 401 1207 453 Ἕν
1235 402 1342 472 γὰρ
1386 401 1558 472 ὕδωρ,
1608 399 1696 453 διὰ
1723 401 1802 471 τῆς

1921 405 1975 453 ει
2004 398 2057 450 in
2088 398 2220 468 ipsis
2247 395 2496 452 dulcibus
2519 395 2806 460 fructibus,
2859 398 2993 452 mira
3017 407 3098 454 est
3130 401 3478 472 pinguediuis

265 487 426 561 ῥίζης
454 488 742 561 φερόμενον
774 491 806 563 ἧ
835 492 1138 564 ἑλκόμενον,
1179 493 1350 556 ἄλλως
1398 492 1494 564 μὲν
1537 492 1723 564 τρέφει
1755 493 1815 548 16

266 579 532 650 στέλεχος,
557 579 730 645 ἄλλως
768 583 868 652 τὴν
903 583 1238 656 ἐντεριώνην,
1283 584 1456 648 ἄλλως
1481 583 1570 638 τὸν
1615 584 1813 653 φλοιὸν,

262 669 437 733 ἄλλως
460 670 521 722 16
555 670 726 735 ξύλον,
749 671 922 736 ἄλλως
946 672 1043 744 τὴν
1080 674 1231 744 ῥίζαν
1263 674 1428 745 αὑτήν
1448 691 1461 704 ·
1501 675 1594 728 καὶ
1622 677 1685 728 ἐκ
1718 675 1815 744 τῆς

261 762 430 831 αὐτῆς
449 762 648 826 νοτίδος
673 765 730 815 ἐν
761 763 858 834 μὲν
889 767 952 836 τῇ
984 765 1211 836 ἀμπέλῳ
1243 761 1382 829 οἶνος
1403 765 1730 830 συνίσταται,
1758 768 1816 820 ἐν

257 852 315 904 δὲ
347 855 410 923 τῇ
439 852 591 924 ἐλαίᾳ
619 853 810 919 ἔλαιον,
843 856 936 908 καὶ
959 857 1015 909 ὲν
1043 856 1185 926 ἄλλῳ
1224 856 1367 911 ἄλλο.
1413 858 1521 910 Καὶ
1549 859 1605 909 ἐν
1637 858 1818 920 αὐτοῖς

257 945 370 1006 τοῖς
418 943 638 1012 γλυκέσι
684 947 913 1016 καρποῖς
953 946 1228 1016 ἀμύθητος
1271 949 1302 1017 ἡ
1355 946 1671 1016 παραλλαγὴ
1719 947 1817 1017 τῆς

257 1034 540 1104 πιότητος’
571 1034 699 1088 ἄλλο
723 1035 830 1107 γὰρ
853 1037 914 1089 16
942 1038 999 1089 ἐν
1025 1038 1249 1108 ἀμπέλῳ
1269 1039 1458 1106 γλυκὺ,
1483 1038 1576 1091 καὶ
1606 1037 1729 1092 ἄλλο
1755 1039 1810 1093 ἐν

259 1126 457 1197 μηλέᾳ,
481 1127 574 1179 καὶ
604 1127 661 1179 ἐν
692 1131 828 1199 συκῇ
861 1131 953 1183 καὶ
982 1129 1058 1200 τῷ
1089 1129 1287 1200 φοίνικι
1310 1129 1512 1202 ἕτερον.
1539 1130 1648 1184 Kal.
1673 1129 1810 1184 αὐτά

254 1214 319 1268 δὲ
347 1216 456 1270 τῶν
500 1217 726 1290 δένδρων
756 1220 982 1294 διάφορά
1012 1223 1126 1275 ἐστι
1165 1222 1233 1275 τὰ
1265 1223 1500 1294 δάκρυα⁶
1549 1222 1675 1276 ἄλλο
1702 1223 1808 1296 7&9

1920 493 2176 554 varietas,
2209 489 2350 546 aliud
2379 505 2615 560 namque
2665 490 2820 545 dulce
2850 499 2932 545 est
2963 493 3106 562 quod
3140 494 3192 546 in
3226 497 3336 549 vite
3375 512 3476 564 gu—

1921 592 2116 647 statur,
2145 583 2290 637 aliud
2313 583 2366 636 in
2386 597 2566 651 pomo,
2603 581 2749 634 aliud
2779 582 2833 636 in
2864 583 2986 646 licu,
3016 585 3244 654 aliud,in
3271 588 3473 654 palma.

1914 674 2042 730 Item
2086 675 2246 728 varias
2273 682 2399 730 sunt
2421 681 2472 728 et
2502 676 2757 728 arborum
2789 674 3058 744 lacrymaa,
3083 677 3282 730 etenim
3327 678 3475 732 aliud

1914 776 1997 822 est
2041 767 2252 821 lentisci
2308 766 2567 836 lacryma,
2627 765 2771 819 aliud
2830 765 3053 819 balsami
3112 781 3332 832 succus,
3379 769 3474 837 qui

1914 861 2153 915 omnium
2191 865 2583 928 unguentorum
2610 858 3084 926 praestantissimus
3112 869 3216 927 est,
3245 860 3474 929 ejusque

1916 951 2058 1022 apud
2101 949 2354 1006 Hiericho
2413 948 2718 1019 largissima
2782 939 2955 1019 copia.
3007 949 3278 1020 Indigenis
3336 951 3469 1006 illud

1916 1049 2076 1096 acuto
2101 1040 2272 1111 lapide
2299 1056 2364 1095 ex
2387 1039 2620 1094 surculis
2653 1040 2984 1106 secantibus,
3045 1056 3246 1097 succus
3279 1041 3463 1096 effluit.

1915 1132 1958 1187 T
1965 1133 2162 1188 radunt
2195 1131 2412 1202 quidam
2445 1138 2498 1186 et
2531 1132 2809 1186 succinum
2839 1132 3142 1200 plantarum
3177 1148 3298 1188 esse
3342 1148 3468 1187 suc-

1915 1240 2064 1290 cum,
2096 1230 2188 1296 qul
2225 1224 2277 1278 in
2309 1230 2558 1277 naturam
2591 1222 2786 1293 lapidis
2811 1232 3146 1277 concrescat.

255 1305 359 1376 τῆς
388 1305 562 1376 σχίνου
594 1309 655 1361 16
685 1308 934 1382 δάκρυον,
978 1312 1070 1364 καὶ
1116 1311 1272 1376 ἄλλος
1320 1315 1348 1366 6
1392 1313 1488 1383 τῆς
1540 1312 1813 1384 βαλσάμου
1867 1314 2018 1378 ὀπὸς,
2053 1315 2188 1385 ὅπερ
2227 1312 2441 1366 πάντων
2485 1311 2592 1363 τῶν
2653 1311 2835 1383 μύρων
2883 1313 3114 1384 ὑπάρχει
3167 1315 3463 1383 κάλλιστον,

253 1403 352 1470 καὶ
385 1403 662 1468 πλεονάζει
711 1406 802 1458 ἐπὶ
828 1406 925 1477 τῆς
957 1405 1164 1477 Ἰεριχὼ
1194 1408 1496 1478 γενόμενον.
1545 1409 1858 1480 Τεμνόντων
1882 1410 1938 1462 δὲ
1977 1409 2106 1463 αὐτὸ
2136 1413 2198 1463 ἐκ
2237 1407 2342 1460 τῶν
2403 1405 2619 1476 θάμνων
2665 1406 2793 1478 λίθῳ
2825 1405 2936 1471 ὀξεῖ
2982 1407 3088 1461 τῶν
3138 1411 3462 1482 ἐπιχωρίων,

250 1496 387 1560 ὀπὸς
431 1498 736 1570 ἀναποδοίη.
776 1500 1064 1572 Ἰστοροῦσι
1097 1502 1151 1554 δέ
1191 1520 1334 1567 τινες
1362 1504 1454 1556 καὶ
1486 1503 1546 1556 16
1577 1503 1834 1577 ἡλεκτρον
1884 1505 2013 1558 όπὸν
2072 1501 2209 1557 εἶναι
2251 1501 2429 1572 φυτῶν
2453 1543 2468 1568 ,
2516 1503 2593 1564 είς
2643 1502 2801 1570 φύσιν
2867 1503 3011 1556 λίθου
3045 1507 3462 1577 μεταπηγνύμε-

249 1607 365 1645 νον.

323 1681 380 1737 4.
420 1683 497 1754 Τῇ
534 1682 589 1737 δὲ
618 1684 851 1758 τετάρτῃ
894 1685 1073 1758 ἡμέρᾳ
1111 1687 1139 1740 6
1168 1687 1298 1750 Θεὸς
1341 1687 1479 1755 τοὺς
1513 1685 1802 1758 μεγάλους

1983 1683 2037 1736 4.
2073 1678 2276 1746 Quarto
2299 1679 2385 1733 die
2409 1677 2550 1733 Deus
2575 1676 2679 1730 duo
2717 1678 3000 1732 luminaria
3033 1696 3223 1752 magna
3267 1689 3457 1742 creavit

247 1770 361 1825 δύο
392 1770 703 1840 φωστῆρας
731 1772 1218 1843 ἐδημιούργησεν,
1253 1772 1427 1841 ἥλιόν
1472 1791 1535 1828 τε
1572 1773 1669 1827 καὶ
1711 1789 1811 1826 σε·

245 1863 452 1931 λήνην
475 1865 543 1918 ὲν
567 1864 648 1931 τῷ
675 1865 1026 1934 στερεώματι
1050 1865 1155 1919 τοῦ
1179 1866 1454 1934 οὐρανοῦ,
1472 1869 1556 1932 εἰς
1587 1867 1811 1935 φαῦσιν

247 1957 352 2010 ἐπὶ
387 1957 493 2027 τῆς
526 1956 656 2028 γῆς,
689 1958 794 2013 τοῦ
821 1956 1176 2028 διαχωρίζειν
1207 1958 1510 2028 ἀναμέσον
1538 1957 1644 2026 τῆς
1666 1958 1807 2028 ἠμέ-

237 2066 364 2117 ρας
392 2049 488 2103 καί
518 2049 822 2120 ἀναμέσον
857 2050 967 2119 τῆς
1001 2051 1235 2117 νυκτός.
1277 2049 1446 2105 Τοῦτο
1485 2048 1546 2104 16
1590 2049 1809 2123 ἡλιακὸν

249 2142 391 2210 φῶς,
418 2143 598 2214 δχημα
649 2144 838 2214 ἐκείνῳ
896 2143 973 2213 τῷ
1015 2143 1154 2212 φωτὶ
1192 2143 1268 2215 τῷ
1315 2142 1637 2214 πρωτογόνῳ
1675 2161 1809 2216 παρ-

242 2233 595 2290 εσκεύασται.
638 2235 726 2298 Ὠς
747 2233 853 2305 γὰρ
884 2233 1008 2288 ἄλλο
1037 2233 1094 2287 τδ
1117 2233 1245 2304 πῦρ,
1277 2233 1368 2288 καὶ
1396 2236 1424 2287 6
1441 2234 1628 2305 λύχνος
1650 2235 1803 2290 ἄλλο⁸

240 2325 308 2379 τὺ
342 2326 441 2396 μὲν
473 2325 580 2398 γὰρ
612 2326 707 2398 τὴν
728 2324 822 2380 τοῦ
847 2326 1098 2395 φωτίζειν
1134 2325 1356 2396 δύναμιν
1385 2326 1514 2396 ἔχει,
1541 2326 1601 2381 16
1624 2326 1680 2380 δὲ
1709 2329 1807 2401 τὴν

238 2417 345 2471 τοῦ
378 2417 733 2488 παραφαίνειν
774 2420 884 2480 τοῖς
922 2415 1237 2488 χρῄζουσιν·
1270 2417 1364 2470 καὶ
1401 2417 1475 2482 ὡς
1524 2417 1708 2490 ἔτερόν
1754 2437 1804 2473 τι

237 2511 276 2582 ἡ
309 2508 588 2580 λευκότης,
622 2508 803 2579 ἓτερον
831 2507 888 2561 δὲ
923 2508 984 2562 τὸ
1020 2507 1436 2580 λελευκασμένον
1463 2509 1640 2580 σῶμα,
1667 2510 1806 2564 οὕτω

240 2601 347 2655 καὶ
369 2599 541 2654 ταῦτα
567 2599 794 2670 διάφορα
816 2600 943 2654 ὄντα
970 2602 1036 2671 τῇ
1063 2600 1218 2670 φύσει
1242 2602 1471 2671 ἧνωνται
1495 2605 1558 2673 τῇ
1584 2602 1804 2672 δυνάμει

237 2692 344 2747 τοῦ
367 2692 662 2756 κτίσαντος.
678 2692 786 2745 Kal
815 2692 997 2763 μηδεὶς
1020 2693 1214 2767 νομίσῃ
1229 2693 1420 2747 ταυτὸν
1441 2693 1650 2766 ἡμέραν
1666 2690 1804 2748 εἶναι

239 2788 344 2841 καὶ
366 2785 535 2857 ἥλιον.
559 2785 780 2857 Πρῶτον
805 2784 903 2856 μὲν
927 2784 1034 2856 γὰρ
1059 2787 1088 2838 ό
1110 2785 1434 2857 δημιουργὸς
1460 2785 1661 2840 ἁπλοῦν
1689 2787 1803 2856 φῶς

235 2877 668 2942 κατεσκεύασεν,
698 2877 726 2930 ὃ
749 2879 811 2951 δὴ
844 2880 939 2933 καὶ
963 2877 1171 2950 ἡμέραν
1194 2877 1468 2943 ἐκάλεσεν,
1497 2878 1683 2932 ἔπειτα
1709 2877 1801 2931 τὸν

232 2972 396 3042 ἥλιον
433 2972 495 3023 ἐκ
521 2969 613 3024 τοῦ
640 2971 808 3043 πυρὸς
834 2971 927 3024 καὶ
966 2970 1140 3040 φωτὸς
1171 2970 1540 3040 συγκείμενον.
1578 2971 1665 3033 Ὠς
1693 2970 1801 3041 7&9

1909 1771 2070 1826 solem
2115 1779 2161 1824 el
2189 1770 2365 1823 lunam
2395 1771 2447 1823 in
2483 1771 2810 1838 ﬁrmamento
2844 1771 2976 1832 cceli,
3018 1782 3073 1825 ut
3117 1775 3342 1832 lacerent
3373 1797 3463 1835 su-

1906 1880 1997 1934 per
2031 1872 2225 1916 terram
2277 1860 2344 1914 ad
2390 1861 2720 1914 dividendum
2759 1860 2893 1914 diem
2932 1871 2980 1914 et
3015 1871 3212 1918 noctem
3236 1867 3299 1921 “.
3346 1867 3462 1926 Hoc

1907 1956 2039 2011 solis
2065 1955 2247 2009 lumen
2280 1953 2528 2022 utprimo
2559 1953 2635 2007 illi
2687 1964 2813 2008 nato
2839 1954 3026 2008 lumini
3055 1958 3207 2024 quasi
3245 1961 3461 2016 vehicu-

1906 2050 2016 2104 lum
2043 2047 2360 2110 deserviret,
2389 2045 2693 2100 ordinatum
2734 2053 2836 2100 est.
2865 2045 3071 2099 Etenim
3115 2050 3281 2105 veluti
3313 2053 3460 2108 aliud

1904 2147 1988 2196 est
2021 2138 2182 2209 ignis,
2206 2143 2261 2191 et
2302 2138 2520 2190 lucerna
2545 2135 2709 2200 aliud,
2734 2135 2822 2191 hic
2840 2137 2983 2190 enim
3015 2139 3120 2192 vim
3141 2139 3299 2195 habet
3333 2143 3459 2198 illu-

1905 2228 2170 2292 minamli,
2203 2227 2294 2280 illa
2312 2226 2594 2296 egentibus
2616 2226 2794 2281 lumen
2820 2225 3134 2296 prazferendi
3159 2247 3171 2294 ;
3197 2239 3249 2284 et
3273 2246 3461 2300 quem-

1905 2321 2190 2377 admodum
2221 2319 2366 2373 aliud
2397 2327 2480 2373 cst
2513 2317 2716 2372 candor
2773 2327 2828 2373 et
2861 2317 3005 2373 aliud
3041 2334 3239 2390 corpus
3283 2323 3460 2378 candi-

1904 2418 2052 2480 dum,
2073 2418 2151 2472 sic
2180 2424 2232 2472 et
2259 2416 2394 2480 lucc,
2422 2416 2666 2486 quamvis
2694 2413 2920 2468 diversae
2949 2423 3155 2468 natura:
3186 2415 3459 2474 Creatoris

1903 2510 2133 2565 facultas
2150 2510 2201 2563 in
2220 2524 2386 2563 unum
2409 2507 2656 2578 copulata
2679 2505 2977 2574 conjunxit.
3001 2505 3209 2562 Etcave
3221 2524 3287 2562 ne
3305 2520 3458 2578 putes

1903 2602 2046 2658 idem
2072 2617 2193 2657 esse
2239 2601 2380 2656 diem
2437 2608 2492 2655 et
2541 2599 2730 2654 solem.
2789 2596 3030 2652 Primum
3090 2599 3233 2652 enim
3269 2598 3458 2670 Opifex

1902 2693 2131 2764 simplex
2187 2693 2368 2749 lumen
2424 2691 2684 2754 condidit,
2741 2689 2882 2760 quod
2938 2696 2990 2743 et
3039 2689 3179 2745 diem
3225 2693 3456 2756 vocavit,

1901 2785 2158 2855 deinceps
2205 2785 2376 2840 solem
2437 2800 2500 2839 ex
2557 2782 2760 2836 lumine
2799 2781 2975 2850 ignem
3012 2796 3131 2850 qua:
3185 2782 3458 2838 conflavit.

1901 2875 2366 2944 Quemadmodum
2396 2876 2540 2931 enim
2562 2882 2760 2929 terram
2802 2873 2971 2942 ipsam
3007 2873 3062 2928 in
3121 2889 3222 2929 suo
3254 2877 3460 2946 gremio

1900 2966 2077 3039 ignem
2109 2966 2310 3021 factum
2343 2965 2610 3021 foventem
2656 2965 2952 3030 cernimus,
2989 2964 3062 3018 ita
3087 2975 3141 3021 et
3170 2967 3336 3021 solem
3373 2969 3458 3022 lu~

233 3061 343 3133 τὴν
379 3061 482 3132 γῆν
523 3061 732 3133 ὁρῶμεν
759 3060 869 3133 πῦρ
916 3063 972 3115 ἐν
1001 3063 1111 3125 τοῖς
1157 3061 1396 3132 στέρνοις
1441 3062 1622 3125 αὐτοῖς
1649 3061 1800 3133 δεδη-

1903 3075 2028 3115 men
2061 3065 2384 3130 gestantem.
2411 3057 2545 3112 Cum
2575 3057 2719 3111 enim
2780 3057 2960 3111 lumen
3013 3064 3066 3110 et
3121 3058 3260 3128 ignis
3295 3059 3458 3115 simul

238 3171 479 3227 μιουργη
487 3153 644 3225 μένον
659 3153 780 3224 έχου
788 3171 905 3217 σαν,
921 3154 1059 3206 οὕτω
1076 3154 1167 3208 καὶ
1187 3154 1276 3208 τὸν
1293 3153 1440 3226 ἣλιον
1456 3153 1568 3224 φῶς
1590 3154 1798 3225 ἔχοντα·

237 3249 362 3317 φῶς
393 3247 501 3320 7&9
540 3247 788 3300 συνελθὸν
819 3246 956 3317 μετὰ
986 3246 1153 3317 πυρὸς
1180 3246 1270 3299 τὸν
1299 3246 1590 3317 φανότατον
1613 3246 1800 3317 ἐποίη-

237 3355 336 3392 σεν
362 3337 534 3408 ἥλιον.
572 3336 708 3390 Ἀλλ’
738 3336 865 3401 ἴσως
897 3337 1112 3408 ἀντερεῖ
1148 3351 1259 3399 τις⁸
1301 3335 1412 3389 Kal
1454 3335 1614 3390 πόθεν
1644 3335 1801 3389 τοῦτο

234 3429 420 3500 δῆλον,
466 3429 527 3482 οὐ
573 3428 904 3499 βλεπομένης
950 3428 1049 3496 τῆς
1080 3428 1423 3500 διαιρέσεως;
1466 3431 1564 3501 οὐχ
1607 3429 1802 3502 ὁρᾶται

236 3522 351 3595 γὰρ
383 3522 528 3585 ἰδίως
564 3521 658 3592 μὲν
688 3521 749 3574 16
794 3519 925 3590 φῶς,
964 3520 1106 3584 ίδίως
1134 3521 1190 3574 δὲ
1231 3521 1294 3574 τὸ
1347 3521 1476 3593 πῦρ.
1519 3521 1677 3576 Ἀλλὰ
1718 3540 1802 3592 7t-

237 3613 503 3667 νωσκέτω
523 3615 552 3666 6
581 3611 838 3676 τοιοῦτος.
873 3613 1014 3666 πόσα
1044 3612 1104 3665 τὸ
1135 3611 1245 3684 πῦρ
1281 3614 1336 3667 ἐν
1359 3612 1533 3684 ἑαυτῷ
1564 3614 1801 3686 προϐάλ-

235 3703 415 3767 λεται,
447 3702 641 3774 αὐγὴν,
682 3701 1014 3773 θερμότητα,
1058 3700 1350 3772 ξανθότητα
1371 3746 1384 3768 ,
1416 3701 1570 3756 ἆτινα
1599 3704 1798 3757 πανσό⁹

237 3809 358 3859 φως
383 3792 412 3844 6
435 3792 680 3862 τεχνίτης
709 3791 1036 3862 διαμερίζων
1053 3831 1068 3857 ,
1104 3790 1432 3862 ὑπεμφαίνει
1475 3792 1676 3846 τούτων
1703 3793 1799 3864 τὴν

239 3883 511 3938 σύνθεσιν.
541 3885 667 3937 Ὅτε
692 3883 800 3955 γὰρ
825 3883 964 3936 θέλει
987 3883 1248 3956 θερμᾶναι
1271 3885 1330 3938 τὸ
1352 3885 1506 3951 ζῶον,
1536 3885 1798 3956 λαμϐάνει

235 3974 336 4028 τοῦ
370 3975 538 4046 πυρὸς
559 3975 618 4028 τὸ
645 3975 861 4047 Θερμὸν,
895 3977 990 4030 καὶ
1019 3975 1078 4028 τὸ
1103 3975 1200 4046 μὲν
1225 3975 1422 4046 θερμὸν
1451 3977 1560 4048 ἔχει
1587 3977 1797 4040 τούτου,

233 4067 299 4120 16
342 4065 403 4119 δὲ
447 4066 561 4135 φῶς
599 4067 697 4120 οὐκ
739 4065 869 4136 ἔχει.
909 4066 1045 4120 Ἀλλ’
1079 4067 1337 4139 ἐμερίσθη
1371 4069 1428 4122 ὲν
1473 4068 1551 4139 τῷ
1598 4067 1720 4139 ζώῳ
1762 4073 1796 4140 ἡ

236 4158 421 4229 θέρμη
466 4159 570 4211 ἀπὸ
597 4155 690 4212 τοῦ
732 4157 985 4227 φέγγους,
1018 4157 1176 4211 πάλιν
1203 4157 1465 4229 λαμϐάνει
1495 4159 1556 4211 τὸ
1589 4158 1796 4225 ξανθόν.

238 4250 357 4304 Kal
391 4249 604 4322 ὁρῶμέν
639 4266 719 4303 τοι
743 4248 804 4302 16
842 4248 1048 4313 ξανθὸν,
1082 4250 1263 4303 οὐκέτι
1291 4250 1349 4303 δέ
1379 4251 1441 4303 16
1485 4249 1682 4323 θερμὸν
1707 4252 1800 4305 καὶ

238 4344 455 4412 φαῖνον.
483 4342 589 4394 Kal
618 4341 778 4395 πάλιν
809 4339 1128 4412 ἁπομερίζει
1177 4341 1276 4411 τὴν
1306 4340 1511 4413 θέρμην
1533 4383 1548 4406 ,
1593 4345 1685 4397 καὶ
1718 4343 1799 4396 δί-

1902 3151 1959 3205 in
2018 3165 2184 3204 unum
2220 3147 2641 3208 convenissent,
2695 3143 3170 3215 splendidissimus
3221 3148 3302 3202 sol
3331 3164 3457 3218 pro-

1902 3242 2099 3298 ductus
2133 3248 2236 3296 est.
2268 3238 2374 3293 Sed
2397 3238 2627 3292 fortasse
2657 3237 2853 3308 aliquis
2876 3237 3210 3292 contradicet
3237 3259 3249 3292 :
3284 3238 3460 3294 Unde-

1901 3333 2158 3388 namhoc
2190 3331 2537 3386 manifestum
2577 3336 2680 3394 est,
2713 3343 2836 3382 cum
2860 3330 3009 3382 nulla
3062 3330 3309 3384 videatur
3367 3330 3451 3384 di-

1901 3427 2079 3495 visio;
2155 3440 2332 3497 neque
2412 3423 2555 3480 enim
2611 3421 2793 3477 lumen
2852 3421 2921 3476 ab
2995 3422 3115 3491 igne
3165 3423 3454 3492 separatim

1905 3521 2263 3594 perscriptum
2317 3531 2494 3587 neque
2549 3515 2725 3586 ignem
2786 3528 2815 3567 a
2875 3513 3076 3568 lumine
3148 3515 3452 3584 scjunctum

1900 3613 2283 3684 conspicimus.
2362 3607 2562 3663 Verum
2612 3608 2660 3660 is
2724 3606 2862 3661 sciat
2921 3620 3162 3676 quaenam
3207 3607 3347 3677 ignis
3399 3609 3455 3662 in

1899 3709 2191 3778 semetipso
2253 3705 2566 3769 contineat,
2614 3701 2954 3772 Splendidum
3029 3702 3274 3769 scilicet,
3325 3703 3457 3758 call-

1897 3801 2046 3868 dum,
2077 3799 2298 3862 ﬂavum,
2319 3811 2440 3868 qua:
2468 3794 2866 3865 sapientissime
2884 3793 3074 3850 artifex
3100 3795 3453 3861 secernendo,

1897 3906 2083 3948 eorum
2118 3887 2565 3958 compositionem
2616 3883 2948 3941 manifestat.
2978 3885 3113 3941 Cum
3162 3890 3305 3944 enim
3339 3891 3457 3943 ani-

1897 3983 2025 4038 mali
2051 3981 2287 4037 calorem
2321 3979 2506 4034 indere
2535 3977 2706 4046 cupit,
2735 3976 2877 4046 ignis
2904 3977 3138 4032 calorem
3177 3981 3361 4044 sumit,
3402 3987 3456 4035 et

1898 4075 2133 4130 calorem
2171 4073 2337 4136 illius,
2380 4086 2490 4126 non
2535 4077 2715 4124 tamen
2749 4070 2931 4124 lumen
2973 4071 3233 4139 possidet.
3269 4072 3374 4125 Sed
3399 4071 3454 4126 in

1898 4166 2119 4220 animali
2167 4163 2316 4218 calor
2351 4178 2380 4215 a
2408 4161 2611 4216 lumine
2639 4160 2976 4232 sejungitur,
3035 4175 3227 4216 rursus
3256 4161 3453 4216 llavum

1899 4259 2146 4329 suscipit,
2181 4266 2236 4312 et
2281 4256 2475 4311 ﬂavum
2533 4256 2786 4325 quidem,
2827 4271 2934 4309 non
2997 4264 3174 4310 autem
3217 4256 3454 4312 calidum

1898 4350 2346 4423 Splendidumque
2386 4347 2651 4403 videmus.
2695 4347 2894 4402 lterum
2930 4348 3113 4402 calore
3153 4356 3453 4418 segregate,

235 4435 373 4488 δωσι
403 4433 569 4505 μόνην
602 4432 702 4506 τὴν
739 4433 930 4504 αὐγὴν,
962 4428 1070 4486 οἷον
1096 4432 1170 4495 ὡς
1215 4433 1358 4488 ἐστιν
1401 4434 1526 4487 ίδεῖν
1569 4434 1661 4487 ἐπὶ
1697 4436 1793 4504 τῆς

1902 4443 2236 4516 Splendorem
2271 4451 2480 4498 tantum
2510 4441 2751 4504 exhibet,
2807 4447 2866 4493 ut
2905 4439 3091 4494 videre
3145 4449 3228 4495 est
3271 4442 3324 4496 in
3354 4440 3454 4498 ful4

237 4524 558 4596 ἀστραπῆς,
608 4524 687 4577 ὅτι
737 4522 1087 4593 ἐκλάμπουσα
1133 4523 1288 4593 μόνον
1319 4523 1564 4593 φωτίζει,
1594 4525 1654 4577 οὑ
1689 4524 1793 4594 μὴν

231 4615 295 4669 δὲ
323 4616 419 4668 καὶ
447 4615 744 4688 θερμαίνει.
775 4616 848 4670 T6
873 4617 917 4670 δ’
943 4616 1071 4670 αὐτὸ
1091 4614 1433 4686 παράδειγμα
1462 4615 1555 4670 καὶ
1579 4616 1671 4669 ἐπὶ
1695 4616 1795 4686 τῆς

240 4708 470 4781 σελήνης
517 4709 836 4780 καθέστηκε.
884 4709 992 4762 Kal
1034 4709 1143 4780 7&9
1186 4707 1322 4779 αῦτη
1359 4708 1462 4761 ὑπὸ
1508 4707 1601 4761 τοῦ
1644 4707 1793 4779 ἡλίου

241 4799 582 4871 φωτιζομένη
629 4799 974 4871 φανερωτέρα
1022 4799 1262 4868 γίνεται,
1313 4798 1496 4871 ὥσπερ
1546 4799 1648 4852 ὑπὸ
1696 4800 1796 4870 τῆς

236 4892 454 4965 ἡμέρας
483 4895 512 4947 δ
554 4893 722 4963 ἥλιος.
759 4893 830 4946 Τὸ
861 4893 968 4964 γὰρ
1007 4893 1104 4963 τῆς
1155 4892 1379 4963 σελὴνης
1411 4887 1549 4955 εἶδος
1595 4891 1795 4963 ἀνθρα-

237 4986 448 5049 κοειδὲς
474 4986 752 5057 τυγχάνει,
782 4986 856 5048 ὡς
880 4985 1022 5038 ἐστιν
1068 4983 1193 5036 ίδεϊν
1225 4985 1318 5037 ἐπὶ
1344 4983 1440 5055 τῆς
1471 4983 1758 5054 ἐκλείψεως
1777 5001 1792 5016 ο

237 5081 464 5150 ἀπάρας
507 5079 614 5150 7&9
664 5079 758 5131 ἀπ’
800 5078 968 5149 αὐτῆς
1006 5077 1066 5133 16
1109 5079 1304 5133 οἰκεῖον
1346 5075 1546 5146 φέγγος
1572 5079 1601 5129 6
1648 5077 1794 5147 ἥλιος

242 5171 499 5242 ἀμαυρὰν
527 5171 691 5240 αὐτὴν
737 5170 1052 5238 καθίστησιο
1082 5167 1326 5237 φωτίζων
1348 5167 1405 5220 δὲ
1432 5167 1596 5238 αὐτὴν
1616 5207 1631 5232 ,
1663 5167 1796 5239 πλη-

246 5263 415 5332 σιφαῆ
477 5261 858 5333 ἀπεργάζεται.
933 5259 1246 5330 Ἑνδυομένη
1299 5257 1406 5329 γάρ
1441 5275 1556 5321 πως
1624 5256 1684 5310 16
1733 5260 1796 5328 ἡ·

244 5353 427 5408 λιακὸν
481 5353 595 5422 φῶς
638 5351 962 5424 φαιδροτέρα
1011 5350 1354 5404 καθίσταταιο
1395 5347 1487 5402 τὸν
1535 5347 1694 5420 αὑτὸν
1731 5348 1793 5420 δὴ

241 5443 441 5512 τρόπον
462 5443 556 5496 καὶ
585 5446 612 5497 6
639 5444 789 5514 ἥλιος
813 5484 827 5506 ,
866 5444 965 5514 τῆς
993 5444 1200 5514 ἡμέρας
1229 5441 1290 5495 16
1317 5439 1431 5511 φῶς
1463 5441 1790 5510 ἐνδυόμενος,

245 5531 613 5606 λαμπρότερος
661 5535 943 5605 τυγχάνει,
989 5533 1088 5605 τῆς
1139 5533 1347 5605 ἡμέρας
1400 5534 1610 5605 ἐκείνης
1659 5532 1791 5605 μήτε

319 5710 356 5742 ⁸⁸
388 5710 518 5769 Gen.
558 5728 595 5776 I,
631 5711 712 5767 16.

1898 4535 2066 4598 mine,
2092 4533 2235 4604 quod
2259 4533 2348 4586 ubi
2364 4530 2709 4588 scintillando
2729 4529 2990 4598 eruperit,
3020 4535 3230 4583 tantum
3248 4529 3452 4593 lumen,

1896 4643 2006 4682 non
2033 4633 2211 4681 autem
2237 4625 2472 4680 calorem
2526 4622 2816 4695 progignit.
2866 4619 3064 4674 Eodem
3121 4621 3366 4692 exemplo
3393 4632 3448 4676 ει

1895 4719 1951 4773 in
1990 4719 2116 4773 luna
2159 4717 2565 4773 demonstratur
2596 4715 2648 4770 id
2707 4714 2850 4785 quod
2905 4711 3139 4766 dicimus
3184 4713 3451 4784 ejusmodi

1897 4824 2036 4865 esse.
2068 4807 2193 4864 Haec
2228 4808 2426 4878 quippe
2467 4807 2598 4863 solis
2651 4807 2854 4862 lumine
2907 4807 3220 4862 collustrata
3256 4809 3451 4864 clarior

1897 4900 1957 4956 ῆι
1985 4943 2000 4968 ,
2034 4900 2482 4971 quemadmodum
2530 4906 2585 4953 et
2638 4898 2841 4953 lumine
2897 4897 3005 4953 diei
3053 4899 3153 4954 sol.
3185 4900 3466 4968 Aspec.us

1896 4993 2042 5048 enim
2065 4993 2206 5059 lunae
2242 4991 2435 5047 similis
2479 4997 2562 5045 est
2607 4991 2828 5045 carboni
2854 5029 2868 5052 ,
2894 4998 2954 5042 ut
2995 4989 3048 5042 in
3085 4989 3205 5058 ejus
3236 4989 3466 5050 defectu

1895 5084 2079 5138 videre
2099 5090 2181 5138 est
2215 5097 2227 5132 :
2261 5096 2384 5134 nam
2417 5081 2496 5134 sol
2517 5079 2608 5134 ubi
2639 5079 2706 5134 ab
2731 5095 2793 5134 ea
2815 5081 3090 5151 proprium
3124 5081 3302 5136 lumen
3349 5086 3470 5139 sub-

1896 5174 2146 5238 traxerit,
2194 5187 2311 5227 eam
2361 5171 2660 5237 obscurat;
2712 5173 2805 5226 ubi
2843 5173 3129 5227 illustrarit
3155 5181 3325 5227 totum
3373 5193 3468 5231 οι·-

1894 5266 2015 5321 bem
2044 5261 2335 5333 implendo,
2398 5261 2666 5316 accendit.
2731 5261 2964 5317 lnduens
3020 5278 3255 5334 namque
3302 5267 3468 5338 ἠω-

1896 5354 2182 5412 dammodo
2211 5353 2346 5408 solis
2379 5353 2582 5417 lumen.
2609 5353 2945 5423 splendidior
2974 5352 3033 5406 fit
3061 5372 3075 5420 ;
3102 5369 3209 5409 non
3233 5356 3339 5410 alia
3373 5374 3466 5412 ra~

1896 5450 2063 5512 tione,
2094 5454 2147 5501 et
2175 5447 2258 5499 sol
2290 5445 2472 5500 lumen
2535 5444 2642 5499 diei
2689 5447 3084 5517 circumseptus
3115 5448 3319 5504 clarior
3381 5461 3464 5507 est

1897 5549 1950 5597 et
1979 5537 2266 5603 illustrior,
2288 5535 2376 5592 die
2426 5535 2728 5609 illaneque
2775 5549 2985 5606 urente,
3039 5555 3215 5612 neque
3245 5541 3457 5613 calefa-
