3898 6196
597 322 701 379 719

1456 320 1513 375 S.
1553 314 1994 376 EUSTATHIUS
2030 314 2514 373 ANTIOCHENUS
2551 317 2944 379 EPISCOPUS.
3623 335 3701 393 720

595 445 788 511 ciente,
819 443 912 500 sed
942 450 1150 498 tantum
1199 442 1561 497 illuminante.
1621 440 1804 497 Solem
1860 449 2039 496 autem
2086 457 2154 495 ex

2257 437 2433 511 οὔσης.
2474 442 2607 512 μήτε
2645 443 2808 497 πάλιν
2834 444 3233 520 θερμαινοὺσης,
3265 448 3387 505 ἀλλά
3413 453 3547 524 μόνον
3579 471 3705 525 eum.

595 541 718 611 igne
736 535 1013 601 constitui,
1045 535 1180 590 illud
1234 544 1553 607 argumento
1604 543 1689 592 est
1721 534 1867 606 quod
1898 534 2153 590 incendat

595 638 649 686 Ci
674 636 898 684 torreat.

660 721 744 776 Ad
769 719 1103 776 dividendum
1147 719 1286 776 diem
1347 730 1397 775 et
1451 730 1672 785 noctem,
1735 720 1894 791 quasi
1928 719 2149 787 diceret,

593 814 762 871 solem
787 812 895 868 diei
934 812 1205 880 terminis,
1250 812 1435 867 lunam
1486 812 1664 868 noctis
1692 812 1942 879 inclusit;
1980 826 2154 882 neque

593 903 741 959 aliud
765 912 849 960 est
869 919 977 958 nox
1006 918 1167 974 quam
1200 912 1359 959 terra
1393 902 1605 967 umbra,
1649 903 1780 959 solis
1805 901 1987 958 radios
2010 910 2154 958 terra

594 998 921 1069 interpositu
953 1013 1054 1053 suo
1097 996 1397 1055 auferente.
1452 994 1522 1051 Ut
1546 995 1691 1052 enim
1720 996 1775 1051 in
1804 996 1910 1060 die,
1945 996 1990 1052 si
2031 994 2155 1065 quis

594 1090 777 1144 lumen
807 1088 1154 1154 intercludat,
1186 1090 1379 1145 umbra
1398 1087 1693 1144 eﬁ‘unditur
1716 1088 2007 1159 lumenque
2028 1104 2156 1144 eva-

592 1180 785 1248 nescit,
815 1179 896 1235 sic
918 1188 972 1235 et
993 1194 1099 1234 nox
1128 1194 1255 1235 aere
1284 1182 1431 1234 circa
1463 1186 1664 1234 terram
1689 1179 1930 1235 tenebris
1986 1178 2151 1234 obvo-

595 1274 731 1337 luto,
765 1270 1139 1337 constituitur,
1195 1278 1248 1326 et
1280 1271 1362 1326 sol
1415 1270 1560 1342 quod
1585 1286 1615 1325 a
1662 1270 1840 1342 primo
1873 1287 1985 1327 sua
2002 1286 2157 1327 crea~

594 1366 764 1422 tionis
782 1363 1006 1421 exordio
1030 1364 1213 1420 lumen
1242 1378 1273 1418 a
1322 1363 1581 1421 Creatore
1607 1363 1838 1435 accepit,
1875 1362 1931 1418 in
1958 1371 2157 1419 semet-

594 1459 713 1529 ipso
743 1458 1004 1513 continuo
1036 1463 1326 1512 conservat
1350 1455 1615 1519 abditum,
1648 1454 1795 1525 quod
1824 1456 1966 1510 luna
1988 1455 2156 1511 dene-

596 1556 779 1622 gntum
810 1558 912 1614 est,
942 1564 1063 1619 qua
1085 1548 1214 1611 illud
1235 1563 1378 1619 sape
1398 1543 1695 1603 crescendo
1715 1553 1770 1600 et
1792 1545 2156 1602 decrescendo

597 1643 814 1699 amittit.

673 1734 738 1789 Et
770 1736 875 1790 sint
904 1736 960 1789 in
995 1734 1148 1805 signa
1194 1740 1244 1787 et
1274 1732 1331 1786 in
1377 1741 1628 1802 tempora,
1682 1742 1729 1788 et
1760 1734 1814 1788 in
1858 1732 1995 1797 dies,
2026 1738 2075 1786 et
2103 1732 2157 1787 in

2250 531 2465 603 ζούσης.
2500 536 2619 589 Ὅτι
2649 535 2705 590 δὲ
2743 539 2805 590 ὲκ
2838 538 3007 609 πυρὸς
3030 537 3333 612 συνέστηκεν
3357 546 3382 597 ό
3415 544 3560 617 ἥλιος,
3589 548 3704 619 δῆλον

2250 625 2313 677 ἐκ
2335 625 2429 678 τοῦ
2465 627 2690 700 πυροῦν,
2728 630 2821 682 καὶ
2844 628 3074 698 φλέγειν.

2328 719 2439 773 Τοῦ
2493 719 2855 790 διαχωρίζὲιν
2902 724 3201 793 ἀναμέσων
3252 725 3355 795 τῆς
3401 728 3589 798 ἡμέρας
3641 733 3709 785 καὶ

2250 810 2554 879 ἁναμέσον
2586 811 2694 881 τῆς
2719 815 2958 881 νυκτός.
2986 813 3106 869 Οἷον
3151 818 3235 870 τὸν
3274 818 3410 889 ἥλιον
3438 821 3522 891 τῆς
3551 822 3713 894 ἡμέρας

2251 902 2361 963 τοῖς
2396 901 2612 973 μέτροις
2661 902 2848 969 ἔταξε,
2901 906 2994 958 καὶ⁸
3040 906 3135 978 τὴν
3181 907 3391 979 σελήνην
3435 910 3520 981 τῆς
3554 914 3713 976 νυκτός.

2255 993 2410 1047 Ἔστι
2438 994 2494 1046 δὲ
2526 996 2558 1065 ἡ
2608 993 2702 1060 νὺξ
2736 996 2972 1068 σκίασμα
3016 998 3113 1069 τῆς
3142 999 3268 1069 γῆς,
3322 1001 3715 1075 ἀποκρυπτομένου

2252 1083 2345 1137 τοῦ
2389 1083 2557 1155 ἡλίου.
2600 1086 2685 1150 Ὠς
2722 1088 2829 1159 γὰρ
2869 1090 2927 1140 ἐν
2981 1091 3049 1160 τῇ
3094 1091 3303 1163 ἡμέρᾳ,
3350 1093 3717 1165 ἀντιφράσσοντὸς

2252 1192 2415 1240 τινος,
2446 1176 2571 1231 σκιὰ
2595 1179 2819 1247 γίνεται,
2840 1181 2933 1234 καὶ
2957 1181 3021 1234 τὸ
3045 1181 3158 1250 φῶς
3182 1184 3570 1253 παρυφίσταται·
3592 1186 3719 1250 οὓτως

2254 1269 2289 1339 ἡ
2328 1268 2443 1335 νὺξ,
2484 1270 2834 1342 σκιαζομένου
2872 1270 2963 1327 τοῦ
2993 1273 3157 1345 ἀέρος
3191 1274 3279 1328 τοῦ
3327 1277 3443 1348 περὶ
3482 1279 3599 1351 γῆν,
3633 1297 3722 1333 ουν-

2258 1360 2483 1418 ίσταται.
2511 1365 2621 1419 Καὶ
2651 1368 2679 1419 ὁ
2711 1366 2807 1437 μὲν
2833 1366 3001 1439 ἥλιος,
3036 1369 3206 1442 ὅσπερ
3236 1368 3293 1435 ἐξ
3314 1370 3468 1442 ἀρχῆς
3492 1372 3588 1441 φῶς
3614 1376 3724 1446 παρὰ

2255 1451 2349 1505 τοῦ
2383 1454 2602 1527 ποιητοῦ
2631 1455 2837 1528 εἴληφε,
2858 1457 3013 1513 τοῦτο
3043 1459 3157 1531 ἔχει
3174 1460 3260 1515 διὰ
3286 1462 3467 1526 παντὸς
3485 1466 3724 1536 ἐγκεκρυμ-

2260 1547 2417 1616 μένον
2444 1550 2501 1603 ὲν
2541 1550 2720 1621 ἑαυτῷ
2740 1568 2753 1582 ·
2784 1553 2818 1622 ἡ
2858 1551 2914 1605 δὲ
2945 1552 3143 1625 σελήνη
3165 1554 3261 1625 οὐχ
3289 1554 3464 1621 οὕτως,
3494 1556 3605 1609 ἀλλά
3637 1573 3726 1610 συν-

2258 1637 2395 1710 εχῶς
2416 1640 2726 1707 ἀποδύεται,
2755 1642 3009 1709 αὔξουσα,
3044 1645 3140 1699 καὶ
3172 1647 3466 1718 μειουμένη.
3560 1688 3566 1693 .

2331 1732 2650 1788 Ἔστωσαν
2674 1733 2742 1788 δὲ
2778 1738 2867 1802 εἰς
2905 1736 3145 1807 σημεῖα,
3183 1738 3280 1792 καὶ
3309 1741 3391 1804 εις
3414 1737 3632 1808 καιροὺς,
3657 1739 3726 1791 και

599 1844 763 1884 annos
795 1829 861 1884 ¹⁸.
888 1801 1170 1897 Temporis
1216 1824 1295 1881 sol
1327 1833 1380 1880 et
1417 1801 1543 1881 luna
1568 1824 1723 1897 origo
1748 1832 1898 1880 sunt.
1949 1823 2158 1880 Etenim

2264 1825 2350 1890 εις
2372 1824 2615 1894 ἡμέρας,
2645 1828 2743 1881 και
2773 1801 2862 1896 ειξ
2888 1801 3221 1897 ένιὲιυτοῦς.
3251 1801 3441 1902 Χρόνον
3465 1801 3514 1884 δὲ
3530 1801 3645 1903 ἥλιος
3663 1832 3728 1884 καὶ

598 1921 729 1977 dum
780 1935 979 1976 cursus
1022 1918 1272 1973 ordinate
1326 1917 1593 1981 feruntur,
1633 1925 1812 1974 certos
1857 1926 2160 1988 temporum

598 2012 778 2068 exitus
828 2007 1085 2072 eﬂiciunt,
1120 2015 1454 2078 vocaturque
1497 2015 1713 2079 tempus
1738 2006 1957 2078 quando
1994 2006 2161 2061 veluti

598 2101 833 2175 quodam
886 2102 943 2157 in
991 2100 1200 2157 circulo
1256 2100 1481 2156 alternis
1546 2100 1793 2172 beneque
1848 2098 2162 2155 constitutis

600 2195 1045 2253 successionibus
1074 2192 1308 2249 volvitur
1359 2193 1594 2265 primum
1649 2192 1717 2249 ad
1762 2191 2084 2258 secundum,
2108 2196 2162 2247 et

599 2287 819 2343 tertium
842 2283 908 2342 ad
931 2284 983 2340 id
1011 2284 1153 2355 quod
1180 2283 1449 2355 sequitur.

667 2378 827 2444 illud,
856 2379 963 2434 sint
991 2377 1043 2432 in
1069 2376 1220 2447 signa
1243 2417 1265 2443 ,
1284 2375 1540 2447 quoniam
1567 2374 1843 2430 ineuntem
1872 2378 2163 2444 tempesta-

601 2479 710 2527 tem
737 2484 951 2542 semper
983 2467 1327 2540 signiﬁcant;
1371 2467 1545 2538 caligo
1592 2479 1828 2537 namque
1850 2463 1963 2521 aeri
1988 2462 2163 2519 otl'usa

602 2562 733 2637 solis
762 2559 942 2618 radios
957 2558 1391 2616 circumcludens
1418 2557 1599 2613 minus
1630 2554 1852 2611 luminis
1880 2553 2160 2627 relinquit,

601 2655 764 2712 veluti
800 2654 895 2726 qui
922 2652 1252 2709 carbonibus
1304 2651 1502 2707 similis
1552 2665 1747 2705 cruore
1785 2647 2042 2723 perfusus
2070 2665 2164 2704 ru-

604 2744 798 2809 bescit,
836 2758 961 2799 cum
1000 2756 1178 2797 aerem
1235 2740 1528 2810 vaporibus
1560 2748 1719 2796 teme
1768 2738 2163 2796 condensatum

602 2837 874 2893 discutere
924 2834 1329 2902 dissolvereque
1374 2841 1626 2903 nequeat.
1679 2830 1808 2887 lude
1866 2838 2162 2904 tempestas

606 2928 915 2986 ostenditur
944 2926 1158 2991 futura;
1187 2931 1241 2979 et
1293 2940 1417 2980 cum
1451 2940 1588 2995 quas
1617 2925 1807 2980 dicunt
1835 2940 1986 2979 areas
2013 2925 2163 2991 (sunt

602 3038 733 3078 vero
784 3022 1320 3091 circumscriptiones
1350 3017 1596 3089 quadam
1652 3016 1887 3072 rotundo
1933 3015 2159 3084 ambitu,

605 3116 747 3171 areis
781 3116 1007 3178 similes,
1040 3123 1093 3170 et
1119 3130 1184 3169 ex
1211 3113 1317 3167 hoc
1344 3127 1541 3166 nomen
1572 3109 1780 3181 adepta
1813 3109 1960 3179 sunt)
1994 3108 2161 3164 solem

604 3208 891 3270 cinxerint,
928 3215 1117 3261 ventos
1145 3205 1302 3261 nobis
1322 3205 1557 3259 innuunt
1586 3219 1759 3261 savos
1790 3218 1854 3258 ac
1877 3201 2165 3259 vehemen-

606 3308 721 3366 tes;
755 3313 854 3354 nec
885 3313 997 3354 non
1021 3305 1075 3352 et
1098 3298 1324 3353 anthelii
1354 3297 1553 3363 vocati,
1611 3296 1657 3352 si
1701 3311 1867 3352 cursu
1896 3295 2028 3351 solis
2057 3308 2165 3349 una

608 3392 870 3455 ferantur,
894 3404 1071 3446 aerem
1089 3389 1249 3445 nobis
1297 3390 1537 3445 futurum
1595 3390 1897 3444 maleﬁcum
1920 3402 2165 3459 pronun-

606 3483 780 3549 tiant;
810 3489 864 3538 et
911 3497 1105 3537 rursus
1135 3482 1180 3535 si
1206 3480 1370 3552 virga
1398 3481 1581 3537 colore
1637 3479 1798 3536 Iridis
1831 3479 1978 3535 circa
2006 3494 2168 3535 auro-

606 3592 723 3631 ram
758 3575 901 3631 inter
931 3576 1102 3630 nubes
1132 3574 1441 3645 conspicua
1476 3581 1792 3637 cernantur,
1829 3571 1914 3627 vel
1943 3571 2163 3637 imbres,

608 3669 689 3723 vel
720 3666 1185 3739 tempestates,-vel
1218 3674 1277 3720 ut
1303 3666 1594 3737 plurimum
1618 3665 1758 3720 aeris
1810 3664 2165 3721 mutationem

608 3763 963 3833 prasignant.

679 3850 830 3905 Luna
864 3851 910 3907 si
944 3850 1104 3907 tertio
1147 3848 1235 3905 die
1272 3850 1454 3906 tenuis
1506 3850 1764 3906 cornibus
1794 3864 2037 3921 puroque
2076 3848 2165 3904 ni-

610 3954 730 4001 tore
768 3944 1002 4010 fulserit,
1067 3946 1316 4001 stabilem
1374 3961 1439 4000 ac
1480 3947 1688 4000 ﬁrmam
1723 3944 2168 4016 tranquillitatem

612 4035 913 4108 promittit;
954 4034 1039 4090 sin
1079 4049 1206 4089 vero
1254 4048 1458 4089 cornua
1510 4033 1784 4089 crassiora
1838 4030 2171 4102 subrufaque

612 4130 732 4184 visa
768 4126 987 4192 fuerint,
1021 4141 1286 4197 aquarum
1319 4125 1661 4197 repentinum
1692 4127 1946 4197 impetum
1994 4124 2173 4180 borri-

615 4221 847 4290 damque
909 4226 1284 4290 tempestatem
1341 4216 1635 4288 portendit.
1686 4216 1932 4288 Suntque
1976 4217 2174 4273 instru-

614 4321 795 4369 menta
850 4320 1155 4382 temporum
1204 4310 1288 4367 sol
1337 4318 1390 4365 et
1434 4310 1601 4374 luna;
1652 4318 1888 4380 tempus,
1938 4309 2170 4375 dierum,

615 4404 906 4468 mensium,
957 4417 1257 4470 annorum;
1304 4401 1504 4464 sidera,
1561 4400 1852 4468 mensium,
1884 4401 2172 4469 seminum,

616 4498 894 4553 messium.

691 4585 1049 4657 Vergiliarum
1084 4596 1355 4649 exortum,
1390 4586 1588 4641 messis
1616 4585 2008 4659 vindemiaque
2034 4594 2175 4643 tem-

620 4693 723 4748 pus
749 4692 947 4733 occasu
972 4674 1518 4750 seminisdenuntiari
1546 4674 1771 4733 scimus.
1789 4675 2178 4747 Navigantibus

618 4762 933 4826 Plaustrum
956 4765 1108 4825 sidus
1136 4768 1278 4822 viam
1309 4767 1499 4837 aperit.
1530 4764 1701 4823 Locos
1726 4766 1869 4821 enim
1912 4766 2089 4825 sidera
2106 4769 2180 4824 si-

619 4864 879 4935 gniﬁcant
907 4870 963 4917 et
976 4861 1291 4918 ostendunt.
1312 4858 1447 4915 Ursa
1471 4858 1614 4914 enim
1631 4858 2047 4929 septentrionem
2075 4861 2185 4930 pla-

620 4971 742 5025 gam
768 4955 1030 5009 insinuat.
1047 4951 1405 5023 Vergiliarum
1428 4966 1555 5022 pars
1569 4951 1873 5005 acuminata
1904 4950 1970 5004 ad
1993 4951 2185 5006 Orien-

621 5058 727 5101 tem
755 5052 1029 5117 spectans,
1054 5043 1157 5099 hoc
1186 5044 1325 5097 idem
1348 5042 1613 5099 enuntiat.
1641 5040 1818 5111 Ipsius
1850 5043 1976 5096 item
2031 5039 2186 5097 Ursa

625 5137 771 5194 llexa
802 5152 996 5202 cornu,
1026 5146 1080 5193 et
1105 5136 1245 5191 luna
1270 5151 1398 5208 pars
1425 5150 1545 5207 quae
1566 5135 1887 5200 illustratur,
1912 5133 2186 5192 Orientem

629 5239 943 5299 pramonet.
965 5229 1273 5300 Antequam
1299 5244 1428 5284 vero
1444 5229 1558 5283 hac
1589 5228 1799 5292 ﬁerent,
1826 5237 2039 5299 tempus
2078 5243 2188 5282 non

632 5330 764 5388 erat,
798 5322 896 5378 sed
924 5322 1158 5393 spatium
1188 5330 1430 5390 alasque
1472 5319 1700 5374 nimium
1729 5335 1794 5375 ea
1828 5320 1983 5391 longa
2019 5325 2187 5374 extra-

632 5427 736 5480 que
759 5429 922 5470 onme
949 5423 1183 5486 tempus.
1218 5410 1284 5467 Et
1308 5412 1412 5468 hoc
1438 5412 1505 5467 de
1535 5412 1706 5483 signis
1735 5413 1941 5468 dictum
1975 5415 2069 5470 sit.

705 5586 971 5661 Tempora
1021 5609 1185 5663 porro
1244 5593 1521 5657 horarum,
1556 5592 1668 5647 sive
1717 5594 1978 5664 temporis
2021 5592 2193 5664 ipsius

710 5771 753 5805 “
783 5768 908 5825 Gen.
943 5786 981 5835 ι,
1013 5773 1096 5826 Η.

2263 1915 2459 1989 σελήνη
2496 1920 2658 1990 γεννᾷ
2689 1919 2897 1979 τοῦτον.
2932 1922 3252 1994 Ἐλκόμεναι
3281 1922 3572 1996 συμμέτρως
3590 1921 3669 1993 γὰρ
3689 1925 3725 1974 οξ

2261 2012 2424 2084 φοραὶ
2454 2013 2789 2086 τεταγμένας
2818 2014 2927 2069 τῶν
2966 2016 3174 2088 καιρῶν
3200 2017 3297 2082 τὰς
3334 2016 3522 2083 ἐξόδους
3543 2016 3725 2084 γεννῶσι.

2260 2100 2460 2173 Χρόνος
2490 2101 2546 2156 δὲ
2578 2103 2851 2170 καλεῖται,
2893 2105 3079 2177 ἐπειδὴ
3118 2106 3304 2179 ὥσπερ
3337 2107 3422 2161 ὲπί
3460 2124 3564 2161 τινα
3589 2105 3728 2159 κύκλον

2260 2190 2578 2265 ἐπαλλήλοις
2598 2194 2818 2249 εἱλεῖται
2845 2196 3135 2262 εὐτάκτοις
3152 2197 3429 2269 διαδοχαῖς,
3449 2198 3625 2271 πρῶτος
3638 2195 3730 2268 πρὸς

2258 2282 2526 2356 δεύτερον,
2554 2286 2649 2341 καὶ
2680 2287 2860 2360 τρίτος
2894 2288 3029 2363 πρὸς
3059 2289 3161 2343 τὸν
3194 2290 3335 2363 ἑξῆς.

2331 2376 2405 2430 Τὸ
2435 2376 2521 2444 δὲ,
2548 2377 2827 2437 ἔστωσαν
2854 2382 2942 2447 εἰς
2983 2382 3233 2451 σημεῖα,
3266 2382 3440 2454 ἐπειδὴ
3472 2382 3558 2455 τὴν
3587 2397 3730 2455 παρον-

2264 2466 2383 2523 σίαν
2402 2467 2497 2523 τοῦ
2542 2470 2807 2541 χειμῶνος
2832 2470 2919 2525 ἀεὶ
2955 2473 3442 2544 προσημαίνουσιν
3473 2474 3609 2546 ἀχλὺς
3641 2474 3727 2543 γὰρ,

2262 2558 2337 2631 τῷ
2362 2560 2486 2633 ἀέρι
2511 2563 2861 2636 ἐγγενομένη,
2890 2563 2984 2619 τοῦ
3015 2565 3176 2638 ἡλίου
3208 2566 3307 2633 τὰς
3324 2568 3524 2633 ἀκτῖνας
3545 2568 3727 2639 ἀμαυροὶ.

2262 2653 2357 2707 καὶ¹
2407 2652 2652 2724 φαίνεται
2701 2655 3053 2730 ἀνθρακώδης
3106 2659 3203 2714 καὶ
3257 2660 3507 2733 ὖφαιμος,
3538 2661 3596 2731 μὴ
3624 2657 3729 2711 Savi-

2266 2761 2422 2814 μενος
2442 2745 2532 2799 τὸν
2562 2745 2698 2818 ἀέρα
2734 2748 2798 2803 ὲκ
2819 2748 2926 2803 τῶν
2953 2750 3149 2823 ἀτμῶν
3170 2751 3270 2824 τῆς
3286 2753 3387 2823 γῆς
3406 2749 3729 2821 πεπυκνωμένον

2262 2835 2501 2910 διαχέαι·
2557 2841 2666 2893 κάκ
2710 2841 2898 2894 τούτου
2947 2848 3179 2915 σημεῖον
3221 2845 3470 2917 χειμῶνος
3514 2842 3726 2898 δείκνυται.

2265 2928 2431 2983 Ὅταν
2448 2929 2504 2984 δὲ
2535 2934 2591 2985 αἱ
2619 2932 2901 3004 λεγόμεναι
2932 2934 3057 2999 ἅλῳ
3095 2935 3436 3008 (στρογγύλαι
3458 2936 3507 2991 δὲ
3536 2936 3617 2990 eis!
3630 2948 3729 2994 τινες

2266 3022 2596 3092 περιγραφαὶ
2623 3022 2804 3093 ὅμοιαι
2842 3023 2985 3095 ἆλῳ,
3018 3025 3082 3078 ὲκ
3135 3026 3321 3080 τούτου
3356 3027 3453 3098 γὰρ
3479 3026 3615 3088 οὕτως
3645 3025 3729 3075 Em-

2189 3144 2233 3203 ο
2266 3112 2626 3185 νομάζονται)
2673 3114 2764 3169 τὸν
2795 3115 2944 3187 ἥλιον
2996 3120 3466 3191 περιστοιχίσωσι,
3517 3116 3728 3201 σφοδρότης

2264 3203 2370 3258 τῶν
2401 3205 2616 3277 ἀνέμων
2650 3208 2968 3279 σημαίνεται
2988 3227 3002 3241 °
3054 3213 3200 3266 ὲπάν
3223 3213 3279 3266 δὲ
3310 3212 3401 3267 καὶ
3427 3212 3470 3264 οἱ
3494 3209 3727 3279 καλούμενοι

2265 3295 2505 3367 ἀνθήλιοι
2551 3300 2617 3369 τῇ
2648 3298 2741 3352 τοῦ
2785 3301 2936 3372 ἡλίου
2969 3305 3116 3374 φορᾷ
3165 3305 3505 3377 συντρέχωσι,
3546 3316 3729 3372 συμπτω-

2269 3390 2452 3461 μάτων
2508 3391 2707 3464 ἀερίων
2763 3397 2984 3466 σημεῖον
3031 3396 3272 3466 γίνεταν
3324 3399 3411 3454 καὶ
3455 3396 3583 3452 πάλιν
3614 3391 3729 3461 ἡνίκα

2269 3483 2479 3554 ῥάϐδοις
2500 3485 2728 3539 ἐοικυῖα*
2748 3487 2887 3542 κατά
2902 3487 2999 3560 τὴν
3019 3490 3189 3562 χρόαν
3209 3493 3308 3563 τῆς
3326 3492 3500 3566 Ἴριδος
3516 3491 3573 3552 εις
3589 3483 3730 3558 ὄρθρον

2264 3578 2377 3640 τοῖς
2408 3576 2625 3647 νέφεσιν
2658 3579 3050 3651 ὲμφαινόμεναι
3076 3581 3383 3654 δειχθῶσιν,
3410 3581 3584 3651 ὅμόροι,
3605 3577 3632 3647 ἢ
3653 3591 3730 3644 χει·

2270 3665 2476 3739 μῶνες,
2512 3668 2545 3741 ἢ
2599 3670 2866 3744 μεταϐολὴ
2914 3672 3196 3730 ὲπιπλεῖον
3245 3674 3337 3730 τοῦ
3369 3674 3507 3746 ἀέρος
3545 3668 3729 3741 σημαίνε-

2266 3775 2375 3815 ται.

2349 3850 2414 3905 Ἦ
2443 3850 2500 3904 δὲ
2531 3852 2723 3925 σελήνη
2743 3894 2760 3921 ,
2794 3855 3011 3911 ἐπειδὰν
3057 3856 3119 3912 ὲν
3150 3861 3219 3931 τῇ
3259 3859 3406 3932 τρίτῃ
3431 3854 3583 3929 ἡμέρᾳ
3614 3841 3730 3914 λεπτὴ

2268 3945 2362 3999 καὶ
2384 3944 2596 4018 καθαρὰ
2621 3949 2740 4011 ταῖς
2760 3949 3006 4019 κεραίαις
3025 3951 3345 4025 ἀποδειχθῇ,
3364 3947 3587 4020 σταθερὰν
3606 3940 3730 3996 εὐδίαν

2269 4036 2761 4107 κατεπαγγέλλεται
2782 4056 2796 4070 ο
2829 4044 3027 4111 παχεῖα
3046 4041 3104 4094 δὲ
3137 4046 3259 4108 ταῖς
3284 4043 3524 4115 κεραίαις,
3547 4037 3618 4091 καὶ
3639 4027 3730 4086 ὑπέ-

2273 4129 2466 4202 ρυθρος
2501 4133 2745 4200 φανεῖσα,
2777 4131 2916 4204 ὕδωρ
2947 4131 3147 4205 λάϐρον
3174 4135 3207 4206 ἢ
3237 4136 3382 4189 νότον
3408 4133 3552 4204 βίαιον
3572 4128 3734 4192 eiram-

2270 4218 2493 4284 λίζεται.
2519 4222 2763 4293 Ὄργανα
2804 4219 2895 4278 οὖν
2922 4224 3129 4297 χρόνων
3161 4228 3311 4299 ἥλιος
3352 4227 3437 4282 καὶ
3470 4222 3625 4293 σελήνη
3640 4213 3730 4271 καθ’

2277 4312 2514 4366 ίστοιταιο
2551 4314 2740 4386 χρόνος
2784 4315 2842 4370 δὲ
2874 4317 3125 4389 ἡμερῶν,
3165 4320 3376 4393 μηνῶν,
3418 4318 3500 4372 καὶ
3518 4307 3729 4368 ὲνιιιυτιῖιν⁵

2274 4401 2344 4455 τὰ
2370 4403 2426 4456 δὲ
2466 4404 2660 4477 ἄστρα,
2697 4408 2791 4460 καὶ
2847 4408 3067 4479 μηνῶν,
3110 4412 3206 4464 καὶ
3248 4411 3478 4481 σπόρων,
3518 4404 3596 4459 καὶ
3631 4399 3728 4467 ἀμτΓ

2199 4496 2254 4556 ι)
2277 4494 2404 4547 τῶν.

2350 4590 2459 4643 Καὶ
2476 4589 2826 4660 αῑᾘλειάδες,
2855 4588 3242 4646 ἀνατέλλουσαι
3269 4591 3365 4664 μὲν
3386 4583 3563 4662 ἀμητοῦ
3585 4576 3734 4647 καιρὸν.

2277 4681 2527 4736 δύνουσαι
2569 4681 2626 4736 δὲ
2669 4683 2891 4754 σπόρου,
2919 4682 3239 4739 δεικνύουσι.
3276 4683 3380 4737 Καὶ
3410 4684 3505 4742 τοῖς
3535 4668 3732 4728 ναυτιλλο-

2283 4775 2463 4847 μένοις
2509 4774 2647 4846 μετὰ
2693 4774 2793 4845 τῆς
2835 4775 3074 4847 Ἀμάξης
3122 4778 3345 4847 σημεῖον
3386 4773 3579 4843 γίνεταιο
3605 4760 3738 4813 τύπων

2279 4865 2388 4938 γὰρ
2419 4868 2617 4937 σημεῖα
2649 4865 2744 4920 καὶ
2767 4865 3048 4938 δεικτήρια
3066 4865 3131 4920 τὰ
3154 4868 3329 4938 ἄστρα
3354 4865 3545 4935 γίνεται.
3564 4855 3739 4938 Ἄρκτος

2429 4936 2538 5031 γὰρ
2585 4959 2784 5031 ἄρκτον
2832 4936 3102 5013 δείκνυσι’
3154 4936 3272 5029 τῆςή
3300 4958 3355 5011 δὲ
3401 4948 3609 5011 Πλειάδος
3645 4936 3735 5038 Ῠξδί

2283 5052 2541 5125 ἀνατολὴν
2569 5052 2780 5124 βλέπων
2799 5052 2859 5105 τὸ
2883 5051 2975 5118 ὀξὺ
2998 5053 3097 5125 τὴν
3124 5051 3321 5123 ἄρκτον
3347 5050 3600 5103 δείκνυσιν·

2285 5147 2341 5201 δὲ
2370 5148 2468 5219 τῆς
2498 5117 2698 5218 ἀρκτου
2737 5117 3102 5218 στρεφομένης
3140 5117 3200 5198 τὸ
3250 5143 3409 5211 κέρας
3434 5137 3518 5207 τὴν

2285 5204 2551 5299 δείκνυσι,
2576 5232 2670 5287 καὶ
2691 5233 2792 5305 τῆς
2806 5204 3042 5304 ’σελήνης
3060 5204 3138 5286 ’τὸ
3173 5204 3496 5303 λαμπόμενον
3526 5217 3646 5292 μέρος
3662 5204 3729 5305 ξῆν

2287 5291 2548 5395 ἀνατολὴν
2596 5291 2866 5397 σημαὶνει.
2899 5291 3038 5395 ν
3057 5324 3112 5378 δὲ
3151 5291 3367 5377 τούτων·
3378 5317 3542 5390 χρόνος
3573 5305 3641 5358 οὒκ
3664 5291 3730 5364 ἦν’

2288 5416 2421 5471 ἀλλά
2464 5416 2735 5491 διάστημα
2756 5458 2772 5482 ,
2805 5420 2901 5473 καὶ
2944 5417 3076 5471 αἰὼν
3110 5415 3310 5488 μακρός
3339 5429 3416 5476 τις
3454 5406 3534 5464 καὶ
3556 5401 3733 5469 ἥρωος·

2292 5510 2517 5583 Εἴρηται
2547 5506 2639 5565 οὖν
2669 5511 2797 5583 περὶ
2822 5510 2929 5564 τῶν
2956 5510 3211 5582 σημείων.
3445 5494 3449 5497 ’
3587 5580 3594 5583 μ
3689 5567 3710 5580 ,

2358 5580 2597 5676 Κὸιιροῖις
2632 5603 2688 5659 δὲ
2737 5580 2913 5673 λέγειν
2950 5580 3221 5673 ἡγώμεθα
3260 5597 3355 5661 τὰς
3389 5580 3628 5653 suam;
3660 5581 3740 5624 των
