3962 6202
248 232 348 297 7ΞΙ

1162 249 1434 314 SPURIA.
1469 290 1540 303 —
1566 261 1922 325 COMMENT.
1962 267 2026 322 ΙΝ
2068 266 2560 333 HEXAEMERON.

3364 290 3468 349 722

238 352 438 464 ὡρῶν,
470 353 768 475 χεὶμῶνρς,
824 357 1010 432 ἔαρος,
1058 360 1277 436 θέρους,
1316 372 1649 446 μετοπώρου.
1696 378 1798 433 Καὶ

1909 388 2257 455 mutationes,
2284 405 2349 446 ac
2376 393 2545 456 vices,
2576 393 2772 453 hiemis
2787 397 3015 468 scilicet,
3050 403 3209 471 veris,
3241 409 3466 475 astatis,

238 444 452 518 χειμὼν
505 448 598 517 μὶν
629 448 837 517 γίνεται
888 457 999 519 τοῖς
1050 456 1243 524 νοτίοις
1283 462 1471 535 μέρεσι
1513 444 1607 522 τοῦ
1658 470 1807 542 ἡλίου

240 537 751 611 προσδιατρίϐοντος
769 582 784 607 ,
830 545 923 597 καὶ
966 547 1099 601 πολὺ
1126 549 1187 603 τὸ
1229 555 1537 626 νυκτερινὸν
1570 537 1810 633 σκίασμα

240 629 377 702 περὶ
405 629 495 683 τὸν
529 631 651 684 καθ’
684 634 834 704 ἡμᾶς
864 636 1026 692 τόπον
1069 640 1484 711 ἀποτελοῦντος,
1526 649 1602 715 ὠς
1642 629 1809 707 κατα-

239 812 630 884 άναθυμιάσεις
670 821 1061 892 συνισταμένας
1098 826 1350 898 ὄμϐρων,
1398 831 1492 885 καὶ
1543 812 1765 907 κρυμῶν
1789 878 1804 902 ,

237 905 338 959 καὶ
380 906 617 976 νιφάδων
660 910 837 975 αίτίας
880 914 1156 981 γίνεσθαι·
1208 919 1426 975 ἐπειδὰν
1466 923 1523 977 δὲ
1573 905 1809 983 ἐπανιὼν

238 998 405 1090 πάλιν
437 999 546 1052 ἀπὸ
577 1001 684 1055 τῶν
720 1005 1101 1078 μεσημϐρινῶν
1126 1011 1337 1082 χωρίων
1367 1014 1457 1068 ἐπὶ
1499 1015 1590 1070 τοῦ
1641 1019 1806 1090 μέσου

236 1088 491 1162 γένηται,
542 1091 797 1166 ίσημερία
840 1095 1077 1165 γίνεται,
1131 1101 1227 1155 καὶ
1282 1103 1392 1175 ὅσῳ
1417 1108 1530 1171 τοῖς
1572 1088 1665 1162 ἐπὶ
1705 1110 1808 1182 γῆς

238 1183 568 1256 ἐνδιατρίϐει
617 1186 833 1253 τόποις,
882 1190 1116 1263 τοσούτῳ
1160 1192 1301 1248 κατὰ
1338 1196 1500 1269 μέρος
1544 1198 1806 1271 ἐπανάγει

237 1276 341 1348 τὴν
379 1276 703 1350 εὐκρασίαν,
756 1280 851 1334 καὶ
890 1282 1096 1348 γίνεται
1139 1284 1275 1357 ἔαρ,
1318 1291 1432 1352 τοῖς
1484 1290 1582 1362 μὲν
1623 1297 1808 1362 φυτοῖς

238 1368 498 1440 παρέχων
526 1369 834 1442 βλάστησιν,
861 1374 973 1438 τοῖς
1010 1375 1065 1429 δὲ
1102 1376 1335 1451 δένδροις
1366 1380 1465 1453 τὴν
1492 1383 1802 1441 ἀναϐίωσιν.

250 1458 493 1514 Ἐκεῖθεν
516 1462 572 1516 δὲ
599 1462 698 1535 ῆδη
734 1464 867 1535 πρὸς
897 1465 996 1531 τὰς
1022 1466 1235 1540 θερινάς
1266 1472 1474 1545 τροπὰς
1507 1475 1593 1528 ἐπ’
1638 1476 1807 1551 αὐτὴν

234 1549 337 1623 τὴν
387 1553 621 1625 Ἀρκτον
646 1556 856 1627 τρέχων
888 1558 917 1611 ὁ
972 1558 1121 1630 ἥλιος
1168 1560 1267 1626 τὰς
1315 1565 1551 1635 μεγάλας
1594 1549 1806 1640 ἡμέρας

232 1642 373 1713 ἡμῖν
401 1643 714 1717 παρίστησι,
747 1646 841 1699 καὶ
872 1646 961 1701 διά
990 1649 1051 1702 τὸ
1077 1650 1255 1705 πλεῖον
1279 1653 1438 1707 αὐτὸν
1463 1658 1805 1727 προσομιλεῖν

236 1732 322 1804 τῷ
355 1735 501 1806 ἀέρι,
529 1734 695 1790 αὐτὸν
732 1739 1088 1811 καταφρίσσει
1121 1743 1211 1796 τὸν
1243 1745 1410 1817 ἀέρα,
1441 1748 1535 1801 καὶ
1574 1748 1671 1821 τὴν
1701 1749 1803 1820 γῆν
1836 1729 1881 1790 Β

234 1827 421 1880 πᾶσαν
446 1828 845 1901 καταξηραίνει,
868 1832 959 1884 καὶ
991 1834 1168 1888 πάντα
1188 1837 1398 1908 καρπὸν
1419 1837 1614 1910 ὡραῖον
1635 1841 1807 1913 ἀπερ-

233 1917 465 1987 γάζεται
496 1919 925 1991 φλογωδέστατος
962 1923 1056 1991 ὢν,
1101 1927 1196 1982 καὶ
1236 1928 1491 2000 βραχείας
1533 1936 1677 1987 ποιεῖ
1705 1934 1806 1999 τὰς

236 2012 403 2076 σκιὰς
430 2013 520 2082 ἀφ’
554 2013 758 2086 ὑψηλοῦ
810 2017 1198 2089 καταλάμπων.
1243 2020 1331 2075 Ἐν
1356 2022 1462 2095 γάρ
1509 2027 1628 2089 ταῖς
1676 2026 1805 2099 βρα-

234 2103 500 2175 χυτάταις
523 2106 755 2179 ἡμέραις
787 2110 843 2162 αἱ
878 2111 1026 2164 σκιαὶ
1051 2112 1385 2182 μακρόταται
1409 2114 1666 2185 γίνονται.
1694 2118 1804 2173 Καὶ

232 2194 539 2251 πάλινάπδ
559 2196 668 2252 τῶν
706 2201 1087 2274 προσαρκτίων
1133 2204 1225 2256 ἐπὶ
1255 2204 1325 2258 τὰ
1368 2206 1519 2261 νότια
1558 2225 1803 2280 παραγε-

227 2285 488 2356 νομένου,
519 2289 831 2362 μετόπωρον
860 2292 1084 2360 γίνεται,
1108 2294 1217 2366 τῆς
1250 2294 1456 2368 θέρμης
1487 2298 1605 2351 κατ’
1627 2298 1803 2368 ὀλίγον

224 2377 339 2448 τῆς
369 2378 569 2450 πολλῆς
601 2380 1051 2455 άμαυρουμένης,
1085 2387 1178 2438 κα)⁸
1215 2386 1307 2439 τοῦ
1338 2388 1600 2460 χειμῶνος
1640 2391 1808 2445 ἀϐλα-

227 2468 350 2533 ϐῶς
387 2470 648 2537 ἐπιόντος,

305 2584 379 2637 οὐ
437 2587 580 2638 ποιεῖ
624 2586 681 2640 δὲ
723 2587 822 2659 τὴν
855 2589 1064 2662 ἡμέραν
1101 2592 1130 2645 ό
1180 2590 1362 2661 ἥλιοςο
1400 2594 1587 2666 μηδεὶς
1631 2594 1807 2661 οὕτως

226 2675 479 2749 ὑπολάϐῃ
499 2694 513 2708 ·
536 2678 896 2754 πρεσϐυτερεῖ
914 2682 1021 2754 γάρ
1048 2682 1237 2736 τούτου
1275 2686 1311 2755 ἡ
1343 2685 1523 2757 ἡμέρα
1553 2687 1647 2740 καὶ
1673 2686 1801 2752 νύξ’

227 2768 370 2823 ἀλλὰ
405 2769 667 2843 κατάρχει
701 2772 857 2844 μόνον
888 2773 988 2845 τῆς
1016 2776 1255 2849 ἡμέρας,
1286 2775 1466 2844 καθὼς
1500 2782 1591 2834 καὶ
1613 2781 1642 2834 ὁ
1669 2779 1807 2852 ψαλ-

230 2861 412 2933 mea;
444 2863 751 2937 διαγορεύει
793 2866 954 2938 ἡμῖν’
982 2869 1207 2935 Ἕϐετο,
1233 2870 1441 2941 λέγων,
1475 2869 1583 2926 τὸν
1626 2871 1803 2941 ἣλιον

223 2956 321 3021 εις
337 2953 631 3019 ἐξουσίαν
652 2955 764 3025 τῆς
793 2957 1035 3028 ἡμέρας,
1067 2959 1182 3030 τὴν
1211 2962 1502 3033 σελήνην,
1535 2965 1633 3019 καὶ
1662 2965 1803 3033 τοὺς

227 3045 498 3116 ἀστέρας
525 3049 613 3114 εις
634 3047 924 3149 ἐξουσίαν
950 3050 1061 3120 τῆς
1088 3056 1325 3122 νυκτός.
1361 3055 1514 3149 Ἔχει
1552 3055 1609 3112 δέ
1648 3050 1799 3122 οὗτος
1826 3085 1872 3149 c

226 3140 334 3213 τὴν
384 3139 630 3205 ἐξουσίαν
668 3140 727 3194 τὸ
759 3140 875 3212 φῶς
904 3145 1210 3218 περιφέρων
1248 3149 1306 3202 ἐν
1339 3148 1531 3221 ἐαυτῷ*
1576 3149 1795 3205 ἐπειδάν

227 3247 367 3286 ποτε
399 3232 491 3287 τὸν
521 3232 645 3288 καθ’
669 3237 815 3307 ἡμᾶς
851 3234 1099 3309 ὁρίζοντα
1137 3239 1414 3314 ὑπεράρῃ,
1450 3241 1662 3314 ἡμέραν
1695 3262 1801 3300 πα-

230 3325 386 3397 ρέχει
415 3324 771 3394 διασκεδάσας
802 3329 863 3384 τὸ
889 3330 1099 3397 σκότος.

310 3438 382 3492 Ἠ
405 3438 466 3492 δὲ
495 3439 712 3514 σελήνη,
740 3443 957 3499 ἐπειδὰν
982 3444 1276 3512 δωδεκάκις
1304 3446 1395 3502 τὸν
1419 3447 1616 3521 ἑαυτῆς
1645 3450 1797 3504 ἐκτε-

225 3529 365 3605 λέσῃ
390 3531 609 3604 δρόμον,
646 3535 888 3590 ἐνιαυτοῦ
917 3539 1174 3609 τυγχάνει
1216 3541 1503 3612 ποιητικὴ,
1548 3542 1685 3615 πλὴν
1712 3543 1794 3597 ὅτι

228 3625 405 3697 μηνὸς
440 3626 731 3699 ἐμϐολίμου
763 3628 929 3684 δεῖται
963 3631 1096 3702 πρὸς
1129 3629 1228 3704 τὴν
1272 3632 1471 3705 ἀκριϐῆ
1498 3633 1607 3688 τῶν
1638 3634 1794 3705 ὡρῶν

225 3717 558 3790 συνδρομήν.
599 3719 656 3774 '0
688 3720 798 3792 γὰρ
829 3721 1047 3794 ἡλιακδς
1077 3724 1317 3788 ἐνιαυτὸς
1350 3724 1458 3781 ἀπὸ
1493 3725 1586 3780 τοῦ
1629 3728 1792 3783 αὑτοῦ

224 3810 462 3881 σημείου
488 3811 580 3865 ἐπὶ
612 3812 674 3867 τὸ
696 3813 828 3867 αὐτὸ
859 3816 1080 3886 σημεῖον
1102 3816 1244 3872 κατὰ
1266 3818 1367 3888 τὴν
1404 3819 1608 3873 οίκείαν
1641 3821 1784 3891 κίνη-

224 3920 316 3957 σιν
340 3905 435 3957 τοῦ
462 3904 609 3974 ἡλίου
642 3908 788 3963 ἐστὶν
826 3909 1284 3975 ἀποκατάστασις.
1323 3911 1433 3983 Τῆς
1471 3910 1527 3965 δὲ
1567 3910 1794 3984 σελήνης

222 3994 522 4065 ληγούσης,
544 3997 822 4067 άραιοῦται
851 3998 959 4054 τῶν
985 3999 1135 4065 ζώων
1166 4001 1235 4055 τὰ
1268 4000 1512 4073 σώματα,
1541 4004 1637 4056 καὶ
1662 4003 1793 4057 ὑπό-

222 4101 366 4139 κενα
416 4086 652 4154 γίνεταιο
706 4090 1006 4164 αὐξομένης
1048 4093 1140 4159 δὲ,
1181 4093 1600 4167 ἀναπληροῦται.
1651 4095 1791 4150 Διότι

225 4176 510 4248 ὑγρότητα
546 4178 681 4251 μετὰ
713 4180 1044 4254 θερμότητος
1080 4184 1467 4256 κεκραμμένην
1497 4183 1793 4256 λεληθότως

224 4268 468 4340 ἐνίησιν·
500 4271 549 4324 oi
580 4272 688 4344 γάρ
711 4272 1063 4338 καθεύδοντες
1101 4275 1206 4329 ὑπὸ
1238 4274 1463 4348 σελήνην
1500 4276 1795 4348 ὑγρότητος

224 4361 499 4433 περισσῆς
524 4362 850 4436 πληροῦνται
879 4365 978 4431 τὰς
1000 4367 1258 4437 κεφαλάς,
1304 4371 1397 4423 καὶ
1424 4369 1492 4424 τὰ
1520 4372 1790 4442 νεοσφαγῆ

1909 481 2177 548 autumni,
2211 482 2589 554 intelligendas
2618 501 2741 544 esse
2785 504 3089 552 censemus.
3121 495 3304 554 Hiems
3336 507 3468 556 tunc

1908 569 2090 637 irruit,
2117 589 2239 629 cum
2271 576 2354 630 sol
2375 577 2429 630 in
2464 577 2711 647 partibus
2737 586 3066 643 australibus
3079 601 3464 660 commoratur,

1906 665 2193 735 noctisque
2216 669 2462 724 umbram
2500 672 2641 741 apud
2681 690 2784 732 nos
2840 679 2973 735 satis
3016 680 3109 736 diu
3141 685 3466 754 productam

1802 744 1808 805 ἐ
1907 755 2204 827 longiorem
2227 761 2450 817 omnino
2484 762 2631 829 facit,
2663 766 2737 821 ita
2771 776 2828 823 ut
2852 784 2945 824 aer
2968 773 3116 829 circa
3134 782 3340 832 terram
3370 778 3467 834 fri-

1907 858 2109 917 gescat,
2140 865 2475 924 vaporesque
2497 855 2703 912 humidi
2736 862 2974 927 excitati,
3008 866 3244 936 pluvias,
3268 871 3467 941 glacies

1907 937 2167 1009 nivesque
2218 943 2539 1012 producant.
2591 946 2697 1004 Sed
2740 951 2831 1006 ubi
2868 969 3085 1011 rursum
3110 973 3142 1014 a
3168 937 3469 1020 meridiana

1906 1029 2061 1099 plaga
2092 1032 2435 1103 remigrando
2471 1038 2706 1094 medium
2749 1044 2870 1098 οωΙί
2900 1056 3179 1117 permeat,
3224 1053 3467 1122 aequino-

1906 1120 2071 1173 ctium
2097 1120 2172 1184 fit,
2199 1121 2523 1196 frigorisque
2561 1136 2616 1183 et
2650 1130 2849 1187 caloris
2896 1135 3114 1190 modum
3163 1120 3466 1211 temperant

1905 1210 2103 1267 modici
2131 1213 2277 1271 illius
2303 1231 2560 1274 accessus
2582 1220 2667 1275 vel
2723 1237 3009 1292 recessus;
3051 1226 3178 1284 hinc
3218 1245 3312 1285 ver
3343 1246 3466 1291 esse

1905 1306 2119 1379 incipit,
2169 1324 2279 1380 quo
2328 1311 2508 1368 herbae
2555 1314 2862 1385 germinant
2899 1318 3232 1391 arboresque
3262 1325 3464 1380 revivi-

1906 1407 2085 1454 scunt.
2128 1398 2257 1455 lnde
2282 1400 2391 1471 jam
2433 1404 2637 1459 aestivis
2669 1406 3006 1477 temporibus
3047 1408 3359 1470 ineuntibus
3396 1416 3463 1471 ad

1906 1492 2076 1563 ipsam
2100 1492 2297 1550 Ursam
2330 1495 2410 1551 sol
2431 1511 2662 1553 cursans
2694 1514 2917 1570 magnos
2953 1501 3110 1558 nobis
3136 1502 3299 1561 efﬁcit
3320 1507 3460 1574 dies,

1904 1593 1958 1641 et
1979 1600 2102 1641 cum
2132 1586 2339 1644 diutius
2390 1587 2447 1643 in
2478 1604 2603 1645 aere
2650 1598 2921 1657 versetur,
2972 1596 3152 1666 ipsum
3185 1604 3378 1664 torret,
3409 1606 3464 1655 et

1906 1685 2050 1732 terra
2098 1678 2353 1735 universa
2404 1681 2703 1748 exsiccata,
2761 1684 2973 1743 fructus
3000 1697 3245 1745 maturos
3286 1689 3465 1747 reddit

1908 1784 2122 1825 summo
2178 1772 2398 1835 calore:
2431 1775 2745 1847 umbraeque
2795 1785 2964 1833 curta:
2997 1778 3296 1849 iaciuntur,
3336 1797 3463 1838 cum

1904 1860 1987 1916 sol
2015 1861 2094 1915 illi
2115 1862 2235 1918 loco
2276 1867 2708 1935 supraverticem
2745 1868 2815 1924 sit
2842 1870 3135 1942 lumenque
3187 1872 3460 1933 demittat.

1902 1950 1962 2007 in
1991 1953 2326 2011 brevissimis
2357 1957 2503 2012 enim
2536 1957 2727 2015 diebus
2765 1960 2970 2017 umbra
3003 1963 3332 2035 longissima:
3369 1977 3465 2022 ca-

1903 2044 2055 2100 dunt.
2084 2036 2288 2103 lterum
2313 2063 2344 2102 a
2377 2049 2695 2107 meridianis
2754 2052 2811 2106 in
2865 2055 3133 2110 australes
3163 2064 3346 2129 partes
3369 2059 3462 2114 illo

1903 2146 2202 2207 remeante,
2228 2148 2523 2200 autumnus
2537 2144 2795 2216 gignitur,
2827 2146 2998 2201 multo
3046 2147 3229 2204 calore
3256 2148 3459 2206 sensim

1903 2239 2278 2300 evanescente,
2297 2233 2580 2306 hiemeque
2610 2236 2729 2292 sine
2783 2237 2897 2293 ullo
2930 2237 3275 2298 incommodo
3301 2256 3458 2298 acce-

1902 2318 2080 2379 dente.

1972 2582 2063 2639 Sol
2084 2586 2190 2641 diei
2219 2601 2384 2642 causa
2416 2604 2686 2660 nusquam
2719 2598 2819 2655 est,
2855 2607 3013 2649 nemo
3062 2594 3115 2649 id
3145 2595 3218 2649 ita
3259 2611 3319 2651 se
3360 2596 3459 2653 ha-

1904 2674 2031 2732 bere
2057 2677 2338 2748 opinetur;
2373 2679 2515 2735 hunc
2557 2682 2756 2737 etenim
2785 2682 2907 2739 dies
2931 2686 3207 2755 praecedit,
3238 2695 3292 2744 et
3316 2705 3456 2759 uox;
3570 2689 3573 2693 ’

1902 2766 2000 2823 sed
2032 2774 2117 2824 est
2141 2765 2253 2823 dux
2276 2777 2331 2825 et
2357 2771 2609 2843 princeps
2642 2780 2695 2828 et
2722 2774 3035 2831 moderator
3062 2775 3232 2843 illius,
3265 2795 3458 2850 quem-

1902 2858 2192 2915 admodum
2221 2869 2276 2917 et
2296 2860 2618 2919 Psalmodus
2667 2866 2828 2922 nobis
2867 2866 3128 2935 insinuat.
3164 2870 3352 2925 Posuit
3374 2872 3475 2954 di-O

1900 2965 2031 3008 cens
2059 2953 2223 3008 solem
2274 2955 2329 3009 in
2356 2954 2643 3011 dominium
2683 2958 2809 3025 diei,
2844 2958 3024 3015 lunam
3075 2971 3123 3017 et
3169 2963 3352 3020 stellas
3402 2963 3460 3018 in

1900 3043 2189 3102 dominium
2214 3048 2401 3102 noctis.
2430 3045 2579 3105 illius
2601 3057 2780 3107 autem
2834 3052 3039 3112 obtinet
3068 3054 3457 3127 principatum,

1900 3137 2081 3193 lumen
2109 3137 2163 3192 in
2190 3146 2359 3196 semet
2379 3139 2692 3213 deportans,
2723 3142 2814 3214 qui
2862 3159 2984 3200 cum
3018 3145 3075 3201 in
3102 3155 3348 3203 nostrum
3390 3146 3457 3203 ti-

1899 3232 2132 3288 nitorem
2167 3235 2496 3304 pervenerit,
2530 3236 2772 3294 tenebris
2792 3237 3011 3309 fugatis,
3046 3240 3190 3297 diem
3212 3239 3391 3299 aﬂ‘ert.

1962 3432 2138 3501 Luna,
2165 3434 2259 3490 ubi
2280 3434 2573 3492 duodecies
2593 3442 2766 3492 totum
2802 3453 2964 3494 suum
2992 3439 3229 3498 confecit
3267 3448 3322 3497 et
3358 3456 3457 3513 pe-

1897 3528 2137 3600 ragravit
2156 3527 2277 3594 iter,
2306 3528 2433 3583 anni
2465 3529 2700 3600 spatium
2751 3532 3041 3601 terminat;
3064 3548 3249 3591 mense
3275 3542 3457 3593 tamen

1899 3632 2035 3688 opus
2047 3625 2132 3675 est
2146 3618 2476 3688 intercalari,
2499 3620 2566 3676 ad
2593 3620 2851 3677 horarum
2879 3637 3182 3680 concursus
3208 3634 3456 3682 exactam

1898 3710 2161 3767 rationem
2204 3712 2654 3783 perspiciendam.
2702 3714 2895 3770 Annus
2942 3714 3089 3770 enim
3152 3715 3349 3773 solaris
3386 3716 3459 3773 ab

1896 3804 2083 3860 eodem
2110 3804 2287 3877 signo,
2346 3804 2413 3860 ad
2452 3804 2595 3863 idem
2649 3807 2949 3862 secundum
2998 3800 3289 3878 proprium
3323 3809 3456 3865 solis

1898 3904 2103 3951 motum
2125 3901 2369 3954 reversio
2391 3906 2496 3954 est.
2549 3897 2702 3955 Luna
2765 3899 3113 3957 decrescente
3138 3901 3453 3957 animalium

1897 4002 2127 4059 corpora
2206 3998 2490 4046 rarescunt
2571 4000 2859 4049 extenuata
2921 4000 2976 4048 et
3028 3992 3450 4061 exinaniuntur;

1897 4085 2197 4144 crescente,
2222 4089 2491 4150 augentur
2517 4082 2752 4153 expleta.
2788 4082 2939 4139 Clam
2995 4082 3138 4138 enim
3167 4084 3453 4138 humidita-

1896 4177 2003 4226 tem
2031 4170 2200 4226 calori
2232 4174 2571 4229 commistam
2597 4174 2768 4243 indit;
2799 4175 2928 4230 hinc
2963 4173 3021 4228 ﬁt
3040 4174 3142 4231 sub
3164 4174 3293 4230 luna
3322 4175 3452 4232 dor-

1897 4260 2176 4317 mientium
2226 4262 2396 4317 multa
2444 4261 2767 4319 humiditate
2822 4260 2999 4333 capita
3027 4262 3257 4334 oppleri,
3280 4272 3336 4319 et
3366 4279 3454 4319 re-

1897 4362 2081 4411 center
2106 4354 2473 4426 jugulatorum
2520 4370 2737 4421 carnes,
2773 4363 2827 4411 et
2871 4354 3134 4427 quidquid
3173 4357 3321 4414 aliud
3364 4357 3453 4415 his

224 4449 288 4506 δὲ
315 4451 427 4505 τῶν
439 4453 633 4525 κρεῶν,
660 4456 753 4510 καὶ
770 4457 876 4510 πᾶν
898 4457 950 4510 εἴ
962 4473 1014 4510 τι
1035 4456 1289 4520 τοιοῦτον,
1306 4461 1371 4530 τῇ
1400 4459 1669 4532 προσϐολῇ
1691 4459 1788 4529 τῆς

1903 4462 2002 4503 non
2055 4447 2326 4512 absimile,
2381 4449 2524 4503 luna:
2561 4456 2784 4520 aSpectu
2810 4449 2989 4506 subito
3048 4450 3345 4517 immutari,
3399 4460 3455 4508 et

229 4545 466 4616 σελήνης
494 4545 702 4618 ταχέως
739 4548 1017 4621 τρέπεται.
1056 4550 1284 4622 Ὁμοίως
1328 4552 1386 4606 δὲ
1418 4552 1512 4605 καὶ
1554 4553 1623 4607 τὰ
1668 4553 1795 4624 περὶ

228 4639 328 4693 τὸν
350 4637 486 4711 ἀέρα
510 4638 655 4711 πάθη
674 4639 926 4712 τοιαύτης
951 4641 1126 4706 αἰτίας
1149 4642 1794 4717 συνίσταται.Νουμηνίας

231 4732 343 4807 γὰρ
358 4732 641 4804 ἐνστάσης,
658 4733 896 4806 γαλήνης
913 4732 1079 4807 οὔσης
1096 4735 1655 4808 σταθερᾶς,αίφνιδίων
1675 4737 1795 4791 ἀνέ-

235 4841 354 4895 μων
401 4825 632 4895 ταραχαὶ
668 4824 906 4892 γίνονται
945 4825 1052 4880 τῶν
1079 4824 1253 4896 νεφῶν
1296 4826 1663 4899 κλονουμένων
1699 4828 1794 4882 καὶ

233 4914 657 4985 συμπιπτόντων
696 4915 970 4987 ἀλλήλοιςο
1008 4918 1101 4972 καὶ
1133 4919 1370 4987 γίνονται
1398 4920 1524 4991 περὶ
1558 4920 1684 4983 τοὺς
1706 4920 1794 4973 εὐ-

236 5005 429 5078 ρίπους
450 5006 776 5079 παλίρροιαι,
794 5009 887 5062 καὶ
906 5010 1031 5081 περὶ
1048 5010 1136 5063 τὸν
1151 5010 1388 5065 ὠκεανὸν
1405 5011 1676 5084 ἀναδρομὴ
1695 5012 1792 5085 τῆς

232 5097 527 5169 θαλάσσης.
572 5099 636 5153 Εἰ
682 5099 739 5154 δὲ
789 5102 883 5155 καὶ
923 5099 1017 5155 τοῦ
1053 5100 1200 5173 ἡλίου
1241 5098 1478 5172 ἔκλειψις
1502 5103 1790 5174 νουμηνίας

231 5190 402 5260 οὔσης
429 5191 657 5260 γίνεται,
695 5191 1021 5264 σφοδροτέρα
1063 5192 1377 5264 συμϐαίνει·
1414 5192 1653 5248 κάτωθεν
1684 5193 1790 5267 γάρ

234 5283 270 5354 ἡ
304 5281 500 5354 σελήνη
535 5282 835 5337 ὑπελθοῦσα
856 5282 1154 5355 ἐμφράττει
1179 5282 1328 5355 ἡλίου
1353 5282 1453 5347 τὰς
1476 5284 1718 5347 ἀκτῖνας.

301 5373 463 5442 Μέγα
489 5374 547 5428 δέ
572 5391 624 5428 τι
650 5375 746 5429 καὶ
776 5373 910 5446 αὕτη
950 5376 984 5446 ἡ
1020 5374 1216 5446 σελήνη
1258 5373 1580 5446 καθέστηκε.
1616 5373 1789 5428 Μῦθοι

233 5462 289 5518 δέ
316 5464 578 5537 ληρώδεις
608 5467 713 5522 ὑπὸ
758 5466 1057 5539 μεθυόντων
1088 5466 1346 5540 γραῖδίων
1379 5467 1653 5540 πανταχοῦ
1686 5468 1791 5522 διε-

237 5553 506 5629 σώθησανο
553 5558 635 5613 ὅτι
683 5557 1036 5629 μαγγανείαις
1080 5558 1192 5613 τισὶ
1230 5559 1328 5630 τῆς
1384 5561 1587 5625 οίκείας
1629 5560 1789 5633 ἐδρας

237 5647 588 5718 ἀποκινεϊται,
641 5651 736 5705 καὶ
786 5651 918 5724 πρὸς
961 5651 1062 5724 τὴν
1104 5651 1206 5723 γῆν
1250 5651 1629 5722 καταφέρεται.
1679 5653 1787 5706 Καὶ

239 5742 387 5805 ποῖος
423 5740 489 5797 ἂν
531 5739 692 5806 τόπος
721 5741 1075 5816 καταχθεῖσαν
1113 5742 1279 5814 αὐτὴν
1331 5741 1653 5811 ὑπεδέξατος
1692 5743 1784 5816 Μὴ

1893 4539 2041 4610 ipsas
2064 4539 2207 4596 aeris
2234 4538 2544 4596 aﬂ‘ectiones
2566 4542 2716 4597 illius
2753 4556 2919 4597 causa
2943 4542 3277 4614 contingere.
3316 4541 3452 4598 Nam

1895 4628 2021 4683 luna
2036 4637 2312 4696 nascente,
2341 4629 2387 4686 si
2403 4630 2769 4701 tranquillitas
2792 4631 3106 4703 plenissima
3130 4631 3293 4688 fuerit
3320 4648 3444 4689 ven-

1893 4728 2093 4785 torum,
2117 4721 2380 4792 repentini
2409 4722 2675 4785 turbines,
2711 4723 2947 4778 nubibus
3001 4722 3176 4792 pulsis
3224 4730 3279 4777 et
3307 4721 3450 4778 inter

1894 4826 1953 4869 se
2000 4811 2436 4869 conflictantibus
2468 4854 2483 4878 ,
2520 4823 2718 4882 erunt;
2755 4814 2990 4885 fientque
3017 4814 3073 4868 in
3121 4813 3328 4883 euripis
3373 4829 3451 4869 re-

1892 4906 2287 4978 ciprocationes
2355 4922 2616 4978 aquarum
2704 4922 3090 4976 regressusque
3159 4906 3327 4963 maris
3394 4907 3448 4961 in

1891 4997 2141 5067 Oceano;
2167 4999 2315 5070 quod
2357 5000 2404 5055 si
2458 5000 2586 5053 luna
2614 4997 2909 5054 novissima
2931 4998 3171 5068 primave
3201 4996 3332 5053 solis
3351 4997 3446 5052 de-

1893 5089 2071 5148 fectus
2116 5089 2225 5157 fiet,
2269 5091 2386 5146 haec
2444 5089 2628 5144 omnia
2664 5089 3065 5152 vehementiora
3092 5087 3445 5158 contingunt;

1895 5182 2202 5240 interventu
2232 5183 2432 5254 quippe
2468 5182 2608 5238 lunae
2658 5182 2790 5238 solis
2838 5180 2977 5236 radii
3002 5179 3257 5236 occultati
3284 5179 3447 5235 hebe-

1887 5280 2091 5330 tantur.

1959 5366 2290 5422 Immensum
2317 5365 2447 5437 quid
2476 5374 2561 5422 est
2590 5373 2644 5422 et
2671 5366 2788 5436 ipsa
2817 5365 2978 5430 luna;
3014 5377 3171 5434 nugae
3198 5377 3360 5419 merae
3380 5361 3446 5417 il-

1888 5461 1955 5518 la!
1983 5467 2111 5518 sunt
2128 5460 2393 5531 planeque
2439 5458 2575 5524 line,
2605 5459 2761 5513 nobis
2789 5471 2820 5512 a
2849 5456 3158 5513 temulentis
3214 5453 3444 5510 aniculis

1889 5553 2308 5617 traditi,lunam
2363 5551 2639 5608 veneficiis
2680 5549 3005 5621 quibusdam
3043 5546 3262 5619 propria
3315 5544 3444 5602 sede

1890 5646 2095 5703 moveri
2127 5653 2181 5702 et
2210 5645 2265 5702 in
2287 5651 2489 5700 terram
2518 5644 2729 5711 delabi;
2763 5649 2816 5698 et
2840 5640 3088 5714 quisnam
3117 5640 3263 5694 illam
3286 5639 3442 5695 locus

1894 5740 2168 5811 delapsam
2196 5737 2503 5812 exceperit?
2528 5752 2701 5809 neque
2728 5751 2824 5809 per
2845 5747 3085 5790 errorem
3118 5731 3172 5786 in
3197 5728 3442 5785 fraudem
