3898 6196
585 289 687 345 ῗίὅ

1416 289 1474 343 S.
1516 287 1953 345 EUSTATHIUS
1985 291 2466 352 ANTIOCIIENUS
2503 292 2900 352 EPISCOPUS.

3594 299 3671 356 ἠδ
3695 345 3706 354 ,.

584 407 836 468 incurrit,
865 421 1035 476 neque
1057 403 1201 476 quod
1231 404 1424 461 visioni
1456 422 1680 477 parvum
1724 419 1959 463 externa:
1989 410 2130 466 vide-

2233 415 2338 486 γὰρ
2389 415 2694 486 ἐξηπάτησε
2743 414 2804 467 τὸ
2851 411 3154 483 φαινόμενον
3201 410 3272 474 ὡς
3307 409 3475 482 μικρόν
3501 429 3543 464 τι
3577 407 3680 468 εἶναι

583 507 692 560 tur,
725 515 948 569 parvum
1001 497 1053 551 id
1100 513 1222 554 esse
1267 498 1525 554 indicato.
1560 498 1752 553 Nostra
1774 499 1918 554 enim
1968 501 2128 566 visio,

583 605 704 642 cum
739 591 850 657 ipsa
872 604 1034 658 parva
1071 590 1159 655 sit,
1189 605 1350 659 parva
1381 591 1544 644 etiam
1577 599 1631 646 et
1663 606 1724 644 ea
1759 607 1880 661 qua:
1905 609 2131 648 cernen-

582 687 688 742 tur,
725 686 782 732 ut
827 681 1112 748 epinemur
1142 696 1283 743 esse,
1341 681 1522 745 eﬂicit,
1574 682 1850 751 proprium
1883 684 2126 738 morbum

577 770 739 824 rebus
770 771 901 826 visis
932 773 1371 838 communicaris;
1412 788 1643 842 namque
1674 774 1833 827 etiam
1881 775 1926 829 si
1949 775 2071 844 quis
2099 789 2130 829 e

579 862 885 918 summitate
915 867 1174 916 montium
1212 878 1430 933 campos
1453 872 1714 932 patentes,
1755 872 1807 918 et
1830 865 1884 918 in
1914 864 2022 919 illis
2054 864 2130 919 si-

578 952 688 1004 mul
723 953 887 1008 boves
920 965 1202 1023 pascentes
1230 954 1554 1025 despexerit.
1614 953 1864 1011 formicas
1899 955 2003 1010 sibi
2049 954 2128 1008 vi-

577 1039 706 1095 dere
733 1041 1019 1097 videbitur.
1057 1043 1209 1099 Visio
1238 1045 1380 1099 enim
1413 1059 1508 1114 per
1535 1059 1711 1098 aerem
1742 1053 2052 1110 extenuata,
2073 1051 2128 1098 et

576 1132 733 1199 quasi
774 1147 1125 1200 evanescens,
1159 1150 1246 1190 res
1292 1135 1393 1189 sibi
1422 1133 1665 1202 objectas
1694 1135 1970 1202 percipere
2018 1150 2125 1189 non

577 1224 736 1278 valet.
775 1223 968 1279 Verum
1005 1227 1144 1281 lume
1164 1243 1359 1297 corpus
1389 1227 1682 1281 maximum
1706 1241 1826 1280 esse
1856 1227 1944 1278 illa
1967 1242 2126 1297 argu-

561 1322 760 1368 mento
795 1325 945 1372 sunt.
987 1317 1244 1373 Civitates
1267 1318 1410 1373 enim
1434 1318 1490 1372 in
1522 1326 1787 1371 terrarum
1827 1317 1958 1371 orbe
1984 1318 2125 1371 mul-

577 1413 690 1458 tum
728 1407 869 1461 inter
899 1424 957 1462 se
1005 1409 1267 1464 distantes
1297 1411 1560 1480 longeque
1592 1411 1870 1478 sejunctaa,
1941 1411 2125 1480 strigis

577 1513 695 1566 quae
723 1497 994 1556 Orientem
1022 1503 1504 1572 respiciunt,a:que
1541 1517 1732 1557 omnes
1779 1501 1918 1556 lunae
1943 1501 2122 1556 lumen

575 1590 877 1659 excipiunt;
901 1601 954 1646 et
984 1591 1230 1648 similiter
1252 1609 1480 1648 occasus
1533 1601 1587 1646 et
1619 1593 2038 1648 meridianarum
2070 1603 2124 1649 et

577 1683 896 1737 australium
927 1686 1160 1754 partium
1183 1687 1372 1741 incola).
1394 1695 1656 1756 spectant.

2229 506 2591 576 νομιζόμενον.
2627 503 2814 576 Μικρὰ
2837 502 2944 575 γὰρ
2975 505 3007 572 ὴ
3046 502 3160 571 όψις
3187 500 3329 572 ἡμῶν
3353 502 3588 572 γινομένη,
3616 521 3681 572 μι-

2230 594 2335 665 κρὰ
2363 594 2581 664 ἐποίησε
2614 591 2924 662 νομίζεσθαι
2970 591 3059 644 xui
3085 591 3150 644 τὰ
3179 590 3423 662 ὁρώμενα,
3450 591 3501 643 τὸ
3533 595 3682 647 οίκεῖον

2229 687 2397 750 πάθος
2431 687 2542 748 τοῖς
2582 686 2794 756 ὁρατοῖς
2834 683 3178 754 ἐπιφέρουσα.
3216 682 3406 754 Ὠσπερ
3428 681 3522 754 γὰρ
3557 683 3598 735 εί
3626 701 3685 748 τις

2227 780 2313 831 ἐπ’
2344 776 2649 849 ἀκρωρείας
2675 775 2916 828 θεάσοιτο
2945 774 3096 827 πεδία
3123 773 3211 826 καὶ
3242 772 3358 842 βόας
3391 774 3469 825 ἐπὶ
3503 774 3553 825 τὺ
3587 773 3684 827 αὐτὸ

2227 871 2544 941 νεμομένας,
2561 868 2680 939 οὐχί⁵
2693 872 2709 890 ⁶
2731 868 2806 931 ὡς
2828 869 3124 938 μυρμήκων
3142 865 3416 935 φαντασίαν
3433 868 3543 937 όρᾷν
3559 867 3682 918 δοκεῖ’

2227 959 2646 1031 ὲνδαπανηθεῖσα
2697 959 2800 1030 γὰρ
2851 957 2929 1027 τῷ
2977 957 3095 1027 ἀέρι
3135 958 3168 1026 ἡ
3200 955 3330 1024 ὄψις,
3379 956 3460 1008 xui
3499 955 3685 1025 ἐξίτηλος

2226 1052 2509 1123 γενομένη,
2541 1050 2676 1122 πρὸς
2717 1049 2814 1120 τὴν
2843 1048 3044 1120 ἀκριϐῆ
3073 1045 3378 1115 κατανόησιν
3405 1044 3498 1098 τῶν
3525 1046 3689 1116 ὁρωμέ-

2226 1164 2329 1198 νων
2361 1145 2458 1197 οὐκ
2491 1143 2724 1216 ἐξαρκεῖ.
2769 1142 2879 1195 Καὶ
2917 1143 2997 1194 ὅτι
3038 1137 3371 1210 παμμέγεθες
3397 1136 3484 1206 τῆς
3513 1135 3688 1206 σελήνης

2224 1237 2283 1288 τὸ
2314 1235 2471 1306 σῶμά
2515 1237 2648 1296 ὲστι,
2689 1232 2873 1304 μαθεῖν
2917 1234 2980 1284 ὲκ
3016 1229 3316 1301 τεκμηρίων
3355 1227 3502 1280 ἔστιν.
3525 1227 3576 1278 Ai
3608 1228 3690 1296 γὰρ

2224 1329 2364 1383 κατὰ
2392 1329 2488 1399 τὴν
2518 1327 2836 1398 οἰκουμένην
2865 1324 3043 1387 πόλεις
3077 1323 3312 1376 πλεῖστον
3339 1319 3547 1388 ἀλλήλων
3575 1318 3686 1386 ἀπῳ-

2224 1419 2496 1490 κισμέναι,
2537 1421 2656 1482 ταῖς
2689 1417 2826 1471 κατὰ
2857 1417 2954 1487 τὴν
2986 1413 3245 1484 ἀνατολὴν
3271 1410 3596 1482 τετραμμέναι
3618 1412 3686 1478 pu-

2227 1513 2526 1583 μοτομίαις,
2558 1511 2616 1575 ὲξ
2659 1511 2772 1564 ἴσου
2803 1511 2970 1562 πᾶσαι
3008 1509 3070 1560 τὸ
3113 1506 3374 1576 σεληναῖον
3411 1503 3510 1571 σῶς
3548 1499 3690 1553 ὑποδέ-

2223 1622 2422 1675 χονται,
2453 1605 2544 1656 xui
2574 1603 2773 1674 ὁμοίως
2799 1603 2964 1672 αὐτὴν
2992 1603 3043 1653 oi
3069 1599 3166 1671 τὴν
3195 1599 3335 1651 δύσιν
3363 1595 3596 1657 οἰκοῦντες
3621 1593 3690 1646 καί

2222 1695 2288 1748 τὰ
2319 1693 2656 1764 μεσημϐρινά
2682 1693 2774 1746 xui
2804 1691 3024 1762 ἀρκτῷα
3061 1691 3196 1761 μέρη
3226 1687 3510 1760 θεωροῦσιν.

647 1771 846 1838 Quinto
873 1786 1051 1830 autem
1087 1777 1191 1840 die,
1228 1777 1364 1831 Deus
1387 1778 1534 1848 aquis
1589 1787 1647 1830 ut
1708 1779 1999 1832 animarum
2054 1780 2127 1832 vi-

2292 1762 2368 1854 Τῇ
2396 1762 2643 1855 δ’ἡμέρᾳ
2674 1785 2738 1854 τῇ
2769 1783 2990 1854 πέμπτῃ
3015 1777 3372 1848 προσέταξεν
3398 1779 3427 1830 ό
3452 1773 3572 1840 Θεὸς
3589 1773 3689 1836 ἐξσο

579 1866 801 1918 centium
837 1867 1041 1934 reptilia
1084 1868 1365 1922 secundum
1407 1885 1564 1938 genus
1599 1869 1936 1938 producerent
1959 1870 2123 1940 jussit

583 1956 657 2022 ¹³;
685 1959 971 2028 statimque
1002 1976 1148 2016 mare
1175 1962 1326 2015 varia
1350 1961 1704 2014 animantium
1736 1976 1931 2031 genera
1966 1977 2125 2032 pepe—

578 2046 667 2099 rit.
696 2045 895 2100 liorum
931 2049 1172 2118 quaadam
1202 2065 1309 2105 non
1340 2050 1518 2104 minus
1548 2049 1712 2103 humo
1743 2066 1901 2121 quam
1933 2058 2124 2122 stagno

577 2147 962 2204 consuescunt,
991 2140 1155 2194 veluti
1188 2140 1334 2194 vituli
1364 2139 1576 2204 marini,
1604 2155 1740 2210 quos
1775 2148 1966 2194 vocant
1991 2141 2123 2211 pho-

577 2243 703 2295 cas;
734 2230 1012 2296 crocodili,
1038 2233 1160 2302 equi
1184 2230 1487 2300 ﬂuviatiles,
1511 2248 1610 2287 nec
1640 2248 1747 2288 non
1789 2241 1843 2287 et
1877 2247 2040 2299 ranae,
2069 2241 2123 2288 et

577 2320 781 2384 cancri,
816 2320 1015 2389 quibus
1059 2321 1280 2375 natandi
1319 2337 1427 2376 non
1485 2323 1625 2378 inest
1677 2321 1942 2389 facultas;
1999 2339 2122 2378 cum

575 2410 719 2462 enim
747 2419 940 2465 natura
961 2412 1014 2464 id
1060 2412 1292 2468 habeant
1334 2421 1392 2467 ut
1422 2421 1631 2482 repant,
1667 2413 1834 2468 ductu
1858 2429 2120 2483 aquarum

575 2500 888 2557 trahuntur.
921 2502 1174 2568 Quaedam
1209 2505 1461 2560 animalia
1510 2508 1748 2576 pariunt,
1780 2506 1945 2559 veluti
1967 2506 2120 2561 vituli

577 2591 794 2656 marini,
819 2593 1076 2663 delphini,
1105 2596 1427 2666 torpedines,
1457 2606 1510 2652 et
1533 2599 1616 2653 his
1645 2597 1858 2652 similia.
1888 2595 2119 2651 Tantum

576 2678 719 2736 Deus
739 2682 924 2752 jussit,
951 2692 1002 2740 et
1025 2687 1199 2755 pisces
1221 2701 1429 2751 omnes,
1464 2688 1578 2743 sive
1625 2688 1704 2744 illi
1737 2688 1792 2742 in
1822 2686 1930 2741 alto
1961 2689 2117 2752 mari,

577 2767 689 2822 sive
717 2769 770 2823 in
799 2770 996 2835 littore,
1032 2774 1143 2827 sive
1172 2774 1226 2827 in
1275 2773 1398 2830 imis
1445 2777 1712 2844 partibus,
1753 2779 1866 2834 sive
1893 2781 1948 2834 in
1973 2782 2118 2835 saxis

575 2863 834 2930 gregatim
869 2864 948 2919 vel
980 2866 1204 2934 sparsim
1222 2868 1428 2931 vivunt,
1457 2869 1570 2926 sive
1599 2870 1876 2927 immensa:
1911 2874 2114 2942 magni-

573 2955 779 3009 tudinis
807 2963 944 3021 cete,
973 2958 1085 3012 sive
1114 2958 1461 3013 minutissimi
1504 2960 1828 3032 prodi-bant;
1883 2961 2115 3018 naturali

573 3045 802 3115 quadam
835 3060 958 3099 cum
1010 3047 1164 3116 aquis
1193 3045 1448 3104 affinitate
1481 3049 1779 3119 conjuncti.
1837 3049 2117 3120 Paulisper

571 3137 713 3187 enim
743 3134 789 3186 si
822 3134 889 3188 ab
911 3135 1066 3204 aquis
1088 3143 1428 3206 separentur,
1461 3138 1703 3208 spirandi
1740 3139 1994 3195 facultate
2021 3141 2112 3195 de-

572 3222 764 3286 stituti,
799 3222 1098 3290 intereunt;
1149 3239 1270 3278 nam
1299 3225 1684 3282 branchiarum
1715 3227 2030 3284 dilatatione
2063 3237 2116 3284 et

572 3313 941 3368 contractione
975 3314 1237 3385 recipiunt
1259 3331 1454 3387 aquam
1479 3327 1534 3374 et
1579 3320 1849 3386 emittunt,
1877 3321 2116 3374 vitalem-

570 3418 676 3472 que
707 3403 846 3458 hunc
869 3403 1106 3460 habitum
1143 3407 1409 3473 reddunt;
1446 3410 1627 3465 nullus
1660 3412 1799 3466 inter
1835 3427 1928 3468 eos
1950 3411 2114 3465 dimi-

570 3495 747 3551 diatos
801 3496 960 3551 habet
1012 3497 1220 3562 dentes,
1260 3500 1354 3555 sed
1403 3517 1592 3557 omnes
1635 3502 1744 3556 illis
1795 3503 2115 3558 acuminatis

567 3584 905 3652 muniuntur,
955 3601 1021 3640 ne
1075 3587 1164 3640 diu
1217 3589 1273 3641 in
1309 3589 1613 3644 mandendo
1638 3589 1896 3659 impediti,
1933 3590 2112 3644 cibum

566 3676 890 3732 difﬂuentem
941 3677 1225 3744 amittant;
1260 3693 1390 3733 sane
1421 3679 1564 3733 enim
1609 3685 1739 3732 tunc
1792 3680 1944 3735 cibus
1977 3679 2114 3734 male

567 3769 901 3842 perderetur.
941 3768 1100 3824 Solus
1126 3771 1351 3840 piscium
1381 3785 1570 3827 scarus
1594 3769 1792 3825 dicitur
1815 3772 2110 3839 ruminare,

568 3862 946 3931 alimentisque
977 3862 1117 3925 aliis,
1147 3861 1236 3915 alii
1283 3861 1386 3917 sibi
1436 3865 1818 3918 consentaneis
1864 3873 2108 3919 utuntur.

566 3952 796 4018 Quidam
827 3952 969 4008 enim
1002 3954 1112 4007 luto
1132 3964 1442 4019 vescuntur,
1497 3954 1585 4008 alii
1637 3955 1776 4026 alga,
1810 3955 1901 4009 alii
1932 3956 2113 4012 herbis

566 4061 686 4114 quae
712 4045 766 4098 in
797 4060 935 4115 aqua
984 4052 1255 4110 crescunt,
1288 4047 1505 4116 quidam
1541 4044 1702 4100 etiam
1759 4061 1880 4101 sese
1926 4055 2113 4103 mutuo

565 4136 842 4192 devorant.

635 4230 845 4285 Habent
897 4231 1021 4286 item
1051 4239 1105 4286 et
1134 4245 1261 4286 suas
1317 4231 1692 4301 prOprietates.
1726 4229 1888 4284 Serra
1936 4231 2101 4300 piscis

565 4327 678 4380 alas
715 4325 875 4378 habet
893 4325 1149 4394 oblongas
1172 4364 1186 4388 ,
1211 4325 1256 4378 si
1295 4339 1480 4377 navem
1506 4321 1758 4378 secundis
1789 4324 1964 4378 ventis
1994 4339 2112 4377 cur-

2221 1874 2421 1945 γαγεῖν
2447 1875 2517 1928 τὰ
2553 1874 2743 1928 ὕδατα
2774 1873 2990 1942 ἑρπετὰ
3029 1869 3240 1940 ψυχῶν
3269 1865 3452 1929 ζωσῶν
3485 1865 3604 1918 κατά
3623 1862 3689 1931 τέ’

2220 1985 2344 2033 νος⁹
2375 1968 2468 2020 xui
2494 1965 2691 2029 εὐθέως
2721 1967 2753 2035 ἡ
2791 1965 2887 2036 μὲν
2917 1964 3163 2018 θάλασσα
3193 1963 3404 2014 παντοῖα
3433 1957 3562 2024 ζώων
3593 1956 3686 2025 γένη

2219 2058 2444 2130 διάφορα
2485 2056 2778 2126 ἀπεκύησε.
2819 2055 2938 2109 Τῶν
2975 2055 3087 2126 γὰρ
3137 2054 3350 2107 ἐναλίων
3372 2050 3435 2104 τὰ
3469 2050 3552 2121 μέν
3585 2050 3689 2100 ἔστιν

2221 2149 2472 2221 ἀμφίϐια,
2500 2145 2607 2202 οἷον
2649 2148 2846 2217 φῶκαι,
2886 2147 2978 2199 xui
3011 2144 3356 2216 κροκόδειλοι,
3385 2140 3467 2193 xui
3501 2139 3543 2190 ei
3568 2151 3691 2189 ποτα-

2223 2245 2387 2314 μιαῖοι
2409 2242 2584 2303 ἵπποι,
2613 2239 2692 2292 ἔτι
2725 2238 2781 2292 δὲ
2808 2239 2856 2291 oi
2897 2237 3183 2308 βάτραχοι,
3218 2236 3306 2288 xui
3332 2233 3378 2286 οἱ
3404 2231 3622 2302 καρκῖνοι,
3647 2225 3688 2278 οὗ

2222 2336 2400 2406 μέντοι
2443 2333 2504 2386 τὸ
2540 2330 2789 2402 νηκτικδν
2821 2329 3021 2399 έχουσι·
3069 2323 3370 2398 ὲρπυστικα
3410 2322 3503 2392 γάρ
3531 2319 3689 2387 ὲστιτῇ

2220 2426 2396 2497 φύσει,
2425 2423 2504 2495 τῷ
2546 2424 2786 2494 ήγήματι
2829 2419 2920 2474 τοῦ
2953 2419 3151 2482 ὕδατος
3191 2416 3552 2487 ὲπισυρόμενα·
3579 2410 3629 2462 τὰ
3648 2409 3687 2461 δὲ

2217 2517 2475 2582 ζωοτόκα,
2516 2510 2625 2569 οἷον
2663 2513 2860 2584 φῶκαι,
2892 2511 2984 2564 xui
3010 2510 3276 2579 δελφῖνες,
3309 2508 3396 2561 xui
3423 2506 3602 2575 νάρκαι,
3622 2500 3686 2553 xui

2216 2612 2283 2666 τὰ
2305 2613 2460 2681 ὅμοια
2488 2609 2690 2670 αὐτοῖς.
2716 2607 2885 2661 Μόνον
2914 2606 2970 2659 δὲ
3003 2603 3331 2676 προσέταξεν
3359 2603 3386 2654 ό
3405 2598 3534 2660 Θεὸς,
3555 2590 3686 2648 καὶτὰ

2217 2702 2465 2771 πελάγια,
2510 2700 2603 2754 xui
2632 2698 2698 2753 τὰ
2739 2696 3050 2768 αἰγιαλώδη,
3076 2695 3155 2748 τὰ
3183 2694 3354 2766 βύθια,
3391 2691 3454 2744 τὰ
3479 2683 3682 2757 nuptm.

2212 2796 2282 2851 τὰ
2298 2795 2541 2864 ἀγελαῖα,
2570 2793 2637 2846 τὰ
2659 2789 3058 2864 σποραδικὰ,τὰ
3092 2791 3258 2860 κήτη,
3283 2787 3346 2840 τὰ
3373 2783 3617 2855 ὑπέρογκα,
3636 2775 3684 2828 τὰ

2212 2887 2507 2941 λεπτότατα
2550 2883 2656 2938 τῶν
2704 2882 2896 2954 ίχθὺων
2937 2881 3140 2952 προΐει,
3192 2877 3486 2947 συγγένειαν
3514 2871 3616 2942 πρὸς
3641 2865 3684 2918 τὸ

2215 2978 2355 3050 ὕδωρ
2383 2975 2611 3048 φυσικὴν
2643 2974 2850 3044 ἔχοντα.
2875 2971 3083 3044 Μικρὸν
3119 2971 3229 3042 γὰρ
3257 2972 3304 3024 εί
3327 2968 3411 3022 τοῦ
3436 2966 3587 3026 ὓδατος
3605 2977 3682 3050 χω-

2141 3109 2184 3166 C
2219 3071 2395 3144 ρισθῇ,
2427 3067 2498 3140 μὴ
2526 3067 2712 3138 ἔχοντα
2738 3063 3025 3166 ἀναπνοην,
3051 3063 3432 3166 διαφθείρεται·
3454 3055 3589 3166 ήθγὰρ
3607 3049 3682 3166 ἷῶΪ

2219 3160 2489 3233 βραγχίων
2517 3161 2695 3222 αὐτοῖς
2734 3156 3000 3226 διαστολὴ,
3035 3156 3136 3209 xui.
3176 3152 3462 3218 ὲπίπτυξις,
3485 3145 3678 3218 δεχομένη

2213 3253 2273 3306 τὸ
2305 3251 2465 3323 ὕδωρ,
2508 3251 2600 3304 xui
2663 3249 2873 3312 διιεῖσα,
2905 3246 3110 3318 ταύτην
3142 3246 3238 3318 τὴν
3264 3242 3506 3311 ἀναπνοήν

2211 3360 2321 3398 ται.
2355 3342 2516 3396 Οὐδὲν
2539 3341 2668 3414 παρ’
2694 3341 2872 3404 αὐτοῖς
2895 3339 2953 3406 ἐξ
2973 3338 3230 3410 ἡμισείας
3253 3337 3357 3408 ἔχει
3375 3334 3484 3396 τοὺς
3505 3329 3676 3414 ὀδόντας.

2213 3433 2348 3488 ἀλλὰ
2385 3433 2560 3487 πάντα
2589 3413 2795 3485 ὀδοῦσιν
2822 3429 2964 3497 ὀξέσι
2993 3429 3485 3487 κατπαπεπύκνωται,
3515 3419 3615 3490 πρὸς
3635 3413 3676 3465 τὸ

2216 3524 2289 3596 μὴ
2317 3523 2582 3596 διαρῤέΞιν
2608 3525 2672 3593 τῇ
2701 3521 2886 3593 χρονίᾳ
2917 3521 3156 3591 μασὴσει
3173 3519 3269 3590 τὴν
3291 3516 3490 3588 τροφήν,

2212 3616 2319 3688 γὰρ
2367 3618 2424 3669 ὲν
2474 3617 2538 3686 τῇ
2588 3614 2756 3686 λεπτῇ
2814 3615 3042 3684 μασήσει
3083 3607 3468 3681 διαφθείρεσθαι
3505 3601 3582 3655 om
3607 3601 3674 3650 τοῦ

2215 3708 2420 3771 ὕδατος.
2461 3709 2550 3777 Μη
2561 3705 2763 3777 ρυκίζει
2816 3705 2872 3758 δὲ
2897 3704 3048 3757 οὐδὲν
3076 3704 3208 3757 ἄλλο
3238 3703 3360 3774 παρ’
3379 3698 3531 3758 αὐτοῖς
3551 3694 3588 3746 ει
3621 3688 3674 3759 μὴ

2210 3801 2239 3854 ό
2267 3799 2484 3870 σκάρος.
2520 3797 2672 3849 Ἔστι
2701 3795 2756 3849 δὲ
2789 3795 2880 3849 xui.
2908 3795 2940 3865 ἡ
2983 3793 3162 3865 τροφὴ
3198 3792 3324 3862 ἄλλη
3361 3787 3509 3846 ἄλλοις
3528 3777 3676 3834 κατάλ-

2211 3891 2388 3961 ληλος.
2413 3891 2475 3944 Οἱ
2509 3891 2604 3961 μὲν
2633 3889 2740 3960 γὰρ
2771 3887 2872 3942 ἰλύῖ
2890 3888 3205 3959 τρέφονται,
3233 3886 3281 3938 oi
3311 3883 3362 3938 δὲ
3385 3881 3478 3942 τοῖς
3499 3873 3674 3945 φυκίοιςν

2211 3987 2356 4040 ἄλλοι
2386 3989 2506 4048 ταῖς
2535 3984 2778 4055 βοτάναις
2799 3985 2915 4047 ταῖς
2936 3983 3300 4054 τρεφομέναις
3326 3979 3398 4050 τῷ
3421 3975 3566 4029 ὕδατι·
3587 3966 3675 4018 ite-

2215 4097 2294 4150 ροι
2319 4078 2375 4131 δέ
2401 4081 2535 4132 εἰσιν
2564 4076 2939 4149 ἀλληλοφάγοι.

2284 4237 2438 4290 Ἐστι
2465 4235 2520 4289 δὲ
2548 4233 2724 4288 αὐτῶν
2763 4233 2855 4286 xui.
2896 4233 3129 4302 διάφορα
3169 4231 3421 4322 ἰδιώμαται
3449 4221 3497 4322 :0
3530 4207 3666 4322 πρὼν

2212 4330 2482 4401 πτέρυγας
2509 4329 2618 4399 ἔχει
2649 4327 2878 4399 μακράς·
2905 4325 2997 4378 καὶ
3021 4323 3348 4394 θεασάμενος
3371 4315 3512 4370 πλοῖον
3533 4315 3674 4374 οὐριο-

562 4432 683 4474 sum
709 4425 976 4471 tenentem
1009 4431 1164 4470 suum
1199 4415 1409 4474 viderit.
1437 4414 1537 4468 alis
1557 4414 1610 4466 in
1634 4416 1800 4468 altum
1848 4417 2106 4481 extensis,

2214 4420 2460 4491 δρομοῦν,
2513 4421 2604 4473 καὶ
2649 4418 2808 4483 αὐτὸς
2847 4414 3064 4486 ὐψὼσας
3105 4413 3296 4468 ἑαυτοῦ
3327 4410 3410 4470 τὰς
3441 4401 3673 4501 πτέρυγαςε

563 4508 716 4562 navis
740 4506 917 4562 varios
940 4505 1286 4575 ingrediendo
1318 4510 1496 4557 motus
1527 4511 1687 4573 atque
1711 4504 1907 4574 figuras
1931 4507 2106 4560 imita-

561 4605 672 4659 tur,
702 4606 755 4652 et
781 4613 904 4651 cum
941 4597 1071 4665 ipsis
1099 4595 1476 4664 navigantibus
1503 4595 1570 4649 de
1589 4609 1752 4650 cursu
1781 4604 1979 4660 certat;
2012 4599 2104 4667 qui

564 4692 654 4746 ubi
685 4689 1040 4761 quadraginta
1091 4687 1387 4744 stadiorum
1421 4687 1652 4757 spatium
1683 4690 1996 4758 expleverit,
2034 4691 2107 4744 la-

561 4783 691 4838 bore
718 4782 991 4851 fatigatus,
1015 4781 1114 4835 alis
1157 4779 1414 4841 dimissis,
1463 4794 1674 4832 summa
1720 4794 1860 4850 aqua
1885 4787 2100 4848 natans,

555 4873 612 4929 in
652 4874 926 4945 proprium
953 4873 1126 4926 locum
1159 4877 1303 4925 retro
1328 4880 1480 4926 actus
1511 4870 1750 4942 appellit.

628 4965 840 5019 Balaena
882 4978 1040 5032 quam
1073 4961 1554 5031 Aspidochelonam
1608 4962 1826 5032 quidam
1888 4963 2096 5028 dicunt,

555 5057 614 5111 in
644 5057 957 5110 immensam
993 5053 1410 5124 magnitudinem
1443 5054 1723 5118 adolescit,
1754 5055 1827 5108 ita
1859 5064 1920 5110 ut
1949 5058 2103 5111 navi-

556 5149 807 5219 gentibus
855 5148 1087 5218 speciem
1122 5145 1356 5216 ingentis
1387 5147 1578 5203 insulae
1600 5157 1970 5217 reprasentet.
2023 5148 2100 5202 Ex

553 5241 818 5310 profundo
843 5255 1075 5310 namque
1104 5254 1384 5310 emergens
1423 5241 1622 5294 eminet
1654 5239 1817 5295 dorso
1874 5241 2100 5294 multum

553 5349 716 5402 supra
743 5350 930 5403 aquas,
958 5333 1100 5404 quod
1129 5331 1281 5388 duris
1319 5332 1632 5401 asperisque
1661 5333 1808 5386 saxis
1847 5333 2100 5388 vestitum

551 5422 794 5488 videtur;
831 5433 885 5479 et
932 5426 987 5478 in
1025 5441 1090 5480 eo
1120 5423 1240 5477 lixis
1287 5423 1424 5492 palis
1469 5437 1635 5478 naves
1683 5423 1924 5492 alligant,
1980 5437 2102 5493 qua:

553 5512 731 5565 statim
757 5516 809 5567 in
839 5531 1033 5585 aquam
1061 5521 1364 5585 emergunt,
1388 5530 1510 5572 cum
1531 5514 1736 5570 balaena
1767 5515 2100 5585 apricatione

551 5600 835 5657 iucaluerit
861 5621 1026 5675 seque
1073 5608 1127 5661 in
1157 5607 1482 5676 profundum
1519 5606 1880 5666 immerserit:
1940 5607 2100 5666 habet

626 5695 668 5727 “
699 5693 824 5750 Gen.
863 5713 901 5763 ι,
939 5699 1020 5754 15.

2215 4483 2456 4584 μιμεῖται
2501 4513 2599 4582 τῆς
2643 4511 2767 4583 νηὸς
2806 4510 2872 4563 τὰ
2895 4483 3167 4580 σχήματα
3206 4507 3304 4575 τῆς
3339 4500 3572 4569 κινήσεως,

2210 4603 2375 4676 ἐρίζει
2403 4605 2514 4666 τοῖς
2557 4601 2791 4654 πλέουσι.
2823 4601 3057 4670 Ποιήσας
3082 4593 3176 4651 οῦν
3220 4593 3444 4652 σταδίους
3466 4589 3674 4647 τεσσαρα-

2210 4713 2392 4759 κοντα,
2427 4694 2520 4750 καὶ
2552 4693 2836 4755 κοπιάσας,
2874 4690 3117 4761 καθίησιν
3145 4686 3307 4742 αὐτοῦ
3333 4685 3417 4745 τὰς
3444 4676 3671 4761 πτέρυγφςο

2209 4790 2300 4842 καὶ
2347 4757 2568 4860 φέρεται
2613 4785 2717 4840 ὑπὸ
2754 4785 2868 4840 τῶν
2912 4757 3167 4854 κυμάτων
3208 4782 3288 4842 εἰς
3323 4777 3406 4830 τὸν
3443 4770 3574 4823 τόπον
3606 4757 3672 4810 τὸν

2209 4883 2356 4937 ίδιον.
2961 4903 2972 4912 ·
3607 4891 3610 4895 ’

2275 4971 2348 5023 Τδ
2378 4971 2432 5024 δὲ
2463 4970 2624 5040 κῆτος
2656 4969 2893 5022 καλεῖται
2917 4963 3015 5032 μὲν
3038 4947 3669 5050 ’Ᾱσπιδοχελώνηπαράς

2207 5081 2318 5118 σινο
2357 5063 2471 5115 ἐστι
2503 5036 2560 5115 δὲ
2589 5063 2654 5132 τῇ
2688 5060 2844 5129 φύσει
2883 5055 3405 5129 παμμεγεθέστατον,
3436 5047 3499 5105 ὡς

2205 5175 2291 5218 κις
2331 5160 2442 5221 τοῖς
2487 5152 2914 5223 ναυτιλλομένοις
2962 5152 3122 5222 νήσου
3175 5145 3403 5219 μεγάλης
3444 5141 3663 5225 “ﬂag?

2203 5249 2514 5318 ἐμποιῆσαι.
2564 5220 2942 5309 Ἀναδῦσαντος
2983 5220 3091 5316 γ-ὰρ
3128 5240 3287 5296 αὑτοῦ
3327 5242 3386 5291 ἐκ
3417 5228 3498 5286 τοῦ
3531 5220 3659 5318 βυθοῦ,

2207 5315 2280 5398 ὥς
2303 5315 2439 5391 λίθδι
2457 5339 2676 5407 τραχεῖς
2696 5335 2757 5389 τδ
2782 5335 2937 5405 σῶμα
2961 5315 3121 5388 αὐτοῦ
3147 5329 3460 5400 ἔκφαίνεται,
3481 5315 3552 5371 καὶ
3575 5319 3658 5407 ξτερί

2209 5426 2336 5480 αὐτὸ
2380 5401 2595 5491 πάλὸυξ
2617 5401 3055 5497 καταπηγνύντες
3083 5418 3387 5492 ὲκδεσμοῦσι
3415 5413 3474 5467 τὰ
3513 5401 3657 5497 alii)?

2209 5517 2359 5570 ἅτινα
2412 5518 2745 5590 παραχρῆμα
2795 5492 3084 5588 βυθίζεται,
3123 5511 3212 5567 τοῦ
3261 5511 3441 5580 κήτους
3486 5492 3658 5597 ei?”

2214 5605 2364 5677 ἡλίου
2384 5584 2526 5662 διαθε
2535 5584 2879 5680 ρεῖαν-θέντος,
2900 5608 3002 5663 .xui
3021 5608 3097 5668 είς
3119 5601 3204 5656 τόν
3231 5597 3382 5670 βυθὸν
3399 5584 3657 5647 καταδύων*
