1949 3098
95 119 150 149 725

551 122 686 150 SPURIA.
704 137 739 143 —
758 121 936 150 COMMENT.
1006 122 1253 153 HEXAEMERON.

1659 130 1711 157 7'26

93 190 159 214 τος’
181 182 236 219 ἔχει
249 182 277 209 δὶ
298 182 373 215 αὐτὸ,
398 183 443 210 καὶ
458 183 536 218 φύσει
572 184 682 220 βαρεῖαν
701 184 802 220 φωνὴν,
830 184 877 211 καὶ

934 188 955 211 et
967 191 1060 212 vocem
1071 191 1191 220 gravem,
1207 189 1234 212 et
1255 184 1326 212 fame
1346 193 1377 213 os
1394 186 1491 221 aperit,
1507 187 1714 216 suavissimum-

94 229 231 264 πεινῆσαν
261 229 377 263 ἀνοίγειν
397 229 427 256 τὸ
455 230 556 265 στόμα,
588 230 634 257 καὶ
663 230 803 266 ἀποφορὰν
832 231 878 256 ἐκ-

96 276 219 311 πέμπειν
242 275 437 311 εὐωδεστάτην,
461 276 530 303 ὥστε
556 277 621 309 τοὺς
647 277 760 312 μικροὺς
786 276 879 311 ἰχθύας

97 321 271 357 ἁφέλκεσθαι,
296 322 342 348 καὶ
363 323 401 353 εἰς
422 322 451 348 τὸ
474 323 561 358 στόμα
587 323 683 354 αὐτοὺς
707 323 783 354 ὅλους
798 322 878 349 αὑτοῦ

96 367 328 399 ὲπιστιὸάζεσθαι.
342 368 471 394 Κατοικεῖ
484 369 512 394 δὲ
533 368 611 395 τοῦτο
626 369 662 396 τὰ
680 368 819 396 Ἀτλάντια
832 377 879 394 πε-

94 412 164 448 λάγη
180 413 223 440 διὰ
235 413 266 440 τὸ
284 414 406 449 μέγεθος.

130 459 176 495 Τῴ
195 460 223 486 δὲ
244 460 396 496 καρκίνῳή
418 461 485 497 σὰρξ
504 461 551 487 τοῦ
572 461 682 496 ὀστρέου
700 462 772 487 ἐστὶν
789 460 879 487 ἐδώδι-

94 513 156 540 μος,
170 505 218 532 καὶ
234 505 270 541 μὴ
289 505 387 540 ἰσχύων
404 506 507 539 ἀνοῖξαι
528 506 582 533 τῶν
601 507 708 541 κόγχων
728 506 808 533 αὑτοῦ
830 507 879 541 τὴν

94 549 259 585 σύμπτυξιν,
282 551 405 586 ἐπιτηρεί
428 551 476 583 τὰς
501 551 606 586 πτυχὰς
629 551 710 577 αὐτοῦ
737 551 879 583 ἀνοίξαντα

92 596 123 622 ἐν
147 597 202 627 τοῖς
223 596 373 632 ἀπηνέμοις
395 597 497 628 τόποις,
518 597 564 623 καὶ¹
584 598 616 632 τῇ
640 597 710 633 αὐγῇ
733 597 778 624 τοῦ
804 597 879 633 ἡλίου

91 642 271 677 τερπόμενον,
291 643 337 668 καὶ
357 641 445 669 λαὸὼν
464 642 567 677 ψηφῖδα
588 642 708 678 ἐντίθησι
733 641 878 677 λαθραίως,

92 689 141 716 καὶ
155 688 255 715 κωλύει
270 688 318 724 τὴν
346 688 507 724 σύμπτυξιν,
529 689 576 716 καὶ
600 688 670 715 οὕτω
698 688 796 724 ῥᾳδίως
815 688 880 715 αὐτὸ

91 735 249 763 κατέδεται.

134 782 163 808 '0
176 782 205 808 δὲ
226 783 313 817 ἐχῖνος
341 782 522 818 προγινώσκει
536 782 583 808 τοῦ
605 781 737 817 χειμῶνος
751 781 799 816 τὴν
820 781 881 815 ἔφο-

93 826 148 859 δον,
166 828 213 854 καὶ
224 827 327 864 ψηφῖδα
340 828 485 864 ὑπέρχεται
498 828 565 865 πρὸς
576 828 606 854 τὸ
620 827 656 863 μὴ
668 827 719 854 ὑπὸ
732 827 782 862 τῆς
795 828 879 863 φορᾶς

93 873 146 900 τῶν
160 874 291 909 κυμάτων
308 875 387 901 αὐτὸν
402 874 589 910 περιάγεσθαι.

133 918 164 946 '0
186 919 215 946 δὲ
240 920 385 953 πολύπους,
410 921 601 957 προσπελάσας
618 920 704 956 πέτρᾳ
726 921 789 951 τινὶ,
813 921 878 956 ὁμό-

93 974 172 1000 χροος
190 967 258 1002 αὐτῇ
282 966 444 1003 καθέστηκε,
470 968 517 994 καὶ
531 968 593 999 τοὺς
609 968 768 1002 ἐγγίζοντας
785 968 877 1003 ἰχθύας

92 1012 124 1047 τῇ
143 1012 232 1048 πέτρᾳ
246 1013 396 1040 κατέδεται.

126 1058 298 1093 Μικρότατον
318 1058 346 1085 δὲ
369 1060 402 1094 τῇ
422 1058 500 1094 φύσει
517 1060 533 1095 ἡ
556 1058 660 1094 ἐχενηῖς
676 1059 812 1094 τυγχάνει,
831 1060 877 1086 καὶ

93 1104 125 1131 τὰ
142 1104 260 1140 μέγιστα
273 1105 327 1131 τῶν
342 1105 441 1131 πλοίων
454 1105 483 1138 ἐξ
503 1106 595 1141 οὐρίας
611 1105 747 1141 φερόμενα
761 1106 875 1141 ἵστησιν,

92 1149 160 1177 ὥστε
175 1150 263 1178 δοκεῖν
275 1151 305 1178 τὸ
320 1151 410 1177 πλοῖον
426 1151 583 1187 ὲρηρεῖσθαι
597 1152 636 1182 είς
651 1151 681 1177 τὸ
696 1151 821 1186 πέλαγος.

127 1196 225 1232 ’Υδρις
246 1195 274 1222 δὲ
298 1195 372 1223 ἐστιν
392 1197 420 1222 ἐν
438 1196 476 1231 τῷ
501 1196 626 1232 ποταμῷ,
651 1197 756 1232 μορφὴν
779 1196 876 1232 ἔχουσα

93 1243 191 1275 κυνὸς,
215 1242 276 1277 ἣτις
298 1242 344 1268 τοῦ
369 1242 539 1279 κροκοδείλου
562 1243 645 1279 ἐχθρὰ
668 1244 805 1277 τυγχάνει,
830 1244 877 1270 καὶ

91 1288 200 1323 ἀναιρεῖ
214 1287 307 1313 τοῦτον
330 1287 502 1315 καθεύδοντα.
526 1288 562 1314 Τὸ
586 1288 640 1323 γὰρ
666 1288 753 1324 στόμα
777 1289 875 1315 ἑαυτοῦ

91 1332 226 1365 διανοίξας
252 1335 266 1359 δ
289 1333 456 1369 κροκόδειλος
477 1334 616 1361 καθεύδει”
640 1334 686 1361 καὶ
702 1335 718 1370 ἡ
736 1334 819 1370 ὖδρις,
836 1336 876 1367 είς

92 1377 177 1414 πηλὸν
199 1378 297 1414 ἑαυτὴν
321 1378 498 1412 ἐγκωλύσασα
525 1379 557 1415 [Γ.
584 1379 771 1416 ὲγκυλίσασαῙ,
790 1381 830 1412 είς
846 1382 876 1407 τὸ

92 1424 181 1459 στόμα
202 1423 283 1450 αὐτοῦ
312 1424 436 1460 εἰσπηδᾷ,
465 1424 511 1451 καὶ
534 1424 620 1451 πάντα
638 1424 672 1451 τὰ
700 1425 773 1457 ἐντὸς
793 1425 874 1453 αὐτοῦ

91 1470 273 1497 κατεσθίουσα
291 1470 396 1505 ἀναιρεῖ
411 1471 500 1497 αὐτόν.

128 1516 208 1544 Ἐστι
222 1515 251 1541 δὲ
266 1516 280 1541 ό
292 1515 459 1550 κροκόδειλος
476 1515 568 1552 θηρίον
584 1516 650 1552 ὁμοῦ
665 1518 711 1548 καὶ
727 1517 811 1553 ἰχθὺς,
829 1518 876 1545 καὶ

94 1563 166 1598 μέγα
183 1562 238 1588 ἀπὸ
255 1561 374 1596 κεφαλῆς
389 1561 453 1597 ἄχρι
475 1563 566 1598 οὐρᾶς·
581 1563 611 1589 οὐ
629 1564 677 1599 μὲν
693 1563 748 1599 ἔχει
760 1565 789 1591 τὸ
807 1564 876 1591 πλά-

92 1618 136 1641 τος
151 1607 199 1634 τοῦ
217 1607 347 1642 μεγέθους
366 1608 504 1642 ἀνάλογον.
527 1609 558 1635 'H
575 1609 602 1636 δὲ
623 1610 689 1646 δορὰ
706 1610 786 1638 αὐτοῦ
800 1611 877 1642 λεπὶς

92 1654 220 1689 τυγχάνει
237 1654 314 1689 ῥυτὴ,
332 1655 378 1680 καὶ
394 1656 410 1690 ἡ
426 1655 503 1691 χροιὰ
522 1656 568 1682 τοῦ
590 1656 672 1683 νώτου
689 1657 769 1683 αὑτοῦ
790 1658 877 1693 πέτρᾳ

95 1700 208 1735 μελαίνῃ
225 1699 322 1731 ἔοικεν,
343 1701 359 1735 ἡ
380 1699 407 1725 δὲ
422 1701 527 1736 γαστὴρ
548 1700 641 1737 λευκῇ.
656 1702 738 1733 Πὸδες
754 1702 782 1728 δὲ
795 1702 877 1729 αὑτοῦ

93 1747 145 1772 εἱσι
165 1745 306 1781 τέσσαρες,
332 1746 371 1777 είς
395 1745 425 1771 τὸ
445 1746 557 1780 πλάγιον
578 1747 668 1782 ἠρέμα
689 1748 874 1783 κυρτουμένου

92 1788 185 1820 καθὼς
200 1789 251 1824 τῆς
265 1789 393 1825 χερσαίας
408 1789 537 1825 χελώνης,
554 1791 622 1826 οὐρὰ
645 1792 739 1827 μακρὰ
760 1794 806 1819 καὶ
826 1802 878 1819 πα-

93 1836 166 1871 χεῖαν
187 1836 233 1871 τῆς
257 1836 362 1870 ῥάχεως
386 1836 439 1872 γάρ
460 1838 532 1864 ἐστιν
557 1837 616 1869 ἑνὸς
636 1839 729 1865 ὀστέου
753 1841 875 1877 τελευτή.

98 1882 277 1918 Ἐντέτμηται
297 1882 325 1908 δὲ
341 1882 442 1909 ἄνωθεν
458 1884 498 1915 εἰς
517 1883 647 1916 ἀκάνθας,
665 1885 712 1911 καὶ
727 1886 795 1912 εἰσιν
810 1886 877 1912 ὡσεὶ

91 1929 146 1956 τῶν
159 1930 278 1965 πριόνων
290 1930 387 1965 ἀκμαὶ,
402 1932 448 1959 καὶ
461 1930 556 1956 τύπτει
573 1931 601 1957 ἐν
616 1931 682 1967 αὐτῇ
698 1932 765 1967 πρὸς
780 1931 826 1963 οὓς
844 1932 877 1959 ἂν

91 1975 204 2012 παλαίῃ.
222 1976 279 2002 Μία
294 1976 322 2002 δὲ
340 1976 420 2003 αὑτοῦ
434 1977 492 2003 ἐστὶ
509 1977 611 2013 κεφαλὴ
629 1979 685 2009 τοῖς
707 1978 802 2010 νώτοις
816 1987 876 2004 συν-

92 2023 272 2058 υφαινομένη,
296 2023 342 2049 καὶ
362 2023 400 2055 εἰς
423 2023 485 2058 μίαν
507 2023 648 2060 ίθυνομένη
674 2024 805 2060 στάθμην
831 2026 877 2051 καὶ

94 2070 136 2104 ἐφ’
147 2070 209 2096 ὅσον
225 2069 254 2095 οὐ
270 2068 377 2104 κέχηνε,
392 2068 486 2104 θηρίου
501 2070 558 2095 ἐστὶ
568 2069 683 2106 κεφαλή·
699 2070 745 2096 ἐὰν
756 2070 784 2096 δὲ
797 2070 875 2107 χάνῃ,

91 2116 152 2143 ὅλον
176 2115 266 2150 στόμα
292 2115 407 2149 γίνεται,
435 2115 515 2151 μέχρι
541 2116 595 2143 τῶν
618 2115 700 2151 ὣμων
726 2116 756 2142 τὸ
784 2117 876 2152 χάσμα

93 2170 219 2189 ποιουσα.

930 239 983 266 que
1002 231 1112 259 odorem
1140 231 1255 265 emittit;
1274 232 1311 259 ila
1327 236 1356 259 ut
1381 232 1516 267 pisciculi,
1542 234 1614 262 illius
1630 235 1714 263 odore

930 277 1015 308 ducti,
1041 285 1138 305 onmes
1162 278 1244 304 simul
1271 277 1297 304 in
1314 278 1373 312 ejus
1396 286 1444 305 ore
1469 280 1714 314 constipentur;et

931 327 1043 358 propter
1060 323 1220 351 immensam
1242 324 1339 351 molem
1360 323 1523 351 Atlanticum
1548 333 1622 353 mare
1638 326 1714 353 inco-

931 367 969 394 lit.

967 468 1066 495 Cancri
1096 472 1248 496 ostrearum
1276 470 1386 496 aluntur
1408 471 1546 503 carnibus,
1567 472 1625 507 qui,
1652 467 1713 499 cum

930 521 1025 541 earum
1041 518 1127 542 testas
1140 515 1215 543 ﬁrme
1232 520 1389 543 contractas
1407 517 1513 552 aperire
1529 526 1581 545 non
1594 518 1712 551 valeant,

930 561 958 588 in
972 568 1064 588 earum
1079 562 1165 596 plicas
1186 563 1211 589 in
1231 562 1298 590 locis
1312 563 1425 598 placidis
1439 569 1465 591 et
1481 564 1545 592 solis
1563 564 1646 593 radiis
1666 573 1714 600 pa-

931 610 1029 639 tentes,
1047 608 1182 634 calculum
1200 612 1339 643 arreptum
1351 609 1420 635 clam
1443 609 1596 644 imponunt,
1613 618 1714 646 easque

931 653 1032 680 frustra
1050 661 1079 681 se
1096 654 1257 682 contrahere
1275 658 1409 683 tentantes
1424 656 1580 684 comedunt.

967 783 1064 811 Echini
1090 785 1223 812 saevitiam
1250 787 1333 814 maris
1361 788 1535 822 praesagiunt,
1551 789 1713 826 lapillosque

931 830 1049 857 subeunt.
1074 831 1156 864 allixi,
1182 840 1216 859 ne
1240 839 1373 867 aquarum
1402 834 1570 862 volutatione
1599 836 1713 864 mobiles

933 874 996 901 hinc
1006 875 1069 902 inde
1086 876 1237 903 trahantur.

966 920 1084 956 Polypus
1103 922 1136 948 ad
1149 922 1355 950 similitudinem
1372 924 1423 951 loci
1439 933 1518 960 quem
1534 926 1642 962 attingit
1666 935 1712 954 co-

931 967 1015 995 lorem
1033 972 1128 1001 mutat,
1156 968 1370 1005 adnatantesque
1392 972 1537 1005 pisciculos
1558 972 1590 999 ad
1608 977 1711 1007 petram

931 1019 1055 1042 venatur.

967 1060 1013 1089 Est
1031 1068 1131 1096 parvus
1147 1061 1291 1088 admodum
1310 1062 1392 1097 piscis
1407 1063 1533 1091 echeneis
1547 1063 1709 1098 appellatus,

930 1106 1054 1142 ingentes
1065 1114 1147 1134 naves
1162 1108 1255 1142 plenas
1272 1109 1359 1135 ventis
1375 1108 1516 1137 adhzerens
1528 1114 1659 1142 moratur,
1674 1110 1710 1137 ita

930 1158 960 1180 ut
975 1153 1127 1181 immobiles
1138 1158 1210 1181 stare
1219 1154 1372 1182 videantur.

966 1197 1065 1234 Ilydris
1079 1199 1106 1226 in
1124 1199 1282 1228 ﬂuminibus
1297 1200 1374 1233 vivit,
1388 1201 1487 1229 canino
1500 1202 1597 1237 capite,
1614 1210 1710 1230 croco-

930 1245 984 1273 dilo
996 1245 1102 1274 infensa
1113 1255 1192 1282 quem
1207 1251 1233 1275 et
1247 1255 1343 1275 somno
1358 1249 1475 1284 sopitum
1490 1249 1629 1277 interimit.
1643 1250 1712 1277 Cro-

929 1292 1035 1320 eodilus
1049 1293 1122 1320 enim
1137 1293 1236 1321 dormit
1251 1294 1336 1321 hianti
1350 1302 1407 1328 ore,
1425 1299 1451 1322 et
1467 1295 1569 1331 hydrus
1583 1296 1639 1324 luto
1654 1304 1711 1325 ca:-

930 1345 1019 1373 noque
1032 1338 1170 1370 obvoluta,
1189 1339 1216 1366 in
1230 1347 1261 1368 os
1276 1339 1372 1373 insilit,
1391 1344 1417 1368 et
1430 1340 1606 1370 interioribus
1621 1343 1709 1370 omni-

929 1384 981 1412 bus
996 1385 1084 1413 exesis
1100 1385 1210 1413 occidit.

965 1519 1098 1546 Caeterum
1120 1519 1275 1547 crocodilus
1290 1523 1331 1547 est
1349 1519 1438 1546 bellua
1460 1521 1541 1548 simul
1565 1524 1592 1548 et
1609 1521 1706 1557 piscis;

928 1565 1038 1600 longum
1054 1565 1125 1592 inter
1141 1570 1221 1600 caput
1235 1570 1261 1592 et
1272 1566 1386 1593 caudam
1414 1568 1530 1601 spatium
1546 1568 1708 1602 intercedit;

929 1611 976 1638 sed
989 1611 1151 1646 longitudini
1165 1611 1279 1638 latitudo
1299 1612 1474 1646 proportione
1500 1613 1707 1649 haudquaquam

928 1657 1093 1692 respondet;
1110 1656 1182 1683 cutis
1200 1658 1321 1692 squamis
1332 1658 1437 1692 asperis
1457 1659 1619 1693 obducitur;
1635 1661 1710 1688 color

928 1702 1003 1730 dorsi
1023 1705 1104 1737 petra:
1119 1702 1202 1737 nigrae
1234 1702 1332 1730 similis
1361 1708 1412 1734 est,
1430 1703 1507 1731 alvus
1532 1704 1612 1738 alba;
1627 1705 1708 1739 pedes

928 1752 1055 1783 quatuor,
1071 1748 1098 1775 in
1111 1748 1248 1783 obliquum
1268 1749 1368 1776 sensim
1385 1749 1500 1782 curvati,
1521 1750 1610 1784 qualis
1627 1755 1710 1778 terre-

928 1794 993 1822 stris
1019 1794 1183 1827 testudinis;
1202 1794 1288 1821 cauda
1314 1795 1429 1830 oblonga
1452 1799 1478 1823 et
1504 1803 1607 1828 crassa.
1625 1797 1709 1831 spinae

928 1840 1000 1868 enim
1018 1840 1099 1868 unius
1113 1840 1185 1868 ossis
1198 1846 1240 1868 est
1257 1840 1401 1873 terminus,
1418 1841 1497 1875 cujus
1510 1842 1633 1876 superior
1645 1849 1709 1877 pars

929 1890 1048 1914 serratas
1079 1887 1158 1914 habet
1186 1888 1295 1918 cristas,
1326 1887 1433 1922 illisque
1461 1888 1542 1914 veluti
1571 1895 1708 1915 serrarum

928 1932 1112 1964 acuminibus.
1131 1940 1186 1967 quo
1203 1941 1264 1959 cum
1280 1937 1375 1965 certat,
1398 1933 1523 1968 percutit.
1539 1933 1625 1969 Caput
1636 1934 1710 1962 illius

929 1977 1050 2005 humeris
1063 1977 1230 2012 adjungitur,
1246 1981 1273 2005 et
1300 1978 1333 2004 ad
1348 1978 1480 2005 amussim
1503 1978 1635 2006 directum
1656 1983 1707 2010 est.

928 2022 1003 2049 nullo
1017 2026 1164 2057 apparente
1190 2022 1364 2055 discrimine;
1385 2025 1412 2049 et
1435 2022 1554 2057 quandiu
1571 2031 1624 2050 non
1641 2022 1707 2055 hiat,

928 2069 1023 2096 bellum
1037 2073 1118 2103 caput
1131 2073 1172 2096 est
1184 2077 1192 2101 ;
1206 2068 1252 2095 ubi
1273 2068 1363 2100 hiarit,
1380 2072 1467 2095 totum
1490 2077 1521 2096 os
1543 2070 1581 2101 lit,
1600 2074 1628 2096 ut
1646 2073 1708 2105 potu

927 2115 974 2150 qui
990 2115 1023 2142 ad
1036 2115 1163 2142 humeros
1179 2123 1264 2150 usque
1279 2114 1381 2141 hiatum
1399 2115 1544 2150 protendit.

133 2208 163 2235 '0
177 2208 205 2234 δὲ
222 2207 365 2243 λεγόμενος
379 2208 567 2243 ἱπποπόταμος
585 2208 668 2234 ἵππου
687 2208 736 2244 μὲν
749 2209 810 2240 τοὺς
825 2208 875 2234 πό-

964 2205 1181 2241 Hippopotamus
1209 2206 1315 2241 equinis
1345 2205 1460 2241 pedibus
1484 2210 1510 2233 et
1524 2210 1627 2238 ventre,
1657 2206 1709 2233 nisi

90 2254 139 2285 δας
153 2253 210 2289 ἔχει
224 2254 271 2280 καὶ
287 2254 335 2288 τὴν
349 2253 477 2288 γαστέρα,
496 2253 544 2289 τὴν
564 2253 592 2279 δὲ
611 2253 694 2288 ὁπλὴν
713 2253 823 2288 σχιστὴν
839 2254 876 2285 ὡς

91 2300 189 2335 χηλὴν,
205 2299 288 2334 οὐρὰν
308 2300 421 2334 παχεῖαν
438 2300 485 2325 καὶ
498 2299 577 2335 ψιλὴν
597 2299 707 2335 τριχῶν,
722 2300 762 2326 ὃτι
780 2301 826 2326 καὶ
847 2301 877 2327 τὸ

92 2347 146 2372 πᾶν
171 2345 219 2372 τοῦ
245 2344 368 2380 σώματος
392 2345 477 2377 οὕτως
500 2346 567 2381 ἔχει,
594 2346 714 2381 κεφαλὴν
742 2347 876 2382 περιφερῆ

93 2392 193 2427 μικρὸν
210 2391 259 2425 τῆς
284 2391 366 2417 ἵππου
391 2392 506 2427 παρειᾶς
526 2391 663 2427 διάφορον,
687 2392 732 2418 καὶ
759 2392 815 2427 ἔχει
832 2402 877 2419 κε-

92 2437 196 2473 χηνότα
222 2436 267 2463 τὸν
292 2437 427 2473 μυκτῆρα,
454 2437 565 2472 πυρώδη
588 2438 698 2469 καπνὸν,
720 2438 756 2470 ὡς
781 2439 812 2466 ἐκ
829 2448 878 2466 κα-

93 2483 185 2518 μίνου,
220 2482 344 2515 πνέοντα,
369 2484 448 2517 γένυν
482 2484 619 2510 πλατεῖαν·
645 2485 723 2520 μέχρι
747 2485 801 2521 γὰρ
824 2486 877 2512 τῶν

92 2529 238 2565 κροτάφων
270 2529 371 2563 ἀνοίγει
401 2529 432 2556 τὸ
463 2530 558 2565 στόμα.
598 2530 700 2557 Ὀδοῦσι
742 2531 771 2557 δὲ
805 2531 878 2559 ἔνδον

91 2575 194 2611 τριχῶς
210 2575 398 2607 πεπύκνωται,
421 2575 488 2611 ἔχων
504 2575 572 2612 πρὸς
585 2576 689 2608 τούτοις
709 2577 755 2604 δύο
771 2578 879 2609 ὀδόντας

92 2621 260 2656 ἐπικαμπεῖς
277 2621 315 2653 ὡς
332 2621 402 2652 συός.
420 2622 474 2648 Καὶ
488 2621 559 2648 ἔστιν
568 2621 792 2657 ἀδδηφαγίὶπατον
807 2622 877 2654 ὅλον,

92 2665 168 2701 λήϊον
195 2666 288 2693 ποιοῦν
314 2667 425 2701 τροφήν.
450 2666 553 2703 Ἀπάτη
571 2667 599 2693 δὲ
624 2667 738 2703 θηρᾶται
757 2668 876 2705 τοιαύτῃ.

100 2711 291 2748 Ἐπιτηροῦσιν
325 2711 407 2739 αὐτοῦ
444 2713 493 2745 τὰς
515 2713 664 2748 διατριϐὰς,
695 2715 742 2741 καὶ
772 2714 879 2750 ὃρυγμα

95 2759 212 2790 ποιοῦσι,
227 2759 274 2786 καὶ
294 2759 404 2796 καλάμῃ
423 2759 489 2786 αὐτὸ
508 2760 676 2794 στεγάζουσι,
699 2761 745 2787 καὶ
766 2762 879 2797 ἐπιχων-

99 2805 188 2833 νύονσι
214 2805 330 2841 ψάμμῳ,
349 2806 395 2832 καὶ
415 2805 517 2838 ξύλινον
533 2806 625 2833 ἱστῶσι
643 2807 762 2834 κάτωθεν
777 2808 879 2844 οἴκημα

99 2853 157 2890 ἱχον
181 2853 356 2891 ἀνεῳγμένας
373 2853 421 2885 τὰς
440 2852 524 2890 θύρας
537 2854 577 2887 εἰς
593 2853 637 2880 τὸν
651 2852 746 2888 δροφν
772 2853 818 2880 τοῦ
836 2854 879 2889 βό-

929 2251 1002 2286 quod
1018 2252 1128 2287 ungulis
1143 2251 1242 2284 biﬁdis,
1259 2252 1354 2287 quales
1380 2252 1483 2285 bobus;
1499 2253 1583 2280 cauda
1605 2254 1630 2280 ei
1650 2253 1711 2280 bre-

929 2299 969 2325 vis
984 2301 1036 2330 est,
1051 2302 1078 2325 et
1093 2299 1207 2333 pilorum
1223 2299 1377 2333 asperitate,
1387 2300 1613 2334 quemadmodum
1628 2300 1709 2327 etiam

928 2351 1028 2379 corpus
1041 2344 1185 2379 reliquum.
1201 2353 1312 2377 carens;
1325 2345 1569 2380 caputrotundum,
1586 2353 1708 2380 parvum,

928 2389 962 2416 ab
973 2388 1080 2424 equinis
1103 2389 1222 2416 maxillis
1250 2389 1403 2421 diversum;
1418 2397 1498 2416 nares
1515 2397 1644 2424 perquam
1662 2397 1710 2425 ρει.

928 2435 1002 2468 ιυῐω,
1014 2443 1044 2462 ac
1059 2436 1171 2470 ignitum
1184 2435 1297 2467 fumum,
1308 2438 1436 2470 tanquam
1450 2435 1520 2470 ignis
1531 2436 1710 2470 scaturigines

928 2482 1061 2516 quadam,
1081 2482 1226 2516 spirantes,
1240 2486 1359 2509 mentum
1374 2482 1468 2514 latum,
1486 2481 1584 2509 etenim
1597 2482 1629 2508 ad
1642 2487 1710 2509 tem-

929 2536 996 2563 pora
1007 2536 1093 2563 usque
1106 2528 1208 2555 hiatum
1226 2528 1373 2562 protendit,
1389 2533 1415 2555 et
1442 2527 1513 2554 trina
1529 2528 1651 2555 dentium
1666 2535 1711 2555 se-

928 2576 969 2602 rie
1001 2574 1193 2609 constipatur:
1220 2579 1317 2609 prteter
1344 2574 1394 2601 hos
1410 2578 1436 2600 et
1461 2574 1559 2608 gemini
1577 2573 1710 2608 prodeunt

929 2622 1004 2648 curvi
1017 2621 1141 2656 aprugni,
1159 2628 1226 2655 quos
1244 2620 1355 2647 caninos
1376 2623 1487 2653 vocant;
1508 2621 1590 2646 nullis
1612 2620 1710 2646 bestia-

929 2675 989 2694 rum
1007 2668 1156 2694 voracitate
1174 2666 1296 2699 infcrior,
1314 2667 1351 2693 ita
1367 2670 1396 2693 ut
1411 2669 1500 2700 segete
1512 2667 1619 2700 plenum
1635 2674 1710 2692 cam-

930 2722 997 2746 pum
1019 2714 1154 2745 absumat.
1182 2714 1343 2748 capiturque
1370 2713 1420 2740 hoc
1449 2713 1521 2740 dolo.
1553 2712 1710 2739 Observatis

930 2760 1002 2788 enim
1018 2760 1085 2788 locis
1100 2760 1127 2786 in
1146 2760 1245 2794 quibus
1260 2760 1343 2794 degit,
1356 2763 1500 2787 venatores
1517 2759 1616 2786 fossam
1629 2766 1711 2785 excu-

930 2810 1004 2839 rant,
1033 2806 1266 2840 arundinibusque
1302 2806 1380 2840 quasi
1404 2809 1505 2833 tectum
1534 2805 1709 2839 contiguam,

930 2859 1065 2888 arenaque
1075 2852 1234 2888 cooperiunt
1245 2861 1252 2885 ;
1265 2853 1290 2879 in
1304 2859 1388 2888 caque
1400 2859 1492 2880 arcam
1513 2852 1629 2886 ligneam
1647 2849 1713 2878 sub-
