3898 6196
582 202 686 257 727
1447 199 1504 255 S.
1546 197 1988 256 EUSTATHIUS
2024 190 2512 253 ANTIOCHENUS
2550 193 2942 252 EPISCOPUS.
3613 208 3692 266 τῃ

574 319 791 389 jiciunt,
819 317 977 389 cujus
993 315 1136 372 l‘ores
1160 316 1216 371 in
1245 316 1527 388 superiore
1554 323 1711 388 parte
1748 315 1815 371 ad
1848 315 2010 373 fossae
2058 312 2138 368 al-

2242 309 2387 383 θρου⁸
2418 312 2513 366 καὶ
2550 312 2746 377 ὲπιδάς
2775 315 2803 366 ὁ
2833 311 2934 385 θὴρ
2961 312 3164 382 ἀφελῶς
3186 314 3448 385 ἐμπίπτει,
3470 319 3549 373 καὶ
3571 322 3631 385 είς
3649 326 3697 378 τὸ

576 411 864 466 titudinem
922 405 1191 477 adapertae
1242 414 1399 475 sunt;
1434 414 1490 462 et
1531 407 1709 463 bellua
1766 421 1887 462 eam
1917 419 2141 476 snpera-

580 500 891 558 scendendo
919 498 1320 555 inconsiderate
1363 498 1586 563 decidit,
1633 506 1688 553 et
1743 499 1801 553 in
1847 511 2031 553 arcam
2057 495 2143 552 de-

579 594 709 656 lata,
744 590 1060 645 includitur.
1093 588 1500 662 Venatoresque
1521 590 1769 646 celeriter
1795 597 2141 646 accurrentes

579 683 944 751 concludunt;
978 684 1280 739 secundum
1310 686 1453 739 enim
1483 685 1552 739 ab
1581 685 1865 754 elephante
1900 681 2035 736 Indo
2053 684 2145 735 ro-

577 774 726 828 boris
793 773 972 828 locum
1031 775 1275 838 obtinet,
1354 773 1837 845 magnitudineque
1894 770 2141 843 corporis

580 866 879 920 maximum
903 880 1172 936 quemque
1202 864 1392 920 bovem
1414 866 1733 936 aequiparat.

652 957 840 1014 Pisces
896 959 1177 1014 continent
1226 958 1282 1014 in
1313 974 1373 1015 se
1425 975 1674 1031 magnam
1727 960 1834 1017 vim
1862 960 2058 1016 caloris
2086 967 2141 1016 et

582 1054 833 1112 acutam;
864 1062 1032 1118 quare
1055 1057 1107 1103 et
1136 1048 1401 1106 citissime
1457 1065 1577 1120 quae
1605 1052 1889 1119 devorant,
1938 1060 2141 1122 puncto

583 1138 842 1206 temporis
864 1139 1160 1195 esculentis
1182 1140 1237 1195 in
1280 1147 1466 1198 ventre
1502 1141 1945 1213 putrescentibus
1989 1143 2141 1215 dige-

581 1234 728 1282 runt.

652 1319 856 1390 Vulpes
882 1321 1128 1387 marinae,
1164 1322 1255 1377 ubi
1277 1324 1569 1394 piscatoris
1611 1325 1840 1381 insidias
1863 1324 2140 1382 declinare

583 1424 695 1465 non
727 1412 927 1477 valent,
979 1411 1143 1466 hamo
1168 1411 1448 1479 devorato,
1485 1414 1798 1471 exsilientes
1849 1423 1905 1470 et
1946 1430 2143 1472 excur-

583 1510 788 1566 rentes,
822 1502 1003 1556 funem
1029 1501 1344 1573 prwrodunt
1367 1511 1422 1560 et
1445 1505 1665 1561 abeunt.

651 1681 969 1738 Crocodilus
989 1681 1166 1737 bellua
1196 1690 1280 1738 est
1322 1682 1601 1738 hominum
1632 1697 1817 1740 vorax.
1877 1681 2142 1755 Tempore

585 1772 783 1837 coitus,
814 1788 1094 1846 emergens
1149 1790 1180 1830 e
1223 1773 1462 1841 ﬂumine,
1492 1774 1746 1830 feminam
1795 1790 1961 1845 prope
1995 1775 2142 1846 ripas

586 1864 868 1920 adversam
899 1864 1149 1935 projicit;
1185 1864 1275 1919 hic
1297 1880 1529 1935 namque
1556 1866 1705 1920 solus
1737 1864 1964 1935 supinus
1993 1879 2143 1921 com-

586 1957 749 2025 plexu
778 1970 1009 2010 venerea
1030 1955 1315 2026 jungitur;
1335 1955 1593 2027 deinceps
1625 1955 1877 2012 manibus
1899 1970 2016 2010 eam
2058 1970 2143 2012 su-

585 2053 875 2102 stentatam
904 2062 1096 2105 rursus
1124 2050 1428 2115 convertit;
1461 2047 1507 2104 si
1554 2062 1677 2103 cum
1703 2048 1809 2104 alio
1849 2063 1970 2103 eam
2014 2063 2145 2104 con-

584 2138 841 2194 cubuisse
869 2142 1214 2210 compererit,
1270 2141 1488 2196 avidum
1528 2155 1588 2196 se
1644 2157 1767 2199 esse
1818 2140 2047 2197 Veneris
2075 2140 2145 2197 si-

584 2229 822 2294 mulans,
889 2228 1340 2299 quemadmodum
1400 2230 1570 2302 prius,
1636 2230 1918 2287 adversam
1976 2228 2143 2286 odore

584 2320 944 2390 deprehendit
970 2321 1077 2392 (est
1114 2323 1259 2377 enim
1316 2322 1462 2378 circa
1512 2324 1614 2378 hoc
1642 2321 1892 2377 acerrimi
1921 2320 2144 2393 sensus)

584 2410 796 2469 incesto
821 2411 1026 2485 ﬂagitio
1054 2421 1109 2469 et
1134 2421 1326 2487 stupro
1372 2415 1672 2487 pollutam;
1703 2413 1835 2470 hinc
1872 2414 2143 2487 unguibus

589 2503 712 2558 alvo
733 2502 965 2573 disjecta
1010 2505 1221 2560 viscera
1247 2504 1393 2561 illius
1422 2506 1666 2561 devorat.
1718 2504 1779 2561 ιη
1816 2512 2003 2561 ventre
2039 2512 2147 2562 ete-

584 2595 698 2650 nim
733 2595 912 2652 mollis
942 2603 1048 2662 cst,
1083 2597 1370 2667 tenuisque
1394 2598 1537 2653 cutis
1576 2597 1891 2653 crocodilo:
1919 2597 2142 2653 dorsum

584 2688 706 2758 ejus
731 2687 964 2741 maxima
982 2702 1332 2757 squamarum
1356 2689 1610 2744 ﬁrmitate
1640 2697 1905 2743 armatum
1944 2698 2045 2754 est,
2069 2687 2145 2743 ita

587 2787 647 2833 ut
673 2786 727 2835 et
751 2779 1126 2835 acutissimum
1151 2778 1355 2835 ferrum
1392 2780 1642 2836 adactum
1673 2781 1989 2850 hebesecns,
2020 2787 2145 2837 cute

586 2873 786 2943 injecta
812 2871 1165 2942 repercutiat.

656 3047 966 3103 Producant
995 3065 1143 3120 aqua:
1171 3049 1409 3105 volatilia
1430 3052 1729 3107 animarum
1757 3052 2035 3108 viventium
2073 3052 2141 3120 “,

585 3154 640 3198 et
662 3143 783 3198 sine
810 3143 915 3197 ulla
943 3157 1094 3198 mora
1125 3143 1405 3199 volucrum
1434 3145 1614 3202 omnis
1667 3147 1879 3217 generis
1910 3161 2003 3204 aer
2032 3146 2145 3220 ple-

585 3234 868 3291 nissimus.
909 3233 1017 3291 illa:
1046 3252 1111 3291 ex
1147 3235 1303 3307 aquis
1351 3244 1529 3292 ortum
1562 3236 1783 3302 habent,
1818 3246 1946 3295 sunt
1999 3238 2145 3298 enim

585 3344 711 3383 cum
744 3329 987 3398 piscibus
1007 3331 1333 3402 cognatione
1377 3331 1610 3401 quadam
1638 3342 1691 3388 et
1736 3332 1992 3388 aﬂinitate
2015 3347 2146 3389 con-

581 3420 804 3489 junctae.
854 3419 1039 3477 Pisces
1084 3422 1283 3493 quippe
1327 3422 1536 3477 alarum
1572 3432 1750 3479 meatu
1802 3439 1973 3496 aquas
2003 3424 2144 3480 divi-

585 3514 765 3569 dendo
794 3522 1117 3582 transnant;
1149 3516 1230 3570 sic
1251 3522 1307 3570 et
1347 3515 1596 3571 volucres
1622 3516 1815 3587 pennis
1845 3532 1942 3587 per
1966 3530 2144 3572 aerem

584 3609 1046 3678 transvehuntur;
1090 3610 1283 3663 harum
1338 3608 1605 3680 quaedam,
1664 3611 1983 3674 carnivorae,
2040 3623 2140 3666 suo

589 3712 768 3773 aptam
790 3702 1007 3771 ingenio
1037 3701 1386 3771 moribusque
1406 3700 1868 3755 accommodatam
1901 3699 2148 3771 corporis

587 3794 1030 3850 constitutionem
1059 3801 1233 3848 nactae
1261 3801 1409 3860 sunt,
1458 3793 1718 3863 unguium
1774 3790 2143 3857 tenacitatem,

585 3897 888 3944 rostrorum
943 3888 1335 3953 aduncitatem,
1394 3889 1602 3943 alarum
1656 3888 2060 3960 pernicitatem,
2085 3894 2147 3942 ut

588 3981 845 4036 facillimo
895 3980 1110 4052 negotio
1141 3981 1402 4036 tenaciter
1453 3982 1692 4051 arripere
1722 3991 1884 4052 atque
1937 3979 2148 4036 discer-

586 4090 715 4146 pere
740 4074 953 4145 possint
980 4081 1035 4129 et
1059 4074 1334 4140 lacerare;
1389 4074 1635 4145 quaedam
1686 4074 1984 4147 frugilcge,
2026 4074 2146 4129 aliae

586 4167 672 4222 his
720 4166 973 4221 omnibus
1004 4165 1224 4219 aluntur
1280 4174 1334 4221 et
1391 4174 1786 4229 sustentantur,
1818 4172 1872 4222 et
1896 4174 2146 4221 construe

586 4265 768 4315 ctione
800 4259 942 4314 inter
973 4272 1033 4315 se
1076 4258 1333 4313 dilfcrunt
1385 4274 1597 4314 omnes.
1629 4257 1896 4314 Praeterea
1946 4259 2141 4313 harum

2239 404 2443 476 οἴκημα
2466 404 2841 459 κατακλείεται
2873 405 3162 477 φερόμενος
3185 406 3341 460 κάτω.
3369 408 3467 462 Καὶ
3493 412 3536 464 oi
3557 411 3700 483 θηρευ-

2237 497 2327 550 ταὶ
2359 497 2518 561 εὐθὺς
2546 497 2910 552 ἀποκλείουσι.
2939 498 3210 569 Δεύτερον.
3250 536 3264 552 .
3292 539 3307 557 .
3332 539 3347 554 .
3381 540 3396 554 .
3421 500 3527 571 βοὸς
3554 503 3699 576 asilo.

2238 589 2299 643 τὸ
2322 589 2504 660 θηρίον
2537 589 2595 643 τὸ
2630 589 2875 661 μέγεθος.

2321 937 2406 992 Ἔν
2435 939 2491 993 δὲ
2527 942 2636 1003 τοῖς
2671 939 2848 1012 ἰχθύσι
2881 940 3044 1013 πολλή
3078 957 3161 1005 τις
3190 941 3462 1014 ἐνυπάρχει
3486 942 3629 1019 θέρμη
3649 947 3709 1001 ἒν-

2238 1028 2408 1095 δοθεν,
2459 1032 2551 1084 καὶ
2577 1030 2743 1096 ὀξεῖα’
2776 1033 2855 1087 διὸ
2895 1033 2988 1089 καὶ
3032 1034 3218 1089 θᾶττον
3262 1034 3658 1103 καταπέπτουσιν,
3684 1038 3710 1092 ἃ

2238 1120 2525 1186 ἐσθίουσιν,
2560 1122 2759 1187 εὐθέως
2783 1124 3190 1197 διασηπομένων
3211 1122 3314 1177 τῶν
3340 1123 3578 1178 ἐδωδίμων
3596 1125 3643 1178 ὲν
3663 1129 3711 1196 τῇ

2238 1213 2434 1285 γαστρὶ
2461 1213 2658 1268 αὐτῶν.

2320 1306 2383 1358 'll
2411 1305 2467 1359 δὲ
2500 1306 2840 1371 θαλαπιαῖος
2867 1306 3114 1379 ἀλώπηξ,
3143 1307 3278 1361 ἐπὰν
3324 1309 3392 1379 μὴ
3425 1307 3612 1377 δύνηται
3630 1310 3715 1363 δια-

2238 1398 2432 1471 δράσαι
2464 1400 2560 1472 τὴν
2588 1399 2785 1471 ἄγραν,
2828 1399 3170 1455 καταπιοῦσα
3215 1401 3274 1452 τὸ
3299 1400 3572 1474 ἄγκιστρον,
3609 1400 3715 1466 ἐξαλ-

2238 1488 2440 1563 λομένη
2488 1492 2582 1546 καὶ⁹
2617 1492 3009 1565 ἀνατρέχουσα,
3051 1492 3353 1564 ἀποτρώγει
3382 1492 3470 1563 τὴν
3502 1492 3713 1564 μήρινθον,

2240 1583 2334 1637 καὶ
2365 1583 2662 1652 διαφεύγει.

2320 1676 2378 1729 '0
2405 1675 2463 1729 δὲ
2494 1676 2831 1747 κροκόδειλος
2858 1677 3268 1751 ἀνθρωποὸὀρον
3312 1676 3403 1749 μέν
3437 1677 3536 1729 ἐστι
3561 1675 3715 1746 θηρίσνο

2240 1769 2367 1823 ὅταν
2408 1769 2467 1823 δὲ
2513 1770 2680 1844 μέλλῃ
2720 1770 2989 1824 ποιεῖσθαι
3032 1770 3132 1835 τὰς
3173 1769 3363 1840 ὀχείας.
3397 1766 3715 1839 ἀνανηξάμενον

2241 1862 2565 1938 ἀναστρέφει
2600 1863 2697 1935 τὴν
2730 1863 2948 1934 θήλειαν
2991 1865 3089 1917 ἐπὶ
3130 1867 3244 1927 ταῖς
3274 1862 3464 1933 ὄχθαις*
3493 1860 3620 1932 μόνος
3640 1859 3714 1931 γὰρ

2240 1945 2391 2017 οὗτος
2428 1951 2614 2018 ὕπτιος
2655 1952 2969 2025 πλησιάζειν
3000 1954 3232 2023 πέφυκε,
3264 1953 3351 2007 καί
3382 1950 3506 2024 μετὰ
3533 1951 3612 2024 τὴν
3632 1951 3714 2022 ipt-

2241 2044 2361 2099 λίαν
2404 2043 2564 2099 πάλιν
2609 2046 2728 2110 ταῖς
2766 2046 2953 2117 χερσὶν
2999 2044 3172 2117 αὐτὴν
3198 2042 3536 2114 ἐπικουφίζων
3559 2058 3715 2095 συνεπι-

2243 2138 2492 2211 στρέφει·
2525 2137 2741 2192 ἐπειδὰν
2779 2138 2838 2191 δὲ
2881 2138 3050 2209 αὐτὴν
3084 2137 3234 2209 ἄλλῳ
3281 2134 3626 2207 συγγενομένην
3657 2135 3714 2188 ab

2243 2231 2456 2303 σθῆται,
2504 2229 2955 2302 καθυποκρίνεται
3007 2247 3070 2283 συ
3084 2230 3351 2301 μμιγῆναι
3394 2229 3531 2299 αὐτῇ,
3572 2227 3643 2280 καὶ
3664 2225 3716 2295 τῷ

2241 2319 2390 2391 αὐτῷ
2429 2319 2613 2391 τρόπῳ
2662 2319 3002 2392 ἀναστρέψας
3048 2320 3226 2392 αὐτὴν
3275 2318 3508 2389 γινώσκει
3550 2316 3620 2372 διὰ
3649 2316 3716 2383 τῆς

2241 2413 2411 2486 ὀδμῆς
2438 2414 2585 2485 (ἔχει
2613 2413 2721 2489 γὰρ
2747 2413 3008 2485 ὀξυτάτην
3032 2414 3172 2487 περὶ
3217 2413 3370 2468 τοῦτο
3388 2413 3476 2483 τὴν
3514 2410 3713 2480 αἴσθησιν)

2245 2506 2332 2576 ὑφ’
2385 2506 2571 2579 ἑτέρου
2606 2506 2921 2579 μιανθεῖσαν
2953 2506 3154 2577 αὐτὴν,
3187 2506 3281 2560 καὶ
3307 2508 3413 2570 τοῖς
3454 2503 3577 2571 ὄνυξι
3607 2502 3712 2574 διαρο

2247 2597 2411 2671 ῥήξας
2431 2597 2527 2669 τὴν
2552 2599 2797 2670 γαστέρα
2820 2599 3009 2671 αὐτῆς,
3025 2598 3213 2654 πάντα
3232 2596 3301 2653 τὰ
3317 2598 3455 2661 ὲντδς
3480 2596 3615 2664 αὐτῆς
3630 2608 3715 2648 κστ·

2242 2688 2429 2744 εσθίει.
2482 2689 2619 2761 Περὶ
2686 2689 2795 2762 γὰρ
2837 2688 2937 2762 τὴν
2986 2691 3232 2763 γαστέρα
3286 2689 3396 2745 ἐστὶ
3432 2682 3712 2760 τρυφερδντὸ

2243 2780 2380 2848 ζῶον
2401 2800 2415 2813 ⁸
2447 2786 2476 2837 ὀ
2507 2782 2615 2856 γὰρ
2647 2784 2813 2849 νῶτος
2853 2782 3016 2839 αὑτοῦ
3057 2784 3343 2858 στιϐαραῖς
3364 2781 3546 2836 λεπίσιν
3570 2777 3714 2832 ἐνδέδυ-

2243 2889 2353 2939 ται,
2385 2872 2526 2927 ὥστε
2556 2874 2759 2931 καὶτὸν
2793 2873 3045 2940 ὀξύτατον
3077 2876 3297 2948 σίδηρον
3329 2869 3628 2944 ἐπενεχθέντα
3646 2868 3711 2937 ἁμ-

2167 2986 2217 3053 c
2246 2962 2551 3020 ϐλύνεσθαι.

2326 3052 2692 3125 Ἐξαυαγέτω
2726 3054 2799 3109 τὰ
2835 3053 3023 3108 ὕδατα
3063 3054 3309 3109 πετεινὰ
3346 3050 3533 3124 ¹ψυχῶν·
3553 3046 3708 3112 ζωσῶν,

2244 3144 2339 3199 καὶ
2367 3143 2578 3215 ἀθρόως
2604 3147 2632 3198 ὀ
2660 3144 2766 3216 ἀὴρ
2800 3144 3052 3199 παντοίου
3083 3135 3280 3214 γένους
3309 3146 3411 3198 τῶν
3441 3141 3619 3215 ὀρνίθων

2243 3234 2546 3309 πλήρωται.
2578 3236 2786 3291 Ἔδωκε
2813 3236 2868 3289 δὲ
2895 3236 3076 3299 αὐτοῖς
3121 3238 3187 3289 ὲκ
3210 3235 3316 3288 τῶν
3356 3233 3534 3288 ὑδάτων
3557 3230 3630 3302 τὴν
3647 3226 3710 3295 γέ-

2245 3345 2412 3394 νεσιν,
2441 3328 2625 3401 ἐπειδὴ
2667 3327 2983 3399 συγγένειάν
3024 3344 3151 3381 τινα
3189 3328 3325 3400 πρὸς
3355 3328 3466 3389 τοὺς
3492 3323 3629 3395 ἰχθύας
3647 3334 3708 3369 κε-

2245 3421 2566 3494 κλήρωνταιο
2627 3422 2714 3484 Ὦς
2750 3420 2858 3492 γὰρ
2901 3422 2950 3474 οἱ
3000 3420 3189 3492 ἰχθύες
3237 3421 3294 3474 ἐν
3334 3423 3397 3491 τῇ
3441 3417 3602 3487 κινήσει
3628 3410 3706 3463 τῶν

2248 3513 2529 3587 πτερύγων
2556 3513 2619 3568 τὸ
2664 3512 2806 3585 ὕδωρ
2837 3513 3113 3585 τέμνουσι,
3146 3514 3241 3568 καὶ
3271 3512 3576 3583 διανήχονται,
3606 3502 3707 3558 οὕτω

2245 3606 2315 3660 τά
2343 3605 2559 3660 πετεινά
2583 3607 2694 3672 τοῖς
2727 3609 2945 3678 πτεροῖς
2975 3606 3066 3661 τὸν
3098 3607 3241 3678 ἀέρα
3263 3607 3576 3678 διανήχονται.
3600 3597 3708 3649 Ἔστι

2246 3699 2301 3754 δὲ
2328 3699 2506 3754 αὐτῶν
2539 3698 2608 3753 τὰ
2636 3700 2732 3771 μὲν
2777 3700 3098 3773 σαρκοφάγα
3132 3700 3432 3773 πρέπουσαν
3456 3688 3707 3757 κατασκευὴν

2244 3790 2339 3845 τοῦ
2387 3791 2589 3863 τρόπον
2639 3791 2738 3862 τῆς
2800 3790 2949 3862 σφῶν
3003 3792 3219 3864 διαίτης
3269 3792 3523 3863 ἐπέχοντα,
3563 3783 3709 3853 ὀνύχων

2247 3882 2450 3953 ἀκμαῖς
2466 3885 2505 3947 ⁸,
2530 3884 2625 3937 καὶ
2648 3882 2819 3954 χεῖλος
2850 3882 3105 3954 ἀγγύλον,
3132 3886 3226 3938 καὶ
3254 3883 3435 3955 πτερὸν
3453 3880 3530 3948 ὀξὺ
3555 3876 3654 3951 πρὸς
3668 3871 3709 3924 τδ

2249 3972 2445 4045 ῥᾳδίως
2491 3972 2818 4047 ἀναρπάσαι,
2858 3974 2955 4029 καὶ
2989 3974 3288 4031 διασπάσαι
3329 3971 3563 4029 δύνασθαιι
3598 3965 3648 4020 τὰ
3670 3963 3707 4015 δὲ

2248 4065 2613 4139 σπερμολόγα,
2656 4067 2724 4120 τὰ
2762 4067 2817 4121 δὲ
2858 4069 2923 4122 ὲκ
2958 4069 3160 4136 παντὸς
3194 4067 3494 4144 τρεφόμενα.
3529 4054 3709 4117 Καὶτοὸ·

2244 4176 2352 4214 των
2379 4161 2654 4231 ἑκατέρων
2697 4163 2731 4233 ή
2776 4162 3087 4235 κατασκευὴ
3125 4164 3413 4236 διενήνοχε
3458 4159 3535 4214 καὶ
3563 4155 3612 4208 τὰ
3641 4150 3709 4221 μέν

2248 4254 2394 4307 ὲστιν
2427 4253 2635 4325 ἀναρχα
2666 4253 2759 4307 καὶ
2799 4254 3087 4326 αὐτόνομα,
3127 4255 3197 4309 τὰ
3229 4255 3286 4309 δὲ
3319 4254 3399 4324 ὑφ’
3439 4246 3629 4323 ἡγεμόνα
3649 4238 3707 4293 τέ·

585 4349 831 4419 quaadam
892 4349 1199 4419 principatu
1256 4364 1365 4417 non
1420 4357 1691 4419 tenentur,
1742 4348 1837 4405 sed
1889 4349 1974 4404 sui
2005 4349 2143 4418 juris

2250 4363 2466 4412 τακται,
2512 4346 2606 4401 καὶ
2642 4344 2710 4400 τὰ
2736 4344 2847 4417 ,μέν
2887 4346 3032 4400 ἐστιν
3075 4342 3446 4419 ὲπιδημητικὰ,
3481 4339 3536 4392 τὰ
3572 4336 3615 4388 δὲ
3647 4332 3709 4397 έῖ’

582 4450 742 4510 sunt;
764 4441 1007 4513 quaedam
1034 4440 1457 4497 dominationem
1480 4442 1701 4497 alterius
1742 4441 1943 4507 ferunt,
1974 4454 2028 4497 et
2062 4442 2146 4497 hae

585 4533 806 4606 quidem
861 4532 1154 4591 invectitiae
1192 4542 1245 4589 et
1283 4534 1713 4604 peregrinantes,
1761 4533 1881 4589 alia:
1931 4534 2141 4605 indige-

583 4641 690 4681 me.
1422 4640 1429 4645 ’

656 4715 961 4788 Superbum
987 4713 1117 4785 quid
1139 4719 1224 4770 est
1248 4712 1457 4785 gallus;
1484 4721 1541 4767 at
1591 4714 1850 4786 accipiter
1880 4714 2143 4789 singulari

582 4808 959 4868 benevolentia
989 4807 1238 4863 homines
1277 4806 1665 4878 prosequitur;
1703 4809 1926 4863 tradunt
1973 4810 2144 4878 enim,

583 4903 872 4975 accipitres
894 4901 988 4972 qui
1015 4901 1072 4955 in
1101 4898 1332 4955 Thracia
1384 4908 1534 4966 sunt,
1565 4916 1718 4971 aeque
1776 4900 2028 4958 homines
2055 4918 2145 4959 so-

581 4997 783 5052 cietate
803 4994 1036 5065 quadarn
1068 4993 1348 5062 aucupari;
1385 4991 1440 5047 in
1481 4993 1633 5050 silvis
1666 5007 1901 5064 namque
1929 4993 2145 5049 densis-

583 5088 740 5146 simis
790 5088 1171 5153 immorantur,
1223 5100 1361 5156 quas
1419 5085 1738 5141 volatilium.
1769 5102 1931 5143 omne
1973 5102 2145 5158 genus

583 5181 732 5246 colit,
764 5188 819 5236 et
855 5178 1062 5234 habitat
1091 5177 1548 5251 frequentissime,
1577 5187 1633 5234 et
1675 5194 1783 5234 una
1812 5194 1936 5235 cum
1975 5193 2146 5235 aucu-

586 5272 837 5339 pantibus
866 5279 1211 5338 exercentur,
1246 5271 1314 5327 ad
1367 5271 1776 5328 similitudinem
1834 5273 2040 5329 bellica:
2061 5272 2146 5329 di-

588 5364 848 5434 scip‘inte,
889 5375 949 5421 ut
972 5376 1200 5423 venatus
1234 5380 1443 5437 aequam
1474 5373 1680 5436 partem
1714 5366 2018 5438 accipiant;
2045 5367 2144 5425 ho-

587 5453 762 5509 mines
802 5455 1055 5526 quatiunt
1118 5456 1364 5523 arbores,
1420 5454 1549 5512 hinc
1589 5455 1838 5514 volucres
1896 5457 2146 5514 excitatae

660 5617 705 5654 “
734 5618 861 5677 Gen.
890 5638 929 5684 ι.
952 5624 1038 5680 20.

2250 4437 2438 4511 χώρια.

2318 4704 2527 4778 Γαῦρον
2557 4708 2585 4759 ὀ
2616 4698 2944 4781 ἀλεκτρυὼν,
2979 4706 3007 4758 ὀ
3045 4705 3100 4759 δὲ
3127 4702 3277 4776 ἱέραξ
3306 4700 3595 4756 εὐνούστατος
3611 4699 3705 4781 τυῖς

2249 4800 2400 4872 χάνει
2427 4801 2555 4874 περὶ
2585 4798 2675 4852 τὸν
2710 4777 3012 4871 ἄνθρωπον.
3056 4797 3339 4870 Ὶστοροῦσι
3364 4795 3457 4864 γὰρ
3480 4788 3571 4848 109;
3589 4783 3630 4835 ὲν
3653 4777 3702 4845 τῇ

2250 4893 2440 4966 θρᾴκῃ
2467 4892 2685 4965 ἱέρακας
2709 4893 2818 4954 τοῖς
2838 4888 3209 4961 ὀρνιθοθήραις
3230 4888 3351 4959 περὶ
3366 4888 3452 4957 τὴν
3467 4882 3702 4966 ἄγρανσδν-

2250 4963 2528 5060 αέρεσθαιλ
2564 4983 2837 5037 ποιοῦνται
2870 4982 2966 5052 μὲν
2993 4980 3103 5054 γὰρ
3137 4980 3234 5041 τὰς
3254 4975 3501 5049 διατριϐὰς
3533 4972 3576 5023 ἐν
3595 4963 3698 5060 ὕλαις

2249 5050 2592 5141 δασυτάταις,
2620 5074 2748 5129 ἔνθα
2780 5050 2910 5145 γένη
2936 5074 3043 5128 τῶν
3069 5050 3291 5147 ὀρνίθων
3324 5065 3611 5124 ἐνδιαιτᾶται,
3635 5050 3693 5155 ξεῖ

2249 5171 2361 5233 τοῖς
2406 5170 2499 5223 ἐπὶ
2530 5168 2627 5240 τὴν
2668 5168 2843 5240 ἄγραν
2893 5166 3029 5221 ίοῦσι
3069 5166 3445 5222 συντάττονται,
3476 5154 3691 5240 ίσομνεξξαν

2249 5230 2728 5332 toﬁ—dyps'JOté-vzoqv
2739 5230 3016 5324 δέξασθαι·
3043 5259 3134 5312 καὶ⁵
3162 5255 3265 5311 τῶν
3295 5236 3597 5337 θηρευτῶνλτῗ
3613 5230 3688 5337 δέῩ.

2249 5354 2350 5425 δρα
2394 5331 2756 5418 διασειόντων,
2785 5353 2834 5405 οἱ
2876 5351 3053 5425 ὄρνεις
3090 5346 3440 5418 τινασσόμενοι
3476 5331 3686 5432 mgf“?

2251 5450 2342 5506 καὶ
2367 5448 2705 5515 ἀνίπτανται,
2734 5451 2825 5503 καὶ
2850 5449 2897 5503 οἱ
2932 5446 3145 5522 ἱέρακες
3171 5441 3303 5499 κατά
3332 5431 3531 5508 κεφαλῆς
3551 5422 3689 5476 παντων
