3962 6202
309 160 416 251 πἐε

1241 176 1514 251 spuma.
1554 222 1625 236 —
1660 193 2014 252 COMMENT.
2057 197 2123 253 IN
2155 195 2651 254 HEXAEMERON.

3406 186 3510 239 730

312 315 763 392 δπεριπτάμενοι,
790 315 889 382 τὰς
917 316 1157 388 κεφαλάς
1194 317 1373 373 αὐτῶν
1402 317 1748 384 κολάπτουσι,
1775 321 1850 372 κα

1971 321 2263 392 abiguntur
2290 329 2343 376 et
2362 319 2599 385 evolant,
2652 317 2939 390 accipitres
2967 318 3376 390 supervolantes
3426 324 3517 380 de-

312 412 397 474 st;
421 410 525 481 γῆν
548 409 994 483 καταρρίπτουσι,
1027 411 1121 465 καὶ
1146 408 1374 483 εὔθηρον
1418 411 1515 484 τὴν
1554 412 1727 484 ἄγραν
1755 414 1850 476 τοῖς

1964 410 2226 481 primunt,
2278 424 2416 481 quas
2446 415 2628 463 rostro
2673 406 2951 477 perforato
2994 408 3173 478 capite
3223 411 3277 463 in
3317 418 3518 469 terram

312 501 615 576 ἀνθρώποις
642 501 1161 575 παρασκευάζουσινσ
1187 505 1235 556 οἱ
1255 502 1311 557 δὲ
1334 504 1556 574 ἄσμενοι
1577 505 1673 577 τῆς
1691 504 1866 576 ἄγρας

310 595 480 666 αὐτῆς
500 594 839 666 παραχρῆμα
871 593 1254 665 μεταδιδόασιν.

371 864 690 920 Φιλότεκνον
721 862 750 916 6
779 859 1033 915 πελεκάν-
1070 859 1283 934 τρέφων
1309 859 1418 933 γάρ
1438 861 1563 924 τοὺς
1588 859 1859 926 νεοσσούς,

300 957 565 1012 τύπτεται
598 956 689 1010 ὑπ’
720 955 899 1010 αὐτῶν
922 958 1041 1019 ταῖς
1080 954 1334 1026 πτέρυξιν
1361 956 1439 1018 εἰς
1470 954 1532 1008 τὸ
1554 955 1858 1027 πρόσωπον·

302 1054 333 1106 6
377 1051 434 1104 δὲ
484 1049 767 1104 κολάπτων
810 1048 1005 1114 αὐτοὺς
1048 1049 1278 1120 ἀναιρεῖ,
1315 1049 1408 1102 καὶ
1447 1046 1861 1118 σπλαγχνισθεὶς

302 1142 490 1197 πενθεῖ
511 1142 601 1196 ἐπὶ
622 1144 767 1213 τρεῖς
788 1140 999 1212 ἡμέρας
1020 1139 1233 1204 αὐτούς.
1266 1140 1330 1195 Ἠ
1350 1140 1405 1194 δέ
1433 1141 1612 1212 μήτηρ
1633 1137 1861 1193 ἐλθοῦσα

298 1234 487 1287 ἐπάνω
521 1232 699 1287 αὐτῶν
740 1235 964 1304 ῥήγνυσι
1004 1231 1103 1304 τὴν
1134 1231 1370 1303 πλευρὰν
1399 1231 1588 1302 αὐτῆς,
1620 1231 1712 1285 καὶ
1737 1231 1857 1284 ἐπι-

298 1325 488 1390 στάζει
527 1324 588 1378 τὸ
610 1321 749 1395 αἷμα
782 1325 952 1392 αὐτῆς
995 1326 1087 1378 ἐπὶ
1123 1326 1249 1389 τοὺς
1291 1324 1562 1388 νεοσσοὺς,
1604 1324 1699 1378 καὶ
1727 1322 1860 1388 ζωο-

292 1419 597 1489 γονούνται.
626 1413 783 1473 Οὗτοι
823 1418 879 1472 δὲ
907 1418 955 1471 οἱ
1000 1418 1294 1480 πελεκᾶνες
1325 1415 1421 1479 τὰς
1463 1416 1664 1487 κόγχας
1687 1416 1858 1486 τούτῳ

291 1511 377 1583 τῷ
406 1512 592 1584 τρόπῳ
620 1511 878 1565 ἐσθίουσιο
917 1509 990 1581 μὴ
1031 1498 1315 1580 δυνάμενοι
1357 1504 1446 1560 διά
1475 1507 1533 1560 τὸ
1572 1506 1855 1578 ἐσφίγχθαι

291 1603 468 1666 αὐτάς
499 1602 726 1657 ἀνελεῖνο
774 1600 1156 1655 καταπίνουσιν
1184 1598 1354 1663 αὑτὰς
1392 1598 1672 1670 πρότερον,
1709 1600 1853 1662 ὅπως

1964 501 2279 572 projiciunt,
2338 500 2524 570 sicque
2551 497 2659 552 illis
2692 497 3000 553 hominibus
3047 496 3174 553 felix
3203 507 3258 553 ει
3281 499 3518 557 faustum

1963 592 2252 661 aucupium
2281 599 2636 662 comparant;
2667 589 2743 644 illi
2774 596 2959 659 captas
2994 604 3232 659 aucupes
3284 590 3520 649 divisas-

1960 697 2068 753 que
2125 683 2306 740 statim
2355 681 2634 752 aequaliter
2655 692 2810 735 'cum
2861 678 3212 751 accipitribus
3262 682 3521 752 partiun-

1958 783 2068 832 tur.

2027 868 2310 924 Palicanus
2368 866 2598 921 ﬁliorum
2639 865 3047 922 amantissimus
3097 873 3214 933 est;
3247 866 3336 923 hic
3374 868 3518 926 enim

1959 960 2087 1016 dum
2116 959 2295 1031 pullos
2318 958 2435 1024 alit,
2483 958 2551 1012 ab
2582 956 2688 1013 illis
2719 957 2820 1012 alis
2869 958 2923 1011 in
2960 957 3150 1011 faciem
3198 960 3517 1029 percutitur,

1959 1051 2053 1122 qui
2083 1056 2266 1106 rostro
2294 1064 2390 1104 eos
2418 1063 2770 1120 repercussos
2801 1048 3081 1114 interimit,
3128 1056 3181 1104 et
3207 1050 3519 1106 misericor-

1957 1143 2047 1198 dia
2093 1150 2392 1213 permotus,
2421 1141 2638 1198 eosdem
2695 1154 2725 1193 a
2760 1155 2818 1195 se
2855 1140 3068 1195 occisos
3097 1141 3241 1211 luget
3292 1158 3386 1213 per
3417 1144 3520 1198 tri-

1957 1235 2149 1291 duum.
2194 1235 2477 1292 Postremo
2527 1240 2697 1288 mater
2743 1230 3055 1299 adveniens,
3107 1233 3248 1289 latus
3280 1236 3520 1306 graviter

1955 1330 2297 1385 vulneratum
2330 1327 2534 1389 eﬂ'odit,
2560 1337 2613 1381 et
2648 1325 2966 1397 sanguinem
3001 1341 3159 1381 suum
3196 1342 3359 1396 super
3391 1344 3517 1399 par—

1954 1419 2110 1475 vulos
2140 1419 2340 1482 fundit,
2361 1434 2468 1489 quo
2517 1417 2591 1473 illi
2618 1417 2843 1489 perfusi,
2880 1418 3226 1474 reviviscunt.
3264 1418 3326 1472 lii
3380 1436 3513 1476 con-

1955 1509 2073 1564 chis
2102 1509 2204 1564 hac
2242 1511 2454 1565 ratione
2492 1518 2784 1566 vescuntur
2810 1528 2825 1566 :
2857 1524 2981 1564 cum
3012 1510 3135 1564 illas
3181 1512 3358 1566 valide
3384 1528 3517 1566 con—

1956 1602 2174 1657 strictas
2216 1602 2480 1673 perimere
2507 1617 2615 1656 non
2644 1602 2870 1674 possint,
2896 1603 3048 1673 prius
3068 1618 3161 1659 eas
3187 1602 3511 1674 deglutiunt,

288 1699 363 1768 τῇ
392 1664 518 1766 περὶ
541 1695 629 1748 τὸν
654 1694 907 1766 φάρυγγα
931 1692 1223 1764 θερμότητι
1259 1664 1484 1762 διατακῇ
1519 1664 1672 1761 μένή
1702 1690 1850 1743 συνέ-

1956 1700 2016 1747 ut
2047 1693 2285 1748 faucium
2326 1695 2525 1759 calore,
2551 1696 2708 1765 quasi
2736 1697 2944 1766 glutino
2973 1694 3356 1752 ferruminatas
3390 1711 3516 1770 ape-

288 1803 465 1859 χουσα
502 1784 686 1856 κόλλη,
728 1784 1000 1839 ἁνεθεῖσαι
1047 1783 1104 1837 δὲ
1147 1783 1202 1837 αἱ
1250 1782 1448 1852 κόγχαι
1493 1780 1848 1853 χαλασθῶσιν·

288 1877 647 1950 ἐξεμέσαντες
672 1872 765 1931 οὖν
791 1875 980 1941 αὑτὰς,
1012 1873 1264 1947 εὐμαρῶς
1292 1874 1354 1928 τὸ
1394 1872 1648 1945 ἐδώδιμον
1674 1871 1851 1927 αὐτῶν

288 1971 687 2037 κατεσθίουσιν,

362 2064 428 2115 At
454 2061 510 2115 δέ
539 2060 741 2132 φάσσαι
772 2061 871 2114 οὐκ
891 2059 1019 2114 ἔνθα
1043 2059 1313 2113 τίκτουσιν
1337 2056 1692 2124 ἐπωάζονται,
1717 2054 1851 2111 ἀλλὰ

291 2154 650 2225 μεταστᾶσαι,
671 2151 758 2206 διὰ
784 2151 845 2205 τὸ
879 2150 1079 2222 πλῆθος
1092 2149 1201 2203 τῶν
1230 2148 1525 2221 θηρευτῶν,
1556 2148 1635 2211 εἰς
1665 2147 1850 2219 ἕτερον

284 2246 477 2312 τόπον,
509 2244 828 2315 ἐκτρέφουσι
877 2243 1003 2307 τοὺς
1032 2240 1299 2305 νεοττούς.
1352 2239 1463 2294 Καὶ
1509 2238 1728 2295 ἐπειδάν
1760 2238 1847 2292 αῖ-

289 2338 525 2392 σθωνται
557 2338 638 2401 εἰς
678 2336 848 2408 θήραν
896 2333 1229 2406 ἀφιγμένους
1260 2332 1413 2396 τινάς
1450 2331 1557 2386 τῶν
1599 2332 1846 2395 νεοττῶν.

285 2430 629 2493 ἀνίπτανται,
655 2430 752 2482 καὶ
776 2427 873 2500 τὴν
906 2426 1013 2481 τῶν
1040 2423 1315 2496 θηρευτῶν
1348 2424 1582 2497 σπουδὴν
1616 2426 1696 2488 εἰς
1732 2426 1851 2478 ἐαυ·

285 2524 388 2589 τάς
423 2522 747 2596 περισπῶσι,
777 2520 965 2596 καιρὸν
991 2522 1167 2592 φυγῆς
1190 2524 1302 2585 τοῖς
1329 2523 1563 2584 νεοττοῖς
1587 2521 1849 2594 παρέχου-

287 2635 407 2684 σαι,
440 2618 534 2671 καὶ
560 2616 902 2686 ἐκφυγόντων
940 2614 1049 2671 τῶν
1081 2615 1330 2678 νεοττῶν,
1373 2613 1514 2686 μάλα
1535 2612 1848 2686 θαρσαλέως

287 2709 386 2763 σὺν
407 2711 519 2772 τοῖς
541 2710 793 2772 νεοττοῖς.
825 2707 1125 2779 ἀπάρασαι,
1153 2704 1612 2778 αἱθεροϐατούσιν.

335 2785 641 2856 ’Φιλόκαλον
688 2803 718 2857 6
760 2800 902 2866 ταὼς
932 2801 990 2869 εξ
1051 2798 1225 2856 Ἰνδῶν
1263 2798 1597 2871 ὁρμώμενος.
1647 2788 1842 2864 Οὗτος,

283 2895 675 2970 ἀναπτερώσας
703 2895 763 2949 τὸ
796 2895 989 2959 κάλλος
1035 2894 1128 2948 καὶ
1168 2893 1273 2947 τῶν
1320 2892 1534 2965 πτερῶν
1576 2892 1846 2958 ἐπιδείξας

278 2992 343 3044 τὸ
377 2987 620 3061 θέατρον,
669 2987 929 3055 ἐπάγεται
962 2984 1095 3058 πρὸς
1136 2984 1417 3085 συνουσίαν
1466 2981 1563 3056 τὴν
1607 2982 1841 3055 θήλειαν,
1871 3023 1915 3085 c

281 3079 475 3151 ὥσπερ
494 3078 731 3150 λειμῶνα
764 3078 855 3135 τὸν
893 3074 1273 3147 καλλωπισμὸν
1296 3073 1483 3129 τοῦτον
1536 3073 1845 3138 ἐπιδεικνὺς

279 3172 418 3241 αὐτῇ
439 3186 454 3200 ·
492 3169 603 3223 ἐστι
635 3168 744 3241 γάρ
788 3168 970 3239 σχεδὸν
1006 3166 1266 3239 λειμῶνος
1297 3169 1326 3221 6
1357 3165 1501 3231 ταὼς
1541 3166 1846 3221 εὐανθέστει

284 3281 393 3334 ρος.
418 3262 886 3334 Περιπεφύτευται
915 3259 1023 3332 γάρ
1060 3257 1207 3331 αύτῷ
1247 3260 1444 3331 χρυσὸς
1462 3261 1574 3323 τοῖς
1606 3260 1840 3330 πτεροῖς,

279 3356 378 3410 καὶ
410 3356 594 3427 κύκλῳ
611 3355 671 3408 τδ
706 3352 963 3426 ἁλουργὲς
989 3350 1226 3423 περιθέει
1258 3349 1567 3423 πορφυροῦν
1595 3349 1685 3404 τὸν
1716 3366 1845 3421 χρυ-

280 3450 373 3503 σόν
392 3466 408 3480 ’
445 3449 539 3503 καὶ
570 3446 674 3501 ύπδ
703 3445 796 3499 τοῦ
827 3446 1025 3519 χρυσοῦ
1053 3446 1358 3517 περίκειται
1388 3444 1449 3497 τὸ
1483 3444 1593 3514 ἴσον
1617 3441 1836 3508 κύκλον,

282 3542 379 3594 καὶ
411 3540 557 3594 ἔστιν
584 3538 856 3610 ὀφθαλμὸς
899 3541 955 3593 ἐν
1003 3538 1208 3611 πτερῷ.

356 3634 417 3688 ὐ
445 3633 502 3687 δέ
532 3632 702 3702 φοῖνιξ
738 3632 961 3705 μέγεθος
982 3634 1077 3704 μὲν
1108 3632 1219 3703 ἔχει
1245 3630 1470 3695 ταῶνος,
1510 3630 1750 3702 διαφέρει
1785 3630 1842 3684 δέ

276 3726 356 3799 τῷ
384 3726 572 3781 κάλλει
597 3725 689 3779 τοῦ
705 3725 905 3789 ταῶνος
923 3727 988 3798 τῇ
1013 3726 1201 3797 χροιᾷ·
1230 3724 1557 3796 κεκέρασται
1574 3724 1680 3794 γάρ
1695 3720 1842 3794 αύτῷ

276 3818 467 3892 χρυσῷ
486 3819 577 3873 καὶ
591 3816 845 3890 πορφύρᾳ
863 3818 931 3873 τὰ
945 3816 1139 3890 πτερά,
1169 3816 1356 3887 εὐφυεῖ
1366 3817 1422 3871 δὲ
1449 3815 1631 3886 κύκλῳ
1655 3814 1843 3884 στεφά-

276 3929 369 3965 νου
399 3914 433 3982 ἡ
455 3910 662 3982 κεφαλὴ
690 3908 851 3965 αὑτοῦ
882 3909 1218 3981 κεκόσμηται
1239 3907 1497 3980 φυσικῶς.
1541 3908 1693 3961 Ἔστι
1732 3905 1789 3959 δὲ
1812 3908 1841 3960 6

276 4002 477 4066 κύκλος
506 4002 749 4065 κυάνεος,
764 4000 860 4055 καὶ
881 4001 1050 4072 ῥόδοις
1077 3999 1576 4073 ἐμφερής.Εύειδὴς
1607 3999 1664 4053 δὲ
1683 3996 1756 4053 ὢν
1772 3998 1837 4068 τῇ

275 4094 396 4167 θέᾳ,
409 4094 504 4149 καὶ
515 4094 693 4149 ἀκτῖσι
714 4096 918 4167 κομῶν,
936 4094 1085 4149 ὥσπε
1094 4112 1123 4169 ρ
1137 4095 1285 4167 ἥλιος
1310 4095 1394 4163 ἐφ’
1411 4092 1576 4163 ὕψους
1594 4093 1805 4147 ἵσταται
1820 4106 1834 4121 ·

276 4186 351 4250 ὤς
381 4187 661 4260 ἱστορῆσαι
694 4187 787 4242 καὶ
829 4188 1019 4252 ἄλλους
1048 4187 1146 4259 τὴν
1177 4187 1389 4260 μορφὴν
1418 4184 1580 4240 αύτοῦ
1612 4184 1705 4238 τοῦ
1730 4181 1838 4237 σώ-

281 4296 469 4351 ματος,
499 4281 574 4345 ὡς
589 4282 683 4335 καὶ
704 4280 856 4335 αὐτοὶ
882 4280 1268 4354 διαγράφοντες
1295 4278 1589 4349 φάσκουσιν
1630 4276 1833 4342 οὓτως*

278 4479 544 4535 Διπλοῦν
574 4478 685 4549 γάρ
715 4479 845 4533 ἐστι
880 4478 944 4532 τὸ
967 4478 1163 4549 μῆκος
1191 4478 1367 4549 ἀετοῦ
1395 4477 1637 4549 σχεδόν.

278 4496 544 4535 Διπλουν
645 4497 685 4547 ρ
715 4496 845 4533 εστι
880 4496 944 4532 το
967 4496 1163 4549 μηκος
1191 4496 1367 4533 αετου
1395 4496 1487 4549 σχι

277 4550 520 4619 Πτεροῖς
531 4496 1000 4614 δέῗτοικίλοισιν,
1031 4548 1140 4618 ἠδὲ
1164 4548 1487 4619 χρώμασιν,

274 4619 454 4700 ζῶμα
475 4619 661 4700 αὑτοῦ
693 4620 992 4700 uexauerit:

272 4694 353 4744 Στ
368 4689 503 4757 “θος
571 4690 640 4744 ὲν
666 4689 778 4744 οὖν
803 4690 989 4745 αὐτοῦ
1018 4689 1366 4760 πορφυροῦν
1383 4692 1672 4761 φαίνεται,

272 4710 471 4813 2212.111
501 4708 570 4813 ἐξ
595 4762 980 4813 αιλτόγοωτα.
1012 4762 1106 4813 καὶ
1134 4761 1260 4813 κατ’
1286 4761 1532 4813 αὺγένα.

272 4760 471 4828 Σκέλη
501 4760 570 4813 δὲ
588 4762 980 4830 μιλτόχρωτα,
1012 4762 1106 4815 καὶ
1134 4761 1260 4814 κατ’
1286 4760 1532 4830 αὐχένα,

272 4829 664 4898 Κροκοπινόις
691 4829 1018 4899 μαλλοῖσιν
1047 4829 1456 4899 εὐτρεπίζέται.

272 4900 440 4981 {idea
466 4899 765 4981 δὲκοίτης
792 4900 1010 4981 Meae
1039 4900 1437 4981 παρεμφερὴς,

272 4971 381 5042 Kal
401 4971 626 5042 μηλζνῃ
648 4970 766 5041 μὲν
794 4970 866 5039 τῇ
897 4972 1042 5042 κόρῃ
1083 4970 1472 5041 προσέϐλεπε.

273 5041 492 5111 Κύκᾷῳ
522 5040 591 5111 δὲ
620 5040 834 5111 κόρῃσι
855 5040 1072 5111 κόκκος
1099 5040 1179 5109 ὡς
1204 5042 1502 5110 ἐφαίνετο.

273 5108 488 5182 Φωνὴν
510 5108 578 5182 δὲ
606 5108 846 5182 πάντων
864 5108 1028 5181 εἶχεν
1050 5108 1622 5182 εὐπρεπεδεστάτην.

274 5180 573 5252 βασμεὺς
592 5180 659 5252 δὲ
690 5180 928 5252 πάντων
946 5180 1171 5250 ὀρνέων
1190 5184 1483 5252 ἐφαίνετο,

286 5246 477 5322 Ὠςῆγ
512 5250 732 5322 νοῆσαι
752 5268 766 5281 ·
798 5246 993 5306 πάντα
1020 5252 1140 5323 γὰρ
1150 5246 1238 5308 τᾶ
1252 5253 1448 5322 πτηνὰ
1472 5246 1627 5325 ὁμοῦ

278 5384 562 5454 Ὀπισθεν
581 5383 766 5439 αὑτοῦ
797 5383 1208 5454 δολιχεύοντες
1236 5385 1596 5443 ἐπέσσυντο.

273 5453 470 5529 Anglic
505 5452 572 5506 δὲ
598 5455 844 5529 πρόσᾷε,
868 5452 1084 5529 ταῦρος
1113 5452 1196 5523 ὡς
1225 5460 1647 5529 γαυρούμενος,

278 5522 511 5576 Ἐὄαινε
541 5524 830 5592 κραιπνὸν
848 5522 1020 5597 ,ϐῆμα
1035 5522 1350 5592 ,βαστᾶζωῦ
1372 5522 1575 5596 πόδός.

344 5634 513 5689 Τοῦτο
541 5637 669 5707 φασὶ
685 5638 967 5709 μονογενὲς
994 5640 1256 5716 ὑπάρχειν
1283 5643 1439 5712 ζῶον,
1477 5643 1550 5718 μὴ
1588 5645 1826 5700 συνιστάο

1953 1783 2123 1851 riant;
2158 1800 2279 1856 quae
2312 1785 2523 1849 laxatae,
2560 1788 2797 1842 claustra
2852 1786 3167 1851 resolvunt;
3201 1785 3394 1842 deinde
3420 1802 3515 1844 eas

1950 1883 2226 1939 evomunt,
2250 1883 2304 1930 et
2346 1892 2414 1931 ex
2456 1877 2540 1931 his
2568 1891 2686 1947 quae
2714 1883 2841 1931 sunt
2899 1877 3196 1942 esculenta,
3258 1879 3377 1933 sine
3403 1878 3513 1933 ulla

1950 1963 2266 2023 dillicultate
2288 1968 2516 2039 eligunt,
2546 1976 2600 2023 et
2629 1967 2819 2024 edunt.

2020 2055 2309 2116 Palumbes
2326 2076 2430 2116 nou
2451 2059 2541 2116 ubi
2562 2061 2780 2131 pariunt
2799 2057 3148 2130 pullationem
3173 2056 3398 2124 faciunt,
3416 2058 3514 2116 sed

1948 2165 2169 2228 propter
2194 2152 2595 2223 multitudinem
2618 2158 2951 2216 venatorum,
2971 2151 3103 2205 locis
3125 2150 3366 2215 mutatis,
3384 2152 3513 2208 alibi

1947 2247 2203 2317 parvulos
2245 2244 2523 2310 nutriunt;
2564 2243 2654 2298 ubi
2691 2250 2977 2299 venatores
3025 2241 3224 2297 fuerint
3249 2242 3513 2311 odorata,

1947 2345 2072 2394 ante
2099 2336 2273 2408 pullos
2302 2317 2650 2392 escurrcntes
2681 2334 2916 2398 evolant,
2948 2340 3002 2388 et
3043 2333 3097 2387 in
3133 2341 3303 2388 semet
3347 2350 3513 2388 vena-

1945 2437 2122 2487 torum
2141 2430 2398 2500 impetum
2415 2436 2469 2484 et
2483 2429 2722 2485 studium
2742 2434 3084 2492 convertunt,
3104 2426 3324 2482 interim
3348 2425 3508 2494 ﬁlios,

1947 2526 2070 2596 fuga
2092 2531 2279 2596 parata
2309 2529 2575 2588 tutantur,
2604 2522 2800 2593 quibus
2831 2521 2884 2575 in
2923 2519 3105 2589 fugam
3147 2521 3311 2587 datis,
3343 2521 3512 2577 auda-

1945 2626 2064 2674 cter
2137 2616 2353 2671 volatus
2405 2628 2595 2670 eorum
2643 2622 2845 2669 matres
2893 2621 3218 2684 prosecuta,
3280 2615 3503 2671 sublimi

1945 2706 2059 2762 aeri
2091 2721 2150 2762 se
2186 2705 2557 2760 committunt.

2016 2796 2126 2851 Sua
2154 2795 2328 2851 forma
2373 2795 2668 2867 gloriosum
2699 2809 2965 2866 pavonem
2998 2795 3117 2851 indi
3158 2793 3381 2865 ferunt;
3413 2793 3509 2852 hic

1944 2896 2195 2944 ornatum
2249 2888 2533 2959 pandens,
2564 2894 2616 2943 et
2661 2903 2961 2958 pennarum
3001 2888 3307 2975 speciosum
3349 2888 3507 2943 thea-

1944 2995 2088 3041 trum
2142 2992 2449 3053 ostentans,
2495 2984 2745 3041 dilectam
2789 3001 2821 3041 a
2871 3001 2932 3042 se
2980 2986 3247 3043 femellam
3296 2986 3506 3056 allicit;

1944 3076 2409 3150 pulchritudinem
2437 3079 2576 3133 hanc
2605 3078 2771 3134 veluti
2796 3094 3096 3150 pennarum
3130 3087 3343 3150 pratum
3382 3096 3508 3151 spe-

1943 3170 2198 3225 ctandam
2227 3185 2573 3241 proponens;
2607 3185 2847 3241 saneque
2872 3162 3099 3243 pavonis
3128 3182 3342 3243 pratum
3367 3187 3508 3244 quo-

1940 3261 2025 3318 vis
2067 3262 2173 3317 alio
2219 3270 2377 3333 prato
2418 3262 2576 3333 longe
2627 3263 2877 3320 ﬂoridius
2917 3270 3037 3332 est;
3088 3263 3142 3318 in
3189 3264 3310 3336 ejus
3358 3265 3505 3321 enim

1941 3354 2135 3425 pennis
2161 3369 2355 3409 aurum
2387 3354 2706 3421 seminatur,
2742 3363 2796 3410 et
2822 3359 2968 3409 omni
2992 3371 3055 3410 ex
3086 3364 3238 3425 parte
3262 3372 3503 3427 purpura

1940 3447 2221 3517 aequaliter
2251 3445 2585 3501 convestitur
2612 3454 2666 3500 et
2706 3446 2892 3511 vestit,
2920 3447 3171 3517 inestque
3203 3447 3312 3502 illis
3344 3448 3501 3519 quasi

1940 3538 2222 3594 oculorum
2247 3536 2477 3608 species.

2010 3632 2235 3688 Pbmnix
2267 3634 2493 3704 pavonis
2523 3641 2783 3689 narratur
2809 3634 3201 3707 magnitudine,
3232 3636 3327 3691 sed
3353 3650 3383 3689 a
3405 3651 3503 3707 pa-

1939 3739 2080 3781 vone
2132 3724 2538 3796 pulchritudine
2590 3732 2645 3781 et
2696 3727 2880 3781 colore
2943 3727 3241 3784 secundus.
3284 3725 3503 3785 Pennas

1940 3817 2084 3873 enim
2135 3832 2270 3872 auro
2317 3824 2373 3874 et
2424 3833 2665 3889 purpura
2724 3819 3044 3890 iuterpictas
3090 3819 3274 3888 habet,
3334 3827 3500 3890 caput

1939 3909 2209 3963 concinno
2262 3909 2416 3980 apice
2473 3910 2839 3982 undequaque
2892 3919 2946 3967 et
3002 3927 3202 3968 corona
3255 3912 3494 3968 cohone-

1938 4006 2154 4068 statur;
2187 4000 2427 4056 circulus
2450 4003 2632 4058 colore
2656 4004 2886 4060 caeruleo
2909 4011 2993 4060 est
3014 4012 3068 4059 et
3092 4005 3236 4061 rosis
3261 4004 3497 4073 similis;

1938 4089 2021 4147 sic
2053 4102 2271 4161 aspectu
2303 4091 2568 4162 juoundo,
2598 4102 2653 4149 et
2684 4095 2864 4150 radios
2890 4094 3187 4166 projicieus
3218 4097 3383 4152 veluti
3413 4097 3497 4152 sol

1936 4181 1992 4235 in
2020 4196 2234 4237 summo
2267 4198 2326 4238 se
2354 4183 2612 4250 collocat;
2644 4185 2717 4239 ita
2749 4194 2807 4240 ut
2835 4193 2889 4240 et
2911 4186 3003 4241 alii
3038 4186 3266 4242 formam
3300 4202 3495 4257 corpo-

1936 4272 2016 4326 ris
2055 4270 2203 4327 illius
2244 4273 2591 4341 tradiderint,
2636 4292 2800 4347 quam
2848 4276 3002 4334 bisce
3052 4278 3237 4336 verbis
3283 4278 3493 4336 descri-

1867 4372 1911 4429 D
1939 4379 2131 4437 psere:

1935 4477 2114 4553 ,ομνια
2141 4480 2324 4550 quippe
2350 4487 2427 4553 est
2455 4479 2564 4549 fere
2584 4482 2779 4552 aquin
2811 4484 3195 4553 magnitudine.

1930 4548 2048 4621 411's
2081 4548 2253 4621 autem
2284 4548 2466 4612 rariis,
2495 4548 2650 4621 atque
2671 4548 2956 4620 coloribus,

1934 4617 2135 4689 Corpus
2160 4620 2307 4673 illius
2344 4617 2747 4678 interscribitur.

1934 4688 2126 4761 fectus
2151 4706 2268 4745 vero
2295 4690 2439 4744 illius
2465 4706 2783 4761 purpureum
2811 4694 2958 4749 nitet.

1935 4757 2110 4835 Qrura
2134 4761 2344 4835 signata
2367 4757 2628 4835 eagpmilto,
2669 4773 2718 4817 et
2749 4765 2889 4819 circa
2921 4766 3136 4835 collum,

1935 4829 2127 4886 Croceo
2156 4829 2330 4900 pinna:
2352 4832 2536 4885 vellere
2562 4835 2860 4888 decoratur.

1933 4899 2103 4972 Qaput
2132 4899 2246 4971 ejus
2274 4902 2377 4956 diei
2403 4902 2565 4972 cubili
2594 4919 2696 4958 non
2725 4904 3002 4972 dissimile,

1934 4969 2265 5043 gt'melineis
2289 4971 2499 5043 papillis
2529 4974 2892 5043 contuebatur.

1935 5040 2004 5117 I_£_t
2027 5042 2167 5117 circa
2188 5059 2276 5094 eas
2308 5040 2651 5117 undequaque
2670 5040 2822 5117 quasi
2853 5062 3035 5101 caecus
3065 5046 3476 5117 diffundebatur.

1934 5109 1990 5187 1]
1993 5111 2214 5187 uilisque
2239 5109 2549 5187 animalium
2568 5109 2691 5187 erat
2719 5114 2937 5187 pulchra
2962 5133 3079 5171 voce
3108 5109 3348 5187 inferior.

1932 5178 2043 5251 Ben:
2068 5178 2229 5251 igitur
2251 5182 2481 5251 omnium
2510 5183 2681 5235 avium
2705 5178 2815 5239 esse
2845 5185 3139 5251 videbatur,

1937 5248 2006 5303 Ut
2031 5248 2330 5321 conjectura
2347 5250 2582 5321 judicari
2613 5263 2811 5321 potest;
2849 5257 3028 5310 omnia
3058 5248 3197 5314 enim
3243 5262 3481 5319 volatilia

3250 5332 3411 5389 simul

1931 5388 2062 5444 Post
2091 5407 2210 5446 eum
2251 5400 2490 5446 contento
2515 5406 2674 5446 cursu
2700 5392 2987 5450 irruebant.
3225 5328 3249 5403 ί

1929 5460 1999 5538 έι
2020 5460 2129 5538 ipse
2157 5472 2278 5515 ante
2305 5478 2483 5538 omnes
2512 5472 2765 5531 tanquam
2788 5474 2970 5538 taurus
3004 5467 3306 5538 superbius

1930 5528 2208 5602 Pergebat,
2237 5531 2450 5587 celerem
2484 5528 2720 5602 gressum
2743 5535 2943 5592 volvens
2965 5528 3130 5608 pedis.

2001 5641 2157 5700 Hunc
2191 5643 2379 5701 dicunt
2409 5643 2700 5716 unigenum
2744 5647 2893 5705 nulla
2939 5652 3288 5719 successione
3318 5667 3485 5726 gens-
