  <div class='ocr_page' id='page_1' title='image "/cluster/home/n/w/nwhite01/storage/ocr_20150623/18/hvd.32044073501207/371.png"; bbox 0 0 3898 6196; ppageno 0'>
   <div class='ocr_carea' id='block_1_1' title="bbox 550 270 651 327">
    <p class='ocr_par' dir='ltr' id='par_1_1' title="bbox 550 270 651 327">
     <span class='ocr_line' id='line_1_1' title="bbox 550 270 651 327; baseline -0.01 0"><span class='ocrx_word' id='word_1_1' title='bbox 550 270 651 327; x_wconf 78' lang='grc'><strong>731</strong></span> 
     </span>
    </p>
   </div>
   <div class='ocr_carea' id='block_1_2' title="bbox 1402 257 3686 321">
    <p class='ocr_par' dir='ltr' id='par_1_2' title="bbox 1402 257 3686 321">
     <span class='ocr_line' id='line_1_2' title="bbox 1402 257 3686 321; baseline 0 -1"><span class='ocrx_word' id='word_1_2' title='bbox 1402 263 1461 320; x_wconf 87' lang='lat' dir='ltr'><strong>S.</strong></span> <span class='ocrx_word' id='word_1_3' title='bbox 1503 261 1947 321; x_wconf 76' lang='lat' dir='ltr'><strong>EUSTATHIUS</strong></span> <span class='ocrx_word' id='word_1_4' title='bbox 1977 260 2464 319; x_wconf 78' lang='lat' dir='ltr'><strong>ANTIOCHENUS</strong></span> <span class='ocrx_word' id='word_1_5' title='bbox 2494 257 2892 316; x_wconf 80' lang='lat' dir='ltr'><strong>EPISCOPUS.</strong></span> <span class='ocrx_word' id='word_1_6' title='bbox 3599 263 3686 321; x_wconf 70' lang='grc' dir='ltr'><strong>πιῖ</strong></span> 
     </span>
    </p>
   </div>
   <div class='ocr_carea' id='block_1_3' title="bbox 546 373 2109 455">
    <p class='ocr_par' dir='ltr' id='par_1_3' title="bbox 546 379 2109 455">
     <span class='ocr_line' id='line_1_3' title="bbox 546 379 2109 455; baseline -0.008 -10"><span class='ocrx_word' id='word_1_7' title='bbox 546 385 682 455; x_wconf 86' lang='lat' dir='ltr'><strong>rari,</strong></span> <span class='ocrx_word' id='word_1_8' title='bbox 723 387 820 447; x_wconf 83' lang='lat' dir='ltr'><strong>sed</strong></span> <span class='ocrx_word' id='word_1_9' title='bbox 848 401 970 445; x_wconf 85' lang='lat' dir='ltr'><strong>esse</strong></span> <span class='ocrx_word' id='word_1_10' title='bbox 998 385 1222 440; x_wconf 89' lang='lat' dir='ltr'><strong>unicum</strong></span> <span class='ocrx_word' id='word_1_11' title='bbox 1252 389 1307 439; x_wconf 90' lang='lat' dir='ltr'><strong>et</strong></span> <span class='ocrx_word' id='word_1_12' title='bbox 1345 381 1544 447; x_wconf 84' lang='lat' dir='ltr'><strong>solum,</strong></span> <span class='ocrx_word' id='word_1_13' title='bbox 1574 388 1629 437; x_wconf 84' lang='lat' dir='ltr'><strong>et</strong></span> <span class='ocrx_word' id='word_1_14' title='bbox 1657 379 1971 452; x_wconf 73' lang='lat' dir='ltr'><strong>quingentis</strong></span> <span class='ocrx_word' id='word_1_15' title='bbox 1991 394 2109 434; x_wconf 88' lang='lat' dir='ltr'><strong>eum</strong></span> 
     </span>
    </p>
   </div>
   <div class='ocr_carea' id='block_1_4' title="bbox 2208 373 3689 455">
    <p class='ocr_par' dir='ltr' id='par_1_4' title="bbox 2221 373 3689 449">
     <span class='ocr_line' id='line_1_4' title="bbox 2221 373 3689 449; baseline 0.001 -16"><span class='ocrx_word' id='word_1_16' title='bbox 2221 395 2379 449; x_wconf 87' lang='grc' dir='ltr'><strong>μενον</strong></span> <span class='ocrx_word' id='word_1_17' title='bbox 2435 377 2670 449; x_wconf 76' lang='grc' dir='ltr'><strong>διαδοχῇ,</strong></span> <span class='ocrx_word' id='word_1_18' title='bbox 2714 375 2826 430; x_wconf 82' lang='grc' dir='ltr'><strong>ἀλλ’</strong></span> <span class='ocrx_word' id='word_1_19' title='bbox 2865 375 3119 446; x_wconf 74' lang='grc' dir='ltr'><strong>ὑπάρχειν</strong></span> <span class='ocrx_word' id='word_1_20' title='bbox 3147 374 3272 429; x_wconf 59' lang='lat' dir='ltr'><strong>non</strong></span> <span class='ocrx_word' id='word_1_21' title='bbox 3314 373 3593 447; x_wconf 73' lang='grc' dir='ltr'><strong>μσνιὶηατθν,</strong></span> <span class='ocrx_word' id='word_1_22' title='bbox 3615 382 3689 435; x_wconf 72' lang='grc' dir='ltr'><strong>καὶ</strong></span> 
     </span>
    </p>
   </div>
   <div class='ocr_carea' id='block_1_5' title="bbox 543 472 2118 546">
    <p class='ocr_par' dir='ltr' id='par_1_5' title="bbox 543 472 2118 546">
     <span class='ocr_line' id='line_1_5' title="bbox 543 472 2118 546; baseline -0.008 -10"><span class='ocrx_word' id='word_1_23' title='bbox 543 480 756 537; x_wconf 85' lang='lat' dir='ltr'><strong>durare</strong></span> <span class='ocrx_word' id='word_1_24' title='bbox 790 478 969 534; x_wconf 84' lang='lat' dir='ltr'><strong>annis.</strong></span> <span class='ocrx_word' id='word_1_25' title='bbox 1006 475 1167 531; x_wconf 74' lang='lat' dir='ltr'><strong>Morti</strong></span> <span class='ocrx_word' id='word_1_26' title='bbox 1201 475 1503 546; x_wconf 76' lang='lat' dir='ltr'><strong>proximus,</strong></span> <span class='ocrx_word' id='word_1_27' title='bbox 1536 473 1745 529; x_wconf 90' lang='lat' dir='ltr'><strong>obitum</strong></span> <span class='ocrx_word' id='word_1_28' title='bbox 1776 472 1925 527; x_wconf 86' lang='lat' dir='ltr'><strong>enim</strong></span> <span class='ocrx_word' id='word_1_29' title='bbox 1956 484 2118 527; x_wconf 90' lang='lat' dir='ltr'><strong>suum</strong></span> 
     </span>
    </p>
   </div>
   <div class='ocr_carea' id='block_1_6' title="bbox 544 562 2116 643">
    <p class='ocr_par' dir='ltr' id='par_1_6' title="bbox 544 562 2116 643">
     <span class='ocr_line' id='line_1_6' title="bbox 544 562 2116 643; baseline -0.007 -17"><span class='ocrx_word' id='word_1_30' title='bbox 544 573 664 642; x_wconf 86' lang='lat' dir='ltr'><strong>ipse</strong></span> <span class='ocrx_word' id='word_1_31' title='bbox 689 568 990 643; x_wconf 58' lang='lat' dir='ltr'><strong>praesentit,</strong></span> <span class='ocrx_word' id='word_1_32' title='bbox 1026 569 1080 623; x_wconf 92' lang='lat' dir='ltr'><strong>in</strong></span> <span class='ocrx_word' id='word_1_33' title='bbox 1123 567 1353 624; x_wconf 76' lang='lat' dir='ltr'><strong>subﬁme</strong></span> <span class='ocrx_word' id='word_1_34' title='bbox 1381 568 1615 630; x_wconf 88' lang='lat' dir='ltr'><strong>delatus,</strong></span> <span class='ocrx_word' id='word_1_35' title='bbox 1647 565 1818 621; x_wconf 90' lang='lat' dir='ltr'><strong>solem</strong></span> <span class='ocrx_word' id='word_1_36' title='bbox 1851 562 2116 618; x_wconf 78' lang='lat' dir='ltr'><strong>orientem</strong></span> 
     </span>
    </p>
   </div>
   <div class='ocr_carea' id='block_1_7' title="bbox 546 652 2118 730">
    <p class='ocr_par' dir='ltr' id='par_1_7' title="bbox 546 652 2118 730">
     <span class='ocr_line' id='line_1_7' title="bbox 546 652 2118 730; baseline -0.006 -11"><span class='ocrx_word' id='word_1_37' title='bbox 546 663 794 730; x_wconf 88' lang='lat' dir='ltr'><strong>intuens,</strong></span> <span class='ocrx_word' id='word_1_38' title='bbox 825 661 1063 718; x_wconf 88' lang='lat' dir='ltr'><strong>surculis</strong></span> <span class='ocrx_word' id='word_1_39' title='bbox 1079 659 1371 716; x_wconf 81' lang='lat' dir='ltr'><strong>odoriferis</strong></span> <span class='ocrx_word' id='word_1_40' title='bbox 1394 657 1666 713; x_wconf 92' lang='lat' dir='ltr'><strong>construit</strong></span> <span class='ocrx_word' id='word_1_41' title='bbox 1688 655 1898 720; x_wconf 91' lang='lat' dir='ltr'><strong>nidum,</strong></span> <span class='ocrx_word' id='word_1_42' title='bbox 1921 652 2118 709; x_wconf 85' lang='lat' dir='ltr'><strong>deinde</strong></span> 
     </span>
    </p>
   </div>
   <div class='ocr_carea' id='block_1_8' title="bbox 548 747 2117 818">
    <p class='ocr_par' dir='ltr' id='par_1_8' title="bbox 548 747 2117 818">
     <span class='ocr_line' id='line_1_8' title="bbox 548 747 2117 818; baseline -0.006 -11"><span class='ocrx_word' id='word_1_43' title='bbox 548 755 732 812; x_wconf 84' lang='lat' dir='ltr'><strong>asolis</strong></span> <span class='ocrx_word' id='word_1_44' title='bbox 771 752 941 809; x_wconf 83' lang='lat' dir='ltr'><strong>radiis</strong></span> <span class='ocrx_word' id='word_1_45' title='bbox 970 760 1119 807; x_wconf 88' lang='lat' dir='ltr'><strong>totus</strong></span> <span class='ocrx_word' id='word_1_46' title='bbox 1154 758 1449 814; x_wconf 81' lang='lat' dir='ltr'><strong>crematur,</strong></span> <span class='ocrx_word' id='word_1_47' title='bbox 1498 757 1551 804; x_wconf 91' lang='lat' dir='ltr'><strong>et</strong></span> <span class='ocrx_word' id='word_1_48' title='bbox 1582 752 1638 804; x_wconf 90' lang='lat' dir='ltr'><strong>in</strong></span> <span class='ocrx_word' id='word_1_49' title='bbox 1684 747 1961 818; x_wconf 79' lang='lat' dir='ltr'><strong>pulverem</strong></span> <span class='ocrx_word' id='word_1_50' title='bbox 1993 758 2117 798; x_wconf 82' lang='lat' dir='ltr'><strong>om-</strong></span> 
     </span>
    </p>
   </div>
   <div class='ocr_carea' id='block_1_9' title="bbox 550 839 2117 916">
    <p class='ocr_par' dir='ltr' id='par_1_9' title="bbox 550 839 2117 916">
     <span class='ocr_line' id='line_1_9' title="bbox 550 839 2117 916; baseline -0.006 -13"><span class='ocrx_word' id='word_1_51' title='bbox 550 846 683 903; x_wconf 87' lang='lat' dir='ltr'><strong>nino</strong></span> <span class='ocrx_word' id='word_1_52' title='bbox 700 845 1025 909; x_wconf 81' lang='lat' dir='ltr'><strong>resolvitur;</strong></span> <span class='ocrx_word' id='word_1_53' title='bbox 1057 860 1122 900; x_wconf 81' lang='lat' dir='ltr'><strong>ex</strong></span> <span class='ocrx_word' id='word_1_54' title='bbox 1164 844 1384 916; x_wconf 82' lang='lat' dir='ltr'><strong>pulvere</strong></span> <span class='ocrx_word' id='word_1_55' title='bbox 1426 841 1621 897; x_wconf 85' lang='lat' dir='ltr'><strong>deinde</strong></span> <span class='ocrx_word' id='word_1_56' title='bbox 1665 839 1995 896; x_wconf 74' lang='lat' dir='ltr'><strong>vermiculus</strong></span> <span class='ocrx_word' id='word_1_57' title='bbox 2020 854 2117 893; x_wconf 90' lang='lat' dir='ltr'><strong>na-</strong></span> 
     </span>
    </p>
   </div>
   <div class='ocr_carea' id='block_1_10' title="bbox 552 932 1730 1007">
    <p class='ocr_par' dir='ltr' id='par_1_10' title="bbox 552 932 1730 1007">
     <span class='ocr_line' id='line_1_10' title="bbox 552 932 1730 1007; baseline -0.007 -15"><span class='ocrx_word' id='word_1_58' title='bbox 552 937 743 1004; x_wconf 84' lang='lat' dir='ltr'><strong>scitur,</strong></span> <span class='ocrx_word' id='word_1_59' title='bbox 775 936 898 992; x_wconf 84' lang='lat' dir='ltr'><strong>inde</strong></span> <span class='ocrx_word' id='word_1_60' title='bbox 927 935 1110 1007; x_wconf 89' lang='lat' dir='ltr'><strong>pullus</strong></span> <span class='ocrx_word' id='word_1_61' title='bbox 1140 935 1458 1006; x_wconf 84' lang='lat' dir='ltr'><strong>primusque</strong></span> <span class='ocrx_word' id='word_1_62' title='bbox 1489 932 1730 1004; x_wconf 61' lang='lat' dir='ltr'><strong>phoenix.</strong></span> 
     </span>
    </p>
   </div>
   <div class='ocr_carea' id='block_1_11' title="bbox 618 1197 2117 1273">
    <p class='ocr_par' dir='ltr' id='par_1_11' title="bbox 618 1197 2117 1273">
     <span class='ocr_line' id='line_1_11' title="bbox 618 1197 2117 1273; baseline -0.004 -16"><span class='ocrx_word' id='word_1_63' title='bbox 618 1201 813 1273; x_wconf 80' lang='lat' dir='ltr'><strong>Aquila</strong></span> <span class='ocrx_word' id='word_1_64' title='bbox 844 1201 899 1257; x_wconf 91' lang='lat' dir='ltr'><strong>in</strong></span> <span class='ocrx_word' id='word_1_65' title='bbox 928 1200 1227 1258; x_wconf 83' lang='lat' dir='ltr'><strong>educandis</strong></span> <span class='ocrx_word' id='word_1_66' title='bbox 1256 1199 1446 1257; x_wconf 88' lang='lat' dir='ltr'><strong>liberis</strong></span> <span class='ocrx_word' id='word_1_67' title='bbox 1475 1198 1838 1269; x_wconf 76' lang='lat' dir='ltr'><strong>iniustissima</strong></span> <span class='ocrx_word' id='word_1_68' title='bbox 1877 1205 1962 1252; x_wconf 90' lang='lat' dir='ltr'><strong>est</strong></span> <span class='ocrx_word' id='word_1_69' title='bbox 1986 1213 2001 1263; x_wconf 92' lang='lat'><strong>;</strong></span> <span class='ocrx_word' id='word_1_70' title='bbox 2031 1197 2117 1251; x_wconf 87' lang='lat' dir='ltr'><strong>bi-</strong></span> 
     </span>
    </p>
   </div>
   <div class='ocr_carea' id='block_1_12' title="bbox 548 1290 2114 1366">
    <p class='ocr_par' dir='ltr' id='par_1_12' title="bbox 548 1290 2114 1366">
     <span class='ocr_line' id='line_1_12' title="bbox 548 1290 2114 1366; baseline -0.004 -16"><span class='ocrx_word' id='word_1_71' title='bbox 548 1309 653 1350; x_wconf 88' lang='lat' dir='ltr'><strong>nos</strong></span> <span class='ocrx_word' id='word_1_72' title='bbox 677 1294 853 1366; x_wconf 88' lang='lat' dir='ltr'><strong>pullos</strong></span> <span class='ocrx_word' id='word_1_73' title='bbox 880 1294 1142 1356; x_wconf 78' lang='lat' dir='ltr'><strong>excludit,</strong></span> <span class='ocrx_word' id='word_1_74' title='bbox 1166 1308 1398 1363; x_wconf 86' lang='lat' dir='ltr'><strong>quorum</strong></span> <span class='ocrx_word' id='word_1_75' title='bbox 1428 1293 1657 1347; x_wconf 82' lang='lat' dir='ltr'><strong>alterum</strong></span> <span class='ocrx_word' id='word_1_76' title='bbox 1698 1290 1802 1346; x_wconf 86' lang='lat' dir='ltr'><strong>sibi</strong></span> <span class='ocrx_word' id='word_1_77' title='bbox 1837 1290 2114 1353; x_wconf 81' lang='lat' dir='ltr'><strong>conciliat,</strong></span> 
     </span>
    </p>
   </div>
   <div class='ocr_carea' id='block_1_13' title="bbox 551 1381 2116 1455">
    <p class='ocr_par' dir='ltr' id='par_1_13' title="bbox 551 1381 2116 1455">
     <span class='ocr_line' id='line_1_13' title="bbox 551 1381 2116 1455; baseline -0.005 -14"><span class='ocrx_word' id='word_1_78' title='bbox 551 1387 781 1441; x_wconf 87' lang='lat' dir='ltr'><strong>alterum</strong></span> <span class='ocrx_word' id='word_1_79' title='bbox 824 1386 1030 1440; x_wconf 89' lang='lat' dir='ltr'><strong>alarum</strong></span> <span class='ocrx_word' id='word_1_80' title='bbox 1059 1385 1255 1440; x_wconf 84' lang='lat' dir='ltr'><strong>ictibus</strong></span> <span class='ocrx_word' id='word_1_81' title='bbox 1285 1383 1432 1455; x_wconf 80' lang='lat' dir='ltr'><strong>fugat</strong></span> <span class='ocrx_word' id='word_1_82' title='bbox 1473 1392 1527 1439; x_wconf 92' lang='lat' dir='ltr'><strong>et</strong></span> <span class='ocrx_word' id='word_1_83' title='bbox 1559 1383 1803 1452; x_wconf 72' lang='lat' dir='ltr'><strong>expellit,</strong></span> <span class='ocrx_word' id='word_1_84' title='bbox 1838 1381 2018 1436; x_wconf 89' lang='lat' dir='ltr'><strong>labore</strong></span> <span class='ocrx_word' id='word_1_85' title='bbox 2062 1387 2116 1435; x_wconf 92' lang='lat' dir='ltr'><strong>et</strong></span> 
     </span>
    </p>
   </div>
   <div class='ocr_carea' id='block_1_14' title="bbox 550 1471 2117 1544">
    <p class='ocr_par' dir='ltr' id='par_1_14' title="bbox 550 1471 2117 1544">
     <span class='ocr_line' id='line_1_14' title="bbox 550 1471 2117 1544; baseline -0.006 -11"><span class='ocrx_word' id='word_1_86' title='bbox 550 1476 732 1540; x_wconf 65' lang='lat' dir='ltr'><strong>mdia,</strong></span> <span class='ocrx_word' id='word_1_87' title='bbox 764 1482 821 1531; x_wconf 91' lang='lat' dir='ltr'><strong>ut</strong></span> <span class='ocrx_word' id='word_1_88' title='bbox 847 1476 1018 1539; x_wconf 87' lang='lat' dir='ltr'><strong>aiunt.</strong></span> <span class='ocrx_word' id='word_1_89' title='bbox 1051 1474 1361 1541; x_wconf 89' lang='lat' dir='ltr'><strong>nutriendi;</strong></span> <span class='ocrx_word' id='word_1_90' title='bbox 1413 1473 1509 1529; x_wconf 86' lang='lat' dir='ltr'><strong>sed</strong></span> <span class='ocrx_word' id='word_1_91' title='bbox 1542 1488 1706 1544; x_wconf 88' lang='lat' dir='ltr'><strong>quam</strong></span> <span class='ocrx_word' id='word_1_92' title='bbox 1740 1479 1938 1527; x_wconf 90' lang='lat' dir='ltr'><strong>vocant</strong></span> <span class='ocrx_word' id='word_1_93' title='bbox 1972 1471 2117 1526; x_wconf 85' lang='lat' dir='ltr'><strong>ossi-</strong></span> 
     </span>
    </p>
   </div>
   <div class='ocr_carea' id='block_1_15' title="bbox 550 1567 2116 1647">
    <p class='ocr_par' dir='ltr' id='par_1_15' title="bbox 550 1567 2116 1647">
     <span class='ocr_line' id='line_1_15' title="bbox 550 1567 2116 1647; baseline -0.003 -23"><span class='ocrx_word' id='word_1_94' title='bbox 550 1569 724 1642; x_wconf 78' lang='lat' dir='ltr'><strong>fraga.</strong></span> <span class='ocrx_word' id='word_1_95' title='bbox 764 1568 1027 1623; x_wconf 78' lang='lat' dir='ltr'><strong>ntl‘erunt</strong></span> <span class='ocrx_word' id='word_1_96' title='bbox 1074 1569 1307 1647; x_wconf 83' lang='lat' dir='ltr'><strong>ejectum</strong></span> <span class='ocrx_word' id='word_1_97' title='bbox 1352 1567 1771 1637; x_wconf 77' lang='lat' dir='ltr'><strong>abdicatumque</strong></span> <span class='ocrx_word' id='word_1_98' title='bbox 1813 1567 2014 1635; x_wconf 80' lang='lat' dir='ltr'><strong>excipit</strong></span> <span class='ocrx_word' id='word_1_99' title='bbox 2061 1571 2116 1620; x_wconf 91' lang='lat' dir='ltr'><strong>et</strong></span> 
     </span>
    </p>
   </div>
   <div class='ocr_carea' id='block_1_16' title="bbox 549 1655 2115 1729">
    <p class='ocr_par' dir='ltr' id='par_1_16' title="bbox 549 1655 2115 1729">
     <span class='ocr_line' id='line_1_16' title="bbox 549 1655 2115 1729; baseline -0.004 -13"><span class='ocrx_word' id='word_1_100' title='bbox 549 1660 747 1716; x_wconf 87' lang='lat' dir='ltr'><strong>educat</strong></span> <span class='ocrx_word' id='word_1_101' title='bbox 776 1674 900 1714; x_wconf 88' lang='lat' dir='ltr'><strong>cum</strong></span> <span class='ocrx_word' id='word_1_102' title='bbox 934 1660 1069 1716; x_wconf 87' lang='lat' dir='ltr'><strong>suis.</strong></span> <span class='ocrx_word' id='word_1_103' title='bbox 1098 1658 1299 1715; x_wconf 83' lang='lat' dir='ltr'><strong>Verum</strong></span> <span class='ocrx_word' id='word_1_104' title='bbox 1322 1660 1410 1714; x_wconf 91' lang='lat' dir='ltr'><strong>ubi</strong></span> <span class='ocrx_word' id='word_1_105' title='bbox 1448 1659 1652 1729; x_wconf 87' lang='lat' dir='ltr'><strong>pullum</strong></span> <span class='ocrx_word' id='word_1_106' title='bbox 1694 1658 1875 1729; x_wconf 83' lang='lat' dir='ltr'><strong>aquila</strong></span> <span class='ocrx_word' id='word_1_107' title='bbox 1905 1655 2115 1712; x_wconf 84' lang='lat' dir='ltr'><strong>enutri-</strong></span> 
     </span>
    </p>
   </div>
   <div class='ocr_carea' id='block_1_17' title="bbox 2218 467 3693 544">
    <p class='ocr_par' dir='ltr' id='par_1_17' title="bbox 2218 467 3693 544">
     <span class='ocr_line' id='line_1_17' title="bbox 2218 467 3693 544; baseline 0.003 -20"><span class='ocrx_word' id='word_1_108' title='bbox 2218 471 2314 544; x_wconf 72' lang='grc' dir='ltr'><strong>ἔτη</strong></span> <span class='ocrx_word' id='word_1_109' title='bbox 2346 471 2442 543; x_wconf 80' lang='grc' dir='ltr'><strong>ζῇν</strong></span> <span class='ocrx_word' id='word_1_110' title='bbox 2471 469 2816 526; x_wconf 87' lang='grc' dir='ltr'><strong>πεντακόσια.</strong></span> <span class='ocrx_word' id='word_1_111' title='bbox 2838 469 2946 522; x_wconf 72' lang='grc' dir='ltr'><strong>Καὶ</strong></span> <span class='ocrx_word' id='word_1_112' title='bbox 2972 471 3031 522; x_wconf 82' lang='grc' dir='ltr'><strong>ὲν</strong></span> <span class='ocrx_word' id='word_1_113' title='bbox 3060 468 3228 539; x_wconf 81' lang='grc' dir='ltr'>καιρῷ</span> <span class='ocrx_word' id='word_1_114' title='bbox 3255 467 3341 522; x_wconf 87' lang='grc' dir='ltr'><strong>τοῦ</strong></span> <span class='ocrx_word' id='word_1_115' title='bbox 3382 468 3564 540; x_wconf 75' lang='grc' dir='ltr'><strong>μέλλειν</strong></span> <span class='ocrx_word' id='word_1_116' title='bbox 3592 473 3693 528; x_wconf 59' lang='lat' dir='ltr'><strong>sint</strong></span> 
     </span>
    </p>
   </div>
   <div class='ocr_carea' id='block_1_18' title="bbox 2216 558 3691 634">
    <p class='ocr_par' dir='ltr' id='par_1_18' title="bbox 2216 558 3691 634">
     <span class='ocr_line' id='line_1_18' title="bbox 2216 558 3691 634; baseline 0 -17"><span class='ocrx_word' id='word_1_117' title='bbox 2216 563 2468 634; x_wconf 79' lang='grc' dir='ltr'><strong>τελευτᾷν</strong></span> <span class='ocrx_word' id='word_1_118' title='bbox 2516 559 2963 634; x_wconf 81' lang='grc' dir='ltr'><strong>(προαισθάνεται</strong></span> <span class='ocrx_word' id='word_1_119' title='bbox 3002 558 3105 631; x_wconf 82' lang='grc' dir='ltr'><strong>γὰρ</strong></span> <span class='ocrx_word' id='word_1_120' title='bbox 3149 560 3245 631; x_wconf 78' lang='grc' dir='ltr'><strong>τὴν</strong></span> <span class='ocrx_word' id='word_1_121' title='bbox 3287 560 3596 633; x_wconf 85' lang='grc' dir='ltr'><strong>ἀποϐίωσιν),</strong></span> <span class='ocrx_word' id='word_1_122' title='bbox 3628 565 3691 633; x_wconf 63' lang='grc' dir='ltr'><strong>ἐφ’</strong></span> 
     </span>
    </p>
   </div>
   <div class='ocr_carea' id='block_1_19' title="bbox 2216 652 3693 728">
    <p class='ocr_par' dir='ltr' id='par_1_19' title="bbox 2216 652 3693 728">
     <span class='ocr_line' id='line_1_19' title="bbox 2216 652 3693 728; baseline -0.001 -19"><span class='ocrx_word' id='word_1_123' title='bbox 2216 655 2420 727; x_wconf 74' lang='grc' dir='ltr'><strong>ὑψηλοῦ</strong></span> <span class='ocrx_word' id='word_1_124' title='bbox 2451 654 2593 717; x_wconf 77' lang='grc' dir='ltr'><strong>τινὸς</strong></span> <span class='ocrx_word' id='word_1_125' title='bbox 2612 654 2775 707; x_wconf 85' lang='grc' dir='ltr'><strong>τόπου</strong></span> <span class='ocrx_word' id='word_1_126' title='bbox 2792 652 3198 723; x_wconf 73' lang='grc' dir='ltr'><strong>ἐστοχασμένος,</strong></span> <span class='ocrx_word' id='word_1_127' title='bbox 3220 652 3352 707; x_wconf 89' lang='grc' dir='ltr'><strong>κατά</strong></span> <span class='ocrx_word' id='word_1_128' title='bbox 3378 652 3466 724; x_wconf 80' lang='grc' dir='ltr'><strong>τὴν</strong></span> <span class='ocrx_word' id='word_1_129' title='bbox 3486 654 3693 728; x_wconf 74' lang='grc' dir='ltr'><strong>ἀνατολὴν</strong></span> 
     </span>
    </p>
   </div>
   <div class='ocr_carea' id='block_1_20' title="bbox 2215 747 3692 820">
    <p class='ocr_par' dir='ltr' id='par_1_20' title="bbox 2215 747 3692 820">
     <span class='ocr_line' id='line_1_20' title="bbox 2215 747 3692 820; baseline -0.001 -18"><span class='ocrx_word' id='word_1_130' title='bbox 2215 748 2307 803; x_wconf 85' lang='grc' dir='ltr'><strong>τοῦ</strong></span> <span class='ocrx_word' id='word_1_131' title='bbox 2344 749 2518 820; x_wconf 79' lang='grc' dir='ltr'><strong>ἡλίου,</strong></span> <span class='ocrx_word' id='word_1_132' title='bbox 2559 747 2619 813; x_wconf 78' lang='grc' dir='ltr'><strong>ἐξ</strong></span> <span class='ocrx_word' id='word_1_133' title='bbox 2664 748 3028 820; x_wconf 62' lang='grc' dir='ltr'><strong>ἀρωματικιῖω</strong></span> <span class='ocrx_word' id='word_1_134' title='bbox 3063 748 3340 818; x_wconf 81' lang='grc' dir='ltr'><strong>φρυγάνων</strong></span> <span class='ocrx_word' id='word_1_135' title='bbox 3379 749 3692 819; x_wconf 69' lang='grc' dir='ltr'><strong>συμπηγνύναι</strong></span> 
     </span>
    </p>
   </div>
   <div class='ocr_carea' id='block_1_21' title="bbox 2214 837 3695 913">
    <p class='ocr_par' dir='ltr' id='par_1_21' title="bbox 2214 837 3695 913">
     <span class='ocr_line' id='line_1_21' title="bbox 2214 837 3695 913; baseline -0.001 -18"><span class='ocrx_word' id='word_1_136' title='bbox 2214 841 2312 913; x_wconf 84' lang='grc' dir='ltr'><strong>τὴν</strong></span> <span class='ocrx_word' id='word_1_137' title='bbox 2340 841 2553 907; x_wconf 73' lang='grc' dir='ltr'><strong>καλιὰν,</strong></span> <span class='ocrx_word' id='word_1_138' title='bbox 2583 842 2812 896; x_wconf 79' lang='grc' dir='ltr'><strong>κᾶπειτα</strong></span> <span class='ocrx_word' id='word_1_139' title='bbox 2834 840 2937 894; x_wconf 77' lang='grc' dir='ltr'><strong>ὑπὸ</strong></span> <span class='ocrx_word' id='word_1_140' title='bbox 2964 840 3060 911; x_wconf 80' lang='grc' dir='ltr'><strong>τῆς</strong></span> <span class='ocrx_word' id='word_1_141' title='bbox 3100 840 3307 902; x_wconf 78' lang='grc' dir='ltr'><strong>ἀκτῖνος</strong></span> <span class='ocrx_word' id='word_1_142' title='bbox 3329 837 3695 905; x_wconf 78' lang='grc' dir='ltr'><strong>ὁλοκαυτίζεσθαι</strong></span> 
     </span>
    </p>
   </div>
   <div class='ocr_carea' id='block_1_22' title="bbox 2213 926 3697 1004">
    <p class='ocr_par' dir='ltr' id='par_1_22' title="bbox 2213 926 3697 1004">
     <span class='ocr_line' id='line_1_22' title="bbox 2213 926 3697 1004; baseline -0.001 -19"><span class='ocrx_word' id='word_1_143' title='bbox 2213 933 2307 986; x_wconf 89' lang='grc' dir='ltr'><strong>τοῦ</strong></span> <span class='ocrx_word' id='word_1_144' title='bbox 2338 933 2511 1004; x_wconf 77' lang='grc' dir='ltr'><strong>ἡλίου,</strong></span> <span class='ocrx_word' id='word_1_145' title='bbox 2539 932 2634 985; x_wconf 74' lang='grc' dir='ltr'><strong>καὶ</strong></span> <span class='ocrx_word' id='word_1_146' title='bbox 2659 934 2738 995; x_wconf 82' lang='grc' dir='ltr'><strong>εἰς</strong></span> <span class='ocrx_word' id='word_1_147' title='bbox 2776 931 2922 984; x_wconf 85' lang='grc' dir='ltr'><strong>κόνιν</strong></span> <span class='ocrx_word' id='word_1_148' title='bbox 2955 928 3224 992; x_wconf 86' lang='grc' dir='ltr'><strong>παντελῶς</strong></span> <span class='ocrx_word' id='word_1_149' title='bbox 3259 928 3582 983; x_wconf 75' lang='grc' dir='ltr'><strong>ἀναλύεσθαι·</strong></span> <span class='ocrx_word' id='word_1_150' title='bbox 3611 926 3697 984; x_wconf 67' lang='grc' dir='ltr'><strong>εἶτα</strong></span> 
     </span>
    </p>
   </div>
   <div class='ocr_carea' id='block_1_23' title="bbox 2215 1018 3698 1094">
    <p class='ocr_par' dir='ltr' id='par_1_23' title="bbox 2215 1018 3698 1094">
     <span class='ocr_line' id='line_1_23' title="bbox 2215 1018 3698 1094; baseline -0.003 -18"><span class='ocrx_word' id='word_1_151' title='bbox 2215 1024 2279 1076; x_wconf 76' lang='grc' dir='ltr'><strong>ἐκ</strong></span> <span class='ocrx_word' id='word_1_152' title='bbox 2311 1023 2407 1094; x_wconf 82' lang='grc' dir='ltr'><strong>τῆς</strong></span> <span class='ocrx_word' id='word_1_153' title='bbox 2435 1022 2635 1085; x_wconf 81' lang='grc' dir='ltr'><strong>κόνεως</strong></span> <span class='ocrx_word' id='word_1_154' title='bbox 2656 1020 2911 1092; x_wconf 84' lang='grc' dir='ltr'><strong>σκώληκα</strong></span> <span class='ocrx_word' id='word_1_155' title='bbox 2943 1018 3241 1089; x_wconf 81' lang='grc' dir='ltr'><strong>γίγνεσθαι,</strong></span> <span class='ocrx_word' id='word_1_156' title='bbox 3270 1019 3359 1072; x_wconf 80' lang='grc' dir='ltr'><strong>καὶ</strong></span> <span class='ocrx_word' id='word_1_157' title='bbox 3395 1021 3453 1071; x_wconf 83' lang='grc' dir='ltr'><strong>ὲκ</strong></span> <span class='ocrx_word' id='word_1_158' title='bbox 3480 1018 3560 1072; x_wconf 84' lang='grc' dir='ltr'><strong>τοῦ</strong></span> <span class='ocrx_word' id='word_1_159' title='bbox 3589 1018 3698 1072; x_wconf 78' lang='grc' dir='ltr'><strong>σκώ-</strong></span> 
     </span>
    </p>
   </div>
   <div class='ocr_carea' id='block_1_24' title="bbox 2214 1110 3537 1184">
    <p class='ocr_par' dir='ltr' id='par_1_24' title="bbox 2214 1110 3537 1184">
     <span class='ocr_line' id='line_1_24' title="bbox 2214 1110 3537 1184; baseline -0.001 -18"><span class='ocrx_word' id='word_1_160' title='bbox 2214 1112 2378 1184; x_wconf 84' lang='grc' dir='ltr'><strong>ληκος</strong></span> <span class='ocrx_word' id='word_1_161' title='bbox 2408 1114 2487 1176; x_wconf 83' lang='grc' dir='ltr'><strong>εἰς</strong></span> <span class='ocrx_word' id='word_1_162' title='bbox 2519 1112 2608 1165; x_wconf 78' lang='grc' dir='ltr'><strong>τὸν</strong></span> <span class='ocrx_word' id='word_1_163' title='bbox 2635 1110 2849 1183; x_wconf 84' lang='grc' dir='ltr'><strong>πρῶτον</strong></span> <span class='ocrx_word' id='word_1_164' title='bbox 2876 1112 3090 1182; x_wconf 86' lang='grc' dir='ltr'><strong>φοίνικα</strong></span> <span class='ocrx_word' id='word_1_165' title='bbox 3125 1110 3537 1181; x_wconf 85' lang='grc' dir='ltr'><strong>μεταϐάλλεσθαι.</strong></span> 
     </span>
    </p>
   </div>
   <div class='ocr_carea' id='block_1_25' title="bbox 2297 1201 3702 1273">
    <p class='ocr_par' dir='ltr' id='par_1_25' title="bbox 2297 1201 3702 1273">
     <span class='ocr_line' id='line_1_25' title="bbox 2297 1201 3702 1273; baseline 0 -17"><span class='ocrx_word' id='word_1_166' title='bbox 2297 1204 2356 1256; x_wconf 89' lang='lat'><strong>&#39;0</strong></span> <span class='ocrx_word' id='word_1_167' title='bbox 2385 1202 2441 1256; x_wconf 83' lang='grc' dir='ltr'><strong>δὲ</strong></span> <span class='ocrx_word' id='word_1_168' title='bbox 2461 1203 2614 1266; x_wconf 80' lang='grc' dir='ltr'><strong>ἀετὸς</strong></span> <span class='ocrx_word' id='word_1_169' title='bbox 2642 1203 2767 1273; x_wconf 83' lang='grc' dir='ltr'><strong>περί</strong></span> <span class='ocrx_word' id='word_1_170' title='bbox 2797 1204 2894 1273; x_wconf 80' lang='grc' dir='ltr'><strong>τὴν</strong></span> <span class='ocrx_word' id='word_1_171' title='bbox 2910 1201 3215 1273; x_wconf 79' lang='grc' dir='ltr'><strong>ἀνατροφὴν</strong></span> <span class='ocrx_word' id='word_1_172' title='bbox 3237 1201 3341 1254; x_wconf 85' lang='grc' dir='ltr'><strong>τῶν</strong></span> <span class='ocrx_word' id='word_1_173' title='bbox 3371 1202 3570 1255; x_wconf 83' lang='grc' dir='ltr'><strong>νεοττῶν</strong></span> <span class='ocrx_word' id='word_1_174' title='bbox 3590 1204 3702 1257; x_wconf 76' lang='grc' dir='ltr'><strong>ἐστιν</strong></span> 
     </span>
    </p>
   </div>
   <div class='ocr_carea' id='block_1_26' title="bbox 2215 1292 3702 1366">
    <p class='ocr_par' dir='ltr' id='par_1_26' title="bbox 2215 1292 3702 1366">
     <span class='ocr_line' id='line_1_26' title="bbox 2215 1292 3702 1366; baseline 0.001 -19"><span class='ocrx_word' id='word_1_175' title='bbox 2215 1292 2571 1357; x_wconf 81' lang='grc' dir='ltr'><strong>ἀδικώτατος·</strong></span> <span class='ocrx_word' id='word_1_176' title='bbox 2625 1293 2716 1347; x_wconf 78' lang='grc' dir='ltr'><strong>δύο</strong></span> <span class='ocrx_word' id='word_1_177' title='bbox 2763 1292 2871 1366; x_wconf 83' lang='grc' dir='ltr'><strong>γὰρ</strong></span> <span class='ocrx_word' id='word_1_178' title='bbox 2918 1296 3167 1366; x_wconf 78' lang='grc' dir='ltr'><strong>ποιήσας,</strong></span> <span class='ocrx_word' id='word_1_179' title='bbox 3213 1294 3301 1347; x_wconf 82' lang='grc' dir='ltr'><strong>τὸν</strong></span> <span class='ocrx_word' id='word_1_180' title='bbox 3338 1295 3433 1365; x_wconf 81' lang='grc' dir='ltr'><strong>μὲν</strong></span> <span class='ocrx_word' id='word_1_181' title='bbox 3462 1295 3615 1365; x_wconf 78' lang='grc' dir='ltr'><strong>ἕτερον</strong></span> <span class='ocrx_word' id='word_1_182' title='bbox 3642 1299 3702 1349; x_wconf 88' lang='lat' dir='ltr'><strong>ol-</strong></span> 
     </span>
    </p>
   </div>
   <div class='ocr_carea' id='block_1_27' title="bbox 2216 1384 3701 1458">
    <p class='ocr_par' dir='ltr' id='par_1_27' title="bbox 2216 1384 3701 1458">
     <span class='ocr_line' id='line_1_27' title="bbox 2216 1384 3701 1458; baseline 0.001 -22"><span class='ocrx_word' id='word_1_183' title='bbox 2216 1384 2477 1446; x_wconf 83' lang='grc' dir='ltr'><strong>κειοῦται,</strong></span> <span class='ocrx_word' id='word_1_184' title='bbox 2527 1384 2617 1437; x_wconf 82' lang='grc' dir='ltr'><strong>τὸν</strong></span> <span class='ocrx_word' id='word_1_185' title='bbox 2643 1384 2699 1437; x_wconf 74' lang='grc' dir='ltr'><strong>δὲ</strong></span> <span class='ocrx_word' id='word_1_186' title='bbox 2735 1385 2916 1457; x_wconf 74' lang='grc' dir='ltr'><strong>ἕτερον</strong></span> <span class='ocrx_word' id='word_1_187' title='bbox 2955 1385 3227 1456; x_wconf 77' lang='grc' dir='ltr'><strong>μαστίζων</strong></span> <span class='ocrx_word' id='word_1_188' title='bbox 3262 1389 3370 1449; x_wconf 91' lang='grc' dir='ltr'><strong>τοῖς</strong></span> <span class='ocrx_word' id='word_1_189' title='bbox 3394 1392 3583 1458; x_wconf 80' lang='grc' dir='ltr'><strong>πτεροῖς</strong></span> <span class='ocrx_word' id='word_1_190' title='bbox 3600 1390 3701 1443; x_wconf 80' lang='grc' dir='ltr'><strong>ἀπο-</strong></span> 
     </span>
    </p>
   </div>
   <div class='ocr_carea' id='block_1_28' title="bbox 2217 1476 3704 1550">
    <p class='ocr_par' dir='ltr' id='par_1_28' title="bbox 2217 1476 3704 1550">
     <span class='ocr_line' id='line_1_28' title="bbox 2217 1476 3704 1550; baseline 0.007 -21"><span class='ocrx_word' id='word_1_191' title='bbox 2217 1476 2512 1549; x_wconf 84' lang='grc' dir='ltr'><strong>πέμπεται,</strong></span> <span class='ocrx_word' id='word_1_192' title='bbox 2540 1476 2627 1530; x_wconf 81' lang='grc' dir='ltr'><strong>διὰ</strong></span> <span class='ocrx_word' id='word_1_193' title='bbox 2663 1476 2762 1548; x_wconf 78' lang='grc' dir='ltr'><strong>τῆς</strong></span> <span class='ocrx_word' id='word_1_194' title='bbox 2798 1479 3019 1550; x_wconf 76' lang='grc' dir='ltr'><strong>τροφῆς,</strong></span> <span class='ocrx_word' id='word_1_195' title='bbox 3051 1477 3129 1542; x_wconf 86' lang='grc' dir='ltr'><strong>ὠς</strong></span> <span class='ocrx_word' id='word_1_196' title='bbox 3148 1479 3298 1547; x_wconf 78' lang='grc' dir='ltr'><strong>φασὶ,</strong></span> <span class='ocrx_word' id='word_1_197' title='bbox 3324 1480 3381 1533; x_wconf 79' lang='grc' dir='ltr'><strong>τὸ</strong></span> <span class='ocrx_word' id='word_1_198' title='bbox 3400 1482 3630 1537; x_wconf 74' lang='grc' dir='ltr'><strong>ἐπίπονον.</strong></span> <span class='ocrx_word' id='word_1_199' title='bbox 3658 1487 3704 1540; x_wconf 84' lang='grc' dir='ltr'><strong>Ἠ</strong></span> 
     </span>
    </p>
   </div>
   <div class='ocr_carea' id='block_1_29' title="bbox 2213 1569 3704 1642">
    <p class='ocr_par' dir='ltr' id='par_1_29' title="bbox 2213 1569 3704 1642">
     <span class='ocr_line' id='line_1_29' title="bbox 2213 1569 3704 1642; baseline 0.004 -19"><span class='ocrx_word' id='word_1_200' title='bbox 2213 1569 2269 1623; x_wconf 81' lang='grc' dir='ltr'><strong>δὲ</strong></span> <span class='ocrx_word' id='word_1_201' title='bbox 2303 1570 2465 1640; x_wconf 77' lang='grc' dir='ltr'><strong>φήνη,</strong></span> <span class='ocrx_word' id='word_1_202' title='bbox 2507 1569 2599 1623; x_wconf 83' lang='grc' dir='ltr'><strong>τὸν</strong></span> <span class='ocrx_word' id='word_1_203' title='bbox 2638 1569 3038 1640; x_wconf 85' lang='grc' dir='ltr'><strong>ἀποποιηθέντα</strong></span> <span class='ocrx_word' id='word_1_204' title='bbox 3081 1570 3379 1642; x_wconf 80' lang='grc' dir='ltr'><strong>δεξαμένη,</strong></span> <span class='ocrx_word' id='word_1_205' title='bbox 3405 1576 3505 1638; x_wconf 79' lang='grc' dir='ltr'><strong>τοῖς</strong></span> <span class='ocrx_word' id='word_1_206' title='bbox 3535 1576 3704 1641; x_wconf 78' lang='grc' dir='ltr'><strong>οἰκείοις</strong></span> 
     </span>
    </p>
   </div>
   <div class='ocr_carea' id='block_1_30' title="bbox 2217 1659 3706 1733">
    <p class='ocr_par' dir='ltr' id='par_1_30' title="bbox 2217 1659 3706 1733">
     <span class='ocr_line' id='line_1_30' title="bbox 2217 1659 3706 1733; baseline 0.007 -21"><span class='ocrx_word' id='word_1_207' title='bbox 2217 1659 2330 1730; x_wconf 80' lang='grc' dir='ltr'><strong>ἀμα</strong></span> <span class='ocrx_word' id='word_1_208' title='bbox 2390 1660 2641 1732; x_wconf 74' lang='grc' dir='ltr'><strong>ἐκτρέφει</strong></span> <span class='ocrx_word' id='word_1_209' title='bbox 2690 1665 2945 1725; x_wconf 86' lang='grc' dir='ltr'><strong>νεοσσοῖς.</strong></span> <span class='ocrx_word' id='word_1_210' title='bbox 2998 1661 3217 1733; x_wconf 73' lang='grc' dir='ltr'><strong>Θρέψας</strong></span> <span class='ocrx_word' id='word_1_211' title='bbox 3272 1663 3328 1716; x_wconf 78' lang='grc' dir='ltr'><strong>δὲ</strong></span> <span class='ocrx_word' id='word_1_212' title='bbox 3374 1663 3458 1718; x_wconf 82' lang='grc' dir='ltr'><strong>τὸν</strong></span> <span class='ocrx_word' id='word_1_213' title='bbox 3483 1667 3706 1723; x_wconf 73' lang='grc' dir='ltr'><strong>νεοττδνό</strong></span> 
     </span>
    </p>
   </div>
   <div class='ocr_carea' id='block_1_31' title="bbox 548 1745 2109 1827">
    <p class='ocr_par' dir='ltr' id='par_1_31' title="bbox 548 1745 2109 1822">
     <span class='ocr_line' id='line_1_31' title="bbox 548 1745 2109 1822; baseline -0.006 -14"><span class='ocrx_word' id='word_1_214' title='bbox 548 1751 1041 1822; x_wconf 74' lang='lat' dir='ltr'><strong>vitapprehensum</strong></span> <span class='ocrx_word' id='word_1_215' title='bbox 1075 1752 1257 1807; x_wconf 82' lang='lat' dir='ltr'><strong>volatu</strong></span> <span class='ocrx_word' id='word_1_216' title='bbox 1292 1749 1347 1804; x_wconf 92' lang='lat' dir='ltr'><strong>in</strong></span> <span class='ocrx_word' id='word_1_217' title='bbox 1385 1750 1671 1804; x_wconf 87' lang='lat' dir='ltr'><strong>sublimem</strong></span> <span class='ocrx_word' id='word_1_218' title='bbox 1702 1764 1881 1804; x_wconf 89' lang='lat' dir='ltr'><strong>aerem</strong></span> <span class='ocrx_word' id='word_1_219' title='bbox 1914 1745 2109 1809; x_wconf 83' lang='lat' dir='ltr'><strong>defert,</strong></span> 
     </span>
    </p>
   </div>
   <div class='ocr_carea' id='block_1_32' title="bbox 2208 1745 3701 1827">
    <p class='ocr_par' dir='ltr' id='par_1_32' title="bbox 2215 1750 3701 1827">
     <span class='ocr_line' id='line_1_32' title="bbox 2215 1750 3701 1827; baseline 0.005 -24"><span class='ocrx_word' id='word_1_220' title='bbox 2215 1750 2390 1813; x_wconf 83' lang='grc' dir='ltr'><strong>ἀετὸς,</strong></span> <span class='ocrx_word' id='word_1_221' title='bbox 2427 1751 2765 1816; x_wconf 79' lang='grc' dir='ltr'><strong>συνίπταται,</strong></span> <span class='ocrx_word' id='word_1_222' title='bbox 2789 1752 2950 1806; x_wconf 73' lang='grc' dir='ltr'><strong>αὐτὸν</strong></span> <span class='ocrx_word' id='word_1_223' title='bbox 2971 1754 3110 1823; x_wconf 82' lang='grc' dir='ltr'><strong>πρὸς</strong></span> <span class='ocrx_word' id='word_1_224' title='bbox 3138 1753 3227 1805; x_wconf 77' lang='grc' dir='ltr'><strong>τὸν</strong></span> <span class='ocrx_word' id='word_1_225' title='bbox 3248 1753 3430 1826; x_wconf 81' lang='grc' dir='ltr'><strong>αἰθέρα</strong></span> <span class='ocrx_word' id='word_1_226' title='bbox 3451 1754 3701 1827; x_wconf 81' lang='grc' dir='ltr'><strong>λαμϐάνων·</strong></span> 
     </span>
    </p>
   </div>
   <div class='ocr_carea' id='block_1_33' title="bbox 549 1840 2105 1900">
    <p class='ocr_par' dir='ltr' id='par_1_33' title="bbox 549 1840 2105 1900">
     <span class='ocr_line' id='line_1_33' title="bbox 549 1840 2105 1900; baseline -0.004 -1"><span class='ocrx_word' id='word_1_227' title='bbox 549 1851 604 1899; x_wconf 86' lang='lat' dir='ltr'><strong>et</strong></span> <span class='ocrx_word' id='word_1_228' title='bbox 624 1843 670 1900; x_wconf 81' lang='grc' dir='ltr'><strong>εἰ</strong></span> <span class='ocrx_word' id='word_1_229' title='bbox 685 1859 808 1899; x_wconf 88' lang='lat' dir='ltr'><strong>eum</strong></span> <span class='ocrx_word' id='word_1_230' title='bbox 830 1844 1093 1899; x_wconf 83' lang='lat' dir='ltr'><strong>adversus</strong></span> <span class='ocrx_word' id='word_1_231' title='bbox 1122 1843 1254 1899; x_wconf 88' lang='lat' dir='ltr'><strong>solis</strong></span> <span class='ocrx_word' id='word_1_232' title='bbox 1283 1843 1465 1897; x_wconf 82' lang='lat' dir='ltr'><strong>radios</strong></span> <span class='ocrx_word' id='word_1_233' title='bbox 1489 1841 1643 1895; x_wconf 85' lang='lat' dir='ltr'><strong>ﬁrma</strong></span> <span class='ocrx_word' id='word_1_234' title='bbox 1668 1841 1784 1897; x_wconf 85' lang='lat' dir='ltr'><strong>acie</strong></span> <span class='ocrx_word' id='word_1_235' title='bbox 1806 1840 2105 1895; x_wconf 91' lang='lat' dir='ltr'><strong>intuentem</strong></span> 
     </span>
    </p>
   </div>
   <div class='ocr_carea' id='block_1_34' title="bbox 550 1930 2115 2006">
    <p class='ocr_par' dir='ltr' id='par_1_34' title="bbox 550 1930 2115 2006">
     <span class='ocr_line' id='line_1_34' title="bbox 550 1930 2115 2006; baseline -0.003 -17"><span class='ocrx_word' id='word_1_236' title='bbox 550 1935 918 2005; x_wconf 80' lang='lat' dir='ltr'><strong>conspexerit,</strong></span> <span class='ocrx_word' id='word_1_237' title='bbox 949 1942 1004 1991; x_wconf 91' lang='lat' dir='ltr'><strong>et</strong></span> <span class='ocrx_word' id='word_1_238' title='bbox 1034 1949 1160 1990; x_wconf 88' lang='lat' dir='ltr'><strong>aera</strong></span> <span class='ocrx_word' id='word_1_239' title='bbox 1192 1935 1386 2006; x_wconf 87' lang='lat' dir='ltr'><strong>pennis</strong></span> <span class='ocrx_word' id='word_1_240' title='bbox 1420 1934 1680 1989; x_wconf 85' lang='lat' dir='ltr'><strong>audacter</strong></span> <span class='ocrx_word' id='word_1_241' title='bbox 1709 1941 2007 1994; x_wconf 88' lang='lat' dir='ltr'><strong>secantem.</strong></span> <span class='ocrx_word' id='word_1_242' title='bbox 2036 1930 2115 1986; x_wconf 87' lang='lat' dir='ltr'><strong>uti</strong></span> 
     </span>
    </p>
   </div>
   <div class='ocr_carea' id='block_1_35' title="bbox 549 2026 2116 2100">
    <p class='ocr_par' dir='ltr' id='par_1_35' title="bbox 549 2026 2116 2100">
     <span class='ocr_line' id='line_1_35' title="bbox 549 2026 2116 2100; baseline -0.001 -18"><span class='ocrx_word' id='word_1_243' title='bbox 549 2027 842 2100; x_wconf 63' lang='lat' dir='ltr'><strong>genuinum</strong></span> <span class='ocrx_word' id='word_1_244' title='bbox 873 2028 970 2082; x_wconf 92' lang='lat' dir='ltr'><strong>alit</strong></span> <span class='ocrx_word' id='word_1_245' title='bbox 998 2026 1265 2089; x_wconf 78' lang='lat' dir='ltr'><strong>fovendo;</strong></span> <span class='ocrx_word' id='word_1_246' title='bbox 1306 2027 1352 2083; x_wconf 88' lang='lat' dir='ltr'><strong>si</strong></span> <span class='ocrx_word' id='word_1_247' title='bbox 1380 2030 1758 2084; x_wconf 86' lang='lat' dir='ltr'><strong>conniventem</strong></span> <span class='ocrx_word' id='word_1_248' title='bbox 1791 2026 2116 2081; x_wconf 85' lang='lat' dir='ltr'><strong>bnmectan-</strong></span> 
     </span>
    </p>
   </div>
   <div class='ocr_carea' id='block_1_36' title="bbox 546 2115 2117 2190">
    <p class='ocr_par' dir='ltr' id='par_1_36' title="bbox 546 2115 2117 2190">
     <span class='ocr_line' id='line_1_36' title="bbox 546 2115 2117 2190; baseline -0.001 -17"><span class='ocrx_word' id='word_1_249' title='bbox 546 2124 764 2190; x_wconf 77' lang='lat' dir='ltr'><strong>temque</strong></span> <span class='ocrx_word' id='word_1_250' title='bbox 804 2119 1264 2184; x_wconf 87' lang='lat' dir='ltr'><strong>animadverterit,</strong></span> <span class='ocrx_word' id='word_1_251' title='bbox 1305 2118 1385 2174; x_wconf 88' lang='lat' dir='ltr'><strong>uti</strong></span> <span class='ocrx_word' id='word_1_252' title='bbox 1419 2117 1785 2175; x_wconf 89' lang='lat' dir='ltr'><strong>adulterinum</strong></span> <span class='ocrx_word' id='word_1_253' title='bbox 1820 2126 1983 2188; x_wconf 87' lang='lat' dir='ltr'><strong>atque</strong></span> <span class='ocrx_word' id='word_1_254' title='bbox 2023 2115 2117 2171; x_wconf 85' lang='lat' dir='ltr'><strong>de-</strong></span> 
     </span>
    </p>
   </div>
   <div class='ocr_carea' id='block_1_37' title="bbox 548 2212 1071 2284">
    <p class='ocr_par' dir='ltr' id='par_1_37' title="bbox 548 2212 1071 2284">
     <span class='ocr_line' id='line_1_37' title="bbox 548 2212 1071 2284; baseline 0.006 -18"><span class='ocrx_word' id='word_1_255' title='bbox 548 2225 801 2282; x_wconf 87' lang='lat' dir='ltr'><strong>generem</strong></span> <span class='ocrx_word' id='word_1_256' title='bbox 827 2212 1071 2284; x_wconf 76' lang='lat' dir='ltr'><strong>expellit.</strong></span> 
     </span>
    </p>
   </div>
   <div class='ocr_carea' id='block_1_38' title="bbox 621 2299 2116 2375">
    <p class='ocr_par' dir='ltr' id='par_1_38' title="bbox 621 2299 2116 2375">
     <span class='ocr_line' id='line_1_38' title="bbox 621 2299 2116 2375; baseline -0.001 -18"><span class='ocrx_word' id='word_1_257' title='bbox 621 2301 827 2360; x_wconf 79' lang='lat' dir='ltr'><strong>Ferunt</strong></span> <span class='ocrx_word' id='word_1_258' title='bbox 870 2304 1108 2375; x_wconf 79' lang='lat' dir='ltr'><strong>aquilam</strong></span> <span class='ocrx_word' id='word_1_259' title='bbox 1141 2303 1296 2359; x_wconf 86' lang='lat' dir='ltr'><strong>senio</strong></span> <span class='ocrx_word' id='word_1_260' title='bbox 1325 2303 1630 2360; x_wconf 78' lang='lat' dir='ltr'><strong>conlectam</strong></span> <span class='ocrx_word' id='word_1_261' title='bbox 1672 2301 1956 2359; x_wconf 86' lang='lat' dir='ltr'><strong>oculorum</strong></span> <span class='ocrx_word' id='word_1_262' title='bbox 1998 2299 2116 2355; x_wconf 91' lang='lat' dir='ltr'><strong>acie</strong></span> 
     </span>
    </p>
   </div>
   <div class='ocr_carea' id='block_1_39' title="bbox 549 2389 2133 2465">
    <p class='ocr_par' dir='ltr' id='par_1_39' title="bbox 549 2389 2133 2465">
     <span class='ocr_line' id='line_1_39' title="bbox 549 2389 2133 2465; baseline -0.003 -17"><span class='ocrx_word' id='word_1_263' title='bbox 549 2393 800 2458; x_wconf 88' lang='lat' dir='ltr'><strong>obtundi,</strong></span> <span class='ocrx_word' id='word_1_264' title='bbox 834 2394 1058 2465; x_wconf 78' lang='lat' dir='ltr'><strong>alasque</strong></span> <span class='ocrx_word' id='word_1_265' title='bbox 1103 2393 1224 2463; x_wconf 84' lang='lat' dir='ltr'><strong>ejus</strong></span> <span class='ocrx_word' id='word_1_266' title='bbox 1251 2393 1666 2465; x_wconf 86' lang='lat' dir='ltr'><strong>ingravescere;</strong></span> <span class='ocrx_word' id='word_1_267' title='bbox 1693 2393 1820 2447; x_wconf 85' lang='lat' dir='ltr'><strong>hinc</strong></span> <span class='ocrx_word' id='word_1_268' title='bbox 1848 2406 1971 2447; x_wconf 91' lang='lat' dir='ltr'><strong>eam</strong></span> <span class='ocrx_word' id='word_1_269' title='bbox 1996 2389 2133 2445; x_wconf 65' lang='lat' dir='ltr'><strong>lon-</strong></span> 
     </span>
    </p>
   </div>
   <div class='ocr_carea' id='block_1_40' title="bbox 546 2482 2115 2559">
    <p class='ocr_par' dir='ltr' id='par_1_40' title="bbox 546 2482 2115 2559">
     <span class='ocr_line' id='line_1_40' title="bbox 546 2482 2115 2559; baseline -0.004 -16"><span class='ocrx_word' id='word_1_270' title='bbox 546 2495 630 2544; x_wconf 87' lang='lat' dir='ltr'><strong>tes</strong></span> <span class='ocrx_word' id='word_1_271' title='bbox 660 2489 1006 2558; x_wconf 89' lang='lat' dir='ltr'><strong>investigare,</strong></span> <span class='ocrx_word' id='word_1_272' title='bbox 1037 2489 1355 2559; x_wconf 89' lang='lat' dir='ltr'><strong>delatasque</strong></span> <span class='ocrx_word' id='word_1_273' title='bbox 1383 2489 1438 2542; x_wconf 91' lang='lat' dir='ltr'><strong>in</strong></span> <span class='ocrx_word' id='word_1_274' title='bbox 1470 2500 1647 2542; x_wconf 88' lang='lat' dir='ltr'><strong>aerem</strong></span> <span class='ocrx_word' id='word_1_275' title='bbox 1676 2486 1793 2540; x_wconf 90' lang='lat' dir='ltr'><strong>alas</strong></span> <span class='ocrx_word' id='word_1_276' title='bbox 1825 2498 1855 2537; x_wconf 86' lang='lat' dir='ltr'><strong>a</strong></span> <span class='ocrx_word' id='word_1_277' title='bbox 1884 2483 2000 2537; x_wconf 89' lang='lat' dir='ltr'><strong>sole</strong></span> <span class='ocrx_word' id='word_1_278' title='bbox 2028 2482 2115 2537; x_wconf 87' lang='lat' dir='ltr'><strong>in-</strong></span> 
     </span>
    </p>
   </div>
   <div class='ocr_carea' id='block_1_41' title="bbox 546 2571 2114 2647">
    <p class='ocr_par' dir='ltr' id='par_1_41' title="bbox 546 2571 2114 2647">
     <span class='ocr_line' id='line_1_41' title="bbox 546 2571 2114 2647; baseline -0.006 -12"><span class='ocrx_word' id='word_1_279' title='bbox 546 2594 744 2636; x_wconf 86' lang='lat' dir='ltr'><strong>censas</strong></span> <span class='ocrx_word' id='word_1_280' title='bbox 787 2580 965 2644; x_wconf 81' lang='lat' dir='ltr'><strong>exuri,</strong></span> <span class='ocrx_word' id='word_1_281' title='bbox 995 2587 1049 2635; x_wconf 88' lang='lat' dir='ltr'><strong>et</strong></span> <span class='ocrx_word' id='word_1_282' title='bbox 1080 2579 1260 2635; x_wconf 89' lang='lat' dir='ltr'><strong>visum</strong></span> <span class='ocrx_word' id='word_1_283' title='bbox 1306 2591 1655 2647; x_wconf 80' lang='lat' dir='ltr'><strong>recuperare;</strong></span> <span class='ocrx_word' id='word_1_284' title='bbox 1703 2571 1902 2629; x_wconf 88' lang='lat' dir='ltr'><strong>deinde</strong></span> <span class='ocrx_word' id='word_1_285' title='bbox 1931 2571 2114 2628; x_wconf 88' lang='lat' dir='ltr'><strong>subito</strong></span> 
     </span>
    </p>
   </div>
   <div class='ocr_carea' id='block_1_42' title="bbox 550 2664 2114 2739">
    <p class='ocr_par' dir='ltr' id='par_1_42' title="bbox 550 2664 2114 2739">
     <span class='ocr_line' id='line_1_42' title="bbox 550 2664 2114 2739; baseline -0.007 -15"><span class='ocrx_word' id='word_1_286' title='bbox 550 2672 719 2739; x_wconf 87' lang='lat' dir='ltr'><strong>petito</strong></span> <span class='ocrx_word' id='word_1_287' title='bbox 746 2668 916 2734; x_wconf 81' lang='lat' dir='ltr'><strong>fonte.</strong></span> <span class='ocrx_word' id='word_1_288' title='bbox 951 2668 1172 2723; x_wconf 88' lang='lat' dir='ltr'><strong>tertium</strong></span> <span class='ocrx_word' id='word_1_289' title='bbox 1213 2668 1407 2739; x_wconf 86' lang='lat' dir='ltr'><strong>mergi,</strong></span> <span class='ocrx_word' id='word_1_290' title='bbox 1446 2672 1499 2720; x_wconf 83' lang='lat' dir='ltr'><strong>et</strong></span> <span class='ocrx_word' id='word_1_291' title='bbox 1535 2664 1819 2729; x_wconf 89' lang='lat' dir='ltr'><strong>renovari;</strong></span> <span class='ocrx_word' id='word_1_292' title='bbox 1853 2675 2022 2732; x_wconf 90' lang='lat' dir='ltr'><strong>quare</strong></span> <span class='ocrx_word' id='word_1_293' title='bbox 2059 2667 2114 2716; x_wconf 90' lang='lat' dir='ltr'><strong>et</strong></span> 
     </span>
    </p>
   </div>
   <div class='ocr_carea' id='block_1_43' title="bbox 547 2751 2109 2833">
    <p class='ocr_par' dir='ltr' id='par_1_43' title="bbox 547 2751 2109 2833">
     <span class='ocr_line' id='line_1_43' title="bbox 547 2751 2109 2833; baseline -0.008 -15"><span class='ocrx_word' id='word_1_294' title='bbox 547 2761 816 2833; x_wconf 81' lang='lat' dir='ltr'><strong>psalmum</strong></span> <span class='ocrx_word' id='word_1_295' title='bbox 847 2759 1054 2816; x_wconf 79' lang='lat' dir='ltr'><strong>dixisse</strong></span> <span class='ocrx_word' id='word_1_296' title='bbox 1085 2758 1308 2813; x_wconf 88' lang='lat' dir='ltr'><strong>tradunt</strong></span> <span class='ocrx_word' id='word_1_297' title='bbox 1336 2777 1351 2814; x_wconf 91' lang='lat'><strong>:</strong></span> <span class='ocrx_word' id='word_1_298' title='bbox 1380 2754 1733 2811; x_wconf 71' lang='lat' dir='ltr'><strong>Renovabitur</strong></span> <span class='ocrx_word' id='word_1_299' title='bbox 1757 2755 1893 2810; x_wconf 80' lang='lat' dir='ltr'><strong>sicut</strong></span> <span class='ocrx_word' id='word_1_300' title='bbox 1917 2751 2109 2825; x_wconf 70' lang='lat' dir='ltr'><strong>aquila</strong></span> 
     </span>
    </p>
   </div>
   <div class='ocr_carea' id='block_1_44' title="bbox 536 2851 991 2922">
    <p class='ocr_par' dir='ltr' id='par_1_44' title="bbox 536 2851 991 2922">
     <span class='ocr_line' id='line_1_44' title="bbox 536 2851 991 2922; baseline 0.004 -17"><span class='ocrx_word' id='word_1_301' title='bbox 536 2851 785 2922; x_wconf 78' lang='lat' dir='ltr'><strong>juventus</strong></span> <span class='ocrx_word' id='word_1_302' title='bbox 810 2861 902 2907; x_wconf 78' lang='lat' dir='ltr'><strong>tua</strong></span> <span class='ocrx_word' id='word_1_303' title='bbox 925 2852 991 2907; x_wconf 81' lang='lat'><strong>“.</strong></span> 
     </span>
    </p>
   </div>
   <div class='ocr_carea' id='block_1_45' title="bbox 615 3049 2105 3123">
    <p class='ocr_par' dir='ltr' id='par_1_45' title="bbox 615 3049 2105 3123">
     <span class='ocr_line' id='line_1_45' title="bbox 615 3049 2105 3123; baseline -0.001 -15"><span class='ocrx_word' id='word_1_304' title='bbox 615 3051 813 3109; x_wconf 74' lang='lat' dir='ltr'><strong>Yultur</strong></span> <span class='ocrx_word' id='word_1_305' title='bbox 840 3060 1002 3109; x_wconf 80' lang='lat' dir='ltr'><strong>vento</strong></span> <span class='ocrx_word' id='word_1_306' title='bbox 1048 3051 1307 3123; x_wconf 88' lang='lat' dir='ltr'><strong>concipit,</strong></span> <span class='ocrx_word' id='word_1_307' title='bbox 1353 3065 1528 3122; x_wconf 90' lang='lat' dir='ltr'><strong>neque</strong></span> <span class='ocrx_word' id='word_1_308' title='bbox 1565 3065 1689 3107; x_wconf 90' lang='lat' dir='ltr'><strong>cum</strong></span> <span class='ocrx_word' id='word_1_309' title='bbox 1733 3049 1871 3105; x_wconf 87' lang='lat' dir='ltr'><strong>mari</strong></span> <span class='ocrx_word' id='word_1_310' title='bbox 1904 3064 2105 3123; x_wconf 89' lang='lat' dir='ltr'><strong>corpus</strong></span> 
     </span>
    </p>
   </div>
   <div class='ocr_carea' id='block_1_46' title="bbox 543 3141 2108 3214">
    <p class='ocr_par' dir='ltr' id='par_1_46' title="bbox 543 3141 2108 3214">
     <span class='ocr_line' id='line_1_46' title="bbox 543 3141 2108 3214; baseline -0.003 -14"><span class='ocrx_word' id='word_1_311' title='bbox 543 3144 883 3211; x_wconf 76' lang='lat' dir='ltr'><strong>commiscet,</strong></span> <span class='ocrx_word' id='word_1_312' title='bbox 914 3143 1156 3214; x_wconf 86' lang='lat' dir='ltr'><strong>vivitque</strong></span> <span class='ocrx_word' id='word_1_313' title='bbox 1188 3142 1346 3198; x_wconf 89' lang='lat' dir='ltr'><strong>annis</strong></span> <span class='ocrx_word' id='word_1_314' title='bbox 1386 3152 1639 3205; x_wconf 84' lang='lat' dir='ltr'><strong>centum;</strong></span> <span class='ocrx_word' id='word_1_315' title='bbox 1677 3141 1732 3196; x_wconf 90' lang='lat' dir='ltr'><strong>in</strong></span> <span class='ocrx_word' id='word_1_316' title='bbox 1760 3141 1992 3197; x_wconf 78' lang='lat' dir='ltr'><strong>excelsis</strong></span> <span class='ocrx_word' id='word_1_317' title='bbox 2020 3148 2108 3195; x_wconf 88' lang='lat' dir='ltr'><strong>at-</strong></span> 
     </span>
    </p>
   </div>
   <div class='ocr_carea' id='block_1_47' title="bbox 543 3234 2108 3309">
    <p class='ocr_par' dir='ltr' id='par_1_47' title="bbox 543 3234 2108 3309">
     <span class='ocr_line' id='line_1_47' title="bbox 543 3234 2108 3309; baseline -0.003 -17"><span class='ocrx_word' id='word_1_318' title='bbox 543 3251 651 3309; x_wconf 74' lang='lat' dir='ltr'><strong>que</strong></span> <span class='ocrx_word' id='word_1_319' title='bbox 675 3235 801 3290; x_wconf 89' lang='lat' dir='ltr'><strong>altis</strong></span> <span class='ocrx_word' id='word_1_320' title='bbox 830 3235 1058 3307; x_wconf 88' lang='lat' dir='ltr'><strong>rupibus</strong></span> <span class='ocrx_word' id='word_1_321' title='bbox 1090 3241 1391 3307; x_wconf 88' lang='lat' dir='ltr'><strong>pernoctat,</strong></span> <span class='ocrx_word' id='word_1_322' title='bbox 1425 3242 1479 3290; x_wconf 91' lang='lat' dir='ltr'><strong>et</strong></span> <span class='ocrx_word' id='word_1_323' title='bbox 1516 3249 1676 3289; x_wconf 88' lang='lat' dir='ltr'><strong>nemo</strong></span> <span class='ocrx_word' id='word_1_324' title='bbox 1700 3234 1922 3289; x_wconf 89' lang='lat' dir='ltr'><strong>ubinam</strong></span> <span class='ocrx_word' id='word_1_325' title='bbox 1952 3234 2108 3288; x_wconf 84' lang='lat' dir='ltr'><strong>habi-</strong></span> 
     </span>
    </p>
   </div>
   <div class='ocr_carea' id='block_1_48' title="bbox 541 3324 2109 3398">
    <p class='ocr_par' dir='ltr' id='par_1_48' title="bbox 541 3324 2109 3398">
     <span class='ocr_line' id='line_1_48' title="bbox 541 3324 2109 3398; baseline -0.002 -15"><span class='ocrx_word' id='word_1_326' title='bbox 541 3333 642 3394; x_wconf 81' lang='lat' dir='ltr'><strong>tet,</strong></span> <span class='ocrx_word' id='word_1_327' title='bbox 675 3329 960 3398; x_wconf 83' lang='lat' dir='ltr'><strong>comperit.</strong></span> <span class='ocrx_word' id='word_1_328' title='bbox 987 3326 1088 3383; x_wconf 87' lang='lat' dir='ltr'><strong>Ubi</strong></span> <span class='ocrx_word' id='word_1_329' title='bbox 1113 3327 1442 3397; x_wconf 86' lang='lat' dir='ltr'><strong>conceperit,</strong></span> <span class='ocrx_word' id='word_1_330' title='bbox 1479 3328 1532 3381; x_wconf 94' lang='lat' dir='ltr'><strong>in</strong></span> <span class='ocrx_word' id='word_1_331' title='bbox 1562 3324 1767 3381; x_wconf 87' lang='lat' dir='ltr'><strong>Indiam</strong></span> <span class='ocrx_word' id='word_1_332' title='bbox 1804 3326 2109 3398; x_wconf 80' lang='lat' dir='ltr'><strong>proﬁcisci-</strong></span> 
     </span>
    </p>
   </div>
   <div class='ocr_carea' id='block_1_49' title="bbox 542 3416 2104 3488">
    <p class='ocr_par' dir='ltr' id='par_1_49' title="bbox 542 3416 2104 3488">
     <span class='ocr_line' id='line_1_49' title="bbox 542 3416 2104 3488; baseline -0.003 -16"><span class='ocrx_word' id='word_1_333' title='bbox 542 3424 654 3482; x_wconf 79' lang='lat' dir='ltr'><strong>tur.</strong></span> <span class='ocrx_word' id='word_1_334' title='bbox 705 3425 760 3475; x_wconf 88' lang='lat' dir='ltr'><strong>et</strong></span> <span class='ocrx_word' id='word_1_335' title='bbox 796 3417 1029 3488; x_wconf 87' lang='lat' dir='ltr'><strong>lapidem</strong></span> <span class='ocrx_word' id='word_1_336' title='bbox 1078 3433 1239 3488; x_wconf 89' lang='lat' dir='ltr'><strong>quem</strong></span> <span class='ocrx_word' id='word_1_337' title='bbox 1284 3424 1479 3472; x_wconf 89' lang='lat' dir='ltr'><strong>vocant</strong></span> <span class='ocrx_word' id='word_1_338' title='bbox 1524 3416 1800 3471; x_wconf 88' lang='lat' dir='ltr'><strong>eutocium</strong></span> <span class='ocrx_word' id='word_1_339' title='bbox 1853 3417 2104 3487; x_wconf 90' lang='lat' dir='ltr'><strong>suscipit,</strong></span> 
     </span>
    </p>
   </div>
   <div class='ocr_carea' id='block_1_50' title="bbox 543 3508 2106 3581">
    <p class='ocr_par' dir='ltr' id='par_1_50' title="bbox 543 3508 2106 3581">
     <span class='ocr_line' id='line_1_50' title="bbox 543 3508 2106 3581; baseline -0.001 -15"><span class='ocrx_word' id='word_1_340' title='bbox 543 3525 709 3581; x_wconf 84' lang='lat' dir='ltr'><strong>super</strong></span> <span class='ocrx_word' id='word_1_341' title='bbox 739 3525 922 3581; x_wconf 83' lang='lat' dir='ltr'><strong>quem,</strong></span> <span class='ocrx_word' id='word_1_342' title='bbox 958 3509 1085 3565; x_wconf 90' lang='lat' dir='ltr'><strong>dum</strong></span> <span class='ocrx_word' id='word_1_343' title='bbox 1116 3509 1400 3564; x_wconf 83' lang='lat' dir='ltr'><strong>doloribus</strong></span> <span class='ocrx_word' id='word_1_344' title='bbox 1440 3518 1630 3578; x_wconf 87' lang='lat' dir='ltr'><strong>partus</strong></span> <span class='ocrx_word' id='word_1_345' title='bbox 1674 3508 1974 3571; x_wconf 87' lang='lat' dir='ltr'><strong>cruciatur,</strong></span> <span class='ocrx_word' id='word_1_346' title='bbox 2021 3523 2106 3564; x_wconf 89' lang='lat' dir='ltr'><strong>se-</strong></span> 
     </span>
    </p>
   </div>
   <div class='ocr_carea' id='block_1_51' title="bbox 541 3599 2106 3672">
    <p class='ocr_par' dir='ltr' id='par_1_51' title="bbox 541 3599 2106 3672">
     <span class='ocr_line' id='line_1_51' title="bbox 541 3599 2106 3672; baseline -0.003 -15"><span class='ocrx_word' id='word_1_347' title='bbox 541 3600 632 3657; x_wconf 88' lang='lat' dir='ltr'><strong>det</strong></span> <span class='ocrx_word' id='word_1_348' title='bbox 663 3610 717 3657; x_wconf 87' lang='lat' dir='ltr'><strong>et</strong></span> <span class='ocrx_word' id='word_1_349' title='bbox 766 3603 928 3672; x_wconf 87' lang='lat' dir='ltr'><strong>parit.</strong></span> <span class='ocrx_word' id='word_1_350' title='bbox 984 3600 1079 3657; x_wconf 87' lang='lat' dir='ltr'><strong>Est</strong></span> <span class='ocrx_word' id='word_1_351' title='bbox 1108 3609 1287 3656; x_wconf 87' lang='lat' dir='ltr'><strong>autem</strong></span> <span class='ocrx_word' id='word_1_352' title='bbox 1321 3601 1458 3670; x_wconf 91' lang='lat' dir='ltr'><strong>lapis</strong></span> <span class='ocrx_word' id='word_1_353' title='bbox 1503 3600 1591 3655; x_wconf 87' lang='lat' dir='ltr'><strong>hic</strong></span> <span class='ocrx_word' id='word_1_354' title='bbox 1632 3600 1899 3654; x_wconf 88' lang='lat' dir='ltr'><strong>rotundus</strong></span> <span class='ocrx_word' id='word_1_355' title='bbox 1937 3599 2106 3654; x_wconf 86' lang='lat' dir='ltr'><strong>veluti</strong></span> 
     </span>
    </p>
   </div>
   <div class='ocr_carea' id='block_1_52' title="bbox 541 3693 2103 3765">
    <p class='ocr_par' dir='ltr' id='par_1_52' title="bbox 541 3693 2103 3765">
     <span class='ocr_line' id='line_1_52' title="bbox 541 3693 2103 3765; baseline -0.003 -15"><span class='ocrx_word' id='word_1_356' title='bbox 541 3711 678 3760; x_wconf 80' lang='lat' dir='ltr'><strong>nux,</strong></span> <span class='ocrx_word' id='word_1_357' title='bbox 724 3704 780 3752; x_wconf 90' lang='lat' dir='ltr'><strong>ct</strong></span> <span class='ocrx_word' id='word_1_358' title='bbox 803 3711 926 3750; x_wconf 91' lang='lat' dir='ltr'><strong>cum</strong></span> <span class='ocrx_word' id='word_1_359' title='bbox 959 3696 1222 3765; x_wconf 89' lang='lat' dir='ltr'><strong>quatitur,</strong></span> <span class='ocrx_word' id='word_1_360' title='bbox 1257 3694 1421 3747; x_wconf 87' lang='lat' dir='ltr'><strong>veluti</strong></span> <span class='ocrx_word' id='word_1_361' title='bbox 1450 3693 1875 3749; x_wconf 88' lang='lat' dir='ltr'><strong>tintinnabulum</strong></span> <span class='ocrx_word' id='word_1_362' title='bbox 1904 3706 2103 3748; x_wconf 87' lang='lat' dir='ltr'><strong>sonum</strong></span> 
     </span>
    </p>
   </div>
   <div class='ocr_carea' id='block_1_53' title="bbox 539 3784 2103 3856">
    <p class='ocr_par' dir='ltr' id='par_1_53' title="bbox 539 3784 2103 3856">
     <span class='ocr_line' id='line_1_53' title="bbox 539 3784 2103 3856; baseline -0.003 -14"><span class='ocrx_word' id='word_1_363' title='bbox 539 3785 674 3850; x_wconf 83' lang='lat' dir='ltr'><strong>edit,</strong></span> <span class='ocrx_word' id='word_1_364' title='bbox 700 3786 808 3840; x_wconf 92' lang='lat' dir='ltr'><strong>alio</strong></span> <span class='ocrx_word' id='word_1_365' title='bbox 840 3788 896 3840; x_wconf 91' lang='lat' dir='ltr'><strong>in</strong></span> <span class='ocrx_word' id='word_1_366' title='bbox 938 3795 1094 3841; x_wconf 91' lang='lat' dir='ltr'><strong>utero</strong></span> <span class='ocrx_word' id='word_1_367' title='bbox 1136 3785 1312 3856; x_wconf 90' lang='lat' dir='ltr'><strong>lapide</strong></span> <span class='ocrx_word' id='word_1_368' title='bbox 1347 3793 1595 3841; x_wconf 89' lang='lat' dir='ltr'><strong>sonante.</strong></span> <span class='ocrx_word' id='word_1_369' title='bbox 1629 3784 1796 3840; x_wconf 80' lang='lat' dir='ltr'><strong>Aiunt</strong></span> <span class='ocrx_word' id='word_1_370' title='bbox 1827 3784 2103 3839; x_wconf 88' lang='lat' dir='ltr'><strong>vulturem</strong></span> 
     </span>
    </p>
   </div>
   <div class='ocr_carea' id='block_1_54' title="bbox 540 3878 2104 3951">
    <p class='ocr_par' dir='ltr' id='par_1_54' title="bbox 540 3878 2104 3951">
     <span class='ocr_line' id='line_1_54' title="bbox 540 3878 2104 3951; baseline -0.003 -15"><span class='ocrx_word' id='word_1_371' title='bbox 540 3894 700 3936; x_wconf 81' lang='lat' dir='ltr'><strong>rosea</strong></span> <span class='ocrx_word' id='word_1_372' title='bbox 728 3889 1000 3951; x_wconf 87' lang='lat' dir='ltr'><strong>unguenta</strong></span> <span class='ocrx_word' id='word_1_373' title='bbox 1026 3878 1313 3935; x_wconf 88' lang='lat' dir='ltr'><strong>odoratum</strong></span> <span class='ocrx_word' id='word_1_374' title='bbox 1362 3878 1623 3946; x_wconf 87' lang='lat' dir='ltr'><strong>interimi,</strong></span> <span class='ocrx_word' id='word_1_375' title='bbox 1673 3894 1852 3950; x_wconf 86' lang='lat' dir='ltr'><strong>neque</strong></span> <span class='ocrx_word' id='word_1_376' title='bbox 1884 3878 2104 3945; x_wconf 87' lang='lat' dir='ltr'><strong>semini,</strong></span> 
     </span>
    </p>
   </div>
   <div class='ocr_carea' id='block_1_55' title="bbox 540 3970 2104 4043">
    <p class='ocr_par' dir='ltr' id='par_1_55' title="bbox 540 3970 2104 4043">
     <span class='ocr_line' id='line_1_55' title="bbox 540 3970 2104 4043; baseline -0.004 -15"><span class='ocrx_word' id='word_1_377' title='bbox 540 3987 720 4043; x_wconf 86' lang='lat' dir='ltr'><strong>neque</strong></span> <span class='ocrx_word' id='word_1_378' title='bbox 770 3975 968 4029; x_wconf 85' lang='lat' dir='ltr'><strong>viventi</strong></span> <span class='ocrx_word' id='word_1_379' title='bbox 1001 3988 1124 4027; x_wconf 87' lang='lat' dir='ltr'><strong>esse</strong></span> <span class='ocrx_word' id='word_1_380' title='bbox 1176 3970 1562 4042; x_wconf 87' lang='lat' dir='ltr'><strong>perniciosum,</strong></span> <span class='ocrx_word' id='word_1_381' title='bbox 1596 3970 1691 4026; x_wconf 90' lang='lat' dir='ltr'><strong>sed</strong></span> <span class='ocrx_word' id='word_1_382' title='bbox 1727 3978 1781 4025; x_wconf 84' lang='lat' dir='ltr'><strong>et</strong></span> <span class='ocrx_word' id='word_1_383' title='bbox 1829 3979 2104 4025; x_wconf 87' lang='lat' dir='ltr'><strong>mortuum</strong></span> 
     </span>
    </p>
   </div>
   <div class='ocr_carea' id='block_1_56' title="bbox 540 4063 2103 4134">
    <p class='ocr_par' dir='ltr' id='par_1_56' title="bbox 540 4063 2103 4134">
     <span class='ocr_line' id='line_1_56' title="bbox 540 4063 2103 4134; baseline -0.002 -16"><span class='ocrx_word' id='word_1_384' title='bbox 540 4078 704 4120; x_wconf 91' lang='lat' dir='ltr'><strong>omne</strong></span> <span class='ocrx_word' id='word_1_385' title='bbox 741 4065 959 4120; x_wconf 85' lang='lat' dir='ltr'><strong>volatile</strong></span> <span class='ocrx_word' id='word_1_386' title='bbox 1001 4070 1222 4134; x_wconf 87' lang='lat' dir='ltr'><strong>propter</strong></span> <span class='ocrx_word' id='word_1_387' title='bbox 1270 4063 1580 4118; x_wconf 87' lang='lat' dir='ltr'><strong>allinitatem</strong></span> <span class='ocrx_word' id='word_1_388' title='bbox 1618 4063 1933 4119; x_wconf 86' lang='lat' dir='ltr'><strong>abhorrere.</strong></span> <span class='ocrx_word' id='word_1_389' title='bbox 1967 4063 2103 4117; x_wconf 85' lang='lat' dir='ltr'><strong>Cum</strong></span> 
     </span>
    </p>
   </div>
   <div class='ocr_carea' id='block_1_57' title="bbox 540 4156 2105 4226">
    <p class='ocr_par' dir='ltr' id='par_1_57' title="bbox 540 4156 2105 4226">
     <span class='ocr_line' id='line_1_57' title="bbox 540 4156 2105 4226; baseline -0.001 -13"><span class='ocrx_word' id='word_1_390' title='bbox 540 4172 673 4213; x_wconf 79' lang='lat' dir='ltr'><strong>vero</strong></span> <span class='ocrx_word' id='word_1_391' title='bbox 706 4156 954 4211; x_wconf 84' lang='lat' dir='ltr'><strong>homines</strong></span> <span class='ocrx_word' id='word_1_392' title='bbox 987 4156 1044 4210; x_wconf 90' lang='lat' dir='ltr'><strong>in</strong></span> <span class='ocrx_word' id='word_1_393' title='bbox 1077 4159 1248 4211; x_wconf 89' lang='lat' dir='ltr'><strong>aciem</strong></span> <span class='ocrx_word' id='word_1_394' title='bbox 1284 4156 1653 4219; x_wconf 86' lang='lat' dir='ltr'><strong>instruuntur,</strong></span> <span class='ocrx_word' id='word_1_395' title='bbox 1690 4156 1959 4226; x_wconf 88' lang='lat' dir='ltr'><strong>sequitur,</strong></span> <span class='ocrx_word' id='word_1_396' title='bbox 2003 4170 2105 4212; x_wconf 85' lang='lat' dir='ltr'><strong>nec</strong></span> 
     </span>
    </p>
   </div>
   <div class='ocr_carea' id='block_1_58' title="bbox 541 4248 1892 4321">
    <p class='ocr_par' dir='ltr' id='par_1_58' title="bbox 541 4248 1892 4321">
     <span class='ocr_line' id='line_1_58' title="bbox 541 4248 1892 4321; baseline 0 -17"><span class='ocrx_word' id='word_1_397' title='bbox 541 4250 613 4307; x_wconf 89' lang='lat' dir='ltr'><strong>ab</strong></span> <span class='ocrx_word' id='word_1_398' title='bbox 641 4250 774 4316; x_wconf 84' lang='lat' dir='ltr'><strong>illis,</strong></span> <span class='ocrx_word' id='word_1_399' title='bbox 804 4249 1052 4305; x_wconf 88' lang='lat' dir='ltr'><strong>carnium</strong></span> <span class='ocrx_word' id='word_1_400' title='bbox 1082 4248 1221 4305; x_wconf 82' lang='lat' dir='ltr'><strong>edax</strong></span> <span class='ocrx_word' id='word_1_401' title='bbox 1250 4265 1374 4305; x_wconf 90' lang='lat' dir='ltr'><strong>cum</strong></span> <span class='ocrx_word' id='word_1_402' title='bbox 1419 4250 1509 4315; x_wconf 91' lang='lat' dir='ltr'><strong>sit,</strong></span> <span class='ocrx_word' id='word_1_403' title='bbox 1540 4248 1892 4321; x_wconf 70' lang='lat' dir='ltr'><strong>disiungitur.</strong></span> 
     </span>
    </p>
   </div>
   <div class='ocr_carea' id='block_1_59' title="bbox 2219 1842 3704 1918">
    <p class='ocr_par' dir='ltr' id='par_1_59' title="bbox 2219 1842 3704 1918">
     <span class='ocr_line' id='line_1_59' title="bbox 2219 1842 3704 1918; baseline 0.005 -23"><span class='ocrx_word' id='word_1_404' title='bbox 2219 1842 2311 1896; x_wconf 82' lang='grc' dir='ltr'><strong>καὶ</strong></span> <span class='ocrx_word' id='word_1_405' title='bbox 2339 1844 2387 1895; x_wconf 82' lang='grc' dir='ltr'><strong>εἰ</strong></span> <span class='ocrx_word' id='word_1_406' title='bbox 2407 1842 2647 1896; x_wconf 89' lang='grc' dir='ltr'><strong>θεάσοιτο</strong></span> <span class='ocrx_word' id='word_1_407' title='bbox 2672 1843 2807 1915; x_wconf 81' lang='grc' dir='ltr'><strong>πρὸς</strong></span> <span class='ocrx_word' id='word_1_408' title='bbox 2827 1843 2923 1914; x_wconf 84' lang='grc' dir='ltr'><strong>τὴν</strong></span> <span class='ocrx_word' id='word_1_409' title='bbox 2938 1844 3298 1916; x_wconf 80' lang='grc' dir='ltr'><strong>λαμπρότητα</strong></span> <span class='ocrx_word' id='word_1_410' title='bbox 3322 1846 3412 1899; x_wconf 88' lang='grc' dir='ltr'><strong>τοῦ</strong></span> <span class='ocrx_word' id='word_1_411' title='bbox 3441 1847 3571 1918; x_wconf 75' lang='grc' dir='ltr'><strong>ἡλίου</strong></span> <span class='ocrx_word' id='word_1_412' title='bbox 3588 1851 3704 1903; x_wconf 77' lang='grc' dir='ltr'><strong>αὐτὸν</strong></span> 
     </span>
    </p>
   </div>
   <div class='ocr_carea' id='block_1_60' title="bbox 2215 1935 3702 2012">
    <p class='ocr_par' dir='ltr' id='par_1_60' title="bbox 2215 1935 3702 2012">
     <span class='ocr_line' id='line_1_60' title="bbox 2215 1935 3702 2012; baseline 0.007 -26"><span class='ocrx_word' id='word_1_413' title='bbox 2215 1935 2606 2005; x_wconf 78' lang='grc' dir='ltr'><strong>όξυοπήσαντα,</strong></span> <span class='ocrx_word' id='word_1_414' title='bbox 2654 1937 2748 1988; x_wconf 71' lang='grc' dir='ltr'><strong>καὶ</strong></span> <span class='ocrx_word' id='word_1_415' title='bbox 2771 1936 3046 2008; x_wconf 82' lang='grc' dir='ltr'><strong>εὐτόλμως</strong></span> <span class='ocrx_word' id='word_1_416' title='bbox 3083 1939 3181 1992; x_wconf 82' lang='grc' dir='ltr'><strong>τὸν</strong></span> <span class='ocrx_word' id='word_1_417' title='bbox 3212 1939 3345 2012; x_wconf 77' lang='grc' dir='ltr'><strong>ἀέρα</strong></span> <span class='ocrx_word' id='word_1_418' title='bbox 3368 1940 3702 2012; x_wconf 81' lang='grc' dir='ltr'><strong>διανηχόμενον,</strong></span> 
     </span>
    </p>
   </div>
   <div class='ocr_carea' id='block_1_61' title="bbox 2213 2013 3705 2104">
    <p class='ocr_par' dir='ltr' id='par_1_61' title="bbox 2213 2013 3705 2104">
     <span class='ocr_line' id='line_1_61' title="bbox 2213 2013 3705 2104; baseline 0.009 -27"><span class='ocrx_word' id='word_1_419' title='bbox 2213 2025 2287 2089; x_wconf 84' lang='grc' dir='ltr'><strong>ὼς</strong></span> <span class='ocrx_word' id='word_1_420' title='bbox 2315 2013 2509 2078; x_wconf 79' lang='grc' dir='ltr'><strong>οἰκεῖον</strong></span> <span class='ocrx_word' id='word_1_421' title='bbox 2535 2030 2893 2098; x_wconf 83' lang='grc' dir='ltr'><strong>περιποιεῖται</strong></span> <span class='ocrx_word' id='word_1_422' title='bbox 2912 2045 2926 2059; x_wconf 95' lang='grc'><strong>·</strong></span> <span class='ocrx_word' id='word_1_423' title='bbox 2958 2030 3006 2082; x_wconf 79' lang='grc' dir='ltr'><strong>εἰ</strong></span> <span class='ocrx_word' id='word_1_424' title='bbox 3037 2027 3096 2085; x_wconf 77' lang='grc' dir='ltr'><strong>δὲ</strong></span> <span class='ocrx_word' id='word_1_425' title='bbox 3131 2029 3315 2085; x_wconf 75' lang='grc' dir='ltr'><strong>ἄτονον</strong></span> <span class='ocrx_word' id='word_1_426' title='bbox 3335 2031 3462 2104; x_wconf 76' lang='grc' dir='ltr'><strong>πρὸς</strong></span> <span class='ocrx_word' id='word_1_427' title='bbox 3477 2033 3636 2101; x_wconf 81' lang='grc' dir='ltr'><strong>ταῦτα,</strong></span> <span class='ocrx_word' id='word_1_428' title='bbox 3653 2035 3705 2099; x_wconf 82' lang='grc' dir='ltr'><strong>ὡς</strong></span> 
     </span>
    </p>
   </div>
   <div class='ocr_carea' id='block_1_62' title="bbox 2214 2117 2709 2176">
    <p class='ocr_par' dir='ltr' id='par_1_62' title="bbox 2214 2117 2709 2176">
     <span class='ocr_line' id='line_1_62' title="bbox 2214 2117 2709 2176; baseline 0.01 -5"><span class='ocrx_word' id='word_1_429' title='bbox 2214 2117 2365 2171; x_wconf 82' lang='grc' dir='ltr'><strong>νόθον</strong></span> <span class='ocrx_word' id='word_1_430' title='bbox 2395 2118 2709 2176; x_wconf 87' lang='grc' dir='ltr'><strong>ἀποϐάλλει.</strong></span> 
     </span>
    </p>
   </div>
   <div class='ocr_carea' id='block_1_63' title="bbox 2281 2295 3707 2377">
    <p class='ocr_par' dir='ltr' id='par_1_63' title="bbox 2281 2295 3707 2377">
     <span class='ocr_line' id='line_1_63' title="bbox 2281 2295 3707 2377; baseline 0.006 -29"><span class='ocrx_word' id='word_1_431' title='bbox 2281 2296 2418 2350; x_wconf 72' lang='grc' dir='ltr'><strong>Φασὶ</strong></span> <span class='ocrx_word' id='word_1_432' title='bbox 2446 2295 2554 2369; x_wconf 81' lang='grc' dir='ltr'><strong>γὰρ</strong></span> <span class='ocrx_word' id='word_1_433' title='bbox 2576 2296 2895 2369; x_wconf 83' lang='grc' dir='ltr'><strong>γηράσαντα</strong></span> <span class='ocrx_word' id='word_1_434' title='bbox 2943 2298 3035 2353; x_wconf 77' lang='grc' dir='ltr'><strong>τὸν</strong></span> <span class='ocrx_word' id='word_1_435' title='bbox 3067 2300 3233 2359; x_wconf 81' lang='grc' dir='ltr'><strong>ἀετὸν</strong></span> <span class='ocrx_word' id='word_1_436' title='bbox 3282 2303 3618 2377; x_wconf 80' lang='grc' dir='ltr'><strong>ἀμαυροῦσθαι</strong></span> <span class='ocrx_word' id='word_1_437' title='bbox 3636 2304 3707 2367; x_wconf 78' lang='grc' dir='ltr'><strong>τὰς</strong></span> 
     </span>
    </p>
   </div>
   <div class='ocr_carea' id='block_1_64' title="bbox 2213 2387 3706 2468">
    <p class='ocr_par' dir='ltr' id='par_1_64' title="bbox 2213 2387 3706 2468">
     <span class='ocr_line' id='line_1_64' title="bbox 2213 2387 3706 2468; baseline 0.007 -27"><span class='ocrx_word' id='word_1_438' title='bbox 2213 2387 2382 2458; x_wconf 72' lang='grc' dir='ltr'><strong>ϐψεις,</strong></span> <span class='ocrx_word' id='word_1_439' title='bbox 2436 2390 2531 2444; x_wconf 73' lang='grc' dir='ltr'><strong>καὶ</strong></span> <span class='ocrx_word' id='word_1_440' title='bbox 2561 2389 2851 2463; x_wconf 71' lang='grc' dir='ltr'><strong>βαρεῖσθαι</strong></span> <span class='ocrx_word' id='word_1_441' title='bbox 2901 2390 3064 2446; x_wconf 73' lang='grc' dir='ltr'><strong>αὑτοῦ</strong></span> <span class='ocrx_word' id='word_1_442' title='bbox 3105 2395 3209 2459; x_wconf 88' lang='grc' dir='ltr'><strong>τάς</strong></span> <span class='ocrx_word' id='word_1_443' title='bbox 3252 2396 3526 2468; x_wconf 75' lang='grc' dir='ltr'><strong>πτέρυγας,</strong></span> <span class='ocrx_word' id='word_1_444' title='bbox 3551 2398 3626 2451; x_wconf 77' lang='grc' dir='ltr'><strong>καὶ</strong></span> <span class='ocrx_word' id='word_1_445' title='bbox 3651 2399 3706 2460; x_wconf 80' lang='grc' dir='ltr'><strong>εἰς</strong></span> 
     </span>
    </p>
   </div>
   <div class='ocr_carea' id='block_1_65' title="bbox 2214 2482 3706 2559">
    <p class='ocr_par' dir='ltr' id='par_1_65' title="bbox 2214 2482 3706 2559">
     <span class='ocr_line' id='line_1_65' title="bbox 2214 2482 3706 2559; baseline 0.006 -25"><span class='ocrx_word' id='word_1_446' title='bbox 2214 2482 2403 2554; x_wconf 82' lang='grc' dir='ltr'><strong>πηγὴν</strong></span> <span class='ocrx_word' id='word_1_447' title='bbox 2454 2483 2815 2553; x_wconf 81' lang='grc' dir='ltr'><strong>ἀφικνεῖσθαι,</strong></span> <span class='ocrx_word' id='word_1_448' title='bbox 2865 2485 2961 2538; x_wconf 75' lang='grc' dir='ltr'><strong>καὶ</strong></span> <span class='ocrx_word' id='word_1_449' title='bbox 2991 2487 3070 2550; x_wconf 86' lang='grc' dir='ltr'><strong>εἰς</strong></span> <span class='ocrx_word' id='word_1_450' title='bbox 3100 2488 3198 2541; x_wconf 86' lang='grc' dir='ltr'><strong>τὸν</strong></span> <span class='ocrx_word' id='word_1_451' title='bbox 3238 2487 3423 2559; x_wconf 85' lang='grc' dir='ltr'><strong>αἰθέρα</strong></span> <span class='ocrx_word' id='word_1_452' title='bbox 3478 2489 3706 2559; x_wconf 79' lang='grc' dir='ltr'><strong>ἀνιπτάμε·</strong></span> 
     </span>
    </p>
   </div>
   <div class='ocr_carea' id='block_1_66' title="bbox 2212 2574 3705 2651">
    <p class='ocr_par' dir='ltr' id='par_1_66' title="bbox 2212 2574 3705 2651">
     <span class='ocr_line' id='line_1_66' title="bbox 2212 2574 3705 2651; baseline 0.003 -24"><span class='ocrx_word' id='word_1_453' title='bbox 2212 2591 2322 2641; x_wconf 86' lang='grc' dir='ltr'><strong>νον,</strong></span> <span class='ocrx_word' id='word_1_454' title='bbox 2354 2574 2457 2627; x_wconf 83' lang='grc' dir='ltr'><strong>ὑπὸ</strong></span> <span class='ocrx_word' id='word_1_455' title='bbox 2486 2574 2578 2628; x_wconf 87' lang='grc' dir='ltr'><strong>τοῦ</strong></span> <span class='ocrx_word' id='word_1_456' title='bbox 2602 2575 2750 2646; x_wconf 73' lang='grc' dir='ltr'><strong>ἡλίου</strong></span> <span class='ocrx_word' id='word_1_457' title='bbox 2775 2575 2874 2640; x_wconf 84' lang='grc' dir='ltr'><strong>τὰς</strong></span> <span class='ocrx_word' id='word_1_458' title='bbox 2898 2577 3181 2649; x_wconf 81' lang='grc' dir='ltr'><strong>πτέρυγας</strong></span> <span class='ocrx_word' id='word_1_459' title='bbox 3211 2580 3617 2651; x_wconf 83' lang='grc' dir='ltr'><strong>καταφλέγεσθαι,</strong></span> <span class='ocrx_word' id='word_1_460' title='bbox 3640 2582 3705 2634; x_wconf 77' lang='grc' dir='ltr'><strong>καὶ</strong></span> 
     </span>
    </p>
   </div>
   <div class='ocr_carea' id='block_1_67' title="bbox 2213 2664 3703 2746">
    <p class='ocr_par' dir='ltr' id='par_1_67' title="bbox 2213 2664 3703 2746">
     <span class='ocr_line' id='line_1_67' title="bbox 2213 2664 3703 2746; baseline 0.005 -24"><span class='ocrx_word' id='word_1_461' title='bbox 2213 2666 2565 2734; x_wconf 82' lang='grc' dir='ltr'><strong>ἀναϐλέπειν,</strong></span> <span class='ocrx_word' id='word_1_462' title='bbox 2617 2664 2713 2721; x_wconf 77' lang='grc' dir='ltr'><strong>εἶτ’</strong></span> <span class='ocrx_word' id='word_1_463' title='bbox 2768 2670 2929 2734; x_wconf 81' lang='grc' dir='ltr'><strong>εὐθὺς</strong></span> <span class='ocrx_word' id='word_1_464' title='bbox 2966 2671 3059 2724; x_wconf 72' lang='grc' dir='ltr'><strong>ἐπὶ</strong></span> <span class='ocrx_word' id='word_1_465' title='bbox 3102 2672 3206 2744; x_wconf 80' lang='grc' dir='ltr'><strong>τὴν</strong></span> <span class='ocrx_word' id='word_1_466' title='bbox 3250 2675 3425 2746; x_wconf 83' lang='grc' dir='ltr'><strong>πηγὴν</strong></span> <span class='ocrx_word' id='word_1_467' title='bbox 3464 2674 3703 2730; x_wconf 76' lang='grc' dir='ltr'><strong>καταϐάντα</strong></span> 
     </span>
    </p>
   </div>
   <div class='ocr_carea' id='block_1_68' title="bbox 2210 2758 3703 2830">
    <p class='ocr_par' dir='ltr' id='par_1_68' title="bbox 2210 2758 3703 2830">
     <span class='ocr_line' id='line_1_68' title="bbox 2210 2758 3703 2830; baseline 0.006 -20"><span class='ocrx_word' id='word_1_468' title='bbox 2210 2758 2389 2830; x_wconf 86' lang='grc' dir='ltr'><strong>τρίτον</strong></span> <span class='ocrx_word' id='word_1_469' title='bbox 2444 2758 2817 2830; x_wconf 76' lang='grc' dir='ltr'><strong>βαπτίζεσθαι,</strong></span> <span class='ocrx_word' id='word_1_470' title='bbox 2865 2762 2957 2814; x_wconf 78' lang='grc' dir='ltr'><strong>καὶ</strong></span> <span class='ocrx_word' id='word_1_471' title='bbox 3000 2761 3390 2817; x_wconf 77' lang='grc' dir='ltr'><strong>ἀνανεοῦσθαι·</strong></span> <span class='ocrx_word' id='word_1_472' title='bbox 3436 2764 3507 2819; x_wconf 81' lang='grc' dir='ltr'><strong>διὸ</strong></span> <span class='ocrx_word' id='word_1_473' title='bbox 3538 2765 3614 2819; x_wconf 79' lang='grc' dir='ltr'><strong>καὶ</strong></span> <span class='ocrx_word' id='word_1_474' title='bbox 3642 2764 3703 2818; x_wconf 63' lang='grc' dir='ltr'><strong>τὸν</strong></span> 
     </span>
    </p>
   </div>
   <div class='ocr_carea' id='block_1_69' title="bbox 2209 2848 3703 2923">
    <p class='ocr_par' dir='ltr' id='par_1_69' title="bbox 2209 2848 3703 2923">
     <span class='ocr_line' id='line_1_69' title="bbox 2209 2848 3703 2923; baseline 0.005 -20"><span class='ocrx_word' id='word_1_475' title='bbox 2209 2848 2421 2921; x_wconf 72' lang='grc' dir='ltr'><strong>ψαλμὸν</strong></span> <span class='ocrx_word' id='word_1_476' title='bbox 2436 2850 2664 2920; x_wconf 78' lang='grc' dir='ltr'><strong>φάσκειν</strong></span> <span class='ocrx_word' id='word_1_477' title='bbox 2685 2851 2864 2920; x_wconf 85' lang='grc' dir='ltr'><strong>φασίν·</strong></span> <span class='ocrx_word' id='word_1_478' title='bbox 2899 2853 3479 2923; x_wconf 73' lang='grc' dir='ltr'><strong>Ἀνακαινισθήσεται</strong></span> <span class='ocrx_word' id='word_1_479' title='bbox 3496 2858 3564 2923; x_wconf 81' lang='grc' dir='ltr'><strong>ὠς</strong></span> <span class='ocrx_word' id='word_1_480' title='bbox 3575 2854 3703 2910; x_wconf 76' lang='grc' dir='ltr'><strong>ἀετοῦ</strong></span> 
     </span>
    </p>
   </div>
   <div class='ocr_carea' id='block_1_70' title="bbox 2212 2942 2671 3010">
    <p class='ocr_par' dir='ltr' id='par_1_70' title="bbox 2212 2942 2671 3010">
     <span class='ocr_line' id='line_1_70' title="bbox 2212 2942 2671 3010; baseline 0.002 -15"><span class='ocrx_word' id='word_1_481' title='bbox 2212 2942 2251 3010; x_wconf 75' lang='grc' dir='ltr'><strong><em>ἠ</em></strong></span> <span class='ocrx_word' id='word_1_482' title='bbox 2283 2942 2497 3009; x_wconf 81' lang='grc' dir='ltr'><strong>νεότης</strong></span> <span class='ocrx_word' id='word_1_483' title='bbox 2532 2958 2671 2997; x_wconf 86' lang='grc' dir='ltr'><strong>σου.</strong></span> 
     </span>
    </p>
   </div>
   <div class='ocr_carea' id='block_1_71' title="bbox 2300 3033 3701 3113">
    <p class='ocr_par' dir='ltr' id='par_1_71' title="bbox 2300 3033 3701 3113">
     <span class='ocr_line' id='line_1_71' title="bbox 2300 3033 3701 3113; baseline 0.001 -24"><span class='ocrx_word' id='word_1_484' title='bbox 2300 3033 2359 3089; x_wconf 82' lang='grc'><strong>’0</strong></span> <span class='ocrx_word' id='word_1_485' title='bbox 2388 3033 2444 3087; x_wconf 85' lang='grc' dir='ltr'><strong>δὲ</strong></span> <span class='ocrx_word' id='word_1_486' title='bbox 2473 3035 2582 3105; x_wconf 82' lang='grc' dir='ltr'><strong>γὺψ</strong></span> <span class='ocrx_word' id='word_1_487' title='bbox 2623 3035 2917 3108; x_wconf 76' lang='grc' dir='ltr'><strong>ὑπηνέμιον</strong></span> <span class='ocrx_word' id='word_1_488' title='bbox 2950 3037 3048 3109; x_wconf 78' lang='grc' dir='ltr'><strong>τὴν</strong></span> <span class='ocrx_word' id='word_1_489' title='bbox 3078 3039 3251 3111; x_wconf 76' lang='grc' dir='ltr'><strong>γονὴν</strong></span> <span class='ocrx_word' id='word_1_490' title='bbox 3287 3041 3540 3113; x_wconf 80' lang='grc' dir='ltr'><strong>κέκτηται,</strong></span> <span class='ocrx_word' id='word_1_491' title='bbox 3567 3040 3639 3094; x_wconf 81' lang='grc' dir='ltr'><strong>καί</strong></span> <span class='ocrx_word' id='word_1_492' title='bbox 3660 3038 3701 3092; x_wconf 74' lang='grc' dir='ltr'><strong>οὐ</strong></span> 
     </span>
    </p>
   </div>
   <div class='ocr_carea' id='block_1_72' title="bbox 2210 3126 3701 3203">
    <p class='ocr_par' dir='ltr' id='par_1_72' title="bbox 2210 3126 3701 3203">
     <span class='ocr_line' id='line_1_72' title="bbox 2210 3126 3701 3203; baseline 0.003 -24"><span class='ocrx_word' id='word_1_493' title='bbox 2210 3126 2464 3196; x_wconf 82' lang='grc' dir='ltr'><strong>γινώσκει</strong></span> <span class='ocrx_word' id='word_1_494' title='bbox 2482 3129 2764 3182; x_wconf 77' lang='grc' dir='ltr'><strong>συνουσίαν</strong></span> <span class='ocrx_word' id='word_1_495' title='bbox 2791 3129 3038 3201; x_wconf 78' lang='grc' dir='ltr'><strong>ἄρρενος,</strong></span> <span class='ocrx_word' id='word_1_496' title='bbox 3058 3132 3158 3185; x_wconf 74' lang='grc' dir='ltr'><strong>καὶ</strong></span> <span class='ocrx_word' id='word_1_497' title='bbox 3186 3133 3380 3187; x_wconf 79' lang='grc' dir='ltr'><strong>ἑκατὸν</strong></span> <span class='ocrx_word' id='word_1_498' title='bbox 3403 3133 3466 3188; x_wconf 80' lang='grc' dir='ltr'><strong>τὰ</strong></span> <span class='ocrx_word' id='word_1_499' title='bbox 3495 3132 3574 3203; x_wconf 71' lang='grc' dir='ltr'><strong>ἔτη</strong></span> <span class='ocrx_word' id='word_1_500' title='bbox 3610 3130 3701 3202; x_wconf 81' lang='grc' dir='ltr'><strong>βιοῖ.</strong></span> 
     </span>
    </p>
   </div>
   <div class='ocr_carea' id='block_1_73' title="bbox 2210 3219 3701 3297">
    <p class='ocr_par' dir='ltr' id='par_1_73' title="bbox 2210 3219 3701 3297">
     <span class='ocr_line' id='line_1_73' title="bbox 2210 3219 3701 3297; baseline 0.004 -26"><span class='ocrx_word' id='word_1_501' title='bbox 2210 3219 2495 3283; x_wconf 80' lang='grc' dir='ltr'><strong>Δύλίζεται</strong></span> <span class='ocrx_word' id='word_1_502' title='bbox 2553 3219 2611 3273; x_wconf 88' lang='grc' dir='ltr'><strong>δὲ</strong></span> <span class='ocrx_word' id='word_1_503' title='bbox 2664 3221 2757 3273; x_wconf 77' lang='grc' dir='ltr'><strong>ἐπὶ</strong></span> <span class='ocrx_word' id='word_1_504' title='bbox 2787 3221 2893 3273; x_wconf 87' lang='grc' dir='ltr'><strong>τῶν</strong></span> <span class='ocrx_word' id='word_1_505' title='bbox 2925 3221 3170 3294; x_wconf 60' lang='grc' dir='ltr'><strong>ὑψηλῶν,</strong></span> <span class='ocrx_word' id='word_1_506' title='bbox 3224 3227 3320 3280; x_wconf 79' lang='grc' dir='ltr'><strong>καὶ</strong></span> <span class='ocrx_word' id='word_1_507' title='bbox 3348 3224 3611 3297; x_wconf 82' lang='grc' dir='ltr'><strong>μετεώρων,</strong></span> <span class='ocrx_word' id='word_1_508' title='bbox 3636 3222 3701 3277; x_wconf 69' lang='grc' dir='ltr'><strong>καὶ</strong></span> 
     </span>
    </p>
   </div>
   <div class='ocr_carea' id='block_1_74' title="bbox 2209 3308 3699 3389">
    <p class='ocr_par' dir='ltr' id='par_1_74' title="bbox 2209 3308 3699 3389">
     <span class='ocr_line' id='line_1_74' title="bbox 2209 3308 3699 3389; baseline 0.003 -25"><span class='ocrx_word' id='word_1_509' title='bbox 2209 3311 2383 3374; x_wconf 81' lang='grc' dir='ltr'><strong>οὐδεὶς</strong></span> <span class='ocrx_word' id='word_1_510' title='bbox 2426 3308 2533 3364; x_wconf 75' lang='grc' dir='ltr'><strong>οἶδε</strong></span> <span class='ocrx_word' id='word_1_511' title='bbox 2594 3311 2702 3365; x_wconf 84' lang='grc' dir='ltr'><strong>ποῦ</strong></span> <span class='ocrx_word' id='word_1_512' title='bbox 2748 3316 2893 3368; x_wconf 87' lang='grc' dir='ltr'><strong>ποιεῖ</strong></span> <span class='ocrx_word' id='word_1_513' title='bbox 2930 3313 3027 3386; x_wconf 83' lang='grc' dir='ltr'><strong>τὴν</strong></span> <span class='ocrx_word' id='word_1_514' title='bbox 3059 3317 3405 3389; x_wconf 88' lang='grc' dir='ltr'><strong>κατοίκησιν.</strong></span> <span class='ocrx_word' id='word_1_515' title='bbox 3441 3318 3536 3372; x_wconf 77' lang='grc' dir='ltr'><strong>Καὶ</strong></span> <span class='ocrx_word' id='word_1_516' title='bbox 3560 3316 3699 3385; x_wconf 72' lang='grc' dir='ltr'><strong>ἔγγυος</strong></span> 
     </span>
    </p>
   </div>
   <div class='ocr_carea' id='block_1_75' title="bbox 2208 3403 3695 3479">
    <p class='ocr_par' dir='ltr' id='par_1_75' title="bbox 2208 3403 3695 3479">
     <span class='ocr_line' id='line_1_75' title="bbox 2208 3403 3695 3479; baseline 0 -24"><span class='ocrx_word' id='word_1_517' title='bbox 2208 3403 2491 3474; x_wconf 87' lang='grc' dir='ltr'><strong>γενόμενος</strong></span> <span class='ocrx_word' id='word_1_518' title='bbox 2521 3404 2812 3474; x_wconf 81' lang='grc' dir='ltr'><strong>πορεύεται</strong></span> <span class='ocrx_word' id='word_1_519' title='bbox 2838 3406 2919 3468; x_wconf 83' lang='grc' dir='ltr'><strong>εἰς</strong></span> <span class='ocrx_word' id='word_1_520' title='bbox 2949 3405 3046 3477; x_wconf 85' lang='grc' dir='ltr'><strong>τὴν</strong></span> <span class='ocrx_word' id='word_1_521' title='bbox 3079 3408 3337 3479; x_wconf 75' lang='grc' dir='ltr'><strong>Ἰνδικὴν,</strong></span> <span class='ocrx_word' id='word_1_522' title='bbox 3372 3409 3459 3464; x_wconf 74' lang='grc' dir='ltr'><strong>καὶ</strong></span> <span class='ocrx_word' id='word_1_523' title='bbox 3484 3404 3695 3462; x_wconf 76' lang='grc' dir='ltr'><strong>λαϐὼντὸν</strong></span> 
     </span>
    </p>
   </div>
   <div class='ocr_carea' id='block_1_76' title="bbox 2208 3492 3695 3567">
    <p class='ocr_par' dir='ltr' id='par_1_76' title="bbox 2208 3492 3695 3567">
     <span class='ocr_line' id='line_1_76' title="bbox 2208 3492 3695 3567; baseline -0.001 -20"><span class='ocrx_word' id='word_1_524' title='bbox 2208 3494 2446 3547; x_wconf 84' lang='grc' dir='ltr'><strong>εὑτόκιον</strong></span> <span class='ocrx_word' id='word_1_525' title='bbox 2481 3493 2623 3547; x_wconf 86' lang='grc' dir='ltr'><strong>λίθον</strong></span> <span class='ocrx_word' id='word_1_526' title='bbox 2648 3495 2787 3549; x_wconf 79' lang='grc' dir='ltr'><strong>οὕτω</strong></span> <span class='ocrx_word' id='word_1_527' title='bbox 2819 3495 3175 3567; x_wconf 79' lang='grc' dir='ltr'><strong>καλούμενον,</strong></span> <span class='ocrx_word' id='word_1_528' title='bbox 3212 3500 3395 3554; x_wconf 80' lang='grc' dir='ltr'><strong>ὲπάνω</strong></span> <span class='ocrx_word' id='word_1_529' title='bbox 3435 3496 3564 3553; x_wconf 77' lang='grc' dir='ltr'><strong>αὐτοῦ</strong></span> <span class='ocrx_word' id='word_1_530' title='bbox 3584 3492 3695 3548; x_wconf 78' lang='grc' dir='ltr'><strong>καθί-</strong></span> 
     </span>
    </p>
   </div>
   <div class='ocr_carea' id='block_1_77' title="bbox 2208 3582 3696 3656">
    <p class='ocr_par' dir='ltr' id='par_1_77' title="bbox 2208 3582 3696 3656">
     <span class='ocr_line' id='line_1_77' title="bbox 2208 3582 3696 3656; baseline -0.001 -18"><span class='ocrx_word' id='word_1_531' title='bbox 2208 3582 2355 3647; x_wconf 80' lang='grc' dir='ltr'><strong>ξεται</strong></span> <span class='ocrx_word' id='word_1_532' title='bbox 2389 3584 2742 3656; x_wconf 82' lang='grc' dir='ltr'><strong>συνεχόμενος</strong></span> <span class='ocrx_word' id='word_1_533' title='bbox 2784 3585 2957 3649; x_wconf 82' lang='grc' dir='ltr'><strong>ὠδῖσι,</strong></span> <span class='ocrx_word' id='word_1_534' title='bbox 2999 3586 3094 3640; x_wconf 84' lang='grc' dir='ltr'><strong>καὶ</strong></span> <span class='ocrx_word' id='word_1_535' title='bbox 3134 3589 3433 3643; x_wconf 84' lang='grc' dir='ltr'><strong>ἀποτίκτει.</strong></span> <span class='ocrx_word' id='word_1_536' title='bbox 3473 3589 3590 3641; x_wconf 77' lang='grc' dir='ltr'><strong>Ἐστι</strong></span> <span class='ocrx_word' id='word_1_537' title='bbox 3616 3582 3696 3636; x_wconf 73' lang='grc' dir='ltr'><strong>6εὸ</strong></span> 
     </span>
    </p>
   </div>
   <div class='ocr_carea' id='block_1_78' title="bbox 2208 3671 3699 3751">
    <p class='ocr_par' dir='ltr' id='par_1_78' title="bbox 2208 3671 3699 3751">
     <span class='ocr_line' id='line_1_78' title="bbox 2208 3671 3699 3751; baseline 0.004 -25"><span class='ocrx_word' id='word_1_538' title='bbox 2208 3674 2352 3737; x_wconf 90' lang='grc' dir='ltr'><strong>λίθος</strong></span> <span class='ocrx_word' id='word_1_539' title='bbox 2404 3673 2704 3747; x_wconf 81' lang='grc' dir='ltr'><strong>περιφερὴς</strong></span> <span class='ocrx_word' id='word_1_540' title='bbox 2764 3675 2839 3739; x_wconf 81' lang='grc' dir='ltr'><strong>ὡς</strong></span> <span class='ocrx_word' id='word_1_541' title='bbox 2894 3677 3121 3748; x_wconf 88' lang='grc' dir='ltr'><strong>κάρυον,</strong></span> <span class='ocrx_word' id='word_1_542' title='bbox 3170 3681 3267 3734; x_wconf 79' lang='grc' dir='ltr'><strong>καὶ</strong></span> <span class='ocrx_word' id='word_1_543' title='bbox 3312 3679 3583 3751; x_wconf 80' lang='grc' dir='ltr'><strong>κινούμενος</strong></span> <span class='ocrx_word' id='word_1_544' title='bbox 3603 3671 3699 3747; x_wconf 75' lang='grc' dir='ltr'><strong>ἧκον</strong></span> 
     </span>
    </p>
   </div>
   <div class='ocr_carea' id='block_1_79' title="bbox 2206 3766 3698 3852">
    <p class='ocr_par' dir='ltr' id='par_1_79' title="bbox 2206 3766 3698 3852">
     <span class='ocr_line' id='line_1_79' title="bbox 2206 3766 3698 3852; baseline 0.001 -34"><span class='ocrx_word' id='word_1_545' title='bbox 2206 3766 2477 3837; x_wconf 74' lang='grc' dir='ltr'><strong>ἐκπέμπει</strong></span> <span class='ocrx_word' id='word_1_546' title='bbox 2525 3766 2599 3829; x_wconf 83' lang='grc' dir='ltr'><strong>ὡς</strong></span> <span class='ocrx_word' id='word_1_547' title='bbox 2637 3766 2841 3832; x_wconf 85' lang='grc' dir='ltr'><strong>κώδων,</strong></span> <span class='ocrx_word' id='word_1_548' title='bbox 2888 3768 3100 3852; x_wconf 74' lang='grc' dir='ltr'><strong>ἔνδοθεν</strong></span> <span class='ocrx_word' id='word_1_549' title='bbox 3129 3772 3320 3844; x_wconf 77' lang='grc' dir='ltr'><strong>ἑτέρου</strong></span> <span class='ocrx_word' id='word_1_550' title='bbox 3360 3772 3492 3825; x_wconf 88' lang='grc' dir='ltr'><strong>λίθου</strong></span> <span class='ocrx_word' id='word_1_551' title='bbox 3511 3766 3698 3838; x_wconf 78' lang='grc' dir='ltr'><strong>κινουμὲ·</strong></span> 
     </span>
    </p>
   </div>
   <div class='ocr_carea' id='block_1_80' title="bbox 2205 3860 3699 3938">
    <p class='ocr_par' dir='ltr' id='par_1_80' title="bbox 2205 3860 3699 3938">
     <span class='ocr_line' id='line_1_80' title="bbox 2205 3860 3699 3938; baseline 0.001 -27"><span class='ocrx_word' id='word_1_552' title='bbox 2205 3875 2321 3911; x_wconf 91' lang='grc' dir='ltr'><strong>νου.</strong></span> <span class='ocrx_word' id='word_1_553' title='bbox 2352 3860 2489 3913; x_wconf 72' lang='grc' dir='ltr'><strong>Φασὶ</strong></span> <span class='ocrx_word' id='word_1_554' title='bbox 2526 3861 2583 3915; x_wconf 84' lang='grc' dir='ltr'><strong>δὲ</strong></span> <span class='ocrx_word' id='word_1_555' title='bbox 2630 3861 2720 3915; x_wconf 81' lang='grc' dir='ltr'><strong>τὸν</strong></span> <span class='ocrx_word' id='word_1_556' title='bbox 2765 3860 2913 3933; x_wconf 88' lang='grc' dir='ltr'><strong>γῦπα</strong></span> <span class='ocrx_word' id='word_1_557' title='bbox 2952 3862 3020 3918; x_wconf 83' lang='grc' dir='ltr'><strong>τὰ</strong></span> <span class='ocrx_word' id='word_1_558' title='bbox 3064 3864 3257 3934; x_wconf 80' lang='grc' dir='ltr'><strong>ρὁινα</strong></span> <span class='ocrx_word' id='word_1_559' title='bbox 3308 3865 3447 3938; x_wconf 78' lang='grc' dir='ltr'><strong>μύρα</strong></span> <span class='ocrx_word' id='word_1_560' title='bbox 3480 3860 3699 3935; x_wconf 72' lang='grc' dir='ltr'><strong>χρισθέντα</strong></span> 
     </span>
    </p>
   </div>
   <div class='ocr_carea' id='block_1_81' title="bbox 2205 3949 3698 4027">
    <p class='ocr_par' dir='ltr' id='par_1_81' title="bbox 2205 3949 3698 4027">
     <span class='ocr_line' id='line_1_81' title="bbox 2205 3949 3698 4027; baseline 0.003 -24"><span class='ocrx_word' id='word_1_561' title='bbox 2205 3950 2569 4023; x_wconf 86' lang='grc' dir='ltr'><strong>ἀποθνήσκειν</strong></span> <span class='ocrx_word' id='word_1_562' title='bbox 2588 3969 2601 3982; x_wconf 94' lang='grc'><strong>·</strong></span> <span class='ocrx_word' id='word_1_563' title='bbox 2629 3954 2915 4025; x_wconf 82' lang='grc' dir='ltr'><strong>σπέρματα</strong></span> <span class='ocrx_word' id='word_1_564' title='bbox 2946 3954 3003 4008; x_wconf 81' lang='grc' dir='ltr'><strong>δὲ</strong></span> <span class='ocrx_word' id='word_1_565' title='bbox 3037 3957 3115 4027; x_wconf 84' lang='grc' dir='ltr'><strong>μὴ</strong></span> <span class='ocrx_word' id='word_1_566' title='bbox 3146 3956 3401 4027; x_wconf 80' lang='grc' dir='ltr'><strong>βλάπτειν</strong></span> <span class='ocrx_word' id='word_1_567' title='bbox 3420 3956 3575 4018; x_wconf 76' lang='grc' dir='ltr'><strong>αὑτὸν,</strong></span> <span class='ocrx_word' id='word_1_568' title='bbox 3603 3949 3698 4023; x_wconf 74' lang='grc' dir='ltr'><strong>μηδέ</strong></span> 
     </span>
    </p>
   </div>
   <div class='ocr_carea' id='block_1_82' title="bbox 2203 4041 3697 4122">
    <p class='ocr_par' dir='ltr' id='par_1_82' title="bbox 2203 4041 3697 4122">
     <span class='ocr_line' id='line_1_82' title="bbox 2203 4041 3697 4122; baseline 0.001 -28"><span class='ocrx_word' id='word_1_569' title='bbox 2203 4058 2256 4095; x_wconf 87' lang='grc' dir='ltr'><strong>τι</strong></span> <span class='ocrx_word' id='word_1_570' title='bbox 2285 4041 2521 4114; x_wconf 77' lang='grc' dir='ltr'><strong>ἔμψυχον</strong></span> <span class='ocrx_word' id='word_1_571' title='bbox 2550 4042 3005 4116; x_wconf 86' lang='grc' dir='ltr'><strong>διαλυμαίνεσθαι,</strong></span> <span class='ocrx_word' id='word_1_572' title='bbox 3038 4048 3136 4101; x_wconf 84' lang='grc' dir='ltr'><strong>καὶ</strong></span> <span class='ocrx_word' id='word_1_573' title='bbox 3171 4049 3307 4122; x_wconf 84' lang='grc' dir='ltr'><strong>μηδὲ</strong></span> <span class='ocrx_word' id='word_1_574' title='bbox 3333 4046 3499 4120; x_wconf 84' lang='grc' dir='ltr'><strong>νεκρῷ</strong></span> <span class='ocrx_word' id='word_1_575' title='bbox 3523 4042 3697 4117; x_wconf 78' lang='grc' dir='ltr'><strong>προσέρ-</strong></span> 
     </span>
    </p>
   </div>
   <div class='ocr_carea' id='block_1_83' title="bbox 2204 4133 3695 4209">
    <p class='ocr_par' dir='ltr' id='par_1_83' title="bbox 2204 4133 3695 4209">
     <span class='ocr_line' id='line_1_83' title="bbox 2204 4133 3695 4209; baseline 0.005 -22"><span class='ocrx_word' id='word_1_576' title='bbox 2204 4135 2393 4205; x_wconf 85' lang='grc' dir='ltr'><strong>χεσθαι</strong></span> <span class='ocrx_word' id='word_1_577' title='bbox 2421 4137 2647 4207; x_wconf 80' lang='grc' dir='ltr'><strong>πετεινῷ</strong></span> <span class='ocrx_word' id='word_1_578' title='bbox 2661 4137 2747 4191; x_wconf 75' lang='grc' dir='ltr'><strong>διὰ</strong></span> <span class='ocrx_word' id='word_1_579' title='bbox 2763 4138 2860 4209; x_wconf 82' lang='grc' dir='ltr'><strong>τὴν</strong></span> <span class='ocrx_word' id='word_1_580' title='bbox 2890 4138 3234 4208; x_wconf 81' lang='grc' dir='ltr'><strong>συγγένειαν.</strong></span> <span class='ocrx_word' id='word_1_581' title='bbox 3278 4140 3458 4194; x_wconf 84' lang='grc' dir='ltr'><strong>Ἦνίκα</strong></span> <span class='ocrx_word' id='word_1_582' title='bbox 3478 4139 3543 4201; x_wconf 86' lang='grc' dir='ltr'><strong>δὲ,</strong></span> <span class='ocrx_word' id='word_1_583' title='bbox 3564 4133 3695 4204; x_wconf 44' lang='lat' dir='ltr'><strong>“illi.</strong></span> 
     </span>
    </p>
   </div>
   <div class='ocr_carea' id='block_1_84' title="bbox 2204 4224 3696 4299">
    <p class='ocr_par' dir='ltr' id='par_1_84' title="bbox 2204 4224 3696 4299">
     <span class='ocr_line' id='line_1_84' title="bbox 2204 4224 3696 4299; baseline -0.014 -4"><span class='ocrx_word' id='word_1_584' title='bbox 2204 4224 2395 4296; x_wconf 77' lang='grc' dir='ltr'><strong>ἄνδρες</strong></span> <span class='ocrx_word' id='word_1_585' title='bbox 2424 4227 2503 4291; x_wconf 70' lang='grc' dir='ltr'><strong>εἰς</strong></span> <span class='ocrx_word' id='word_1_586' title='bbox 2531 4227 2764 4298; x_wconf 88' lang='grc' dir='ltr'><strong>πόλεμον</strong></span> <span class='ocrx_word' id='word_1_587' title='bbox 2804 4230 3269 4299; x_wconf 86' lang='grc' dir='ltr'><strong>παρατάσσονται,</strong></span> <span class='ocrx_word' id='word_1_588' title='bbox 3298 4228 3608 4284; x_wconf 77' lang='grc' dir='ltr'><strong>ἐπακολουθεί</strong></span> <span class='ocrx_word' id='word_1_589' title='bbox 3628 4224 3696 4276; x_wconf 68' lang='grc' dir='ltr'><strong>αὖ·</strong></span> 
     </span>
    </p>
   </div>
   <div class='ocr_carea' id='block_1_85' title="bbox 2203 4319 3411 4396">
    <p class='ocr_par' dir='ltr' id='par_1_85' title="bbox 2203 4319 3411 4396">
     <span class='ocr_line' id='line_1_85' title="bbox 2203 4319 3411 4396; baseline 0.005 -26"><span class='ocrx_word' id='word_1_590' title='bbox 2203 4320 2335 4384; x_wconf 88' lang='grc' dir='ltr'><strong>τοῖς,</strong></span> <span class='ocrx_word' id='word_1_591' title='bbox 2366 4319 2459 4373; x_wconf 78' lang='grc' dir='ltr'><strong>καὶ</strong></span> <span class='ocrx_word' id='word_1_592' title='bbox 2486 4320 2585 4373; x_wconf 83' lang='grc' dir='ltr'><strong>οὐκ</strong></span> <span class='ocrx_word' id='word_1_593' title='bbox 2613 4320 2925 4389; x_wconf 78' lang='grc' dir='ltr'><strong>ἀφίσταται,</strong></span> <span class='ocrx_word' id='word_1_594' title='bbox 2959 4324 3299 4396; x_wconf 81' lang='grc' dir='ltr'><strong>σαρκοϐόρος</strong></span> <span class='ocrx_word' id='word_1_595' title='bbox 3322 4323 3411 4376; x_wconf 84' lang='grc' dir='ltr'><strong>ῶν.</strong></span> 
     </span>
    </p>
   </div>
   <div class='ocr_carea' id='block_1_86' title="bbox 611 4406 2109 4499">
    <p class='ocr_par' dir='ltr' id='par_1_86' title="bbox 611 4428 2096 4499">
     <span class='ocr_line' id='line_1_86' title="bbox 611 4428 2096 4499; baseline -0.004 -10"><span class='ocrx_word' id='word_1_596' title='bbox 611 4432 850 4489; x_wconf 72' lang='lat' dir='ltr'><strong>Ciconia:</strong></span> <span class='ocrx_word' id='word_1_597' title='bbox 884 4446 1158 4487; x_wconf 87' lang='lat' dir='ltr'><strong>consensu</strong></span> <span class='ocrx_word' id='word_1_598' title='bbox 1203 4445 1313 4485; x_wconf 91' lang='lat' dir='ltr'><strong>uno</strong></span> <span class='ocrx_word' id='word_1_599' title='bbox 1341 4440 1394 4486; x_wconf 94' lang='lat' dir='ltr'><strong>et</strong></span> <span class='ocrx_word' id='word_1_600' title='bbox 1424 4429 1653 4485; x_wconf 89' lang='lat' dir='ltr'><strong>veniunt</strong></span> <span class='ocrx_word' id='word_1_601' title='bbox 1684 4438 1738 4485; x_wconf 89' lang='lat' dir='ltr'><strong>et</strong></span> <span class='ocrx_word' id='word_1_602' title='bbox 1769 4428 2096 4499; x_wconf 88' lang='lat' dir='ltr'><strong>discedunt;</strong></span> 
     </span>
    </p>
   </div>
   <div class='ocr_carea' id='block_1_87' title="bbox 2208 4406 3697 4499">
    <p class='ocr_par' dir='ltr' id='par_1_87' title="bbox 2275 4406 3697 4486">
     <span class='ocr_line' id='line_1_87' title="bbox 2275 4406 3697 4486; baseline -0.001 -21"><span class='ocrx_word' id='word_1_603' title='bbox 2275 4413 2338 4465; x_wconf 93' lang='grc' dir='ltr'><strong>Οί</strong></span> <span class='ocrx_word' id='word_1_604' title='bbox 2359 4412 2417 4465; x_wconf 85' lang='grc' dir='ltr'><strong>δὲ</strong></span> <span class='ocrx_word' id='word_1_605' title='bbox 2443 4411 2703 4485; x_wconf 81' lang='grc' dir='ltr'><strong>πελαργοί</strong></span> <span class='ocrx_word' id='word_1_606' title='bbox 2735 4414 2828 4467; x_wconf 79' lang='grc' dir='ltr'><strong>καὶ</strong></span> <span class='ocrx_word' id='word_1_607' title='bbox 2861 4414 2940 4466; x_wconf 78' lang='grc' dir='ltr'><strong>ἐνὶ</strong></span> <span class='ocrx_word' id='word_1_608' title='bbox 2966 4414 3295 4486; x_wconf 75' lang='grc' dir='ltr'><strong>ἐπιδημοῦσι</strong></span> <span class='ocrx_word' id='word_1_609' title='bbox 3325 4413 3607 4484; x_wconf 81' lang='grc' dir='ltr'><strong>συνθήματι,</strong></span> <span class='ocrx_word' id='word_1_610' title='bbox 3630 4406 3697 4459; x_wconf 71' lang='grc' dir='ltr'><strong>καὶ</strong></span> 
     </span>
    </p>
   </div>
   <div class='ocr_carea' id='block_1_88' title="bbox 539 4522 2099 4594">
    <p class='ocr_par' dir='ltr' id='par_1_88' title="bbox 539 4522 2099 4594">
     <span class='ocr_line' id='line_1_88' title="bbox 539 4522 2099 4594; baseline -0.004 -11"><span class='ocrx_word' id='word_1_611' title='bbox 539 4526 639 4583; x_wconf 83' lang='lat' dir='ltr'><strong>bas</strong></span> <span class='ocrx_word' id='word_1_612' title='bbox 670 4525 1106 4583; x_wconf 90' lang='lat' dir='ltr'><strong>concomitantur</strong></span> <span class='ocrx_word' id='word_1_613' title='bbox 1138 4522 1469 4587; x_wconf 86' lang='lat' dir='ltr'><strong>coturnices,</strong></span> <span class='ocrx_word' id='word_1_614' title='bbox 1515 4531 1589 4586; x_wconf 92' lang='lat' dir='ltr'><strong>et,</strong></span> <span class='ocrx_word' id='word_1_615' title='bbox 1621 4528 1681 4576; x_wconf 89' lang='lat' dir='ltr'><strong>ut</strong></span> <span class='ocrx_word' id='word_1_616' title='bbox 1709 4537 1806 4594; x_wconf 90' lang='lat' dir='ltr'><strong>par</strong></span> <span class='ocrx_word' id='word_1_617' title='bbox 1837 4532 1941 4589; x_wconf 90' lang='lat' dir='ltr'><strong>est,</strong></span> <span class='ocrx_word' id='word_1_618' title='bbox 1975 4537 2099 4577; x_wconf 90' lang='lat' dir='ltr'><strong>cum</strong></span> 
     </span>
    </p>
   </div>
   <div class='ocr_carea' id='block_1_89' title="bbox 537 4614 2103 4686">
    <p class='ocr_par' dir='ltr' id='par_1_89' title="bbox 537 4614 2103 4686">
     <span class='ocr_line' id='line_1_89' title="bbox 537 4614 2103 4686; baseline -0.006 -9"><span class='ocrx_word' id='word_1_619' title='bbox 537 4621 650 4679; x_wconf 84' lang='lat' dir='ltr'><strong>illis</strong></span> <span class='ocrx_word' id='word_1_620' title='bbox 691 4619 883 4675; x_wconf 91' lang='lat' dir='ltr'><strong>avibus</strong></span> <span class='ocrx_word' id='word_1_621' title='bbox 936 4615 1165 4672; x_wconf 79' lang='lat' dir='ltr'><strong>infensis</strong></span> <span class='ocrx_word' id='word_1_622' title='bbox 1213 4614 1378 4671; x_wconf 87' lang='lat' dir='ltr'><strong>simul</strong></span> <span class='ocrx_word' id='word_1_623' title='bbox 1431 4614 1569 4669; x_wconf 89' lang='lat' dir='ltr'><strong>bella</strong></span> <span class='ocrx_word' id='word_1_624' title='bbox 1622 4622 1847 4686; x_wconf 90' lang='lat' dir='ltr'><strong>gerunt;</strong></span> <span class='ocrx_word' id='word_1_625' title='bbox 1901 4614 2103 4673; x_wconf 67' lang='lat' dir='ltr'><strong>sauciae</strong></span> 
     </span>
    </p>
   </div>
   <div class='ocr_carea' id='block_1_90' title="bbox 535 4704 2103 4775">
    <p class='ocr_par' dir='ltr' id='par_1_90' title="bbox 535 4704 2103 4775">
     <span class='ocr_line' id='line_1_90' title="bbox 535 4704 2103 4775; baseline -0.006 -7"><span class='ocrx_word' id='word_1_626' title='bbox 535 4711 737 4769; x_wconf 87' lang='lat' dir='ltr'><strong>etenim</strong></span> <span class='ocrx_word' id='word_1_627' title='bbox 763 4714 1131 4765; x_wconf 88' lang='lat' dir='ltr'><strong>revertuntur.</strong></span> <span class='ocrx_word' id='word_1_628' title='bbox 1158 4706 1397 4761; x_wconf 61' lang='lat' dir='ltr'><strong>Ciconia‘.</strong></span> <span class='ocrx_word' id='word_1_629' title='bbox 1420 4704 1474 4760; x_wconf 90' lang='lat' dir='ltr'><strong>in</strong></span> <span class='ocrx_word' id='word_1_630' title='bbox 1498 4714 1716 4762; x_wconf 85' lang='lat' dir='ltr'><strong>senecta</strong></span> <span class='ocrx_word' id='word_1_631' title='bbox 1736 4720 1926 4775; x_wconf 70' lang='lat' dir='ltr'><strong>pennae</strong></span> <span class='ocrx_word' id='word_1_632' title='bbox 1953 4706 2103 4760; x_wconf 82' lang='lat' dir='ltr'><strong>exci-</strong></span> 
     </span>
    </p>
   </div>
   <div class='ocr_carea' id='block_1_91' title="bbox 535 4798 2103 4873">
    <p class='ocr_par' dir='ltr' id='par_1_91' title="bbox 535 4798 2103 4873">
     <span class='ocr_line' id='line_1_91' title="bbox 535 4798 2103 4873; baseline -0.006 -12"><span class='ocrx_word' id='word_1_633' title='bbox 535 4806 695 4873; x_wconf 89' lang='lat' dir='ltr'><strong>dunt,</strong></span> <span class='ocrx_word' id='word_1_634' title='bbox 724 4810 780 4860; x_wconf 88' lang='lat' dir='ltr'><strong>et</strong></span> <span class='ocrx_word' id='word_1_635' title='bbox 823 4801 916 4857; x_wconf 84' lang='lat' dir='ltr'><strong>lilii</strong></span> <span class='ocrx_word' id='word_1_636' title='bbox 964 4800 1193 4857; x_wconf 89' lang='lat' dir='ltr'><strong>suismet</strong></span> <span class='ocrx_word' id='word_1_637' title='bbox 1236 4799 1339 4855; x_wconf 88' lang='lat' dir='ltr'><strong>alis</strong></span> <span class='ocrx_word' id='word_1_638' title='bbox 1380 4799 1774 4854; x_wconf 84' lang='lat' dir='ltr'><strong>circumdatam</strong></span> <span class='ocrx_word' id='word_1_639' title='bbox 1807 4798 2013 4863; x_wconf 81' lang='lat' dir='ltr'><strong>fovent,</strong></span> <span class='ocrx_word' id='word_1_640' title='bbox 2047 4804 2103 4853; x_wconf 88' lang='lat' dir='ltr'><strong>et</strong></span> 
     </span>
    </p>
   </div>
   <div class='ocr_carea' id='block_1_92' title="bbox 536 4891 2100 4963">
    <p class='ocr_par' dir='ltr' id='par_1_92' title="bbox 536 4891 2100 4963">
     <span class='ocr_line' id='line_1_92' title="bbox 536 4891 2100 4963; baseline -0.006 -9"><span class='ocrx_word' id='word_1_641' title='bbox 536 4897 723 4955; x_wconf 89' lang='lat' dir='ltr'><strong>cibum</strong></span> <span class='ocrx_word' id='word_1_642' title='bbox 780 4894 999 4951; x_wconf 89' lang='lat' dir='ltr'><strong>abunde</strong></span> <span class='ocrx_word' id='word_1_643' title='bbox 1051 4893 1304 4963; x_wconf 76' lang='lat' dir='ltr'><strong>lautaque</strong></span> <span class='ocrx_word' id='word_1_644' title='bbox 1352 4892 1805 4958; x_wconf 87' lang='lat' dir='ltr'><strong>subministrant;</strong></span> <span class='ocrx_word' id='word_1_645' title='bbox 1861 4892 1913 4945; x_wconf 92' lang='lat' dir='ltr'><strong>in</strong></span> <span class='ocrx_word' id='word_1_646' title='bbox 1978 4891 2100 4962; x_wconf 90' lang='lat' dir='ltr'><strong>ipso</strong></span> 
     </span>
    </p>
   </div>
   <div class='ocr_carea' id='block_1_93' title="bbox 531 4985 2096 5058">
    <p class='ocr_par' dir='ltr' id='par_1_93' title="bbox 531 4985 2096 5058">
     <span class='ocr_line' id='line_1_93' title="bbox 531 4985 2096 5058; baseline -0.003 -12"><span class='ocrx_word' id='word_1_647' title='bbox 531 4992 665 5046; x_wconf 86' lang='lat' dir='ltr'><strong>item</strong></span> <span class='ocrx_word' id='word_1_648' title='bbox 689 4988 876 5045; x_wconf 83' lang='lat' dir='ltr'><strong>volatu</strong></span> <span class='ocrx_word' id='word_1_649' title='bbox 910 4986 1113 5044; x_wconf 85' lang='lat' dir='ltr'><strong>sensim</strong></span> <span class='ocrx_word' id='word_1_650' title='bbox 1154 4986 1414 5058; x_wconf 88' lang='lat' dir='ltr'><strong>utrinque</strong></span> <span class='ocrx_word' id='word_1_651' title='bbox 1438 5001 1558 5042; x_wconf 90' lang='lat' dir='ltr'><strong>eam</strong></span> <span class='ocrx_word' id='word_1_652' title='bbox 1587 4986 1938 5042; x_wconf 85' lang='lat' dir='ltr'><strong>sublevantes</strong></span> <span class='ocrx_word' id='word_1_653' title='bbox 1969 4985 2096 5051; x_wconf 89' lang='lat' dir='ltr'><strong>alis,</strong></span> 
     </span>
    </p>
   </div>
   <div class='ocr_carea' id='block_1_94' title="bbox 529 5079 1265 5149">
    <p class='ocr_par' dir='ltr' id='par_1_94' title="bbox 529 5079 1265 5149">
     <span class='ocr_line' id='line_1_94' title="bbox 529 5079 1265 5149; baseline -0.007 -10"><span class='ocrx_word' id='word_1_654' title='bbox 529 5080 842 5142; x_wconf 85' lang='lat' dir='ltr'><strong>subsidium</strong></span> <span class='ocrx_word' id='word_1_655' title='bbox 876 5079 953 5134; x_wconf 91' lang='lat' dir='ltr'><strong>illi</strong></span> <span class='ocrx_word' id='word_1_656' title='bbox 983 5084 1265 5149; x_wconf 69' lang='lat' dir='ltr'><strong>praestant.</strong></span> 
     </span>
    </p>
   </div>
   <div class='ocr_carea' id='block_1_95' title="bbox 606 5346 2097 5418">
    <p class='ocr_par' dir='ltr' id='par_1_95' title="bbox 606 5346 2097 5418">
     <span class='ocr_line' id='line_1_95' title="bbox 606 5346 2097 5418; baseline -0.002 -14"><span class='ocrx_word' id='word_1_657' title='bbox 606 5346 781 5408; x_wconf 86' lang='lat' dir='ltr'><strong>Grues</strong></span> <span class='ocrx_word' id='word_1_658' title='bbox 808 5348 972 5404; x_wconf 89' lang='lat' dir='ltr'><strong>simul</strong></span> <span class='ocrx_word' id='word_1_659' title='bbox 1004 5362 1197 5404; x_wconf 90' lang='lat' dir='ltr'><strong>omnes</strong></span> <span class='ocrx_word' id='word_1_660' title='bbox 1227 5360 1382 5418; x_wconf 63' lang='lat' dir='ltr'><strong>aequa</strong></span> <span class='ocrx_word' id='word_1_661' title='bbox 1420 5346 1629 5401; x_wconf 90' lang='lat' dir='ltr'><strong>ratione</strong></span> <span class='ocrx_word' id='word_1_662' title='bbox 1657 5347 1878 5411; x_wconf 89' lang='lat' dir='ltr'><strong>volant;</strong></span> <span class='ocrx_word' id='word_1_663' title='bbox 1927 5346 2097 5417; x_wconf 85' lang='lat' dir='ltr'><strong>agmi-</strong></span> 
     </span>
    </p>
   </div>
   <div class='ocr_carea' id='block_1_96' title="bbox 537 5437 2099 5512">
    <p class='ocr_par' dir='ltr' id='par_1_96' title="bbox 537 5437 2099 5512">
     <span class='ocr_line' id='line_1_96' title="bbox 537 5437 2099 5512; baseline -0.001 -17"><span class='ocrx_word' id='word_1_664' title='bbox 537 5437 626 5495; x_wconf 89' lang='lat' dir='ltr'><strong>nis</strong></span> <span class='ocrx_word' id='word_1_665' title='bbox 654 5441 764 5496; x_wconf 78' lang='lat' dir='ltr'><strong>dux</strong></span> <span class='ocrx_word' id='word_1_666' title='bbox 796 5448 851 5497; x_wconf 93' lang='lat' dir='ltr'><strong>et</strong></span> <span class='ocrx_word' id='word_1_667' title='bbox 879 5439 1167 5512; x_wconf 69' lang='lat' dir='ltr'><strong>praefectus</strong></span> <span class='ocrx_word' id='word_1_668' title='bbox 1196 5455 1303 5495; x_wconf 91' lang='lat' dir='ltr'><strong>una</strong></span> <span class='ocrx_word' id='word_1_669' title='bbox 1335 5453 1523 5495; x_wconf 89' lang='lat' dir='ltr'><strong>earum</strong></span> <span class='ocrx_word' id='word_1_670' title='bbox 1555 5445 1660 5505; x_wconf 89' lang='lat' dir='ltr'><strong>est,</strong></span> <span class='ocrx_word' id='word_1_671' title='bbox 1687 5454 1809 5509; x_wconf 63' lang='lat' dir='ltr'><strong>quae</strong></span> <span class='ocrx_word' id='word_1_672' title='bbox 1837 5438 1931 5493; x_wconf 90' lang='lat' dir='ltr'><strong>ubi</strong></span> <span class='ocrx_word' id='word_1_673' title='bbox 1962 5453 2099 5508; x_wconf 64' lang='lat' dir='ltr'><strong>prae-</strong></span> 
     </span>
    </p>
   </div>
   <div class='ocr_carea' id='block_1_97' title="bbox 537 5529 2095 5604">
    <p class='ocr_par' dir='ltr' id='par_1_97' title="bbox 537 5529 2095 5604">
     <span class='ocr_line' id='line_1_97' title="bbox 537 5529 2095 5604; baseline -0.001 -17"><span class='ocrx_word' id='word_1_674' title='bbox 537 5530 745 5599; x_wconf 82' lang='lat' dir='ltr'><strong>scripto</strong></span> <span class='ocrx_word' id='word_1_675' title='bbox 766 5540 1005 5602; x_wconf 84' lang='lat' dir='ltr'><strong>tempore</strong></span> <span class='ocrx_word' id='word_1_676' title='bbox 1022 5532 1198 5599; x_wconf 81' lang='lat' dir='ltr'><strong>duxit,</strong></span> <span class='ocrx_word' id='word_1_677' title='bbox 1224 5532 1277 5588; x_wconf 92' lang='lat' dir='ltr'><strong>in</strong></span> <span class='ocrx_word' id='word_1_678' title='bbox 1306 5539 1607 5589; x_wconf 80' lang='lat' dir='ltr'><strong>extremum</strong></span> <span class='ocrx_word' id='word_1_679' title='bbox 1632 5531 1862 5604; x_wconf 88' lang='lat' dir='ltr'><strong>agminis</strong></span> <span class='ocrx_word' id='word_1_680' title='bbox 1885 5529 2095 5595; x_wconf 89' lang='lat' dir='ltr'><strong>abiens,</strong></span> 
     </span>
    </p>
   </div>
   <div class='ocr_carea' id='block_1_98' title="bbox 615 5698 1025 5774">
    <p class='ocr_par' dir='ltr' id='par_1_98' title="bbox 615 5698 1025 5774">
     <span class='ocr_line' id='line_1_98' title="bbox 615 5698 1025 5774; baseline 0.01 -19"><span class='ocrx_word' id='word_1_681' title='bbox 615 5701 659 5735; x_wconf 77' lang='grc'>⁸⁸</span> <span class='ocrx_word' id='word_1_682' title='bbox 680 5698 831 5755; x_wconf 77' lang='lat' dir='ltr'><strong>Psal.</strong></span> <span class='ocrx_word' id='word_1_683' title='bbox 852 5716 945 5774; x_wconf 83' lang='lat' dir='ltr'><strong>cn,</strong></span> <span class='ocrx_word' id='word_1_684' title='bbox 971 5704 1025 5759; x_wconf 76' lang='lat'><strong>5.</strong></span> 
     </span>
    </p>
   </div>
   <div class='ocr_carea' id='block_1_99' title="bbox 2203 4500 3695 4576">
    <p class='ocr_par' dir='ltr' id='par_1_99' title="bbox 2203 4500 3695 4576">
     <span class='ocr_line' id='line_1_99' title="bbox 2203 4500 3695 4576; baseline -0.003 -15"><span class='ocrx_word' id='word_1_685' title='bbox 2203 4505 2281 4561; x_wconf 78' lang='grc' dir='ltr'><strong>ἑνὶ</strong></span> <span class='ocrx_word' id='word_1_686' title='bbox 2312 4503 2623 4576; x_wconf 88' lang='grc' dir='ltr'><strong>ἀπαίρουσι.</strong></span> <span class='ocrx_word' id='word_1_687' title='bbox 2670 4504 3059 4576; x_wconf 85' lang='grc' dir='ltr'><strong>Προπέμπουσί</strong></span> <span class='ocrx_word' id='word_1_688' title='bbox 3096 4521 3157 4558; x_wconf 90' lang='grc' dir='ltr'><strong>τε</strong></span> <span class='ocrx_word' id='word_1_689' title='bbox 3190 4508 3385 4570; x_wconf 77' lang='grc' dir='ltr'><strong>αὐτοὺς</strong></span> <span class='ocrx_word' id='word_1_690' title='bbox 3418 4506 3469 4558; x_wconf 85' lang='grc' dir='ltr'><strong>αἱ</strong></span> <span class='ocrx_word' id='word_1_691' title='bbox 3499 4500 3695 4571; x_wconf 65' lang='grc' dir='ltr'><strong>κορῶναι,</strong></span> 
     </span>
    </p>
   </div>
   <div class='ocr_carea' id='block_1_100' title="bbox 2201 4590 3695 4669">
    <p class='ocr_par' dir='ltr' id='par_1_100' title="bbox 2201 4590 3695 4669">
     <span class='ocr_line' id='line_1_100' title="bbox 2201 4590 3695 4669; baseline -0.004 -19"><span class='ocrx_word' id='word_1_692' title='bbox 2201 4596 2315 4662; x_wconf 74' lang='grc' dir='ltr'><strong>καὶ,</strong></span> <span class='ocrx_word' id='word_1_693' title='bbox 2347 4595 2424 4660; x_wconf 84' lang='grc' dir='ltr'><strong>ὡς</strong></span> <span class='ocrx_word' id='word_1_694' title='bbox 2455 4595 2617 4660; x_wconf 74' lang='grc' dir='ltr'><strong>εἰκὸς,</strong></span> <span class='ocrx_word' id='word_1_695' title='bbox 2655 4596 3025 4668; x_wconf 79' lang='grc' dir='ltr'><strong>συμμαχοῦσιν</strong></span> <span class='ocrx_word' id='word_1_696' title='bbox 3054 4597 3241 4662; x_wconf 74' lang='grc' dir='ltr'><strong>αὐτοῖς</strong></span> <span class='ocrx_word' id='word_1_697' title='bbox 3273 4599 3406 4669; x_wconf 86' lang='grc' dir='ltr'><strong>πρός</strong></span> <span class='ocrx_word' id='word_1_698' title='bbox 3430 4611 3558 4657; x_wconf 83' lang='grc' dir='ltr'><strong>τινας</strong></span> <span class='ocrx_word' id='word_1_699' title='bbox 3578 4590 3695 4644; x_wconf 58' lang='grc' dir='ltr'><strong>πολε·</strong></span> 
     </span>
    </p>
   </div>
   <div class='ocr_carea' id='block_1_101' title="bbox 2204 4688 3694 4765">
    <p class='ocr_par' dir='ltr' id='par_1_101' title="bbox 2204 4688 3694 4765">
     <span class='ocr_line' id='line_1_101' title="bbox 2204 4688 3694 4765; baseline -0.003 -20"><span class='ocrx_word' id='word_1_700' title='bbox 2204 4692 2356 4763; x_wconf 86' lang='grc' dir='ltr'><strong>μίους</strong></span> <span class='ocrx_word' id='word_1_701' title='bbox 2404 4689 2649 4763; x_wconf 80' lang='grc' dir='ltr'><strong>ὄρνιθας·</strong></span> <span class='ocrx_word' id='word_1_702' title='bbox 2699 4691 3231 4762; x_wconf 83' lang='grc' dir='ltr'><strong>τετραυματισμέναι</strong></span> <span class='ocrx_word' id='word_1_703' title='bbox 3282 4693 3389 4765; x_wconf 82' lang='grc' dir='ltr'><strong>γὰρ</strong></span> <span class='ocrx_word' id='word_1_704' title='bbox 3437 4688 3694 4756; x_wconf 67' lang='grc' dir='ltr'><strong>ἐπανέρχονι</strong></span> 
     </span>
    </p>
   </div>
   <div class='ocr_carea' id='block_1_102' title="bbox 2199 4773 3693 4856">
    <p class='ocr_par' dir='ltr' id='par_1_102' title="bbox 2199 4773 3693 4856">
     <span class='ocr_line' id='line_1_102' title="bbox 2199 4773 3693 4856; baseline -0.007 -20"><span class='ocrx_word' id='word_1_705' title='bbox 2199 4800 2309 4837; x_wconf 91' lang='grc' dir='ltr'><strong>ται.</strong></span> <span class='ocrx_word' id='word_1_706' title='bbox 2358 4784 2482 4837; x_wconf 84' lang='grc' dir='ltr'><strong>Ἐὰν</strong></span> <span class='ocrx_word' id='word_1_707' title='bbox 2527 4782 2584 4836; x_wconf 84' lang='grc' dir='ltr'><strong>δὲ</strong></span> <span class='ocrx_word' id='word_1_708' title='bbox 2624 4781 2840 4855; x_wconf 80' lang='grc' dir='ltr'><strong>γηράσῃ</strong></span> <span class='ocrx_word' id='word_1_709' title='bbox 2882 4784 2910 4835; x_wconf 89' lang='grc' dir='ltr'><strong>ό</strong></span> <span class='ocrx_word' id='word_1_710' title='bbox 2953 4782 3247 4855; x_wconf 81' lang='grc' dir='ltr'><strong>πελαργὸς,</strong></span> <span class='ocrx_word' id='word_1_711' title='bbox 3290 4781 3586 4856; x_wconf 69' lang='grc' dir='ltr'><strong>πτερορρυεῖ,</strong></span> <span class='ocrx_word' id='word_1_712' title='bbox 3621 4773 3693 4826; x_wconf 73' lang='grc' dir='ltr'><strong>καὶ</strong></span> 
     </span>
    </p>
   </div>
   <div class='ocr_carea' id='block_1_103' title="bbox 2199 4868 3694 4945">
    <p class='ocr_par' dir='ltr' id='par_1_103' title="bbox 2199 4868 3694 4945">
     <span class='ocr_line' id='line_1_103' title="bbox 2199 4868 3694 4945; baseline -0.003 -14"><span class='ocrx_word' id='word_1_713' title='bbox 2199 4878 2267 4933; x_wconf 88' lang='grc' dir='ltr'><strong>τά</strong></span> <span class='ocrx_word' id='word_1_714' title='bbox 2318 4877 2482 4930; x_wconf 84' lang='grc' dir='ltr'><strong>τέκνα</strong></span> <span class='ocrx_word' id='word_1_715' title='bbox 2515 4874 2676 4929; x_wconf 81' lang='grc' dir='ltr'><strong>αὐτοῦ</strong></span> <span class='ocrx_word' id='word_1_716' title='bbox 2741 4874 3072 4945; x_wconf 85' lang='grc' dir='ltr'><strong>περιστάντα</strong></span> <span class='ocrx_word' id='word_1_717' title='bbox 3113 4879 3230 4939; x_wconf 87' lang='grc' dir='ltr'><strong>τοῖς</strong></span> <span class='ocrx_word' id='word_1_718' title='bbox 3279 4876 3486 4937; x_wconf 87' lang='grc' dir='ltr'><strong>οἰκείοις</strong></span> <span class='ocrx_word' id='word_1_719' title='bbox 3528 4868 3694 4939; x_wconf 73' lang='grc' dir='ltr'><strong>πτεροῖς</strong></span> 
     </span>
    </p>
   </div>
   <div class='ocr_carea' id='block_1_104' title="bbox 2201 4965 3689 5041">
    <p class='ocr_par' dir='ltr' id='par_1_104' title="bbox 2201 4965 3689 5041">
     <span class='ocr_line' id='line_1_104' title="bbox 2201 4965 3689 5041; baseline -0.008 -18"><span class='ocrx_word' id='word_1_720' title='bbox 2201 4968 2608 5041; x_wconf 79' lang='grc' dir='ltr'><strong>περιθάλπουσι,</strong></span> <span class='ocrx_word' id='word_1_721' title='bbox 2645 4968 2737 5021; x_wconf 82' lang='grc' dir='ltr'><strong>καὶ</strong></span> <span class='ocrx_word' id='word_1_722' title='bbox 2766 4968 2864 5030; x_wconf 84' lang='grc' dir='ltr'><strong>τὰς</strong></span> <span class='ocrx_word' id='word_1_723' title='bbox 2889 4966 3094 5039; x_wconf 83' lang='grc' dir='ltr'><strong>τροφὰς</strong></span> <span class='ocrx_word' id='word_1_724' title='bbox 3120 4967 3374 5037; x_wconf 85' lang='grc' dir='ltr'><strong>ἀφθόνως</strong></span> <span class='ocrx_word' id='word_1_725' title='bbox 3397 4965 3689 5036; x_wconf 82' lang='grc' dir='ltr'><strong>παρέχουσιν”</strong></span> 
     </span>
    </p>
   </div>
   <div class='ocr_carea' id='block_1_105' title="bbox 2199 5054 3686 5134">
    <p class='ocr_par' dir='ltr' id='par_1_105' title="bbox 2199 5054 3686 5134">
     <span class='ocr_line' id='line_1_105' title="bbox 2199 5054 3686 5134; baseline -0.004 -19"><span class='ocrx_word' id='word_1_726' title='bbox 2199 5063 2256 5115; x_wconf 79' lang='grc' dir='ltr'><strong>ὲν</strong></span> <span class='ocrx_word' id='word_1_727' title='bbox 2288 5062 2344 5116; x_wconf 81' lang='grc' dir='ltr'><strong>δὲ</strong></span> <span class='ocrx_word' id='word_1_728' title='bbox 2372 5064 2438 5134; x_wconf 84' lang='grc' dir='ltr'><strong>τῇ</strong></span> <span class='ocrx_word' id='word_1_729' title='bbox 2488 5064 2680 5134; x_wconf 76' lang='grc' dir='ltr'><strong>πτήσει</strong></span> <span class='ocrx_word' id='word_1_730' title='bbox 2732 5059 3080 5115; x_wconf 81' lang='grc' dir='ltr'><strong>ὑποκάτωθεν</strong></span> <span class='ocrx_word' id='word_1_731' title='bbox 3110 5061 3279 5116; x_wconf 77' lang='grc' dir='ltr'><strong>αὐτὸν</strong></span> <span class='ocrx_word' id='word_1_732' title='bbox 3310 5054 3686 5120; x_wconf 71' lang='grc' dir='ltr'><strong>ὑποϐαστάζουσι.</strong></span> 
     </span>
    </p>
   </div>
   <div class='ocr_carea' id='block_1_106' title="bbox 2198 5146 3684 5227">
    <p class='ocr_par' dir='ltr' id='par_1_106' title="bbox 2198 5146 3684 5227">
     <span class='ocr_line' id='line_1_106' title="bbox 2198 5146 3684 5227; baseline -0.006 -20"><span class='ocrx_word' id='word_1_733' title='bbox 2198 5153 2427 5219; x_wconf 72' lang='grc' dir='ltr'><strong>καὶτοῖς</strong></span> <span class='ocrx_word' id='word_1_734' title='bbox 2462 5154 2611 5219; x_wconf 85' lang='grc' dir='ltr'><strong>ἰδίοις</strong></span> <span class='ocrx_word' id='word_1_735' title='bbox 2654 5156 2871 5227; x_wconf 87' lang='grc' dir='ltr'><strong>πτεροῖς</strong></span> <span class='ocrx_word' id='word_1_736' title='bbox 2906 5153 3088 5227; x_wconf 79' lang='grc' dir='ltr'><strong>ἠρέμα</strong></span> <span class='ocrx_word' id='word_1_737' title='bbox 3117 5155 3281 5209; x_wconf 80' lang='grc' dir='ltr'><strong>αὐτὸν</strong></span> <span class='ocrx_word' id='word_1_738' title='bbox 3315 5146 3684 5220; x_wconf 74' lang='grc' dir='ltr'><strong>ὑποκουφίζουσιν</strong></span> 
     </span>
    </p>
   </div>
   <div class='ocr_carea' id='block_1_107' title="bbox 2199 5248 2553 5321">
    <p class='ocr_par' dir='ltr' id='par_1_107' title="bbox 2199 5248 2553 5321">
     <span class='ocr_line' id='line_1_107' title="bbox 2199 5248 2553 5321; baseline 0.003 -20"><span class='ocrx_word' id='word_1_739' title='bbox 2199 5248 2553 5321; x_wconf 81' lang='grc' dir='ltr'><strong>ἑκατέρωθεν.</strong></span> 
     </span>
    </p>
   </div>
   <div class='ocr_carea' id='block_1_108' title="bbox 2267 5320 3676 5410">
    <p class='ocr_par' dir='ltr' id='par_1_108' title="bbox 2267 5320 3676 5410">
     <span class='ocr_line' id='line_1_108' title="bbox 2267 5320 3676 5410; baseline 0.002 -19"><span class='ocrx_word' id='word_1_740' title='bbox 2267 5340 2332 5391; x_wconf 84' lang='lat' dir='ltr'><strong>Al</strong></span> <span class='ocrx_word' id='word_1_741' title='bbox 2359 5320 2415 5392; x_wconf 80' lang='grc' dir='ltr'><strong>δὲ</strong></span> <span class='ocrx_word' id='word_1_742' title='bbox 2447 5340 2661 5410; x_wconf 79' lang='grc' dir='ltr'><strong>γέρανοι</strong></span> <span class='ocrx_word' id='word_1_743' title='bbox 2702 5336 2838 5410; x_wconf 88' lang='grc' dir='ltr'><strong>όμοῦ</strong></span> <span class='ocrx_word' id='word_1_744' title='bbox 2881 5338 3052 5392; x_wconf 77' lang='grc' dir='ltr'><strong>πᾶσαι</strong></span> <span class='ocrx_word' id='word_1_745' title='bbox 3083 5339 3141 5406; x_wconf 79' lang='grc' dir='ltr'>ἐξ</span> <span class='ocrx_word' id='word_1_746' title='bbox 3184 5337 3300 5393; x_wconf 71' lang='grc' dir='ltr'><strong>[σου</strong></span> <span class='ocrx_word' id='word_1_747' title='bbox 3337 5339 3574 5393; x_wconf 75' lang='grc' dir='ltr'><strong>τπτανταιο</strong></span> <span class='ocrx_word' id='word_1_748' title='bbox 3609 5320 3676 5394; x_wconf 64' lang='grc' dir='ltr'><strong>μία</strong></span> 
     </span>
    </p>
   </div>
   <div class='ocr_carea' id='block_1_109' title="bbox 2197 5429 3677 5503">
    <p class='ocr_par' dir='ltr' id='par_1_109' title="bbox 2197 5429 3677 5503">
     <span class='ocr_line' id='line_1_109' title="bbox 2197 5429 3677 5503; baseline -0.001 -19"><span class='ocrx_word' id='word_1_749' title='bbox 2197 5430 2253 5484; x_wconf 79' lang='grc' dir='ltr'><strong>δὲ</strong></span> <span class='ocrx_word' id='word_1_750' title='bbox 2276 5433 2588 5501; x_wconf 78' lang='grc' dir='ltr'><strong>προηγεῖται</strong></span> <span class='ocrx_word' id='word_1_751' title='bbox 2618 5429 2814 5495; x_wconf 83' lang='grc' dir='ltr'><strong>αὐτῶν,</strong></span> <span class='ocrx_word' id='word_1_752' title='bbox 2857 5429 2955 5484; x_wconf 70' lang='grc' dir='ltr'><strong>καὶ</strong></span> <span class='ocrx_word' id='word_1_753' title='bbox 2998 5430 3196 5486; x_wconf 84' lang='grc' dir='ltr'><strong>τακτόν</strong></span> <span class='ocrx_word' id='word_1_754' title='bbox 3234 5448 3353 5485; x_wconf 90' lang='grc' dir='ltr'><strong>τινα</strong></span> <span class='ocrx_word' id='word_1_755' title='bbox 3376 5430 3543 5503; x_wconf 86' lang='grc' dir='ltr'><strong>χρόνον</strong></span> <span class='ocrx_word' id='word_1_756' title='bbox 3559 5433 3677 5494; x_wconf 71' lang='grc' dir='ltr'><strong>προη·</strong></span> 
     </span>
    </p>
   </div>
   <div class='ocr_carea' id='block_1_110' title="bbox 2197 5505 3675 5595">
    <p class='ocr_par' dir='ltr' id='par_1_110' title="bbox 2197 5505 3675 5595">
     <span class='ocr_line' id='line_1_110' title="bbox 2197 5505 3675 5595; baseline -0.013 -12"><span class='ocrx_word' id='word_1_757' title='bbox 2197 5519 2479 5594; x_wconf 77' lang='grc' dir='ltr'><strong>γησαμένη</strong></span> <span class='ocrx_word' id='word_1_758' title='bbox 2511 5522 2603 5585; x_wconf 82' lang='grc' dir='ltr'><strong>εἰς’</strong></span> <span class='ocrx_word' id='word_1_759' title='bbox 2632 5522 2691 5574; x_wconf 88' lang='grc' dir='ltr'><strong>τὸ</strong></span> <span class='ocrx_word' id='word_1_760' title='bbox 2722 5520 2949 5578; x_wconf 83' lang='grc' dir='ltr'><strong>κατόπιν</strong></span> <span class='ocrx_word' id='word_1_761' title='bbox 2982 5521 3334 5595; x_wconf 85' lang='grc' dir='ltr'><strong>περιελθοῦσα</strong></span> <span class='ocrx_word' id='word_1_762' title='bbox 3356 5524 3418 5593; x_wconf 79' lang='grc' dir='ltr'><strong>τῇ</strong></span> <span class='ocrx_word' id='word_1_763' title='bbox 3439 5505 3675 5594; x_wconf 72' lang='grc' dir='ltr'><strong>μτάὑτὴν</strong></span> 
     </span>
    </p>
   </div>
  </div>
