3962 6202
295 321 399 378 733

1194 319 1480 376 'SPURIA.
1505 353 1566 364 -—
1599 320 1949 379 COMMENT.
1988 324 2053 379 IN
2093 322 2579 382 HEXAEMERON.

3397 329 3499 387 734

293 439 397 510 τὴν
422 435 708 509 ἡγεμονίαν
730 433 830 505 τῆς
850 435 970 490 ὀδοῦ
1002 435 1378 508 παραδίδωσιν.
1422 438 1508 491 Ἐν
1539 439 1595 493 δὲ
1625 438 1702 510 τῷ
1726 440 1826 494 καθ

1961 443 2146 513 prima:
2189 451 2311 516 post
2348 460 2406 500 se
2430 444 2732 498 ducendum
2777 459 2968 514 agmen
3005 444 3308 500 committit.
3359 445 3496 501 Dum

296 530 472 586 εύδειν
509 530 541 601 ἡ
576 529 672 599 μία
701 527 828 592 ὅλας
874 527 1216 600 περιέρχεται
1265 530 1670 602 ἀσῳαλιζομένη
1693 549 1706 563 ο
1756 534 1830 586 κα⁴

1950 535 2246 602 dormiunt,
2286 552 2392 590 una
2443 551 2633 591 omnes
2684 534 3022 590 defendendo
3069 537 3352 604 circumit;
3404 537 3496 593 ubi

297 625 511 682 δπειδάν
541 625 598 678 τὸ
629 625 822 696 μέτρον
861 624 921 676 τὺ
952 624 1150 696 ἀρκοῦν
1172 625 1262 678 τοῦ
1310 625 1672 696 διαστήματος
1711 625 1850 699 πλη-

301 716 516 788 ρώσασα
551 714 738 787 βοήσῃ,
763 714 895 786 πρὸς
911 713 1074 768 ὕπνον
1101 715 1379 786 τρέπεται,
1404 715 1497 768 καὶ
1522 715 1655 786 ἀλλη
1687 715 1848 770 πάλιν

290 807 593 876 διαδέχεται
616 807 715 878 τὴν
741 805 992 876 τοιαύτην
1024 806 1344 877 ὑπηρεσίαν.

357 899 432 953 Τὸ
474 899 531 951 δὲ
589 899 694 950 τῶν
743 897 919 968 χηνῶν
949 898 1100 966 γένος
1133 897 1364 969 ὑπάρχει
1409 897 1702 968 ἄγρυπνον,
1747 897 1843 952 καὶ

281 983 543 1056 δξυήκοον
574 984 781 1054 ταχέως
808 984 912 1037 τῶν
928 984 1250 1056 προσιόντων
1283 985 1484 1049 ἁπλῶς,
1518 985 1550 1056 ἢ
1583 985 1690 1039 τῶν
1729 989 1846 1040 έπι-

284 1077 488 1130 δούλων
501 1076 598 1146 τὴν
614 1076 798 1145 έςροδον
817 1075 1193 1148 αἰσθανομένη.
1223 1078 1408 1142 Οῦτως
1427 1075 1556 1145 γοῦν
1573 1077 1842 1148 πολεμίων

275 1169 444 1223 τινῶν
465 1169 533 1222 δι’
569 1169 848 1239 ὑπονόμων
877 1168 1198 1232 ὑποδύντων,
1253 1167 1345 1220 καὶ
1401 1169 1698 1239 μελλόντων
1730 1187 1844 1239 χει-

278 1259 509 1332 ροῦσθαι
554 1258 768 1330 Ῥώμην
795 1259 894 1330 τὴν
950 1258 1324 1330 μεγαλόπολιν,
1357 1253 1500 1314 οὗτοι
1545 1264 1610 1331 τῇ
1639 1264 1838 1333 φυσικῇ

273 1351 498 1422 ὀξύτητι
560 1351 659 1420 τῆς
713 1350 1009 1419 αἰσθήσεως
1067 1349 1485 1422 περιεσώσαντο,
1546 1355 1612 1422 τῇ
1668 1351 1840 1423 ἀθρόᾳ

275 1444 430 1512 φωνῇ
457 1441 781 1512 παραδόντες
801 1442 925 1506 τοὺς
956 1441 1272 1506 ἐπιϐούλους
1301 1446 1411 1506 τοῖς
1441 1443 1692 1513 φύλαξιν.

358 1532 598 1586 ’Δλκυὼν
624 1535 737 1586 ἐστι
767 1531 1043 1586 θαλάττιον
1064 1533 1267 1604 ὄρνεον,
1291 1533 1380 1586 καὶ
1411 1533 1558 1604 παρὰ
1591 1533 1714 1597 τοὺς
1739 1533 1839 1604 τῆς

273 1624 549 1696 θαλάττης
576 1624 814 1677 νοσσεύει
850 1625 1145 1694 αἰγιαλοὺς,
1166 1624 1258 1678 τοῦ
1285 1625 1544 1695 χειμῶνος
1576 1626 1835 1695 μεσάζον-

271 1735 390 1782 τος.
416 1717 582 1772 Ὅταν
599 1713 690 1771 οὖν
712 1718 1041 1789 ἐπωάζηται,
1062 1719 1110 1770 οἰ
1139 1719 1234 1789 μὲν
1260 1718 1445 1789 άνεμοι
1479 1715 1832 1788 κοιμίζονται,

1951 644 2259 684 mensuram
2317 629 2476 698 spatii
2521 628 2701 682 datam
2743 628 3057 697 expleverit,
3109 630 3392 692 acclamat,
3441 639 3497 686 et

1947 733 2196 772 somnum
2223 719 2386 788 capit,
2428 725 2482 773 et
2517 718 2622 772 alia
2660 733 2855 773 rursus
2880 718 3243 774 intermissam
3276 721 3498 789 provin-

1945 808 2085 862 ciam
2119 807 2480 861 administrat.

2013 891 2108 946 Est
2131 903 2184 947 et
2207 894 2385 948 anseri
2410 894 2532 964 vigil
2562 910 2711 958 cura,
2747 902 2800 950 et
2825 896 2976 950 velox
3002 897 3251 952 audiendi
3275 914 3493 966 sensus,

1943 982 2018 1036 ita
2050 991 2107 1036 ut
2136 985 2216 1038 vel
2246 986 2418 1038 solum
2453 986 2732 1054 adeuntes,
2781 988 2926 1057 ipsos
2954 988 3114 1041 etiam
3155 990 3499 1049 insidiatores

1943 1074 2232 1140 irruentes,
2261 1074 2699 1145 deprehendant;
2734 1078 2838 1130 hac
2884 1077 3047 1148 igitur
3076 1079 3288 1134 ratione
3330 1081 3500 1136 hosti-

1941 1165 2043 1220 bus
2077 1182 2172 1236 per
2219 1169 2500 1222 anniculos
2552 1167 2836 1238 ingressis.
2882 1179 2936 1224 et
2966 1169 3192 1224 Romam
3243 1188 3492 1243 magnam

1940 1257 2124 1310 urbem
2151 1269 2360 1314 vastare
2389 1261 2740 1323 tentantibus,
2781 1261 2833 1314 hi
2882 1277 3074 1317 sensus
3104 1264 3335 1318 naturali
3377 1267 3496 1322 acio

1939 1348 2259 1402 incolumem
2313 1358 2616 1415 servarunt,
2662 1354 2940 1422 repentina
2975 1369 3108 1410 voce
3148 1356 3494 1413 insidiatores

1937 1441 2256 1496 custodibus
2289 1443 2597 1512 prodentes.

2005 1532 2230 1604 Alcyon,
2276 1534 2482 1587 marina
2511 1535 2646 1599 avis,
2697 1537 2870 1591 media
2923 1538 3095 1592 hieme
3137 1539 3282 1594 circa
3325 1542 3501 1599 maris’

1935 1639 2084 1678 oraui
2119 1624 2368 1691 fetilicat;
2395 1641 2516 1680 cum
2549 1626 2730 1696 itaque
2758 1644 2857 1682 ova
2889 1629 3126 1694 incubat,
3160 1631 3306 1684 venti
3343 1647 3494 1687 com-

1936 1716 2260 1786 primuutur,
2295 1732 2442 1770 mare
2489 1717 2605 1772 sine
2637 1719 2742 1771 ulla
2791 1721 3197 1788 perturbatione
3245 1738 3341 1792 per
3373 1724 3492 1779 dies

272 1813 308 1882 ἠ
327 1812 386 1864 δὲ
406 1811 639 1864 Θάλαττα
666 1811 902 1882 γαλήνην
951 1811 1060 1882 ἔχει
1111 1811 1396 1881 σταθερὰν,
1432 1811 1588 1881 ἄχρις
1611 1809 1830 1882 ἡμερῶν

1937 1816 2141 1878 septem
2178 1809 2576 1878 tranquillatur,
2606 1825 2728 1863 cum
2757 1819 2913 1866 antea
2940 1813 3287 1870 validissimis
3317 1818 3491 1872 ventis

273 1903 436 1966 ἑπτά,
464 1903 524 1956 τὸ
551 1903 678 1969 πρὶν
705 1904 919 1974 ἀνέμων
952 1903 1190 1973 σφοδρῶν
1217 1902 1587 1973 ταραττόντων
1618 1902 1716 1973 τὴν
1745 1901 1839 1954 θά-

271 1993 491 2048 λατταν.
538 1995 781 2048 Ἐπειδὰν
811 1989 902 2048 οῦν
949 1994 1250 2067 περιγλύψῃ
1285 1994 1409 2058 τοὺς
1448 1991 1693 2056 νεοττοὺς
1734 1993 1838 2046 πά-

271 2083 356 2138 λςν
376 2085 539 2150 ἀλλας
583 2085 718 2138 ἐπτά
765 2086 992 2157 ἡμέρας,
1016 2089 1044 2139 6
1069 2085 1199 2149 Θεὸς
1233 2085 1491 2157 νηνεμίαν
1520 2085 1832 2157 παρέχεται,

268 2177 378 2244 ἓως
401 2178 644 2252 ἐκθρέψῃ
666 2180 791 2242 τοὺς
812 2180 1081 2244 νεοττούς.

341 2272 564 2344 Δολερὺν
595 2275 623 2326 6
656 2273 858 2344 πέρδιξ,
887 2274 980 2326 καὶ
1009 2271 1335 2344 ζηλότυπον,
1366 2271 1460 2324 καὶ
1507 2270 1830 2343 κακοῦργον,

271 2363 640 2434 συμπράττων
670 2367 781 2428 τοῖς
823 2363 1109 2436 θηρευταῖς
1137 2363 1271 2434 πρὸς
1294 2362 1390 2434 τὴν
1422 2361 1615 2433 ἄγραν.
1659 2362 1832 2415 ’Δλλό-

271 2471 399 2527 τρια
445 2455 502 2508 δὲ
537 2454 778 2509 κλέπτων
828 2455 909 2509 ὼά
943 2457 1274 2518 νοσσοποιεῖ,
1319 2456 1410 2507 καὶ
1439 2454 1758 2524 αὐξηθέντες
1782 2457 1831 2508 οἱ

268 2547 495 2611 νεοττοὶ,
531 2546 757 2608 ἕκαστος
785 2547 923 2600 κατά
955 2547 1107 2616 γένος
1147 2547 1280 2618 πρὸς
1309 2546 1432 2609 τοὺς
1458 2545 1686 2609 οἰκείους
1718 2544 1831 2598 ἀνί-

264 2656 488 2704 πταται,
517 2641 607 2692 καὶ
632 2639 832 2712 ἔρημον
862 2639 1022 2692 αὑτὸν
1062 2638 1578 2710 καταλιμπάνουσιν.

338 2730 548 2800 Δάγνον
580 2731 889 2802 περιστερά.
930 2731 1083 2784 Ἐστι
1113 2731 1170 2784 δὲ
1206 2731 1417 2802 δένδρον
1447 2731 1504 2782 ὲν
1536 2732 1600 2801 τῇ
1637 2729 1825 2800 Ἰνδικῇ

263 2822 598 2893 καλούμενον
637 2821 953 2892 περιδέξιον,
995 2822 1209 2890 γλυκεῖς
1240 2822 1400 2893 φέρον
1440 2823 1703 2894 καρποὺς,
1736 2821 1827 2874 καὶ

261 2915 441 2986 τούτῳ
476 2915 532 2967 αἰ
578 2916 891 2985 περιστεραί
916 2914 1226 2987 τέρπονται,
1263 2914 1355 2967 καὶ
1400 2913 1826 2984 καταςκηνοῦσιν

265 3006 354 3060 ἐπ’
386 3003 568 3059 αὑτοῦ.
592 3005 746 3058 Ἐστι
765 3005 820 3058 δὲ
851 3007 878 3058 6
897 3005 1108 3075 δράκων
1130 3006 1320 3076 ὲχθρος
1351 3003 1449 3073 τῆς
1479 3005 1821 3075 περιστερᾶς,

262 3098 362 3150 καὶ
388 3094 640 3160 δεδοικὼς
661 3097 722 3149 τὸ
745 3095 954 3167 δένδρον
983 3097 1083 3149 οὑκ
1108 3096 1394 3168 ἐπέρχεται
1412 3111 1425 3125 ⁶
1461 3097 1540 3158 εἰς
1575 3090 1684 3149 οἷον
1716 3093 1823 3165 γάρ
1850 3133 1892 3189 C

267 3186 435 3258 μέρος
481 3185 574 3238 τοῦ
599 3185 815 3258 δένδρου
849 3187 882 3257 ἡ
914 3186 1039 3240 σκιά
1070 3185 1314 3256 γένηται,
1342 3187 1370 3238 6
1400 3186 1612 3257 δράκων
1638 3185 1824 3254 φεύγει

263 3277 614 3348 φοϐούμενος.
650 3281 712 3331 Αἰ
747 3278 804 3331 δὲ
852 3279 1170 3350 περιστεραὶ
1225 3281 1302 3342 εἰς
1329 3278 1388 3330 τὸ
1433 3277 1610 3340 κλίτος
1653 3279 1828 3330 ἐκεῖνο

259 3370 360 3441 τῆς
384 3371 542 3433 σκιᾶς
565 3369 940 3440 μεθίστανταιο
973 3370 1065 3422 ἐὰν
1081 3368 1188 3441 γὰρ
1209 3368 1515 3440 χωρισθῶσι
1540 3369 1636 3438 τῆς
1671 3369 1826 3432 σκιᾶς

258 3459 608 3531 ἀναιροῦνται
634 3459 736 3512 ὑπὸ
763 3458 856 3512 τοῦ
884 3459 1188 3531 δράκοντος.
1215 3461 1313 3512 Οἴα
1346 3459 1402 3512 δέ
1428 3461 1573 3512 ἐστιν
1603 3463 1636 3530 ἡ
1669 3460 1827 3528 φύσις

256 3553 362 3624 τῆς
389 3554 712 3624 περιστερᾶς
760 3552 1030 3622 θαυμάσαι
1055 3553 1230 3618 ἄξιονο
1262 3553 1350 3607 τὸν
1378 3552 1484 3626 γὰρ
1517 3553 1734 3622 αὐχένα,
1770 3553 1825 3604 ὲν

254 3643 510 3715 ἡλιακαῖς
556 3643 1024 3714 καταλαμφθέντα,
1070 3645 1286 3716 μυρίαις
1315 3644 1616 3716 χρωμάτων
1663 3643 1826 3706 ἰδέαις

255 3733 664 3804 ποικιλλόμενον
718 3733 974 3796 δείκνυσι,
1026 3734 1267 3805 φοινικῷ,
1309 3733 1521 3805 κυανῷ,
1557 3732 1821 3806 πυρωπῷ,

250 3823 642 3896 ἁνθρακοειδεῖ,
663 3824 826 3895 ὠχρῷ
859 3842 917 3877 τε
947 3825 1039 3878 καὶ
1073 3824 1305 3897 ἐρυθρῷ,
1335 3825 1428 3880 καὶ
1479 3825 1656 3889 ἄλλοις
1687 3842 1824 3878 παν-

248 3917 507 3980 τοδαποῖς
538 3916 808 3989 χρώμασι.
1699 3970 1704 3976 ,

326 4009 640 4062 Φιλὸτεκνον
685 4010 717 4078 ή
757 4007 965 4080 κορώνη
1011 4008 1102 4062 καὶ
1148 4009 1472 4082 μόνανδρον·
1514 4010 1824 4083 ἐκθρέψασα

248 4101 369 4174 γάρ
402 4103 526 4164 τοὺς
542 4103 804 4164 νεοττοὺς.
823 4101 1089 4173 κηδομένη
1122 4102 1295 4154 αὑτῶν
1320 4104 1380 4156 οὑ
1414 4102 1642 4156 παύεται
1701 4104 1824 4176 τρέ-

250 4209 431 4262 ςουσα
459 4193 672 4258 αὑτοὺς,
703 4193 794 4246 καὶ
825 4192 912 4244 ἀεὶ
945 4194 1308 4264 συνιπταμένη
1339 4196 1538 4258 αὑτοῖς.

337 4283 397 4337 '0
449 4283 504 4337 δὲ
556 4283 878 4354 νυκτικόραξ
931 4284 1078 4354 φίλον
1124 4287 1240 4338 ἐστί
1274 4286 1372 4357 τῆς
1413 4287 1602 4350 νυκτὸς
1642 4287 1675 4358 ἢ
1724 4287 1822 4358 τῆς

248 4374 488 4447 ἡμέρας·

1940 1913 2268 1953 concussum
2317 1899 2715 1956 intumescerct.
2759 1901 3052 1974 Postquam
3094 1905 3281 1959 eduxit
3313 1908 3490 1977 pullos

1936 2005 2032 2060 per
2063 1991 2201 2044 alios
2236 2001 2437 2062 septem
2471 1993 2608 2057 dies,
2647 1993 2738 2048 Dei
2782 2011 3026 2060 munere,
3079 1999 3225 2050 nulla
3275 2015 3340 2054 ne
3384 2001 3489 2054 mi-

1935 2081 2080 2136 nima
2110 2082 2325 2152 quidem
2354 2099 2486 2138 aura
2527 2084 2722 2143 (luctus
2766 2097 3066 2144 commovet
3095 2090 3334 2160 quandiu
3363 2090 3479 2161 pul-

1936 2174 2018 2229 los
2053 2176 2167 2230 alit.

2001 2264 2204 2321 Perdix
2233 2268 2376 2333 dolo,
2413 2269 2787 2326 obtrectationi
2814 2281 2866 2328 et
2896 2273 3112 2329 malitia
3145 2273 3333 2341 servit,
3357 2290 3483 2329 cum

1933 2357 2067 2428 ipsis
2089 2360 2409 2415 venantibus
2441 2363 2642 2416 auxilio
2680 2364 2782 2429 sit;
2813 2363 2987 2417 aliena
3017 2379 3116 2418 ova
3143 2366 3280 2418 clam
3304 2373 3490 2434 erepta

1930 2451 2141 2518 educit;
2187 2451 2278 2506 ubi
2309 2468 2436 2506 vero
2466 2455 2594 2524 pulli
2635 2454 2984 2519 adoleverint,
3021 2455 3088 2510 ad
3121 2471 3249 2511 suos
3291 2471 3484 2511 secun-

1929 2539 2056 2594 dum
2103 2557 2272 2612 genus
2317 2553 2565 2612 parentes
2611 2544 2884 2611 advolant,
2917 2563 3142 2618 eamque
3190 2546 3388 2602 nudam
3429 2553 3486 2602 et

1929 2646 2154 2686 vacuam
2187 2632 2512 2689 destituunt.

1997 2720 2324 2778 Libidinosa:
2367 2725 2651 2782 columbae.
2713 2726 2888 2783 Arbor
2929 2729 3104 2784 estin
3158 2727 3340 2784 Indica
3393 2745 3484 2785 rc-

1925 2814 2102 2885 gione,
2144 2830 2305 2884 quam
2334 2825 2528 2870 vocant
2553 2817 2887 2887 peridexion,
2920 2819 3111 2874 dulces
3148 2819 3332 2875 ferens
3368 2819 3486 2874 fru-

1925 2915 2078 2972 ctus;
2107 2905 2206 2961 hac
2237 2907 2498 2963 culumbze
2555 2909 2789 2980 gaudent
2823 2920 2873 2964 et
2919 2910 2974 2963 in
3023 2925 3086 2965 ea
3135 2925 3479 2966 commoran-

1925 3006 2031 3052 tur.
2064 2997 2328 3054 Caeterum
2361 3001 2546 3062 draco,
2579 3001 2843 3055 columbis
2885 3001 3151 3064 infensus,
3206 3012 3348 3056 metu
3391 3001 3488 3057 de-

1925 3091 2093 3146 clinat
2123 3093 2409 3158 arborem;
2445 3109 2658 3163 semper
2686 3094 2830 3148 enim
2864 3095 3057 3149 timore
3091 3095 3160 3149 ab
3197 3109 3262 3149 ea
3309 3103 3485 3164 parte.

1927 3183 2092 3237 draco
2117 3185 2422 3252 expellitur,
2448 3200 2607 3254 quam
2643 3185 2804 3239 arbor
2842 3186 3042 3255 patulis
3091 3185 3286 3240 diliusa
3319 3184 3486 3240 ramis

1927 3283 2141 3345 opacat.
2187 3273 2292 3328 Sed
2335 3276 2596 3329 columbae
2628 3291 2744 3330 eam
2781 3278 2982 3332 umbrze
3019 3285 3222 3346 partem
3267 3285 3483 3332 sectan-

1929 3373 2047 3419 tur:
2089 3365 2134 3418 si
2163 3367 2306 3419 enim
2353 3367 2421 3419 ab
2458 3381 2522 3418 ea
2565 3377 2904 3435 separentur,
2956 3381 2985 3421 a
3020 3367 3255 3422 dracone
3287 3367 3483 3423 interi-

1927 3464 2169 3510 muntur.
2205 3455 2370 3527 Digna
2401 3472 2531 3511 sane
2558 3466 2639 3511 est
2669 3474 2773 3528 qua
2800 3473 3236 3512 commoveantur
3263 3459 3477 3514 colum-

1929 3549 2009 3604 hze
2046 3550 2496 3615 natura;collum
2529 3551 2658 3605 solis
2702 3550 2872 3605 radiis
2909 3551 3236 3606 illustratum
3271 3553 3482 3610 crebris

1925 3643 2192 3705 colorum,
2231 3641 2507 3712 purpurei.
2550 3641 2760 3713 cyanei,
2807 3641 2967 3710 ignei,
3016 3643 3178 3695 veluti
3224 3644 3477 3700 carbonis

1925 3736 2215 3798 rutilantis,
2246 3737 2394 3800 lutei,
2428 3736 2599 3800 rubei,
2632 3743 2684 3789 et
2712 3735 3040 3804 reliquorum
3071 3737 3312 3787 omnium
3356 3751 3477 3788 mu-

1925 3828 2222 3882 tationibus
2248 3842 2312 3882 ac
2341 3828 2622 3897 speciebus
2653 3826 2939 3897 ﬁguratum
2972 3825 3323 3898 spectandum
3352 3839 3479 3896 pro-

1923 3920 2094 3989 ponit.

1994 4009 2194 4062 Coruix
2227 4007 2425 4063 liberos
2468 4007 2860 4062 humanissime
2907 4013 3073 4071 amat,
3120 4014 3172 4062 et
3203 4022 3309 4060 uno
3358 4006 3478 4060 viro

1923 4109 2175 4156 contenta
2209 4111 2328 4166 est;
2370 4101 2546 4172 pullos
2587 4100 2728 4153 enim
2753 4099 2862 4168 jam
2907 4099 3175 4152 enutritos
3217 4105 3479 4168 perpetuo

1922 4192 2114 4262 pascit,
2152 4206 2336 4245 eorum
2369 4205 2554 4244 curam
2581 4205 2772 4260 gerens
2806 4197 2856 4244 et
2890 4205 2993 4242 una
3029 4190 3239 4243 volans.

1991 4281 2314 4353 Nycticorax
2354 4281 2523 4348 magis
2554 4281 2728 4335 noctis
2769 4295 2932 4352 quam
2973 4279 3080 4334 dici
3126 4279 3337 4334 amicus
3368 4287 3474 4336 est.

323 4468 674 4539 Φιλόστοργος
713 4469 742 4520 6
782 4467 951 4537 ἔποψ·
981 4467 1323 4538 γηράσαντας
1357 4467 1466 4540 γὰρ
1496 4469 1618 4532 τοὺς
1645 4471 1819 4537 γονεῖς

1993 4453 2180 4526 Upupa
2215 4455 2330 4510 avis
2364 4453 2753 4510 humanissima
2781 4463 2898 4521 est;
2936 4463 3186 4526 parentes
3221 4455 3366 4510 enim
3393 4471 3474 4512 se-

251 4559 570 4629 πτερυγίζει
622 4558 719 4628 μὲν
763 4557 994 4630 πρῶτον,
1024 4554 1141 4612 εἶτα
1173 4562 1238 4629 τῇ
1277 4559 1488 4632 γλώττῃ
1516 4559 1814 4630 καταψύχει

245 4649 435 4705 αὐτῶν
467 4651 592 4713 τοὺς
627 4649 952 4722 ὀφθαλμοὺς,
991 4652 1180 4705 ἔπειτα
1209 4651 1422 4706 θάλπων
1460 4653 1654 4716 αὑτοὺς
1695 4654 1818 4706 ἀνα-

252 4746 386 4798 νοοῖ.

339 4835 403 4888 Ἦ
435 4836 492 4890 δὲ
519 4837 736 4907 χελιδὼν
765 4835 911 4902 ἀπαξ
932 4837 1094 4908 γεννᾷ
1121 4836 1213 4890 τοῦ
1252 4835 1464 4908 καιροῦ,
1496 4836 1813 4908 πηγνυμένη

249 4927 311 4982 δὲ
341 4930 438 4998 τὴν
479 4928 669 4982 καλιάν
697 4912 766 4982 τά
801 4929 898 5000 μὲν
949 4929 1130 5000 κάρφη
1161 4929 1312 5000 φέρει
1341 4929 1418 4998 τῷ
1454 4929 1700 5000 στόματι,
1726 4928 1815 4982 τὸν

246 5016 310 5071 δὲ
357 5018 522 5090 πηλὸν
564 5020 641 5090 τῷ
677 5019 888 5091 πτερῷο
919 5020 978 5073 τὺ
1014 5020 1123 5093 γὰρ
1159 5021 1325 5092 ἄκρον
1365 5021 1531 5093 αὑτῆς
1576 5018 1814 5092 βρέξασα

252 5107 428 5173 ὕδατι,
475 5114 540 5182 τῇ
598 5111 763 5184 λεπτῇ
815 5112 958 5166 κόνει
1005 5113 1304 5178 ὲνειλεῖται,
1353 5114 1448 5168 καὶ
1497 5112 1668 5176 οὕτως
1712 5113 1812 5184 τὴν

246 5203 442 5273 χρείαν
501 5205 705 5258 ἐπινοεῖ
749 5204 845 5258 τοῦ
914 5205 1115 5277 πηλοῦ·
1165 5209 1256 5260 καὶ
1317 5207 1456 5261 κατά
1507 5206 1698 5278 μικρὸν
1746 5203 1812 5258 τά

243 5292 439 5366 κάρφη
477 5291 587 5350 οἷον
633 5298 796 5371 κόλλῃ
826 5299 932 5351 τινὶ
967 5297 1332 5368 συνδεσμοῦσα
1353 5298 1429 5368 τῷ
1457 5297 1630 5367 πηλῷ,
1663 5295 1808 5349 συνί-

248 5401 414 5458 στησι
435 5389 534 5458 τὴν
561 5389 771 5452 καλιάν,
798 5389 892 5442 καὶ
921 5389 1174 5460 ἐκτρέφει
1205 5391 1328 5452 τοὺς
1351 5389 1600 5452 νεοσσούς

320 5477 627 5550 Μόνανδρος
667 5483 700 5552 ἡ
746 5479 957 5552 τρυγών
979 5499 992 5511 ·
1021 5480 1130 5534 εἴτε
1159 5480 1266 5553 γὰρ
1295 5482 1323 5533 6
1345 5481 1515 5552 άρῤην
1541 5477 1804 5551 ἀποθάνῃ,

244 5567 358 5622 εἴτε
385 5568 558 5641 ἠθήλε
568 5587 640 5634 ια,
661 5571 832 5643 ἑτέρῳ
854 5573 914 5624 οὑ
928 5572 1271 5626 συνάπτεται.

320 5747 386 5800 Δί
425 5747 483 5802 δί
512 5748 818 5803 κατοικίδιοι
863 5751 1036 5821 δρνεις
1072 5753 1161 5806 ἰπὶ
1187 5750 1386 5814 παντὸς
1409 5749 1500 5802 τοῦ
1524 5747 1712 5820 καιροῦ
1745 5747 1804 5800 τὸ

1921 4557 2205 4604 nescentcs
2240 4549 2473 4618 primum
2523 4548 2622 4602 alis
2673 4550 2866 4617 operit,
2916 4547 3109 4602 deinde
3153 4549 3332 4618 lingua
3375 4561 3472 4603 eo-

1919 4657 2038 4696 rum
2082 4641 2270 4694 oculos
2316 4641 2506 4694 leniter
2540 4639 2840 4709 demulcet;
2885 4641 3100 4695 tandem
3144 4640 3332 4696 fovens
3377 4654 3474 4697 eos

1917 4734 2158 4805 pristime
2181 4734 2451 4803 juventuti
2485 4734 2741 4788 restituit.

1985 4825 2231 4879 Hirundo
2260 4827 2424 4880 semel
2467 4840 2610 4879 anno
2653 4825 2828 4895 parit;
2859 4824 2987 4879 dum
3027 4824 3213 4878 nidum
3261 4823 3470 4881 contin-

1915 4916 2013 4987 git,
2053 4934 2147 4972 ore
2176 4925 2491 4980 stramenta,
2525 4917 2696 4972 lutum
2742 4919 2932 4987 pennis
2957 4917 3262 4987 prehendit,
3292 4925 3470 4974 extre-

1915 5010 2018 5064 mis
2051 5011 2194 5064 enim
2224 5026 2361 5080 aqua
2399 5011 2714 5066 madefactis
2743 5010 3102 5065 subtilissimo
3143 5007 3348 5079 pulveri
3393 5008 3469 5062 in-

1914 5103 2168 5166 volvitur,
2197 5105 2382 5173 sicque
2414 5103 2510 5158 luti
2549 5120 2706 5158 usum
2747 5104 2848 5157 sibi
2869 5103 3162 5174 excogitat,
3195 5111 3247 5156 et
3278 5101 3467 5172 paula-

1913 5195 2032 5258 tim,
2065 5203 2360 5248 stramenta
2391 5196 2502 5250 luto
2532 5196 2696 5249 veluti
2727 5196 2936 5265 glutino
2968 5195 3338 5260 consolidans,
3380 5195 3466 5250 ni-

1913 5285 2043 5340 dum
2068 5292 2336 5343 construit
2367 5297 2420 5342 et
2450 5287 2624 5359 pullos
2653 5288 2766 5340 alit.

1980 5463 2183 5519 Turtur
2233 5464 2396 5518 unius
2448 5471 2654 5518 tantum
2704 5463 2994 5518 concubitu
3051 5470 3307 5520 contenta
3353 5469 3460 5532 est,

1908 5560 2106 5613 etenim
2141 5558 2254 5614 sive
2292 5573 2428 5621 mas,
2475 5557 2588 5613 sive
2633 5557 2834 5612 femina
2871 5555 3151 5624 occiderit,
3181 5571 3456 5626 nunquam

1908 5651 2042 5705 tides
2073 5650 2309 5721 conjugii
2338 5649 2592 5705 violatur.

1978 5744 2118 5803 Aves
2155 5743 2462 5802 domesticae
2496 5742 2642 5800 omni
2678 5750 2918 5815 tempore
2940 5740 3262 5801 concubitus
3299 5753 3456 5811 appe-
