3898 6196
565 239 670 298 735
1406 233 1463 291 S.
1498 233 1936 291 EUSTATHIUS
1973 228 2458 290 ANTIOCHENUS
2488 225 2883 284 EPISCOPUS.
3573 232 3655 290 πε

562 361 705 413 tunt.
734 354 1031 428 Aquaticae,
1060 351 1225 408 veluti
1257 357 1446 407 anates
1473 359 1526 407 et
1554 352 1737 424 cygni,
1762 360 1816 408 et
1844 352 1931 409 his
1952 353 2101 410 simi-

2137 358 2183 415 Α
2211 346 2644 405 συνουσιαστικδν
2685 344 2913 415 ἔχουσιν.
2956 342 3034 397 Τὰ
3055 342 3110 398 δὲ
3133 341 3356 417 φίλυδρα,
3379 340 3475 401 οἷον
3493 348 3659 419 νῆσσαι,

560 448 665 516 les,
689 448 895 504 divisos
932 444 1097 516 pedes
1128 460 1235 499 non
1264 444 1486 507 habent,
1524 443 1618 500 sed
1666 444 1825 502 latos.
1859 454 1914 498 et
1956 460 2099 498 mem

2215 441 2310 496 καὶ
2334 438 2541 502 κύκνοι,
2571 436 2664 490 καὶ
2689 436 2759 489 τὰ
2784 436 2940 506 ὅμοια
2963 435 3154 498 αὐτοῖς,
3173 435 3289 497 τοὺς
3313 436 3456 501 πόδας
3471 439 3669 513 ἐσχισμέ-

562 536 736 595 brana
761 537 1106 606 eonjunctos,
1137 544 1197 590 ut
1229 535 1444 592 facilius
1490 536 1543 590 in
1589 536 1745 605 aquis
1776 545 1962 591 natare
1992 550 2101 606 pos

2215 549 2337 595 νους
2373 532 2472 584 οὐκ
2518 529 2748 600 ἔχουσιν,
2779 526 2915 582 ἀλλά
2945 526 3173 592 πλατεῖς,
3208 525 3466 596 ὖμενὼδεις
3499 532 3607 603 πρὸς
3628 534 3671 588 τὸ

565 631 695 695 sint,
738 628 1069 685 membranis
1097 628 1293 701 pedum
1321 628 1480 700 quasi
1519 630 1683 684 remis
1716 643 1979 700 aquarum
2009 628 2104 682 vim

2217 623 2469 695 εὐμαρῶς
2482 625 2594 685 τοῖς
2626 620 2777 674 ὕδασι
2804 618 3249 690 νήχεσθαινοίονεὶ
3270 617 3457 684 κώπαις
3488 624 3578 676 τισὶ
3592 627 3673 690 τοῖς

566 721 844 793 pellentes.

2218 715 2380 787 ὑμέσι
2405 713 2515 767 τῶν
2542 712 2718 766 ποδῶν
2743 712 2806 764 τὸ
2824 710 2987 781 ὑγρὸν
3009 709 3342 780 διωθούμενα.

634 811 852 882 Cygnus
890 810 1087 867 collum
1130 811 1355 883 pedibus
1398 811 1611 883 longius
1655 812 1960 883 protendit,
2010 829 2120 885 quo

2298 805 2356 859 '0
2383 805 2439 859 δὲ
2461 803 2657 866 κύκνος
2704 802 3034 875 μακρότερον
3059 799 3164 853 τῶν
3196 801 3357 854 ποδῶν
3379 801 3572 872 ἔχειτὸν
3589 805 3679 878 τρά-

567 901 744 974 pisces
773 918 804 958 e
826 902 992 959 fundo
1025 905 1212 974 arripit
1241 904 1446 975 plures.

2217 896 2395 970 χηλον,
2433 896 2568 968 πρὸς
2607 896 2669 949 τὸ
2692 896 2756 948 ὲκ
2786 892 2880 947 τοῦ
2912 893 3101 963 βάθους
3130 894 3358 964 ἀνασπᾷν
3382 894 3491 958 τοὺς
3522 895 3679 965 ἰχθύας.

634 994 827 1050 Avium
864 997 1046 1051 multa:
1078 1004 1320 1066 tempore
1363 995 1490 1050 anni
1540 1002 1750 1050 mutant
1791 1002 1843 1051 et
1881 997 2117 1051 colorem

2287 988 2406 1043 Τῶν
2443 988 2500 1040 δὲ
2543 987 2741 1058 ὀρνέων
2778 984 2947 1038 πολλὰ
3000 985 3115 1038 κατ’
3163 983 3275 1047 ἔτος
3310 984 3587 1054 μεταϐάλλει
3613 988 3683 1059 τὴν

566 1092 621 1142 et
657 1102 862 1143 vocem.
899 1086 1099 1143 Merula
1128 1103 1360 1158 namque
1388 1104 1455 1144 ex
1487 1088 1638 1159 nigra
1682 1086 1946 1149 ruﬁ‘escit,
1971 1095 2025 1143 et
2052 1104 2105 1143 ex

2221 1081 2402 1153 φωνὴν
2431 1080 2524 1134 καὶ
2555 1080 2652 1150 τὴν
2682 1077 2892 1150 χροιάν.
2949 1077 3008 1131 Ὀ
3036 1075 3145 1147 γὰρ
3170 1076 3414 1146 κόττυφος
3434 1079 3488 1130 ἐκ
3511 1079 3687 1148 μέλανος

568 1193 767 1234 canora
807 1179 1054 1234 balbutit.
1091 1179 1360 1235 Luscinia:
1387 1181 1514 1235 item
1546 1196 1650 1235 vox
1679 1188 1735 1235 et
1760 1180 1910 1235 color
1939 1180 2107 1235 solsti'

2221 1169 2410 1235 ξανθὸς
2452 1170 2791 1234 καθίσταται,
2832 1169 2925 1223 καὶ
2956 1168 3015 1234 ἐξ
3054 1167 3242 1239 ᾠδικοῦ
3268 1169 3544 1239 κρακτικός.
3577 1169 3628 1221 Ἦ
3646 1167 3688 1222 δὲ

570 1270 645 1325 tio
666 1276 964 1335 mutantur,
999 1279 1053 1326 et
1084 1273 1138 1326 in
1160 1271 1365 1328 somnis
1396 1271 1733 1327 modulatum
1762 1270 1873 1328 edit
1901 1285 2109 1328 sonum.

2220 1259 2395 1332 ἀηδὼν
2442 1261 2505 1315 τὸ
2549 1261 2745 1333 χρῶμα
2794 1260 2888 1314 καὶ
2922 1259 3022 1331 τὴν
3056 1260 3233 1331 φωνὴν
3284 1260 3567 1332 μεταϐάλλει
3602 1265 3688 1324 ταῖς

2218 1356 2476 1426 τροπαίςο
2529 1355 2623 1409 καὶ
2675 1353 2820 1408 ἔστιν
2878 1354 3149 1425 ἄγρυπνον
3192 1355 3257 1424 τῇ
3309 1352 3517 1424 μελῳδίᾳ
3549 1353 3692 1422 σχολά·

2222 1444 2407 1511 ζουσα.

638 1533 892 1602 Quaedam
930 1534 1094 1591 etiam
1137 1551 1264 1593 aves
1303 1538 1494 1593 bruma
1525 1554 1635 1594 non
1677 1537 1948 1603 esuriunt,
1998 1553 2124 1595 aere

2294 1538 2449 1591 Ἔνια
2489 1537 2546 1591 δὲ
2581 1537 2689 1592 τῶν
2730 1536 2930 1611 ὀρνέων
2965 1534 3067 1599 τάς
3100 1536 3397 1609 χειμερινάς
3421 1536 3475 1589 οὐ
3522 1536 3690 1590 πεινῶσι

568 1623 709 1687 solo,
738 1631 791 1678 et
827 1639 892 1679 eo
924 1640 1047 1681 rore
1087 1627 1178 1696 qui
1211 1627 1405 1685 herbas
1430 1628 1587 1697 rigat.
1635 1627 1743 1683 illis
1782 1627 1977 1683 famem
2006 1628 2107 1700 pel-

2153 1695 2181 1700 _
2221 1628 2446 1700 τροπὰς,
2476 1627 2554 1699 τῷ
2581 1629 2705 1700 ἀέρι
2750 1628 2893 1699 μόνῳ
2920 1629 3223 1700 τρεφόμενα
3246 1627 3335 1681 καί
3372 1629 3432 1697 τῇ
3474 1625 3590 1679 κατὰ
3621 1625 3692 1689 τὰς

570 1713 753 1783 lente;
808 1716 903 1772 sed
949 1724 1001 1772 et
1061 1695 1269 1775 ventris
1322 1695 1688 1790 voluptatibus
1749 1695 2109 1775 dominantur.

2153 1695 2192 1754 Β
2219 1695 2548 1791 χλοηφαγίας
2995 1695 3181 1783 νοτίδι,
3210 1717 3341 1772 ἀλλά
3366 1695 3451 1770 καὶ
3485 1716 3566 1781 τὰς
3596 1716 3692 1769 ὐπο-

570 1805 903 1873 Quibusdam
924 1810 1066 1865 enim
1088 1827 1232 1878 vere,
1259 1820 1312 1867 et
1337 1820 1599 1868 autumno
1619 1813 1947 1884 aequinoctio
1977 1814 2109 1884 ipso,

2218 1811 2502 1885 γαστρίους
2521 1811 2809 1885 κρατοῦσιν
2829 1812 3038 1883 ἡδονάς.
3064 1812 3220 1864 Ἕνια
3249 1811 3344 1881 μὲν
3372 1808 3470 1882 γὰρ
3495 1808 3611 1880 ἔαρι,
3627 1807 3693 1861 καὶ

570 1899 894 1969 quibusdam
927 1902 1091 1957 semel
1138 1919 1233 1974 per
1276 1914 1516 1975 tempora
1550 1906 1674 1960 anni
1710 1906 1833 1960 stati
1862 1906 2109 1961 concubi-

2221 1901 2516 1975 μετοπώρῳ
2572 1902 2711 1957 κατά
2763 1903 2861 1968 τὰς
2916 1902 3225 1976 ἰσημερίας,
3271 1901 3379 1955 ἔνια
3407 1901 3458 1954 δὲ
3485 1901 3605 1966 ἅπαξ
3626 1898 3690 1952 τοῦ

569 1996 677 2047 tus.
722 1993 865 2049 Aves
913 1993 1125 2052 femina;
1162 2012 1443 2069 quousque
1495 1999 1863 2069 conceperint,
1915 2012 2108 2057 marem

2218 1997 2370 2061 ἔτους
2402 1996 2683 2051 ἐπιϐαίνει.
2714 1997 2778 2049 Al
2821 1994 2878 2049 δὲ
2918 1995 3133 2066 θήλειαι
3174 1994 3344 2066 ὄρνεις
3372 1992 3515 2065 μέχρι
3555 1991 3692 2063 συλλή-

568 2081 875 2153 admittunt,
916 2096 1201 2160 postquam
1215 2089 1577 2162 conceperint,
1607 2098 1943 2148 aversantur.

2217 2092 2363 2163 ψεως
2392 2093 2459 2161 τῇ
2493 2089 2644 2161 ὀχείᾳ
2658 2088 2889 2158 ἔχονται,
2917 2088 3012 2142 καὶ
3039 2087 3202 2151 εὐθὺς
3227 2086 3349 2150 τοὺς
3367 2085 3572 2158 ἄρρενας
3595 2083 3691 2136 άπι-

2216 2182 2520 2253 τρέφονται.

638 2263 904 2320 ὃσατιιικτεί
932 2282 1154 2323 rosaceo
1178 2267 1295 2323 illiti
1321 2277 1536 2340 repente
1560 2269 1953 2325 exanimantur.
1977 2267 2119 2341 Apes

2288 2275 2350 2327 Οί
2372 2272 2429 2326 δὲ
2458 2271 2737 2343 κάνθαροι,
2771 2272 2865 2326 ὲάν
2893 2271 3085 2344 ῥοδίνῳ
3109 2270 3410 2344 χρισθῶσιν,
3438 2268 3573 2331 εὐθὺς
3599 2269 3693 2320 ἀπο-

566 2362 620 2411 et
643 2372 817 2427 vespae
840 2358 957 2413 oleo
987 2359 1322 2426 madefacue,
1350 2362 1618 2418 meatibus
1646 2361 1882 2419 occlusis
1921 2377 2105 2419 consu-

2220 2363 2558 2436 θνήσκουσιν.
2587 2365 2651 2417 Δί
2676 2365 2733 2419 δὲ
2767 2364 3014 2436 μέλισσαι
3044 2366 3140 2419 καὶ
3174 2364 3389 2435 σφῆκες,
3418 2362 3558 2433 ἐλαίῳ
3580 2376 3697 2414 κατο-

570 2459 827 2518 muntur;
859 2466 978 2521 qua:
1002 2453 1046 2508 si
1090 2462 1242 2508 aceto
1274 2461 1651 2525 aspergantur,
1708 2454 1870 2509 vitam
1897 2468 2109 2525 recupe-

2219 2457 2524 2531 ὀρεχθεῖσαι
2574 2457 2901 2529 φθείρονται,
2950 2459 3061 2511 τῶν
3110 2458 3286 2530 πόρων
3329 2453 3691 2528 άποφραγέντων.

564 2548 708 2605 rant,
739 2550 790 2597 et
812 2544 1109 2614 respirandi
1125 2544 1378 2601 facultate
1403 2547 1623 2617 privata:
1644 2560 1766 2602 aere
1785 2546 2103 2601 nutriuntur.

2222 2551 2370 2617 ὀξει
2395 2546 2491 2605 οὖν
2510 2549 2786 2606 ἀναϐιοῦσι
2807 2549 3151 2622 βρεχόμεναι·
3176 2550 3447 2623 τρέφονται
3467 2548 3517 2602 δὲ
3530 2546 3593 2618 τῷ
3607 2544 3692 2616 άερι

565 2629 707 2700 Apes
724 2647 901 2703 regem
928 2633 1146 2698 habent,
1170 2642 1224 2690 et
1236 2650 1572 2691 communem
1589 2636 1847 2702 volatum,
1878 2651 2104 2691 commu-

2217 2643 2485 2714 ἀναπνοὴν
2510 2643 2608 2697 οὐκ
2628 2641 2861 2715 ἔχουσαι.
2871 2643 3093 2713 Ἔχουσι
3112 2643 3171 2697 δὲ
3194 2641 3402 2713 βασιλέα
3421 2641 3474 2701 αί
3489 2639 3689 2710 μέλισσαι.

567 2733 798 2791 nemque
823 2732 1039 2781 servant
1067 2725 1318 2793 domum;
1354 2740 1528 2807 neque
1559 2725 1667 2779 ulla
1693 2727 1895 2781 exitum
1924 2732 2106 2795 tentat,

2218 2735 2313 2790 καὶ
2339 2734 2521 2807 κοινὴν
2549 2734 2647 2805 μὲν
2676 2733 2948 2788 ποιοῦνται
2974 2733 3075 2805 τὴν
3111 2734 3325 2805 πτῆσιν,
3356 2731 3518 2803 κοινὴν
3552 2728 3600 2784 δὲ
3625 2724 3691 2795 τὴν

564 2816 851 2881 antequam
884 2827 977 2867 rex
1006 2812 1119 2884 ipse
1134 2814 1369 2869 volatum
1418 2798 1701 2888 i'ncmperit
1729 2834 1744 2884 ;
1768 2816 1861 2888 qui
1897 2832 2007 2872 non
2052 2818 2103 2875 al

2215 2824 2426 2898 οἴκησιν
2444 2842 2459 2856 ·
2478 2798 2576 2880 καί
2594 2824 2814 2898 οὐδεμία
2842 2798 3150 2897 προχείρως
3171 2798 3334 2889 ἔξεισι
3357 2798 3517 2895 πρὶννῆ
3539 2820 3610 2872 τδν
3629 2815 3692 2887 βξ

565 2899 674 2957 illis
694 2902 931 2974 eligitur,
954 2906 1047 2960 sed
1077 2914 1270 2962 natura
1284 2907 1526 2963 omnium
1556 2916 1705 2965 tenet
1731 2909 2104 2982 principatum,

2221 2912 2371 2969 σιλέα
2392 2913 2489 2985 τῆς
2520 2914 2769 2986 πτήσεως
2801 2912 3352 2986 κατάρξασθαι.”Εστι
3377 2912 3431 2966 δὲ
3455 2910 3609 2972 αὑταῖς
3628 2899 3692 2959 οὖ-

565 2997 775 3052 caeteris
811 2996 1005 3067 major,
1046 2996 1218 3054 forma
1244 3014 1562 3070 morumque
1590 2999 1809 3057 lenitate
1847 3002 1968 3058 illas
2002 3003 2104 3058 vin-

2152 3043 2186 3103 Β
2217 3021 2308 3069 τος
2333 3005 2740 3079 άχειροτόνητος
2767 3007 2831 3059 ὲκ
2861 3004 3076 3076 φύσεως
3115 3005 3254 3078 ἔχων
3277 3005 3371 3079 τὴν
3381 3001 3518 3103 ’κατὰ

569 3101 732 3155 cens;
759 3086 921 3143 habet
954 3089 1095 3143 enim
1124 3089 1390 3154 aculeum,
1422 3106 1531 3161 quo
1560 3098 1738 3147 tamen
1761 3091 1827 3147 ad
1852 3092 2108 3149 ulciscen-

2153 3086 2186 3103 υ
2219 3098 2413 3171 ἀρχὴν,
2449 3096 2687 3169 μεγέθει,
2714 3097 2809 3153 καὶ
2834 3097 3095 3169 σχήματι,
3119 3098 3215 3152 καὶ
3234 3099 3299 3170 τῇ
3320 3095 3405 3150 τοῦ
3424 3095 3559 3167 ήθους
3573 3087 3692 3163 πραό-

569 3177 699 3233 dum
729 3193 836 3233 non
869 3179 1057 3233 utitur.
1075 3179 1241 3237 Ceras
1261 3196 1329 3236 ex
1360 3182 1616 3238 arborum
1645 3192 1996 3256 satorumque
2023 3183 2108 3239 llo-

2215 3206 2338 3261 τητι
2387 3188 2657 3261 διαφέρων
2693 3187 2903 3243 αὐτῶν
2935 3188 3049 3243 ἐστι
3084 3189 3185 3261 μὲν
3228 3189 3334 3261 γὰρ
3354 3188 3545 3259 κέντρον
3571 3178 3688 3249 αὐτῷ.

568 3270 720 3327 ribus
752 3271 1087 3344 confingunt,
1116 3280 1171 3329 et
1219 3288 1414 3345 aquam
1445 3284 1733 3347 guttasque
1765 3276 1939 3332 instar
1967 3279 2107 3334 roris

2216 3275 2328 3330 ἀλλ’
2360 3276 2421 3329 οὐ
2449 3277 2644 3349 χρῆται
2674 3275 2847 3349 τούτῳ
2870 3277 3006 3349 πρὸς
3044 3279 3276 3350 ἄμυναν.
3304 3278 3563 3346 Συνάγονσι
3584 3272 3625 3324 δὲ
3647 3270 3690 3321 ἐκ

566 3360 790 3417 ﬂoribus
823 3362 1094 3429 diffusam,
1116 3382 1210 3420 ore
1240 3367 1617 3434 convehentes,
1636 3384 1878 3423 cerarum
1895 3368 2105 3424 alveolis

2213 3366 2321 3419 τῶν
2352 3365 2525 3421 ἀνθῶν
2556 3367 2649 3420 τὸν
2688 3367 2856 3438 κηρὸν
2882 3369 2937 3420 αἱ
2972 3367 3250 3438 μέλισσαι,
3284 3368 3378 3422 καὶ
3410 3368 3497 3438 τὴν
3523 3365 3690 3434 δροσοει-

569 3461 900 3523 exonerant;
932 3455 1059 3510 hinc
1092 3458 1359 3529 principio
1393 3459 1671 3514 humidum
1713 3468 1815 3525 est,
1852 3460 1945 3517 sed
1979 3469 2108 3516 tem-

2210 3454 2317 3521 δὼς
2359 3458 2763 3530 ὲνεσπαρμένην
2812 3459 2991 3512 νοτίδα
3036 3462 3153 3525 τοῖς
3186 3458 3403 3513 ἄνθεσιν
3430 3456 3497 3529 τῷ
3526 3453 3685 3522 στόματι

569 3557 701 3612 pore
722 3544 1029 3602 hominibus
1058 3563 1159 3602 usu
1188 3547 1416 3614 efﬁcaci,
1466 3559 1787 3605 maturatum
1832 3550 2108 3607 dulcescit.

2222 3549 2679 3621 ὲπισπασάμεναι,
2696 3553 2813 3615 ταῖς
2837 3550 3111 3625 κοιλρτησι
3132 3552 3240 3606 τῶν
3262 3551 3435 3624 κηρῶν
3452 3546 3578 3617 αἰπήν
3590 3540 3689 3596 ἐνιᾶ-

572 3632 744 3692 Mellis
774 3637 901 3692 item
933 3654 1141 3694 summa
1169 3642 1453 3712 prudentia
1474 3643 1760 3714 studioque
1781 3643 2111 3714 receptacula

2224 3657 2307 3694 σιν
2325 3657 2338 3672 θ
2369 3641 2489 3696 ὅθεν
2537 3642 2629 3696 καὶ
2677 3641 2840 3714 ὑγρόν
2869 3644 2981 3696 ὲστι
3009 3642 3110 3714 τήν
3139 3643 3330 3716 ἀρχὴν,
3363 3640 3467 3697 εἶτα
3485 3638 3545 3710 τῷ
3565 3634 3691 3707 κρύη)

570 3728 829 3795 condunt,
855 3745 1031 3788 ceram
1068 3732 1121 3787 iu
1166 3733 1574 3791 subtilissimam
1624 3735 1990 3790 membranam
2019 3751 2109 3790 ex-

2222 3734 2588 3805 καταπεφθὲν,
2621 3734 2717 3806 ἡδὺ
2742 3735 2967 3803 γίνεται,
3001 3736 3096 3789 καὶ
3120 3735 3411 3810 εὔχρηστον
3434 3738 3526 3796 τοῖς
3541 3726 3691 3798 ἀνθρὼ-

573 3817 1136 3893 tendentes;crebras
1168 3827 1534 3883 etcoutinuas
1582 3827 1824 3882 favorum
1882 3834 2112 3882 structu-

2226 3844 2366 3890 ποις.
2403 3826 2588 3896 Σαφῶς
2615 3826 2669 3879 δὲ
2697 3826 2790 3880 καὶ
2822 3826 2919 3891 τὰς
2963 3827 3250 3898 ἀποθήκας
3293 3822 3603 3898 φιλοτεχνοῦσι
3628 3814 3691 3871 τοῦ

572 3928 663 3969 ras
694 3914 1005 3977 conficiunt.
1047 3926 1105 3972 ut
1155 3920 1313 3974 simul
1349 3920 1603 3975 lateribus
1646 3918 1820 3974 affixas
1858 3917 2111 3974 haereant.

2226 3918 2472 3989 μέλιτοςο
2525 3922 2604 3984 είς
2649 3918 2841 3975 λεπτὸν
2869 3919 3042 3991 ὑμένα
3081 3921 3181 3974 τὸν
3219 3922 3380 3994 κηρὸν
3406 3916 3690 3973 διατείνουσα.

575 4008 780 4077 πυκνὰς
810 4011 902 4065 καὶ
947 4017 1184 4085 συνεχεῖς
1212 4016 1464 4089 ἀλλήλαις
1490 4019 1613 4082 τοὺς
1666 4015 1918 4088 σίμϐλους
1964 4013 2349 4085 οἰκοδομοῦσιν,
2404 4015 2479 4079 ὡς
2528 4014 2589 4070 τὸ
2616 4016 2806 4087 μικρὸν
2833 4016 2931 4086 τῆς
2981 4015 3090 4068 τῶν
3130 4016 3452 4089 μικροτάτων
3487 4008 3594 4083 πρὸς
3630 4001 3692 4056 ἀλ·

573 4100 709 4173 ληλα
731 4103 924 4169 δέσεως
951 4105 1245 4178 ἐδράζεται.

646 4196 894 4257 Locusta:
914 4216 1023 4255 uno
1045 4198 1313 4258 censensu
1341 4202 1582 4269 sublata,
1610 4210 1784 4258 terras
1807 4218 1903 4273 per
1929 4202 2116 4256 latitu-

2291 4198 2357 4251 Ai
2401 4196 2457 4251 δὲ
2487 4197 2702 4270 ἀκρίδες
2732 4197 2813 4252 ἑνὶ
2842 4197 3144 4269 συνθήματι
3178 4197 3317 4252 κατὰ
3352 4196 3405 4251 τὸ
3434 4193 3597 4254 πλάτος
3627 4188 3693 4257 τῆς

572 4287 755 4343 dinem
778 4290 1053 4356 infestant,
1083 4292 1436 4362 procedentes
1463 4308 1681 4363 campos
1706 4294 1840 4349 alios
1859 4293 2111 4349 fructibus

2155 4315 2198 4373 D
2224 4289 2406 4361 χώρας
2446 4289 2945 4361 στρατοπεδεύουσι.
2974 4290 3290 4360 Περιιοῦσαι
3318 4288 3370 4343 δὲ
3395 4287 3562 4360 ὁρῶσιν

574 4388 801 4436 onustos
827 4384 1190 4454 conspiciunt,
1218 4400 1319 4440 nec
1336 4392 1563 4454 tangunt
1594 4386 1832 4441 exitiosre
1854 4426 1869 4451 ,
1928 4385 2024 4441 sed
2053 4386 2113 4440 ad

2155 4368 2188 4373 -
2222 4383 2346 4453 λήῖα
2383 4380 2460 4452 τῷ
2489 4380 2684 4452 καρπῷ
2725 4382 2994 4454 βρίθοντα,
3022 4382 3118 4435 καὶ
3157 4383 3260 4436 οὐκ
3288 4381 3592 4451 ἐφάπτονται,
3615 4368 3691 4423 ἀλλ’

575 4472 887 4541 prtescripta
916 4472 1021 4528 illis
1051 4474 1168 4528 loca
1190 4488 1400 4528 summo
1434 4489 1573 4528 nexu
1609 4475 1959 4538 contendunt,
1987 4492 2114 4546 qua-

2226 4473 2319 4526 ὲπὶ
2345 4473 2434 4526 τὸν
2463 4472 2760 4545 ὡρισμένον
2782 4474 2969 4537 αὑταῖς
2996 4474 3158 4528 τόπον
3175 4473 3542 4537 σπουδάζουσιν,
3561 4465 3694 4529 ὥσπερ

575 4561 624 4614 si
651 4561 847 4618 divinis
864 4562 1110 4633 jussibus
1132 4562 1316 4633 pulsae,
1338 4579 1510 4633 neque
1534 4573 1818 4635 antequam
1843 4566 1949 4620 illis
1966 4565 2114 4619 detur

2227 4566 2293 4618 ὲκ
2331 4562 2471 4618 θείου
2516 4565 2929 4636 προστάγματος
2961 4566 3330 4636 ἐπειγόμεναι.
3362 4562 3459 4615 Καὶ
3484 4559 3534 4611 οὐ
3558 4552 3694 4624 πρότε-

578 4650 829 4718 facoltas,
860 4668 1067 4709 messes
1102 4654 1413 4725 fructusque
1451 4657 1735 4713 erodentes
1754 4665 1987 4712 vastant.
2020 4655 2117 4711 Eas

2233 4670 2321 4726 ρον
2344 4652 2435 4707 τοῦ
2462 4653 2670 4726 καρποῦ
2701 4654 2977 4715 ἅπτονται,
3006 4655 3132 4727 πρὶν
3161 4655 3195 4727 ἢ
3223 4654 3432 4725 δοθῆναι
3455 4649 3602 4705 αὐταῖς
3624 4640 3694 4709 τὴν

578 4745 808 4802 seleucis
828 4747 945 4801 avis
969 4747 1264 4803 insatiabili
1287 4748 1582 4803 voracitate
1611 4749 1855 4805 insecuta
1887 4788 1903 4815 ,
1936 4764 2117 4805 omnes

2231 4744 2589 4817 συγχώρησιν.
2623 4745 2930 4801 Μετέπειτα
2974 4746 3031 4800 δὲ
3073 4747 3263 4810 αὑταῖς
3305 4744 3517 4802 σελευκὶς
3543 4740 3693 4832 Em”?

576 4838 831 4895 absumit.
2230 4836 2526 4902 στέλλεται,
2557 4835 2649 4890 καὶ
2679 4837 2856 4900 πάσας
2880 4837 3147 4891 κατεσθίει
3175 4837 3360 4901 αὑτὰς,
3378 4832 3606 4903 ἀκόρεστον
3621 4834 3694 4889 την

1786 4970 1789 4971 ,
2233 4925 2390 4995 φύσιν
2419 4927 2632 4998 ἔχουσα.

646 5017 889 5084 Noctua,
913 5025 974 5072 ut
1009 5017 1208 5084 ferunt,
1262 5020 1435 5076 oculis
1464 5020 1697 5076 interdiu
1758 5021 1931 5095 caligo
1959 5021 2127 5079 oflen-

2304 5019 2414 5092 Τὴν
2444 5019 2654 5089 τλαῡκά
2695 5037 2824 5089 φασι
2874 5019 2973 5092 τὴν
3020 5020 3235 5092 ἡμέραν
3278 5010 3600 5091 ἀμαυροῦσθαι
3626 5002 3690 5072 τὴν

585 5108 744 5172 tlitur,
784 5116 948 5164 noctu
980 5123 1098 5164 eam
1127 5108 1249 5166 visu
1272 5110 1472 5167 valere.

2233 5111 2375 5182 ὄψιν,
2396 5110 2494 5183 τὴν
2524 5111 2581 5165 δὲ
2610 5110 2778 5165 νύκτα
2808 5109 3123 5182 ρώννυσθαι.

647 5199 783 5256 Cum
813 5202 1220 5271 vespertiliones
1264 5202 1505 5257 cubitum
1555 5209 1706 5269 eunt,
1760 5212 1947 5260 mutuo
1979 5220 2128 5260 com-

2315 5206 2507 5260 Ἠνίκα
2549 5206 2592 5260 δ’
2618 5207 2672 5259 αί
2720 5205 3024 5277 νυκτερίδες
3066 5203 3416 5265 καθεύδουσιν,
3446 5196 3497 5262 ἐξ
3518 5185 3686 5259 ἀλλήλω

580 5292 739 5362 plexu
770 5294 1196 5365 suspenduntur,
1220 5288 1274 5351 et
1302 5295 1349 5351 si
1377 5311 1535 5367 quem
1560 5296 1628 5350 ab
1646 5310 1711 5351 eo
1740 5295 1931 5352 ordine
1949 5296 2119 5354 divelli

2234 5295 2602 5371 ἀπήρτηνται’
2632 5296 2726 5348 καὶ
2744 5296 2791 5347 εἰ
2814 5294 2940 5365 μίαν
2970 5292 3146 5366 συμϐῇ
3171 5291 3267 5346 τοῦ
3284 5285 3683 5371 ὁρμαθοῦ

582 5384 886 5454 contigerit.
916 5387 1111 5459 reliqui
1138 5366 1446 5456 clamitant;
1479 5386 1667 5444 eadem
1696 5388 1812 5443 sola
1848 5392 2121 5444 volucrum

2235 5366 2424 5455 σθῆναι
2469 5383 2668 5448 αὐτῶν,
2695 5384 2752 5438 αί
2783 5384 2962 5438 λοιπαὶ
3003 5382 3351 5438 καταϐοῶσιν.
3388 5366 3682 5459 Μόνονᾶτίξν

583 5448 883 5547 quadrupes
908 5486 991 5535 est
1018 5448 1071 5535 et
1092 5478 1342 5539 dentibus
1372 5448 1609 5536 fulcitur.

2234 5448 2493 5530 πετεινῶν
2515 5477 2868 5545 τετρασκελές
2894 5477 3141 5548 ὑπάρχει,
3166 5474 3259 5531 καὶ
3290 5470 3455 5525 ὀδοῦσι
3478 5448 3686 5517 κατακειέ⁶

2235 5584 2454 5639 σμηται.
3644 5629 3663 5643 ⁸

655 5648 867 5707 Cicada
889 5650 1059 5710 imbre
1081 5664 1423 5728 generantur,
1453 5665 1505 5713 et
1537 5658 1937 5725 obmutescunt,
1961 5675 2127 5733 quan-

2272 5626 2285 5639 .
2306 5626 2369 5712 όὶ
2389 5658 2443 5712 δὲ
2464 5659 2699 5730 τέττιγες
2727 5661 2784 5714 ὲν
2803 5658 3074 5732 ὲπομδρίᾳ
3098 5657 3345 5728 γίνονται,
3376 5626 3682 5722 ἡσυχάζωνδὲ
