1981 3101
121 167 176 195 75⁸7

567 159 701 188 SPURIA.
722 173 757 179 —-
774 155 952 185 COMMENT.
974 154 1007 182 ΙΝ
1027 153 1274 182 IIEXAEMERON.

1672 151 1726 180 758

119 224 227 260 καιρὸν,
240 221 330 257 ἐπειδὴ
344 222 377 256 τῇ
388 220 473 256 δρόσῳ
491 219 650 254 πήγνυνται.
667 216 797 252 Πλήττειν
814 214 841 241 δέ
856 213 902 241 καὶ
916 242 918 246 ,

972 219 987 239 ο
998 220 1057 239 rore
1068 214 1246 239 concrescunt
1256 219 1262 244 ;
1274 217 1367 238 earum
1387 209 1436 237 alis
1454 211 1482 237 et
1496 212 1604 236 cantum
1615 212 1642 236 et
1655 213 1728 237 stre-

121 271 197 307 ᾅδειν
212 268 241 295 τὸ
253 266 350 303 πτερόν
365 265 452 293 αὐτῶν
462 265 603 299 φάσκουσι.

161 327 199 361 Τῇ
209 325 235 351 δὲ
247 325 312 359 ἕκτῃ
320 324 336 358 ὴ
341 322 412 358 μέρξ.
421 320 581 357 προσέταξεν
589 321 603 346 ό
613 319 677 351 Θεὸς
684 318 839 353 ἐξαγαγεῖν
847 317 903 352 τὴν

122 373 182 408 τῆν
196 369 267 397 κατὰ
279 369 365 403 γένος
376 367 547 401 τετράποδα,
565 365 612 392 καὶ
626 366 742 399 ἑρπετὰ,
756 364 803 390 καὶ
819 364 903 397 θηρία

124 418 177 451 τῆς
192 415 314 452 τῆς,καὶ
328 414 363 441 τὰ
379 413 482 447 κτήνη,
497 413 545 439 καὶ
555 412 651 439 πάντα
662 413 697 438 τὰ
715 411 841 445 ἓρποντα
855 409 903 435 ἐπὶ

124 462 177 496 τῆς
189 461 244 497 γῆς
251 461 324 487 κατὰ
337 459 432 494 γένος,
446 459 491 485 καὶ
501 457 625 493 παρήχθη
635 456 732 487 εὐθέως
746 457 783 486 εἰς
792 455 822 481 τὸ
836 453 904 481 εἶναι

124 509 225 539 πάντα,
236 508 306 542 ἆπερ
316 504 405 538 κοινὴν
418 504 465 539 μὲν
476 503 513 538 τῷ
524 502 656 537 ἀνθρώπῳ
667 502 715 536 τῆς
730 501 834 536 φύσεως
850 500 904 535 ἔχει

126 555 175 590 τὴν
186 553 321 588 αἴσθησιν,
334 551 363 577 ού
377 551 427 586 μὴν
440 550 467 576 δὲ
478 549 537 584 ἴσην
549 549 594 575 καὶ
605 547 652 583 τὴν
663 547 748 582 ψυχὴν
761 547 905 581 κέκτηνται

128 602 227 634 ζῶντα,
243 600 289 627 καὶ
309 599 453 634 κινούμενα
475 597 589 631 κίνησιν,
605 596 638 631 ἣν
659 596 676 630 ὴ
695 594 838 629 ἀρχέγονος
859 593 905 619 τοῦ

128 649 244 683 αἵματος
264 646 343 681 φύσις
359 646 469 680 χορηγεῖ
481 643 519 678 τῷ
535 642 666 678 πνεύματι
686 641 732 667 τοῦ
752 641 849 672 ἔξωθεν
867 640 908 666 ἀὲ-

131 703 176 730 ρος
188 692 427 728 κιρναμένη.Ἔστι
446 691 474 716 δὲ
497 691 543 716 καὶ
565 690 592 715 ἐν
611 689 700 719 αὐτοῖς
714 688 765 723 ἢθη
782 687 905 723 διάφορα,

129 741 179 776 τὴν
204 741 336 775 Πρόνοιαν
361 737 407 764 τοῦ
435 736 501 763 Θεοῦ
519 735 714 770 αἰνιττόμεναι·
735 735 782 761 καὶ
794 734 847 770 γὰρ
863 734 908 760 καὶ

129 787 216 813 ταῦτα
239 786 268 812 οὺ
293 785 395 820 μικρῶς
415 783 515 817 ταύτην
532 781 748 816 συνίστησιν.”Ως
767 780 821 816 γὰρ
840 779 908 814 σοφὴ

130 833 186 860 τῶν
199 832 318 868 βλαστῶν
333 832 350 867 ἡ
364 830 539 867 καρπογονία,
552 829 598 855 καὶ
616 828 721 864 ἄστρων
734 826 851 859 εὐταξία,
863 826 909 852 καὶ.

131 878 218 913 ἡλίου,
236 877 282 904 καὶ
297 876 409 912 σελήνης
422 875 576 906 ἁνυπαίτιος
591 873 698 909 δρόμος,
715 873 762 899 καὶ
776 871 909 906 θαλάσσης

132 925 202 959 ὅρων
218 923 315 958 θεσμὸς
331 923 366 958 μὴ
382 922 598 957 ὺπερισταμένης
612 921 660 956 τὴν
683 920 811 955 Πρόνοιαν
831 919 910 944 ἀναν-

131 968 269 1004 τιρῤἡτως
288 968 463 1003 μαρτύρεται·
475 966 559 998 οὕτως
570 967 616 993 καὶ
631 967 647 1000 ἡ
662 965 713 992 τῶν
726 964 800 996 ζώων
814 963 910 998 ἰδιότης

132 1015 164 1041 τὸ
177 1014 381 1050 ἀπαράλλακτον
396 1014 443 1048 τῆς
462 1013 563 1045 τάξεως
580 1012 768 1046 ἐνδεικνυμένη
785 1010 833 1045 τὴν
847 1009 913 1045 Πρό-

134 1069 209 1087 νοιαν
231 1060 302 1096 μάλα
317 1059 407 1093 σαφῶς
426 1059 563 1096 κηρύττει,
574 1058 698 1093 καθάπερ
714 1056 786 1092 ψυχὴ
803 1055 913 1082 κινοῦσα

135 1105 183 1133 τοῦ
202 1106 304 1141 κόσμου
325 1106 414 1132 πᾶσαν
433 1106 482 1140 τὴν
497 1105 632 1132 σύστασιν.
650 1103 704 1130 Καὶ
715 1102 914 1136 καταγέλαστος

136 1152 171 1178 ἂν
186 1150 229 1186 εἴη
245 1152 298 1183 πᾶς
312 1152 326 1178 ὀ
341 1150 485 1182 ἐκϐάλλων,
501 1150 554 1177 τῶν
569 1149 705 1185 στοιχείων
719 1148 844 1175 ἁπάντων
855 1148 916 1182 ὀμο-

137 1197 285 1231 λογούντων
300 1196 397 1232 αὐτήν·
415 1197 450 1232 γῆ
468 1196 515 1231 μὲν
527 1196 592 1232 πρὸς
604 1194 767 1230 φυτουργίαν
778 1194 827 1220 οὐκ
840 1194 916 1220 ἀπει-

138 1242 232 1274 θοῦσα,
248 1242 322 1278 ἥλιός
334 1251 373 1275 τε,
391 1243 436 1269 καὶ
452 1242 560 1278 σελήνη,
574 1241 662 1268 καὶτὰ
677 1240 756 1267 λοιπὰ
768 1240 853 1275 ἄστρα
869 1238 915 1265 τοῦ

138 1289 321 1324 προσήκοντος
340 1289 438 1324 δρόμου
461 1288 498 1324 μὴ
521 1287 670 1319 στείλαντα,
688 1286 805 1313 θάλαττα
819 1285 917 1312 κανόνα

138 1333 295 1369 προσταγῆς
305 1334 354 1369 οὐχ
364 1333 570 1369 ὑπερϐαίνουσα,
580 1332 666 1367 νηκτὰ
678 1332 706 1358 δέ
718 1331 763 1358 καὶ
773 1330 916 1366 ιίιεροπόλα⁹

138 1379 186 1406 καὶ
196 1381 310 1415 χερσαῖα
320 1379 369 1414 τῆς
382 1378 556 1414 ὀφειλομένης
567 1377 660 1414 χρείας
666 1378 714 1412 οὐχ
724 1377 785 1403 ὑστε
790 1376 835 1413 ρού
840 1384 916 1411 μενα.

137 1424 202 1456 Πῶς
224 1423 271 1453 οὖν
294 1425 343 1452 οὐκ
359 1425 448 1457 ἄδικος
471 1425 518 1451 καὶ
534 1425 626 1460 ἄφρων
639 1424 653 1450 ὀ
664 1423 775 1450 καθόλου
792 1422 839 1458 τὴν
853 1421 919 1457 Πρό-

138 1479 214 1497 νοιαν
226 1470 454 1506 παραιτούμενος;
468 1469 533 1496 “Ποῦ
548 1470 624 1503 λόγος
637 1470 694 1505 ἐρεῖ
708 1468 827 1504 τεχνικὸν
840 1468 918 1503 ἔργον

142 1517 179 1552 μὴ
201 1516 475 1552 ἀπαυτοματίζεσοαι,
500 1516 567 1552 πρὸς
582 1515 734 1550 ἐπιστήμης
756 1514 784 1540 δὲ
803 1513 836 1540 τὰ
852 1512 920 1547 σοφὰ

141 1562 210 1599 ἔργα
223 1563 419 1589 ἀποτελεῖσθαι·
438 1563 534 1589 αὐτίκα
555 1561 619 1596 γοῦν
640 1560 856 1597 ἀνδριαντοποιοῦ
879 1560 920 1586 ἑν-

953 258 1038 293 pilum
1053 258 1095 286 edi
1107 262 1273 286 aSSeverant.

989 326 1070 354 Sexto
1081 326 1124 353 die
1134 326 1216 360 jussit
1225 325 1295 352 Deus
1307 325 1446 360 producere
1461 330 1556 352 terram
1564 323 1731 359 quadrupede

954 373 1093 400 secundum
1108 380 1198 407 genus,
1215 377 1239 398 et
1253 372 1367 406 reptilia,
1386 377 1409 398 et
1431 372 1525 398 bestias
1546 375 1632 401 teme,
1646 375 1670 396 et
1685 371 1731 404 ju-

954 424 1051 450 menta,
1071 423 1094 445 et
1107 419 1195 445 omnia
1217 419 1346 452 serpentia
1374 426 1449 452 super
1469 423 1576 450 terram,
1590 417 1731 444 secundum

953 473 1032 500 genus
1049 465 1080 496 ²⁶,
1093 469 1119 492 ct
1132 466 1221 492 statim
1234 465 1323 492 omnia
1337 464 1467 499 producta
1479 466 1552 495 sunt,
1580 467 1608 490 ut
1629 468 1731 495 essent,

955 519 1014 546 qua:
1032 518 1201 539 communem
1220 519 1280 538 cum
1296 512 1405 539 homine
1434 515 1537 538 natura:
1550 517 1658 537 sensum
1684 510 1732 536 lia-

956 557 1029 588 bent,
1043 557 1092 584 etsi
1107 564 1160 583 non
1175 557 1289 584 similem
1300 558 1415 584 animam
1432 557 1597 592 possideant,
1609 556 1734 590 quamvis

956 603 1058 633 vivant,
1071 607 1097 629 et
1109 607 1192 634 motu,
1208 611 1286 638 quem
1298 603 1383 637 prima
1400 603 1540 638 sanguinis
1553 607 1658 633 natura,
1671 609 1734 629 cum

957 649 1099 676 ambientis
1113 649 1183 676 aeris
1192 649 1286 684 spiritu
1294 649 1593 684 misceatur,elargitur,
1607 657 1735 676 movran-

957 697 1012 725 tur,
1025 694 1270 729 diversissimisque
1284 695 1337 721 sint
1352 696 1421 722 inter
1431 703 1460 722 se
1476 695 1605 727 moribus,
1616 694 1735 721 divinam

958 738 1161 766 Providentiam
1178 740 1390 771 insinuantilms,
1405 748 1466 767 nam
1488 744 1514 766 et
1530 740 1585 766 lucc
1611 739 1645 766 ad
1674 747 1735 766 eam

960 785 1197 813 commendandam
1209 785 1323 813 maxime
1333 786 1495 813 conducunt.
1507 785 1736 818 Quemadmodum

959 832 1029 858 enim
1043 832 1195 866 germinum
1210 832 1318 866 sapiens
1335 836 1361 858 et
1374 832 1465 859 varius
1476 833 1589 862 fructus,
1605 835 1631 858 et.
1646 835 1738 858 rectus

962 881 1096 903 astrorum
1109 876 1183 909 ordo,
1203 880 1229 903 ct
1241 877 1305 904 solis
1317 877 1438 911 lunzequc
1450 884 1547 904 cursus
1573 876 1737 910 inculpatus,

961 923 1097 957 marisque
1108 922 1285 949 terminorum
1310 923 1350 950 lex
1377 923 1513 953 inviolata,
1538 922 1738 949 Providentiam

961 976 1016 995 non
1042 972 1225 1003 repugnanter
1244 968 1438 1001 testiﬁcantur;
1468 968 1508 995 sic
1533 971 1559 995 et
1582 967 1739 995 animalium

963 1014 1124 1049 proprietas,
1135 1013 1292 1048 ordinisque
1309 1018 1436 1048 perpetua
1452 1019 1478 1041 et
1493 1021 1628 1048 nunquam
1641 1013 1740 1040 immu-

963 1061 1018 1086 tata
1030 1061 1125 1091 series,
1139 1061 1206 1087 satis
1227 1059 1300 1086 clare
1325 1058 1523 1086 Providentiam
1538 1058 1740 1090 demonstrans,

964 1105 1041 1140 quasi
1061 1113 1148 1140 praeco
1167 1105 1333 1140 pronuntiat,
1352 1108 1479 1139 tanquam
1506 1112 1611 1131 animus
1634 1111 1742 1131 omnem

964 1150 1034 1178 hanc
1048 1150 1140 1177 mundi
1157 1157 1268 1177 movens
1284 1153 1459 1177 structuram.
1476 1149 1507 1175 Et
1522 1156 1587 1176 sane
1612 1149 1743 1176 ridiculus

965 1200 1036 1224 esset
1047 1196 1093 1231 qui
1108 1203 1166 1223 eam
1183 1196 1337 1231 denegaret,
1352 1195 1492 1223 elementis
1506 1195 1630 1222 onmibus
1645 1196 1745 1223 conﬁr-

965 1243 1113 1274 mantibus,
1132 1246 1204 1269 terra
1214 1242 1320 1278 quidem
1334 1240 1366 1268 ad
1380 1241 1485 1269 fructus
1503 1241 1627 1269 ferendos
1638 1240 1746 1269 obtem-

967 1293 1052 1323 perat,
1068 1289 1108 1315 sol
1125 1292 1151 1316 et
1164 1289 1238 1321 luna,
1257 1292 1283 1316 et
1302 1289 1406 1323 reliqua
1431 1288 1520 1316 sidera
1548 1295 1563 1314 a
1586 1294 1669 1315 cursu
1695 1287 1746 1315 sibi

967 1333 1145 1361 conveniente
1156 1341 1294 1368 nunquam
1316 1333 1461 1364 desistunt,
1484 1341 1557 1361 mare
1582 1333 1667 1369 legem
1695 1332 1747 1360 sibi

967 1380 1152 1415 praescriptam
1167 1380 1350 1415 incorruptam
1361 1380 1488 1411 custodit,
1504 1379 1630 1407 animalia
1645 1378 1747 1410 omnia,

969 1425 1025 1452 sive
1035 1426 1113 1460 aquis
1131 1428 1234 1457 natent,
1248 1425 1304 1452 sive
1316 1433 1377 1453 aere
1388 1425 1487 1457 volent,
1499 1426 1556 1452 sive
1575 1429 1645 1451 terra
1661 1423 1749 1450 feran-

969 1477 1022 1504 tur.
1039 1481 1173 1508 nusquam
1189 1474 1215 1500 in
1227 1474 1322 1501 usibus
1338 1473 1399 1501 vita:
1419 1473 1580 1501 necessariis
1595 1472 1749 1500 destituun-

970 1522 1023 1546 tur.
1061 1518 1202 1551 Quomodo
1240 1519 1325 1554 igitur
1354 1527 1408 1546 non
1448 1520 1500 1546 erit
1527 1524 1553 1547 et
1581 1526 1596 1546 a
1624 1519 1747 1554 justitia,

971 1567 997 1590 et
1012 1564 1046 1591 ab
1056 1564 1129 1591 omni
1145 1565 1258 1591 consilio
1275 1565 1390 1596 alienus.
1403 1565 1448 1599 qui
1474 1565 1580 1600 penitus
1603 1564 1637 1592 de
1661 1565 1749 1592 medio

140 1595 215 1635 vot‘av
227 1609 413 1645 λαμϐάνομεψ
434 1609 523 1635 εἰκόνα
540 1595 568 1635 δέ
583 1595 750 1644 περικαλλῶς
764 1607 918 1642 γεγραμμέ-

971 1607 1170 1636 Providentiam
1187 1610 1272 1636 tollit?
1285 1595 1491 1643 Quaenam-ratio
1506 1611 1530 1637 id
1546 1610 1664 1642 docebit,
1684 1610 1750 1636 arti-

140 1664 191 1691 νην
205 1656 365 1687 κατιδόντες,
377 1655 421 1682 τὸν
433 1655 534 1691 ταύτης
547 1656 653 1691 γραφέα
668 1653 838 1689 θαυμάζομεν
849 1661 855 1668 ·
872 1653 922 1687 νῆα

140 1702 169 1729 δὲ
196 1702 326 1737 ἐντέχνως
349 1702 487 1738 ἐπιστήμῃ
510 1700 763 1735 κατεσκευασμένην
784 1699 899 1734 ὁρῶντες
914 1717 921 1729 ,

142 1748 282 1783 ναυπηγὸν
299 1746 469 1782 ἐπαινοῦμεν.
484 1748 514 1774 Εἰ
530 1747 551 1773 δ’
570 1747 644 1774 αὐτοὶ
657 1746 767 1781 τεχνικὰ
779 1745 846 1780 ἔργα
856 1743 923 1770 Θεώ-

144 1803 221 1830 μενοι
236 1794 280 1821 τὸν
296 1794 430 1829 ἐμμουσον
446 1794 567 1830 τεχνίτην
583 1792 759 1827 γινώσκομεν,
779 1791 804 1817 τί
827 1788 872 1817 οὖν
894 1790 924 1816 οὐ

144 1840 246 1876 μᾶλλον
268 1841 316 1876 τὴν
337 1842 443 1868 πάντων
467 1841 550 1875 σοφὴν
573 1840 701 1875 Πρόνοιαν
725 1839 753 1864 ἐν
775 1836 923 1871 καταλήψει

141 1885 262 1921 ἱξοιμεν,
281 1886 409 1921 ὀφθαλμῷ
432 1885 549 1912 διάνοιαν
564 1884 607 1911 διὰ
627 1883 680 1910 τῶν
697 1882 923 1917 ἐστοιχειωμένων

142 1932 249 1967 κόσμου
273 1932 373 1968 μερῶν,
398 1932 584 1967 ἐπιστημόνως
601 1929 791 1964 τεταγμένων;
814 1928 855 1954 Τὰ
870 1927 923 1963 γὰρ

142 1977 203 2013 εἴδη
228 1978 274 2004 καὶ
300 1979 424 2013 σχήματα
442 1978 519 2005 ἱκανὰ
535 1977 665 2012 γνωρίσαι
685 1976 731 2002 τὸν
752 1974 885 2009 τεχνίτην,
900 1975 924 2000 εἰ

144 2024 193 2050 καὶ
210 2024 280 2059 λόγῳ
292 2024 326 2051 τὰ
340 2024 546 2060 ἐστοιχειωμένα
565 2023 668 2058 σιωπὴν
693 2022 763 2056 ἄγει.
784 2020 856 2047 Φιλεϊ
871 2019 924 2054 γὰρ

143 2069 181 2096 τὰ
202 2070 270 2107 πρός
288 2079 360 2102 τινος
381 2071 554 2106 μορφωθέντα
568 2070 613 2096 τὸν
631 2067 819 2104 κεκοσμηκότα
832 2065 926 2102 όμολο-

143 2117 214 2150 γείν.

973 1654 1094 1682 ﬁciosum
1103 1663 1171 1690 opus
1183 1660 1293 1687 temere,
1304 1655 1468 1690 fortunaque
1481 1656 1613 1691 produci?
1627 1656 1676 1684 Ubi
1686 1664 1751 1692 pru-

974 1697 1227 1735 dentia'perfectum
1244 1704 1270 1727 et
1292 1701 1460 1728 elaboratum
1487 1709 1555 1736 opus
1580 1703 1754 1737 conspexeri-

975 1753 1048 1779 mus,
1065 1746 1124 1780 ejus
1141 1746 1270 1773 artiﬁcem
1286 1750 1375 1774 mente
1402 1748 1580 1781 revolvimus;
1607 1748 1751 1784 imaginem

975 1792 1154 1827 pulcherrime
1169 1792 1267 1827 pictam
1284 1793 1383 1825 intuiti,
1399 1794 1459 1828 ejus
1480 1794 1609 1828 pictorem
1634 1796 1754 1823 admira-

975 1846 1035 1865 mur
1045 1847 1051 1869 ;
1063 1847 1158 1866 navem
1165 1839 1311 1867 artiﬁciose
1324 1839 1522 1875 prudenterque
1532 1847 1697 1876 compactam
1712 1843 1753 1870 vi-

975 1884 1080 1915 dentes,
1092 1892 1244 1920 naupcgum
1257 1885 1489 1913 commendamus.
1500 1885 1527 1912 Si
1543 1885 1684 1921 igiturnos
1700 1887 1753 1923 ipsi

976 1938 1058 1966 opera
1070 1936 1127 1958 arte
1142 1932 1266 1959 confecta
1282 1937 1424 1960 cernentes
1440 1933 1467 1960 in
1487 1934 1667 1969 cognitionem
1689 1942 1754 1969 pru-

976 1976 1066 2004 dentis
1083 1977 1194 2005 artiﬁcis
1208 1978 1376 2011 devenimus,
1390 1987 1505 2015 quanam
1522 1981 1626 2009 ratione
1647 1981 1754 2016 sapien-

976 2026 1030 2049 tem
1051 2030 1140 2050 rerum
1152 2024 1272 2051 omnium
1290 2024 1500 2058 Providentiam,
1518 2026 1641 2060 partibus
1661 2028 1754 2054 mundi

977 2068 1171 2096 elementorum
1187 2078 1238 2105 ope
1253 2070 1376 2098 conﬂatis
1387 2076 1512 2106 recteque
1519 2071 1668 2107 dispositis,
1679 2081 1756 2100 men-

978 2113 1013 2141 tis
1028 2115 1115 2143 oculis
1133 2123 1187 2143 non
1200 2116 1478 2151 comprehendamus?
1506 2117 1578 2146 Satis
1602 2119 1675 2146 enim
1692 2125 1756 2147 sunt

144 2167 174 2191 et
188 2163 303 2198 species,
319 2168 345 2191 et
363 2163 465 2195 formae,
481 2168 633 2198 cmtcraque
654 2170 688 2190 ex
702 2161 842 2190 elementis
869 2159 1029 2193 composita,
1058 2162 1109 2189 etsi
1127 2162 1234 2190 silentio
1263 2163 1411 2198 indulgent.
1436 2163 1468 2191 ad
1490 2171 1584 2191 eorum
1607 2164 1686 2193 nobis
1712 2172 1755 2192 ar—

146 2209 248 2237 tiﬁcem
262 2210 496 2239 manifestandum.
514 2210 606 2238 Solent
616 2210 715 2238 etenim
731 2216 773 2236 res
788 2209 821 2235 ab
831 2206 922 2241 aliquo
935 2206 1057 2235 conﬁctae
1074 2214 1213 2243 parentem
1224 2213 1251 2238 et
1262 2209 1436 2238 formatorem
1450 2208 1536 2237 effari.

184 2269 290 2305 Ὠσπερ
312 2269 341 2295 δὲ
360 2268 414 2295 τῶν
440 2268 577 2304 στοιχείων
597 2269 613 2304 ἡ
637 2268 762 2300 σύστασις
787 2266 918 2303 σαφηνίζς

1012 2266 1144 2295 Caeterum
1152 2267 1378 2303 quemadmodum
1393 2268 1586 2296 elementorum
1597 2268 1756 2296 constitutio

148 2315 198 2351 τὴν
214 2315 354 2352 Πρόνοιαν,
378 2315 448 2342 οὕτω
464 2316 511 2342 καὶ
525 2317 542 2351 ἡ
554 2315 606 2342 τῶν
621 2315 696 2348 ζώων
712 2316 837 2351 διάφορος
851 2315 929 2350 φύσις

148 2361 198 2397 τὴν
213 2361 311 2396 γνῶσιν
327 2362 426 2398 ταύτης
438 2363 593 2398 παρέχεται.
610 2363 790 2397 Συγγεννᾱται
814 2362 862 2397 μὲν
877 2362 930 2396 γὰρ

148 2409 162 2434 ὀ
177 2408 263 2443 Θυμδς
276 2407 312 2443 τῷ
323 2408 419 2440 λέοντι,
438 2408 483 2434 καὶ
502 2408 558 2434 ἔστι
571 2408 728 2443 μοναστικὺς
739 2410 752 2435 ὀ
769 2408 824 2444 βίος
838 2408 929 2440 αὑτοῦ,

149 2453 239 2479 οὐδενὶ
250 2452 302 2479 τῶν
315 2452 390 2485 ζώων
402 2452 545 2483 κοινωνῶν,
559 2453 618 2479 οὐδὲ
629 2452 721 2488 χθιζην
731 2453 832 2488 τροφὴν
844 2452 931 2488 προϊέ-

152 2506 244 2533 μενος,
261 2497 328 2524 ἁλλὰ
342 2499 495 2534 πρόσφατον
505 2507 512 2514 ·
527 2498 614 2531 ὀξεῖαν
629 2498 656 2524 δὲ
672 2498 727 2533 ἔχει
738 2498 785 2533 τὴν
796 2498 928 2534 αἴσθησιν,

150 2544 200 2571 καὶ
225 2544 320 2571 θᾶττον
343 2545 392 2580 τῆς
415 2545 502 2580 ὀσμῆς
517 2545 570 2571 τῶν
585 2544 751 2580 θηρευόντων
765 2545 929 2577 αἰσθάνεται,

150 2591 200 2617 καὶ
213 2590 305 2626 δρόμῳ
326 2591 419 2625 φεύγει
433 2590 479 2616 ἐπὶ
493 2590 523 2617 τὸ
538 2591 676 2625 σπήλαιον,
691 2590 724 2617 τὰ
737 2591 796 2626 ἴχνη
819 2592 850 2626 τῇ
866 2591 930 2626 σοϐῇ

150 2636 326 2671 περισαίνων,
333 2637 406 2668 ὅπως
415 2636 583 2670 καλυφθέντα
591 2637 641 2663 ὑπὸ
653 2637 701 2671 τῆς
710 2637 808 2668 κόνεως
816 2637 931 2672 ἀνίχνευ-

150 2689 198 2708 cev
214 2682 271 2712 τοῖς
288 2680 430 2716 θηρευταῖς
444 2681 657 2716 καταστήσωσιν.
674 2681 764 2717 Πηρὺς
782 2681 809 2707 δέ
823 2680 904 2707 αὑτοῦ
917 2681 931 2707 ό

153 2726 274 2761 σκύμνος
286 2726 415 2759 τίκτεται,
431 2727 478 2753 καὶ
492 2728 566 2762 τρεῖς
581 2727 687 2763 ἡμέρας
700 2727 752 2753 ὑπὸ
766 2727 816 2762 τῆς
825 2727 931 2762 λεαίνης

153 2773 326 2808 φυλάττεται,
337 2773 384 2799 καὶ
395 2772 477 2799 ἐλθὼν
492 2773 570 2804 αὐτὸς
578 2773 630 2799 ἀπὸ
643 2773 692 2808 τῆς
705 2772 800 2808 θήρας,
811 2773 932 2808 ἐμφυσή-

155 2828 204 2852 ea;
225 2819 304 2846 αὑτὸν
321 2820 361 2851 είς
383 2819 413 2846 τὸ
432 2820 589 2855 πρόσωπον,
608 2819 739 2855 βλέποντα
762 2819 841 2846 αὐτὸν
860 2818 932 2852 ἐξαν-

191 2899 213 2916 ¹⁸
233 2898 298 2929 Gen.
312 2907 333 2932 ι,
347 2899 392 2931 21,
408 2899 449 2934 26.¹

979 2311 1178 2340 Providentiam
1192 2314 1361 2349 perspicuam
1378 2313 1452 2346 facit,
1477 2315 1516 2342 sic
1545 2318 1572 2342 et
1598 2315 1755 2343 animalium

980 2359 1055 2385 varia
1068 2363 1177 2391 natura,
1194 2359 1253 2394 ejus
1266 2359 1345 2386 nobis
1357 2359 1538 2394 cognitionem
1548 2360 1655 2396 ingerit.
1670 2360 1757 2388 Gene-

980 2405 1080 2432 rositas
1096 2405 1166 2431 enim
1178 2409 1204 2432 et
1216 2405 1354 2432 iracundia
1368 2413 1420 2432 una
1431 2413 1492 2432 cum
1506 2406 1583 2434 leone
1595 2412 1755 2439 nascuntur,

981 2451 1073 2486 illique
1088 2450 1205 2478 solitudo
1220 2455 1247 2478 et
1268 2459 1392 2479 recessus
1407 2450 1494 2479 amica
1510 2456 1584 2484 sunt,
1613 2460 1697 2488 seque
1720 2461 1753 2480 ex

981 2497 1137 2523 animalium
1155 2496 1305 2532 frequentia
1318 2498 1405 2531 tollit;
1417 2498 1494 2525 cibos
1509 2498 1635 2525 hesterna
1658 2498 1702 2526 die
1713 2506 1758 2525 ar-

981 2546 1071 2576 reptos
1086 2543 1201 2578 respuit,
1218 2544 1383 2570 recentiores
1396 2542 1513 2588 eaj‘ssit
1526 2552 1533 2576 ;
1545 2551 1627 2571 sensu
1653 2544 1757 2571 acerri-

981 2595 1026 2614 mo
1040 2593 1092 2620 est,
1109 2588 1304 2623 celerrimoque
1321 2589 1404 2616 odore
1423 2589 1539 2623 quodam
1553 2594 1683 2617 venantes
1699 2597 1759 2617 sen-

980 2633 1024 2665 tit,
1039 2641 1175 2669 cursuque
1188 2633 1274 2661 fertur
1284 2635 1311 2661 in
1325 2635 1622 2671 spetuncam,vestigiis
1636 2639 1758 2663 recenter

981 2678 1122 2714 impressis
1136 2679 1222 2706 cauda
1239 2679 1400 2715 deturpatis,
1414 2683 1443 2707 ut
1465 2680 1518 2707 illis
1537 2680 1648 2715 pulvere
1672 2681 1756 2708 obvo-

981 2724 1057 2757 Iutis,
1071 2729 1214 2753 venatores
1246 2731 1444 2761 consequentes
1470 2726 1590 2761 effugiat.
1618 2726 1759 2754 Caecusil-

981 2770 1035 2798 lius
1057 2771 1162 2799 catulus
1177 2776 1321 2807 generatur
1331 2775 1358 2798 et
1373 2771 1460 2798 tribus
1478 2772 1572 2806 primis
1587 2772 1681 2800 diebus
1708 2779 1756 2799 cu-

982 2817 1069 2844 stodia
1087 2817 1176 2845 leaena:
1192 2821 1358 2852 asservatur,
1373 2817 1458 2845 donec
1475 2818 1519 2846 ille
1533 2825 1548 2845 a
1563 2819 1703 2847 venatione
1715 2826 1758 2846 re-
