  <div class='ocr_page' id='page_1' title='image "/cluster/home/n/w/nwhite01/storage/ocr_20150623/18/hvd.32044073501207/375.png"; bbox 0 0 3898 6196; ppageno 0'>
   <div class='ocr_carea' id='block_1_1' title="bbox 588 201 3677 280">
    <p class='ocr_par' dir='ltr' id='par_1_1' title="bbox 588 201 3677 280">
     <span class='ocr_line' id='line_1_1' title="bbox 588 201 3677 280; baseline 0.004 -21"><span class='ocrx_word' id='word_1_1' title='bbox 588 210 694 267; x_wconf 78' lang='lat'><strong>759</strong></span> <span class='ocrx_word' id='word_1_2' title='bbox 1438 205 1500 261; x_wconf 83' lang='lat' dir='ltr'><strong>S.</strong></span> <span class='ocrx_word' id='word_1_3' title='bbox 1539 203 1978 260; x_wconf 78' lang='lat' dir='ltr'><strong>EUSTATHIUS</strong></span> <span class='ocrx_word' id='word_1_4' title='bbox 2013 201 2491 264; x_wconf 78' lang='lat' dir='ltr'><strong>ANTIOCHENUS</strong></span> <span class='ocrx_word' id='word_1_5' title='bbox 2527 205 2920 268; x_wconf 81' lang='lat' dir='ltr'><strong>EPISCOPUS.</strong></span> <span class='ocrx_word' id='word_1_6' title='bbox 3601 225 3677 280; x_wconf 72' lang='grc' dir='ltr'><strong>τω</strong></span> 
     </span>
    </p>
   </div>
   <div class='ocr_carea' id='block_1_2' title="bbox 581 315 2120 411">
    <p class='ocr_par' dir='ltr' id='par_1_2' title="bbox 581 315 2120 392">
     <span class='ocr_line' id='line_1_2' title="bbox 581 315 2120 392; baseline -0.001 -17"><span class='ocrx_word' id='word_1_7' title='bbox 581 337 806 392; x_wconf 85' lang='lat' dir='ltr'><strong>gressus</strong></span> <span class='ocrx_word' id='word_1_8' title='bbox 828 321 884 375; x_wconf 90' lang='lat' dir='ltr'><strong>in</strong></span> <span class='ocrx_word' id='word_1_9' title='bbox 917 318 1107 374; x_wconf 78' lang='lat' dir='ltr'><strong>faciem</strong></span> <span class='ocrx_word' id='word_1_10' title='bbox 1137 316 1347 384; x_wconf 77' lang='lat' dir='ltr'><strong>efflans,</strong></span> <span class='ocrx_word' id='word_1_11' title='bbox 1386 315 1604 372; x_wconf 82' lang='lat' dir='ltr'><strong>videndi</strong></span> <span class='ocrx_word' id='word_1_12' title='bbox 1639 317 1745 372; x_wconf 91' lang='lat' dir='ltr'><strong>vim</strong></span> <span class='ocrx_word' id='word_1_13' title='bbox 1781 319 1860 374; x_wconf 87' lang='lat' dir='ltr'><strong>illi</strong></span> <span class='ocrx_word' id='word_1_14' title='bbox 1889 333 2120 374; x_wconf 82' lang='lat' dir='ltr'><strong>commu-</strong></span> 
     </span>
    </p>
   </div>
   <div class='ocr_carea' id='block_1_3' title="bbox 2143 315 3682 411">
    <p class='ocr_par' dir='ltr' id='par_1_3' title="bbox 2158 323 3682 411">
     <span class='ocr_line' id='line_1_3' title="bbox 2158 323 3682 411; baseline 0.01 -36"><span class='ocrx_word' id='word_1_15' title='bbox 2158 326 2203 383; x_wconf 81' lang='grc' dir='ltr'><strong>Α</strong></span> <span class='ocrx_word' id='word_1_16' title='bbox 2235 323 2464 394; x_wconf 80' lang='grc' dir='ltr'>ιστησιν.</span> <span class='ocrx_word' id='word_1_17' title='bbox 2483 324 2671 378; x_wconf 80' lang='grc' dir='ltr'>Ἦνικα</span> <span class='ocrx_word' id='word_1_18' title='bbox 2699 325 2753 378; x_wconf 83' lang='grc' dir='ltr'><strong>δέ</strong></span> <span class='ocrx_word' id='word_1_19' title='bbox 2782 325 3048 397; x_wconf 82' lang='grc' dir='ltr'><strong>ἀνθρώπῳ</strong></span> <span class='ocrx_word' id='word_1_20' title='bbox 3076 330 3227 399; x_wconf 74' lang='grc' dir='ltr'>ἥτινι</span> <span class='ocrx_word' id='word_1_21' title='bbox 3252 330 3346 385; x_wconf 84' lang='grc' dir='ltr'><strong>τῶν</strong></span> <span class='ocrx_word' id='word_1_22' title='bbox 3367 332 3494 399; x_wconf 78' lang='grc' dir='ltr'>ζώων</span> <span class='ocrx_word' id='word_1_23' title='bbox 3519 336 3682 411; x_wconf 71' lang='grc' dir='ltr'>ἐπέρχε-</span> 
     </span>
    </p>
   </div>
   <div class='ocr_carea' id='block_1_4' title="bbox 580 408 2119 502">
    <p class='ocr_par' dir='ltr' id='par_1_4' title="bbox 580 408 2119 481">
     <span class='ocr_line' id='line_1_4' title="bbox 580 408 2119 481; baseline -0.001 -15"><span class='ocrx_word' id='word_1_24' title='bbox 580 414 747 468; x_wconf 86' lang='lat' dir='ltr'><strong>nicat.</strong></span> <span class='ocrx_word' id='word_1_25' title='bbox 783 409 1009 478; x_wconf 81' lang='lat' dir='ltr'><strong>Quando</strong></span> <span class='ocrx_word' id='word_1_26' title='bbox 1039 423 1166 464; x_wconf 85' lang='lat' dir='ltr'><strong>vero</strong></span> <span class='ocrx_word' id='word_1_27' title='bbox 1195 408 1468 464; x_wconf 82' lang='lat' dir='ltr'><strong>hominem</strong></span> <span class='ocrx_word' id='word_1_28' title='bbox 1493 409 1577 464; x_wconf 87' lang='lat' dir='ltr'><strong>vel</strong></span> <span class='ocrx_word' id='word_1_29' title='bbox 1607 409 1754 464; x_wconf 80' lang='lat' dir='ltr'><strong>aliud</strong></span> <span class='ocrx_word' id='word_1_30' title='bbox 1805 412 2000 464; x_wconf 88' lang='lat' dir='ltr'><strong>animal</strong></span> <span class='ocrx_word' id='word_1_31' title='bbox 2049 427 2119 481; x_wconf 33' lang='lat' dir='ltr'><strong>agi</strong></span> 
     </span>
    </p>
   </div>
   <div class='ocr_carea' id='block_1_5' title="bbox 2145 408 3684 502">
    <p class='ocr_par' dir='ltr' id='par_1_5' title="bbox 2242 408 3684 502">
     <span class='ocr_line' id='line_1_5' title="bbox 2242 408 3684 502; baseline 0.01 -34"><span class='ocrx_word' id='word_1_32' title='bbox 2242 431 2351 478; x_wconf 88' lang='grc' dir='ltr'>ται,</span> <span class='ocrx_word' id='word_1_33' title='bbox 2388 413 2631 486; x_wconf 71' lang='grc' dir='ltr'>ματτίζει</span> <span class='ocrx_word' id='word_1_34' title='bbox 2656 414 2720 487; x_wconf 75' lang='grc' dir='ltr'>τῇ</span> <span class='ocrx_word' id='word_1_35' title='bbox 2756 416 2883 487; x_wconf 79' lang='grc' dir='ltr'>σοὸῇ</span> <span class='ocrx_word' id='word_1_36' title='bbox 2913 413 3099 473; x_wconf 84' lang='grc' dir='ltr'>ἐαυτὸν</span> <span class='ocrx_word' id='word_1_37' title='bbox 3124 421 3360 496; x_wconf 88' lang='grc' dir='ltr'>πρότερον</span> <span class='ocrx_word' id='word_1_38' title='bbox 3374 427 3492 480; x_wconf 72' lang='grc' dir='ltr'>κατὰ</span> <span class='ocrx_word' id='word_1_39' title='bbox 3507 427 3556 481; x_wconf 83' lang='grc' dir='ltr'><strong>τδ</strong></span> 
     </span>
    </p>
   </div>
   <div class='ocr_carea' id='block_1_6' title="bbox 579 499 2417 574">
    <p class='ocr_par' dir='ltr' id='par_1_6' title="bbox 579 499 2417 574">
     <span class='ocr_line' id='line_1_6' title="bbox 579 499 2417 574; baseline 0.002 -18"><span class='ocrx_word' id='word_1_40' title='bbox 579 503 844 574; x_wconf 75' lang='lat' dir='ltr'><strong>greditur,</strong></span> <span class='ocrx_word' id='word_1_41' title='bbox 874 508 1042 556; x_wconf 88' lang='lat' dir='ltr'><strong>semet</strong></span> <span class='ocrx_word' id='word_1_42' title='bbox 1075 500 1226 570; x_wconf 89' lang='lat' dir='ltr'><strong>prius</strong></span> <span class='ocrx_word' id='word_1_43' title='bbox 1252 499 1421 555; x_wconf 87' lang='lat' dir='ltr'><strong>cauda</strong></span> <span class='ocrx_word' id='word_1_44' title='bbox 1453 515 1548 556; x_wconf 89' lang='lat' dir='ltr'><strong>seu</strong></span> <span class='ocrx_word' id='word_1_45' title='bbox 1567 501 1799 571; x_wconf 88' lang='lat' dir='ltr'><strong>quodam</strong></span> <span class='ocrx_word' id='word_1_46' title='bbox 1821 502 2138 558; x_wconf 84' lang='lat' dir='ltr'><strong>incitamen-—</strong></span> <span class='ocrx_word' id='word_1_47' title='bbox 2241 507 2417 560; x_wconf 84' lang='grc' dir='ltr'>τικόν·</span> 
     </span>
    </p>
   </div>
   <div class='ocr_carea' id='block_1_7' title="bbox 579 591 1535 663">
    <p class='ocr_par' dir='ltr' id='par_1_7' title="bbox 579 591 1535 663">
     <span class='ocr_line' id='line_1_7' title="bbox 579 591 1535 663; baseline -0.005 -16"><span class='ocrx_word' id='word_1_48' title='bbox 579 600 636 647; x_wconf 90' lang='lat' dir='ltr'><strong>to</strong></span> <span class='ocrx_word' id='word_1_49' title='bbox 665 592 916 663; x_wconf 82' lang='lat' dir='ltr'><strong>ﬂagellat,</strong></span> <span class='ocrx_word' id='word_1_50' title='bbox 950 598 1008 644; x_wconf 94' lang='lat' dir='ltr'><strong>ut</strong></span> <span class='ocrx_word' id='word_1_51' title='bbox 1039 601 1192 661; x_wconf 83' lang='lat' dir='ltr'><strong>poet-a</strong></span> <span class='ocrx_word' id='word_1_52' title='bbox 1233 591 1427 646; x_wconf 90' lang='lat' dir='ltr'><strong>cecinit</strong></span> <span class='ocrx_word' id='word_1_53' title='bbox 1459 592 1535 632; x_wconf 71' lang='grc' dir='ltr'>¹τε</span> 
     </span>
    </p>
   </div>
   <div class='ocr_carea' id='block_1_8' title="bbox 649 685 2188 781">
    <p class='ocr_par' dir='ltr' id='par_1_8' title="bbox 649 685 1878 781">
     <span class='ocr_line' id='line_1_8' title="bbox 649 685 1878 781; baseline 0.001 -25"><span class='ocrx_word' id='word_1_54' title='bbox 649 700 835 781; x_wconf 68' lang='grc' dir='ltr'>ςαιιᾴα</span> <span class='ocrx_word' id='word_1_55' title='bbox 857 720 974 757; x_wconf 84' lang='lat' dir='ltr'><strong>vero</strong></span> <span class='ocrx_word' id='word_1_56' title='bbox 999 685 1266 781; x_wconf 66' lang='lat' dir='ltr'><strong>lateraque</strong></span> <span class='ocrx_word' id='word_1_57' title='bbox 1287 713 1336 758; x_wconf 83' lang='lat' dir='ltr'><strong>et</strong></span> <span class='ocrx_word' id='word_1_58' title='bbox 1365 703 1566 781; x_wconf 69' lang='lat' dir='ltr'><strong>lumbos</strong></span> <span class='ocrx_word' id='word_1_59' title='bbox 1589 704 1834 781; x_wconf 64' lang='lat' dir='ltr'><strong>utrinque</strong></span> <span class='ocrx_word' id='word_1_60' title='bbox 1872 779 1878 781; x_wconf 86' lang='lat'>_</span> 
     </span>
    </p>
   </div>
   <div class='ocr_carea' id='block_1_9' title="bbox 2062 685 3601 781">
    <p class='ocr_par' dir='ltr' id='par_1_9' title="bbox 2233 700 3601 781">
     <span class='ocr_line' id='line_1_9' title="bbox 2233 700 3601 781; baseline 0.014 -30"><span class='ocrx_word' id='word_1_61' title='bbox 2233 700 2393 781; x_wconf 57' lang='lat' dir='ltr'><strong>qppﬁ</strong></span> <span class='ocrx_word' id='word_1_62' title='bbox 2415 701 2540 781; x_wconf 72' lang='grc' dir='ltr'><strong>μὴν</strong></span> <span class='ocrx_word' id='word_1_63' title='bbox 2565 705 2826 781; x_wconf 50' lang='grc' dir='ltr'>πᾼευράς</span> <span class='ocrx_word' id='word_1_64' title='bbox 2842 722 2923 781; x_wconf 24' lang='lat' dir='ltr'><strong>Are.</strong></span> <span class='ocrx_word' id='word_1_65' title='bbox 2941 706 3040 781; x_wconf 75' lang='grc' dir='ltr'>καὶ</span> <span class='ocrx_word' id='word_1_66' title='bbox 3071 709 3233 781; x_wconf 73' lang='grc' dir='ltr'>ἰσχία</span> <span class='ocrx_word' id='word_1_67' title='bbox 3252 709 3601 781; x_wconf 57' lang='grc' dir='ltr'>ἀμφοτέρωθεν</span> 
     </span>
    </p>
   </div>
   <div class='ocr_carea' id='block_1_10' title="bbox 656 773 2195 851">
    <p class='ocr_par' dir='ltr' id='par_1_10' title="bbox 656 773 1990 844">
     <span class='ocr_line' id='line_1_10' title="bbox 656 773 1990 844; baseline 0.003 -18"><span class='ocrx_word' id='word_1_68' title='bbox 656 773 926 835; x_wconf 78' lang='lat' dir='ltr'><strong>Verberat,</strong></span> <span class='ocrx_word' id='word_1_69' title='bbox 951 777 1281 844; x_wconf 77' lang='lat' dir='ltr'><strong>sequeipsum</strong></span> <span class='ocrx_word' id='word_1_70' title='bbox 1313 777 1506 828; x_wconf 76' lang='lat' dir='ltr'><strong>excitat</strong></span> <span class='ocrx_word' id='word_1_71' title='bbox 1531 776 1599 827; x_wconf 78' lang='lat' dir='ltr'><strong>ad</strong></span> <span class='ocrx_word' id='word_1_72' title='bbox 1633 779 1990 843; x_wconf 78' lang='lat' dir='ltr'><strong>pugnam/um.</strong></span> 
     </span>
    </p>
   </div>
   <div class='ocr_carea' id='block_1_11' title="bbox 2098 773 3637 851">
    <p class='ocr_par' dir='ltr' id='par_1_11' title="bbox 2237 773 3637 851">
     <span class='ocr_line' id='line_1_11' title="bbox 2237 773 3637 851; baseline 0.011 -25"><span class='ocrx_word' id='word_1_73' title='bbox 2237 776 2579 836; x_wconf 81' lang='grc' dir='ltr'>Μαστίεται,</span> <span class='ocrx_word' id='word_1_74' title='bbox 2609 773 2668 826; x_wconf 83' lang='grc' dir='ltr'>ἒε</span> <span class='ocrx_word' id='word_1_75' title='bbox 2707 775 2757 827; x_wconf 83' lang='grc' dir='ltr'>δ’</span> <span class='ocrx_word' id='word_1_76' title='bbox 2786 775 2970 828; x_wconf 79' lang='grc' dir='ltr'>αὐτὸν</span> <span class='ocrx_word' id='word_1_77' title='bbox 2990 773 3637 851; x_wconf 66' lang='grc' dir='ltr'>ὲποτρύνείῂαχέσασθαι.</span> 
     </span>
    </p>
   </div>
   <div class='ocr_carea' id='block_1_12' title="bbox 575 863 2114 964">
    <p class='ocr_par' dir='ltr' id='par_1_12' title="bbox 575 863 2114 959">
     <span class='ocr_line' id='line_1_12' title="bbox 575 863 2114 959; baseline 0.003 -19"><span class='ocrx_word' id='word_1_78' title='bbox 575 885 634 940; x_wconf 86' lang='grc' dir='ltr'><strong>1η</strong></span> <span class='ocrx_word' id='word_1_79' title='bbox 663 895 900 951; x_wconf 89' lang='lat' dir='ltr'><strong>senecta,</strong></span> <span class='ocrx_word' id='word_1_80' title='bbox 960 887 1214 956; x_wconf 90' lang='lat' dir='ltr'><strong>quoniam</strong></span> <span class='ocrx_word' id='word_1_81' title='bbox 1241 887 1308 941; x_wconf 93' lang='lat' dir='ltr'><strong>ad</strong></span> <span class='ocrx_word' id='word_1_82' title='bbox 1341 863 1758 959; x_wconf 51' lang='lat' dir='ltr'><strong>.persequendas</strong></span> <span class='ocrx_word' id='word_1_83' title='bbox 1807 889 1949 944; x_wconf 87' lang='lat' dir='ltr'><strong>feras</strong></span> <span class='ocrx_word' id='word_1_84' title='bbox 1986 891 2114 944; x_wconf 75' lang='lat' dir='ltr'><strong>viret</strong></span> 
     </span>
    </p>
   </div>
   <div class='ocr_carea' id='block_1_13' title="bbox 2151 863 3690 964">
    <p class='ocr_par' dir='ltr' id='par_1_13' title="bbox 2233 881 3690 964">
     <span class='ocr_line' id='line_1_13' title="bbox 2233 881 3690 964; baseline 0.01 -31"><span class='ocrx_word' id='word_1_85' title='bbox 2233 881 2484 952; x_wconf 81' lang='grc' dir='ltr'>Γηράσας</span> <span class='ocrx_word' id='word_1_86' title='bbox 2504 882 2580 947; x_wconf 80' lang='grc' dir='ltr'>δὲ,</span> <span class='ocrx_word' id='word_1_87' title='bbox 2610 884 2700 936; x_wconf 81' lang='grc' dir='ltr'>καὶ</span> <span class='ocrx_word' id='word_1_88' title='bbox 2723 886 2799 946; x_wconf 76' lang='grc' dir='ltr'><strong>εἰς</strong></span> <span class='ocrx_word' id='word_1_89' title='bbox 2820 884 2990 956; x_wconf 76' lang='grc' dir='ltr'>ἄγραν</span> <span class='ocrx_word' id='word_1_90' title='bbox 3023 884 3249 954; x_wconf 79' lang='grc' dir='ltr'><strong>βαδίζειν</strong></span> <span class='ocrx_word' id='word_1_91' title='bbox 3273 887 3455 942; x_wconf 84' lang='grc' dir='ltr'>ἀτονῶν</span> <span class='ocrx_word' id='word_1_92' title='bbox 3480 893 3690 964; x_wconf 76' lang='grc' dir='ltr'><strong>ἐφεδρεύει</strong></span> 
     </span>
    </p>
   </div>
   <div class='ocr_carea' id='block_1_14' title="bbox 575 973 2114 1055">
    <p class='ocr_par' dir='ltr' id='par_1_14' title="bbox 575 980 2114 1047">
     <span class='ocr_line' id='line_1_14' title="bbox 575 980 2114 1047; baseline 0.001 -15"><span class='ocrx_word' id='word_1_93' title='bbox 575 993 684 1032; x_wconf 89' lang='lat' dir='ltr'><strong>non</strong></span> <span class='ocrx_word' id='word_1_94' title='bbox 715 986 992 1047; x_wconf 84' lang='lat' dir='ltr'><strong>superant,</strong></span> <span class='ocrx_word' id='word_1_95' title='bbox 1025 981 1186 1034; x_wconf 88' lang='lat' dir='ltr'><strong>urbes</strong></span> <span class='ocrx_word' id='word_1_96' title='bbox 1215 980 1443 1047; x_wconf 79' lang='lat' dir='ltr'><strong>obsidet,</strong></span> <span class='ocrx_word' id='word_1_97' title='bbox 1497 981 1806 1037; x_wconf 87' lang='lat' dir='ltr'><strong>hominibus</strong></span> <span class='ocrx_word' id='word_1_98' title='bbox 1845 983 1910 1035; x_wconf 82' lang='lat' dir='ltr'><strong>ad</strong></span> <span class='ocrx_word' id='word_1_99' title='bbox 1957 985 2114 1035; x_wconf 85' lang='lat' dir='ltr'><strong>vitam</strong></span> 
     </span>
    </p>
   </div>
   <div class='ocr_carea' id='block_1_15' title="bbox 2152 973 3691 1055">
    <p class='ocr_par' dir='ltr' id='par_1_15' title="bbox 2231 973 3691 1055">
     <span class='ocr_line' id='line_1_15' title="bbox 2231 973 3691 1055; baseline 0.008 -29"><span class='ocrx_word' id='word_1_100' title='bbox 2231 977 2348 1037; x_wconf 82' lang='grc' dir='ltr'>ταῖς</span> <span class='ocrx_word' id='word_1_101' title='bbox 2378 973 2610 1039; x_wconf 84' lang='grc' dir='ltr'>πόλεσιν,</span> <span class='ocrx_word' id='word_1_102' title='bbox 2648 974 2892 1046; x_wconf 74' lang='grc' dir='ltr'>θηρεύειν</span> <span class='ocrx_word' id='word_1_103' title='bbox 2938 978 3015 1039; x_wconf 75' lang='grc' dir='ltr'><strong>εἰς</strong></span> <span class='ocrx_word' id='word_1_104' title='bbox 3064 977 3241 1046; x_wconf 83' lang='grc' dir='ltr'>βίωσιν</span> <span class='ocrx_word' id='word_1_105' title='bbox 3290 981 3402 1043; x_wconf 75' lang='grc' dir='ltr'>τοὺς</span> <span class='ocrx_word' id='word_1_106' title='bbox 3447 982 3691 1055; x_wconf 70' lang='grc' dir='ltr'>ἀνθρὼτωυς</span> 
     </span>
    </p>
   </div>
   <div class='ocr_carea' id='block_1_16' title="bbox 573 1065 2112 1143">
    <p class='ocr_par' dir='ltr' id='par_1_16' title="bbox 573 1069 2108 1143">
     <span class='ocr_line' id='line_1_16' title="bbox 573 1069 2108 1143; baseline 0.003 -21"><span class='ocrx_word' id='word_1_107' title='bbox 573 1070 1000 1124; x_wconf 82' lang='lat' dir='ltr'><strong>conservandam</strong></span> <span class='ocrx_word' id='word_1_108' title='bbox 1036 1069 1271 1132; x_wconf 85' lang='lat' dir='ltr'><strong>inhians,</strong></span> <span class='ocrx_word' id='word_1_109' title='bbox 1292 1087 1607 1142; x_wconf 80' lang='lat' dir='ltr'><strong>semperque</strong></span> <span class='ocrx_word' id='word_1_110' title='bbox 1637 1073 1778 1127; x_wconf 88' lang='lat' dir='ltr'><strong>illius</strong></span> <span class='ocrx_word' id='word_1_111' title='bbox 1797 1088 1858 1127; x_wconf 92' lang='lat' dir='ltr'><strong>os</strong></span> <span class='ocrx_word' id='word_1_112' title='bbox 1879 1073 2108 1143; x_wconf 82' lang='lat' dir='ltr'><strong>gravissi</strong></span> 
     </span>
    </p>
   </div>
   <div class='ocr_carea' id='block_1_17' title="bbox 2156 1065 3695 1143">
    <p class='ocr_par' dir='ltr' id='par_1_17' title="bbox 2232 1065 3695 1140">
     <span class='ocr_line' id='line_1_17' title="bbox 2232 1065 3695 1140; baseline 0.008 -23"><span class='ocrx_word' id='word_1_113' title='bbox 2232 1065 2724 1136; x_wconf 86' lang='grc' dir='ltr'>γλιχόμενος.”Εστι</span> <span class='ocrx_word' id='word_1_114' title='bbox 2753 1067 2808 1120; x_wconf 82' lang='grc' dir='ltr'>δὲ</span> <span class='ocrx_word' id='word_1_115' title='bbox 2832 1068 2993 1121; x_wconf 79' lang='grc' dir='ltr'>αὑτοῦ</span> <span class='ocrx_word' id='word_1_116' title='bbox 3027 1069 3084 1122; x_wconf 82' lang='grc' dir='ltr'>τὸ</span> <span class='ocrx_word' id='word_1_117' title='bbox 3115 1071 3277 1140; x_wconf 82' lang='grc' dir='ltr'><strong>στόμα</strong></span> <span class='ocrx_word' id='word_1_118' title='bbox 3302 1071 3502 1126; x_wconf 82' lang='grc' dir='ltr'>πάντοτε</span> <span class='ocrx_word' id='word_1_119' title='bbox 3520 1075 3695 1130; x_wconf 83' lang='grc' dir='ltr'>δυσωδέ-</span> 
     </span>
    </p>
   </div>
   <div class='ocr_carea' id='block_1_18' title="bbox 573 1157 2112 1238">
    <p class='ocr_par' dir='ltr' id='par_1_18' title="bbox 573 1157 2112 1227">
     <span class='ocr_line' id='line_1_18' title="bbox 573 1157 2112 1227; baseline 0.001 -14"><span class='ocrx_word' id='word_1_120' title='bbox 573 1175 718 1214; x_wconf 90' lang='lat' dir='ltr'><strong>mum</strong></span> <span class='ocrx_word' id='word_1_121' title='bbox 736 1157 1221 1217; x_wconf 89' lang='lat' dir='ltr'><strong>omniumredditet</strong></span> <span class='ocrx_word' id='word_1_122' title='bbox 1234 1162 1450 1216; x_wconf 90' lang='lat' dir='ltr'><strong>odorem</strong></span> <span class='ocrx_word' id='word_1_123' title='bbox 1467 1171 1519 1218; x_wconf 85' lang='lat' dir='ltr'><strong>et</strong></span> <span class='ocrx_word' id='word_1_124' title='bbox 1538 1164 1758 1216; x_wconf 88' lang='lat' dir='ltr'><strong>halitum</strong></span> <span class='ocrx_word' id='word_1_125' title='bbox 1775 1181 1787 1227; x_wconf 94' lang='lat'>;</span> <span class='ocrx_word' id='word_1_126' title='bbox 1804 1163 1990 1218; x_wconf 84' lang='lat' dir='ltr'><strong>oculos</strong></span> <span class='ocrx_word' id='word_1_127' title='bbox 2005 1179 2112 1216; x_wconf 86' lang='lat' dir='ltr'><strong>curr</strong></span> 
     </span>
    </p>
   </div>
   <div class='ocr_carea' id='block_1_19' title="bbox 2154 1157 3693 1238">
    <p class='ocr_par' dir='ltr' id='par_1_19' title="bbox 2235 1157 3693 1238">
     <span class='ocr_line' id='line_1_19' title="bbox 2235 1157 3693 1238; baseline 0.01 -30"><span class='ocrx_word' id='word_1_128' title='bbox 2235 1173 2423 1211; x_wconf 88' lang='grc' dir='ltr'>στατον</span> <span class='ocrx_word' id='word_1_129' title='bbox 2441 1174 2455 1186; x_wconf 85' lang='lat'><strong><em>°</em></strong></span> <span class='ocrx_word' id='word_1_130' title='bbox 2488 1157 2758 1211; x_wconf 77' lang='grc' dir='ltr'><strong>καθεύδων</strong></span> <span class='ocrx_word' id='word_1_131' title='bbox 2778 1159 2833 1212; x_wconf 86' lang='grc' dir='ltr'>δὲ</span> <span class='ocrx_word' id='word_1_132' title='bbox 2859 1161 3199 1224; x_wconf 79' lang='grc' dir='ltr'><strong>ἀναπετάσας</strong></span> <span class='ocrx_word' id='word_1_133' title='bbox 3221 1163 3402 1232; x_wconf 79' lang='grc' dir='ltr'>ἔχειτὰ</span> <span class='ocrx_word' id='word_1_134' title='bbox 3425 1164 3635 1238; x_wconf 83' lang='grc' dir='ltr'>βλέφαρα.</span> <span class='ocrx_word' id='word_1_135' title='bbox 3649 1169 3693 1222; x_wconf 83' lang='grc' dir='ltr'><strong><em>Ἦ</em></strong></span> 
     </span>
    </p>
   </div>
   <div class='ocr_carea' id='block_1_20' title="bbox 571 1247 2110 1332">
    <p class='ocr_par' dir='ltr' id='par_1_20' title="bbox 571 1250 2110 1324">
     <span class='ocr_line' id='line_1_20' title="bbox 571 1250 2110 1324; baseline 0.003 -20"><span class='ocrx_word' id='word_1_136' title='bbox 571 1250 790 1316; x_wconf 89' lang='lat' dir='ltr'><strong>dormit,</strong></span> <span class='ocrx_word' id='word_1_137' title='bbox 814 1260 1060 1322; x_wconf 87' lang='lat' dir='ltr'><strong>patentes</strong></span> <span class='ocrx_word' id='word_1_138' title='bbox 1089 1254 1266 1309; x_wconf 85' lang='lat' dir='ltr'><strong>habet.</strong></span> <span class='ocrx_word' id='word_1_139' title='bbox 1292 1254 1483 1309; x_wconf 70' lang='lat' dir='ltr'><strong>Leazna</strong></span> <span class='ocrx_word' id='word_1_140' title='bbox 1519 1255 1606 1308; x_wconf 81' lang='lat' dir='ltr'><strong>vix</strong></span> <span class='ocrx_word' id='word_1_141' title='bbox 1628 1255 1951 1324; x_wconf 85' lang='lat' dir='ltr'><strong>dillicilequc</strong></span> <span class='ocrx_word' id='word_1_142' title='bbox 1969 1256 2110 1309; x_wconf 70' lang='lat' dir='ltr'><strong>unius</strong></span> 
     </span>
    </p>
   </div>
   <div class='ocr_carea' id='block_1_21' title="bbox 2155 1247 3694 1332">
    <p class='ocr_par' dir='ltr' id='par_1_21' title="bbox 2230 1247 3694 1332">
     <span class='ocr_line' id='line_1_21' title="bbox 2230 1247 3694 1332; baseline 0.008 -31"><span class='ocrx_word' id='word_1_143' title='bbox 2230 1248 2285 1302; x_wconf 86' lang='grc' dir='ltr'><strong>δέ</strong></span> <span class='ocrx_word' id='word_1_144' title='bbox 2314 1247 2496 1304; x_wconf 78' lang='grc' dir='ltr'>λέαινα</span> <span class='ocrx_word' id='word_1_145' title='bbox 2527 1251 2675 1320; x_wconf 83' lang='grc' dir='ltr'>μόλις</span> <span class='ocrx_word' id='word_1_146' title='bbox 2705 1249 2820 1314; x_wconf 80' lang='grc' dir='ltr'>ἑνὸς</span> <span class='ocrx_word' id='word_1_147' title='bbox 2849 1252 3083 1324; x_wconf 79' lang='grc' dir='ltr'>σκύμνου</span> <span class='ocrx_word' id='word_1_148' title='bbox 3131 1254 3379 1326; x_wconf 81' lang='grc' dir='ltr'>ὑπομένει</span> <span class='ocrx_word' id='word_1_149' title='bbox 3411 1258 3496 1328; x_wconf 74' lang='grc' dir='ltr'>τὴν</span> <span class='ocrx_word' id='word_1_150' title='bbox 3522 1261 3694 1332; x_wconf 74' lang='grc' dir='ltr'>κύησιν·</span> 
     </span>
    </p>
   </div>
   <div class='ocr_carea' id='block_1_22' title="bbox 570 1341 2109 1426">
    <p class='ocr_par' dir='ltr' id='par_1_22' title="bbox 570 1345 2109 1416">
     <span class='ocr_line' id='line_1_22' title="bbox 570 1345 2109 1416; baseline 0.001 -19"><span class='ocrx_word' id='word_1_151' title='bbox 570 1345 736 1398; x_wconf 91' lang='lat' dir='ltr'><strong>catuli</strong></span> <span class='ocrx_word' id='word_1_152' title='bbox 757 1353 968 1416; x_wconf 87' lang='lat' dir='ltr'><strong>partum</strong></span> <span class='ocrx_word' id='word_1_153' title='bbox 1007 1345 1288 1413; x_wconf 89' lang='lat' dir='ltr'><strong>sustinet;</strong></span> <span class='ocrx_word' id='word_1_154' title='bbox 1335 1347 1388 1400; x_wconf 90' lang='lat' dir='ltr'><strong>in</strong></span> <span class='ocrx_word' id='word_1_155' title='bbox 1443 1347 1560 1416; x_wconf 89' lang='lat' dir='ltr'><strong>ipso</strong></span> <span class='ocrx_word' id='word_1_156' title='bbox 1613 1348 1755 1400; x_wconf 90' lang='lat' dir='ltr'><strong>enim</strong></span> <span class='ocrx_word' id='word_1_157' title='bbox 1812 1348 1974 1400; x_wconf 80' lang='lat' dir='ltr'><strong>enim</strong></span> <span class='ocrx_word' id='word_1_158' title='bbox 2024 1362 2109 1400; x_wconf 87' lang='lat' dir='ltr'><strong>un-</strong></span> 
     </span>
    </p>
   </div>
   <div class='ocr_carea' id='block_1_23' title="bbox 2155 1341 3694 1426">
    <p class='ocr_par' dir='ltr' id='par_1_23' title="bbox 2232 1341 3694 1426">
     <span class='ocr_line' id='line_1_23' title="bbox 2232 1341 3694 1426; baseline 0.01 -32"><span class='ocrx_word' id='word_1_159' title='bbox 2232 1341 2435 1413; x_wconf 87' lang='grc' dir='ltr'>προῖὼν</span> <span class='ocrx_word' id='word_1_160' title='bbox 2467 1343 2572 1414; x_wconf 86' lang='grc' dir='ltr'>γὰρ</span> <span class='ocrx_word' id='word_1_161' title='bbox 2601 1345 2678 1406; x_wconf 83' lang='grc' dir='ltr'>εἰς</span> <span class='ocrx_word' id='word_1_162' title='bbox 2704 1343 2763 1396; x_wconf 77' lang='grc' dir='ltr'>τὸ</span> <span class='ocrx_word' id='word_1_163' title='bbox 2785 1344 2886 1411; x_wconf 76' lang='grc' dir='ltr'><strong>ἔξω</strong></span> <span class='ocrx_word' id='word_1_164' title='bbox 2925 1349 3045 1410; x_wconf 84' lang='grc' dir='ltr'>ταῖς</span> <span class='ocrx_word' id='word_1_165' title='bbox 3075 1349 3275 1418; x_wconf 83' lang='grc' dir='ltr'><strong>ἀκμαῖς</strong></span> <span class='ocrx_word' id='word_1_166' title='bbox 3304 1349 3404 1402; x_wconf 84' lang='grc' dir='ltr'>τῶν</span> <span class='ocrx_word' id='word_1_167' title='bbox 3429 1349 3600 1422; x_wconf 81' lang='grc' dir='ltr'><strong>ὀνύχων</strong></span> <span class='ocrx_word' id='word_1_168' title='bbox 3625 1355 3694 1426; x_wconf 76' lang='grc' dir='ltr'>τὴν</span> 
     </span>
    </p>
   </div>
   <div class='ocr_carea' id='block_1_24' title="bbox 569 1434 2108 1509">
    <p class='ocr_par' dir='ltr' id='par_1_24' title="bbox 569 1435 1772 1505">
     <span class='ocr_line' id='line_1_24' title="bbox 569 1435 1772 1505; baseline 0.002 -16"><span class='ocrx_word' id='word_1_169' title='bbox 569 1435 750 1505; x_wconf 86' lang='lat' dir='ltr'><strong>guium</strong></span> <span class='ocrx_word' id='word_1_170' title='bbox 784 1437 899 1490; x_wconf 91' lang='lat' dir='ltr'><strong>acie</strong></span> <span class='ocrx_word' id='word_1_171' title='bbox 929 1436 1067 1492; x_wconf 85' lang='lat' dir='ltr'><strong>fetus</strong></span> <span class='ocrx_word' id='word_1_172' title='bbox 1092 1438 1235 1492; x_wconf 91' lang='lat' dir='ltr'><strong>illius</strong></span> <span class='ocrx_word' id='word_1_173' title='bbox 1263 1439 1519 1493; x_wconf 84' lang='lat' dir='ltr'><strong>dilacerat</strong></span> <span class='ocrx_word' id='word_1_174' title='bbox 1544 1449 1772 1494; x_wconf 88' lang='lat' dir='ltr'><strong>uterum.</strong></span> 
     </span>
    </p>
   </div>
   <div class='ocr_carea' id='block_1_25' title="bbox 1542 1434 3081 1509">
    <p class='ocr_par' dir='ltr' id='par_1_25' title="bbox 1544 1434 3081 1509">
     <span class='ocr_line' id='line_1_25' title="bbox 1544 1434 3081 1509; baseline 0.003 -24"><span class='ocrx_word' id='word_1_175' title='bbox 1544 1449 1772 1494; x_wconf 71' lang='lat' dir='ltr'><strong>[uer-um.</strong></span> <span class='ocrx_word' id='word_1_176' title='bbox 2234 1434 2447 1504; x_wconf 83' lang='grc' dir='ltr'><strong>μήτραν</strong></span> <span class='ocrx_word' id='word_1_177' title='bbox 2473 1434 2864 1508; x_wconf 73' lang='grc' dir='ltr'><strong>διασπαράσσει</strong></span> <span class='ocrx_word' id='word_1_178' title='bbox 2898 1439 3081 1509; x_wconf 78' lang='grc' dir='ltr'>αὐτῆς.</span> 
     </span>
    </p>
   </div>
   <div class='ocr_carea' id='block_1_26' title="bbox 638 1525 2177 1606">
    <p class='ocr_par' dir='ltr' id='par_1_26' title="bbox 638 1525 2125 1602">
     <span class='ocr_line' id='line_1_26' title="bbox 638 1525 2125 1602; baseline 0.004 -22"><span class='ocrx_word' id='word_1_179' title='bbox 638 1525 882 1583; x_wconf 90' lang='lat' dir='ltr'><strong>Pardalis</strong></span> <span class='ocrx_word' id='word_1_180' title='bbox 914 1530 1200 1584; x_wconf 79' lang='lat' dir='ltr'><strong>vehemens</strong></span> <span class='ocrx_word' id='word_1_181' title='bbox 1223 1539 1377 1588; x_wconf 91' lang='lat' dir='ltr'><strong>estet</strong></span> <span class='ocrx_word' id='word_1_182' title='bbox 1423 1533 1702 1601; x_wconf 87' lang='lat' dir='ltr'><strong>repentino</strong></span> <span class='ocrx_word' id='word_1_183' title='bbox 1745 1529 1946 1602; x_wconf 86' lang='lat' dir='ltr'><strong>impetu</strong></span> <span class='ocrx_word' id='word_1_184' title='bbox 1989 1547 2125 1602; x_wconf 65' lang='lat' dir='ltr'><strong>prte-</strong></span> 
     </span>
    </p>
   </div>
   <div class='ocr_carea' id='block_1_27' title="bbox 2160 1525 3699 1606">
    <p class='ocr_par' dir='ltr' id='par_1_27' title="bbox 2309 1526 3699 1606">
     <span class='ocr_line' id='line_1_27' title="bbox 2309 1526 3699 1606; baseline 0.006 -26"><span class='ocrx_word' id='word_1_185' title='bbox 2309 1526 2649 1596; x_wconf 86' lang='grc' dir='ltr'>Ῥαγδαλαῖον</span> <span class='ocrx_word' id='word_1_186' title='bbox 2697 1531 2728 1600; x_wconf 79' lang='grc' dir='ltr'>ἡ</span> <span class='ocrx_word' id='word_1_187' title='bbox 2774 1529 3031 1602; x_wconf 80' lang='grc' dir='ltr'>πάρδαλις</span> <span class='ocrx_word' id='word_1_188' title='bbox 3079 1534 3168 1586; x_wconf 76' lang='grc' dir='ltr'>καὶ</span> <span class='ocrx_word' id='word_1_189' title='bbox 3213 1529 3485 1606; x_wconf 73' lang='grc' dir='ltr'>ὀξύρροπον</span> <span class='ocrx_word' id='word_1_190' title='bbox 3509 1538 3607 1598; x_wconf 84' lang='grc' dir='ltr'>ταῖς</span> <span class='ocrx_word' id='word_1_191' title='bbox 3641 1538 3699 1605; x_wconf 78' lang='grc' dir='ltr'>δρ-</span> 
     </span>
    </p>
   </div>
   <div class='ocr_carea' id='block_1_28' title="bbox 569 1620 2108 1700">
    <p class='ocr_par' dir='ltr' id='par_1_28' title="bbox 569 1622 2108 1689">
     <span class='ocr_line' id='line_1_28' title="bbox 569 1622 2108 1689; baseline 0.003 -17"><span class='ocrx_word' id='word_1_192' title='bbox 569 1633 729 1689; x_wconf 90' lang='lat' dir='ltr'><strong>ceps;</strong></span> <span class='ocrx_word' id='word_1_193' title='bbox 758 1627 952 1674; x_wconf 69' lang='lat' dir='ltr'><strong>caetera</strong></span> <span class='ocrx_word' id='word_1_194' title='bbox 976 1622 1231 1675; x_wconf 89' lang='lat' dir='ltr'><strong>animalia</strong></span> <span class='ocrx_word' id='word_1_195' title='bbox 1277 1623 1560 1678; x_wconf 88' lang='lat' dir='ltr'><strong>tremenda</strong></span> <span class='ocrx_word' id='word_1_196' title='bbox 1603 1625 1771 1678; x_wconf 85' lang='lat' dir='ltr'><strong>vincit</strong></span> <span class='ocrx_word' id='word_1_197' title='bbox 1818 1626 2108 1679; x_wconf 83' lang='lat' dir='ltr'><strong>velocitate</strong></span> 
     </span>
    </p>
   </div>
   <div class='ocr_carea' id='block_1_29' title="bbox 2160 1620 3699 1700">
    <p class='ocr_par' dir='ltr' id='par_1_29' title="bbox 2160 1620 3699 1700">
     <span class='ocr_line' id='line_1_29' title="bbox 2160 1620 3699 1700; baseline -0.005 -26"><span class='ocrx_word' id='word_1_198' title='bbox 2160 1625 2194 1680; x_wconf 88' lang='grc' dir='ltr'>Β</span> <span class='ocrx_word' id='word_1_199' title='bbox 2225 1622 2368 1690; x_wconf 87' lang='grc' dir='ltr'>μαῖς,</span> <span class='ocrx_word' id='word_1_200' title='bbox 2399 1623 2491 1675; x_wconf 70' lang='grc' dir='ltr'><strong>καὶ</strong></span> <span class='ocrx_word' id='word_1_201' title='bbox 2515 1622 2622 1674; x_wconf 83' lang='grc' dir='ltr'><strong>τῶν</strong></span> <span class='ocrx_word' id='word_1_202' title='bbox 2654 1620 2823 1676; x_wconf 80' lang='grc' dir='ltr'>ἄλλων</span> <span class='ocrx_word' id='word_1_203' title='bbox 2851 1624 3120 1698; x_wconf 81' lang='grc' dir='ltr'>διαφέρων</span> <span class='ocrx_word' id='word_1_204' title='bbox 3154 1625 3383 1700; x_wconf 63' lang='grc' dir='ltr'><strong>ὀξύτητι,</strong></span> <span class='ocrx_word' id='word_1_205' title='bbox 3423 1629 3504 1683; x_wconf 67' lang='grc' dir='ltr'><strong>καὶ</strong></span> <span class='ocrx_word' id='word_1_206' title='bbox 3531 1630 3603 1684; x_wconf 66' lang='grc' dir='ltr'><strong>επὶ</strong></span> <span class='ocrx_word' id='word_1_207' title='bbox 3630 1630 3699 1692; x_wconf 64' lang='grc' dir='ltr'><strong>τὰς</strong></span> 
     </span>
    </p>
   </div>
   <div class='ocr_carea' id='block_1_30' title="bbox 563 1711 2102 1788">
    <p class='ocr_par' dir='ltr' id='par_1_30' title="bbox 563 1712 2102 1784">
     <span class='ocr_line' id='line_1_30' title="bbox 563 1712 2102 1784; baseline 0.005 -25"><span class='ocrx_word' id='word_1_208' title='bbox 563 1715 618 1759; x_wconf 90' lang='lat' dir='ltr'><strong>et</strong></span> <span class='ocrx_word' id='word_1_209' title='bbox 652 1715 776 1762; x_wconf 90' lang='lat' dir='ltr'><strong>ante</strong></span> <span class='ocrx_word' id='word_1_210' title='bbox 805 1719 1118 1763; x_wconf 84' lang='lat' dir='ltr'><strong>venatorum</strong></span> <span class='ocrx_word' id='word_1_211' title='bbox 1155 1712 1343 1767; x_wconf 89' lang='lat' dir='ltr'><strong>oculos</strong></span> <span class='ocrx_word' id='word_1_212' title='bbox 1371 1712 1443 1764; x_wconf 88' lang='lat' dir='ltr'><strong>ita</strong></span> <span class='ocrx_word' id='word_1_213' title='bbox 1477 1713 1669 1782; x_wconf 89' lang='lat' dir='ltr'><strong>pedum</strong></span> <span class='ocrx_word' id='word_1_214' title='bbox 1704 1714 1842 1768; x_wconf 89' lang='lat' dir='ltr'><strong>valet</strong></span> <span class='ocrx_word' id='word_1_215' title='bbox 1889 1713 2102 1784; x_wconf 27' lang='lat' dir='ltr'><strong>pernicii</strong></span> 
     </span>
    </p>
   </div>
   <div class='ocr_carea' id='block_1_31' title="bbox 1692 1711 3231 1788">
    <p class='ocr_par' dir='ltr' id='par_1_31' title="bbox 1704 1711 3231 1788">
     <span class='ocr_line' id='line_1_31' title="bbox 1704 1711 3231 1788; baseline 0.005 -23"><span class='ocrx_word' id='word_1_216' title='bbox 1704 1714 1842 1768; x_wconf 86' lang='lat' dir='ltr'><strong>valet</strong></span> <span class='ocrx_word' id='word_1_217' title='bbox 1889 1713 2124 1784; x_wconf 88' lang='lat' dir='ltr'><strong>pernici-</strong></span> <span class='ocrx_word' id='word_1_218' title='bbox 2226 1711 2374 1782; x_wconf 65' lang='grc' dir='ltr'>ὄψεις</span> <span class='ocrx_word' id='word_1_219' title='bbox 2405 1712 2512 1766; x_wconf 87' lang='grc' dir='ltr'><strong>τῶν</strong></span> <span class='ocrx_word' id='word_1_220' title='bbox 2545 1713 2822 1785; x_wconf 82' lang='grc' dir='ltr'>θηρευτῶν</span> <span class='ocrx_word' id='word_1_221' title='bbox 2852 1716 3231 1788; x_wconf 78' lang='grc' dir='ltr'>ἐφιπτάμενον.</span> 
     </span>
    </p>
   </div>
   <div class='ocr_carea' id='block_1_32' title="bbox 563 1801 1494 1872">
    <p class='ocr_par' dir='ltr' id='par_1_32' title="bbox 563 1801 1494 1872">
     <span class='ocr_line' id='line_1_32' title="bbox 563 1801 1494 1872; baseline 0.006 -22"><span class='ocrx_word' id='word_1_222' title='bbox 563 1803 693 1865; x_wconf 89' lang='lat' dir='ltr'><strong>tate,</strong></span> <span class='ocrx_word' id='word_1_223' title='bbox 722 1807 778 1852; x_wconf 91' lang='lat' dir='ltr'><strong>ut</strong></span> <span class='ocrx_word' id='word_1_224' title='bbox 811 1801 991 1856; x_wconf 89' lang='lat' dir='ltr'><strong>volare</strong></span> <span class='ocrx_word' id='word_1_225' title='bbox 1017 1803 1248 1872; x_wconf 90' lang='lat' dir='ltr'><strong>quisque</strong></span> <span class='ocrx_word' id='word_1_226' title='bbox 1271 1804 1494 1858; x_wconf 78' lang='lat' dir='ltr'><strong>diceret.</strong></span> 
     </span>
    </p>
   </div>
   <div class='ocr_carea' id='block_1_33' title="bbox 632 1887 2171 1971">
    <p class='ocr_par' dir='ltr' id='par_1_33' title="bbox 632 1889 2119 1966">
     <span class='ocr_line' id='line_1_33' title="bbox 632 1889 2119 1966; baseline 0.005 -20"><span class='ocrx_word' id='word_1_227' title='bbox 632 1889 786 1947; x_wconf 76' lang='lat' dir='ltr'><strong>Ursa:</strong></span> <span class='ocrx_word' id='word_1_228' title='bbox 819 1903 1011 1948; x_wconf 83' lang='lat' dir='ltr'><strong>natura</strong></span> <span class='ocrx_word' id='word_1_229' title='bbox 1034 1897 1216 1965; x_wconf 80' lang='lat' dir='ltr'><strong>segnis</strong></span> <span class='ocrx_word' id='word_1_230' title='bbox 1240 1903 1294 1949; x_wconf 80' lang='lat' dir='ltr'><strong>et</strong></span> <span class='ocrx_word' id='word_1_231' title='bbox 1318 1897 1626 1966; x_wconf 87' lang='lat' dir='ltr'><strong>peculiaris,</strong></span> <span class='ocrx_word' id='word_1_232' title='bbox 1683 1912 1863 1954; x_wconf 83' lang='lat' dir='ltr'><strong>mores</strong></span> <span class='ocrx_word' id='word_1_233' title='bbox 1912 1899 2119 1954; x_wconf 91' lang='lat' dir='ltr'><strong>malitia</strong></span> 
     </span>
    </p>
   </div>
   <div class='ocr_carea' id='block_1_34' title="bbox 2155 1887 3694 1971">
    <p class='ocr_par' dir='ltr' id='par_1_34' title="bbox 2291 1887 3694 1971">
     <span class='ocr_line' id='line_1_34' title="bbox 2291 1887 3694 1971; baseline 0.009 -29"><span class='ocrx_word' id='word_1_234' title='bbox 2291 1889 2489 1964; x_wconf 76' lang='grc' dir='ltr'>Νωθρὰ</span> <span class='ocrx_word' id='word_1_235' title='bbox 2513 1892 2544 1962; x_wconf 80' lang='grc' dir='ltr'><strong>ἡ</strong></span> <span class='ocrx_word' id='word_1_236' title='bbox 2582 1887 2738 1961; x_wconf 88' lang='grc' dir='ltr'>φύσις</span> <span class='ocrx_word' id='word_1_237' title='bbox 2766 1893 2864 1963; x_wconf 84' lang='grc' dir='ltr'>τῆς</span> <span class='ocrx_word' id='word_1_238' title='bbox 2888 1893 3106 1965; x_wconf 79' lang='grc' dir='ltr'>ἄρκτου,</span> <span class='ocrx_word' id='word_1_239' title='bbox 3137 1898 3234 1950; x_wconf 81' lang='grc' dir='ltr'>καὶ</span> <span class='ocrx_word' id='word_1_240' title='bbox 3272 1898 3551 1971; x_wconf 74' lang='grc' dir='ltr'>ἰδιότροπος,</span> <span class='ocrx_word' id='word_1_241' title='bbox 3571 1902 3694 1955; x_wconf 70' lang='grc' dir='ltr'>καὶτὸ</span> 
     </span>
    </p>
   </div>
   <div class='ocr_carea' id='block_1_35' title="bbox 563 1976 2102 2059">
    <p class='ocr_par' dir='ltr' id='par_1_35' title="bbox 563 1980 2102 2058">
     <span class='ocr_line' id='line_1_35' title="bbox 563 1980 2102 2058; baseline 0.006 -23"><span class='ocrx_word' id='word_1_242' title='bbox 563 1980 808 2047; x_wconf 88' lang='lat' dir='ltr'><strong>solertes,</strong></span> <span class='ocrx_word' id='word_1_243' title='bbox 833 1999 1034 2054; x_wconf 90' lang='lat' dir='ltr'><strong>corpus</strong></span> <span class='ocrx_word' id='word_1_244' title='bbox 1061 1997 1242 2056; x_wconf 80' lang='lat' dir='ltr'><strong>grave.</strong></span> <span class='ocrx_word' id='word_1_245' title='bbox 1274 1984 1618 2058; x_wconf 68' lang='lat' dir='ltr'><strong>Smpeitaque</strong></span> <span class='ocrx_word' id='word_1_246' title='bbox 1642 1989 1976 2058; x_wconf 75' lang='lat' dir='ltr'><strong>gravissimis</strong></span> <span class='ocrx_word' id='word_1_247' title='bbox 2001 1991 2102 2044; x_wconf 88' lang='lat' dir='ltr'><strong>vul-</strong></span> 
     </span>
    </p>
   </div>
   <div class='ocr_carea' id='block_1_36' title="bbox 2157 1976 3696 2059">
    <p class='ocr_par' dir='ltr' id='par_1_36' title="bbox 2220 1976 3696 2059">
     <span class='ocr_line' id='line_1_36' title="bbox 2220 1976 3696 2059; baseline 0.006 -25"><span class='ocrx_word' id='word_1_248' title='bbox 2220 1976 2350 2053; x_wconf 84' lang='grc' dir='ltr'>ἦθος</span> <span class='ocrx_word' id='word_1_249' title='bbox 2384 1981 2629 2047; x_wconf 74' lang='grc' dir='ltr'>ὕπουλος,</span> <span class='ocrx_word' id='word_1_250' title='bbox 2661 1983 2753 2036; x_wconf 76' lang='grc' dir='ltr'><strong>καὶ</strong></span> <span class='ocrx_word' id='word_1_251' title='bbox 2806 1983 2991 2056; x_wconf 87' lang='grc' dir='ltr'>βαρεῖα</span> <span class='ocrx_word' id='word_1_252' title='bbox 3018 1986 3097 2056; x_wconf 85' lang='grc' dir='ltr'>τῷ</span> <span class='ocrx_word' id='word_1_253' title='bbox 3125 1988 3354 2059; x_wconf 81' lang='grc' dir='ltr'>σώματι.</span> <span class='ocrx_word' id='word_1_254' title='bbox 3387 1991 3612 2056; x_wconf 73' lang='grc' dir='ltr'><strong>Πολλάκις</strong></span> <span class='ocrx_word' id='word_1_255' title='bbox 3634 1989 3696 2046; x_wconf 79' lang='grc' dir='ltr'>οὖν</span> 
     </span>
    </p>
   </div>
   <div class='ocr_carea' id='block_1_37' title="bbox 560 2072 2099 2155">
    <p class='ocr_par' dir='ltr' id='par_1_37' title="bbox 560 2072 2099 2148">
     <span class='ocr_line' id='line_1_37' title="bbox 560 2072 2099 2148; baseline 0.006 -23"><span class='ocrx_word' id='word_1_256' title='bbox 560 2072 784 2128; x_wconf 85' lang='lat' dir='ltr'><strong>neribus</strong></span> <span class='ocrx_word' id='word_1_257' title='bbox 829 2075 1096 2140; x_wconf 85' lang='lat' dir='ltr'><strong>confecta,</strong></span> <span class='ocrx_word' id='word_1_258' title='bbox 1133 2077 1233 2130; x_wconf 86' lang='lat' dir='ltr'><strong>sibi</strong></span> <span class='ocrx_word' id='word_1_259' title='bbox 1261 2085 1418 2148; x_wconf 92' lang='lat' dir='ltr'><strong>parat</strong></span> <span class='ocrx_word' id='word_1_260' title='bbox 1468 2077 1882 2141; x_wconf 86' lang='lat' dir='ltr'><strong>medicamenta.</strong></span> <span class='ocrx_word' id='word_1_261' title='bbox 1926 2080 2099 2134; x_wconf 89' lang='lat' dir='ltr'><strong>siccis-</strong></span> 
     </span>
    </p>
   </div>
   <div class='ocr_carea' id='block_1_38' title="bbox 2153 2072 3692 2155">
    <p class='ocr_par' dir='ltr' id='par_1_38' title="bbox 2222 2073 3692 2155">
     <span class='ocr_line' id='line_1_38' title="bbox 2222 2073 3692 2155; baseline 0.006 -27"><span class='ocrx_word' id='word_1_262' title='bbox 2222 2073 2543 2144; x_wconf 82' lang='grc' dir='ltr'>βαθυτάταις</span> <span class='ocrx_word' id='word_1_263' title='bbox 2570 2075 2834 2149; x_wconf 85' lang='grc' dir='ltr'>τρωθεῖσα</span> <span class='ocrx_word' id='word_1_264' title='bbox 2863 2078 3112 2150; x_wconf 75' lang='grc' dir='ltr'>πληγαῖς,</span> <span class='ocrx_word' id='word_1_265' title='bbox 3147 2083 3376 2153; x_wconf 74' lang='grc' dir='ltr'>ἰατρεύει</span> <span class='ocrx_word' id='word_1_266' title='bbox 3423 2085 3588 2155; x_wconf 79' lang='grc' dir='ltr'>ἑαυτὴν</span> <span class='ocrx_word' id='word_1_267' title='bbox 3629 2083 3692 2153; x_wconf 71' lang='grc' dir='ltr'><strong>ξη-</strong></span> 
     </span>
    </p>
   </div>
   <div class='ocr_carea' id='block_1_39' title="bbox 560 2162 2099 2242">
    <p class='ocr_par' dir='ltr' id='par_1_39' title="bbox 560 2162 2099 2241">
     <span class='ocr_line' id='line_1_39' title="bbox 560 2162 2099 2241; baseline 0.005 -24"><span class='ocrx_word' id='word_1_268' title='bbox 560 2162 697 2218; x_wconf 85' lang='lat' dir='ltr'><strong>simo</strong></span> <span class='ocrx_word' id='word_1_269' title='bbox 727 2167 986 2220; x_wconf 87' lang='lat' dir='ltr'><strong>verbasco</strong></span> <span class='ocrx_word' id='word_1_270' title='bbox 1013 2167 1328 2221; x_wconf 85' lang='lat' dir='ltr'><strong>vulneribus</strong></span> <span class='ocrx_word' id='word_1_271' title='bbox 1359 2169 1660 2232; x_wconf 88' lang='lat' dir='ltr'><strong>obturatis;</strong></span> <span class='ocrx_word' id='word_1_272' title='bbox 1708 2170 1835 2222; x_wconf 90' lang='lat' dir='ltr'><strong>dum</strong></span> <span class='ocrx_word' id='word_1_273' title='bbox 1889 2183 2099 2241; x_wconf 86' lang='lat' dir='ltr'><strong>congre-</strong></span> 
     </span>
    </p>
   </div>
   <div class='ocr_carea' id='block_1_40' title="bbox 2157 2162 3696 2242">
    <p class='ocr_par' dir='ltr' id='par_1_40' title="bbox 2221 2167 3696 2242">
     <span class='ocr_line' id='line_1_40' title="bbox 2221 2167 3696 2242; baseline 0.007 -23"><span class='ocrx_word' id='word_1_274' title='bbox 2221 2167 2424 2238; x_wconf 81' lang='grc' dir='ltr'>ροτάτῳ</span> <span class='ocrx_word' id='word_1_275' title='bbox 2456 2168 2642 2239; x_wconf 83' lang='grc' dir='ltr'>φλόμῳ</span> <span class='ocrx_word' id='word_1_276' title='bbox 2670 2168 2767 2232; x_wconf 80' lang='grc' dir='ltr'>τὰς</span> <span class='ocrx_word' id='word_1_277' title='bbox 2798 2170 3022 2234; x_wconf 68' lang='grc' dir='ltr'>ὠτειλὰς</span> <span class='ocrx_word' id='word_1_278' title='bbox 3054 2174 3421 2242; x_wconf 82' lang='grc' dir='ltr'>παραϐύουσα.</span> <span class='ocrx_word' id='word_1_279' title='bbox 3456 2176 3696 2232; x_wconf 71' lang='grc' dir='ltr'>Παλαῐουσα</span> 
     </span>
    </p>
   </div>
   <div class='ocr_carea' id='block_1_41' title="bbox 556 2254 2095 2334">
    <p class='ocr_par' dir='ltr' id='par_1_41' title="bbox 556 2254 2092 2329">
     <span class='ocr_line' id='line_1_41' title="bbox 556 2254 2092 2329; baseline 0.005 -21"><span class='ocrx_word' id='word_1_280' title='bbox 556 2254 704 2310; x_wconf 90' lang='lat' dir='ltr'><strong>ditur</strong></span> <span class='ocrx_word' id='word_1_281' title='bbox 745 2265 800 2310; x_wconf 92' lang='lat' dir='ltr'><strong>et</strong></span> <span class='ocrx_word' id='word_1_282' title='bbox 850 2257 1106 2321; x_wconf 92' lang='lat' dir='ltr'><strong>luctatur,</strong></span> <span class='ocrx_word' id='word_1_283' title='bbox 1153 2259 1443 2313; x_wconf 86' lang='lat' dir='ltr'><strong>artiliciose</strong></span> <span class='ocrx_word' id='word_1_284' title='bbox 1501 2260 1664 2328; x_wconf 90' lang='lat' dir='ltr'><strong>pedes</strong></span> <span class='ocrx_word' id='word_1_285' title='bbox 1716 2261 2022 2329; x_wconf 85' lang='lat' dir='ltr'><strong>complicat.</strong></span> <span class='ocrx_word' id='word_1_286' title='bbox 2063 2277 2092 2316; x_wconf 89' lang='lat' dir='ltr'><strong>e</strong></span> 
     </span>
    </p>
   </div>
   <div class='ocr_carea' id='block_1_42' title="bbox 2154 2254 3693 2334">
    <p class='ocr_par' dir='ltr' id='par_1_42' title="bbox 2216 2258 3693 2334">
     <span class='ocr_line' id='line_1_42' title="bbox 2216 2258 3693 2334; baseline 0.005 -23"><span class='ocrx_word' id='word_1_287' title='bbox 2216 2258 2270 2311; x_wconf 82' lang='grc' dir='ltr'>δὲ</span> <span class='ocrx_word' id='word_1_288' title='bbox 2297 2259 2571 2313; x_wconf 80' lang='grc' dir='ltr'>διαπλέκει</span> <span class='ocrx_word' id='word_1_289' title='bbox 2603 2261 2726 2324; x_wconf 75' lang='grc' dir='ltr'>τοὺς</span> <span class='ocrx_word' id='word_1_290' title='bbox 2758 2261 2919 2325; x_wconf 79' lang='grc' dir='ltr'>πόδας</span> <span class='ocrx_word' id='word_1_291' title='bbox 2951 2265 3246 2334; x_wconf 81' lang='grc' dir='ltr'>τεχνικῶς,</span> <span class='ocrx_word' id='word_1_292' title='bbox 3281 2269 3368 2320; x_wconf 79' lang='grc' dir='ltr'>καὶ</span> <span class='ocrx_word' id='word_1_293' title='bbox 3402 2267 3693 2331; x_wconf 77' lang='grc' dir='ltr'>ὑποσκελίζει,</span> 
     </span>
    </p>
   </div>
   <div class='ocr_carea' id='block_1_43' title="bbox 555 2349 2094 2435">
    <p class='ocr_par' dir='ltr' id='par_1_43' title="bbox 555 2350 2094 2422">
     <span class='ocr_line' id='line_1_43' title="bbox 555 2350 2094 2422; baseline 0.005 -19"><span class='ocrx_word' id='word_1_294' title='bbox 555 2365 676 2404; x_wconf 91' lang='lat' dir='ltr'><strong>eum</strong></span> <span class='ocrx_word' id='word_1_295' title='bbox 702 2350 920 2420; x_wconf 82' lang='lat' dir='ltr'><strong>quicum</strong></span> <span class='ocrx_word' id='word_1_296' title='bbox 952 2358 1145 2416; x_wconf 87' lang='lat' dir='ltr'><strong>certat,</strong></span> <span class='ocrx_word' id='word_1_297' title='bbox 1173 2352 1506 2422; x_wconf 87' lang='lat' dir='ltr'><strong>supplantat,</strong></span> <span class='ocrx_word' id='word_1_298' title='bbox 1551 2360 1606 2407; x_wconf 92' lang='lat' dir='ltr'><strong>et</strong></span> <span class='ocrx_word' id='word_1_299' title='bbox 1653 2353 1888 2408; x_wconf 87' lang='lat' dir='ltr'><strong>medium</strong></span> <span class='ocrx_word' id='word_1_300' title='bbox 1939 2355 2094 2410; x_wconf 66' lang='lat' dir='ltr'><strong>validi</strong></span> 
     </span>
    </p>
   </div>
   <div class='ocr_carea' id='block_1_44' title="bbox 1793 2349 3332 2435">
    <p class='ocr_par' dir='ltr' id='par_1_44' title="bbox 1799 2349 3332 2435">
     <span class='ocr_line' id='line_1_44' title="bbox 1799 2349 3332 2435; baseline 0.006 -35"><span class='ocrx_word' id='word_1_301' title='bbox 1799 2368 1888 2406; x_wconf 86' lang='lat' dir='ltr'><strong>um</strong></span> <span class='ocrx_word' id='word_1_302' title='bbox 1939 2355 2113 2410; x_wconf 75' lang='lat' dir='ltr'><strong>valide</strong></span> <span class='ocrx_word' id='word_1_303' title='bbox 2216 2349 2310 2435; x_wconf 64' lang='lat' dir='ltr'><strong>xc}</strong></span> <span class='ocrx_word' id='word_1_304' title='bbox 2341 2349 2711 2419; x_wconf 80' lang='grc' dir='ltr'>μεσολαὸοὖσα</span> <span class='ocrx_word' id='word_1_305' title='bbox 2742 2351 3013 2422; x_wconf 87' lang='grc' dir='ltr'>κραταιῶς</span> <span class='ocrx_word' id='word_1_306' title='bbox 3040 2352 3332 2413; x_wconf 83' lang='grc' dir='ltr'>καθάπτει.</span> 
     </span>
    </p>
   </div>
   <div class='ocr_carea' id='block_1_45' title="bbox 553 2443 1107 2511">
    <p class='ocr_par' dir='ltr' id='par_1_45' title="bbox 553 2443 1107 2511">
     <span class='ocr_line' id='line_1_45' title="bbox 553 2443 1107 2511; baseline 0.002 -16"><span class='ocrx_word' id='word_1_307' title='bbox 553 2453 857 2511; x_wconf 87' lang='lat' dir='ltr'><strong>correptum</strong></span> <span class='ocrx_word' id='word_1_308' title='bbox 880 2443 1107 2511; x_wconf 89' lang='lat' dir='ltr'><strong>impetit.</strong></span> 
     </span>
    </p>
   </div>
   <div class='ocr_carea' id='block_1_46' title="bbox 624 2526 2163 2604">
    <p class='ocr_par' dir='ltr' id='par_1_46' title="bbox 624 2532 2109 2604">
     <span class='ocr_line' id='line_1_46' title="bbox 624 2532 2109 2604; baseline 0.004 -18"><span class='ocrx_word' id='word_1_309' title='bbox 624 2532 836 2588; x_wconf 88' lang='lat' dir='ltr'><strong>Taurus</strong></span> <span class='ocrx_word' id='word_1_310' title='bbox 859 2536 1138 2599; x_wconf 89' lang='lat' dir='ltr'><strong>cornibus,</strong></span> <span class='ocrx_word' id='word_1_311' title='bbox 1164 2535 1362 2604; x_wconf 89' lang='lat' dir='ltr'><strong>quibus</strong></span> <span class='ocrx_word' id='word_1_312' title='bbox 1387 2536 1573 2592; x_wconf 85' lang='lat' dir='ltr'><strong>hostes</strong></span> <span class='ocrx_word' id='word_1_313' title='bbox 1604 2537 1904 2603; x_wconf 90' lang='lat' dir='ltr'><strong>ulciscitur,</strong></span> <span class='ocrx_word' id='word_1_314' title='bbox 1931 2553 2109 2592; x_wconf 89' lang='lat' dir='ltr'><strong>arma-</strong></span> 
     </span>
    </p>
   </div>
   <div class='ocr_carea' id='block_1_47' title="bbox 2154 2526 3693 2604">
    <p class='ocr_par' dir='ltr' id='par_1_47' title="bbox 2292 2526 3693 2604">
     <span class='ocr_line' id='line_1_47' title="bbox 2292 2526 3693 2604; baseline 0.007 -26"><span class='ocrx_word' id='word_1_315' title='bbox 2292 2526 2351 2578; x_wconf 90' lang='lat' dir='ltr'><strong>&#39;O</strong></span> <span class='ocrx_word' id='word_1_316' title='bbox 2393 2526 2588 2601; x_wconf 80' lang='grc' dir='ltr'>ταῦρος</span> <span class='ocrx_word' id='word_1_317' title='bbox 2619 2530 2726 2592; x_wconf 83' lang='grc' dir='ltr'>τοῖς</span> <span class='ocrx_word' id='word_1_318' title='bbox 2759 2528 2949 2601; x_wconf 83' lang='grc' dir='ltr'>κέρασι</span> <span class='ocrx_word' id='word_1_319' title='bbox 2981 2530 3115 2602; x_wconf 78' lang='grc' dir='ltr'>πρὸς</span> <span class='ocrx_word' id='word_1_320' title='bbox 3151 2533 3359 2604; x_wconf 80' lang='grc' dir='ltr'>ἄμυναν</span> <span class='ocrx_word' id='word_1_321' title='bbox 3389 2534 3484 2589; x_wconf 84' lang='grc' dir='ltr'><strong>τῶν</strong></span> <span class='ocrx_word' id='word_1_322' title='bbox 3522 2535 3693 2589; x_wconf 76' lang='grc' dir='ltr'>ἀντιπά-</span> 
     </span>
    </p>
   </div>
   <div class='ocr_carea' id='block_1_48' title="bbox 557 2613 2096 2699">
    <p class='ocr_par' dir='ltr' id='par_1_48' title="bbox 557 2627 2096 2699">
     <span class='ocr_line' id='line_1_48' title="bbox 557 2627 2096 2699; baseline 0.004 -21"><span class='ocrx_word' id='word_1_323' title='bbox 557 2633 666 2692; x_wconf 86' lang='lat' dir='ltr'><strong>tur,</strong></span> <span class='ocrx_word' id='word_1_324' title='bbox 702 2627 1035 2697; x_wconf 87' lang='lat' dir='ltr'><strong>pedibusque</strong></span> <span class='ocrx_word' id='word_1_325' title='bbox 1066 2627 1386 2681; x_wconf 84' lang='lat' dir='ltr'><strong>athletarum</strong></span> <span class='ocrx_word' id='word_1_326' title='bbox 1424 2644 1572 2682; x_wconf 88' lang='lat' dir='ltr'><strong>more</strong></span> <span class='ocrx_word' id='word_1_327' title='bbox 1601 2630 1870 2699; x_wconf 89' lang='lat' dir='ltr'><strong>pulverem</strong></span> <span class='ocrx_word' id='word_1_328' title='bbox 1918 2630 1973 2683; x_wconf 94' lang='lat' dir='ltr'><strong>in</strong></span> <span class='ocrx_word' id='word_1_329' title='bbox 2027 2629 2096 2684; x_wconf 87' lang='lat' dir='ltr'><strong>al-</strong></span> 
     </span>
    </p>
   </div>
   <div class='ocr_carea' id='block_1_49' title="bbox 2156 2613 3695 2699">
    <p class='ocr_par' dir='ltr' id='par_1_49' title="bbox 2211 2613 3695 2696">
     <span class='ocr_line' id='line_1_49' title="bbox 2211 2613 3695 2696; baseline 0.007 -30"><span class='ocrx_word' id='word_1_330' title='bbox 2211 2613 2314 2668; x_wconf 92' lang='grc' dir='ltr'><strong>λων</strong></span> <span class='ocrx_word' id='word_1_331' title='bbox 2341 2615 2726 2681; x_wconf 85' lang='grc' dir='ltr'>καθώπλισται,</span> <span class='ocrx_word' id='word_1_332' title='bbox 2759 2621 2870 2682; x_wconf 81' lang='grc' dir='ltr'>τοῖς</span> <span class='ocrx_word' id='word_1_333' title='bbox 2899 2619 2954 2673; x_wconf 81' lang='grc' dir='ltr'><strong>δέ</strong></span> <span class='ocrx_word' id='word_1_334' title='bbox 2987 2623 3140 2674; x_wconf 71' lang='grc' dir='ltr'>ποσὶν</span> <span class='ocrx_word' id='word_1_335' title='bbox 3185 2623 3408 2695; x_wconf 76' lang='grc' dir='ltr'><strong>ἀθλητοῦ</strong></span> <span class='ocrx_word' id='word_1_336' title='bbox 3445 2625 3608 2696; x_wconf 85' lang='grc' dir='ltr'>τρόπον</span> <span class='ocrx_word' id='word_1_337' title='bbox 3636 2642 3695 2676; x_wconf 80' lang='grc' dir='ltr'>κο-</span> 
     </span>
    </p>
   </div>
   <div class='ocr_carea' id='block_1_50' title="bbox 551 2707 2090 2790">
    <p class='ocr_par' dir='ltr' id='par_1_50' title="bbox 551 2717 2090 2790">
     <span class='ocr_line' id='line_1_50' title="bbox 551 2717 2090 2790; baseline 0.003 -22"><span class='ocrx_word' id='word_1_338' title='bbox 551 2724 664 2769; x_wconf 82' lang='lat' dir='ltr'><strong>tuin</strong></span> <span class='ocrx_word' id='word_1_339' title='bbox 697 2717 923 2787; x_wconf 84' lang='lat' dir='ltr'><strong>spargit,</strong></span> <span class='ocrx_word' id='word_1_340' title='bbox 947 2717 1440 2790; x_wconf 60' lang='lat' dir='ltr'><strong>desiiicatustorvis</strong></span> <span class='ocrx_word' id='word_1_341' title='bbox 1463 2719 1634 2773; x_wconf 91' lang='lat' dir='ltr'><strong>oculis</strong></span> <span class='ocrx_word' id='word_1_342' title='bbox 1662 2717 1971 2781; x_wconf 84' lang='lat' dir='ltr'><strong>ardescens,</strong></span> <span class='ocrx_word' id='word_1_343' title='bbox 1992 2733 2090 2772; x_wconf 80' lang='lat' dir='ltr'><strong>cor</strong></span> 
     </span>
    </p>
   </div>
   <div class='ocr_carea' id='block_1_51' title="bbox 2154 2707 3693 2790">
    <p class='ocr_par' dir='ltr' id='par_1_51' title="bbox 2209 2707 3693 2788">
     <span class='ocr_line' id='line_1_51' title="bbox 2209 2707 3693 2788; baseline 0.004 -27"><span class='ocrx_word' id='word_1_344' title='bbox 2209 2707 2440 2772; x_wconf 75' lang='grc' dir='ltr'>νίζεται·</span> <span class='ocrx_word' id='word_1_345' title='bbox 2478 2709 2906 2780; x_wconf 75' lang='grc' dir='ltr'>ὑποϐλεπόμενος</span> <span class='ocrx_word' id='word_1_346' title='bbox 2934 2711 2990 2764; x_wconf 85' lang='grc' dir='ltr'>δὲ</span> <span class='ocrx_word' id='word_1_347' title='bbox 3023 2720 3306 2784; x_wconf 81' lang='grc' dir='ltr'>πυρωποῖς</span> <span class='ocrx_word' id='word_1_348' title='bbox 3330 2717 3532 2788; x_wconf 75' lang='grc' dir='ltr'>ὄμματι,</span> <span class='ocrx_word' id='word_1_349' title='bbox 3551 2716 3623 2770; x_wconf 75' lang='grc' dir='ltr'>καὶ</span> <span class='ocrx_word' id='word_1_350' title='bbox 3648 2715 3693 2768; x_wconf 74' lang='grc' dir='ltr'><strong>τὰ</strong></span> 
     </span>
    </p>
   </div>
   <div class='ocr_carea' id='block_1_52' title="bbox 549 2799 2088 2882">
    <p class='ocr_par' dir='ltr' id='par_1_52' title="bbox 549 2806 2088 2876">
     <span class='ocr_line' id='line_1_52' title="bbox 549 2806 2088 2876; baseline -0.001 -15"><span class='ocrx_word' id='word_1_351' title='bbox 549 2806 711 2861; x_wconf 92' lang='lat' dir='ltr'><strong>nibus</strong></span> <span class='ocrx_word' id='word_1_352' title='bbox 742 2807 1034 2870; x_wconf 85' lang='lat' dir='ltr'><strong>inclinatis,</strong></span> <span class='ocrx_word' id='word_1_353' title='bbox 1068 2815 1121 2860; x_wconf 91' lang='lat' dir='ltr'><strong>et</strong></span> <span class='ocrx_word' id='word_1_354' title='bbox 1153 2807 1232 2859; x_wconf 89' lang='lat' dir='ltr'><strong>ira</strong></span> <span class='ocrx_word' id='word_1_355' title='bbox 1290 2807 1569 2876; x_wconf 84' lang='lat' dir='ltr'><strong>gliscente,</strong></span> <span class='ocrx_word' id='word_1_356' title='bbox 1629 2814 1738 2860; x_wconf 89' lang='lat' dir='ltr'><strong>toto</strong></span> <span class='ocrx_word' id='word_1_357' title='bbox 1771 2821 1996 2876; x_wconf 87' lang='lat' dir='ltr'><strong>corpore</strong></span> <span class='ocrx_word' id='word_1_358' title='bbox 2022 2806 2088 2860; x_wconf 87' lang='lat' dir='ltr'><strong>di-</strong></span> 
     </span>
    </p>
   </div>
   <div class='ocr_carea' id='block_1_53' title="bbox 2153 2799 3692 2882">
    <p class='ocr_par' dir='ltr' id='par_1_53' title="bbox 2207 2799 3692 2882">
     <span class='ocr_line' id='line_1_53' title="bbox 2207 2799 3692 2882; baseline 0.002 -26"><span class='ocrx_word' id='word_1_359' title='bbox 2207 2799 2410 2872; x_wconf 73' lang='grc' dir='ltr'>κέρατα</span> <span class='ocrx_word' id='word_1_360' title='bbox 2441 2801 2783 2870; x_wconf 82' lang='grc' dir='ltr'>ἐγκεκλικὼς,</span> <span class='ocrx_word' id='word_1_361' title='bbox 2816 2803 2909 2856; x_wconf 76' lang='grc' dir='ltr'><strong>καὶ</strong></span> <span class='ocrx_word' id='word_1_362' title='bbox 2935 2804 3068 2868; x_wconf 80' lang='grc' dir='ltr'>ζέων</span> <span class='ocrx_word' id='word_1_363' title='bbox 3095 2806 3278 2880; x_wconf 81' lang='grc' dir='ltr'>θυμῷ,</span> <span class='ocrx_word' id='word_1_364' title='bbox 3303 2811 3498 2882; x_wconf 81' lang='grc' dir='ltr'>ἐφορμᾷ</span> <span class='ocrx_word' id='word_1_365' title='bbox 3522 2811 3608 2880; x_wconf 84' lang='grc' dir='ltr'>ὅλῳ</span> <span class='ocrx_word' id='word_1_366' title='bbox 3638 2809 3692 2876; x_wconf 78' lang='grc' dir='ltr'>τῷ</span> 
     </span>
    </p>
   </div>
   <div class='ocr_carea' id='block_1_54' title="bbox 549 2889 2088 2966">
    <p class='ocr_par' dir='ltr' id='par_1_54' title="bbox 549 2896 1121 2966">
     <span class='ocr_line' id='line_1_54' title="bbox 549 2896 1121 2966; baseline -0.002 -16"><span class='ocrx_word' id='word_1_367' title='bbox 549 2896 892 2951; x_wconf 85' lang='lat' dir='ltr'><strong>micationem</strong></span> <span class='ocrx_word' id='word_1_368' title='bbox 925 2896 1121 2966; x_wconf 85' lang='lat' dir='ltr'><strong>poscit.</strong></span> 
     </span>
    </p>
   </div>
   <div class='ocr_carea' id='block_1_55' title="bbox 897 2889 2436 2966">
    <p class='ocr_par' dir='ltr' id='par_1_55' title="bbox 925 2889 2436 2966">
     <span class='ocr_line' id='line_1_55' title="bbox 925 2889 2436 2966; baseline -0.003 -16"><span class='ocrx_word' id='word_1_369' title='bbox 925 2896 1121 2966; x_wconf 85' lang='lat' dir='ltr'><strong>poscit.</strong></span> <span class='ocrx_word' id='word_1_370' title='bbox 2208 2889 2436 2962; x_wconf 80' lang='grc' dir='ltr'>σώματι.</span> 
     </span>
    </p>
   </div>
   <div class='ocr_carea' id='block_1_56' title="bbox 616 2981 2155 3064">
    <p class='ocr_par' dir='ltr' id='par_1_56' title="bbox 616 2981 2155 3058">
     <span class='ocr_line' id='line_1_56' title="bbox 616 2981 2155 3058; baseline -0.001 -16"><span class='ocrx_word' id='word_1_371' title='bbox 616 2988 759 3058; x_wconf 84' lang='lat' dir='ltr'><strong>Aper</strong></span> <span class='ocrx_word' id='word_1_372' title='bbox 786 2989 833 3044; x_wconf 90' lang='lat' dir='ltr'><strong>si</strong></span> <span class='ocrx_word' id='word_1_373' title='bbox 854 2988 1058 3044; x_wconf 86' lang='lat' dir='ltr'><strong>locatos</strong></span> <span class='ocrx_word' id='word_1_374' title='bbox 1081 2987 1296 3043; x_wconf 89' lang='lat' dir='ltr'><strong>insidiis</strong></span> <span class='ocrx_word' id='word_1_375' title='bbox 1323 2995 1608 3042; x_wconf 89' lang='lat' dir='ltr'><strong>venatores</strong></span> <span class='ocrx_word' id='word_1_376' title='bbox 1627 2986 1789 3043; x_wconf 90' lang='lat' dir='ltr'><strong>fuerit</strong></span> <span class='ocrx_word' id='word_1_377' title='bbox 1826 2987 2103 3052; x_wconf 88' lang='lat' dir='ltr'><strong>odoratus,</strong></span> <span class='ocrx_word' id='word_1_378' title='bbox 2133 2981 2155 3040; x_wconf 77' lang='grc' dir='ltr'><strong>ί</strong></span> 
     </span>
    </p>
   </div>
   <div class='ocr_carea' id='block_1_57' title="bbox 2149 2981 3688 3064">
    <p class='ocr_par' dir='ltr' id='par_1_57' title="bbox 2149 2981 3688 3064">
     <span class='ocr_line' id='line_1_57' title="bbox 2149 2981 3688 3064; baseline 0.011 -30"><span class='ocrx_word' id='word_1_379' title='bbox 2149 2981 2175 3040; x_wconf 73' lang='grc' dir='ltr'><strong>Β</strong></span> <span class='ocrx_word' id='word_1_380' title='bbox 2276 2984 2381 3047; x_wconf 84' lang='grc' dir='ltr'><strong>Σῦς</strong></span> <span class='ocrx_word' id='word_1_381' title='bbox 2409 2984 2485 3048; x_wconf 85' lang='grc' dir='ltr'><strong>δὲ,</strong></span> <span class='ocrx_word' id='word_1_382' title='bbox 2510 2985 2634 3039; x_wconf 82' lang='grc' dir='ltr'>ὅταν</span> <span class='ocrx_word' id='word_1_383' title='bbox 2665 2986 2748 3059; x_wconf 72' lang='grc' dir='ltr'><strong>ἴδῃ</strong></span> <span class='ocrx_word' id='word_1_384' title='bbox 2779 2991 3043 3060; x_wconf 78' lang='grc' dir='ltr'>κυνηγοὺς</span> <span class='ocrx_word' id='word_1_385' title='bbox 3065 2991 3122 3042; x_wconf 85' lang='grc' dir='ltr'>ἐν</span> <span class='ocrx_word' id='word_1_386' title='bbox 3143 2995 3271 3057; x_wconf 79' lang='grc' dir='ltr'>ταῖς</span> <span class='ocrx_word' id='word_1_387' title='bbox 3297 2992 3440 3057; x_wconf 81' lang='grc' dir='ltr'>ὕλαις</span> <span class='ocrx_word' id='word_1_388' title='bbox 3465 2993 3688 3064; x_wconf 76' lang='grc' dir='ltr'>λοχῶντας.</span> 
     </span>
    </p>
   </div>
   <div class='ocr_carea' id='block_1_58' title="bbox 543 3073 2082 3157">
    <p class='ocr_par' dir='ltr' id='par_1_58' title="bbox 543 3080 2080 3150">
     <span class='ocr_line' id='line_1_58' title="bbox 543 3080 2080 3150; baseline 0.001 -15"><span class='ocrx_word' id='word_1_389' title='bbox 543 3082 748 3138; x_wconf 85' lang='lat' dir='ltr'><strong>viribus</strong></span> <span class='ocrx_word' id='word_1_390' title='bbox 780 3082 1052 3146; x_wconf 80' lang='lat' dir='ltr'><strong>excitatis,</strong></span> <span class='ocrx_word' id='word_1_391' title='bbox 1086 3082 1268 3136; x_wconf 90' lang='lat' dir='ltr'><strong>nullus</strong></span> <span class='ocrx_word' id='word_1_392' title='bbox 1305 3081 1404 3134; x_wconf 90' lang='lat' dir='ltr'><strong>init</strong></span> <span class='ocrx_word' id='word_1_393' title='bbox 1447 3081 1869 3146; x_wconf 90' lang='lat' dir='ltr'><strong>contentionem,</strong></span> <span class='ocrx_word' id='word_1_394' title='bbox 1925 3080 2080 3150; x_wconf 89' lang='lat' dir='ltr'><strong>prius</strong></span> 
     </span>
    </p>
   </div>
   <div class='ocr_carea' id='block_1_59' title="bbox 2151 3073 3690 3157">
    <p class='ocr_par' dir='ltr' id='par_1_59' title="bbox 2199 3073 3690 3157">
     <span class='ocr_line' id='line_1_59' title="bbox 2199 3073 3690 3157; baseline 0.005 -31"><span class='ocrx_word' id='word_1_395' title='bbox 2199 3073 2618 3146; x_wconf 87' lang='grc' dir='ltr'>διανιστάμενος,</span> <span class='ocrx_word' id='word_1_396' title='bbox 2652 3080 2710 3132; x_wconf 82' lang='grc' dir='ltr'><strong>οὐ</strong></span> <span class='ocrx_word' id='word_1_397' title='bbox 2744 3080 3000 3152; x_wconf 79' lang='grc' dir='ltr'>πρότερον</span> <span class='ocrx_word' id='word_1_398' title='bbox 3028 3084 3252 3156; x_wconf 80' lang='grc' dir='ltr'>ἐφορμᾷ</span> <span class='ocrx_word' id='word_1_399' title='bbox 3285 3085 3458 3157; x_wconf 81' lang='grc' dir='ltr'>πρὶνῆ</span> <span class='ocrx_word' id='word_1_400' title='bbox 3486 3088 3578 3148; x_wconf 84' lang='grc' dir='ltr'>τοῖς</span> <span class='ocrx_word' id='word_1_401' title='bbox 3597 3081 3690 3150; x_wconf 72' lang='grc' dir='ltr'>πλη·</span> 
     </span>
    </p>
   </div>
   <div class='ocr_carea' id='block_1_60' title="bbox 543 3164 2082 3246">
    <p class='ocr_par' dir='ltr' id='par_1_60' title="bbox 543 3173 1835 3246">
     <span class='ocr_line' id='line_1_60' title="bbox 543 3173 1835 3246; baseline -0.001 -16"><span class='ocrx_word' id='word_1_402' title='bbox 543 3192 704 3246; x_wconf 87' lang='lat' dir='ltr'><strong>quam</strong></span> <span class='ocrx_word' id='word_1_403' title='bbox 741 3175 806 3230; x_wconf 92' lang='lat' dir='ltr'><strong>ad</strong></span> <span class='ocrx_word' id='word_1_404' title='bbox 831 3176 1037 3230; x_wconf 86' lang='lat' dir='ltr'><strong>vicinas</strong></span> <span class='ocrx_word' id='word_1_405' title='bbox 1068 3177 1290 3229; x_wconf 89' lang='lat' dir='ltr'><strong>arbores</strong></span> <span class='ocrx_word' id='word_1_406' title='bbox 1319 3173 1510 3229; x_wconf 88' lang='lat' dir='ltr'><strong>dentes</strong></span> <span class='ocrx_word' id='word_1_407' title='bbox 1542 3173 1835 3229; x_wconf 82' lang='lat' dir='ltr'><strong>exacuerit.</strong></span> 
     </span>
    </p>
   </div>
   <div class='ocr_carea' id='block_1_61' title="bbox 1780 3164 3319 3246">
    <p class='ocr_par' dir='ltr' id='par_1_61' title="bbox 1780 3164 3319 3243">
     <span class='ocr_line' id='line_1_61' title="bbox 1780 3164 3319 3243; baseline 0.01 -28"><span class='ocrx_word' id='word_1_408' title='bbox 1780 3173 1835 3229; x_wconf 76' lang='grc' dir='ltr'><strong>ίι,</strong></span> <span class='ocrx_word' id='word_1_409' title='bbox 2203 3164 2312 3220; x_wconf 81' lang='grc' dir='ltr'>σίον</span> <span class='ocrx_word' id='word_1_410' title='bbox 2348 3166 2581 3239; x_wconf 82' lang='grc' dir='ltr'>δένδροις</span> <span class='ocrx_word' id='word_1_411' title='bbox 2607 3170 2893 3243; x_wconf 75' lang='grc' dir='ltr'>παραθήξῃ</span> <span class='ocrx_word' id='word_1_412' title='bbox 2920 3175 3044 3235; x_wconf 75' lang='grc' dir='ltr'>τοὺς</span> <span class='ocrx_word' id='word_1_413' title='bbox 3073 3173 3319 3240; x_wconf 76' lang='grc' dir='ltr'>ὀδόντας.</span> 
     </span>
    </p>
   </div>
   <div class='ocr_carea' id='block_1_62' title="bbox 611 3259 2150 3341">
    <p class='ocr_par' dir='ltr' id='par_1_62' title="bbox 611 3261 2099 3337">
     <span class='ocr_line' id='line_1_62' title="bbox 611 3261 2099 3337; baseline -0.003 -17"><span class='ocrx_word' id='word_1_414' title='bbox 611 3267 914 3337; x_wconf 82' lang='lat' dir='ltr'><strong>Antholnps</strong></span> <span class='ocrx_word' id='word_1_415' title='bbox 946 3267 1123 3321; x_wconf 85' lang='lat' dir='ltr'><strong>bellua</strong></span> <span class='ocrx_word' id='word_1_416' title='bbox 1144 3275 1226 3322; x_wconf 91' lang='lat' dir='ltr'><strong>est</strong></span> <span class='ocrx_word' id='word_1_417' title='bbox 1248 3266 1742 3329; x_wconf 77' lang='lat' dir='ltr'><strong>vehementissima,</strong></span> <span class='ocrx_word' id='word_1_418' title='bbox 1772 3273 1969 3320; x_wconf 88' lang='lat' dir='ltr'><strong>venatu</strong></span> <span class='ocrx_word' id='word_1_419' title='bbox 1999 3261 2099 3317; x_wconf 89' lang='lat' dir='ltr'><strong>dif-</strong></span> 
     </span>
    </p>
   </div>
   <div class='ocr_carea' id='block_1_63' title="bbox 2148 3259 3687 3341">
    <p class='ocr_par' dir='ltr' id='par_1_63' title="bbox 2270 3259 3687 3341">
     <span class='ocr_line' id='line_1_63' title="bbox 2270 3259 3687 3341; baseline 0.004 -30"><span class='ocrx_word' id='word_1_420' title='bbox 2270 3259 2422 3312; x_wconf 87' lang='grc' dir='ltr'>Ἔστι</span> <span class='ocrx_word' id='word_1_421' title='bbox 2441 3260 2496 3313; x_wconf 86' lang='grc' dir='ltr'>δὲ</span> <span class='ocrx_word' id='word_1_422' title='bbox 2512 3261 2646 3324; x_wconf 78' lang='grc' dir='ltr'>ζῶον</span> <span class='ocrx_word' id='word_1_423' title='bbox 2675 3263 2902 3334; x_wconf 76' lang='grc' dir='ltr'>ἀνθύλοψ</span> <span class='ocrx_word' id='word_1_424' title='bbox 2929 3268 3128 3340; x_wconf 84' lang='grc' dir='ltr'>σφόδρα</span> <span class='ocrx_word' id='word_1_425' title='bbox 3166 3269 3477 3341; x_wconf 80' lang='grc' dir='ltr'>δριμύτατον</span> <span class='ocrx_word' id='word_1_426' title='bbox 3498 3268 3572 3323; x_wconf 67' lang='grc' dir='ltr'><strong>καὶ</strong></span> <span class='ocrx_word' id='word_1_427' title='bbox 3595 3266 3687 3319; x_wconf 79' lang='grc' dir='ltr'>δνσ-</span> 
     </span>
    </p>
   </div>
   <div class='ocr_carea' id='block_1_64' title="bbox 543 3348 2082 3433">
    <p class='ocr_par' dir='ltr' id='par_1_64' title="bbox 543 3355 2082 3426">
     <span class='ocr_line' id='line_1_64' title="bbox 543 3355 2082 3426; baseline -0.001 -14"><span class='ocrx_word' id='word_1_428' title='bbox 543 3358 718 3422; x_wconf 79' lang='lat' dir='ltr'><strong>licilis,</strong></span> <span class='ocrx_word' id='word_1_429' title='bbox 747 3357 994 3426; x_wconf 88' lang='lat' dir='ltr'><strong>oblongis</strong></span> <span class='ocrx_word' id='word_1_430' title='bbox 1023 3358 1302 3421; x_wconf 90' lang='lat' dir='ltr'><strong>cornibus,</strong></span> <span class='ocrx_word' id='word_1_431' title='bbox 1351 3371 1623 3412; x_wconf 88' lang='lat' dir='ltr'><strong>serrarum</strong></span> <span class='ocrx_word' id='word_1_432' title='bbox 1674 3357 1864 3420; x_wconf 89' lang='lat' dir='ltr'><strong>instar,</strong></span> <span class='ocrx_word' id='word_1_433' title='bbox 1900 3355 2082 3426; x_wconf 72' lang='lat' dir='ltr'><strong>quibus</strong></span> 
     </span>
    </p>
   </div>
   <div class='ocr_carea' id='block_1_65' title="bbox 2146 3348 3685 3433">
    <p class='ocr_par' dir='ltr' id='par_1_65' title="bbox 2197 3348 3685 3433">
     <span class='ocr_line' id='line_1_65' title="bbox 2197 3348 3685 3433; baseline 0.01 -31"><span class='ocrx_word' id='word_1_434' title='bbox 2197 3348 2448 3420; x_wconf 81' lang='grc' dir='ltr'>θήρατον,</span> <span class='ocrx_word' id='word_1_435' title='bbox 2498 3353 2617 3423; x_wconf 73' lang='grc' dir='ltr'>ἔχον</span> <span class='ocrx_word' id='word_1_436' title='bbox 2654 3353 2709 3406; x_wconf 84' lang='grc' dir='ltr'>δὲ</span> <span class='ocrx_word' id='word_1_437' title='bbox 2747 3356 2929 3427; x_wconf 78' lang='grc' dir='ltr'>μακρὰ</span> <span class='ocrx_word' id='word_1_438' title='bbox 2954 3359 3162 3429; x_wconf 77' lang='grc' dir='ltr'>κέρατα</span> <span class='ocrx_word' id='word_1_439' title='bbox 3196 3362 3356 3432; x_wconf 83' lang='grc' dir='ltr'>ὅμοια</span> <span class='ocrx_word' id='word_1_440' title='bbox 3380 3361 3580 3433; x_wconf 61' lang='lat' dir='ltr'><strong>apicem,</strong></span> <span class='ocrx_word' id='word_1_441' title='bbox 3603 3357 3685 3410; x_wconf 77' lang='grc' dir='ltr'>δέν-</span> 
     </span>
    </p>
   </div>
   <div class='ocr_carea' id='block_1_66' title="bbox 541 3441 2080 3524">
    <p class='ocr_par' dir='ltr' id='par_1_66' title="bbox 541 3445 2080 3520">
     <span class='ocr_line' id='line_1_66' title="bbox 541 3445 2080 3520; baseline -0.001 -18"><span class='ocrx_word' id='word_1_442' title='bbox 541 3449 678 3504; x_wconf 85' lang='lat' dir='ltr'><strong>altas</strong></span> <span class='ocrx_word' id='word_1_443' title='bbox 709 3449 1063 3520; x_wconf 73' lang='lat' dir='ltr'><strong>ingentesque</strong></span> <span class='ocrx_word' id='word_1_444' title='bbox 1091 3451 1452 3504; x_wconf 87' lang='lat' dir='ltr'><strong>circumsecat</strong></span> <span class='ocrx_word' id='word_1_445' title='bbox 1478 3450 1720 3505; x_wconf 77' lang='lat' dir='ltr'><strong>arbores.</strong></span> <span class='ocrx_word' id='word_1_446' title='bbox 1750 3447 1949 3502; x_wconf 89' lang='lat' dir='ltr'><strong>Sitiens</strong></span> <span class='ocrx_word' id='word_1_447' title='bbox 1996 3445 2080 3500; x_wconf 82' lang='lat' dir='ltr'><strong>Eu</strong></span> 
     </span>
    </p>
   </div>
   <div class='ocr_carea' id='block_1_67' title="bbox 2139 3441 3678 3524">
    <p class='ocr_par' dir='ltr' id='par_1_67' title="bbox 2194 3441 3678 3524">
     <span class='ocr_line' id='line_1_67' title="bbox 2194 3441 3678 3524; baseline 0.002 -28"><span class='ocrx_word' id='word_1_448' title='bbox 2194 3441 2295 3510; x_wconf 86' lang='grc' dir='ltr'><strong>δρα</strong></span> <span class='ocrx_word' id='word_1_449' title='bbox 2326 3443 2568 3515; x_wconf 81' lang='grc' dir='ltr'>μετέωρα</span> <span class='ocrx_word' id='word_1_450' title='bbox 2598 3447 2690 3499; x_wconf 80' lang='grc' dir='ltr'><strong>καὶ</strong></span> <span class='ocrx_word' id='word_1_451' title='bbox 2725 3448 2930 3518; x_wconf 86' lang='grc' dir='ltr'>μεγάλα</span> <span class='ocrx_word' id='word_1_452' title='bbox 2961 3451 3144 3522; x_wconf 77' lang='grc' dir='ltr'>πρίζει</span> <span class='ocrx_word' id='word_1_453' title='bbox 3167 3471 3180 3484; x_wconf 76' lang='grc' dir='ltr'><strong>ο</strong></span> <span class='ocrx_word' id='word_1_454' title='bbox 3212 3454 3434 3524; x_wconf 71' lang='grc' dir='ltr'>διψῆσαν</span> <span class='ocrx_word' id='word_1_455' title='bbox 3453 3453 3498 3505; x_wconf 88' lang='grc' dir='ltr'><strong>δέ</strong></span> <span class='ocrx_word' id='word_1_456' title='bbox 3520 3452 3678 3522; x_wconf 81' lang='grc' dir='ltr'>ἔρχεται</span> 
     </span>
    </p>
   </div>
   <div class='ocr_carea' id='block_1_68' title="bbox 539 3534 2078 3613">
    <p class='ocr_par' dir='ltr' id='par_1_68' title="bbox 539 3539 2078 3613">
     <span class='ocr_line' id='line_1_68' title="bbox 539 3539 2078 3613; baseline -0.003 -17"><span class='ocrx_word' id='word_1_457' title='bbox 539 3541 780 3612; x_wconf 80' lang='lat' dir='ltr'><strong>phratein</strong></span> <span class='ocrx_word' id='word_1_458' title='bbox 819 3541 1037 3595; x_wconf 84' lang='lat' dir='ltr'><strong>fluvium</strong></span> <span class='ocrx_word' id='word_1_459' title='bbox 1081 3542 1230 3611; x_wconf 81' lang='lat' dir='ltr'><strong>petit,</strong></span> <span class='ocrx_word' id='word_1_460' title='bbox 1269 3542 1498 3613; x_wconf 88' lang='lat' dir='ltr'><strong>indeque</strong></span> <span class='ocrx_word' id='word_1_461' title='bbox 1543 3549 1668 3611; x_wconf 92' lang='lat' dir='ltr'><strong>potu</strong></span> <span class='ocrx_word' id='word_1_462' title='bbox 1715 3540 1906 3594; x_wconf 88' lang='lat' dir='ltr'><strong>hausto</strong></span> <span class='ocrx_word' id='word_1_463' title='bbox 1951 3539 2078 3592; x_wconf 79' lang='lat' dir='ltr'><strong>inter</strong></span> 
     </span>
    </p>
   </div>
   <div class='ocr_carea' id='block_1_69' title="bbox 2141 3534 3680 3613">
    <p class='ocr_par' dir='ltr' id='par_1_69' title="bbox 2194 3534 3680 3612">
     <span class='ocr_line' id='line_1_69' title="bbox 2194 3534 3680 3612; baseline 0.011 -27"><span class='ocrx_word' id='word_1_464' title='bbox 2194 3534 2284 3585; x_wconf 78' lang='grc' dir='ltr'><strong>ἐπὶ</strong></span> <span class='ocrx_word' id='word_1_465' title='bbox 2331 3535 2420 3588; x_wconf 80' lang='grc' dir='ltr'>τὸν</span> <span class='ocrx_word' id='word_1_466' title='bbox 2473 3537 2757 3609; x_wconf 81' lang='grc' dir='ltr'>Εὐφράτην</span> <span class='ocrx_word' id='word_1_467' title='bbox 2790 3543 3046 3612; x_wconf 76' lang='grc' dir='ltr'>ποταμὸν,</span> <span class='ocrx_word' id='word_1_468' title='bbox 3081 3546 3181 3598; x_wconf 74' lang='grc' dir='ltr'><strong>καὶ</strong></span> <span class='ocrx_word' id='word_1_469' title='bbox 3228 3547 3366 3599; x_wconf 85' lang='grc' dir='ltr'>πιὼν</span> <span class='ocrx_word' id='word_1_470' title='bbox 3414 3545 3561 3608; x_wconf 76' lang='grc' dir='ltr'>παίζει</span> <span class='ocrx_word' id='word_1_471' title='bbox 3593 3541 3680 3600; x_wconf 77' lang='grc' dir='ltr'>ταῖς</span> 
     </span>
    </p>
   </div>
   <div class='ocr_carea' id='block_1_70' title="bbox 534 3626 2073 3706">
    <p class='ocr_par' dir='ltr' id='par_1_70' title="bbox 534 3629 2073 3703">
     <span class='ocr_line' id='line_1_70' title="bbox 534 3629 2073 3703; baseline -0.005 -15"><span class='ocrx_word' id='word_1_472' title='bbox 534 3633 788 3695; x_wconf 89' lang='lat' dir='ltr'><strong>ericulas,</strong></span> <span class='ocrx_word' id='word_1_473' title='bbox 826 3649 944 3703; x_wconf 73' lang='lat' dir='ltr'><strong>qua:</strong></span> <span class='ocrx_word' id='word_1_474' title='bbox 965 3635 1108 3686; x_wconf 92' lang='lat' dir='ltr'><strong>circa</strong></span> <span class='ocrx_word' id='word_1_475' title='bbox 1132 3632 1370 3688; x_wconf 82' lang='lat' dir='ltr'><strong>fluminis</strong></span> <span class='ocrx_word' id='word_1_476' title='bbox 1415 3636 1560 3702; x_wconf 82' lang='lat' dir='ltr'><strong>ripas</strong></span> <span class='ocrx_word' id='word_1_477' title='bbox 1608 3632 1900 3696; x_wconf 88' lang='lat' dir='ltr'><strong>virescunt,</strong></span> <span class='ocrx_word' id='word_1_478' title='bbox 1955 3629 2073 3683; x_wconf 69' lang='lat' dir='ltr'><strong>ludit</strong></span> 
     </span>
    </p>
   </div>
   <div class='ocr_carea' id='block_1_71' title="bbox 2144 3626 3683 3706">
    <p class='ocr_par' dir='ltr' id='par_1_71' title="bbox 2193 3626 3683 3706">
     <span class='ocr_line' id='line_1_71' title="bbox 2193 3626 3683 3706; baseline 0.005 -29"><span class='ocrx_word' id='word_1_479' title='bbox 2193 3626 2503 3696; x_wconf 77' lang='grc' dir='ltr'>ἐρεικίναις,</span> <span class='ocrx_word' id='word_1_480' title='bbox 2529 3633 2647 3692; x_wconf 88' lang='grc' dir='ltr'>ταῖς</span> <span class='ocrx_word' id='word_1_481' title='bbox 2679 3630 2862 3694; x_wconf 72' lang='grc' dir='ltr'>οὔσαις</span> <span class='ocrx_word' id='word_1_482' title='bbox 2891 3633 3038 3704; x_wconf 84' lang='grc' dir='ltr'>παρὰ</span> <span class='ocrx_word' id='word_1_483' title='bbox 3066 3637 3192 3697; x_wconf 84' lang='grc' dir='ltr'>ταῖς</span> <span class='ocrx_word' id='word_1_484' title='bbox 3237 3635 3420 3706; x_wconf 77' lang='grc' dir='ltr'>ὄχθαις</span> <span class='ocrx_word' id='word_1_485' title='bbox 3455 3633 3532 3686; x_wconf 78' lang='grc' dir='ltr'>τοῦ</span> <span class='ocrx_word' id='word_1_486' title='bbox 3561 3645 3683 3683; x_wconf 79' lang='grc' dir='ltr'>ποτα.-</span> 
     </span>
    </p>
   </div>
   <div class='ocr_carea' id='block_1_72' title="bbox 535 3716 2074 3796">
    <p class='ocr_par' dir='ltr' id='par_1_72' title="bbox 535 3723 2074 3796">
     <span class='ocr_line' id='line_1_72' title="bbox 535 3723 2074 3796; baseline -0.002 -18"><span class='ocrx_word' id='word_1_487' title='bbox 535 3723 708 3795; x_wconf 89' lang='lat' dir='ltr'><strong>iisque</strong></span> <span class='ocrx_word' id='word_1_488' title='bbox 735 3727 1039 3796; x_wconf 82' lang='lat' dir='ltr'><strong>colligatur.</strong></span> <span class='ocrx_word' id='word_1_489' title='bbox 1073 3725 1282 3779; x_wconf 83' lang='lat' dir='ltr'><strong>Etenim</strong></span> <span class='ocrx_word' id='word_1_490' title='bbox 1316 3741 1437 3778; x_wconf 92' lang='lat' dir='ltr'><strong>cum</strong></span> <span class='ocrx_word' id='word_1_491' title='bbox 1473 3725 1582 3778; x_wconf 89' lang='lat' dir='ltr'><strong>sint</strong></span> <span class='ocrx_word' id='word_1_492' title='bbox 1609 3723 1861 3777; x_wconf 89' lang='lat' dir='ltr'><strong>tenuibus</strong></span> <span class='ocrx_word' id='word_1_493' title='bbox 1899 3730 1951 3776; x_wconf 92' lang='lat' dir='ltr'><strong>et</strong></span> <span class='ocrx_word' id='word_1_494' title='bbox 1978 3723 2074 3776; x_wconf 85' lang='lat' dir='ltr'><strong>lett-</strong></span> 
     </span>
    </p>
   </div>
   <div class='ocr_carea' id='block_1_73' title="bbox 2147 3716 3686 3796">
    <p class='ocr_par' dir='ltr' id='par_1_73' title="bbox 2193 3716 3686 3790">
     <span class='ocr_line' id='line_1_73' title="bbox 2193 3716 3686 3790; baseline 0.007 -23"><span class='ocrx_word' id='word_1_495' title='bbox 2193 3716 2314 3785; x_wconf 82' lang='grc' dir='ltr'>μοῦ,</span> <span class='ocrx_word' id='word_1_496' title='bbox 2369 3719 2461 3771; x_wconf 75' lang='grc' dir='ltr'><strong>καὶ</strong></span> <span class='ocrx_word' id='word_1_497' title='bbox 2515 3719 2786 3790; x_wconf 80' lang='grc' dir='ltr'>δεσμεῖται</span> <span class='ocrx_word' id='word_1_498' title='bbox 2839 3723 2929 3775; x_wconf 78' lang='grc' dir='ltr'>ὑπ’</span> <span class='ocrx_word' id='word_1_499' title='bbox 2980 3723 3186 3782; x_wconf 80' lang='grc' dir='ltr'>αὐτῶν.</span> <span class='ocrx_word' id='word_1_500' title='bbox 3244 3725 3569 3780; x_wconf 83' lang='grc' dir='ltr'>Λεπτόκλονοι</span> <span class='ocrx_word' id='word_1_501' title='bbox 3608 3720 3686 3789; x_wconf 72' lang='grc' dir='ltr'>γὰρ</span> 
     </span>
    </p>
   </div>
   <div class='ocr_carea' id='block_1_74' title="bbox 533 3808 2072 3890">
    <p class='ocr_par' dir='ltr' id='par_1_74' title="bbox 533 3814 2072 3884">
     <span class='ocr_line' id='line_1_74' title="bbox 533 3814 2072 3884; baseline -0.003 -15"><span class='ocrx_word' id='word_1_502' title='bbox 533 3815 604 3870; x_wconf 80' lang='lat' dir='ltr'><strong>tis</strong></span> <span class='ocrx_word' id='word_1_503' title='bbox 637 3816 890 3880; x_wconf 84' lang='lat' dir='ltr'><strong>surculis,</strong></span> <span class='ocrx_word' id='word_1_504' title='bbox 920 3817 1059 3872; x_wconf 91' lang='lat' dir='ltr'><strong>inter</strong></span> <span class='ocrx_word' id='word_1_505' title='bbox 1092 3832 1150 3871; x_wconf 87' lang='lat' dir='ltr'><strong>se</strong></span> <span class='ocrx_word' id='word_1_506' title='bbox 1205 3815 1464 3871; x_wconf 77' lang='lat' dir='ltr'><strong>cornibus</strong></span> <span class='ocrx_word' id='word_1_507' title='bbox 1526 3814 1671 3868; x_wconf 90' lang='lat' dir='ltr'><strong>illius</strong></span> <span class='ocrx_word' id='word_1_508' title='bbox 1719 3814 2072 3884; x_wconf 70' lang='lat' dir='ltr'><strong>implicantur,</strong></span> 
     </span>
    </p>
   </div>
   <div class='ocr_carea' id='block_1_75' title="bbox 2147 3808 3686 3890">
    <p class='ocr_par' dir='ltr' id='par_1_75' title="bbox 2189 3808 3686 3890">
     <span class='ocr_line' id='line_1_75' title="bbox 2189 3808 3686 3890; baseline 0.006 -30"><span class='ocrx_word' id='word_1_509' title='bbox 2189 3808 2545 3880; x_wconf 81' lang='grc' dir='ltr'>ὑπάρχουσαι,</span> <span class='ocrx_word' id='word_1_510' title='bbox 2577 3811 3117 3882; x_wconf 84' lang='grc' dir='ltr'>ἐμπλέκονταιαύτοῦ</span> <span class='ocrx_word' id='word_1_511' title='bbox 3152 3818 3284 3890; x_wconf 72' lang='grc' dir='ltr'>περὶ</span> <span class='ocrx_word' id='word_1_512' title='bbox 3311 3817 3375 3871; x_wconf 86' lang='grc' dir='ltr'>τὰ</span> <span class='ocrx_word' id='word_1_513' title='bbox 3406 3817 3597 3887; x_wconf 70' lang='grc' dir='ltr'>κέρατα,</span> <span class='ocrx_word' id='word_1_514' title='bbox 3619 3808 3686 3864; x_wconf 68' lang='grc' dir='ltr'>καὶ</span> 
     </span>
    </p>
   </div>
   <div class='ocr_carea' id='block_1_76' title="bbox 531 3898 2070 3981">
    <p class='ocr_par' dir='ltr' id='par_1_76' title="bbox 531 3904 2070 3981">
     <span class='ocr_line' id='line_1_76' title="bbox 531 3904 2070 3981; baseline -0.004 -15"><span class='ocrx_word' id='word_1_515' title='bbox 531 3909 621 3966; x_wconf 86' lang='lat' dir='ltr'><strong>illa</strong></span> <span class='ocrx_word' id='word_1_516' title='bbox 653 3925 871 3981; x_wconf 88' lang='lat' dir='ltr'><strong>gemens</strong></span> <span class='ocrx_word' id='word_1_517' title='bbox 912 3911 1204 3964; x_wconf 90' lang='lat' dir='ltr'><strong>clamorem</strong></span> <span class='ocrx_word' id='word_1_518' title='bbox 1241 3908 1382 3973; x_wconf 89' lang='lat' dir='ltr'><strong>edit;</strong></span> <span class='ocrx_word' id='word_1_519' title='bbox 1432 3904 1576 3976; x_wconf 87' lang='lat' dir='ltr'><strong>quod</strong></span> <span class='ocrx_word' id='word_1_520' title='bbox 1630 3921 1752 3959; x_wconf 92' lang='lat' dir='ltr'><strong>cum</strong></span> <span class='ocrx_word' id='word_1_521' title='bbox 1804 3913 2070 3960; x_wconf 67' lang='lat' dir='ltr'><strong>venatore:</strong></span> 
     </span>
    </p>
   </div>
   <div class='ocr_carea' id='block_1_77' title="bbox 2150 3898 3689 3981">
    <p class='ocr_par' dir='ltr' id='par_1_77' title="bbox 2189 3898 3689 3977">
     <span class='ocr_line' id='line_1_77' title="bbox 2189 3898 3689 3977; baseline 0.003 -25"><span class='ocrx_word' id='word_1_522' title='bbox 2189 3898 2319 3970; x_wconf 77' lang='grc' dir='ltr'><strong>βοᾷ’</strong></span> <span class='ocrx_word' id='word_1_523' title='bbox 2361 3903 2452 3954; x_wconf 76' lang='grc' dir='ltr'><strong>καὶ</strong></span> <span class='ocrx_word' id='word_1_524' title='bbox 2481 3903 2530 3954; x_wconf 88' lang='grc' dir='ltr'>οἱ</span> <span class='ocrx_word' id='word_1_525' title='bbox 2562 3906 2803 3976; x_wconf 80' lang='grc' dir='ltr'>κυνηγοὶ,</span> <span class='ocrx_word' id='word_1_526' title='bbox 2833 3905 3174 3977; x_wconf 78' lang='grc' dir='ltr'>αἰσθόμενοι,</span> <span class='ocrx_word' id='word_1_527' title='bbox 3211 3910 3410 3973; x_wconf 80' lang='grc' dir='ltr'>εὐθέως</span> <span class='ocrx_word' id='word_1_528' title='bbox 3443 3907 3579 3963; x_wconf 80' lang='grc' dir='ltr'>αὐτὸν</span> <span class='ocrx_word' id='word_1_529' title='bbox 3603 3901 3689 3956; x_wconf 83' lang='grc' dir='ltr'>συλ-</span> 
     </span>
    </p>
   </div>
   <div class='ocr_carea' id='block_1_78' title="bbox 529 3990 2068 4071">
    <p class='ocr_par' dir='ltr' id='par_1_78' title="bbox 529 3995 2068 4071">
     <span class='ocr_line' id='line_1_78' title="bbox 529 3995 2068 4071; baseline -0.005 -17"><span class='ocrx_word' id='word_1_530' title='bbox 529 4001 916 4071; x_wconf 82' lang='lat' dir='ltr'><strong>persenserint,</strong></span> <span class='ocrx_word' id='word_1_531' title='bbox 944 4000 1089 4052; x_wconf 91' lang='lat' dir='ltr'><strong>illico</strong></span> <span class='ocrx_word' id='word_1_532' title='bbox 1119 4013 1236 4052; x_wconf 88' lang='lat' dir='ltr'><strong>eam</strong></span> <span class='ocrx_word' id='word_1_533' title='bbox 1275 3997 1721 4066; x_wconf 84' lang='lat' dir='ltr'><strong>comprehensam</strong></span> <span class='ocrx_word' id='word_1_534' title='bbox 1747 3995 2068 4050; x_wconf 51' lang='lat' dir='ltr'><strong>interimunt.</strong></span> 
     </span>
    </p>
   </div>
   <div class='ocr_carea' id='block_1_79' title="bbox 1476 3990 3015 4071">
    <p class='ocr_par' dir='ltr' id='par_1_79' title="bbox 1476 3990 3015 4068">
     <span class='ocr_line' id='line_1_79' title="bbox 1476 3990 3015 4068; baseline 0 -18"><span class='ocrx_word' id='word_1_535' title='bbox 1476 3997 1721 4050; x_wconf 70' lang='lat' dir='ltr'><strong>ahensam</strong></span> <span class='ocrx_word' id='word_1_536' title='bbox 1747 3995 2079 4050; x_wconf 90' lang='lat' dir='ltr'><strong>interimunt.</strong></span> <span class='ocrx_word' id='word_1_537' title='bbox 2186 3990 2538 4061; x_wconf 74' lang='grc' dir='ltr'>λαμϐάνουσι,</span> <span class='ocrx_word' id='word_1_538' title='bbox 2573 3997 2666 4047; x_wconf 71' lang='grc' dir='ltr'>καὶ</span> <span class='ocrx_word' id='word_1_539' title='bbox 2691 3996 3015 4068; x_wconf 82' lang='grc' dir='ltr'>ἀναιροῦσιν.</span> 
     </span>
    </p>
   </div>
   <div class='ocr_carea' id='block_1_80' title="bbox 598 4085 2137 4164">
    <p class='ocr_par' dir='ltr' id='par_1_80' title="bbox 598 4086 2082 4161">
     <span class='ocr_line' id='line_1_80' title="bbox 598 4086 2082 4161; baseline -0.003 -18"><span class='ocrx_word' id='word_1_540' title='bbox 598 4090 694 4146; x_wconf 86' lang='lat' dir='ltr'><strong>Est</strong></span> <span class='ocrx_word' id='word_1_541' title='bbox 721 4100 775 4145; x_wconf 91' lang='lat' dir='ltr'><strong>et</strong></span> <span class='ocrx_word' id='word_1_542' title='bbox 796 4091 936 4160; x_wconf 90' lang='lat' dir='ltr'><strong>apud</strong></span> <span class='ocrx_word' id='word_1_543' title='bbox 972 4089 1220 4161; x_wconf 86' lang='lat' dir='ltr'><strong>Scythas,</strong></span> <span class='ocrx_word' id='word_1_544' title='bbox 1249 4105 1386 4159; x_wconf 89' lang='lat' dir='ltr'><strong>quos</strong></span> <span class='ocrx_word' id='word_1_545' title='bbox 1419 4087 1559 4142; x_wconf 86' lang='lat' dir='ltr'><strong>Loos</strong></span> <span class='ocrx_word' id='word_1_546' title='bbox 1589 4097 1802 4151; x_wconf 87' lang='lat' dir='ltr'><strong>vocant,</strong></span> <span class='ocrx_word' id='word_1_547' title='bbox 1837 4086 1968 4149; x_wconf 91' lang='lat' dir='ltr'><strong>fera,</strong></span> <span class='ocrx_word' id='word_1_548' title='bbox 2003 4095 2082 4139; x_wconf 90' lang='lat' dir='ltr'><strong>ta-</strong></span> 
     </span>
    </p>
   </div>
   <div class='ocr_carea' id='block_1_81' title="bbox 2148 4085 3687 4164">
    <p class='ocr_par' dir='ltr' id='par_1_81' title="bbox 2255 4085 3687 4164">
     <span class='ocr_line' id='line_1_81' title="bbox 2255 4085 3687 4164; baseline 0.007 -28"><span class='ocrx_word' id='word_1_549' title='bbox 2255 4085 2409 4137; x_wconf 84' lang='grc' dir='ltr'>Ἔστι</span> <span class='ocrx_word' id='word_1_550' title='bbox 2440 4085 2496 4138; x_wconf 86' lang='grc' dir='ltr'>δὲ</span> <span class='ocrx_word' id='word_1_551' title='bbox 2540 4087 2598 4138; x_wconf 87' lang='grc' dir='ltr'><strong>ἐν</strong></span> <span class='ocrx_word' id='word_1_552' title='bbox 2638 4090 2748 4150; x_wconf 84' lang='grc' dir='ltr'>τοῖς</span> <span class='ocrx_word' id='word_1_553' title='bbox 2785 4088 3014 4152; x_wconf 82' lang='grc' dir='ltr'>Σκύθαις</span> <span class='ocrx_word' id='word_1_554' title='bbox 3039 4093 3154 4155; x_wconf 84' lang='grc' dir='ltr'>τοῖς</span> <span class='ocrx_word' id='word_1_555' title='bbox 3188 4093 3522 4164; x_wconf 82' lang='grc' dir='ltr'>καλουμένοις</span> <span class='ocrx_word' id='word_1_556' title='bbox 3555 4087 3687 4146; x_wconf 68' lang='lat' dir='ltr'><strong>Mm;</strong></span> 
     </span>
    </p>
   </div>
   <div class='ocr_carea' id='block_1_82' title="bbox 524 4172 2063 4254">
    <p class='ocr_par' dir='ltr' id='par_1_82' title="bbox 524 4179 2063 4251">
     <span class='ocr_line' id='line_1_82' title="bbox 524 4179 2063 4251; baseline -0.005 -12"><span class='ocrx_word' id='word_1_557' title='bbox 524 4185 731 4240; x_wconf 82' lang='lat' dir='ltr'><strong>randus</strong></span> <span class='ocrx_word' id='word_1_558' title='bbox 759 4184 997 4244; x_wconf 89' lang='lat' dir='ltr'><strong>nomine,</strong></span> <span class='ocrx_word' id='word_1_559' title='bbox 1035 4184 1120 4237; x_wconf 91' lang='lat' dir='ltr'><strong>cui</strong></span> <span class='ocrx_word' id='word_1_560' title='bbox 1155 4179 1469 4251; x_wconf 84' lang='lat' dir='ltr'><strong>magnitudo</strong></span> <span class='ocrx_word' id='word_1_561' title='bbox 1489 4194 1607 4248; x_wconf 79' lang='lat' dir='ltr'><strong>quae</strong></span> <span class='ocrx_word' id='word_1_562' title='bbox 1638 4179 1780 4242; x_wconf 86' lang='lat' dir='ltr'><strong>bovi,</strong></span> <span class='ocrx_word' id='word_1_563' title='bbox 1829 4191 2063 4248; x_wconf 71' lang='lat' dir='ltr'><strong>aspectu:</strong></span> 
     </span>
    </p>
   </div>
   <div class='ocr_carea' id='block_1_83' title="bbox 2144 4172 3683 4254">
    <p class='ocr_par' dir='ltr' id='par_1_83' title="bbox 2152 4172 3683 4254">
     <span class='ocr_line' id='line_1_83' title="bbox 2152 4172 3683 4254; baseline 0.012 -30"><span class='ocrx_word' id='word_1_564' title='bbox 2152 4217 2154 4222; x_wconf 48' lang='grc' dir='ltr'><strong>τ</strong></span> <span class='ocrx_word' id='word_1_565' title='bbox 2183 4172 2318 4236; x_wconf 79' lang='grc' dir='ltr'>ζῶον</span> <span class='ocrx_word' id='word_1_566' title='bbox 2365 4175 2686 4246; x_wconf 81' lang='grc' dir='ltr'>καλούμενον</span> <span class='ocrx_word' id='word_1_567' title='bbox 2731 4177 3006 4249; x_wconf 84' lang='grc' dir='ltr'>τάρανδος,</span> <span class='ocrx_word' id='word_1_568' title='bbox 3049 4181 3283 4251; x_wconf 84' lang='grc' dir='ltr'>μέγεθος</span> <span class='ocrx_word' id='word_1_569' title='bbox 3319 4185 3432 4254; x_wconf 78' lang='grc' dir='ltr'>ἕχον</span> <span class='ocrx_word' id='word_1_570' title='bbox 3467 4181 3586 4252; x_wconf 70' lang='grc' dir='ltr'><strong>βοὸς,</strong></span> <span class='ocrx_word' id='word_1_571' title='bbox 3613 4176 3683 4244; x_wconf 64' lang='grc' dir='ltr'><strong>τὴν</strong></span> 
     </span>
    </p>
   </div>
   <div class='ocr_carea' id='block_1_84' title="bbox 522 4266 2061 4348">
    <p class='ocr_par' dir='ltr' id='par_1_84' title="bbox 522 4270 2061 4348">
     <span class='ocr_line' id='line_1_84' title="bbox 522 4270 2061 4348; baseline -0.005 -17"><span class='ocrx_word' id='word_1_572' title='bbox 522 4277 614 4348; x_wconf 89' lang='lat' dir='ltr'><strong>qui</strong></span> <span class='ocrx_word' id='word_1_573' title='bbox 647 4291 840 4342; x_wconf 90' lang='lat' dir='ltr'><strong>cervo;</strong></span> <span class='ocrx_word' id='word_1_574' title='bbox 885 4275 1047 4344; x_wconf 84' lang='lat' dir='ltr'><strong>fitque</strong></span> <span class='ocrx_word' id='word_1_575' title='bbox 1093 4272 1349 4328; x_wconf 88' lang='lat' dir='ltr'><strong>assimilis</strong></span> <span class='ocrx_word' id='word_1_576' title='bbox 1380 4271 1684 4338; x_wconf 86' lang='lat' dir='ltr'><strong>cuicunque</strong></span> <span class='ocrx_word' id='word_1_577' title='bbox 1729 4270 1803 4323; x_wconf 91' lang='lat' dir='ltr'><strong>rei</strong></span> <span class='ocrx_word' id='word_1_578' title='bbox 1839 4272 2061 4338; x_wconf 65' lang='lat' dir='ltr'><strong>proxime</strong></span> 
     </span>
    </p>
   </div>
   <div class='ocr_carea' id='block_1_85' title="bbox 2146 4266 3685 4348">
    <p class='ocr_par' dir='ltr' id='par_1_85' title="bbox 2146 4266 3685 4348">
     <span class='ocr_line' id='line_1_85' title="bbox 2146 4266 3685 4348; baseline 0 -28"><span class='ocrx_word' id='word_1_579' title='bbox 2146 4337 2152 4348; x_wconf 30' lang='grc' dir='ltr'>λ</span> <span class='ocrx_word' id='word_1_580' title='bbox 2180 4266 2236 4320; x_wconf 82' lang='grc' dir='ltr'>δὲ</span> <span class='ocrx_word' id='word_1_581' title='bbox 2263 4267 2381 4336; x_wconf 64' lang='grc' dir='ltr'>ὄψιν</span> <span class='ocrx_word' id='word_1_582' title='bbox 2405 4270 2500 4339; x_wconf 82' lang='grc' dir='ltr'>τῆς</span> <span class='ocrx_word' id='word_1_583' title='bbox 2527 4269 2617 4323; x_wconf 80' lang='grc' dir='ltr'>τοῦ</span> <span class='ocrx_word' id='word_1_584' title='bbox 2647 4269 2844 4340; x_wconf 80' lang='grc' dir='ltr'>ἐλάφου</span> <span class='ocrx_word' id='word_1_585' title='bbox 2887 4275 3292 4346; x_wconf 78' lang='grc' dir='ltr'>παραπλήσιον.</span> <span class='ocrx_word' id='word_1_586' title='bbox 3329 4276 3431 4329; x_wconf 68' lang='grc' dir='ltr'><strong>Καὶ</strong></span> <span class='ocrx_word' id='word_1_587' title='bbox 3461 4277 3558 4327; x_wconf 81' lang='grc' dir='ltr'>ἐστι</span> <span class='ocrx_word' id='word_1_588' title='bbox 3594 4271 3685 4322; x_wconf 69' lang='grc' dir='ltr'>δυσ-</span> 
     </span>
    </p>
   </div>
   <div class='ocr_carea' id='block_1_86' title="bbox 521 4326 2060 4439">
    <p class='ocr_par' dir='ltr' id='par_1_86' title="bbox 521 4362 2060 4435">
     <span class='ocr_line' id='line_1_86' title="bbox 521 4362 2060 4435; baseline -0.006 -12"><span class='ocrx_word' id='word_1_589' title='bbox 521 4368 750 4431; x_wconf 88' lang='lat' dir='ltr'><strong>venerit,</strong></span> <span class='ocrx_word' id='word_1_590' title='bbox 785 4367 1128 4435; x_wconf 88' lang='lat' dir='ltr'><strong>coloremque</strong></span> <span class='ocrx_word' id='word_1_591' title='bbox 1150 4366 1386 4418; x_wconf 88' lang='lat' dir='ltr'><strong>omnium</strong></span> <span class='ocrx_word' id='word_1_592' title='bbox 1417 4364 1614 4425; x_wconf 89' lang='lat' dir='ltr'><strong>reddit,</strong></span> <span class='ocrx_word' id='word_1_593' title='bbox 1647 4365 1758 4418; x_wconf 88' lang='lat' dir='ltr'><strong>sive</strong></span> <span class='ocrx_word' id='word_1_594' title='bbox 1783 4362 1871 4415; x_wconf 91' lang='lat' dir='ltr'><strong>illa</strong></span> <span class='ocrx_word' id='word_1_595' title='bbox 1893 4364 2060 4416; x_wconf 30' lang='lat' dir='ltr'><strong>arbor.</strong></span> 
     </span>
    </p>
   </div>
   <div class='ocr_carea' id='block_1_87' title="bbox 2144 4326 3683 4439">
    <p class='ocr_par' dir='ltr' id='par_1_87' title="bbox 2144 4326 3683 4439">
     <span class='ocr_line' id='line_1_87' title="bbox 2144 4326 3683 4439; baseline 0.003 -31"><span class='ocrx_word' id='word_1_596' title='bbox 2144 4334 2152 4373; x_wconf 66' lang='grc'><em>’</em></span> <span class='ocrx_word' id='word_1_597' title='bbox 2181 4326 2432 4429; x_wconf 76' lang='grc' dir='ltr'>θήρα-ιον,</span> <span class='ocrx_word' id='word_1_598' title='bbox 2581 4362 2719 4433; x_wconf 75' lang='grc' dir='ltr'>πρὸς</span> <span class='ocrx_word' id='word_1_599' title='bbox 2752 4326 2818 4414; x_wconf 69' lang='grc' dir='ltr'><strong>τὰ</strong></span> <span class='ocrx_word' id='word_1_600' title='bbox 2861 4326 3048 4436; x_wconf 81' lang='grc' dir='ltr'>δένδρα</span> <span class='ocrx_word' id='word_1_601' title='bbox 3068 4326 3075 4328; x_wconf 13' lang='grc' dir='ltr'>ἡ</span> <span class='ocrx_word' id='word_1_602' title='bbox 3458 4326 3539 4418; x_wconf 78' lang='grc' dir='ltr'>καὶ</span> <span class='ocrx_word' id='word_1_603' title='bbox 3579 4360 3683 4432; x_wconf 68' lang='grc' dir='ltr'>πρὸς</span> 
     </span>
    </p>
   </div>
   <div class='ocr_carea' id='block_1_88' title="bbox 515 4446 2054 4527">
    <p class='ocr_par' dir='ltr' id='par_1_88' title="bbox 515 4451 2053 4525">
     <span class='ocr_line' id='line_1_88' title="bbox 515 4451 2053 4525; baseline -0.007 -9"><span class='ocrx_word' id='word_1_604' title='bbox 515 4461 634 4516; x_wconf 85' lang='lat' dir='ltr'><strong>sive</strong></span> <span class='ocrx_word' id='word_1_605' title='bbox 663 4469 827 4522; x_wconf 91' lang='lat' dir='ltr'><strong>terra,</strong></span> <span class='ocrx_word' id='word_1_606' title='bbox 859 4459 971 4512; x_wconf 90' lang='lat' dir='ltr'><strong>sive</strong></span> <span class='ocrx_word' id='word_1_607' title='bbox 992 4457 1195 4525; x_wconf 90' lang='lat' dir='ltr'><strong>aliquid</strong></span> <span class='ocrx_word' id='word_1_608' title='bbox 1225 4455 1371 4509; x_wconf 90' lang='lat' dir='ltr'><strong>aliud</strong></span> <span class='ocrx_word' id='word_1_609' title='bbox 1401 4455 1499 4522; x_wconf 89' lang='lat' dir='ltr'><strong>sit;</strong></span> <span class='ocrx_word' id='word_1_610' title='bbox 1526 4456 1651 4509; x_wconf 88' lang='lat' dir='ltr'><strong>hinc</strong></span> <span class='ocrx_word' id='word_1_611' title='bbox 1683 4454 1858 4510; x_wconf 89' lang='lat' dir='ltr'><strong>evenit</strong></span> <span class='ocrx_word' id='word_1_612' title='bbox 1891 4461 1949 4506; x_wconf 93' lang='lat' dir='ltr'><strong>ut</strong></span> <span class='ocrx_word' id='word_1_613' title='bbox 1971 4451 2053 4507; x_wconf 90' lang='lat' dir='ltr'><strong>dif</strong></span> 
     </span>
    </p>
   </div>
   <div class='ocr_carea' id='block_1_89' title="bbox 2141 4446 3680 4527">
    <p class='ocr_par' dir='ltr' id='par_1_89' title="bbox 2177 4446 3680 4527">
     <span class='ocr_line' id='line_1_89' title="bbox 2177 4446 3680 4527; baseline -0.006 -13"><span class='ocrx_word' id='word_1_614' title='bbox 2177 4450 2352 4503; x_wconf 83' lang='grc' dir='ltr'>πάντα</span> <span class='ocrx_word' id='word_1_615' title='bbox 2384 4446 2463 4514; x_wconf 73' lang='grc' dir='ltr'>οἷς</span> <span class='ocrx_word' id='word_1_616' title='bbox 2493 4452 2558 4504; x_wconf 83' lang='grc' dir='ltr'>ἂν</span> <span class='ocrx_word' id='word_1_617' title='bbox 2590 4453 2776 4524; x_wconf 75' lang='grc' dir='ltr'>ἐγγίζῃ</span> <span class='ocrx_word' id='word_1_618' title='bbox 2803 4453 2898 4522; x_wconf 78' lang='grc' dir='ltr'>τὴν</span> <span class='ocrx_word' id='word_1_619' title='bbox 2932 4455 3115 4525; x_wconf 73' lang='grc' dir='ltr'>χροιὰν</span> <span class='ocrx_word' id='word_1_620' title='bbox 3154 4457 3518 4527; x_wconf 79' lang='grc' dir='ltr'>μεταϐάλλειν,</span> <span class='ocrx_word' id='word_1_621' title='bbox 3543 4453 3680 4520; x_wconf 74' lang='grc' dir='ltr'>καὶιῇ</span> 
     </span>
    </p>
   </div>
   <div class='ocr_carea' id='block_1_90' title="bbox 517 4541 2056 4624">
    <p class='ocr_par' dir='ltr' id='par_1_90' title="bbox 517 4544 2051 4624">
     <span class='ocr_line' id='line_1_90' title="bbox 517 4544 2051 4624; baseline -0.005 -18"><span class='ocrx_word' id='word_1_622' title='bbox 517 4551 734 4606; x_wconf 86' lang='lat' dir='ltr'><strong>ticulter</strong></span> <span class='ocrx_word' id='word_1_623' title='bbox 766 4550 885 4620; x_wconf 90' lang='lat' dir='ltr'><strong>capi</strong></span> <span class='ocrx_word' id='word_1_624' title='bbox 914 4548 1107 4624; x_wconf 82' lang='lat' dir='ltr'><strong>possit,</strong></span> <span class='ocrx_word' id='word_1_625' title='bbox 1155 4548 1558 4616; x_wconf 87' lang='lat' dir='ltr'><strong>multorumque</strong></span> <span class='ocrx_word' id='word_1_626' title='bbox 1610 4545 1854 4600; x_wconf 77' lang='lat' dir='ltr'><strong>notitiam</strong></span> <span class='ocrx_word' id='word_1_627' title='bbox 1883 4544 2051 4614; x_wconf 83' lang='lat' dir='ltr'><strong>fugiat</strong></span> 
     </span>
    </p>
   </div>
   <div class='ocr_carea' id='block_1_91' title="bbox 2141 4541 3680 4624">
    <p class='ocr_par' dir='ltr' id='par_1_91' title="bbox 2174 4541 3680 4616">
     <span class='ocr_line' id='line_1_91' title="bbox 2174 4541 3680 4616; baseline 0.003 -23"><span class='ocrx_word' id='word_1_628' title='bbox 2174 4541 2392 4594; x_wconf 76' lang='grc' dir='ltr'>ἐκείνων</span> <span class='ocrx_word' id='word_1_629' title='bbox 2424 4543 2807 4613; x_wconf 77' lang='grc' dir='ltr'>ἀφομοιοῦσθαι</span> <span class='ocrx_word' id='word_1_630' title='bbox 2843 4545 2982 4616; x_wconf 71' lang='grc' dir='ltr'>ἰδέᾳ,</span> <span class='ocrx_word' id='word_1_631' title='bbox 3019 4548 3110 4600; x_wconf 76' lang='grc' dir='ltr'><strong>καὶ</strong></span> <span class='ocrx_word' id='word_1_632' title='bbox 3135 4548 3228 4601; x_wconf 82' lang='grc' dir='ltr'>διὰ</span> <span class='ocrx_word' id='word_1_633' title='bbox 3253 4549 3406 4602; x_wconf 76' lang='grc' dir='ltr'>τοῦτο</span> <span class='ocrx_word' id='word_1_634' title='bbox 3434 4545 3556 4601; x_wconf 82' lang='grc' dir='ltr'>εἶναι</span> <span class='ocrx_word' id='word_1_635' title='bbox 3583 4542 3680 4595; x_wconf 70' lang='grc' dir='ltr'>πολ·</span> 
     </span>
    </p>
   </div>
   <div class='ocr_carea' id='block_1_92' title="bbox 2173 4630 2722 4702">
    <p class='ocr_par' dir='ltr' id='par_1_92' title="bbox 2173 4630 2722 4702">
     <span class='ocr_line' id='line_1_92' title="bbox 2173 4630 2722 4702; baseline 0.007 -18"><span class='ocrx_word' id='word_1_636' title='bbox 2173 4630 2283 4695; x_wconf 86' lang='grc' dir='ltr'>λοίς</span> <span class='ocrx_word' id='word_1_637' title='bbox 2307 4635 2722 4702; x_wconf 84' lang='grc' dir='ltr'>ἀνεπίγνωστον.</span> 
     </span>
    </p>
   </div>
   <div class='ocr_carea' id='block_1_93' title="bbox 586 4720 2125 4801">
    <p class='ocr_par' dir='ltr' id='par_1_93' title="bbox 586 4720 2072 4781">
     <span class='ocr_line' id='line_1_93' title="bbox 586 4720 2072 4781; baseline -0.003 -1"><span class='ocrx_word' id='word_1_638' title='bbox 586 4724 787 4781; x_wconf 85' lang='lat' dir='ltr'><strong>Eadem</strong></span> <span class='ocrx_word' id='word_1_639' title='bbox 819 4725 1032 4780; x_wconf 87' lang='lat' dir='ltr'><strong>ratione</strong></span> <span class='ocrx_word' id='word_1_640' title='bbox 1059 4722 1459 4779; x_wconf 73' lang='lat' dir='ltr'><strong>etchamaeleon</strong></span> <span class='ocrx_word' id='word_1_641' title='bbox 1485 4728 1659 4775; x_wconf 87' lang='lat' dir='ltr'><strong>mutat</strong></span> <span class='ocrx_word' id='word_1_642' title='bbox 1689 4720 1922 4776; x_wconf 91' lang='lat' dir='ltr'><strong>colorem</strong></span> <span class='ocrx_word' id='word_1_643' title='bbox 1952 4721 2072 4778; x_wconf 87' lang='lat' dir='ltr'><strong>red-</strong></span> 
     </span>
    </p>
   </div>
   <div class='ocr_carea' id='block_1_94' title="bbox 2136 4720 3675 4801">
    <p class='ocr_par' dir='ltr' id='par_1_94' title="bbox 2254 4725 3675 4801">
     <span class='ocr_line' id='line_1_94' title="bbox 2254 4725 3675 4801; baseline 0.005 -23"><span class='ocrx_word' id='word_1_644' title='bbox 2254 4727 2482 4797; x_wconf 86' lang='grc' dir='ltr'>Ὁμοίως</span> <span class='ocrx_word' id='word_1_645' title='bbox 2524 4727 2580 4780; x_wconf 85' lang='grc' dir='ltr'><strong>δέ</strong></span> <span class='ocrx_word' id='word_1_646' title='bbox 2616 4729 2708 4780; x_wconf 74' lang='grc' dir='ltr'>καὶ</span> <span class='ocrx_word' id='word_1_647' title='bbox 2757 4731 2785 4782; x_wconf 87' lang='grc' dir='ltr'>ὁ</span> <span class='ocrx_word' id='word_1_648' title='bbox 2832 4731 3136 4801; x_wconf 83' lang='grc' dir='ltr'>χαμαιλέων</span> <span class='ocrx_word' id='word_1_649' title='bbox 3166 4734 3252 4797; x_wconf 85' lang='grc' dir='ltr'>εἰς</span> <span class='ocrx_word' id='word_1_650' title='bbox 3286 4735 3426 4797; x_wconf 82' lang='grc' dir='ltr'>οἴους</span> <span class='ocrx_word' id='word_1_651' title='bbox 3465 4731 3519 4783; x_wconf 79' lang='grc' dir='ltr'>ἂν</span> <span class='ocrx_word' id='word_1_652' title='bbox 3559 4725 3675 4794; x_wconf 71' lang='grc' dir='ltr'>ἕρπει</span> 
     </span>
    </p>
   </div>
   <div class='ocr_carea' id='block_1_95' title="bbox 515 4812 2054 4893">
    <p class='ocr_par' dir='ltr' id='par_1_95' title="bbox 515 4812 2054 4887">
     <span class='ocr_line' id='line_1_95' title="bbox 515 4812 2054 4887; baseline -0.005 -14"><span class='ocrx_word' id='word_1_653' title='bbox 515 4816 700 4887; x_wconf 89' lang='lat' dir='ltr'><strong>ditque</strong></span> <span class='ocrx_word' id='word_1_654' title='bbox 757 4831 1133 4886; x_wconf 89' lang='lat' dir='ltr'><strong>quemcunque</strong></span> <span class='ocrx_word' id='word_1_655' title='bbox 1205 4814 1450 4885; x_wconf 80' lang='lat' dir='ltr'><strong>proxime</strong></span> <span class='ocrx_word' id='word_1_656' title='bbox 1509 4813 1744 4882; x_wconf 86' lang='lat' dir='ltr'><strong>attingit,</strong></span> <span class='ocrx_word' id='word_1_657' title='bbox 1796 4812 1911 4867; x_wconf 88' lang='lat' dir='ltr'><strong>sive</strong></span> <span class='ocrx_word' id='word_1_658' title='bbox 1976 4828 2054 4882; x_wconf 77' lang='lat' dir='ltr'><strong>per</strong></span> 
     </span>
    </p>
   </div>
   <div class='ocr_carea' id='block_1_96' title="bbox 2134 4812 3673 4893">
    <p class='ocr_par' dir='ltr' id='par_1_96' title="bbox 2169 4815 3673 4893">
     <span class='ocr_line' id='line_1_96' title="bbox 2169 4815 3673 4893; baseline 0 -23"><span class='ocrx_word' id='word_1_659' title='bbox 2169 4815 2452 4886; x_wconf 84' lang='grc' dir='ltr'>λειμῶνας,</span> <span class='ocrx_word' id='word_1_660' title='bbox 2485 4820 2578 4873; x_wconf 76' lang='grc' dir='ltr'><strong>καὶ</strong></span> <span class='ocrx_word' id='word_1_661' title='bbox 2604 4819 2771 4890; x_wconf 83' lang='grc' dir='ltr'>ἐδάφη</span> <span class='ocrx_word' id='word_1_662' title='bbox 2793 4819 2947 4892; x_wconf 74' lang='grc' dir='ltr'>ξηρὰ,</span> <span class='ocrx_word' id='word_1_663' title='bbox 2972 4823 3068 4893; x_wconf 74' lang='grc' dir='ltr'>τὴν</span> <span class='ocrx_word' id='word_1_664' title='bbox 3090 4824 3286 4893; x_wconf 77' lang='grc' dir='ltr'>χροιὰν</span> <span class='ocrx_word' id='word_1_665' title='bbox 3321 4823 3518 4878; x_wconf 78' lang='grc' dir='ltr'>ἐκείνων</span> <span class='ocrx_word' id='word_1_666' title='bbox 3545 4828 3673 4887; x_wconf 79' lang='grc' dir='ltr'>μετα-</span> 
     </span>
    </p>
   </div>
   <div class='ocr_carea' id='block_1_97' title="bbox 513 4903 2450 4980">
    <p class='ocr_par' dir='ltr' id='par_1_97' title="bbox 513 4903 2450 4980">
     <span class='ocr_line' id='line_1_97' title="bbox 513 4903 2450 4980; baseline 0 -18"><span class='ocrx_word' id='word_1_667' title='bbox 513 4918 792 4980; x_wconf 84' lang='lat' dir='ltr'><strong>pratorum</strong></span> <span class='ocrx_word' id='word_1_668' title='bbox 823 4908 1170 4972; x_wconf 87' lang='lat' dir='ltr'><strong>viriditatem,</strong></span> <span class='ocrx_word' id='word_1_669' title='bbox 1210 4907 1323 4962; x_wconf 83' lang='lat' dir='ltr'><strong>sive</strong></span> <span class='ocrx_word' id='word_1_670' title='bbox 1357 4920 1451 4976; x_wconf 86' lang='lat' dir='ltr'><strong>per</strong></span> <span class='ocrx_word' id='word_1_671' title='bbox 1487 4905 1589 4960; x_wconf 90' lang='lat' dir='ltr'><strong>soli</strong></span> <span class='ocrx_word' id='word_1_672' title='bbox 1625 4903 1922 4959; x_wconf 91' lang='lat' dir='ltr'><strong>siccitatem</strong></span> <span class='ocrx_word' id='word_1_673' title='bbox 1950 4918 2068 4958; x_wconf 85' lang='lat' dir='ltr'><strong>ser-</strong></span> <span class='ocrx_word' id='word_1_674' title='bbox 2168 4907 2450 4980; x_wconf 74' lang='grc' dir='ltr'>λαμϐάνει.</span> 
     </span>
    </p>
   </div>
   <div class='ocr_carea' id='block_1_98' title="bbox 511 5015 625 5076">
    <p class='ocr_par' dir='ltr' id='par_1_98' title="bbox 511 5015 625 5076">
     <span class='ocr_line' id='line_1_98' title="bbox 511 5015 625 5076; baseline 0.009 -16"><span class='ocrx_word' id='word_1_675' title='bbox 511 5015 625 5076; x_wconf 86' lang='lat' dir='ltr'><strong>pat.</strong></span> 
     </span>
    </p>
   </div>
   <div class='ocr_carea' id='block_1_99' title="bbox 579 5087 2118 5165">
    <p class='ocr_par' dir='ltr' id='par_1_99' title="bbox 579 5090 2065 5163">
     <span class='ocr_line' id='line_1_99' title="bbox 579 5090 2065 5163; baseline -0.007 -8"><span class='ocrx_word' id='word_1_676' title='bbox 579 5097 755 5154; x_wconf 86' lang='lat' dir='ltr'><strong>Cervo</strong></span> <span class='ocrx_word' id='word_1_677' title='bbox 779 5096 919 5153; x_wconf 91' lang='lat' dir='ltr'><strong>inest</strong></span> <span class='ocrx_word' id='word_1_678' title='bbox 947 5109 1044 5152; x_wconf 89' lang='lat' dir='ltr'><strong>sua</strong></span> <span class='ocrx_word' id='word_1_679' title='bbox 1077 5093 1360 5157; x_wconf 87' lang='lat' dir='ltr'><strong>timiditas,</strong></span> <span class='ocrx_word' id='word_1_680' title='bbox 1386 5107 1694 5163; x_wconf 89' lang='lat' dir='ltr'><strong>quanquam</strong></span> <span class='ocrx_word' id='word_1_681' title='bbox 1725 5091 1796 5147; x_wconf 91' lang='lat' dir='ltr'><strong>sit</strong></span> <span class='ocrx_word' id='word_1_682' title='bbox 1818 5090 2065 5146; x_wconf 89' lang='lat' dir='ltr'><strong>acerrimi</strong></span> 
     </span>
    </p>
   </div>
   <div class='ocr_carea' id='block_1_100' title="bbox 2123 5087 3662 5165">
    <p class='ocr_par' dir='ltr' id='par_1_100' title="bbox 2235 5087 3662 5165">
     <span class='ocr_line' id='line_1_100' title="bbox 2235 5087 3662 5165; baseline -0.007 -21"><span class='ocrx_word' id='word_1_683' title='bbox 2235 5091 2412 5145; x_wconf 73' lang='grc' dir='ltr'>Δειλον</span> <span class='ocrx_word' id='word_1_684' title='bbox 2445 5093 2476 5162; x_wconf 78' lang='grc' dir='ltr'><strong>ἡ</strong></span> <span class='ocrx_word' id='word_1_685' title='bbox 2504 5091 2696 5161; x_wconf 79' lang='grc' dir='ltr'>ἔλαφος</span> <span class='ocrx_word' id='word_1_686' title='bbox 2726 5091 2817 5145; x_wconf 80' lang='grc' dir='ltr'><strong>καὶ</strong></span> <span class='ocrx_word' id='word_1_687' title='bbox 2838 5090 3135 5164; x_wconf 76' lang='grc' dir='ltr'>ὀξυδερκὲς,</span> <span class='ocrx_word' id='word_1_688' title='bbox 3174 5093 3273 5147; x_wconf 80' lang='grc' dir='ltr'><strong>καὶ</strong></span> <span class='ocrx_word' id='word_1_689' title='bbox 3305 5093 3436 5165; x_wconf 68' lang='grc' dir='ltr'>πρὸς</span> <span class='ocrx_word' id='word_1_690' title='bbox 3460 5089 3518 5142; x_wconf 83' lang='grc' dir='ltr'>τὰ</span> <span class='ocrx_word' id='word_1_691' title='bbox 3542 5087 3662 5156; x_wconf 77' lang='grc' dir='ltr'>ἑρπε-</span> 
     </span>
    </p>
   </div>
   <div class='ocr_carea' id='block_1_101' title="bbox 509 5173 2048 5261">
    <p class='ocr_par' dir='ltr' id='par_1_101' title="bbox 509 5182 2048 5261">
     <span class='ocr_line' id='line_1_101' title="bbox 509 5182 2048 5261; baseline -0.004 -17"><span class='ocrx_word' id='word_1_692' title='bbox 509 5190 663 5246; x_wconf 85' lang='lat' dir='ltr'><strong>visus</strong></span> <span class='ocrx_word' id='word_1_693' title='bbox 691 5203 1034 5261; x_wconf 89' lang='lat' dir='ltr'><strong>pugnamque</strong></span> <span class='ocrx_word' id='word_1_694' title='bbox 1082 5201 1206 5240; x_wconf 91' lang='lat' dir='ltr'><strong>cum</strong></span> <span class='ocrx_word' id='word_1_695' title='bbox 1260 5185 1582 5239; x_wconf 90' lang='lat' dir='ltr'><strong>animalibus</strong></span> <span class='ocrx_word' id='word_1_696' title='bbox 1611 5198 1730 5254; x_wconf 72' lang='lat' dir='ltr'><strong>qua:</strong></span> <span class='ocrx_word' id='word_1_697' title='bbox 1775 5182 1922 5236; x_wconf 89' lang='lat' dir='ltr'><strong>humi</strong></span> <span class='ocrx_word' id='word_1_698' title='bbox 1978 5198 2048 5238; x_wconf 72' lang='lat' dir='ltr'><strong>re</strong></span> 
     </span>
    </p>
   </div>
   <div class='ocr_carea' id='block_1_102' title="bbox 2118 5173 3657 5261">
    <p class='ocr_par' dir='ltr' id='par_1_102' title="bbox 2163 5173 3657 5255">
     <span class='ocr_line' id='line_1_102' title="bbox 2163 5173 3657 5255; baseline -0.005 -19"><span class='ocrx_word' id='word_1_699' title='bbox 2163 5182 2230 5236; x_wconf 77' lang='grc' dir='ltr'>τὰ</span> <span class='ocrx_word' id='word_1_700' title='bbox 2262 5181 2421 5254; x_wconf 83' lang='grc' dir='ltr'>θηρία</span> <span class='ocrx_word' id='word_1_701' title='bbox 2455 5183 2736 5253; x_wconf 80' lang='grc' dir='ltr'>πολέμιον’</span> <span class='ocrx_word' id='word_1_702' title='bbox 2782 5184 2876 5236; x_wconf 70' lang='grc' dir='ltr'><strong>καὶ</strong></span> <span class='ocrx_word' id='word_1_703' title='bbox 2919 5185 2967 5236; x_wconf 77' lang='grc' dir='ltr'><strong>εἰ</strong></span> <span class='ocrx_word' id='word_1_704' title='bbox 2994 5182 3236 5255; x_wconf 80' lang='grc' dir='ltr'>διαφύγῃ</span> <span class='ocrx_word' id='word_1_705' title='bbox 3264 5184 3428 5254; x_wconf 79' lang='grc' dir='ltr'>αὐτὴν</span> <span class='ocrx_word' id='word_1_706' title='bbox 3448 5182 3566 5248; x_wconf 76' lang='grc' dir='ltr'>ὄφις,</span> <span class='ocrx_word' id='word_1_707' title='bbox 3593 5173 3657 5228; x_wconf 75' lang='grc' dir='ltr'><strong>καὶ</strong></span> 
     </span>
    </p>
   </div>
   <div class='ocr_carea' id='block_1_103' title="bbox 509 5272 2048 5353">
    <p class='ocr_par' dir='ltr' id='par_1_103' title="bbox 509 5275 2048 5353">
     <span class='ocr_line' id='line_1_103' title="bbox 509 5275 2048 5353; baseline -0.004 -17"><span class='ocrx_word' id='word_1_708' title='bbox 509 5292 644 5353; x_wconf 88' lang='lat' dir='ltr'><strong>punt</strong></span> <span class='ocrx_word' id='word_1_709' title='bbox 697 5281 1014 5339; x_wconf 90' lang='lat' dir='ltr'><strong>committat.</strong></span> <span class='ocrx_word' id='word_1_710' title='bbox 1040 5279 1096 5336; x_wconf 90' lang='lat' dir='ltr'><strong>Si</strong></span> <span class='ocrx_word' id='word_1_711' title='bbox 1127 5279 1342 5350; x_wconf 84' lang='lat' dir='ltr'><strong>quando</strong></span> <span class='ocrx_word' id='word_1_712' title='bbox 1379 5292 1500 5332; x_wconf 91' lang='lat' dir='ltr'><strong>eum</strong></span> <span class='ocrx_word' id='word_1_713' title='bbox 1534 5291 1777 5347; x_wconf 89' lang='lat' dir='ltr'><strong>serpens,</strong></span> <span class='ocrx_word' id='word_1_714' title='bbox 1804 5275 1860 5329; x_wconf 90' lang='lat' dir='ltr'><strong>in</strong></span> <span class='ocrx_word' id='word_1_715' title='bbox 1901 5289 2048 5330; x_wconf 75' lang='lat' dir='ltr'><strong>saxo~</strong></span> 
     </span>
    </p>
   </div>
   <div class='ocr_carea' id='block_1_104' title="bbox 2114 5272 3653 5353">
    <p class='ocr_par' dir='ltr' id='par_1_104' title="bbox 2161 5272 3653 5347">
     <span class='ocr_line' id='line_1_104' title="bbox 2161 5272 3653 5347; baseline -0.001 -21"><span class='ocrx_word' id='word_1_716' title='bbox 2161 5276 2239 5338; x_wconf 75' lang='grc' dir='ltr'><strong>εἰς</strong></span> <span class='ocrx_word' id='word_1_717' title='bbox 2282 5275 2483 5344; x_wconf 51' lang='lat' dir='ltr'><strong>eam:</strong></span> <span class='ocrx_word' id='word_1_718' title='bbox 2527 5275 2816 5346; x_wconf 78' lang='grc' dir='ltr'>παρεισδύῃ</span> <span class='ocrx_word' id='word_1_719' title='bbox 2859 5276 3077 5347; x_wconf 85' lang='grc' dir='ltr'>πέτρας,</span> <span class='ocrx_word' id='word_1_720' title='bbox 3113 5277 3422 5344; x_wconf 79' lang='grc' dir='ltr'>ἀφικνεῖται</span> <span class='ocrx_word' id='word_1_721' title='bbox 3446 5272 3653 5341; x_wconf 61' lang='grc' dir='ltr'><strong>διψήσασα</strong></span> 
     </span>
    </p>
   </div>
   <div class='ocr_carea' id='block_1_105' title="bbox 511 5357 2050 5443">
    <p class='ocr_par' dir='ltr' id='par_1_105' title="bbox 511 5367 2050 5443">
     <span class='ocr_line' id='line_1_105' title="bbox 511 5367 2050 5443; baseline -0.005 -16"><span class='ocrx_word' id='word_1_722' title='bbox 511 5387 630 5430; x_wconf 86' lang='lat' dir='ltr'><strong>rum</strong></span> <span class='ocrx_word' id='word_1_723' title='bbox 657 5374 848 5427; x_wconf 84' lang='lat' dir='ltr'><strong>rimam</strong></span> <span class='ocrx_word' id='word_1_724' title='bbox 874 5374 1171 5443; x_wconf 86' lang='lat' dir='ltr'><strong>ingressus,</strong></span> <span class='ocrx_word' id='word_1_725' title='bbox 1210 5369 1462 5440; x_wconf 85' lang='lat' dir='ltr'><strong>fugiendo</strong></span> <span class='ocrx_word' id='word_1_726' title='bbox 1490 5369 1793 5432; x_wconf 90' lang='lat' dir='ltr'><strong>declinarit,</strong></span> <span class='ocrx_word' id='word_1_727' title='bbox 1847 5367 1938 5422; x_wconf 88' lang='lat' dir='ltr'><strong>siti</strong></span> <span class='ocrx_word' id='word_1_728' title='bbox 1968 5381 2050 5420; x_wconf 83' lang='lat' dir='ltr'><strong>ar-</strong></span> 
     </span>
    </p>
   </div>
   <div class='ocr_carea' id='block_1_106' title="bbox 2089 5357 3628 5443">
    <p class='ocr_par' dir='ltr' id='par_1_106' title="bbox 2160 5357 3628 5442">
     <span class='ocr_line' id='line_1_106' title="bbox 2160 5357 3628 5442; baseline -0.001 -23"><span class='ocrx_word' id='word_1_729' title='bbox 2160 5369 2238 5431; x_wconf 72' lang='lat' dir='ltr'><strong>ei;</strong></span> <span class='ocrx_word' id='word_1_730' title='bbox 2267 5368 2365 5431; x_wconf 79' lang='grc' dir='ltr'>τὰς</span> <span class='ocrx_word' id='word_1_731' title='bbox 2397 5368 2606 5436; x_wconf 80' lang='grc' dir='ltr'>πηγάς·</span> <span class='ocrx_word' id='word_1_732' title='bbox 2647 5368 2784 5422; x_wconf 88' lang='grc' dir='ltr'>πάνυ</span> <span class='ocrx_word' id='word_1_733' title='bbox 2820 5369 2922 5442; x_wconf 77' lang='grc' dir='ltr'>γὰρ</span> <span class='ocrx_word' id='word_1_734' title='bbox 2956 5372 3067 5422; x_wconf 83' lang='grc' dir='ltr'>ἐστι</span> <span class='ocrx_word' id='word_1_735' title='bbox 3103 5370 3244 5440; x_wconf 81' lang='grc' dir='ltr'>πρὸς</span> <span class='ocrx_word' id='word_1_736' title='bbox 3274 5369 3372 5438; x_wconf 78' lang='grc' dir='ltr'>τὴν</span> <span class='ocrx_word' id='word_1_737' title='bbox 3402 5365 3538 5434; x_wconf 72' lang='grc' dir='ltr'>δίψαν</span> <span class='ocrx_word' id='word_1_738' title='bbox 3567 5357 3628 5411; x_wconf 68' lang='grc' dir='ltr'>διά</span> 
     </span>
    </p>
   </div>
   <div class='ocr_carea' id='block_1_107' title="bbox 509 5457 2048 5540">
    <p class='ocr_par' dir='ltr' id='par_1_107' title="bbox 509 5460 2048 5533">
     <span class='ocr_line' id='line_1_107' title="bbox 509 5460 2048 5533; baseline -0.004 -15"><span class='ocrx_word' id='word_1_739' title='bbox 509 5463 642 5519; x_wconf 89' lang='lat' dir='ltr'><strong>deus</strong></span> <span class='ocrx_word' id='word_1_740' title='bbox 671 5463 739 5518; x_wconf 91' lang='lat' dir='ltr'><strong>ad</strong></span> <span class='ocrx_word' id='word_1_741' title='bbox 765 5462 938 5518; x_wconf 87' lang='lat' dir='ltr'><strong>fontes</strong></span> <span class='ocrx_word' id='word_1_742' title='bbox 958 5479 1016 5518; x_wconf 88' lang='lat' dir='ltr'><strong>se</strong></span> <span class='ocrx_word' id='word_1_743' title='bbox 1046 5461 1278 5530; x_wconf 89' lang='lat' dir='ltr'><strong>confert,</strong></span> <span class='ocrx_word' id='word_1_744' title='bbox 1329 5461 1564 5533; x_wconf 85' lang='lat' dir='ltr'><strong>graviter</strong></span> <span class='ocrx_word' id='word_1_745' title='bbox 1606 5475 1839 5531; x_wconf 89' lang='lat' dir='ltr'><strong>namque</strong></span> <span class='ocrx_word' id='word_1_746' title='bbox 1857 5461 1944 5518; x_wconf 86' lang='lat' dir='ltr'><strong>siti</strong></span> <span class='ocrx_word' id='word_1_747' title='bbox 1976 5460 2048 5513; x_wconf 71' lang='lat' dir='ltr'><strong>iw</strong></span> 
     </span>
    </p>
   </div>
   <div class='ocr_carea' id='block_1_108' title="bbox 2107 5457 3646 5540">
    <p class='ocr_par' dir='ltr' id='par_1_108' title="bbox 2160 5457 3646 5540">
     <span class='ocr_line' id='line_1_108' title="bbox 2160 5457 3646 5540; baseline 0 -27"><span class='ocrx_word' id='word_1_748' title='bbox 2160 5476 2347 5529; x_wconf 82' lang='grc' dir='ltr'>πυρος,</span> <span class='ocrx_word' id='word_1_749' title='bbox 2377 5459 2451 5540; x_wconf 80' lang='grc' dir='ltr'>ὡς</span> <span class='ocrx_word' id='word_1_750' title='bbox 2475 5461 2567 5514; x_wconf 65' lang='grc' dir='ltr'><strong>καλ⁸</strong></span> <span class='ocrx_word' id='word_1_751' title='bbox 2584 5459 2681 5532; x_wconf 80' lang='grc' dir='ltr'>τὴν</span> <span class='ocrx_word' id='word_1_752' title='bbox 2729 5461 2967 5531; x_wconf 82' lang='grc' dir='ltr'>γλῶτταν</span> <span class='ocrx_word' id='word_1_753' title='bbox 2996 5459 3275 5518; x_wconf 74' lang='grc' dir='ltr'>ἐκϐάλλειν</span> <span class='ocrx_word' id='word_1_754' title='bbox 3306 5458 3395 5514; x_wconf 79' lang='grc' dir='ltr'>τοῦ</span> <span class='ocrx_word' id='word_1_755' title='bbox 3421 5457 3646 5526; x_wconf 55' lang='lat' dir='ltr'><strong>culpmi</strong></span> 
     </span>
    </p>
   </div>
   <div class='ocr_carea' id='block_1_109' title="bbox 613 5634 1354 5706">
    <p class='ocr_par' dir='ltr' id='par_1_109' title="bbox 613 5634 1354 5706">
     <span class='ocr_line' id='line_1_109' title="bbox 613 5634 1354 5706; baseline 0.001 -17"><span class='ocrx_word' id='word_1_756' title='bbox 613 5639 652 5670; x_wconf 85' lang='lat'>&quot;</span> <span class='ocrx_word' id='word_1_757' title='bbox 687 5635 841 5690; x_wconf 84' lang='lat' dir='ltr'><strong>Hom.</strong></span> <span class='ocrx_word' id='word_1_758' title='bbox 875 5634 1031 5691; x_wconf 79' lang='lat' dir='ltr'><strong>Iliad.</strong></span> <span class='ocrx_word' id='word_1_759' title='bbox 1062 5639 1122 5706; x_wconf 87' lang='grc' dir='ltr'><strong>Υ,</strong></span> <span class='ocrx_word' id='word_1_760' title='bbox 1157 5655 1205 5691; x_wconf 87' lang='lat' dir='ltr'><strong>v.</strong></span> <span class='ocrx_word' id='word_1_761' title='bbox 1237 5636 1354 5690; x_wconf 72' lang='lat'><strong>170.</strong></span> 
     </span>
    </p>
   </div>
  </div>
