3962 6202
290 272 390 328 7H

1184 267 1454 325 SPURIA.
1493 298 1565 310 —
1599 266 1951 326 COMMENT.
1992 265 2061 322 IN
2097 263 2589 324 HEXAEMERON.

3387 266 3493 323 762

286 390 423 463 πρὸς
468 385 528 440 τδ
573 383 675 439 ὑπὸ
703 384 802 456 τῆς
833 383 1164 457 ψυχρότητος
1194 384 1287 439 τοῦ
1322 385 1480 457 ἀέρος
1511 384 1680 455 αὐτὴν
1705 386 1832 438 ἀνα-

1941 380 2266 449 ﬂammatur,
2289 383 2364 436 ita
2394 390 2453 435 ut
2485 383 2671 435 exerta
2725 376 2909 447 lingua
2970 382 3182 441 aestuet,
3245 382 3305 432 ut
3350 379 3494 435 aeris

290 474 565 552 ψύχεσθαι.
583 471 981 553 Ἑμπλησθεῖσα
1001 471 1093 529 οὖν
1117 474 1210 529 τοῦ
1238 475 1446 538 ὓδατος,
1471 475 1685 546 ἔρχεται
1710 473 1837 527 ἔνθα

290 575 317 628 δ
342 573 461 641 δφις
481 569 803 642 κρύπτεται,
832 563 924 623 καὶ
954 569 1310 622 ἀνασπάσασαι
1340 566 1498 622 αὑτὸν
1530 569 1592 621 ὲκ
1622 567 1718 638 τῆς
1743 568 1838 637 ῥα-

290 665 465 735 γάδος,
502 661 853 733 συμπατοῦσα
892 663 1119 733 ἀναιρεῖ.
1153 660 1214 714 Εἰ
1246 661 1302 713 δὲ
1325 660 1416 713 καὶ
1456 658 1562 711 τῶν
1593 659 1837 730 κεράτων

285 756 453 825 αὐτῆς
488 754 676 826 μικρόν
705 770 760 806 τι
792 752 958 824 ἡτῶν
994 751 1192 824 τριχῶν
1242 752 1327 804 ἐπ’
1350 749 1521 814 οἰκίας
1564 751 1833 820 κατακαῇ,

282 847 335 900 εἴ
365 862 466 899 που
516 845 581 899 ἂν
620 842 919 915 ἐμφωλεύει
964 842 1167 915 θηρίον,
1197 841 1573 913 διαδιδράσκει.
1591 839 1836 892 Ἐπειδὰν

279 938 337 991 δὲ
362 936 609 1006 ἀποϐάλῃ
641 936 710 989 τά
742 935 966 1005 κέρατα,
1004 935 1224 1005 μόνασιν
1272 933 1440 1002 ζητεῖ,
1476 930 1569 985 καὶ
1596 930 1836 1003 κρημνὸν

280 1028 574 1100 ἀπρόσιτον
601 1025 1017 1096 καταλαμϐάνει,
1049 1024 1140 1078 καὶ
1172 1024 1367 1078 ἄϐατον
1409 1022 1641 1093 ἐρημίαν
1676 1038 1839 1093 μετα-

282 1118 487 1181 διώκει,
520 1114 594 1181 ὦς
624 1116 965 1172 ἀποϐαλοῦσα
997 1114 1131 1187 πρὸς
1151 1116 1217 1169 τὰ
1233 1115 1366 1169 ἀλλα
1392 1113 1553 1185 θηρία
1579 1114 1639 1167 τὸ
1664 1114 1836 1183 ἀμυν-

281 1211 488 1284 τήριον.
506 1211 659 1264 Ἐπεὶ
688 1205 780 1263 οὖν
808 1210 942 1280 πρὸς
972 1207 1068 1272 τὰς
1108 1207 1261 1280 ῥίζας
1290 1206 1398 1259 τῶν
1429 1203 1837 1276 ἀποϐληθέντων

282 1304 531 1374 κεράτων
561 1302 697 1357 εἰσὶν
730 1301 999 1365 ἐλκώσεις,
1034 1302 1113 1364 είς
1156 1298 1500 1370 πολύδενδρον
1531 1298 1692 1351 τόπον
1737 1310 1836 1349 κα-

279 1398 561 1467 τασκηνοῖ,
598 1395 733 1468 πρὸς
772 1395 832 1449 τὸ
883 1394 958 1466 μὴ
1008 1393 1110 1446 ὑπὸ
1162 1392 1333 1464 μυιῶν
1375 1390 1720 1463 ἐκμυζεῖσθαι
1770 1387 1839 1443 τὰ

279 1488 592 1559 τραύματα,
640 1487 731 1541 καὶ
769 1486 959 1549 νυκτὸς
988 1484 1204 1556 νέμεται
1237 1479 1417 1538 ἄνεσιν
1454 1483 1837 1553 ἐχουσα.”οταν

281 1578 340 1633 δὲ
373 1578 582 1650 ἐκφύσῃ
613 1577 680 1630 τὰ
712 1578 934 1649 κέρατα,
968 1575 1239 1649 θαρροῦσα
1266 1576 1474 1647 πρόεισι
1502 1575 1592 1629 καὶ
1628 1588 1837 1645 μεσημ-

284 1669 464 1741 ϐρίας.
493 1670 793 1742 Βουλομένη
825 1670 880 1724 δὲ
910 1669 1195 1740 δοκιμάσαι
1228 1672 1275 1722 εί
1308 1668 1587 1739 πεπηγότα
1609 1668 1742 1738 αὐτῇ
1767 1666 1833 1720 τὰ

283 1761 512 1833 κέρατα,
544 1761 785 1833 τρυφερά
811 1763 919 1834 γὰρ
950 1761 1077 1815 ὄντα
1112 1759 1214 1814 ὑπὸ
1255 1760 1348 1815 τοῦ
1400 1762 1546 1833 ἡλίου
1579 1761 1835 1833 θραύεται

284 1852 777 1925 καταφλεγόμεναιο
812 1854 1047 1928 δένδρεσι
1078 1854 1134 1909 δὲ
1166 1853 1496 1927 παραϐάλλει
1526 1854 1625 1925 τὴν
1667 1870 1834 1922 κεφα-

285 1940 402 2015 λὴν,
436 1947 531 1999 καὶ
575 1945 805 2018 ἐντρίϐει
849 1946 1169 2011 ἀντιτύπως,
1203 1946 1508 2019 πειρωμένη
1531 1945 1752 2015 γνῶναι,
1786 1946 1835 1999 εί

285 2036 518 2107 βεϐαίως
548 2040 875 2112 ἐρήρεισται.
906 2040 1049 2112 Πρὸς
1071 2039 1125 2092 δὲ
1149 2040 1217 2094 τὰ
1242 2040 1491 2112 δήγματα
1507 2037 1613 2093 τῶν
1633 2036 1836 2110 φαλαγ-

281 2128 439 2198 γίων,
473 2134 726 2203 καρκῖνον
755 2130 1003 2186 ἐσθίουσα
1033 2133 1197 2193 ἰᾶται.

365 2329 432 2383 Ἦ
462 2329 519 2382 δέ
555 2327 644 2393 αἲξ
686 2330 720 2400 ἡ
760 2329 924 2401 ἀγρία
961 2331 1101 2384 κατά
1136 2330 1231 2402 τὴν
1267 2332 1521 2403 Κρήτην,
1567 2331 1662 2384 ἐὰν
1694 2331 1835 2403 βέλει

277 2421 540 2493 διαπαρῇ,
561 2421 620 2474 τὸ
638 2421 964 2493 καλούμενον
992 2422 1247 2494 δίκταμον
1276 2422 1614 2494 ἐμφαγοῦσα,
1640 2422 1835 2496 ῥᾳδίως

277 2507 342 2563 τὺ
370 2508 591 2581 τραῦμα
620 2509 995 2581 θεραπεύεται.

350 2623 420 2674 Δί
442 2622 499 2675 δὲ
519 2621 809 2694 παρδάλεις
834 2622 1102 2697 θηρῶνται
1129 2624 1382 2698 εὐμαρῶς
1400 2626 1467 2681 τὰ
1486 2624 1616 2692 ζῶα·
1643 2630 1837 2699 Σαφῶς
1895 2697 1902 2704 ,

279 2710 393 2783 γάρ
424 2713 613 2766 εἰδυῖαι
639 2716 757 2777 ταῖς
790 2714 884 2766 ἀπ’
914 2714 1089 2768 αὐτῶν
1111 2714 1299 2786 ὀδμαῖς
1324 2716 1579 2787 χαίροντα
1606 2718 1674 2772 τὰ
1700 2719 1838 2773 ἄλλα·

281 2804 416 2871 ζῶα,
446 2806 660 2877 βαθέσιν
685 2808 900 2880 ἄντροις
932 2810 1153 2881 ίδροῦσι·
1189 2810 1256 2864 τὰ
1286 2810 1362 2875 δὲ,
1389 2806 1475 2865 οἶα
1504 2812 1725 2884 κνίσσης
1748 2817 1834 2868 αί-

280 2897 533 2969 σθόμενα,
565 2899 854 2970 ρινηλατεῖ,
892 2902 981 2954 καὶ
1012 2902 1297 2971 ἐγγίσαντα
1335 2901 1412 2973 τῷ
1439 2904 1607 2975 τόπῳ,
1637 2904 1835 2969 εὐθέως

276 2988 386 3042 ὑπὸ
416 2989 525 3043 τῶν
553 2991 866 3062 παρδάλεων
889 2992 1279 3050 κατεσθίονται.

357 3167 419 3224 '0
460 3167 516 3222 δέ
560 3167 772 3239 πάνθηρ
820 3166 968 3237 φίλον
999 3167 1097 3240 μέν
1129 3169 1241 3223 ἐστι
1272 3169 1487 3224 πάντων
1517 3169 1626 3223 τῶν
1654 3169 1827 3240 ζώων,

272 3257 471 3330 ἐχθρὸν
497 3258 553 3311 δὲ
579 3258 673 3312 τοῦ
701 3258 1005 3330 δράκοντος.
1042 3259 1196 3314 Ἔστι
1225 3260 1281 3313 δέ
1322 3260 1398 3332 τῷ
1436 3260 1643 3332 σώματι
1674 3263 1833 3317 ἀστε-

273 3350 461 3422 ρωπὸν
499 3350 593 3404 καὶ
631 3351 772 3404 πάνυ
815 3350 1053 3422 ἡσύχιον.
1100 3352 1208 3406 Καὶ
1249 3351 1353 3415 ἕως
1397 3351 1493 3423 μὲν
1537 3351 1598 3404 οὐ
1640 3350 1830 3423 χρήζει

270 3441 501 3512 τροφῆς,
540 3441 689 3511 μένει
723 3440 977 3496 καθεῦδον
1006 3446 1064 3497 ἐν
1101 3442 1179 3514 τῷ
1221 3442 1427 3514 φωλεῷο
1468 3445 1531 3514 τῇ
1577 3442 1634 3496 δὲ
1673 3439 1831 3516 τρίτῃ

273 3532 467 3603 ἡμέρα
499 3533 758 3586 πεινάσαν
801 3532 987 3600 ἔξεισι,
1020 3532 1114 3586 καὶ
1157 3532 1362 3607 μεγάλῃ
1410 3535 1556 3604 φωνῇ
1593 3531 1709 3604 βοᾷ,
1737 3532 1830 3587 καὶ

269 3623 342 3675 ἐκ
363 3621 456 3675 τοῦ
484 3623 746 3693 στόματος
770 3622 930 3677 αὑτοῦ
955 3624 1146 3678 εὐωδία
1168 3642 1249 3687 τις
1270 3623 1462 3688 ἔξεισιν
1485 3624 1826 3696 ἀρωματικῦμ

268 3711 345 3765 δι’
372 3706 442 3784 ἦς
466 3710 535 3766 τά
568 3712 702 3767 ἄλλα
727 3713 839 3778 ζῶα
865 3712 1163 3785 θελγόμενα
1189 3712 1256 3767 τὰ
1288 3715 1453 3782 ἐγγὺς
1483 3713 1575 3767 καὶ
1602 3712 1669 3767 τά
1696 3713 1830 3785 πόρ-

271 3802 451 3876 ρωθεν
476 3805 781 3873 ἐγγίζουσιν
806 3804 973 3877 αὐτῷ,
1013 3806 1106 3860 καὶ
1135 3806 1352 3860 ἕπονται
1386 3806 1693 3878 τερπόμενα
1728 3808 1827 3860 αὐ-

268 3894 369 3948 τοῦ
398 3898 464 3967 τῇ
492 3897 729 3969 ποικιλίᾳ
756 3898 848 3951 τοῦ
874 3897 1139 3970 σώματος.
1188 3899 1244 3952 Ὀ
1272 3898 1329 3952 δὲ
1355 3898 1566 3970 πάνθηρ
1582 3898 1754 3968 ὀλίγον
1776 3916 1828 3953 τι

269 3988 729 4060 προηγησάμενος
768 3989 945 4044 αὐτῶν
984 3990 1398 4062 ὑποστρέφεται,
1433 3992 1527 4045 καὶ
1557 3993 1824 4064 ἐπιτηρεῖ,

270 4080 370 4133 καὶ
401 4080 450 4145 ὅ,
475 4081 521 4135 τ’
546 4080 611 4135 ἂν
637 4080 745 4135 τῶν
780 4080 931 4146 ζώων
955 4082 1125 4157 ἀρέσῃ
1146 4083 1311 4156 αὐτῷ,
1346 4084 1666 4157 ἐπιπιδήσας
1693 4085 1830 4157 λαμ-

273 4170 447 4226 δάνει.

1937 472 2238 543 frigiditate
2268 476 2562 525 recreetur.
2596 466 2827 536 Depulsa
2858 467 3039 537 itaque
3064 473 3214 536 potu,
3258 465 3371 532 siti,
3424 465 3495 522 ad

1937 564 2206 634 serpentis
2230 562 2466 617 latebras
2496 573 2857 628 recessusque
2885 557 3115 621 accedit,
3142 556 3268 613 inde
3311 563 3496 612 extra-

1937 661 2086 709 ctum
2129 654 2471 726 pedibusque
2500 650 2880 705 conculcatum
2918 649 3195 705 interﬁcit.
3242 647 3376 706 Etsi
3410 649 3495 704 vel

1936 762 2198 802 cornuum
2231 745 2467 801 frustum
2495 742 2579 797 vel
2607 742 2837 813 pilorum
2864 742 2918 795 in
2948 741 3108 796 domo
3133 747 3344 803 uratur,
3374 739 3494 809 ejus

1936 839 2147 905 nidore,
2177 838 2428 892 animalia
2472 850 2590 906 quae
2619 835 2853 897 latitant,
2896 833 3169 903 fugantur.
3221 830 3494 886 Cornibus

1937 930 2175 994 amissis,
2210 927 2559 983 solitudinem
2611 924 2824 994 quaerit,
2878 930 3146 993 praerupta
3179 935 3307 976 saxa
3342 921 3494 974 inac-

1936 1033 2202 1087 cessaque
2260 1016 2534 1079 convenit,
2572 1012 3083 1082 desertissimasque
3134 1011 3322 1066 incolit
3355 1010 3493 1064 soli-

1936 1110 2173 1173 tudines,
2207 1109 2362 1179 quasi
2394 1122 2479 1174 eo,
2504 1120 2613 1176 quo
2637 1120 2695 1160 se
2722 1105 2791 1160 ab
2819 1103 3051 1158 aliarum
3084 1101 3321 1157 ferarum
3349 1101 3494 1172 inju-

1936 1204 2017 1259 ria
2048 1216 2232 1256 arcere
2265 1199 2455 1270 possit,
2491 1196 2882 1266 depcrdito;et
2909 1209 3031 1248 cum
3078 1194 3132 1248 in
3165 1193 3491 1248 amissorum

1935 1308 2200 1349 cornuum
2224 1290 2499 1346 radicibus
2524 1289 2700 1343 ulcera
2736 1288 3049 1358 gignantur,
3075 1287 3253 1340 locum
3307 1285 3493 1341 multis

1937 1386 2221 1442 arboribus
2248 1381 2770 1444 consitumbahitat,
2821 1395 2888 1436 ne
2938 1395 2967 1433 a
3010 1379 3215 1434 muscis
3266 1377 3494 1433 vulnera

1935 1491 2333 1555 exsurgantur,
2391 1489 2667 1552 noctuque
2716 1480 2958 1551 pascitur
3011 1478 3398 1549 pacatissima;
3439 1484 3495 1531 at

1935 1591 2065 1632 vero
2097 1590 2219 1629 cum
2250 1589 2452 1629 cornua
2471 1573 2765 1643 eruperint,
2805 1572 3058 1625 audacter
3094 1577 3147 1624 et
3171 1569 3359 1634 libere,
3383 1584 3496 1624 tne-

1945 1668 2188 1738 ridieque
2209 1667 2322 1738 ipso
2345 1666 2587 1737 procedit
2613 1666 2678 1720 ad
2704 1663 2920 1736 pabula;
2950 1662 3236 1732 experiens
3258 1660 3303 1715 si
3336 1668 3495 1715 enata

1934 1774 2142 1813 cornua
2179 1759 2283 1812 lixa
2315 1758 2540 1812 lirmiler
2568 1764 2694 1811 sunt
2719 1756 2868 1825 (dum
2918 1752 3061 1808 enim
3101 1753 3283 1806 mollia
3315 1752 3495 1805 incre-

1936 1857 2117 1915 scunt,
2149 1863 2178 1902 a
2209 1849 2339 1903 solis
2356 1848 2536 1903 calore
2555 1855 2748 1901 exusta
2769 1842 3147 1916 franguntur);
3175 1843 3243 1897 ad
3272 1845 3495 1899 arbores

1934 1944 2189 1998 collatum
2223 1947 2385 2011 caput
2427 1941 2762 2011 comprobat,
2815 1939 3211 2006 adversamque
3261 1935 3491 2000 all'ricat,

1935 2034 2371 2106 repercutiendo,
2404 2041 2623 2088 tentans
2648 2030 2943 2103 periclitari
2979 2031 3023 2083 si
3060 2030 3286 2083 lirtniter
3313 2028 3496 2082 adhae-

1935 2133 2110 2183 reant.
2136 2123 2554 2196 Phalangiorum
2586 2121 2857 2178 morsibus
2881 2134 3081 2175 cancro
3107 2126 3295 2172 vorato
3314 2116 3496 2172 mede-

1934 2226 2044 2275 tur.

2006 2333 2182 2405 Capra
2212 2332 2483 2390 silvestris
2529 2331 2585 2386 in
2613 2328 2793 2393 Creta,
2828 2327 2951 2383 telis
2974 2327 3101 2393 icta,
3134 2325 3300 2381 herba
3331 2333 3494 2396 quam

1934 2424 2231 2480 dictamum
2267 2436 2526 2479 vocamus
2553 2428 2746 2493 pasta,
2779 2419 2931 2474 nullo
2950 2417 3134 2472 labore
3165 2417 3369 2472 excutit
3401 2430 3495 2470 aco

1934 2525 2091 2587 cepta
2119 2516 2247 2573 tela.

2002 2628 2252 2685 Pardalis
2298 2625 2559 2698 perfacile
2598 2625 2743 2695 capit
2784 2622 3060 2680 animalia.
3114 2621 3326 2678 Etenim
3366 2636 3491 2678 cum

1933 2727 2019 2778 sat
2056 2720 2268 2776 noverit
2309 2727 2538 2774 cunctas
2576 2715 2957 2787 quadrupedes
2999 2715 3119 2784 ejus
3158 2714 3324 2770 odore
3357 2714 3495 2770 mire

1933 2813 2239 2877 sollicitari,
2270 2813 2327 2867 in
2357 2809 2641 2883 profundis
2670 2809 2915 2864 cavernis
2949 2808 3198 2872 insudat,
3244 2807 3326 2862 ha
3364 2819 3497 2863 vcm

1933 2906 2088 2976 quasi
2128 2904 2319 2960 nidore
2367 2902 2601 2974 quodam
2650 2902 2925 2965 invitata,
2984 2899 3257 2970 sagaciter
3307 2913 3498 2971 persae

1935 3006 2198 3068 qunntur,
2235 2996 2327 3052 ubi
2363 3001 2654 3067 praperato
2678 2993 2733 3048 in
2763 2992 2884 3048 loca
2909 2991 3090 3047 vicina
3114 2990 3494 3061 convenerint,

1858 3080 1901 3140 (Ξ
1933 3089 2115 3145 subito
2144 3094 2424 3157 correptas
2450 3085 2678 3141 mandit.

2002 3179 2272 3235 Panthera
2305 3194 2429 3233 cum
2457 3177 2668 3232 caeteris
2696 3175 3065 3231 animantibus
3083 3212 3098 3239 ,
3131 3188 3242 3229 uno
3265 3180 3493 3244 excepto

1932 3269 2188 3333 dracone,
2217 3267 2485 3321 amicitias
2506 3273 2560 3321 et
2585 3263 3010 3322 consuetudines
3026 3263 3240 3335 jungit;
3267 3264 3492 3320 minutis

1931 3360 2265 3417 macularum
2300 3358 2473 3412 oculis
2494 3397 2508 3421 ,
2541 3357 2696 3427 quasi
2732 3356 2903 3412 stellis
2932 3360 3275 3427 superpicta,
3309 3357 3492 3413 valde-

1931 3468 2036 3522 que
2057 3452 2236 3515 cicur,
2271 3456 2325 3505 et
2371 3448 2614 3520 quandiu
2657 3448 2785 3503 cibo
2824 3464 2934 3503 non
2975 3456 3135 3519 eget,
3179 3450 3235 3503 in
3267 3448 3490 3505 latebris

1930 3542 2163 3609 dormit;
2211 3540 2305 3597 sed
2330 3548 2450 3611 post
2476 3548 2588 3595 tres
2617 3540 2734 3596 dies
2753 3578 2769 3604 ,
2801 3541 2941 3593 fame
2967 3540 3301 3604 dominante,
3334 3556 3491 3611 egre-

1930 3627 2078 3683 ditur
2104 3628 2445 3698 maximeque
2476 3628 2707 3693 clamat,
2743 3627 2976 3697 indeque
3008 3644 3072 3683 ex
3104 3643 3200 3683 ore
3246 3630 3490 3695 suavitas

1934 3720 2215 3790 qua-dam,
2261 3720 2444 3776 odoris
2511 3721 2687 3776 instar
2730 3730 3033 3776 aromatum
3076 3719 3315 3786 ell'latur,
3368 3737 3483 3792 quo

1929 3811 2181 3864 animalia
2214 3811 2440 3880 pellecta
2473 3812 2761 3881 capiantur
2783 3853 2797 3878 ,
2849 3820 2903 3866 et
2936 3819 3051 3865 tum
3104 3810 3317 3874 vicina,
3370 3821 3488 3868 tum

1929 3902 2304 3973 longinquiora
2364 3903 2609 3973 proxime
2671 3904 2975 3968 accedunt,
3038 3913 3487 3977 sequunturque,

1928 3995 2174 4065 corporis
2216 3994 2479 4049 varietate
2522 3994 2808 4051 delectata.
2858 3993 3059 4051 Verum
3091 3997 3351 4067 panthera
3399 3999 3488 4054 via

1927 4103 2035 4142 non
2066 4087 2224 4158 longa
2256 4088 2559 4157 procedens
2591 4087 2904 4150 revertitur,
2954 4095 3266 4159 attenteque
3304 4090 3489 4146 consi-

1927 4178 2119 4243 derat,
2164 4187 2217 4233 et
2242 4193 2308 4232 ex
2346 4178 2675 4233 animalibus
2707 4178 2851 4248 quod
2883 4178 2961 4233 illi
3002 4179 3307 4236 collibitum
3361 4189 3484 4247 est,

1927 4271 2131 4340 impetu
2163 4269 2328 4335 facto,
2355 4270 2787 4339 comprehendit.

356 4375 416 4429 '0
439 4375 498 4429 δὲ
531 4375 727 4446 ἐλέφας
757 4377 1046 4448 ἐγκυμονεί
1085 4378 1181 4449 μὲν
1210 4379 1417 4450 χρόνῳ,
1449 4380 1529 4443 είς
1558 4376 1688 4433 δέκα
1718 4378 1826 4451 γὰρ

2000 4383 2098 4437 Diu
2131 4385 2396 4455 gravescit
2445 4392 2600 4439 utero
2631 4383 2886 4454 elephas,
2919 4384 3104 4440 decem
3148 4386 3292 4441 enim
3324 4387 3485 4444 annis

271 4465 367 4538 ἐτη
397 4466 580 4520 πέττει
600 4467 699 4538 τὴν
729 4467 955 4540 σποράν,
987 4469 1080 4522 καὶ
1100 4470 1227 4523 ὅταν
1248 4471 1277 4522 ὁ
1298 4469 1453 4534 τόκος
1474 4470 1647 4542 γέρων
1669 4470 1826 4541 γένη-

268 4575 384 4623 ται,
431 4556 552 4611 τότε
598 4557 897 4611 ἀποτίκτει·
946 4560 1106 4631 ἡνίκα
1149 4558 1193 4612 δ’
1233 4559 1298 4614 ἂν
1339 4561 1396 4624 ἐς
1437 4560 1623 4633 βόθρον
1667 4578 1827 4615 κατε-

269 4647 457 4719 νεχθῇ,
498 4648 590 4702 καὶ
614 4647 768 4712 ἀλλος
794 4646 989 4718 ἐλέφας
1021 4634 1297 4721 θεάσηται,
1348 4651 1630 4722 πορευθεὶς
1669 4651 1827 4705 συνά-

268 4756 359 4810 γει
388 4739 613 4805 πολλοὺς
643 4739 957 4810 ἐλέφαντας,
991 4741 1084 4793 καὶ
1117 4740 1359 4806 ἐλθόντες
1386 4743 1477 4797 τὸν
1507 4743 1825 4797 πεπτωκότα

264 4830 588 4886 ἀνασπῶσιν
618 4828 795 4903 ἠρέμα
819 4830 1280 4902 ὑποκουφίζοντες.

354 4941 414 4997 '0
443 4942 501 4995 δὲ
525 4941 736 5015 δράκων
767 4944 796 4996 ό
823 4943 964 4998 κατά
990 4943 1087 5015 τὴν
1125 4943 1311 4998 Ἰνδίαν
1333 4946 1461 5018 περὶ
1482 4945 1551 5001 τὰ
1569 4947 1711 5002 νῶτα
1730 4948 1824 5003 τοῦ

266 5033 558 5103 ἐλέφαντος
582 5034 829 5106 ἀνέρπει,
853 5036 946 5088 καὶ
962 5037 1059 5108 τὴν
1079 5037 1240 5108 νηδὺν
1255 5039 1430 5094 πᾶσαν
1456 5043 1821 5113 περιειλεῖται,

268 5127 366 5179 καὶ
392 5126 463 5196 ἢν
486 5126 553 5181 ἂν
581 5126 721 5200 τύχῃ
747 5126 915 5197 φλέϐα
938 5127 1126 5183 διελεῖν
1144 5168 1159 5192 ,
1192 5130 1478 5203 ἀπλήστως
1508 5134 1823 5207 ἐμφορεῖται

264 5216 365 5271 τοῦ
390 5217 642 5289 αἵματος,
674 5218 1050 5291 ἐπισπώμενος
1088 5219 1245 5293 βιαίῳ
1270 5222 1557 5294 πνεύματι,
1586 5226 1676 5279 καὶ
1700 5244 1822 5281 συν-

265 5309 406 5379 τόνῳ
452 5310 634 5383 ῥοίζῳ.
676 5312 738 5365 '0
765 5311 823 5366 δὲ
861 5310 1056 5383 ἐλέφας
1097 5316 1308 5387 σκιρτᾷ,
1351 5317 1445 5370 καὶ
1479 5320 1543 5389 τῇ
1578 5322 1819 5391 προνομῇ

265 5402 463 5458 τύπτει
499 5402 570 5457 τά
613 5403 834 5476 πλευρά,
875 5405 949 5470 ὡς
982 5405 1076 5460 τοῦ
1115 5406 1399 5480 δράκοντος
1423 5410 1819 5481 καθεζόμενρςθσ

266 5490 389 5550 εἶτα
418 5496 807 5565 ἐκκενουμένου
836 5497 929 5551 τοῦ
954 5499 1199 5568 αἵματος,
1237 5501 1416 5555 οὐκέτι
1454 5502 1626 5574 πηδᾷν
1661 5502 1820 5557 δυνά-

273 5604 452 5679 μενος,
473 5590 689 5661 τρέμων
713 5591 942 5655 ἵσταται,
969 5591 1159 5663 μικρὸν
1179 5592 1236 5679 δέ
1257 5591 1478 5665 ὕστερον
1500 5594 1706 5660 πίπτει,
1730 5596 1822 5650 καὶ

268 5678 377 5732 τῶν
410 5681 617 5735 σκελῶν
648 5680 1130 5755 ἐξασθενησάντων·
1160 5678 1279 5737 εἶτα
1299 5686 1391 5739 καὶ
1418 5684 1705 5758 ἀποψύχει,
1730 5689 1822 5743 καὶ

1926 4483 2118 4547 gestat,
2170 4491 2461 4546 semenque
2489 4478 2801 4547 concoquit,
2834 4484 2889 4532 et
2920 4486 3289 4535 senescentem
3314 4478 3483 4536 fetum

1924 4568 2193 4639 parturit,
2243 4583 2366 4622 cum
2418 4570 2474 4623 in
2522 4568 2732 4624 foveam
2761 4568 3065 4653 deerrando
3097 4571 3389 4637 ceciderit,
3434 4571 3483 4628 si

1890 4682 1891 4685 η
1924 4660 2063 4715 alius
2084 4660 2303 4730 elephas
2324 4661 2620 4732 inspexerit
2649 4662 2736 4715 vin
2759 4668 2975 4732 arrepta
3005 4661 3207 4718 multos
3235 4662 3288 4717 in
3312 4679 3482 4719 unum

1924 4752 2239 4822 elephantes
2269 4753 2416 4824 cogit
2446 4754 2538 4824 qui
2570 4769 2693 4809 eum
2728 4754 2823 4823 qui
2851 4754 3145 4820 ceciderit,
3185 4754 3399 4823 leniter,
3427 4766 3484 4812 et

1924 4845 2107 4916 quiete
2133 4846 2482 4901 sustollentes
2519 4846 2830 4900 extrahunt.

1992 4954 2167 5010 Draco
2196 4955 2337 5025 apud
2358 4954 2519 5010 ludos
2540 4955 2594 5009 in
2619 4956 2920 5026 elephantis
2950 4964 3098 5029 terga
3126 4958 3252 5014 salit
3272 4964 3481 5015 totum-

1923 5062 2029 5118 que
2079 5056 2321 5103 ventrem
2376 5047 2725 5102 circumﬂexu
2759 5048 2916 5105 facile
2947 5050 3135 5113 ambit,
3167 5057 3220 5106 et
3250 5066 3318 5105 ex
3344 5065 3482 5106 vena
3528 5102 3532 5107 .

1923 5156 2085 5211 quam
2116 5137 2370 5194 inciderit
2394 5178 2411 5202 ,
2440 5138 2753 5194 avidissime
2808 5140 3014 5211 absque
3048 5142 3294 5198 satietate
3351 5158 3480 5199 san-

1923 5230 2139 5301 guinem
2168 5235 2351 5298 captat
2376 5228 2619 5283 violento
2648 5229 2840 5298 spiritu
2872 5230 3132 5286 hauriens
3165 5232 3477 5306 ingentique

1922 5322 2172 5391 strepitu.
2220 5319 2288 5374 At
2338 5320 2556 5390 elephas
2581 5320 2798 5384 exsilit,
2832 5321 3266 5393 proboscideque
3308 5323 3478 5380 latera

1921 5416 2188 5479 verberat,
2206 5414 2359 5485 quasi
2375 5414 2662 5469 draconem
2679 5421 3051 5483 prostraturus
3069 5431 3084 5481 ;
3106 5414 3199 5471 sed
3218 5416 3477 5487 sanguine

1921 5506 2243 5570 deﬁciente,
2285 5520 2410 5560 cum
2459 5506 2659 5560 saltare
2698 5520 2805 5559 non
2832 5506 3043 5577 possit,
3095 5513 3213 5561 toto
3248 5521 3478 5579 corpore

1925 5598 2125 5664 tremit,
2145 5613 2244 5653 nec
2268 5598 2437 5653 multo
2466 5604 2588 5669 post
2621 5598 2750 5660 ruit,
2774 5598 3136 5670 cruribusque
3156 5600 3474 5667 debilitatis,

1924 5705 2141 5757 unaque
2180 5705 2364 5746 secum
2394 5690 2573 5746 obruit
2597 5689 2884 5747 draconem
2906 5729 2922 5755 ,
2955 5699 3009 5747 et
3037 5691 3202 5748 draco
3242 5691 3479 5749 vinculis
