3898 6196
531 300 637 357 Ἶόδ

1375 297 1437 354 S.
1475 294 1917 389 ΕυετΑτιιιυε
1950 293 2439 355 ANTIOCHENUS
2476 292 2872 353 EPISCOPUS.
3561 307 3640 362 ἰιι

527 414 729 486 quibus
762 430 884 474 eum
932 419 1340 486 prastrmxerat
1391 410 1667 468 solvendis
1713 412 1925 482 impar,
1982 410 2093 466 ele-

2204 408 2647 482 συνεπιλαμϐάνει
2676 408 2765 463 τὸν
2789 409 3067 481 δράκοντασ
3098 413 3125 465 6
3144 410 3197 465 δὲ
3220 412 3408 484 δράκων
3431 414 3481 468 ὃν
3505 415 3645 488 περιί-

530 508 750 579 phantis
783 506 1017 580 pondere
1052 521 1298 578 pressus,
1324 503 1622 562 suffocatus
1654 504 1895 560 eliditur.

602 682 828 744 Ardenti
888 693 1060 758 equus
1119 684 1175 739 in
1231 683 1488 741 feminam
1537 682 1799 739 incitatur
1844 681 2089 738 libidine.

535 780 747 837 Tardus
779 779 997 842 asinus,
1044 778 1231 833 auditu
1265 792 1425 843 acer,
1466 783 1521 832 et
1563 791 1743 831 rerum
1774 775 2089 831 recordans.

532 875 857 947 lnjuriarum
880 887 1087 929 memor
1116 870 1376 925 camelus.
1414 868 1811 923 lmmansuetus
1842 867 2019 938 lupus.

604 967 709 1022 Bos
731 966 918 1020 firmus
950 972 1003 1020 et
1029 970 1309 1018 constans.
1348 959 1547 1015 Gratus
1589 966 1673 1015 est
1719 958 2094 1013 dominorum-

534 1072 639 1128 que
682 1055 1050 1110 amicissimus
1104 1050 1287 1118 canis;
1318 1064 1459 1120 sepe
1483 1049 1627 1105 enim
1663 1050 1716 1103 in
1751 1048 1943 1103 itinere
1968 1063 2092 1102 cum

531 1149 738 1206 domini
773 1148 1176 1207 occiderentur,
1209 1150 1263 1198 et
1300 1144 1415 1213 ipse
1445 1157 1551 1195 una
1581 1148 1939 1211 consumptus
1976 1147 2089 1206 est;

532 1241 623 1295 alii
654 1250 917 1296 eteorum
952 1251 1303 1309 percussores
1348 1233 1478 1290 lassi
1515 1240 1674 1297 sunt,
1715 1239 1769 1288 et
1816 1238 1874 1286 ut
1914 1232 2093 1299 justas

532 1346 725 1405 paenae
778 1345 877 1401 pro
915 1335 1069 1383 tanto
1115 1328 1319 1381 scelere
1374 1324 1745 1395 persolverent
1777 1325 2091 1391 coegerunt.

603 1425 858 1497 Hymnam
887 1420 1112 1475 alternis
1143 1417 1299 1471 annis
1329 1431 1554 1479 marem,
1586 1412 1808 1468 alternis
1840 1409 2092 1465 feminam

533 1517 682 1580 ﬁeri,
715 1512 961 1569 nonnulli
984 1508 1368 1574 crediderunt;
1402 1505 1546 1576 quod
1583 1505 1776 1559 falsum
1814 1509 1931 1567 est;
1965 1515 2092 1555 nam

534 1607 735 1664 animal
766 1607 867 1660 hoc:
890 1619 1012 1659 cum
1045 1601 1269 1673 perdita:
1298 1598 1684 1670 flagitiosaaque
1717 1596 1789 1651 sit
1815 1594 2055 1650 libidinis
2075 1633 2091 1659 ,

533 1709 729 1774 praeter
759 1698 1002 1752 foramen
1035 1693 1180 1764 quod
1206 1693 1307 1748 sub
1346 1691 1518 1747 cauda
1559 1697 1674 1755 est,
1706 1701 1966 1743 tumorem
1995 1703 2095 1758 pu-

2192 501 2315 556 θετο
2354 503 2548 575 δεσμὸν
2590 502 2748 556 λῦσαι
2796 501 2868 574 μὴ
2899 502 3194 574 δυνάμενος,
3223 507 3307 559 καὶ
3332 505 3398 578 τῷ
3426 506 3553 579 βάρει
3579 509 3650 563 τοῦ

2192 597 2479 667 ἐλέφαντος
2503 596 2840 668 πιεζόμενος,
2876 597 3077 664 πνιγεὶς
3110 595 3333 668 τελευτᾷ.

2261 690 2471 762 Θερμὸς
2496 691 2524 743 6
2551 690 2714 754 ἵππος
2741 690 2877 762 πρὸς
2906 688 3185 761 ἐπιθυμίαν
3203 689 3289 744 τοῦ
3311 690 3488 762 θήλεος.
3512 692 3655 756 Nam;

2190 780 2220 835 6
2250 780 2387 847 δνος,
2428 781 2520 834 καὶ
2556 779 2830 853 όξυήκοος,
2861 782 2953 834 καῖ⁵
2992 784 3224 852 μνήμων.
3257 780 3558 853 Μνησίκακον
3582 784 3656 837 κά-

2195 880 2379 944 μηλος.
2421 871 2711 944 ’Δνήμερον
2743 870 2921 935 λύκος.

2263 963 2539 1035 Εὑσταθὴς
2572 966 2601 1017 6
2634 963 2777 1034 βοῦς.
2806 962 3131 1035 Εὐχάριστος
3159 964 3185 1015 6
3209 962 3362 1027 κύων,
3396 963 3477 1017 καὶ
3505 965 3660 1034 φιλοδε-

2192 1054 2414 1124 σπότης·
2451 1053 2705 1118 πολλάκις
2733 1054 2839 1126 γὰρ
2876 1053 2993 1107 καθ’
3023 1052 3135 1106 ὁδὸν
3164 1053 3501 1124 φονευομένοις
3524 1054 3663 1117 αὐτοῖς

2192 1144 2549 1198 ἐπαπέθανενο
2585 1144 2760 1215 ἕτεροι
2787 1143 2843 1196 δὲ
2870 1143 2962 1197 καὶ
2993 1144 3115 1205 τοὺς
3143 1146 3309 1211 φονεῖς
3335 1144 3662 1213 κατεμήνυσαν,

2192 1238 2287 1292 καὶ
2327 1236 2423 1308 τὴν
2466 1235 2666 1290 ἔνδικον
2695 1235 2981 1289 πείσασθαι
3015 1235 3203 1298 αὐτοὺς
3232 1235 3475 1307 τιμωρίαν
3500 1228 3666 1305 προεξέ-

2192 1346 2384 1400 νησαν.

2263 1418 2374 1492 Τὴν
2419 1416 2476 1472 δὲ
2518 1416 2705 1472 ὕαιναν
2768 1416 3114 1489 ὑπετόπησάν
3177 1432 3314 1480 τινες
3346 1415 3667 1486 ὑπονοήσαντες

2193 1509 2437 1583 ἀμείϐειν
2478 1511 2596 1564 κατ’
2625 1509 2741 1573 ἔτος
2772 1510 2871 1580 τὴν
2900 1507 3136 1579 θηλυκὴν
3166 1507 3315 1576 φύσιν
3340 1507 3421 1558 ὲπὶ
3449 1506 3500 1559 τὸ
3524 1506 3665 1577 ᾶρῤεν,

2193 1605 2226 1677 ἢ
2260 1605 2357 1677 τὴν
2399 1604 2603 1676 ἄρῤενα
2645 1603 2737 1655 ἐπὶ
2767 1601 2827 1654 τὸ
2857 1600 3007 1673 θῆλυ.
3048 1601 3196 1670 Ἔχει
3224 1598 3277 1652 δὲ
3317 1599 3407 1670 οὐχ
3439 1598 3593 1662 οὕτως·
3625 1596 3669 1651 τὸ

2193 1698 2300 1768 γὰρ
2345 1695 2502 1764 ζῶον,
2555 1694 2944 1764 ἀσελγέστατον
2997 1693 3136 1746 πάνυ
3185 1692 3426 1763 ὑπάρχον,
3474 1690 3562 1763 πρὸ
3601 1688 3667 1743 τοῦ

534 1792 713 1851 dendo
747 1787 994 1844 mulieris
1035 1802 1144 1842 non
1190 1784 1507 1841 dissimilem
1550 1783 1826 1847 continet,
1882 1781 1936 1834 in
1986 1794 2095 1850 quo

2204 1786 2359 1859 πόρου
2407 1785 2510 1839 ὑπὸ
2553 1783 2649 1856 τὴν
2691 1784 2887 1855 κέρκον
2926 1782 3117 1854 ἐξοχὴν
3147 1782 3409 1851 κέκτητ²²’
3433 1780 3585 1849 amo“?
3600 1779 3670 1849 0'].

535 1883 782 1939 foramen
812 1893 917 1932 non
947 1887 1063 1940 est,
1090 1876 1183 1931 sed
1215 1882 1424 1929 tantum
1455 1888 1682 1937 cavum,
1716 1870 1859 1941 quod
1886 1870 2091 1923 nullum

533 1974 706 2029 vulva:
733 1985 889 2025 usum
923 1965 1181 2021 exhibere
1232 1965 1411 2027 valet,
1467 1962 1561 2019 sed
1600 1963 1868 2017 duntaxat
1916 1961 2095 2016 inanis

536 2067 779 2123 libidinis
825 2063 1227 2133 receptaculum
1286 2060 1603 2125 extuberat;
1662 2065 1880 2128 propter
1933 2053 2097 2125 igitur

537 2158 857 2213 immensam
888 2155 1171 2237 muliebria
1203 2151 1439 2223 patiendi
1472 2149 1851 2221 appetentiam,
1886 2146 2020 2201 mari
2041 2153 2097 2202 et

535 2249 750 2309 femina:
806 2247 1095 2320 singularis
1129 2246 1243 2301 haec
1277 2244 1580 2317 proprietas
1633 2241 1834 2296 dicitur
1879 2239 2094 2305 inesse;

536 2343 663 2399 dum
705 2342 848 2398 enim
891 2339 1050 2412 plena
1097 2337 1364 2393 foramina
1414 2335 1470 2391 in
1522 2340 1785 2404 conceptu
1836 2330 2097 2388 salvando

537 2444 894 2505 occupantur,
916 2433 1060 2486 inter
1086 2444 1146 2486 se
1168 2427 1592 2499 flagitiosissime
1610 2433 1800 2481 contra
1819 2430 2094 2487 naturam,

537 2526 827 2582 mixturam
860 2523 1085 2578 faciunt.
1123 2518 1278 2576 Unde
1299 2520 1545 2592 hyaenam
1570 2517 1826 2574 feminam
1856 2515 2101 2571 invenire

535 2620 880 2676 rarissimum
925 2625 1032 2681 est,
1072 2611 1205 2670 huic
1267 2614 1413 2671 enim
1468 2612 1653 2668 bestiae
1699 2625 1810 2667 non
1855 2608 2100 2666 continui

539 2719 730 2783 partus
759 2710 914 2768 fiunt.

611 2804 788 2876 Lepus
818 2811 903 2859 est
945 2803 1000 2858 in
1034 2800 1180 2857 coitu
1213 2796 1690 2870 intemperantior;
1735 2794 1936 2852 femina
1965 2809 2105 2866 quo-

540 2896 673 2953 libet
704 2909 890 2951 mense
923 2894 1094 2965 parit;
1139 2906 1260 2963 que
1291 2905 1413 2946 cum
1440 2887 1681 2960 peperit,
1728 2901 1921 2943 rursus
1954 2900 1987 2940 a
2023 2885 2103 2940 le-

541 3005 674 3063 pore
703 3002 1083 3060 quemcunque
1133 3000 1257 3041 sors
1303 2984 1530 3047 tulerit,
1579 2981 1770 3047 initur,
1822 2986 1878 3036 et
1922 2977 2105 3034 adhuc

543 3083 752 3139 lactans
777 3080 1035 3151 concipit,
1069 3094 1166 3134 nec
1189 3092 1298 3134 uno
1326 3083 1583 3133 contenta
1613 3080 1716 3131 est.

613 3135 1311 3247 tirjipliemimapnitudinis
1364 3170 1644 3225 immensae
1682 3167 1892 3231 ferunt,
1935 3165 2008 3220 ita
2042 3169 2103 3217 ut
2128 3135 2173 3196 (ἶ

546 3265 736 3320 umbra
765 3265 913 3319 illius
936 3265 1197 3333 praedium
1220 3273 1410 3334 opacet
1435 3301 1453 3328 ,
1493 3270 1548 3317 et
1595 3259 1763 3316 veluti
1815 3257 1960 3330 apud
2001 3270 2104 3311 nos

545 3357 728 3427 aquila
771 3356 1036 3437 leporem,
1075 3355 1156 3409 sic
1195 3356 1286 3410 ille
1328 3355 1538 3410 leonem
1582 3352 1843 3409 facillimo
1887 3348 2105 3420 negotio

545 3453 759 3517 raptum
784 3445 1073 3515 prazdatur.

614 3537 971 3605 Charadrius,
1003 3537 1162 3608 cujus
1202 3536 1416 3605 Moyses
1450 3534 1697 3593 meminit
1727 3533 1791 3599 ⁸⁸,
1824 3541 1937 3588 ιοιο
1979 3546 2105 3587 cor-

546 3646 681 3705 pore
713 3631 1155 3703 splendidissimo
1200 3632 1338 3685 nitet
1370 3629 1605 3684 candore
1639 3627 1863 3682 alterius
1907 3625 2108 3680 coloris

548 3725 779 3779 maculis
827 3738 1092 3794 nusquam
1127 3737 1416 3792 aspersus;
1448 3720 1612 3790 hujus
1647 3718 1859 3774 emuvia
1899 3717 2108 3773 obtusae

547 3816 830 3871 oculorum
859 3816 994 3870 aciei
1036 3814 1239 3869 mederi
1293 3814 1550 3877 tradunt,
1594 3810 1979 3881 immorarique
2023 3824 2110 3865 re-

548 3907 689 3979 giis,
735 3908 861 3962 vita;
892 3915 946 3962 et
972 3906 1164 3961 mortis
1215 3905 1528 3961 hominibus
1573 3919 1729 3976 aegra:
1775 3902 2110 3973 infirmaque

468 3992 487 3999 ’
547 3999 875 4056 valetudinis
917 3999 1274 4071 praenuntias.
1308 3998 1445 4053 Cum
1483 3998 1629 4055 enim
1661 3997 1867 4053 allectis
1901 3997 2110 4053 viribus

550 4091 714 4148 homo
744 4092 926 4155 fuerit,
951 4091 1296 4147 charadrium
1334 4092 1413 4146 ita
1442 4090 1873 4156 accommodant,
1907 4101 1965 4146 ut
1987 4104 2112 4146 eum

553 4184 797 4240 adversis
836 4185 1011 4240 oculis
1055 4184 1256 4239 intueri
1291 4184 1493 4255 possit;
1542 4183 1634 4253 qui
1662 4183 1709 4239 si
1743 4190 1809 4237 ad
1849 4190 2112 4254 aegrotum

553 4274 865 4339 attenderit,
891 4282 1236 4345 :egrotusqne
1255 4275 1321 4329 ad
1341 4276 1540 4344 ipsum,
1565 4274 1759 4329 hausta
1777 4273 2109 4336 infirmitate,

554 4368 875 4425 cbaradrius
915 4382 1013 4439 per
1042 4382 1247 4432 aerem,
1283 4368 1452 4422 solem
1480 4381 1673 4422 versus
1700 4365 1911 4432 volitat,
1930 4364 2113 4435 ibique

2194 1876 2340 1949 λυκῷ
2390 1876 2783 1949 παραπλήσιον,
2834 1876 2969 1946 ὅπερ
3006 1876 3110 1928 οὐκ
3155 1873 3261 1943 ἔχει
3306 1872 3471 1943 πόρον,
3498 1870 3525 1941 ἢ
3555 1870 3669 1941 μόνον

2194 1970 2501 2041 κοιλότητα,
2536 1970 2613 2033 είς
2639 1968 2790 2022 οὐδὲν
2815 1969 3030 2040 μήτρας
3061 1964 3304 2037 χρειῶδες
3330 1962 3670 2035 καθεστηκυῖαν,

2196 2061 2288 2115 καὶ
2308 2062 2468 2133 κενὴν
2490 2060 2656 2132 μόνην
2677 2059 2928 2129 λαγνείαν
2951 2058 3186 2129 δέχεται.
3207 2056 3300 2110 Διά
3324 2056 3439 2126 γοῦν
3455 2056 3531 2107 τὸν
3548 2056 3671 2125 ὑπερ·

2196 2151 2455 2208 ϐάλλοντα
2486 2150 2899 2223 πασχητιασμόν
2936 2150 3101 2204 τοῦτο
3120 2150 3149 2203 6
3180 2150 3344 2222 ἄρρην
3373 2148 3455 2201 καὶ
3480 2149 3510 2219 ἡ
3537 2145 3677 2218 θήλεια

2197 2243 2377 2315 ἔχουσι
2408 2243 2470 2297 τὸ
2509 2242 2723 2314 ἰδίωμα*
2756 2242 2881 2295 ὅταν
2915 2242 3024 2313 τάρ
3058 2243 3117 2294 oi
3156 2242 3305 2312 πόροι
3340 2237 3676 2310 πεπληρωμένοι

2197 2334 2547 2407 ἀσχολοῦνται
2578 2336 2705 2408 περὶ
2741 2333 2839 2406 τὴν
2867 2333 3090 2406 κύησιν,
3122 2334 3181 2387 ἑν
3208 2330 3437 2403 ἀλληλοις
3461 2331 3544 2404 τὴν
3570 2327 3678 2402 παρὰ

2200 2426 2358 2497 φύσιν
2403 2425 2547 2499 μίξιν
2592 2424 2929 2498 ἐργάζονται.
2984 2423 3155 2479 Ὅθεν
3203 2420 3535 2478 σπανιώτατόν
3573 2421 3679 2472 ἐστιν

2200 2522 2376 2597 εὑρεῖν
2417 2521 2634 2593 θήλειαν
2679 2520 2885 2574 ὓαιναν·
2920 2518 2982 2573 οὐ
3014 2516 3132 2592 γὰρ
3174 2517 3404 2586 συνεχεῖς
3430 2515 3479 2568 αί
3514 2511 3680 2583 κυήσεις

2134 2674 2143 2685 ,
2197 2612 2278 2686 τῷ
2307 2612 2430 2687 ζὼῳ
2458 2612 2749 2683 γίγνονται.

2281 2816 2341 2869 Ὅ
2367 2813 2424 2869 δὲ
2447 2812 2656 2884 λαγωὸς
2683 2813 2819 2886 πρὸς
2847 2812 3136 2869 συνουσίαν
3171 2811 3316 2868 ἐστὶν
3343 2808 3677 2883 ἀκρατέστερος.

2210 2906 2279 2962 Ἥ
2309 2907 2367 2961 δὲ
2410 2906 2600 2979 θήλεια
2637 2906 2780 2961 κατὰ
2813 2907 2956 2978 μῆνα
2984 2908 3187 2971 τίκτει,
3220 2907 3311 2961 καὶ
3340 2903 3542 2959 τεκοῦσα
3566 2897 3681 2954 πάλιν

2203 3000 2308 3055 ὑπὸ
2335 2999 2428 3054 τοῦ
2456 2999 2707 3071 τυχόντος
2737 2995 2950 3066 λαγωοῦ
2978 2997 3251 3069 ὀχεύεται,
3284 2998 3371 3051 καὶ
3400 2991 3680 3064 συλλαμϐάνει

2204 3095 2284 3149 ἔτι
2308 3093 2666 3167 θηλαζομένη·
2696 3092 2757 3145 οὐ
2789 3090 2897 3160 γὰρ
2924 3091 3179 3162 ἀρκεῖται
3215 3091 3311 3144 ἑνί.

2276 3186 2381 3240 Τὸν
2403 3185 2460 3240 δὲ
2492 3184 2679 3257 γρῦπα
2707 3183 2868 3253 φασὶν
2896 3183 3033 3236 εἶναι
3062 3181 3204 3247 ζῶον
3235 3174 3681 3253 παμμεγεθέστατονι

2205 3276 2281 3342 ὡς
2307 3274 2600 3351 ἀρουραίαν
2634 3273 2789 3327 σκιὰν
2821 3272 3075 3327 ἐκτελεῖν·
3114 3272 3346 3343 ἁρπάζει
3369 3271 3420 3324 δὲ
3447 3269 3599 3322 λέοντα
3616 3260 3679 3315 οὓ-

2203 3383 2311 3431 τως
2337 3363 2593 3437 εὐχερῶς,
2626 3363 2703 3427 ὡς
2735 3363 2888 3426 ἀετὸς
2914 3364 3042 3434 παρ’
3068 3365 3205 3435 ἡμῖν
3236 3361 3452 3432 λαγωόν.

2279 3545 2433 3597 Ἐστι
2468 3541 2602 3608 ζῶον
2644 3541 2930 3615 χαραδριὸς
2959 3543 2988 3596 6
3023 3542 3181 3614 παρά
3212 3543 3409 3613 Μωῦσῇ
3436 3530 3678 3611 μνημονευθ-

2212 3654 2388 3709 μενος,
2421 3635 2761 3699 λευκότατος,
2790 3633 2855 3687 δι’
2877 3633 2995 3687 ὅλον
3024 3632 3087 3687 τὺ
3118 3635 3276 3707 σῶμα
3311 3634 3382 3707 μὴ
3416 3633 3529 3704 ἔχων
3548 3625 3683 3680 σπῖλον

2208 3729 2372 3799 ἄλλης
2394 3728 2578 3801 χρόαςο
2619 3728 2713 3781 καὶ
2742 3726 2929 3781 τούτου
2965 3726 3062 3790 τὰς
3098 3727 3350 3800 ὲκρύσεις
3378 3726 3487 3787 τοὺς
3506 3718 3688 3791 ἀμϐλυω-

2209 3820 2444 3884 ποῦντας
2479 3817 2656 3875 ἰᾶσθαί
2694 3836 2841 3889 φασι.
2881 3820 3228 3890 Καταμὲνειν
3258 3819 3313 3871 δὲ
3349 3816 3489 3871 αὑτὸν
3526 3814 3572 3864 ὲν
3602 3807 3687 3868 ταῖς

2210 3913 2398 3976 αὐλαῖς
2440 3914 2559 3976 ταῖς
2608 3911 2909 3982 βασιλικαῖς
2959 3910 3253 3983 ἱστοροῦσι,
3304 3909 3551 3983 προφήτην
3586 3898 3689 3965 ζωῆς

2210 4005 2304 4059 καὶ
2331 4004 2559 4060 θανάτου
2594 4008 2706 4069 τοῖς
2736 4004 2999 4076 κάμνουσι
3033 4004 3145 4057 τῶν
3177 4002 3461 4074 ἀνθρώπων
3497 3993 3686 4067 γιγνόμε-

2210 4098 2493 4152 νον.’οταν
2510 4097 2638 4168 γὰρ,
2668 4096 2848 4165 φασὶν,
2877 4095 3158 4168 ἀρρωστία
3187 4112 3271 4159 τις
3293 4091 3550 4165 περιπέσῃ,
3571 4085 3689 4151 ἀγον-

2214 4205 2297 4241 σιν
2330 4186 2555 4241 ἐνώπιον
2584 4185 2746 4241 αὑτοῦ
2773 4186 2864 4239 τὸν
2892 4185 3201 4257 χαραδριὸν,
3246 4186 3338 4240 καὶ
3364 4184 3408 4237 εί
3440 4178 3608 4252 προσχῇ
3635 4171 3689 4241 τῷ

2212 4278 2473 4345 νοσοῦντι,
2503 4279 2597 4333 καὶ
2627 4278 2655 4331 6
2683 4278 2850 4334 νοσῶν
2890 4277 3058 4349 αὐτῷ,
3101 4277 3386 4331 καταπίνει
3420 4272 3504 4343 τὴν
3536 4263 3692 4323 νόσονδ

2214 4371 2502 4445 χαραδριδς
2537 4371 2723 4439 αὑτοῦ,
2766 4372 2860 4427 καὶ
2893 4371 3181 4425 ἀνίπταται
3214 4372 3295 4434 είς
3328 4369 3412 4422 τὸν
3439 4362 3596 4434 αἰθέρα
3624 4353 3691 4408 τοῦ

553 4459 802 4515 morbum
821 4450 1056 4515 bominis
1070 4457 1392 4529 dissipatum
1414 4457 1679 4528 disperdit
1697 4474 1711 4524 ;
1730 4456 1776 4513 si
1799 4472 1906 4511 non
1929 4458 2104 4527 inspe-

2212 4465 2384 4537 ἡλίου,
2415 4467 2575 4520 κάκεῖ
2601 4466 2699 4537 τὴν
2726 4465 2878 4519 νόσον
2901 4464 2995 4518 τοῦ
3022 4464 3309 4537 ἀνθρώπου
3336 4454 3634 4518 δωσκεδάζιιο
3658 4446 3694 4500 εί

554 4552 726 4617 xerit,
772 4550 840 4607 de
871 4551 1169 4606 laborantis
1216 4549 1437 4604 interitu
1473 4549 1842 4619 conjecturam
1885 4547 2113 4602 faciunt.

630 4644 923 4701 Unicornis
956 4626 1159 4700 animal
1186 4651 1291 4704 est.
1314 4650 1368 4700 et
1401 4644 1535 4700 illud
1562 4659 1810 4715 parvum,
1837 4642 1974 4698 haedi
2002 4656 2119 4697 ma-

554 4737 858 4809 gnitudine,
887 4736 1085 4792 eximia
1116 4735 1438 4805 pernicitate
1466 4743 1521 4790 et
1551 4734 1913 4800 vehementia,
1944 4749 2118 4790 cornu

556 4830 615 4885 in
643 4830 957 4886 summitate
988 4828 1183 4898 capitis
1207 4827 1398 4894 unico;
1445 4827 1547 4883 hac
1587 4843 1753 4899 porro
1785 4828 1998 4884 ratione
2025 4844 2121 4884 ea-

560 4922 728 4994 pitur.
756 4920 1038 4994 Virginem
1060 4920 1430 4991 incorruptam
1472 4928 1597 4977 ante
1626 4936 1750 4978 eum
1779 4920 2117 4992 conjiciunt,

558 5014 720 5084 cujus
751 5014 867 5085 ipse
912 5014 968 5069 in
1005 5013 1186 5071 sinum
1226 5013 1431 5081 insilit,
1475 5029 1540 5070 ea
1570 5013 1855 5085 complexu
1889 5011 2121 5069 fovendo

559 5107 618 5162 in
645 5106 823 5179 regias
852 5104 1045 5162 defert.

630 5195 911 5256 Castorem
926 5198 1129 5255 animal
1146 5198 1423 5258 facillimis
1445 5199 1689 5256 moribus
1710 5205 1767 5255 et
1801 5196 2122 5263 mansuetis,

563 5289 720 5361 quies
758 5291 1025 5362 delectat;
1072 5293 1247 5351 mirus
1297 5294 1519 5351 testium
1566 5294 1686 5363 ejus
1729 5293 1788 5348 in
1837 5292 2125 5349 medicinis

567 5395 733 5451 usus;
765 5387 1208 5458 persequentium
1244 5396 1561 5443 venatorum
1589 5392 1817 5453 urgente
1844 5385 2087 5457 periculo
2105 5423 2122 5446 ,

566 5483 665 5525 ωε
724 5484 1004 5544 amputat,
1064 5486 1453 5548 currentesque
1522 5493 1553 5531 3
1606 5491 1899 5548 progressu
1956 5480 2123 5530 arcet.

571 5558 631 5617 Si
657 5563 751 5618 alii
780 5565 882 5622 hoc
910 5570 1053 5624 idem
1083 5578 1301 5642 petant,
1335 5578 1502 5627 testes
1534 5570 1815 5642 ademptas
1844 5568 2081 5627 ostendit
2104 5604 2122 5633 ,

567 5669 865 5727 eorumque
896 5674 1091 5719 cursus
1120 5671 1383 5718 moratur.

642 5769 688 5803 ⁸⁸
724 5766 889 5825 Leuit.
916 5785 991 5838 xu,
1030 5769 1125 5838 l9;
1171 5771 1325 5828 Deut.
1354 5772 1572 5839 xiv,18.

2216 4558 2272 4611 δὲ
2304 4557 2379 4630 μὴ
2405 4560 2635 4630 προσχῇν
2664 4556 3035 4629 γινώσκουσιν,
3059 4558 3140 4611 ὅτι
3160 4556 3456 4624 τελευτήσει
3472 4552 3496 4603 6
3511 4548 3692 4614 κάμνων.

2300 4651 2357 4704 '0
2396 4649 2452 4703 δὲ
2485 4650 2791 4722 μονόκερως
2826 4650 2963 4715 ζῶόν
2991 4652 3104 4704 ἐστι
3130 4649 3344 4721 μικρὸν,
3369 4648 3526 4717 ὅμοιον
3549 4636 3691 4708 ἐρίφῳ.

2217 4742 2543 4815 δριμύτατον
2574 4741 2797 4813 σφόδρα.
2846 4742 2942 4796 Ἕν
2971 4741 3029 4795 δὲ
3055 4742 3224 4812 κέρας
3254 4741 3405 4811 μόνον
3429 4734 3506 4789 ἐπὶ
3529 4729 3603 4795 τῆς
3621 4737 3691 4775 κο·

2223 4834 2396 4905 ρυφῆς
2434 4832 2546 4904 ἔχει
2568 4834 2666 4905 τῆς
2690 4833 2949 4905 κεφαλῆς,
2978 4834 3073 4887 καὶ
3092 4833 3326 4905 θηρᾶται
3353 4824 3553 4884 τοιώσδε”
3576 4817 3691 4883 ΠαΡ⁹

2222 4924 2372 4980 θόνον
2409 4926 2580 5000 ἁγνὴν
2623 4927 2901 4999 ῥίπτουσιν
2944 4925 3107 4981 αὐτοῦ
3152 4921 3482 4997 ἐπίπροσθεν
3514 4910 3609 4967 ὁδὶ
3636 4906 3694 4965 εἷς

2222 5018 2347 5082 τοὺς
2378 5018 2611 5084 κόλπους
2640 5019 2807 5092 αὐτῆς
2845 5018 3148 5089 ὲφάλλεται’
3197 5021 3232 5090 ἡ
3276 5017 3332 5070 δὲ
3371 5007 3692 5085 περιθάλπονσι

2222 5109 2382 5164 αὑτὸν
2408 5112 2487 5175 είς
2513 5113 2637 5175 τοὺς
2656 5112 2837 5175 οἴκους
2863 5111 2973 5166 τῶν
2997 5110 3254 5183 βασιλέων
3284 5100 3584 5175 ἀποκομίζει.

2298 5204 2454 5257 Ἐστι
2476 5202 2613 5268 ζῶον
2636 5203 2965 5277 καλούμενον
2988 5180 3294 5277 καστόριον,
3325 5203 3472 5273 ἤπιον
3495 5191 3607 5246 πάνυ
3625 5180 3688 5237 καὶ

2225 5295 2465 5368 ἡσύχιον·
2505 5296 2821 5369 χρησιμεύει
2855 5297 2912 5351 δὲ
2943 5297 3011 5352 τὰ
3039 5298 3210 5352 αἰδοῖα
3250 5292 3411 5350 αὐτοῦ
3437 5286 3551 5360 πρὸς
3575 5279 3683 5332 ἴασιν·

2226 5387 2559 5457 Διωκόμενον
2598 5384 2691 5441 οὖν
2728 5390 2819 5443 ἐπὶ
2851 5387 3009 5443 τοῦτο
3045 5388 3148 5442 ὑπὸ
3184 5386 3292 5440 τῶν
3321 5369 3685 5456 θηρευτῶνοάν

2226 5478 2416 5532 κόπτει
2441 5477 2604 5531 αὐτοῦ
2626 5479 2693 5534 τά
2716 5479 2908 5545 αἰδοῖα,
2943 5480 3038 5535 καὶ
3058 5481 3301 5550 ἐφίστησι
3323 5476 3440 5538 τοὺς

2240 5569 2662 5626 Ἐπιδιωκόντων
2684 5571 2743 5626 δὲ
2768 5541 2961 5636 ἄλλων,
2990 5541 3419 5642 ἀποκεκομμένον
3447 5556 3591 5616 eam“
3607 5541 3687 5641 ξδ’

2227 5680 2405 5732 κνυσι,
2432 5663 2525 5718 καὶ
2546 5665 2799 5720 ἐκκόπτει
2829 5664 2921 5721 τοῦ
2945 5665 3142 5739 δρόμου
3165 5665 3288 5727 τοὺς
3314 5653 3561 5732 θηρευτὰς·
