3962 6202
272 267 375 328 745

1166 262 1436 324 δΡυΒΙᾹ.
1472 297 1542 308 -
1580 257 1935 322 (ΣΟΜΜΕΝΤ.
1973 256 2041 313 ιιι
2079 253 2576 314 HEXAEMERON.

3401 253 3504 311 746

351 387 412 440 '0
435 387 491 440 δὲ
516 385 912 458 μυρμηκολέων
937 390 1147 460 πατέρα
1174 386 1285 457 ἔχει
1317 386 1605 458 πρόσωπον
1628 383 1840 443 λέοντος

2014 374 2427 448 Myrmecoleoni
2490 381 2646 444 pater
2696 379 2812 440 est,
2865 373 2952 426 cui
3003 382 3254 442 aspectus
3317 375 3409 444 qui
3451 387 3507 432 et

273 476 486 550 ἔχοντα,
521 477 618 548 τὴν
644 476 700 529 δὲ
739 477 947 549 μητέρα
981 476 1288 549 μύρμηκος.
1325 479 1432 530 Καὶ
1468 478 1496 529 ὁ
1529 478 1625 547 μὲν
1657 481 1837 548 πατὴρ

277 571 618 642 σαρκοφάγος
645 569 812 634 ἐστὶν,
839 571 873 640 ή
892 569 948 622 δὲ
978 571 1157 642 μήτηρ
1184 571 1570 645 όσπριοφὰγος,
1599 569 1692 623 καὶ
1718 585 1843 638 γεν-

275 660 405 714 νῶσι
441 659 604 729 διφυῆ
646 659 736 712 τὸν
780 659 1248 731 μυρμηκολέοντα,
1295 661 1356 713 τὸ
1405 661 1502 733 μὲν
1553 660 1840 732 πρόσωπον

274 752 463 822 ἔχοντα
491 751 724 816 λέοντος,
758 753 818 804 τὸ
863 752 922 806 δὲ
969 754 1130 825 μέρος
1165 753 1224 806 τὸ
1266 753 1487 806 ὄπισθεν
1531 751 1835 825 μύρμηκοςο

272 845 366 897 καὶ
401 843 476 914 μὴ
507 843 800 916 δυνάμενος
834 847 968 917 μήτε
1022 846 1156 918 κρέα
1206 846 1341 918 μήτε
1387 845 1589 917 ὄσπρια
1621 845 1840 910 ἐσθίειν,

270 937 628 1008 ἀποθνήσκει.

346 1033 404 1086 '0
436 1033 493 1085 δὲ
521 1032 749 1103 δναγρος
782 1030 1092 1104 ἀγελάρχης
1121 1030 1257 1095 ἐστὶ,
1288 1030 1382 1084 καὶ⁵
1405 1028 1514 1083 τῶν
1532 1028 1834 1100 γενομένων

266 1125 512 1198 ἀρρένων
545 1124 645 1195 θλᾷ
674 1124 742 1178 τά
769 1125 961 1190 αἰδοῖα,
996 1124 1091 1177 καὶ
1123 1123 1183 1176 οὐ
1215 1105 1696 1194 σπερματίζουσιν.
1788 1108 1794 1112 ’

337 1307 397 1362 '0
426 1309 482 1362 δε
499 1312 672 1378 ἐχῖνος
703 1311 779 1374 ὡς
807 1311 1010 1383 σφαῖρά
1047 1315 1162 1366 ἐστι
1191 1311 1268 1382 τῷ
1294 1311 1526 1382 σώματι,
1557 1312 1651 1364 καὶ
1675 1312 1703 1364 ό
1725 1310 1826 1363 νῶ-

250 1403 350 1467 τός
376 1404 522 1456 ἐστιν
549 1402 714 1456 αὑτοῦ
746 1404 1078 1476 όλόκεντρος,
1113 1403 1220 1458 τῶν
1247 1403 1482 1476 κέντρων
1515 1403 1714 1474 ὁμοίων
1743 1403 1829 1456 ὅν-

250 1508 366 1546 των
393 1496 504 1557 τοῖς
536 1491 644 1546 τῶν
675 1493 973 1548 θαλαττίων
1002 1494 1193 1565 ἐχίνων
1231 1493 1493 1566 κέντροις.
1533 1492 1829 1565 Πορεύεται

253 1583 388 1655 γοῦν
412 1585 505 1638 ἐπὶ
537 1585 628 1639 τὸν
661 1585 853 1658 βότρυν
882 1587 981 1658 τῆς
1009 1587 1276 1658 ἀμπέλου,
1315 1586 1408 1640 καὶ
1448 1587 1701 1658 κατασπᾷ
1731 1587 1832 1657 pa-

254 1692 385 1744 γας,
457 1677 553 1730 καὶ
603 1676 944 1746 ἐγκυλισθεὶς
991 1677 1296 1752 περιπείρει
1345 1677 1445 1743 τὰς
1494 1677 1668 1750 ράγας
1716 1680 1829 1742 τοῖς

255 1769 509 1840 κέντροις
544 1769 636 1823 καὶ
667 1772 994 1840 ἀφικνεῖται.

343 1873 568 1946 Δολερὸν
589 1873 860 1946 ήάλώπηξ
890 1873 978 1928 διὰ
1017 1873 1229 1928 τοιᾶσδε
1271 1875 1518 1947 μηχανῆς
1547 1874 1840 1948 θηρωμένη

268 1970 396 2032 τοὺς
423 1966 660 2040 ὄρνιθας.
689 1965 938 2039 Εὑροῦσα
957 1965 1064 2038 γὰρ
1087 1966 1397 2039 τελμιστὴν,
1424 1967 1732 2037 ὲγκυλίεται
1759 1969 1841 2032 είς

268 2061 462 2132 αὐτὴν,
495 2059 589 2114 καὶ
616 2059 777 2114 πάλιν
804 2058 1085 2113 ὲνειλεῖται
1124 2057 1426 2132 λεπτοτάτῃ
1469 2061 1613 2112 κόνει
1643 2059 1676 2130 ἢ
1707 2059 1843 2130 ἀχύοο

273 2169 410 2226 ροις,
441 2153 536 2221 κα),
562 2151 773 2224 τίθησιν
812 2152 904 2205 ἐπὶ
938 2151 1032 2206 τοῦ
1063 2152 1244 2206 πεδίου
1281 2151 1478 2224 ἑαυτὴν
1517 2151 1585 2206 τά
1621 2152 1841 2224 ὄμματα

271 2246 681 2310 ἀναπετάσασα,
705 2245 738 2316 ἢ
769 2245 860 2299 καὶ
882 2244 944 2299 τὸ
963 2244 1180 2318 πνεῦμα
1197 2247 1277 2309 είς
1299 2245 1499 2318 ἑαυτήν
1529 2245 1838 2313 ὲπισπῶσα,

267 2337 348 2401 ὡς
394 2337 722 2408 φυσηθεῖσαν
764 2339 932 2410 αὐτὴν
960 2339 1064 2393 ὑπὸ
1093 2337 1200 2391 τῶν
1233 2339 1490 2394 πετεινῶν
1519 2340 1841 2414 νομισθῆναι

268 2429 494 2501 νεκρὰν,
529 2431 684 2485 ἆτινα
716 2432 808 2486 καὶ
840 2431 1190 2487 καταπτάντα
1215 2433 1301 2486 ἐπ’
1324 2431 1490 2504 αὐτὴν
1515 2432 1717 2497 εὐθέως
1744 2450 1842 2488 κα-

267 2522 477 2576 τεσθίει
505 2524 822 2596 ἁρπάσασα.

354 2639 423 2692 Ἥ
471 2639 648 2712 σαῦρα
693 2640 982 2712 γηράσασα
1026 2641 1316 2714 πηροῦται,
1373 2641 1464 2695 καὶ
1495 2641 1589 2704 εἰς
1631 2639 1842 2711 ραγάδα

270 2719 453 2803 τοίχου
471 2733 604 2802 πρὸς
620 2732 884 2798 ἀνατολάς
908 2735 1318 2804 ὲστοχασμένως
1340 2732 1608 2804 βλέπουσα
1629 2732 1838 2794 εἴσεισι,

275 2826 374 2880 καὶ
429 2825 525 2879 τοῦ
580 2826 728 2897 ἡλίου
778 2826 1085 2898 ἀνίσχοντος
1136 2826 1546 2889 ἀναπετάσασα,
1598 2826 1702 2879 ὑπὸ
1745 2825 1842 2896 τῆς

275 2917 496 2979 ἀκτῖνος
520 2916 615 2986 τῆς
655 2915 883 2985 ἡλιακῆς
916 2915 1354 2985 καταυγασθεῖσα
1381 2915 1719 2988 ἀνηλεοῦται,
1749 2914 1844 2967 καὶ

275 3005 438 3077 ὑγιὴς
478 3005 925 3063 ἀποκαθίσταται.
959 3004 1115 3059 Οὕτω
1157 3004 1220 3076 δὴ
1249 3004 1342 3058 καὶ
1372 3005 1457 3068 σὺ,
1489 2997 1534 3056 ὦ
1570 3002 1843 3074 ἄνθρωπε,

274 3097 408 3150 ὅταν
434 3097 680 3170 γηράσῃς
705 3096 1108 3168 ὲνσάμαρτίαις,
1144 3097 1238 3150 καὶ⁸
1275 3093 1560 3165 τυφλωθῇς
1593 3093 1692 3166 τὴν
1731 3092 1844 3146 διά-
1871 3125 1914 3184 C

276 3204 449 3250 νοιαν,
466 3188 564 3257 τῆς
583 3187 926 3258 δικαιοσύνης
948 3185 1099 3258 ζήτει
1125 3187 1215 3240 τὸν
1237 3184 1440 3249 Ἥλιον,
1472 3186 1556 3238 ἵνα
1571 3185 1844 3238 ἀνακαινι-

278 3277 418 3349 σθῇς
450 3281 509 3332 ὲν
535 3277 866 3351 δικαιοσύνῃ,
895 3279 1148 3342 ἀτενίσας
1181 3279 1261 3343 είς
1289 3277 1449 3332 αὑτὸν
1498 3278 1592 3331 καὶ
1617 3279 1728 3340 τοῖς
1749 3275 1846 3345 τῆς

275 3371 460 3442 ψυχῆς
485 3371 789 3443 ἀναϐλέψῃς
819 3372 1130 3446 ὀφθαλμοῖς.

354 3488 577 3541 Πάντων
605 3488 660 3541 δὲ
686 3489 790 3543 τῶν
823 3491 1024 3562 θηρίων
1054 3487 1565 3559 πνευματικώτατον
1591 3488 1847 3560 τυγχάνει

275 3581 378 3633 καὶ
422 3581 848 3652 πυρωδέστατον,
893 3582 991 3635 καὶ
1027 3580 1287 3634 ποικίλων
1322 3579 1614 3650 σχημάτων
1647 3579 1850 3642 τύπους

275 3671 540 3726 ἀποτελεῖ
558 3674 586 3725 ὁ
613 3672 826 3745 δράκων
853 3671 1164 3741 έλικοειδὴς,
1194 3671 1287 3724 καὶ
1313 3670 1481 3722 ποιῶν
1502 3671 1600 3740 τῆς
1625 3669 1849 3741 πορείας

275 3765 383 3830 τὰς
404 3765 601 3836 ὁρμὰς,
630 3765 857 3835 τάχιστα
886 3763 970 3834 ἐφ’
1007 3757 1052 3832 ᾧ
1083 3763 1329 3835 βούλεται
1359 3761 1584 3816 ἔπεισιν.
1615 3761 1850 3815 Ἔστι·δὲ

280 3858 380 3912 καὶ
403 3857 766 3928 πολυχρόνιον·
799 3857 860 3910 οὐ
898 3856 1056 3927 μόνον
1087 3856 1195 3927 γὰρ
1218 3855 1279 3909 τὸ
1303 3855 1477 3928 γῆρας
1505 3853 1851 3926 ἀπαμφίσκε-

281 3967 396 4011 ται,
426 3946 558 4000 ἀλλὰ
583 3947 676 4001 καὶ⁵
703 3945 928 4018 αὔξησιν
957 3945 1174 4017 μείζονα
1197 3945 1521 4016 ἐπιδέχεται.
1565 3943 1731 3998 Ἐπάν
1758 3939 1851 3997 οὖν

278 4037 376 4091 τὸν
404 4036 703 4110 ὡρισμένον
728 4037 826 4107 τῆς
855 4033 998 4106 ζωῆς
1026 4035 1281 4108 ἐκτελέσῃ
1308 4035 1514 4106 χρόνον,
1548 4035 1628 4097 εἰς
1661 4031 1851 4086 ἑαυτὸν

281 4130 674 4185 ἀναλίσκεται·
717 4130 778 4182 ού
806 4129 913 4200 γὰρ
949 4129 1062 4200 ίδίῳ
1097 4128 1424 4198 ἀποθνήσκει
1455 4124 1596 4180 τέλει
1630 4123 1850 4197 πρὸτοῦ

282 4227 384 4297 τῆς
418 4223 563 4295 ζωῆς
599 4225 945 4296 ἐκπληρῶσαι
976 4224 1066 4278 τον
1102 4225 1246 4295 ὅρον,
1284 4225 1332 4276 εί
1365 4223 1438 4293 μὴ
1469 4221 1560 4293 βία
1591 4220 1850 4292 ἀναιρεθῇ

283 4318 390 4387 ὑπό
418 4335 578 4382 τινος.
608 4317 793 4387 Τούτῳ
822 4319 851 4370 ὁ
881 4316 1145 4387 ἰχνεύμων
1178 4315 1497 4387 μονομαχεῖ,
1519 4313 1714 4386 χρίσας
1735 4313 1854 4366 έαυ-

280 4385 376 4462 τθν
404 4408 575 4480 πηλῷ,
592 4409 685 4463 καὶ
699 4385 823 4471 τους
857 4385 1134 4479 μυκτῆρας
1150 4385 1216 4478 τῇ
1244 4385 1424 4476 κέρκῴ
1451 4403 1845 4459 ἐπικαλύπτων.

297 4504 460 4559 Ἀλλὰ
493 4503 594 4575 μὴν
627 4505 720 4557 καὶ
762 4502 894 4574 πρὸς
925 4500 1022 4572 τὴν
1054 4501 1354 4570 Αἰγυπτίαν
1384 4498 1587 4552 ἀσπίδα
1618 4499 1850 4550 ποιεῖται
1883 4489 1926 4542 1)

286 4595 645 4666 συμπληγάδα
693 4595 930 4648 τοιῶσδε·
971 4594 1119 4664 Αὓτη
1151 4593 1247 4663 μὲν
1275 4592 1480 4646 ἔπεισιν
1507 4591 1654 4661 αύτῷ
1677 4588 1854 4659 πολλῷ

288 4689 454 4761 ῥοίζῳ
493 4689 586 4761 τὴν
623 4688 792 4760 ούράν
821 4685 1122 4748 έλικοειδῶς
1167 4683 1519 4754 ὲπισύρουσα,
1559 4681 1629 4734 τά
1664 4682 1708 4735 δ’
1747 4680 1853 4734 ἀπὸ

285 4783 502 4851 στηθῶν
545 4783 677 4854 πρὸς
707 4783 772 4852 τῇ
807 4779 1012 4851 κεφαλῇ
1046 4779 1156 4832 ἀνω
1188 4775 1412 4847 πηδῶσα
1442 4774 1730 4845 μετέωρος,
1762 4771 1852 4825 εύ-

289 4875 511 4946 στερνός
537 4891 594 4927 τε
628 4875 719 4928 καὶ
753 4873 1096 4944 πλατυαύχην
1147 4869 1530 4940 ὲκφυσηθεῖσα,
1581 4864 1752 4936 θυμοῦ
1793 4881 1852 4917 τε

285 4969 542 5041 ἔμπλεως
569 4967 830 5039 γενομένη
852 4967 1158 5038 ἐπέρχεται,
1183 4962 1546 5036 περιφέρουσα
1572 4959 1670 5031 τὴν
1691 4957 1858 5026 γλῶτ-

285 5078 392 5115 ταν
427 5060 562 5131 μετά
595 5061 842 5114 συντόνου
885 5056 1169 5131 συριγμοῖν
1217 5058 1246 5108 ὁ
1275 5055 1330 5109 δὲ
1365 5053 1650 5125 ἰχνεύμων,
1680 5050 1854 5123 ὀρθώ-

290 5169 395 5216 σας
431 5152 528 5222 τὴν
560 5153 775 5223 κέρκον,
812 5150 1040 5205 ὲπισείει
1067 5148 1285 5202 ἀπατῶν
1320 5146 1508 5216 αὐτὴν,
1537 5145 1632 5198 καὶ
1669 5142 1855 5215 μεθέλ-

288 5263 428 5311 κων.
482 5246 591 5306 τοῖς
637 5243 690 5296 δὲ
738 5241 1042 5314 ἔμπροσθεν
1073 5239 1304 5302 ὀκλάσας
1337 5237 1492 5290 ποσὶν
1515 5233 1851 5303 ἐπιφέρεται,

291 5345 389 5391 καὶ
416 5336 761 5399 ταπεινωθεὶς
786 5335 904 5398 ὅλος
936 5325 1034 5406 τὴν
1063 5333 1182 5402 ὄψιν
1217 5331 1378 5401 μόνην
1407 5327 1655 5390 ἐκτείνει,
1685 5341 1857 5396 καρα-

291 5427 466 5482 δοκῶν
495 5428 568 5499 μὴ
597 5428 775 5500 φθάσῃ
803 5426 1012 5496 πληγὴν
1041 5423 1258 5494 καιρίαν
1289 5420 1560 5486 δέξασθαι.
1605 5416 1855 5471 Ἐπειδὰν

291 5517 384 5576 οὖν
419 5522 501 5592 ἴδῃ
532 5523 631 5592 τὴν
658 5519 878 5580 ἀσπίδα,
900 5518 975 5580 ὡς
997 5516 1130 5585 πρὸς
1155 5515 1338 5587 θηρίον
1359 5513 1454 5584 τὴν
1482 5513 1676 5583 κέρκον
1706 5508 1860 5580 ἀμιλ-

290 5615 540 5689 λωμένην
589 5614 896 5687 προθύμως,
948 5609 1222 5680 αἰφνιδίως
1253 5608 1590 5679 ἐπιπηδήσας
1631 5605 1723 5660 τὸν
1757 5604 1854 5657 αύ-

297 5710 426 5779 χενα
458 5709 626 5777 αὐτῆς
651 5707 844 5770 πιέζει,
877 5704 968 5756 καὶ
1001 5703 1310 5770 ἀποπνίγει.

614 5871 878 5931 l‘arnoc.
923 5869 1040 5931 Gn.
1073 5865 1296 5929 XVI".

1944 469 2111 533 leoni,
2140 477 2314 523 mater
2342 468 2430 522 cui
2469 465 2726 520 formicae.
2779 464 2938 520 Pater
2965 465 3210 520 carnium
3235 505 3249 528 ,
3285 466 3510 538 legumi-

1943 574 2073 612 num
2101 568 2275 614 mater
2315 569 2510 620 vorax,
2543 556 2809 627 amboque
2832 564 3092 626 generant
3119 559 3510 628 myrmecoleo—

1942 665 2099 715 nem,
2123 649 2261 706 facie
2291 650 2494 713 leonis.
2519 650 2910 718 Posterioribus
2944 649 3187 719 partibus
3234 649 3508 715 formicae,

1942 741 2034 811 qui
2064 757 2190 797 cum
2229 757 2404 812 neque
2436 743 2696 797 carnibus
2719 781 2733 803 ,
2772 756 2944 810 neque
2973 740 3337 812 leguminibus
3364 743 3510 796 vesci

1947 835 2154 904 possit,
2179 829 2388 904 jejunio
2431 835 2593 887 vitam
2634 835 2769 888 linit.

2017 1030 2232 1103 Onager
2252 1031 2506 1104 gregibus
2537 1033 2809 1103 imperitat
2837 1044 3227 1102 armentorum,
3257 1045 3311 1093 et
3333 1037 3510 1096 editos

1947 1142 2127 1183 mares
2157 1135 2440 1184 truncatos
2473 1127 2751 1183 mordicus
2790 1130 2966 1199 privat
3001 1131 3231 1188 testibus
3251 1171 3266 1196 ,
3304 1147 3372 1187 ne
3402 1148 3512 1204 qua

1950 1221 2181 1278 facultas
2208 1229 2426 1276 maneat
2457 1218 2772 1289 generandi.

2015 1313 2255 1371 Echinus
2301 1313 2458 1384 quasi
2499 1311 2609 1382 pila
2654 1323 2884 1381 corpore
2926 1308 3125 1379 tegitur
3174 1324 3269 1378 per
3313 1324 3507 1366 omnes

1944 1417 2128 1480 partes
2182 1408 2354 1480 spinis
2412 1407 2658 1470 hirsuto,
2712 1417 2832 1474 quas
2878 1401 3052 1473 spinis
3087 1401 3264 1456 echini
3313 1404 3508 1460 marini

1944 1501 2259 1557 consimiles
2309 1505 2470 1564 sunt;
2514 1497 2581 1552 ad
2636 1509 2884 1551 racemos
2940 1493 3065 1549 vitis
3123 1494 3504 1566 proficiscitur,

1946 1591 2073 1646 hinc
2102 1591 2292 1645 acinos
2320 1589 2562 1645 divulsos
2592 1588 2875 1659 spinisque
2921 1601 3022 1642 suo
3049 1588 3293 1643 volutatu
3326 1588 3506 1659 perfo-

1947 1693 2096 1739 ratos
2125 1683 2397 1753 deportat.

2010 1864 2197 1921 Fallax
2244 1875 2297 1923 et
2327 1868 2571 1940 improba
2598 1870 2815 1940 vulpes,
2843 1887 2961 1941 quae
2984 1872 3078 1927 tali
3105 1873 3504 1930 machinatione

1939 1974 2067 2014 aves
2097 1969 2346 2029 venatur.
2394 1959 2452 2015 in
2483 1961 2656 2016 lutum
2688 1963 2982 2034 sordesque
3016 1979 3136 2034 qua:
3167 1968 3506 2022 occurrerint

1939 2051 2313 2123 immergitur,
2361 2054 2667 2126 aspergitur
2699 2055 2826 2111 inde
2873 2056 3241 2112 minutissime
3284 2058 3506 2128 pulvere

1941 2151 2033 2197 aut
2080 2143 2272 2213 paleis,
2325 2145 2552 2215 soloque
2581 2161 2639 2201 se
2675 2149 2993 2218 prosternit,
3030 2150 3342 2219 patentibus
3371 2167 3506 2206 ocu-

1941 2234 2046 2299 lis,
2079 2234 2162 2289 vel
2209 2236 2405 2306 spiritu
2454 2237 2506 2291 in
2545 2253 2604 2293 se
2653 2249 2970 2304 contracto,
3012 2248 3072 2294 ut
3101 2241 3350 2296 volucres
3389 2241 3502 2312 jam

1941 2324 2291 2381 tumefactam
2324 2335 2591 2382 mortuam
2628 2344 2751 2384 esse
2779 2329 3013 2395 ducant,
3052 2347 3188 2402 quas
3209 2373 3223 2395 .
3257 2334 3384 2388 dum
3436 2333 3504 2389 ad

1941 2430 2062 2472 eam
2087 2418 2460 2484 convolarint,
2489 2413 2670 2474 statim
2703 2427 2982 2492 correptas
3014 2423 3259 2478 devorat.

2013 2614 2272 2672 Lacertus
2310 2628 2500 2672 exacta
2527 2613 2684 2672 aetate
2711 2655 2723 2682 ,
2755 2633 2930 2673 cmcus
2955 2617 3205 2684 efﬁcitur,
3232 2619 3285 2674 in
3314 2621 3504 2675 rimam

1943 2707 2085 2763 muri
2137 2708 2204 2763 ad
2232 2717 2384 2764 ortus
2414 2709 2546 2765 solis
2569 2719 2876 2781 vergentem
2908 2717 3160 2766 accurate
3186 2713 3506 2784 ingreditur,

1941 2809 1996 2856 et
2037 2801 2163 2856 dum
2191 2801 2272 2855 sol
2306 2802 2512 2864 oritur,
2546 2803 2734 2858 oculos
2783 2803 2983 2873 aperit,
3019 2803 3308 2875 lumenque
3343 2804 3508 2872 illud,

1943 2893 2234 2964 radiosque
2265 2895 2562 2966 excipiens,
2593 2895 2894 2951 illustratus
2931 2895 3072 2951 redit
3102 2896 3166 2950 ad
3198 2898 3508 2953 sanitatem.

1946 2981 2072 3037 Pari
2105 2984 2319 3040 ratione
2342 3027 2357 3049 ,
2389 2993 2443 3039 et
2470 2993 2527 3039 tu
2549 3025 2562 3049 ,
2593 3000 2627 3039 ο
2667 2986 2864 3052 homo,
2897 2985 3025 3041 dum
3069 2988 3342 3059 peccando
3378 3003 3510 3044 con-

1948 3079 2238 3141 senuerls,
2299 3085 2584 3149 menteque
2653 3077 2822 3134 fueris
2889 3080 3226 3141 obcaaeatus.
3285 3081 3510 3152 iustitia:

1948 3168 2177 3237 qumrito
2221 3166 2400 3223 Solem
2427 3209 2443 3234 ,
2489 3176 2546 3222 ut
2590 3170 2644 3222 in
2679 3169 2892 3238 justitia
2935 3174 3246 3248 renoveris,
3299 3174 3354 3228 in
3383 3190 3505 3230 eum

1949 3262 2220 3334 aspiciens
2240 3301 2255 3328 ,
2280 3262 2562 3332 oculisque
2589 3263 2756 3318 animi
2791 3265 2977 3321 videas
3009 3265 3330 3324 illustratus.
3411 3251 3422 3265 ’

2020 3485 2186 3543 Feras
2247 3501 2437 3543 omnes
2491 3487 2684 3558 spiritu
2748 3498 2802 3544 et
2878 3490 3060 3548 calore
3121 3491 3288 3548 draco
3344 3509 3510 3565 supe-

1950 3585 2068 3644 rat,
2104 3578 2394 3649 variasque
2425 3578 2718 3650 figurarum
2751 3579 2951 3636 formas
2977 3582 3230 3652 exprimit
3257 3583 3512 3655 obliquus

1950 3680 2006 3727 et
2053 3678 2369 3746 tortuosus;
2417 3679 2472 3726 et
2523 3669 2652 3725 dum
2717 3673 2820 3728 iter
2876 3672 3198 3742 ingreditur,
3249 3674 3514 3731 citissime

1951 3773 2150 3817 metam
2199 3775 2363 3830 quam
2423 3760 2525 3815 sibi
2575 3761 2857 3831 proposuit
2891 3763 3135 3833 attingit;
3165 3771 3220 3819 et
3251 3766 3385 3822 satis
3417 3766 3512 3822 diu

1951 3853 2113 3920 vivit;
2145 3868 2251 3907 non
2286 3860 2498 3906 tantum
2539 3853 2682 3907 enim
2717 3861 2991 3908 senectam
3027 3856 3210 3920 exuit,
3247 3857 3340 3914 sed
3373 3865 3426 3913 et
3457 3859 3512 3913 in

1952 3944 2069 4001 dies
2101 3945 2344 4016 singulos
2391 3945 2766 4016 magnitudine
2804 3947 3051 4016 corporis
3082 3949 3313 4016 crescit;
3356 3957 3514 4006 aetate

1951 4052 2082 4092 vero
2118 4035 2404 4092 confectus
2435 4050 2530 4107 per
2558 4037 2641 4092 sui
2690 4039 3071 4096 resolutionem
3110 4040 3319 4098 deﬁcit:
3367 4059 3514 4098 nun-

1953 4145 2118 4200 quam
2173 4127 2315 4184 enim
2387 4137 2676 4200 antequam
2737 4137 2999 4186 statutum
3051 4133 3172 4188 vitae
3217 4137 3511 4193 terminum

1955 4222 2299 4294 impleverit,
2350 4229 2526 4279 morte
2572 4225 2787 4294 propria
2837 4224 3086 4292 allicitur,
3129 4228 3232 4284 nisi
3275 4230 3344 4285 ab
3405 4231 3514 4285 alio

1953 4316 2216 4369 violenter
2259 4321 2505 4370 necetur.
2553 4314 2691 4370 Cum
2743 4316 2846 4371 hoc
2888 4317 3174 4374 ichneumo
3221 4319 3382 4376 habet
3429 4322 3515 4376 iu-

1956 4407 2292 4463 ternecinum
2341 4406 2564 4470 bellum,
2615 4407 2708 4462 ubi
2753 4424 2812 4464 se
2842 4407 2896 4462 in
2930 4409 3059 4464 limo
3094 4411 3374 4477 merserit,
3409 4429 3511 4466 na-

1954 4514 2150 4570 resque
2204 4499 2376 4554 cauda
2413 4499 2700 4553 ohturarit.
2747 4499 2945 4555 Verum
2989 4507 3043 4554 et
3087 4515 3210 4556 eum
3259 4501 3512 4574 Egyptia

1955 4591 2143 4662 aspide
2197 4591 2402 4662 praeliis
2451 4591 2552 4646 hac
2583 4590 2791 4647 ratione
2835 4591 3101 4659 decertat;
3135 4593 3225 4647 illa
3277 4609 3514 4666 namque

1955 4684 2160 4755 ingenti
2190 4683 2416 4754 strepitu
2435 4723 2449 4746 ,
2480 4683 2744 4738 tractibus
2771 4683 3049 4740 circulatis
3081 4684 3309 4740 caudam
3339 4695 3514 4742 attra-

1956 4775 2125 4838 hens,
2173 4789 2203 4828 e
2265 4782 2484 4844 pectore
2535 4789 2709 4844 usque
2753 4774 2820 4829 ad
2869 4783 3032 4844 caput
3080 4814 3096 4837 .
3158 4777 3357 4833 saliens
3406 4778 3515 4833 alta

1954 4864 2312 4933 excelsaque,
2361 4861 2540 4931 amplo
2587 4871 2828 4931 pectore,
2863 4864 2984 4920 latis
3021 4865 3324 4922 cervicibus
3370 4867 3515 4920 iutu-

1955 4971 2235 5017 mescens,
2281 4957 2358 5008 ira
2391 4956 2663 5009 cumulata
2685 4995 2700 5018 ,
2734 4957 3002 5026 sibiloque
3058 4959 3335 5014 concitato
3356 4998 3372 5024 ,
3410 4961 3515 5014 lin-

1954 5063 2113 5119 guam
2147 5047 2396 5109 vibrans,
2423 5047 2680 5117 impetum
2712 5046 2866 5114 facit;
2890 5055 2946 5101 at
2976 5049 3264 5105 iclmeumo
3286 5051 3512 5106 caudam

1956 5141 2182 5201 tollens,
2217 5138 2359 5192 ictus
2393 5137 2579 5191 irritos
2606 5152 2831 5194 aversus
2871 5139 3068 5209 excipit
3089 5179 3106 5207 ,
3145 5155 3246 5195 nec
3272 5155 3379 5195 non
3414 5156 3532 5211 an-L

1957 5229 2252 5285 terioribus
2280 5228 2508 5299 pedibus
2538 5228 2710 5291 flexis,
2737 5236 2993 5302 totusque
3020 5241 3348 5302 prostratus,
3385 5247 3517 5288 ocu-

1956 5323 2039 5378 los
2083 5329 2296 5376 tantum
2327 5321 2549 5391 coniicit
2572 5363 2587 5385 ,
2622 5321 2724 5375 sibi
2771 5337 2970 5377 cavens
3013 5338 3082 5378 ne
3112 5322 3336 5379 vulnere
3365 5322 3518 5395 gravi

1956 5424 2182 5484 excepto
2209 5417 2580 5482 exanimetur;
2618 5415 2712 5470 sed
2751 5415 2841 5469 ubi
2892 5415 3133 5485 aspidem
3174 5430 3296 5471 cum
3341 5417 3517 5472 cauda

1957 5508 2114 5576 quasi
2145 5523 2268 5562 cum
2301 5507 2414 5562 fera
2444 5507 2810 5562 decertantem
2841 5506 3168 5578 inspexerit,
3190 5517 3434 5580 prompte
3463 5516 3519 5564 et

1958 5610 2156 5671 pratter
2184 5599 2648 5671 exspectationem
2679 5600 2919 5666 irruens,
2956 5600 3165 5656 invadit
3212 5601 3267 5656 in
3317 5601 3506 5656 fauces

1957 5694 2155 5764 quibus
2187 5691 2467 5749 obstrictis
2487 5730 2503 5759 ,
2536 5690 2786 5748 suil'ocat.

3170 5857 3247 5917 2's
