3898 6196
560 214 665 271 'M'l

1399 221 1456 279 S.
1496 222 1938 285 EUSTATHIUS
1972 224 2461 283 ANTIOCHENUS
2498 225 2895 287 EPISCOPUS.
3586 247 3664 305 ιιι

627 332 891 391 Lacertus
940 348 1099 404 quem
1150 334 1382 394 dicimus
1420 342 1856 408 salamandram,
1904 345 2017 401 sive
2059 345 2099 398 ir

2285 342 2467 414 Σαῦρα
2486 343 2542 397 δὲ
2564 345 2597 415 ἡ
2624 344 2888 418 λεγομένη
2916 346 3267 422 σαλαμάνόρα,
3288 350 3371 407 ἐὰν
3390 357 3457 419 είς
3476 372 3663 429 καμινον,

556 424 834 482 fornacem
859 466 876 491 ,
908 426 1023 483 sive
1049 426 1106 482 in
1135 427 1389 486 balneum
1418 432 1698 505 ingressus
1724 435 1908 503 fuerit,
1941 437 2119 507 ignem

555 524 762 572 tactum
787 557 802 579 .
831 532 940 572 non
969 517 1078 573 alio
1115 520 1277 576 modo
1299 539 1464 593 quam
1490 526 1692 595 glacies
1712 529 2030 598 exstinguit.
2096 558 2121 565 ο-

622 610 788 665 Aiunt
828 610 1070 682 viperam
1114 629 1211 684 per
1261 631 1325 671 os
1369 620 1536 673 maris
1586 634 1771 676 semen
1833 623 2121 692 excipere;

550 700 903 773 membraque
946 704 1169 773 exciso,
1202 707 1352 762 illum
1391 709 1670 780 occidere;
1702 728 1825 784 qua:
1864 714 1957 769 ubi
1989 729 2125 771 con-

551 794 843 865 ceperit,a
893 796 1020 854 filiis
1071 799 1401 856 interimitur
1444 820 1459 871 ;
1507 817 1745 876 namque
1803 808 2013 864 exclusi
2065 808 2120 863 in

550 896 728 956 utero,
775 888 971 947 abrasa
1012 892 1209 957 vulva,
1248 894 1576 968 effractoque
1624 906 1965 970 ventre,per
2005 900 2120 958 dis-

548 987 708 1049 rupta
738 979 906 1035 latera
939 992 1252 1054 erumpunt.

618 1131 855 1204 Serpens
922 1135 1232 1195 obcaecatur
1284 1149 1441 1198 mtate
1493 1145 1899 1216 ingravescente
1931 1187 1947 1214 ,
2022 1150 2116 1222 qui

546 1229 903 1302 quadraginta
932 1231 1050 1288 dies
1079 1233 1304 1303 jejuniis
1349 1250 1579 1307 corpore
1627 1238 1807 1295 laxato
1830 1279 1845 1303 ,
1871 1240 1990 1296 saxi
2038 1241 2116 1297 ri-

544 1336 689 1377 mam
728 1322 897 1378 intrat
936 1326 1425 1398 angustam,vique
1466 1344 1525 1384 se
1560 1330 1894 1389 contrahens
1922 1333 2115 1404 pellem

545 1423 929 1486 senectamque
972 1417 1124 1473 exuit
1156 1425 1211 1475 et
1247 1428 1573 1488 renovatur;
1604 1421 1734 1478 dum
1783 1424 1931 1492 sitit,
1963 1426 2115 1496 prius

543 1519 755 1559 veneno
774 1503 1043 1576 deposito,
1066 1504 1305 1564 fontanis
1323 1509 1479 1580 aquis
1504 1511 1649 1567 sitim
1674 1511 1914 1584 depellit.
1929 1512 2113 1586 Captis

543 1597 844 1665 musculis,
879 1597 1068 1653 oculos
1102 1601 1245 1654 eruit
1275 1599 1576 1672 uutritque,
1610 1610 1664 1657 et
1687 1602 1755 1659 iis
1787 1603 1910 1660 cibo
1945 1605 2113 1661 utitur

2225 433 2256 502 ἢ
2293 433 2569 504 βαλανεῖον
2588 438 2897 511 ἐπεισέλθῃ,
2919 440 3286 514 ἀποψυχραίνει
3317 447 3445 503 αὑτό.

2292 614 2429 669 (ιιασλ⁸
2463 614 2521 669 δὲ
2555 615 2652 688 τὴν
2677 615 2887 688 ἔχιδναν
2918 617 3005 672 διὰ
3044 618 3290 691 στόματος
3310 623 3390 678 τοῦ
3407 624 3589 698 ἄρρενος
3606 631 3677 703 τὴν

2222 705 2386 775 γονὴν
2425 704 2693 776 δέχεσθαι,
2729 706 2823 761 καὶ
2856 708 3269 764 συναποκόπτειν
3290 714 3388 775 τοῖς
3418 713 3561 769 ὀδοῦσι
3584 719 3680 771 αὐτὸ

2219 796 2281 850 τὸ
2315 796 2521 869 μόριον,
2557 798 2652 851 καὶ
2682 799 3020 851 ἀποκτείνειν
3053 800 3225 854 αὐτόν.
3268 801 3397 873 Αὕτη
3429 805 3493 869 δὲ,
3533 805 3678 876 ἔγγυος

2219 889 2509 961 γενομένη,
2543 888 2650 942 ὑπὸ
2678 889 2785 943 τῶν
2823 889 3027 943 τέκνων
3058 891 3356 963 ἀναιρεῖται’
3381 894 3450 948 ἔτι
3471 896 3559 968 γὰρ
3578 901 3620 950 ὲν
3633 904 3680 972 τῇ

2219 980 2395 1053 κοιλίᾳ
2432 981 2601 1052 αὐτῆς
2644 982 2955 1054 ὑπάρχοντα
2999 983 3097 1056 τὴν
3143 986 3335 1057 μήτραν
3360 989 3682 1057 καταφαγόντα,

2221 1073 2315 1126 καὶ
2330 1072 2430 1145 τὴν
2443 1073 2649 1128 κοιλίαν
2678 1075 3057 1147 ἀναρρήξαντα
3078 1075 3163 1129 διὰ
3186 1077 3276 1148 τῆς
3302 1078 3507 1151 πλευρᾶς
3543 1080 3683 1145 ἔξεισι.

2288 1164 2539 1236 Γηράσας
2583 1166 2639 1219 δὲ
2685 1168 2714 1220 ὁ
2748 1168 2870 1237 ὄφις
2909 1167 3279 1238 ἑκτυφλοῦται,
3330 1172 3415 1225 καί⁸
3452 1172 3685 1242 νηστεύσας

2216 1252 2426 1324 ἡμέρας
2451 1257 2853 1329 τεσσαράκοντα
2885 1257 3175 1330 χαυνοῦται
3201 1259 3274 1335 τῷ
3298 1259 3501 1331 σώματι,
3518 1261 3594 1315 καὶ
3607 1264 3689 1315 εἰσ-

2218 1342 2435 1416 έρχεται
2463 1346 2545 1409 είς
2578 1346 2784 1419 ῥαγάδα
2820 1348 3023 1419 πέτρας
3065 1348 3284 1419 στενὴν,
3324 1350 3406 1403 καὶ
3432 1352 3490 1420 τῇ
3514 1348 3586 1422 βίᾳ
3606 1350 3690 1404 δια-

2217 1433 2511 1505 συρόμενος
2555 1434 2616 1488 τὸ
2650 1435 2824 1506 δέρμα
2861 1436 2922 1489 τὸ
2962 1436 3272 1509 γεροντικὸν
3314 1435 3588 1499 ἀποδύεται,
3624 1436 3692 1491 καὶ

2215 1525 2554 1583 άνανεοῦται.
2597 1526 2761 1581 Ὅταν
2797 1528 2855 1580 δὲ
2885 1527 3105 1601 διψήσῃ,
3135 1527 3223 1581 τὸν
3250 1528 3320 1581 ίὸν
3347 1528 3571 1598 πρότερον
3593 1529 3692 1581 ἀπο-

2210 1616 2436 1683 τίθεται,
2480 1619 2574 1673 καὶ
2614 1617 2787 1684 οὕτως
2819 1620 3028 1674 ἐκπίνει
3064 1621 3131 1675 τὸ
3162 1620 3301 1692 ὕδωρ
3328 1621 3388 1674 ὲκ
3420 1620 3508 1690 τῆς
3538 1619 3691 1689 πηγῆς.

543 1686 775 1743 maturis
820 1695 875 1743 et
890 1686 1250 1759 pinguefactis
1268 1706 1284 1757 ;
1302 1690 1573 1746 hominem
1594 1691 1801 1749 nudum
1821 1694 1868 1751 si
1885 1709 2099 1767 aspexe-

2223 1708 2493 1781 Ἃγρεύων
2522 1710 2578 1764 δὲ
2611 1712 2737 1775 τοὺς
2772 1711 3001 1782 μυοξοὺς
3046 1686 3300 1781 ἐκτυφλοῖ
3322 1711 3409 1765 καὶ
3433 1686 3692 1781 τρέφεί,καὶ

539 1779 646 1843 rit,
685 1793 797 1834 non
839 1777 972 1847 adit,
1004 1780 1263 1837 vestitum
1289 1781 1623 1855 aggreditur.

608 2071 906 2130 Basiliscus
952 2088 1220 2129 venenum
1271 2074 1588 2146 pestiferum
1620 2076 1794 2133 oculis
1829 2077 1958 2147 jacit
1980 2118 1995 2140 ,
2032 2078 2106 2134 ita

539 2176 600 2222 ut
632 2167 905 2223 hominem
934 2168 1020 2224 vel
1044 2168 1161 2225 solo
1190 2175 1411 2240 aspectu
1439 2169 1623 2225 statim
1651 2169 1944 2226 interimat.
1977 2171 2104 2242 Spi-

537 2260 679 2316 ritus
698 2259 817 2329 ejus
840 2260 1053 2332 igneus.
1076 2268 1276 2316 terram
1306 2261 1508 2326 exurit,
1538 2270 1593 2318 et
1620 2262 1839 2326 herbas.
1869 2271 1922 2319 et
1946 2264 2106 2320 arbo-

537 2366 647 2408 res.
698 2349 764 2406 Et
802 2351 907 2407 hoc
952 2352 1115 2407 modo
1155 2353 1301 2424 gigni
1354 2353 1599 2410 historiis
1646 2355 1920 2426 proditum
1966 2363 2050 2410 est
2086 2374 2100 2411 :

536 2459 661 2499 cum
720 2444 906 2525 plures
950 2459 1157 2516 angues
1210 2447 1266 2501 in
1314 2462 1481 2503 unum
1539 2448 1806 2512 conclusi,
1856 2446 2104 2519 fameque

536 2536 714 2593 vexati
763 2534 963 2593 fuerint
1008 2539 1115 2609 (est
1166 2538 1313 2594 enim
1367 2539 1565 2594 animal
1605 2539 2099 2612 scelestissimum),

536 2629 677 2686 alius
704 2628 869 2685 alium
905 2628 1007 2685 sibi
1041 2629 1356 2685 viciniorem
1386 2631 1642 2697 comedit,
1666 2629 1968 2703 fortiorque
1999 2631 2104 2686 im-

536 2722 816 2779 becilliore
879 2728 1105 2787 vorato,
1163 2723 1407 2778 omnium
1466 2723 1755 2795 anguium,
1793 2738 1931 2795 quos
1980 2721 2101 2779 loco

534 2815 644 2871 cibi
670 2813 935 2881 adhibuit,
968 2813 1187 2871 venenis
1225 2814 1418 2885 plenus
1445 2829 1509 2870 ac
1548 2814 1787 2871 refectus
1809 2857 1824 2884 ,
1861 2813 1918 2869 fit
1954 2815 2100 2871 basi-

536 2910 746 2976 liscus,
773 2924 1044 2966 venenum
1096 2907 1305 2964 habens
1336 2906 1886 2979 perniciosissimum,
1932 2908 2005 2963 ita
2038 2916 2098 2963 ut

533 3001 619 3059 vel
659 3000 780 3057 solo
824 3005 982 3055 necet
1018 3004 1264 3069 aspectu.

605 3091 911 3148 Scarabeus
937 3105 1002 3146 ex
1043 3088 1245 3145 bovino
1283 3097 1552 3155 stercore,
1581 3087 1827 3143 rotunda:
1872 3086 2055 3158 ﬁgura:
2078 3128 2093 3151 ,

534 3183 737 3256 pilulas
769 3181 936 3238 volvit
977 3197 1237 3248 aversus;
1270 3179 1451 3237 ferunt
1494 3179 1640 3235 hunc
1683 3194 1781 3237 sex
1818 3180 2097 3236 mensibus

534 3290 699 3349 super
723 3282 869 3331 terra
904 3273 1206 3339 immorari,
1238 3287 1533 3346 semenque
1561 3272 1617 3328 in
1646 3280 1975 3330 stercoream
2015 3272 2098 3344 pi-

535 3371 643 3426 lam
689 3369 957 3434 emittere,
990 3367 1226 3438 indeque
1255 3366 1433 3423 oritur
1458 3382 1575 3423 mas
1612 3366 1938 3434 scarabeus,
1963 3381 2097 3423 nus-

532 3476 696 3535 quam
731 3461 876 3517 enim
909 3461 1230 3518 scarabeum
1266 3459 1525 3517 feminam
1551 3457 1796 3514 invenire
1824 3464 1929 3513 est.
1960 3455 2096 3511 Pro-

533 3563 652 3628 pter
691 3554 832 3611 hanc
858 3553 981 3626 ejus
1010 3564 1265 3610 naturam
1307 3550 1547 3624 Egyptii
1587 3548 1910 3605 scarabeum
1947 3548 2092 3603 inter

531 3648 758 3704 numina
797 3647 1019 3712 colunt,
1067 3645 1170 3702 sali
1218 3643 1450 3701 similem
1502 3649 1912 3703 asseverantes,
1945 3636 2089 3709 quod

531 3743 802 3814 sphaeram
826 3743 1007 3797 volvat
1025 3781 1042 3804 .
1071 3748 1121 3796 et
1164 3739 1343 3796 sidera
1370 3735 1705 3809 serpentium
1736 3734 1924 3806 figuris
1952 3733 2092 3789 assi-

530 3835 743 3902 milant,
798 3833 944 3905 quod
993 3838 1299 3904 tortuosum
1336 3836 1391 3885 et
1437 3827 1718 3900 obliquum
1776 3826 1849 3882 sit
1899 3838 2089 3881 eorum

534 3926 660 3981 iter.

598 4016 897 4079 Formica.
929 4014 1058 4072 dum
1087 4013 1415 4071 frumentum
1439 4016 1790 4083 congregant,
1821 4022 2087 4066 annosum

529 4127 717 4170 semen
761 4108 1041 4172 dividunt,
1074 4123 1144 4164 ne
1174 4121 1367 4162 rursus
1422 4103 1784 4160 madefactum
1818 4101 1874 4156 in
1906 4100 2089 4172 fruges

526 4213 685 4261 exeat
711 4218 744 4260 e
771 4210 953 4269 terra;
987 4201 1164 4258 hieme
1194 4214 1305 4256 non
1327 4198 1699 4270 egrediuntur,
1729 4194 1874 4267 quod
1901 4202 2088 4252 aestate

527 4295 633 4354 sibi
657 4295 837 4351 cibum
872 4294 1008 4349 satis
1040 4291 1382 4348 commodum
1413 4290 1802 4361 compararint.

596 4388 802 4445 Birudo
846 4403 914 4443 ex
962 4399 1159 4459 genere
1186 4383 1454 4441 vermium
1497 4382 1697 4437 animal
1739 4382 1795 4436 in
1832 4379 2082 4437 dulcibus
2113 4392 2158 4448 ι)

524 4483 681 4555 aquis
710 4482 884 4553 degit;
917 4480 963 4534 si
994 4481 1117 4551 quis
1166 4475 1399 4533 sitiendo
1430 4474 1586 4530 avide
1618 4472 1843 4536 biberit,
1876 4486 1982 4526 una
2026 4478 2081 4527 et

524 4572 696 4645 ipsam
744 4570 1043 4634 combibit,
1090 4582 1209 4638 qua:
1252 4571 1470 4636 propter
1533 4564 1757 4619 nimiam
1808 4564 2078 4618 levitatem

522 4680 650 4721 cum
677 4678 816 4735 aqua
850 4670 972 4734 pota
1010 4659 1285 4724 illabitur;
1316 4657 1442 4712 inde
1472 4654 1708 4711 maxima
1738 4652 2079 4709 incommoda

520 4753 891 4824 molestiaeque
925 4749 1192 4805 accedunt
1230 4745 1478 4817 corpori,
1511 4745 1602 4800 illa
1635 4744 1952 4815 sanguinem
1983 4759 2079 4798 ex-

521 4852 782 4917 sugente,
813 4851 867 4899 et
913 4848 1270 4913 augescente,
1318 4837 1614 4894 insatiabili
1665 4850 1899 4907 namque
1951 4851 2079 4891 san-

518 4938 701 5011 guinis
752 4933 1036 4992 hauriendi
1082 4930 1381 5003 cupiditate
1422 4936 1657 4994 tenetur,
1703 4935 1759 4985 et
1803 4927 2077 4984 multoties

518 5028 709 5094 afﬁxa,
741 5041 845 5083 nec
884 5024 1154 5087 evellitur,
1207 5038 1307 5079 nec
1358 5021 1679 5086 detrahitur,
1729 5019 1831 5076 etsi
1879 5019 2074 5075 medici

517 5122 833 5180 obnitantur
850 5160 866 5182 .
893 5120 1067 5176 donec
1110 5117 1349 5189 pondere
1377 5117 1498 5186 ipso
1527 5114 1811 5186 sanguinis
1839 5112 2076 5170 disrum-

515 5223 695 5285 patur.

586 5308 728 5363 Inter
760 5307 1000 5380 aspidem
1032 5312 1334 5374 artemque
1376 5315 1608 5372 quorum
1660 5314 1876 5355 morsus
1927 5298 2075 5354 ulce-
2146 5338 2149 5339 ν

515 5408 619 5466 rat,
634 5408 689 5455 et
719 5400 875 5457 felem
897 5399 1046 5471 jugis
1068 5397 1362 5453 discordia.
1393 5395 1436 5448 A
1462 5393 1824 5464 serpentibus,
1850 5390 2073 5447 locustis

513 5492 802 5562 erucisque
820 5492 1049 5548 dissidet
1079 5489 1199 5545 ibis.
1227 5488 1488 5552 Cerastis,
1519 5485 1897 5556 scorpionibus
1924 5484 2074 5539 aliis-

512 5597 619 5655 que
651 5584 875 5639 minutis
916 5581 1200 5653 reptilibus
1243 5580 1505 5651 accipiter
1534 5579 1800 5636 exitiosus
1830 5586 1948 5643 est;
1980 5576 2070 5633 hic

511 5674 748 5735 hominis
780 5673 1248 5730 commiseratione
1272 5671 1541 5739 ﬂectitur;
1593 5671 1639 5727 si
1685 5672 1827 5728 enim
1858 5671 1914 5726 in
1943 5685 2067 5726 eum

2123 3049 2170 3112 C

2210 1798 2580 1864 πεπανθέντας
2606 1800 2881 1855 κατεσθίει
2919 1800 3140 1864 αὐτούς.
3186 1799 3306 1853 Ἐὰν
3334 1798 3387 1852 δὲ
3410 1798 3584 1867 γυμνὸν
3604 1796 3694 1849 θεά-

2210 1909 2367 1965 σηται
2403 1892 2707 1965 ἄνθρωπον,
2749 1892 2811 1946 οὐ
2858 1892 3171 1964 πρόσεισινο
3221 1892 3266 1945 ει
3311 1891 3364 1945 δὲ
3402 1887 3691 1961 ἐνδεδυμένον,

2206 1978 2514 2053 ὲφάλλεται.

2287 2077 2345 2129 '0
2378 2077 2435 2131 δὲ
2484 2076 2789 2148 βασιλίσκος
2836 2076 2912 2131 ίὸν
2947 2073 3315 2147 θανατηφόρον
3343 2072 3613 2142 ἀποπέμπει
3641 2068 3693 2138 τῷ

2205 2168 2488 2242 ὀφθαλμῷ,
2531 2168 2670 2222 ὥστε
2712 2169 2805 2222 τὸν
2847 2168 3186 2239 θεασάμενον
3215 2165 3526 2239 παραχρῆμα
3548 2165 3695 2219 ἀπονία

2205 2258 2489 2332 κροῦσθαι.
2523 2261 2595 2315 Τὸ
2636 2260 2694 2315 δὲ
2745 2259 2969 2332 φύσημα
3015 2260 3187 2315 αὑτοῦ
3232 2259 3467 2330 τυγχάνει
3507 2257 3693 2330 πύρινον,

2203 2353 2540 2425 καταφλέγον
2566 2353 2769 2426 χώρας,
2802 2355 2893 2408 καὶ
2918 2354 3086 2408 τόπον
3117 2352 3433 2424 σύνδενδρον.
3469 2347 3697 2422 ’ἱστοροῦσι

2201 2446 2258 2501 δὲ
2294 2447 2453 2501 αὐτὸν
2484 2447 2707 2519 τοιούτῳ
2751 2447 2937 2519 τρόπῳ
2976 2445 3346 2501 συνίστασθαι.
3407 2443 3554 2498 Ἕπὰν
3586 2442 3699 2510 ὄφεις

2204 2538 2444 2603 πλείονες
2470 2538 2931 2594 κατακλεισθῶσιν
2945 2538 3107 2610 ὁμοῦ,
3133 2540 3228 2593 καὶ
3244 2535 3551 2609 λοιμὼξωσιν
3573 2535 3697 2606 (tmt-

2201 2631 2375 2704 δήπερ
2397 2631 2458 2684 τὸ
2484 2628 2621 2694 ζῶόν
2646 2632 2762 2684 ἐστι
2783 2629 3154 2701 παμμίαρον),
3182 2630 3405 2691 ἕκαστος
3427 2627 3507 2681 τὸν
3526 2623 3697 2694 πλησίον

2202 2720 2495 2779 κατεσθίει·
2545 2721 2640 2776 καὶ
2687 2723 2717 2775 ό
2764 2720 3118 2793 ἰσχυρότερος
3162 2720 3456 2776 ἀναλίσκων
3496 2716 3597 2786 bet;
3629 2711 3694 2765 τὸν

2199 2814 2606 2889 ἀσθενέστερον,
2633 2817 2727 2869 καὶ
2755 2813 3060 2885 πληρωθεὶς
3093 2814 3315 2868 πάντων
3334 2812 3437 2866 τῶν
3456 2810 3602 2879 ὄφεων
3622 2803 3695 2866 ἱοῦι

2197 2901 2271 2961 ὢν
2313 2907 2653 2980 κατεδήδοκε,
2702 2906 3011 2977 βασιλίσκος
3041 2906 3295 2976 γίγνεται
3334 2905 3407 2960 ἱὸν
3432 2903 3550 2974 ἔχων
3581 2897 3697 2969 χαλε·

2199 2998 2465 3066 πάντατον,
2497 2999 2573 3065 ὡς
2601 3000 2695 3053 καὶ
2721 2999 2828 3053 ἀπὸ
2864 2999 3023 3071 μόνου
3052 3000 3154 3054 τοῦ
3180 2996 3451 3069 ὀφθαλμοῦ
3473 2989 3695 3049 θανατοῦν.

2280 3092 2338 3147 '0
2367 3092 2427 3146 δὲ
2471 3093 2760 3166 κάνθαρος,
2804 3095 2868 3147 ὲκ
2910 3093 3010 3165 τῆς
3043 3094 3235 3165 βοείας
3265 3092 3414 3148 όνθου
3444 3080 3695 3153 κυκλοτερὲς

2199 3185 2386 3257 σχῆμα
2416 3184 2781 3258 πλασάμενος.
2814 3186 3239 3255 ἀντιπρόσωπος
3270 3175 3695 3241 κυλινδεῖδασὶὶὲ

2195 3276 2357 3330 αὐτὸν
2384 3274 2654 3348 ἑξάμηνον
2691 3275 2878 3330 ἐπάνω
2900 3275 3000 3347 τῆς
3025 3278 3159 3348 γῆς,
3188 3279 3286 3333 καὶ
3315 3272 3619 3348 σπερμαίνειν
3635 3268 3694 3329 είς

2192 3369 2292 3440 τὴν
2322 3368 2498 3423 δνθιον
2523 3371 2778 3442 σφαῖραν,
2805 3368 2900 3424 καὶ
2928 3369 3139 3424 τίκτειν
3166 3372 3373 3443 ἄρρενα
3394 3366 3627 3436 κάνθαρον
3644 3357 3689 3411 οὗ

2192 3462 2302 3536 γὰρ
2326 3461 2490 3533 θῆλυς
2521 3461 2753 3534 ὑπάρχει
2782 3460 3049 3533 κάνθαρος
3085 3462 3334 3517 πώποτε.
3374 3458 3477 3516 Καὶ
3501 3456 3538 3510 oi
3560 3449 3686 3519 Αίγύ-

2192 3570 2340 3609 πτιοι
2380 3553 2468 3608 διὰ
2504 3553 2606 3625 τὴν
2640 3552 2892 3623 τοιαύτην
2922 3552 3086 3622 φύσιν
3120 3552 3294 3609 αὑτοῦ
3333 3553 3548 3607 σέϐονται
3569 3541 3690 3597 αὑτὸν

2189 3648 2269 3710 είς
2294 3646 2445 3717 ἥλιον
2470 3643 3051 3718 μετασχηματίζοντες,
3089 3645 3283 3717 ἐπειδὴ
3315 3643 3475 3699 κυλίει
3498 3639 3691 3708 σφαῖραν,

2190 3739 2286 3792 καὶ
2322 3738 2391 3792 τὰ
2425 3737 2601 3810 άστρα
2641 3737 2816 3806 θφεων
2855 3737 3130 3807 σχήμασιν
3174 3736 3536 3801 ἀπεικάζουσι,
3559 3728 3629 3782 διὰ
3650 3722 3693 3776 τὸ

2188 3828 2347 3902 λοξὴν
2380 3828 2645 3886 ποιεῖσθαι
2671 3829 2770 3900 τὴν
2799 3827 3023 3902 πορείαν
3049 3828 3277 3892 αὐτούς.

2256 4012 2321 4065 Oi
2351 4012 2409 4066 δὲ
2450 4010 2737 4085 μύρμηκες
2778 4014 2869 4064 τὸν
2916 4011 3062 4063 σῖτον
3110 4008 3433 4078 συνάγοντες
3469 4001 3546 4056 διὰ
3570 3997 3692 4071 μέσην

2182 4102 2293 4157 τῶν
2341 4103 2553 4158 κόκκων
2596 4102 2874 4174 τέμνουσι,
2923 4101 3060 4173 πρὸς
3109 4100 3178 4156 τὸ
3225 4100 3304 4173 μὴ
3341 4096 3552 4168 ἐκφύσαι
3573 4089 3695 4147 αὐτὸν

2183 4194 2538 4266 νοτιζόμενον·
2574 4194 2668 4259 καὶ
2695 4192 2912 4264 μένουσι
2944 4193 3033 4245 τὸν
3070 4192 3323 4264 χειμῶνα
3364 4188 3599 4259 άπρόῖτοιν
3629 4177 3692 4232 διὰ

2182 4285 2276 4340 τοῦ
2308 4285 2499 4359 θέρους
2526 4284 2768 4357 αὐτάρκη
2799 4283 2899 4355 τὴν
2924 4284 3134 4355 τροφὴν
3165 4284 3526 4355 πορισάμενοι.

2265 4378 2329 4433 Ἣ
2362 4379 2418 4434 δὲ
2452 4378 2661 4450 βδέλλα,
2708 4377 3093 4448 σκωληκοειδὲς
3136 4376 3281 4442 ζῶον
3322 4374 3620 4445 ὑπάρχουσι,
3651 4364 3692 4414 έν

2181 4475 2294 4537 τοῖς
2325 4470 2575 4541 γλυκέσιν
2616 4469 2947 4523 ὲκδιαιτᾶται
2981 4467 3160 4522 ὕδασι·
3208 4469 3306 4522 καὶ
3341 4467 3499 4520 πίνων
3527 4479 3597 4525 τις
3624 4455 3693 4511 λά-

2180 4562 2327 4638 ϐρως
2369 4562 2755 4633 συγκαταπίνει
2794 4560 2945 4626 αὐτὸ,
2982 4558 3081 4614 διὰ,
3115 4562 3222 4632 τὴν
3268 4558 3458 4630 πολλὴν
3495 4554 3693 4621 λειότητα

2182 4655 2567 4712 συνολισθαίνει
2596 4654 2675 4725 τῷ
2717 4653 2988 4724 πινομένῳ
3020 4651 3200 4706 ὕδατι.
3219 4653 3334 4708 Καὶ
3366 4650 3425 4706 οὗ
3456 4644 3626 4721 μικρὰν
3648 4639 3691 4705 ἐξ

2179 4746 2344 4802 αὑτοῦ
2393 4745 2595 4818 βλάϐην
2645 4745 2952 4814 ὑφίσταται,
2995 4743 3093 4815 τῆς
3139 4744 3348 4816 σαρκὸς
3384 4740 3471 4796 τοῦ
3511 4739 3690 4806 αἵματος

2180 4837 2542 4911 ὲκμυζοῦντος
2566 4836 2751 4904 αὑτοῦ,
2783 4836 2877 4891 καὶ
2898 4834 3086 4890 τούτου
3113 4835 3394 4902 αὔξοντος·
3421 4830 3687 4904 ἀχόρταστυν

2177 4932 2235 4986 δὲ
2255 4931 2509 5003 τυγχάνει
2536 4929 2670 5003 πρὸς
2694 4928 2850 5000 δίψαν
2884 4928 3135 5001 αἵματος.
3177 4929 3294 4983 Καὶ
3330 4925 3564 4983 πολλάκις
3588 4912 3685 4971 αὐτὸ

2176 5022 2279 5093 τῆς
2302 5023 2640 5095 ἀφαιρέσεως
2662 5020 2933 5094 δεομένοις
2963 5023 3171 5093 ἰατροῖς
3201 5022 3306 5076 οὐκ
3332 5017 3584 5091 ἀνιμᾶται,
3609 5007 3683 5067 ἕως

2146 5153 2151 5157 ς
2176 5117 2298 5170 ὅτου
2319 5114 2658 5188 διαρραγείη.

2246 5298 2376 5360 Ταῖς
2408 5297 2465 5350 δὲ
2497 5296 2686 5350 ἀσπίσι
2710 5295 2802 5349 καὶ
2849 5295 2961 5357 τοῖς
2992 5291 3176 5356 ἄλλοις
3203 5295 3319 5355 τοῖς
3352 5286 3588 5362 δηκτικοίς
3611 5279 3675 5347 έρ-

2176 5393 2356 5452 πετοῖς
2404 5387 2654 5458 αἴλουρός
2691 5388 2805 5439 εστι
2840 5384 3108 5455 πολέμιος.
3155 5384 3282 5438 Τῶν
3318 5383 3374 5438 δὲ
3416 5382 3586 5450 ὄφεων.
3607 5364 3677 5422 καὶ

2174 5480 2566 5553 τῶνοάκρίδων,
2594 5478 2689 5533 καὶ
2718 5478 2825 5533 τῶν
2859 5476 3091 5549 καμπῶν
3123 5476 3155 5528 ό
3191 5476 3323 5540 ἴϐις.
3353 5477 3468 5536 Τοῖς
3488 5471 3534 5523 δὲ
3555 5459 3678 5532 κερά-

2176 5590 2347 5638 σταις,
2391 5571 2484 5627 καὶ
2531 5570 2828 5642 σκορπίοις,
2864 5569 2957 5624 καὶ
2987 5570 3094 5629 τοῖς
3129 5565 3316 5632 ἄλλοις
3343 5561 3534 5653 μικροίς
3553 5555 3681 5653 ipf?

2172 5672 2282 5734 τοῖς
2308 5669 2337 5720 ὁ
2361 5665 2509 5739 ἱέραξ
2532 5664 2899 5736 θανατηφόρος
2923 5660 3282 5731 καθέστηκεν.
3314 5659 3457 5711 Ἐστι
3486 5651 3534 5703 δὲ
3556 5651 3683 5699 “tam
