3962 6202
325 261 430 323 πο

1236 263 1514 323 SPURIA.
1543 296 1614 307 —
1645 261 2000 321 COXIMENT.
2042 263 2111 321 IN
2149 262 2643 323 HEXAEMERON.

3453 270 3556 325 750

320 383 608 459 συμπαθὲς
634 382 770 457 πρὸς
794 382 884 440 τὸν
918 382 1217 457 ἄνθρωπον·
1245 384 1339 437 ἐὰν
1367 384 1476 456 γὰρ
1507 383 1765 458 θεάσηται
1791 384 1858 438 αὐ

1993 390 2268 438 mortuum
2307 370 2748 453 insepultumque
2787 382 3068 451 inciderit,
3114 386 3368 461 lacrymis
3397 389 3564 449 deco-

319 479 416 534 τὸν
445 478 633 550 νεκρὸν
676 478 766 531 καὶ
805 478 1006 547 ἄταφον
1025 516 1040 539 ,
1074 476 1448 548 κατοδύρεται,
1473 478 1565 533 καὶ
1597 478 1700 550 γῆν
1733 479 1891 551 ἐπιρ-

296 635 308 647 ,
326 572 506 646 ῥίπτει
533 569 700 641 αὐτῷ.

392 662 544 717 Μετά
570 661 627 715 δὲ
662 660 759 733 τὴν
781 658 874 714 τοῦ
907 659 1113 731 κόσμου
1149 660 1383 732 ποίησιν,
1418 660 1643 734 ὕστερον
1669 660 1762 716 τὸν
1792 663 1888 718 ἀν-

319 753 538 826 θρωπον
566 756 596 807 6
621 753 752 817 Θεὸς
773 751 1189 824 ἐδημιούργησε,
1215 750 1294 823 τῷ
1323 752 1420 822 μιν
1441 751 1628 825 θερμῷ
1648 751 1889 824 θραύσας

314 846 379 899 τὸ
415 845 644 917 ψυχρὸν.
674 842 751 915 τῷ
777 840 833 896 δὲ
877 839 1027 913 ξηρῷ
1070 839 1240 912 δήσας
1268 839 1327 894 τὸ
1357 840 1552 912 ὑγρὸν,
1594 840 1689 894 καὶ
1720 838 1888 905 λύσας

313 941 483 996 πάλιν
510 940 571 993 τὸ
599 938 762 1011 ξηρὸν
786 937 864 1007 τῷ
885 936 1056 1009 ὑγρῷ,
1092 937 1456 1007 συνεστήσατο
1490 932 1670 997 αὑτὸν,
1697 934 1887 1007 ἔχοντα

314 1035 496 1089 πάντα
522 1032 590 1086 τά
618 1033 756 1106 μέρη
791 1032 884 1086 τοῦ
918 1032 1135 1095 παντός.
1164 1032 1372 1102 Ὥσπερ
1387 1028 1497 1101 γάρ
1518 1030 1552 1101 ἡ
1572 1029 1646 1100 γῆ
1672 1028 1886 1083 έστῶσα

308 1128 405 1183 τὸν
417 1127 623 1199 ψυχρὸν
640 1125 776 1198 ἀέρα
796 1123 1221 1197 περικεχυμένον
1243 1125 1300 1178 ὲν
1314 1124 1479 1195 ἑαυτῇ
1502 1120 1779 1194 κέκτηται,
1796 1141 1884 1178 τεο

306 1220 597 1291 ταγμένως
616 1219 672 1273 δὲ
695 1219 781 1271 ἐπ’
801 1217 949 1289 αύτῷ
985 1218 1047 1271 τὸ
1064 1216 1175 1289 πῦρ
1196 1216 1396 1290 αίωρού
1404 1234 1581 1289 μενον,
1603 1219 1699 1271 καὶ
1720 1217 1882 1272 πάλιν

304 1312 372 1366 τὸ
404 1312 547 1384 ὔδωρ
572 1309 823 1382 περιθέον
845 1307 1105 1363 κύκλοθεν
1132 1310 1303 1381 αὑτήν
1321 1324 1334 1338 ⁸
1363 1308 1505 1362 οὕτω
1526 1308 1590 1381 δὴ
1618 1309 1714 1363 καὶ
1742 1311 1771 1363 6
1797 1311 1885 1364 ἀν-

304 1404 527 1475 θρωπος
551 1402 802 1472 καθάπερ
832 1401 905 1472 γῆ
922 1400 1029 1453 τῶν
1048 1401 1248 1454 ὀστέων
1271 1401 1565 1472 στερεμνίῳ
1595 1399 1883 1471 φύσει,καὶ

301 1501 378 1572 τῇ
411 1499 497 1551 ἐπ’
520 1496 684 1551 αὐτὸν
718 1493 990 1566 κεχυμένη
1020 1492 1186 1566 σαρκὶ
1219 1489 1489 1558 συνεστὼς
1511 1493 1610 1566 τὴν
1639 1511 1882 1566 πνευμα-

298 1586 466 1659 τικὴν
490 1584 579 1640 διὰ
604 1583 712 1642 τῶν
758 1585 1050 1657 μυκτήρων
1077 1580 1371 1653 ἀναπνοὴν,
1400 1580 1588 1655 ὥσπερ
1616 1583 1754 1656 ἀέρα
1786 1600 1879 1638 κε-

301 1678 587 1752 κλήρωται
612 1678 710 1752 τὴν
744 1678 981 1749 ἔμφυτον
1025 1676 1193 1732 αὐτοῦ
1235 1677 1542 1750 θερμότητα
1588 1678 1683 1731 καὶ
1714 1695 1882 1733 κατα-

300 1771 606 1845 ψύχουσαν.
638 1771 747 1824 Kal
776 1770 882 1843 γὰρ
918 1772 947 1824 6
979 1771 1119 1843 ὑπὲρ
1147 1769 1389 1843 κεφαλῆς
1429 1770 1587 1842 ήμῶν
1619 1771 1748 1844 ἀὴρ,
1780 1771 1881 1845 τὴν

302 1863 531 1938 πυρώδη
563 1861 659 1918 τοῦ
681 1862 841 1936 ἀέρος
871 1861 1031 1933 φύσιν
1060 1860 1406 1933 καταψύχων,
1428 1859 1691 1935 εὔκρατον
1717 1862 1881 1917 παντὶ

301 1955 388 2029 τῷ
428 1955 530 2028 βίῳ
572 1953 681 2009 τῶν
718 1953 871 2019 ζώων
913 1954 1222 2027 καθίστησι.
1257 1953 1330 2007 Τὸ
1358 1953 1416 2007 δὲ
1442 1953 1642 2027 θερμὸν
1685 1954 1748 2009 τὸ
1793 1956 1879 2009 ὲν-

300 2046 642 2123 υπάρχοντῷ
670 2045 881 2120 σώματι
892 2046 986 2102 τοῦ
1015 2046 1302 2120 ἀνθρώπου
1328 2046 1426 2119 τὴν
1448 2047 1542 2101 τοῦ
1571 2046 1879 2119 φλέγματος

298 2143 530 2215 ἐκτήκει
574 2140 871 2213 ἀμετρίαν,
917 2141 1167 2212 καθάπερ
1212 2139 1619 2215 κρυσταλλῶδες
1664 2141 1878 2213 πίλημα

298 2235 516 2301 ὕδατος.
546 2235 612 2288 Δί
636 2234 692 2288 δὲ
723 2233 918 2305 φλέὸες
941 2234 1036 2287 καὶ
1052 2234 1115 2288 τὸ
1136 2230 1278 2305 αἷμα
1308 2233 1370 2288 τὸ
1396 2235 1457 2287 ὲν
1485 2235 1679 2299 αὐταῖς
1715 2250 1879 2289 ποτα-

301 2328 424 2401 μῶν
454 2328 747 2400 μιμήματα
768 2324 1161 2391 ἀποσώζουσιν.
1191 2324 1444 2381 Τοιοῦτον
1471 2330 1500 2381 6
1529 2326 1661 2393 Θεὸς
1684 2344 1877 2400 τεκτη-

296 2423 534 2497 νάμενος
562 2421 653 2476 τὸν
696 2420 979 2494 ἄνθρωπον
1030 2421 1095 2475 ὲκ
1131 2420 1230 2493 τῆς
1274 2420 1394 2493 γῆς,
1428 2421 1524 2475 καὶ
1565 2419 1691 2486 δοὺς
1723 2419 1875 2493 αὐτῷ

296 2513 523 2586 λογικὴν
569 2512 767 2585 ψυχὴν,
813 2511 908 2566 τοῦ
958 2510 1284 2584 παραδείσου
1328 2511 1429 2584 τῆς
1478 2512 1689 2584 τρυφῆς
1732 2514 1873 2569 ἀπο-

294 2600 1868 2681 λαύειναύτὺνπαρ...................

294 2689 433 2749 Εἶτα
475 2694 573 2765 τῆς
615 2693 834 2765 ἐντολῆς
877 2692 1298 2766 παρακούσαντα
1334 2697 1415 2760 είς
1456 2695 1557 2767 τὴν
1583 2695 1687 2767 γῆν
1708 2697 1872 2751 αὑτὸν

293 2784 503 2857 ταύτην
554 2784 899 2857 μετέστησεν,
930 2784 1222 2856 ἐπίμοχθον
1269 2785 1419 2858 αύτῷ
1461 2787 1552 2841 τὸν
1587 2787 1701 2859 βίον
1727 2787 1870 2860 ἔχειν

294 2878 385 2934 ἐπ’
408 2879 577 2951 αὐτῆς
605 2880 1043 2953 ἀποφηνάμενος.

368 2970 648 3043 Γνωρίσας
684 2967 779 3027 οὖν
809 2972 907 3045 τὴν
938 2976 1171 3043 γυναῖκα
1211 2973 1377 3029 αὐτοῦ
1406 2973 1571 3043 Εὕαν,
1598 2976 1747 3041 υἱοὺς
1775 2974 1869 3031 δύο

1993 491 2112 537 rato
2138 479 2413 550 pulverem
2447 478 2642 548 injicit.

2059 652 2191 711 Post
2216 654 2404 709 mu'ndi
2446 654 2608 725 hujus
2658 655 2922 714 fabricam
2953 659 3221 731 expletam
3243 700 3259 725 ,
3307 662 3558 719 ultimum

1989 744 2262 801 hominem
2294 743 2437 800 Deus
2465 748 2773 817 procreavit
2806 749 2849 782 η
2870 789 2887 815 ,
2929 750 3023 807 ubi
3054 752 3234 808 calido
3266 751 3562 826 frigiditate

1988 837 2182 904 fracta,
2202 836 2631 909 humiditateque
2645 841 2795 896 sicco
2817 843 3139 909 constricta,
3159 859 3259 901 nec
3274 861 3385 902 non
3398 847 3563 904 sicci-

1986 935 2100 986 tate
2111 927 2335 984 humido
2355 928 2646 997 dissoluto,
2681 931 2832 987 illum
2845 932 3296 993 eﬂecitnmnibus
3317 938 3558 996 universi

1987 1023 2234 1094 partibus
2251 1022 2582 1079 absolutum.
2597 1022 3064 1090 Quemadmodum
3103 1028 3248 1084 enim
3267 1037 3434 1099 terra,
3462 1034 3557 1088 lir-

1986 1129 2074 1169 ma
2091 1114 2413 1185 stabilisque
2427 1130 2551 1169 cum
2576 1117 2798 1181 sit,aere
2808 1117 3144 1175 circumfuso
3159 1118 3554 1187 circumdatur,

1982 1214 2040 1263 et
2069 1207 2295 1262 vestitur
2323 1209 2690 1272 extrinsecus,
2704 1221 2798 1263 aer
2817 1207 3062 1264 ordinem
3080 1226 3338 1282 sequens,
3353 1213 3479 1288 igne
3500 1217 3557 1272 in

1985 1304 2157 1353 semet
2185 1304 2514 1362 sustentata.
2553 1308 2607 1354 et
2658 1315 2850 1357 rursus
2878 1315 3019 1372 aqua
3062 1302 3359 1374 irrequieto
3403 1306 3552 1369 illius

1983 1388 2285 1445 constricta
2300 1389 2556 1457 circuitu,
2581 1390 2661 1447 sic
2677 1401 2732 1447 et
2745 1391 2909 1448 homo
2922 1393 3085 1449 veluti
3101 1403 3244 1451 terra
3264 1412 3327 1451 ex
3345 1399 3555 1455 ossium

1984 1480 2159 1535 solida
2217 1489 2446 1546 natura,
2494 1498 2767 1552 carneque
2813 1500 2935 1557 qua
2982 1502 3107 1543 eum
3137 1490 3552 1561 complectitur,

1982 1574 2340 1645 compositus,
2364 1589 2462 1646 per
2486 1592 2648 1633 nares
2679 1577 2910 1635 ﬂabilem
2957 1581 3370 1650 respirationem
3396 1623 3413 1653 ,
3439 1587 3553 1641 vel-

1985 1669 2063 1725 uti
2112 1681 2315 1733 aerem,
2347 1684 2470 1740 qua
2521 1672 2763 1727 innatam
2802 1672 2950 1729 illius
2989 1674 3321 1732 caliditatcm
3353 1680 3556 1735 restin-

1984 1770 2113 1833 guat
2135 1768 2190 1817 et
2216 1752 2521 1834 refrigeret,
2553 1766 2783 1822 sortitus
2820 1774 2928 1822 cst.
2957 1767 3068 1823 Aer
3093 1768 3240 1826 enim
3275 1772 3434 1829 nobis
3458 1790 3553 1830 su—

1982 1868 2080 1924 per
2107 1859 2271 1925 caput
2297 1853 2506 1913 eﬂ‘usus
2544 1857 2758 1929 igneam
2789 1860 2933 1916 aeris
2960 1870 3212 1917 naturam
3239 1902 3254 1928 ,
3307 1881 3406 1922 sua
3455 1864 3554 1922 fri-

1972 1944 2207 2015 giditate
2236 1945 2532 2003 inhibendo
2560 1948 2878 2006 animalium
2908 1952 3034 2010 vita
3067 1955 3335 2013 universa
3354 1998 3373 2022 ,
3413 1966 3554 2015 tem-

1978 2046 2221 2109 paratam
2251 2038 2450 2096 reddit.
2484 2040 2734 2098 Calidum
2766 2044 2914 2114 quod
2961 2046 3017 2103 in
3050 2048 3292 2106 humano
3320 2066 3554 2125 corpore

1976 2138 2082 2195 est,
2121 2131 2466 2187 immodicam
2500 2132 2711 2203 pituitae
2748 2135 3139 2194 abundantiam
3172 2142 3436 2215 dissipat,
3473 2147 3553 2202 uti

1978 2235 2132 2293 aqua
2164 2224 2584 2294 spissamentum
2610 2226 3029 2297 conglaciatum.
3058 2229 3219 2290 Vena
3240 2245 3294 2291 et
3325 2239 3555 2309 sanguis

1977 2315 2034 2370 in
2073 2315 2181 2373 illis
2209 2314 2496 2372 ﬂuviorum
2531 2317 2706 2373 instar
2732 2335 2793 2376 sc
2820 2320 3044 2378 habent.
3074 2322 3187 2380 lloc
3216 2335 3378 2396 pacto
3405 2327 3553 2387 Deus

1976 2406 2250 2464 hominem
2299 2423 2332 2465 e
2380 2416 2528 2465 terra
2579 2412 2920 2481 perfectum,
2976 2416 3270 2489 animaque
3318 2422 3554 2481 rationis

1974 2509 2224 2572 compote
2256 2501 2595 2574 insignitum,
2623 2502 2942 2562 deliciarum
2979 2507 3138 2564 horto
3165 2520 3224 2567 ut
3278 2512 3553 2571 frueretur

1973 2591 2266 2648 destinavit
2298 2594 2365 2651 ⁸⁸.
2412 2591 2612 2651 Verum
2644 2595 2734 2651 ubi
2771 2597 3000 2669 imperio
3043 2616 3152 2657 non
3212 2608 3392 2674 paruit
3420 2645 3435 2670 ,
3495 2607 3549 2664 in

1973 2689 2175 2738 terram
2202 2683 2345 2740 hanc
2371 2684 2452 2740 uti
2483 2684 2739 2740 colonum
2768 2703 2892 2742 eum
2929 2688 3214 2763 ablegavit,
3246 2692 3360 2749 vita
3394 2695 3470 2749 illi
3494 2696 3548 2750 in

1972 2788 2036 2828 ea
2058 2774 2536 2832 calamitosissima
2577 2779 2875 2837 constituta
2915 2780 2981 2833 “.

2038 2958 2117 3016 Re
2145 2959 2328 3031 itaque
2359 2960 2490 3015 cuni
2515 2976 2686 3018 uxore
2731 2960 2840 3018 Eva
2885 2963 3094 3032 habita,
3122 2965 3263 3023 duos
3307 2970 3549 3040 suscepit

294 3059 557 3132 ἀγέννησε
575 3100 591 3126 ,
619 3061 709 3115 τὸν
739 3062 907 3131 Κάῑν,
936 3064 1030 3118 καὶ
1060 3064 1153 3118 τὸν
1186 3063 1368 3119 ’Δόελ.
1401 3065 1511 3120 Καὶ
1537 3066 1566 3119 6
1602 3067 1701 3138 μὲν
1730 3066 1870 3122 Κάῖν

1976 3051 2197 3117 liberos,
2232 3051 2369 3108 Cain
2403 3060 2460 3107 et
2490 3051 2624 3109 Abel
2652 3055 2718 3110 ι’.
2780 3053 2914 3111 Cain
2966 3059 3312 3131 agricultura
3334 3098 3352 3126 ,
3410 3061 3545 3117 Abel

290 3146 365 3225 ἦν
408 3153 672 3228 γεωργὸς,
715 3157 745 3210 6
786 3156 843 3211 δὲ
875 3156 1040 3211 Ἅϐελ
1069 3156 1293 3231 ποιμὴν,
1337 3158 1432 3214 καὶ
1479 3158 1574 3214 τοῦ
1621 3159 1869 3234 γεωργοῦ

291 3246 357 3300 οὐ
390 3245 579 3319 μετῄει
606 3246 705 3311 τὰς
734 3247 987 3321 ἀπαρχὰς
1021 3248 1130 3304 τῶν
1162 3250 1409 3323 καρπῶν.
1437 3251 1815 3326 Προσήνεγκεν
1839 3254 1870 3306 6

296 3336 468 3391 ’Δσελ
507 3337 586 3411 τῷ
629 3337 765 3411 Θεῷ·
800 3340 895 3395 καὶ
943 3342 978 3413 ἡ
1022 3339 1183 3395 θυσία
1227 3341 1395 3397 αὐτοῦ
1447 3343 1660 3416 ἐδέχθη.
1707 3344 1764 3398 '0
1811 3343 1869 3398 δὲ

291 3427 460 3493 Κάῖν,
493 3428 708 3498 πρῶτος
755 3431 921 3496 αὐτὸς
968 3431 1076 3486 τῶν
1112 3434 1464 3506 γεννωμένων
1507 3434 1867 3508 ἐμφορηθεὶς,

285 3519 470 3585 οὕτως
495 3523 781 3594 ἀνήνεγκε·
810 3524 903 3578 καὶ
934 3523 1157 3589 ἀδεκτος
1187 3524 1353 3580 αὐτοῦ
1378 3526 1412 3599 ἡ
1442 3525 1601 3581 θυσία
1631 3526 1864 3598 ἐγένετο.

287 3613 408 3668 Καὶ
446 3613 718 3684 ὀργισθεὶς
762 3615 855 3669 ἐπὶ
896 3614 1070 3687 τούτῳ
1095 3618 1125 3672 6
1154 3616 1296 3671 Κάῖν
1313 3657 1329 3682 ,
1357 3617 1536 3673 ἀνεῖλε
1564 3618 1742 3690 φθόνῳ
1776 3619 1869 3674 τὸν

286 3706 524 3778 ἀδελφὸν
548 3707 732 3761 αὐτοῦ·
767 3708 860 3763 καὶ
892 3711 922 3763 6
969 3709 1101 3775 Θεὸς
1143 3710 1413 3783 ἐπάρατον
1441 3709 1603 3765 αὐτὸν
1641 3710 1870 3784 ποιησά-

292 3816 479 3872 μενος,
505 3801 601 3855 καὶ
628 3800 726 3873 τῆς
765 3800 870 3872 γῆς
902 3801 1117 3875 ἐκείνης
1148 3802 1419 3869 ἐξέϐαλεν.
1463 3802 1523 3857 Ὀ
1548 3802 1627 3869 δὲ,
1667 3803 1867 3877 πολλὴν

288 3892 692 3964 περινοστήσας
721 3892 861 3959 ὁδὸν,
889 3894 970 3959 είς
1013 3895 1177 3950 τόπον
1207 3894 1329 3951 τινά
1366 3897 1574 3952 Καῖνᾶν
1599 3896 1862 3970 ὀνομαζό*

290 4002 455 4057 μενον
473 3980 624 4056 ἦλθε,
651 3986 745 4041 καὶ
767 3988 948 4041 πᾶσαν
971 3988 1362 4061 ἀῤῥητοποιίαν
1389 3992 1707 4064 μετῆρχετο,
1734 3992 1860 4057 τοὺς

286 4077 587 4150 ⁴ιαιριόντας
609 4077 920 4151 ἐνεδρεύων,
949 4079 1043 4134 καὶ
1070 4080 1340 4154 ἀναιρῶν,
1367 4081 1460 4135 καὶ
1488 4081 1552 4137 ἐκ
1590 4081 1699 4138 τῶν
1731 4084 1860 4139 σκύ-

284 4169 399 4224 λων
425 4170 719 4242 χρημάτων
750 4169 999 4241 συνάγων
1027 4171 1228 4245 πλῆθος
1251 4171 1544 4245 ἀμύθητον.

1971 3145 2238 3215 pecuaria
2265 3144 2521 3201 studebat
2547 3145 2614 3210 ",
2648 3162 2749 3203 nec
2778 3148 2883 3203 ulla
2918 3163 3043 3204 cum
3082 3150 3215 3206 Cain
3266 3151 3547 3207 familiari-

1967 3245 2078 3292 tate
2105 3236 2458 3308 jungebatur.
2513 3237 2649 3292 Abel
2691 3237 2960 3308 primitias
2990 3240 3101 3296 Deo
3149 3243 3383 3311 obtulit,
3420 3260 3542 3318 qua

1966 3330 2036 3385 ab
2078 3329 2173 3385 illo
2222 3329 2461 3400 gratiose
2508 3337 2744 3400 accepta
2769 3340 2899 3386 sunt
2922 3334 2990 3388 ’⁸.
3023 3333 3159 3390 Cain
3195 3337 3432 3407 primum
3480 3355 3544 3395 se

1967 3426 2135 3482 rebus
2166 3424 2331 3481 editis
2372 3424 2589 3480 abunde
2627 3433 2977 3484 exsaturatus
2998 3467 3015 3493 ,
3070 3428 3278 3487 hostias
3311 3432 3560 3502 prabmt

1969 3517 2037 3575 ad
2070 3517 2398 3575 sacriﬁcium
2429 3557 2445 3584 ,
2506 3530 2630 3589 qua
2694 3517 2918 3575 minime
2967 3518 3227 3591 jucunda
3276 3522 3427 3591 fuere
3489 3524 3555 3581 ³⁸.

1968 3609 2200 3683 Propter
2226 3611 2329 3668 hoc
2366 3613 2602 3684 graviter
2632 3609 2922 3679 exardens,
2960 3611 3260 3670 invidentia
3316 3614 3552 3671 fratrem

1968 3705 2186 3762 necavit
2231 3706 2304 3773 ’⁸,
2329 3713 2385 3762 et
2428 3706 2573 3763 Deus
2606 3705 3000 3762 exsecrandum
3051 3713 3107 3763 et
3165 3704 3552 3764 detestabilem

1966 3798 2225 3856 omnibus
2248 3798 2606 3865 declaratum,
2639 3815 2706 3858 ex
2737 3800 2829 3855 illa
2857 3807 3002 3856 terra
3034 3799 3194 3873 ejecit
3214 3840 3230 3868 ,
3268 3799 3363 3872 qui
3404 3801 3553 3853 mul-

1968 3891 2038 3949 tis
2082 3892 2404 3963 magnisque
2463 3893 2751 3950 itineribus
2795 3893 3201 3965 peregrinatus,
3248 3894 3303 3949 in
3358 3891 3548 3949 locum

1964 3982 2255 4055 quemdam
2314 3983 2523 4041 Cainan
2578 3990 2953 4053 nuncupatum
3019 3981 3258 4055 appulit,
3324 3982 3381 4038 in
3428 3998 3541 4053 quo

1965 4091 2128 4132 omne
2180 4076 2336 4133 nel‘as
2388 4077 2677 4150 scelusque
2715 4076 3069 4141 admittebat,
3126 4077 3362 4134 viatores
3399 4092 3541 4150 pra-

1892 4172 1936 4227 D
1964 4177 2245 4227 tereuntes
2294 4170 2508 4228 insidiis
2551 4169 2963 4244 aggrediebatur
2991 4184 3194 4241 eosque
3236 4170 3541 4226 occidendo

288 4259 413 4331 ipse
441 4261 744 4318 latrociniis
767 4263 1010 4321 intentus
1036 4262 1246 4334 pradas
1266 4264 1479 4336 agebat,
1525 4273 1580 4324 et
1626 4283 1693 4325 ex
1730 4273 1919 4343 spoliis
1966 4259 2306 4317 innumeram
2336 4262 2440 4319 sibi
2472 4262 2716 4335 pecunia
2745 4260 3168 4329 multitudinem,
3191 4278 3314 4333 qua
3356 4263 3538 4320 verbis

285 4353 479 4424 nequit
507 4354 789 4425 explicari,
820 4357 1049 4427 paravit.

358 4444 584 4518 Πρῶτος
627 4445 686 4499 δὲ
716 4447 856 4502 Κάῖν
887 4447 1092 4520 μέτρα,
1120 4449 1215 4503 καὶ
1254 4447 1550 4521 σταθμοὺς,
1578 4451 1672 4505 καὶ
1700 4451 1857 4523 ὅρους

284 4537 393 4609 γῆς
422 4537 684 4610 ἐπενόησε
702 4577 719 4603 ,
754 4538 849 4594 καὶ
894 4538 1179 4612 οἰκοδομὴν
1222 4539 1450 4606 πόλεως,
1494 4542 1713 4597 πάντων
1748 4540 1856 4596 τῶν

283 4627 410 4683 κατ’
442 4630 620 4683 έκεῖνο
646 4629 838 4701 καιροῦ
865 4630 957 4685 τὸν
985 4630 1236 4704 ἀκέραιον
1268 4632 1363 4685 καὶ
1392 4632 1717 4705 ἀπράγμονα
1742 4631 1857 4703 βίον

280 4721 702 4793 ἀσπαζομένων.
742 4723 798 4777 '0
836 4722 894 4775 δὲ
939 4722 1126 4795 Ἀδὰμ,
1152 4723 1327 4795 μένων
1356 4726 1414 4779 ὲν
1448 4719 1493 4794 ᾧ
1522 4725 1668 4797 τόπῳ
1701 4723 1858 4795 ἐτύγ-

277 4831 438 4886 χανε,
468 4813 694 4878 πολλοὺς
721 4814 915 4880 παῖδας
940 4816 1034 4871 καὶ
1061 4815 1362 4887 θυγατέρας
1394 4817 1665 4890 ἐποίησεν,
1694 4817 1754 4871 ὲν
1774 4811 1856 4883 οἷς

276 4905 557 4977 ἐξαίρετός
597 4923 680 4970 τις
715 4906 956 4980 ὑπῆρχεν
981 4908 1010 4960 6
1038 4909 1168 4983 Σὴθ,
1207 4911 1354 4975 ὅστις
1394 4911 1451 4965 ὲν
1482 4911 1666 4984 ἡλικίᾳ
1702 4913 1854 4981 γενό-

280 5011 449 5067 μενος
477 4996 676 5062 πολλὰς
702 4999 905 5071 ἀρετὰς
944 5000 1250 5073 ἐπενόησεν,
1280 4995 1355 5057 ὧν
1385 5004 1479 5057 καὶ
1499 5003 1626 5068 τοὺς
1653 5004 1854 5074 ἀπογό-

278 5102 409 5150 νους
436 5087 600 5142 αὑτοῦ
623 5090 868 5161 ζηλωτὰς
890 5092 1292 5148 καταλέλοιπεν.
1322 5088 1489 5159 Οὗτος
1509 5095 1619 5168 γάρ
1640 5097 1852 5169 πρῶτος

277 5181 649 5254 ἀστρονομίαν
679 5182 776 5237 καὶ
818 5184 997 5237 πᾶσαν
1041 5184 1137 5257 τὴν
1166 5186 1414 5257 ούράνιον
1450 5186 1648 5259 ἐφεῦρε
1676 5186 1852 5241 διακό-

279 5290 508 5344 σμησιν,
534 5274 723 5343 ἥντινα
759 5275 887 5346 ἄχρι
927 5275 1036 5329 τῶν
1079 5276 1320 5348 έσχάτων
1346 5279 1550 5350 χρόνων
1582 5279 1850 5350 διαμεῖναι

274 5364 504 5419 τοιῶσδε
530 5368 558 5419 6
581 5367 750 5438 Ἀδὰμ
765 5367 839 5436 (1)
856 5367 1249 5439 παρεσκεύασε·
1268 5369 1471 5441 μέλλων
1481 5370 1589 5445 γὰρ
1599 5370 1850 5443 τελευτᾷν

274 5457 307 5510 6
352 5456 526 5528 ’Δδὰμ
552 5459 880 5530 προφητεύει
905 5460 1019 5523 τοῖς
1052 5460 1208 5513 παισὶ
1235 5460 1444 5531 μέλλειν
1472 5461 1563 5517 τὸν
1594 5462 1725 5517 Θεὸν
1752 5464 1849 5534 τὴν

2032 4444 2249 4502 Primus
2271 4446 2407 4504 Cain
2435 4461 2722 4503 mensuras
2758 4454 2813 4504 et
2857 4447 3120 4519 pondera,
3160 4454 3430 4521 terraque
3470 4451 3538 4507 li-

1963 4540 2125 4598 mites
2159 4540 2406 4610 invenit;
2441 4540 2835 4612 civitatumque
2883 4547 3190 4596 structuras
3214 4582 3229 4605 ,
3282 4544 3539 4601 omnibus

1962 4639 2094 4687 tunc
2123 4633 2384 4704 temporis
2417 4632 2716 4702 simplicem
2751 4631 3079 4702 minimeque
3126 4633 3400 4689 curiosam
3452 4634 3536 4690 vi-

1962 4734 2073 4780 tam
2107 4709 2559 4798 amplectentibus
2582 4726 2648 4779 ”.
2681 4723 2854 4779 Adam
2882 4739 3011 4780 vero
3042 4724 3234 4781 iisdem
3261 4725 3396 4782 locis
3425 4725 3533 4780 im-

1963 4827 2227 4882 moratus.
2260 4818 2441 4890 plures
2490 4816 2631 4873 filios
2680 4815 2930 4887 ﬁliasque
2966 4816 3195 4882 habuit,
3246 4816 3300 4872 in
3334 4817 3533 4887 quibus

1960 4911 2266 4981 pracipuus
2296 4919 2412 4965 erat
2446 4907 2579 4964 Setb
2620 4907 2697 4972 ’⁸,
2735 4907 3027 4978 qui,atate
3058 4907 3301 4972 ineunte,
3330 4910 3533 4963 multas

1959 5004 2161 5074 reperit
2193 5002 2454 5067 virtutes,
2502 5013 2734 5070 quarum
2770 4997 3072 5054 imitatores
3104 5006 3354 5070 posteros
3407 4996 3535 5053 reli-

1959 5098 2095 5168 quit.
2131 5094 2230 5149 liic
2258 5094 2403 5150 enim
2443 5090 2654 5163 primus
2697 5097 2971 5146 astrorum
3017 5089 3299 5144 scientiam
3329 5097 3531 5145 totam-

1958 5204 2063 5260 que
2126 5200 2309 5242 rerum
2365 5183 2673 5240 calestium
2734 5181 3065 5251 descriptam
3121 5179 3529 5237 distinctionem

1956 5279 2319 5351 excogitavit;
2367 5293 2551 5350 quam,
2585 5294 2653 5333 ne
2679 5276 2938 5332 extremis
2965 5273 3304 5344 temporibus
3330 5288 3530 5330 evane-

1956 5380 2166 5437 sceret,
2216 5370 2309 5426 tali
2362 5368 2714 5425 meditatione
2766 5379 3006 5436 curaque
3044 5364 3298 5420 servavit.
3352 5364 3528 5421 Adam

1955 5465 2120 5529 enim,
2159 5459 2321 5517 morti
2354 5459 2588 5525 vicinus,
2620 5457 2791 5514 Deum
2821 5456 3130 5511 universam
3167 5453 3309 5510 hanc
3338 5454 3530 5509 mundi

349 5590 397 5624 "
432 5588 733 5665 69".),27.
807 5595 854 5625 '°
882 5594 1010 5650 Gen.
1036 5610 1094 5662 ιι,
1115 5595 1169 5651 8.
1245 5597 1287 5627 "
1320 5594 1448 5656 Gen.
1482 5615 1566 5665 Ill,
1588 5600 1681 5656 Ἠ.
1758 5603 1801 5633 ²¹
1833 5598 1870 5655 G

1996 5615 2068 5663 iv,
2101 5600 2149 5653 1.
2224 5598 2271 5632 ¹³
2290 5595 2430 5652 Ibid.
2457 5595 2514 5650 2.
2593 5592 2637 5626 “
2662 5591 2803 5648 Ibid.
2830 5592 2882 5646 '5.
2959 5590 3006 5622 ³⁸
3033 5588 3173 5646 Ibid.
3200 5590 3254 5646 5.
3330 5590 3525 5648 “lbra.

283 5664 371 5718 ﬂ.
451 5662 498 5695 ”
536 5661 670 5717 Gen.
718 5679 792 5729 tv,
841 5665 930 5719 i7.
1008 5666 1053 5698 ³⁸
1083 5661 1230 5721 Ibid.
1264 5667 1357 5723 ‘25.

335 5755 437 5852 ’(1)
464 5776 640 5834 Voces
667 5779 697 5832 6
724 5779 911 5853 Ἀδάμ,
943 5777 1096 5854 lapsu
1126 5784 1517 5860 typograpbico
1539 5783 1650 5841 huc
1668 5784 1958 5857 irrepsisse
1983 5780 2253 5849 videntur,
2276 5796 2455 5855 neque
2471 5795 2564 5837 eas
2590 5779 2721 5852 legit
2754 5777 3044 5849 interpres.
3076 5778 3237 5836 Eorr.
3268 5778 3445 5833 Pun.
