3898 6196
552 246 648 303 ’151

1418 245 1472 300 S.
1521 244 1959 303 EUSTATIIIUS
1997 243 2478 302 ANTIOCHENUS
2515 243 2910 300 EPISCOPUS.
3586 249 3667 304 '75!

553 377 802 422 naturam
832 373 884 419 et
914 364 1035 436 igne
1065 369 1118 416 et
1143 377 1283 433 aqua
1314 365 1822 432 exterminaturum,
1847 365 1974 420 ﬁliis
2005 367 2119 420 suis

2224 367 2274 418 ἐν
2327 366 2511 436 κόσμῳ
2558 363 2717 433 φύσιν
2771 360 3087 428 ἀπαλείφειν
3133 359 3254 430 πυρὶ
3305 360 3385 413 καὶ
3434 361 3573 417 ῦδατισ
3601 368 3670 419 καὶ

553 461 910 519 vaticinatur;
941 469 1049 524 quo
1089 455 1294 518 audito,
1329 457 1422 526 qui
1455 471 1561 510 una
1595 473 1718 511 cum
1753 455 1882 510 Seth
1918 465 2078 510 erant
2100 496 2115 520 ,

551 553 690 608 duas
716 555 1007 606 erexerunt
1038 548 1341 611 columnas,
1377 563 1538 603 unam
1576 550 1796 618 quidem
1827 565 1890 603 ex
1917 549 2116 618 lapide,

553 648 776 699 alteram
804 639 1077 695 cesilibus
1108 639 1388 694 laterculis
1418 647 1753 696 exstructam
1775 680 1790 703 ,
1833 649 1887 696 et
1946 642 1999 695 in
2035 641 2120 697 his

551 749 741 788 omnes
794 733 916 788 εαξιί
971 739 1150 787 motus
1209 731 1634 800 inscripserunt,
1701 748 1770 787 ne
1824 747 2012 788 eorum
2065 733 2119 786 in

553 834 823 882 astrorum
854 825 1080 882 scientia
1117 824 1526 879 observationes
1558 824 1883 894 inventaque
1938 825 2118 896 aliqua

551 919 869 973 obscuraret
915 917 1135 972 oblivio.
1191 915 1248 969 Si
1290 914 1434 970 enim
1464 931 1604 986 aqua
1657 916 1838 970 omnia
1867 918 2118 972 consumi

552 1009 891 1080 contigisset,
920 1007 1131 1079 lapidea
1160 1008 1250 1062 illa
1280 1007 1531 1062 columna
1573 1017 2023 1074 conservaretur;
2073 1010 2119 1064 si

555 1101 710 1171 igne.
758 1110 1024 1166 testacea;
1071 1115 1195 1153 cum
1239 1099 1422 1169 itaque
1478 1114 1630 1169 aqua:
1674 1101 1870 1170 pluvia:
1922 1110 2120 1155 terram

555 1193 932 1257 inundassent,
968 1192 1175 1262 lapidea
1204 1191 1521 1261 permansit,
1551 1208 1672 1263 quae
1705 1193 1771 1248 ad
1803 1193 1917 1248 haec
1950 1210 2122 1264 usque

554 1293 796 1356 tempora
833 1285 886 1339 in
925 1294 1068 1339 terra
1103 1282 1312 1338 Seiriad
1336 1291 1517 1338 erecta
1540 1285 1897 1355 conspicitur.

625 1377 824 1432 Genuit
856 1393 1019 1448 porro
1070 1377 1205 1432 Cain
1256 1375 1460 1442 Enocb,
1493 1384 1548 1430 et
1587 1376 1771 1431 Enoch
1798 1376 2003 1432 Gaitlad
2024 1420 2038 1442 ,
2069 1385 2123 1433 et

555 1470 764 1525 Gaidad
793 1469 1054 1536 Maleleel,
1083 1477 1137 1525 et
1180 1468 1417 1524 Malelecl
1447 1470 1771 1534 Mathusala,
1811 1479 1866 1525 et
1906 1469 1992 1524 hic
2022 1469 2123 1523 La-

557 1561 734 1624 mech,
769 1562 862 1630 qui
907 1560 1044 1616 duas
1072 1560 1228 1615 duxit
1276 1577 1472 1617 uxores
1515 1561 1667 1616 Adan
1702 1570 1756 1617 et
1809 1561 2006 1623 Sela'n,
2057 1579 2123 1617 ex

555 1654 756 1724 quibus
811 1663 921 1710 tres
982 1654 1170 1709 habuit
1215 1654 1371 1719 ﬁlios,
1405 1670 1469 1710 ex
1505 1655 1657 1710 Adan
1697 1655 1869 1719 Jobel,
1904 1658 1996 1726 qui
2027 1657 2122 1727 ju-

2219 457 2549 518 ἀκούσαντες
2593 456 2642 508 oi
2687 455 2815 524 περὶ
2854 452 2944 504 τὸν
2985 449 3088 521 Σήθ
3129 449 3215 502 δύο
3254 450 3428 521 στήλας
3455 454 3673 524 ἐποίησαν,

2219 552 2316 621 τὴν
2360 549 2456 619 μὲν
2499 549 2563 601 ἐκ
2610 546 2793 609 λίθου,
2839 545 2939 615 τὴν
2979 543 3035 596 δὲ
3064 541 3120 606 ἐξ
3148 541 3304 613 ὀπτῆς
3330 542 3514 597 πλίνθου
3549 563 3676 599 κατα-

2221 637 2596 700 σκευάσαντες·
2617 636 2708 688 κα¹ι
2723 636 2780 686 ἐν
2794 633 3013 695 ταύταις
3034 633 3202 685 πᾶσαν
3220 630 3309 702 τὴν
3325 633 3379 684 οὐ
3387 633 3534 703 pium
3553 638 3694 706 φορὰν·

2221 727 2571 802 ἐνεχάραξαν,
2603 727 2738 798 πρὸς
2781 727 2841 779 τὸ
2886 727 2959 797 μὴ
2985 724 3206 795 ἄληστον
3245 725 3335 796 τὴν
3374 724 3459 794 τῆς
3486 726 3684 798 ἀστρονο.

2224 823 2351 894 μίας
2396 820 2572 875 αὐτῶν
2617 818 2868 887 γενέσθαι
2903 816 3136 888 εῦρεσινθ
3177 816 3284 881 ἵνα,
3309 817 3352 869 εί
3387 817 3470 886 μὲν
3497 817 3685 871 ῦδατιτὰ

2220 913 2396 966 πάντα
2425 910 2722 982 φθείρεται,
2768 911 2802 979 ἡ
2835 907 3032 970 λίθινος
3072 905 3230 977 στήλη
3260 907 3567 976 φυλάττηται,
3594 910 3686 962 είδὲ

2220 1005 2372 1074 πυρὶ,
2407 1006 2440 1073 ἡ
2470 1001 2832 1074 δστρακώδης.
2862 1001 3160 1070 Γενομένης
3189 994 3274 1051 οῦν
3295 1000 3382 1068 τῆς
3403 1000 3687 1072 κατομϐρίας,

2219 1096 2252 1164 ἡ
2285 1092 2478 1155 λίθινος
2515 1091 2684 1161 στήλη
2714 1091 2997 1161 διέμεινεν,
3027 1090 3145 1159 ἥτις
3169 1091 3284 1161 ἄχρι
3314 1091 3402 1161 τῆς
3428 1090 3558 1161 δεῦρο
3581 1091 3693 1161 μένει

2219 1188 2276 1238 ἐν
2311 1187 2381 1256 γῇ
2415 1187 2479 1255 τῇ
2513 1182 2760 1253 Σηῖρειίιδ
2785 1181 3152 1252 ἐστηλωμένη.

2303 1365 2586 1435 Ἐγέννησε
2613 1363 2668 1416 δὲ
2704 1365 2732 1416 6
2760 1364 2896 1417 Κάῖν
2933 1364 3022 1416 τὸν
3072 1363 3254 1434 Ἑνὼχ,
3296 1363 3381 1416 καὶ
3403 1365 3428 1416 6
3465 1362 3603 1433 Ἑνὼχ
3630 1362 3695 1416 τδν

2220 1457 2434 1518 Γαῖδὰδ,
2462 1456 2556 1512 καὶ
2583 1457 2611 1508 6
2648 1455 2840 1508 Γαῖδὰδ
2865 1456 2952 1508 τὸν
2980 1455 3274 1525 Μαλελεήλ,
3315 1455 3401 1508 καὶ
3431 1457 3456 1508 6
3480 1454 3698 1525 Μαλελεήλ

2219 1549 2310 1602 τὸν
2339 1547 2693 1612 Μαθουσάλα,
2722 1547 2816 1601 καὶ
2855 1542 3006 1610 οὗτος
3037 1547 3128 1601 τὸν
3161 1547 3360 1617 Λάμεχ.
3385 1547 3482 1599 Καὶ
3509 1545 3534 1597 ό
3557 1545 3700 1615 Λάμεχ

2221 1640 2314 1693 δύο
2338 1643 2597 1708 γυναῖκας
2629 1639 2883 1708 ἠγάγετο,
2926 1637 3081 1690 Ἀδὰν
3112 1639 3205 1690 καὶ
3234 1637 3406 1700 Σελὰν,
3441 1636 3522 1689 καὶ
3556 1636 3602 1701 ἐξ
3631 1635 3701 1688 αὐ-

559 1723 736 1800 menta
761 1761 861 1800 suo
889 1745 1071 1802 studio
1095 1747 1380 1810 educabat,
1403 1755 1456 1802 et
1483 1746 1640 1803 Jubal
1679 1748 1770 1820 qui
1797 1723 2119 1818 psalterium

2224 1729 2327 1783 τῶν
2368 1731 2514 1801 τρεῖς
2565 1727 2755 1790 παῖδας
2800 1727 3071 1799 ἐποίησεν,
3116 1727 3183 1779 ἐκ
3226 1727 3317 1796 μὲν
3345 1727 3434 1796 τῆς
3477 1723 3603 1776 ’Δδὰν
3635 1723 3700 1774 τὸν

556 1838 928 1910 citharamque
952 1839 1156 1894 invenit
1179 1857 1194 1904 ;
1227 1855 1294 1894 ex
1313 1839 1472 1894 Selan
1493 1839 1719 1904 Thobel,
1739 1841 1830 1911 qui
1857 1840 2120 1897 malleolis

555 1949 631 1990 es
660 1933 968 2003 ferrumque
998 1934 1240 1989 excussit
1271 1934 1336 1988 θ’.
1387 1933 1556 1988 Adam
1584 1945 1761 1990 autem
1798 1949 1922 1989 cum
1951 1934 2120 1990 vixis-

541 2037 640 2082 set
662 2026 821 2086 annis
848 2027 1135 2082 duodecim
1162 2037 1212 2082 et
1244 2029 1551 2099 nongentis,
1578 2029 1687 2083 vita
1702 2028 1917 2085 functus
1944 2035 2028 2084 est
2054 2029 2117 2084 ⁸⁸.

629 2273 796 2340 Enos,
827 2274 969 2332 ﬁlius
993 2274 1122 2332 Seth
1148 2316 1164 2341 ,
1215 2292 1410 2333 nomen
1456 2276 1668 2332 Domini
1703 2277 1938 2348 speravit
1971 2277 2125 2333 invo-

556 2382 686 2424 care
713 2367 755 2400 ³¹
788 2387 801 2422 :
830 2369 922 2438 qui
953 2383 1075 2423 cum
1106 2368 1501 2425 vixissetannis
1553 2383 1692 2432 ειν,
1747 2379 1995 2425 mortuus
2020 2379 2121 2437 est,

552 2470 610 2513 et
635 2459 776 2514 ﬁlius
802 2461 973 2530 ipsius
1005 2459 1210 2514 Cainan
1243 2460 1376 2514 vixit
1405 2461 1564 2514 annis
1613 2475 1774 2525 cum,
1795 2469 1848 2514 et
1877 2470 2124 2516 mortuus

557 2560 674 2617 est;
707 2537 945 2606 Maleleel
985 2550 1126 2604 ﬁlius
1148 2551 1268 2621 ejus
1300 2552 1459 2607 annis
1499 2567 1764 2617 nccxcxv,
1795 2561 1849 2609 et
1878 2562 2125 2608 mortuus

551 2651 659 2698 est.
695 2643 866 2714 llujus
921 2644 1061 2698 ﬁlius
1092 2641 1253 2698 Jared
1292 2645 1425 2698 vixit
1480 2646 1638 2700 anuis
1711 2660 1846 2708 cux,
1897 2654 1950 2702 et
1979 2661 2124 2699 mor-

557 2741 686 2790 tuus
715 2743 826 2800 est;
879 2735 1021 2790 ﬁlius
1047 2734 1209 2789 Jared
1243 2734 1449 2800 Enocb,
1477 2753 1600 2792 cum
1634 2736 1776 2808 apud
1807 2736 1971 2792 Deum
2007 2738 2126 2806 plu-

557 2825 755 2879 rimum
783 2826 951 2896 gratia
979 2827 1278 2895 potuisset,
1311 2827 1606 2882 translatus
1640 2834 1745 2891 est,
1775 2825 1933 2895 cujus
1986 2825 2125 2882 ﬁlius

556 2916 863 2972 Mathusala
900 2917 1034 2971 vixit
1108 2919 1267 2971 annis
1306 2927 1666 2981 nccnxtx,'et
1712 2925 1958 2973 mortuus
2003 2925 2122 2983 est;

555 3017 610 3062 et
637 3006 871 3063 Lamcch
921 3009 1063 3064 ﬁlius
1129 3009 1471 3078 Mathusalae,
1520 3025 1645 3065 cum
1720 3011 1878 3065 annis
1931 3024 2123 3066 nccuu

556 3101 805 3167 vixisset,
836 3101 969 3156 obiit
1002 3101 1070 3156 ³⁸.

625 3277 860 3336 Laniech
907 3279 1049 3335 ﬁlius
1078 3278 1209 3341 Noe.
1243 3280 1335 3352 qui
1369 3280 1533 3337 rebus
1562 3281 2012 3337 administrandis
2044 3298 2128 3338 re-

556 3371 815 3442 gendisve
843 3387 1053 3426 summa
1085 3373 1315 3437 virtute,
1345 3379 1421 3437 et,
1450 3383 1509 3428 ut
1539 3389 1638 3444 par
1665 3382 1814 3436 erat,
1843 3389 1966 3428 cum
1996 3389 2129 3446 gau-

556 3462 669 3526 dio,
703 3462 956 3518 omnibus
987 3463 1229 3517 omnium
1273 3478 1530 3534 generum
1573 3464 1934 3528 mortalibus,
1988 3471 2048 3518 ut
2096 3479 2125 3517 a

557 3554 703 3610 vitiis
728 3554 1106 3618 abhorrerent,
1139 3555 1391 3610 virtutem
1427 3555 1902 3625 amplecterentur,
1931 3556 2127 3610 suade-

557 3647 685 3714 bat;
723 3647 792 3702 ad
842 3646 1128 3718 septimam
1187 3646 1330 3702 enim
1385 3654 1599 3702 aetatem
1647 3661 1822 3717 usque
1879 3645 2126 3702 homines

558 3738 728 3794 Deum
760 3753 940 3794 rerum
971 3737 1212 3792 omnium
1249 3736 1532 3793 Dominum
1563 3752 1686 3794 esse
1718 3737 1823 3794 sibi
1858 3737 1990 3809 ipsis
2018 3748 2128 3794 sta-

556 3829 802 3898 tuebant,
822 3829 1201 3900 justitiamquc
1223 3829 1568 3898 expetebant.

629 3919 873 3976 Tandem
933 3921 1229 3991 longinquo
1279 3922 1544 3990 temporis
1589 3936 1713 3984 usu,
1763 3921 2019 3976 omnibus
2066 3937 2125 3976 se

557 4011 707 4069 vitiis
737 4011 1115 4082 inquinarunt,
1141 4026 1172 4064 a
1200 4011 1397 4080 quibus
1425 4026 1520 4066 eos
1549 4026 1673 4065 cum
1710 4009 1842 4075 Noe,
1867 4019 1928 4064 ut
1956 4011 2126 4066 absti-

558 4111 776 4167 nerent,
827 4117 938 4158 non
991 4110 1176 4172 posset
1222 4101 1502 4166 inducere,
1562 4116 1753 4158 eorum
1810 4103 2123 4158 societatem

558 4194 954 4259 stomachatus,
992 4195 1050 4248 in
1097 4195 1233 4250 alios
1283 4209 1344 4250 se
1385 4200 1656 4249 terrarum
1706 4195 1846 4249 situs
1872 4195 2119 4248 contulit.

557 4286 697 4344 Huic
718 4287 860 4344 Deus
877 4286 1173 4352 mandavit,
1191 4294 1249 4340 ut
1275 4301 1455 4342 arcam
1485 4287 1774 4342 aediﬁcaret
1789 4288 1930 4353 ⁸³⁸³⁸,
1944 4295 2120 4343 tecto-

2234 1821 2440 1893 Ἰωϐήλ,
2472 1821 2619 1883 ὅστις
2645 1817 3008 1891 κτηνοτρόφος
3036 1817 3251 1885 ἐγένετο
3268 1857 3280 1880 ,
3311 1818 3395 1869 καὶ
3419 1815 3498 1870 τὸν
3529 1813 3700 1876 Ἰουϐὰλ,

2221 1915 2279 1979 ὃς
2300 1913 2591 1984 ψαλτήριον
2612 1912 2706 1965 καὶ
2733 1910 2961 1982 κιθάραν
2990 1911 3227 1984 ἐξεῦρεν.
3272 1911 3358 1962 Ἐκ
3396 1909 3447 1961 δέ
3481 1908 3562 1978 τῆς
3581 1906 3701 1959 Σελὰν

2220 2002 2312 2054 τὸν
2361 1999 2554 2063 Θόόελ,
2599 2000 2746 2062 ὅστις
2794 2000 3134 2070 σφυροκόπος
3176 1996 3368 2071 χαλκοῦ
3417 1996 3498 2050 καὶ
3541 1995 3702 2066 σιδήρου

2223 2091 2456 2161 ἐγένετο.
2501 2092 2557 2145 '0
2585 2091 2639 2144 δὲ
2673 2092 2859 2164 Ἀδὰμ,
2895 2091 3063 2161 ζήσας
3093 2091 3188 2163 ἔτη
3219 2091 3477 2145 ἐννακόσια
3503 2088 3702 2150 δεκαδύο,

2222 2183 2510 2240 ἀπέθανεν.

2307 2273 2468 2338 Ἐνώς
2512 2275 2568 2328 δὲ
2619 2275 2732 2339 υἱὸς
2776 2273 2868 2327 τοῦ
2911 2273 3016 2346 Σὴθ
3059 2274 3286 2346 ἤλπισεν
3315 2272 3632 2328 ἐπικαλεῖσθαι
3663 2268 3706 2323 ab

2223 2369 2394 2440 ὄνομα
2425 2369 2644 2439 Κυρίου·
2691 2368 2858 2439 ζήσας
2901 2369 2956 2422 δὲ
3001 2368 3096 2441 ἐτη
3146 2369 3416 2422 ἐννακόσια
3443 2368 3578 2421 πέντε
3613 2365 3708 2418 ἀπέ-

2226 2461 2372 2515 θανε.
2407 2461 2517 2513 Καὶ
2543 2462 2571 2512 6
2594 2460 2706 2523 υίὸς
2737 2459 2901 2513 αὐτοῦ
2933 2460 3166 2524 Καϊνὰν,
3193 2460 3356 2532 ζήσας
3384 2459 3467 2529 ἐτη
3491 2457 3706 2510 ἐννακόσια

2225 2553 2374 2613 δέκα,
2403 2551 2719 2623 ἐτελεύτησε
2739 2593 2751 2604 .
2802 2552 2909 2604 Καὶ
2951 2553 2978 2605 6
3011 2552 3130 2614 υἱὸς
3157 2551 3447 2622 Μαλελεήλ,
3476 2549 3614 2621 ζήσας
3642 2548 3706 2617 ἔτη

2226 2645 2518 2698 ἑπτακόσια
2565 2645 2908 2714 ἐννενήκοντα
2941 2645 3096 2699 πέντε
3123 2686 3138 2709 ,
3185 2645 3456 2702 ἀπέθανεν.
3489 2645 3536 2696 ’0
3561 2642 3604 2695 δὲ
3625 2639 3710 2695 τοῦ·

2225 2755 2317 2790 του
2343 2738 2455 2802 υἱὸς
2483 2737 2673 2809 Ἰάρεδ,
2701 2737 2792 2808 ἐτη
2830 2737 3032 2808 βιώσας
3056 2738 3340 2792 ἐννακόσια
3371 2737 3607 2808 ἑξήκοντα,
3629 2735 3708 2786 ἑτε-

2226 2829 2504 2902 λεύτησεν.
2535 2829 2641 2882 Τοῦ
2687 2828 2742 2882 δὲ
2801 2829 2970 2900 Ἰάρεδ
3013 2830 3131 2892 υἱὸς
3191 2829 3374 2900 Ἑνὼχ,
3419 2826 3708 2898 εὐαρεστήσας

2227 2914 2303 2986 τῷ
2345 2914 2492 2986 Θεῷ,
2543 2914 2822 2986 μετετέθη.
2864 2916 2921 2968 Ὁ
2963 2915 3020 2968 δὲ
3068 2917 3186 2980 υἱὸς
3228 2916 3386 2970 αὑτοῦ
3425 2912 3707 2972 Μαθουσάλα,

2229 3005 2400 3076 ζήσας
2432 3005 2526 3078 ἔτη
2571 3007 2866 3060 ἑπτακόσια
2914 3007 3008 3060 καὶ
3051 3007 3316 3079 ἐξήκοντα
3348 3009 3519 3073 ἐννέα,
3557 3002 3709 3058 ἐτελεύ-

2228 3115 2378 3171 τησε.
2409 3101 2598 3170 Λάμεχ
2641 3099 2698 3154 δὲ
2723 3101 2751 3154 6
2777 3099 2890 3163 υίὸς
2921 3099 3274 3164 Μαθουσάλα,
3307 3099 3463 3171 ζήσας
3492 3098 3568 3169 ἔτη
3593 3099 3710 3149 tma-

2228 3189 2383 3242 κόσια
2413 3190 2743 3259 πεντήκοντα
2767 3189 2912 3260 τρία,
2947 3189 3240 3244 ἀπέθανεν.

2297 3280 2481 3351 Τούτῳ
2513 3279 2590 3352 τῷ
2618 3280 2810 3352 Λάμεχ
2853 3280 2967 3344 υίὸς
3004 3281 3128 3334 Νῶε
3169 3282 3382 3350 ἐγένετο
3404 3279 3588 3352 ἀρεταῖς
3611 3276 3708 3342 ἀγα·

2227 3371 2334 3424 θῶν
2374 3373 2622 3443 πράξεων
2676 3373 2962 3443 ἡδόμενος,
3011 3372 3071 3435 ὃς
3119 3372 3302 3426 ἔπειθε
3352 3372 3410 3425 τὸ
3457 3368 3705 3440 ἀνθρώπινον

2226 3465 2380 3535 γένος
2434 3462 2830 3534 μεταϐληθῆναι
2877 3463 2985 3517 ἀπὸ
3045 3463 3148 3534 τῆς
3204 3464 3397 3527 κακίας
3443 3464 3508 3525 είς
3543 3456 3701 3530 ἀρετήν·

2225 3559 2350 3629 ἄχρι
2379 3556 2487 3628 γὰρ
2512 3556 2743 3627 ὲδδόμης
2769 3556 2959 3624 γενεᾶς
2985 3555 3035 3608 οἱ
3079 3555 3357 3628 ἄνθρωποι
3387 3554 3600 3621 δεσπότην
3630 3547 3709 3599 τῶν

2229 3649 2479 3704 ἁπάντων
2528 3648 2618 3702 τὸν
2680 3647 2811 3701 Θεὸν
2857 3647 3266 3718 ἐπεγράφοντο,
3315 3649 3405 3704 καὶ
3449 3638 3710 3706 δικαιοσύνης

2226 3739 2554 3812 ἐφρόντιζον.

2297 3923 2462 3976 ’Ύστε
2473 3940 2559 3996 ρον
2589 3921 2647 3976 δὲ
2678 3921 2771 3975 τοῦ
2819 3921 3010 3993 χρόνου
3046 3922 3332 3993 προϊόντος
3369 3919 3444 3981 είς
3474 3913 3619 3968 πᾶσαν

2227 4015 2489 4087 ρανομίαν
2531 4014 2838 4081 ἐξώκειλαν.
2883 4012 2970 4078 Ὠς
3009 4011 3104 4068 οὖν
3140 4017 3169 4068 6
3209 4014 3331 4067 Νῶε
3360 4012 3451 4065 οὐκ
3478 4001 3624 4060 ἔπειθε
3644 3995 3713 4062 τῆξ

2225 4106 2424 4168 κακίας
2451 4105 2746 4175 ἀποστῆναι
2774 4103 2999 4167 αὐτοὺς,
3027 4103 3125 4173 τὴν
3157 4101 3438 4156 συνουσίαν
3467 4092 3614 4150 αὐτῶν
3636 4087 3716 4157 βδεο

2223 4196 2519 4268 λυξάμενος
2545 4197 2624 4258 είς
2647 4196 2812 4266 ἄλλη-δ
2835 4196 2938 4266 γῆν
2967 4193 3306 4267 ἀνεχώρησε.
3337 4193 3438 4246 Καὶ
3465 4181 3713 4259 προστάττει

2226 4289 2375 4360 αὐτῷ
2423 4291 2452 4343 6
2494 4289 2624 4353 Θεὸς
2674 4288 3078 4342 κατασκευάσαι
3127 4277 3360 4340 κιϐωτὸν
3403 4278 3714 4352 τετράστεγον.

557 4396 680 4438 rum
709 4386 971 4452 quatuor,
1005 4377 1346 4449 longitudine
1375 4387 1742 4434 trecentorum
1789 4379 2122 4447 cubitorum,

2229 4382 2456 4457 ἔχουσαν
2481 4382 2543 4436 τὸ
2571 4381 2666 4452 μὲν
2703 4381 2871 4452 μῆκος
2892 4379 3223 4451 τριακοσίων
3247 4376 3450 4448 πηχῶν,
3477 4373 3530 4425 τὸ
3557 4369 3600 4422 δὲ

558 4475 850 4531 latitudine
879 4473 1299 4546 quinquaginta,
1331 4471 1618 4527 altitudine
1656 4472 1897 4542 triginta,
1957 4480 2015 4526 ut
2064 4472 2119 4527 in

555 4583 621 4625 ea
645 4567 809 4624 simul
830 4582 954 4624 cum
979 4565 1127 4620 omni
1155 4563 1480 4635 cognatione
1508 4564 1787 4628 occlusus,
1820 4565 2119 4634 periculum

555 4658 703 4732 quod
735 4675 804 4714 ex
828 4656 1181 4714 inundatione
1203 4655 1540 4718 imminebat,
1568 4656 1994 4728 subterfugeret;
2019 4657 2121 4712 hoc

523 4823 526 4826 .
554 4751 699 4806 enim
729 4748 996 4820 supplicio
1016 4746 1160 4806 Deus
1195 4749 1443 4804 homines
1463 4749 1555 4818 qui
1585 4747 1641 4803 id
1672 4746 1935 4816 temporis
1967 4747 2119 4801 vive-

555 4843 710 4906 bant,
743 4841 939 4912 punire
971 4841 1260 4911 delereque
1291 4841 1566 4911 cupiebat.
1605 4837 1802 4894 Verum
1855 4853 1977 4893 cum
2012 4845 2122 4892 ter-

553 4949 670 4988 ram
701 4931 1060 4991 inundassent
1079 4947 1233 5003 aquae
1251 4932 1592 4989 summitates
1621 4931 1907 4992 montium,
1933 4943 2120 4984 earum

555 5026 704 5080 ﬁuxu
732 5023 929 5081 abdita:
954 5024 1292 5095 occultaeque
1349 5034 1480 5080 sunt
1531 5024 1600 5078 ⁸⁵.
1653 5021 1787 5078 Nam
1835 5031 1890 5078 et
1918 5021 2122 5077 nostris

555 5115 709 5172 hisce
738 5115 1078 5190 temporibus
1103 5115 1160 5171 in
1187 5116 1393 5172 vertice
1422 5115 1612 5175 Libani
1653 5114 1858 5186 lapides
1902 5111 2121 5184 quidam

555 5208 622 5263 ad
660 5209 1042 5265 mdiﬁeaudum
1100 5208 1440 5273 excidentes,
1496 5208 1833 5264 marinorum
1892 5205 2121 5277 piscium

558 5302 707 5357 varia
755 5318 953 5376 genera
1006 5302 1314 5366 inveniunt,
1359 5316 1498 5373 quos
1536 5309 1668 5355 tunc
1707 5303 1761 5355 in
1817 5299 1965 5354 cavis
2014 5298 2122 5352 illis

560 5397 825 5452 montium
854 5399 972 5456 luto
1003 5397 1212 5456 deﬁxos
1233 5411 1588 5455 concrescere
1618 5394 1865 5464 contigit.

2225 4495 2314 4541 τος
2343 4477 2692 4547 πεντήκοντα,
2724 4474 2818 4527 καὶ
2848 4473 2909 4526 τὸ
2952 4470 3113 4542 βάθος
3155 4471 3462 4543 τριάκοντα,
3493 4466 3629 4523 ὅπως,
3656 4452 3715 4547 ἐπ’

2226 4569 2391 4641 αὐτῆς
2425 4543 2538 4639 ἅμα
2568 4568 2633 4637 τῇ
2689 4563 2973 4633 συγγενείᾳ
3026 4561 3190 4615 αὑτοῦ
3243 4557 3518 4629 καθείρξας
3559 4543 3713 4641 ὲαιξτδνο

2226 4638 2439 4734 ἐκφῦγῃ
2469 4660 2559 4713 τὸν
2592 4660 2656 4712 ὲκ
2682 4657 2777 4711 τοῦ
2804 4654 3188 4725 κατακλυσμοῦ
3219 4653 3471 4708 κίνδυνον.
3507 4638 3716 4734 Ἐὃούλετο

2225 4729 2334 4826 γὰρ
2413 4729 2551 4816 ’Θεὸς
2577 4749 2797 4821 τοιαύτῃ
2831 4747 3069 4819 τιμωρίᾳ
3108 4746 3209 4817 τὴν
3245 4743 3494 4815 πονηρίαν
3521 4735 3608 4826 τῶν
3624 4729 3712 4826 τότε

2227 4821 2565 4914 ἐξαφανίσαι.
2606 4838 3012 4910 Ἐπενεχθέντος
3042 4838 3098 4892 δὲ
3129 4836 3226 4889 τοῦ
3257 4823 3606 4899 κατακλυσμοῦ
3621 4821 3711 4914 ἐξα-

2227 4909 2401 5008 λῦφθη
2435 4937 2501 4989 τὰ
2549 4934 2726 5005 ὑψηλὰ
2771 4909 2878 4987 τὶῦν
2921 4933 3088 5005 ὀρέων
3129 4929 3237 4984 ὑπὸ
3283 4927 3375 4980 τοῦ
3423 4909 3710 5008 ῦδατοςᾼηῖετι

2228 5002 2337 5100 γάί)
2369 5002 2462 5081 ".m-
2492 5002 2711 5081 νῦν-ἐλττί
2734 5024 2833 5096 τῆς
2859 5002 3170 5095 ἀκρωρείας
3214 5019 3310 5074 τοῦ
3352 5002 3710 5103 Λιϐάνου-λξθξυς

2223 5093 2320 5184 εἰς’
2350 5117 2637 5188 οἰκοδομήν
2672 5093 2820 5178 τινες
2846 5093 3220 5184 ἐκτέμνοντες,
3256 5105 3535 5164 θαλαττίων
3570 5093 3709 5190 ίχθύίξν

2223 5212 2354 5282 γένη
2381 5210 2744 5282 εὑρίσκουσιν,
2773 5206 2866 5270 οὒς
2906 5205 3100 5274 συνέϐη
3123 5206 3206 5269 είς
3243 5203 3312 5257 τὰ.
3347 5197 3616 5268 κοιλώματα
3637 5192 3706 5237 ’κων

2224 5302 2394 5374 ὀρέων
2429 5298 2874 5369 συναποπαγῆναι
2902 5299 2968 5369 τῇ
3005 5295 3127 5350 ίλύῖ.

620 5600 665 5632 ”
687 5599 814 5656 Gen.
847 5617 917 5663 tv,
941 5601 994 5662 Ἰ,
1058 5599 1145 5660 l9,
1184 5599 1277 5652 ἓξ.
1353 5601 1396 5632 ³⁸
1429 5597 1556 5654 Gen.
1583 5614 1636 5663 ν,
1671 5598 1723 5653 5.
1798 5599 1836 5629 ³·
1867 5596 1992 5652 Gen.
2029 5613 2101 5666 tv,

2291 5597 2334 5630 ιι
2369 5596 2496 5652 Gen.
2530 5612 2578 5661 ι’,
2613 5595 2814 5661 ΙΙ,14,
2857 5592 2945 5660 ιτ,
2972 5589 3180 5658 εο,ει,
3209 5588 3302 5655 27,
3348 5587 3432 5645 σε.
3500 5568 3711 5630 ιι-ιισιι.

558 5686 632 5735 γι,
694 5669 772 5723 14.
849 5671 892 5700 ³³
923 5669 1048 5724 Gen.
1082 5685 1178 5733 vn,
1207 5670 1291 5722 t9.
