3962 6202
246 327 356 384 753

1161 318 1429 376 δρυιιιΛ.
1475 350 1539 358 -
1577 313 1930 372 COMMENT.
1973 311 2039 367 IN
2080 302 2601 366 llEXAEMERONC

3375 304 3476 362 755

334 445 396 497 Ἦ
443 442 498 497 δὲ
527 441 787 504 κιϐωτὸς,
822 438 1160 510 ἀνυψωθεῖσα
1207 437 1309 491 ὑπὸ
1342 437 1434 490 τοῦ
1490 436 1696 500 ὓδατος,
1737 435 1807 499 εἰς

1988 430 2094 486 Sed
2125 443 2274 495 arca,
2309 429 2466 500 aquis
2502 427 2664 485 altius
2699 431 3022 489 sustentata,
3056 423 3110 478 in
3163 422 3475 479 summitate

252 536 426 605 ἄκραν
450 530 570 585 τινὰ
596 530 756 600 ὅρους
781 529 870 583 τοῦ
899 528 1038 583 κατὰ
1060 528 1158 600 τὴν
1198 527 1486 599 ’Δρμενίαν
1533 524 1685 597 ἔστη,
1724 525 1817 578 καὶ

253 623 594 694 λωφήσαντος
640 620 733 674 τοῦ
785 620 971 684 ὓδατος
991 661 1004 686 ,
1053 621 1101 672 οἱ
1151 621 1207 672 ὲν
1254 621 1318 690 τῇ
1362 616 1576 688 κιϐωτῷ
1618 616 1817 679 πάντες

253 712 705 784 ὲξεπορεύθησαν.
742 712 851 766 Καὶ
893 711 983 766 τὸν
1022 712 1183 766 τόπον
1217 711 1296 764 ἔτι
1341 710 1434 765 καὶ
1479 708 1573 763 νῦν
1611 710 1816 762 ἐκεῖνον

265 804 650 875 Ἀποϐατήριον
685 806 732 856 οἱ
766 801 1046 874 ἐπιχώριοι
1082 799 1576 873 προσαγορεύουσι,
1605 797 1700 852 καὶ
1747 797 1816 851 τὰ

248 895 472 965 λείψανα
496 895 594 966 τῆς
624 894 856 948 κιϐωτοῦ
881 894 1298 959 ἐπιδεικνύουσι,
1332 893 1424 946 καὶ
1448 895 1516 964 τῇ
1559 890 1816 963 ἀσφάλτῳ

247 988 419 1058 αὐτῆς
446 988 527 1050 είς
559 987 1034 1058 ἀποτροπιασμοὺς
1068 987 1379 1059 κέχρηνται.

333 1081 391 1134 Ὀ
429 1079 486 1133 δὲ
515 1079 636 1132 Νῶε
673 1079 1018 1150 ἐτελεύτησεν
1062 1079 1157 1150 έτη
1200 1080 1368 1150 ζήσας
1413 1059 1694 1133 ἐννακόσια
1722 1079 1816 1133 καὶ⁹

248 1174 608 1242 πεντήκοντα,
646 1171 741 1224 καὶ
774 1172 823 1224 οἱ
864 1172 969 1224 υίοὶ
1013 1170 1200 1238 αὐτοῦ,
1233 1171 1534 1234 δεδοικότας
1565 1173 1689 1235 τοὺς
1722 1171 1815 1225 άλ-

245 1267 377 1330 λους
403 1265 606 1328 πάντας
626 1265 732 1318 ἀπὸ
752 1263 843 1317 τοῦ
865 1263 1020 1335 ὅρους
1037 1263 1452 1334 μεταναστῆναι,
1476 1261 1815 1332 (ὑπώπτευον

246 1360 362 1432 γὰρ
403 1358 594 1430 ἑτέρας
627 1354 779 1421 αὖθις
801 1356 1157 1428 πειρασθῆναι
1189 1354 1543 1428 ὲπομϐρίας·)
1571 1354 1815 1408 πείθουσι

245 1451 564 1513 κατελθεῖν,
596 1451 689 1504 καὶ
735 1448 832 1519 τὴν
863 1447 1189 1519 ήπλωμένην
1231 1447 1534 1500 κατοικίσαι
1569 1447 1813 1503 πεδιάδα.

247 1543 371 1594 Ἱνα
399 1541 456 1594 δὲ
488 1540 560 1612 μὴ
589 1537 978 1610 πληθυνθέντες
1008 1537 1192 1591 στάσιν
1236 1536 1352 1607 μετ’
1389 1535 1631 1605 ἀλλήλων
1664 1538 1816 1608 κινή-

245 1651 409 1696 σωσι,
441 1632 800 1704 προσέταττεν
833 1631 1012 1696 αὐτοῖς
1057 1633 1086 1683 ό
1131 1629 1262 1694 Θεὸς
1302 1628 1557 1692 ἀποικίας
1590 1631 1816 1700 ποιήσα-

245 1720 399 1775 σθαι.
436 1721 499 1774 Οἱ
542 1720 597 1774 δὲ
641 1721 739 1790 οὐχ
772 1720 1106 1792 ὑπήκουσαν,
1143 1719 1246 1790 γῆν
1293 1719 1460 1791 καλὴν
1503 1719 1812 1791 γεωργοῦν-

241 1829 364 1875 τες,
394 1811 486 1864 καὶ
512 1811 738 1882 καρπῶν
773 1812 1030 1881 ἀφθονίαν
1079 1813 1337 1884 μεγίστην
1384 1814 1614 1885 ἔχοντες.
1645 1815 1812 1870 Πάλιν

242 1899 344 1957 οὖν
376 1904 624 1974 συμφορᾷ
654 1903 860 1976 χαλεπῇ
909 1903 1197 1958 ὑποϐάλλει
1235 1905 1428 1970 αὐτοὺς
1463 1906 1596 1978 πρὸς
1626 1906 1686 1961 τὸ
1714 1907 1812 1980 τὴν

243 1992 511 2046 ἀποικίαν
557 1992 882 2048 στείλασθαι.
939 1995 1006 2047 Ol
1046 1995 1104 2048 δὲ
1150 1995 1259 2050 οὐδ’
1308 1995 1478 2061 οὕτως
1522 1996 1670 2064 εἶξαν
1718 2000 1811 2054 τοῦ

241 2086 384 2139 Θεοῦ
416 2085 493 2154 τῷ
540 2085 855 2158 βουλήματι,
883 2087 980 2160 τὴν
1025 2089 1283 2160 εὐφορίαν
1325 2090 1424 2162 τῆς
1450 2092 1552 2162 γῆς
1591 2093 1654 2145 ού
1691 2093 1808 2148 κατ’

241 2177 534 2247 εὐμένειαν
561 2176 655 2230 τοῦ
687 2177 841 2240 Θεοῦ,
877 2177 1011 2232 ἀλλὰ
1050 2181 1168 2233 κατ’
1200 2180 1332 2233 ἰδίαν
1371 2182 1521 2252 ίσχὺν
1547 2186 1812 2254 περιεῖναι

238 2267 430 2330 αὐτοῖς
473 2267 868 2339 ὑπελάμϐανον.
921 2268 1133 2342 Ταύτην
1183 2269 1238 2324 δὲ
1288 2271 1386 2342 τὴν
1442 2271 1616 2343 οἴησιν
1668 2273 1811 2344 ἔχειν

238 2356 446 2420 αὐτοὺς
490 2357 714 2430 Νεϐρὼο
759 2357 972 2412 ἔπειθεν
1012 2361 1040 2412 ό
1078 2360 1259 2428 γίγας,
1297 2359 1563 2435 τολμηρός
1595 2381 1678 2428 τις
1714 2363 1809 2429 ὢν,

241 2447 341 2500 καὶ
371 2447 510 2501 κατά
540 2453 697 2521 χεῖρα
722 2453 981 2520 γενναῖος,
999 2451 1057 2517 ὃς
1086 2454 1200 2519 καὶ,
1225 2453 1316 2508 τοῦ
1341 2454 1473 2508 Θεοῦ
1501 2456 1814 2527 ἀποστήσας

238 2541 462 2607 αὐτοὺς,
498 2542 644 2614 α’ὐτῷ
665 2543 741 2614 τῷ
778 2544 938 2610 σέϐας
989 2547 1382 2618 περιποιεῖσθαι
1414 2550 1608 2614 αὐτοὺς
1645 2551 1813 2622 ὴνάγ-

241 2648 403 2693 κασε,
437 2634 528 2686 καὶ
569 2633 632 2706 δὴ
671 2635 876 2707 πύργον
910 2638 1106 2703 αὐτοὺς
1143 2639 1422 2712 ἐπιτρέπει
1452 2643 1810 2714 τεκτήνασθαι

239 2723 322 2794 τῷ
349 2722 472 2794 ὕψει
497 2725 589 2780 τοῦ
625 2727 852 2798 οὐρανοῦ
895 2729 1248 2800 ἐπιψαύοντα,
1283 2733 1520 2786 ἀπειλῶν
1555 2734 1642 2788 τὸν
1679 2734 1810 2789 Θεὸν

238 2817 676 2890 ἀνταμύνασθαι,
721 2822 770 2875 εί
808 2821 968 2875 πάλιν
999 2821 1076 2894 τῷ
1112 2822 1300 2895 κόσμῳ
1344 2825 1612 2897 ἐπενέγκῃ
1648 2844 1811 2880 κατα-

240 2908 507 2980 κλυσμόν.

314 3002 422 3055 Τοῦ
450 3001 580 3071 γοῦν
605 3003 840 3076 πλήθους
875 3006 1039 3078 πολλῇ
1077 3007 1276 3079 σπουδῇ
1309 3011 1372 3080 τῇ
1421 3008 1586 3082 μανίᾳ
1626 3028 1811 3084 συνερ-

239 3093 467 3160 γοῦντος
507 3094 673 3165 αύτῷ,
706 3097 799 3149 καὶ
840 3095 996 3165 λόγου
1037 3097 1226 3152 θᾶττον
1271 3099 1361 3152 τὸν
1405 3102 1614 3173 πύργον
1646 3119 1810 3155 κατα-

235 3182 619 3249 σκευάζοντος,
640 3187 668 3238 ό
689 3183 818 3248 Θεὸς
845 3185 941 3258 τὴν
969 3185 1242 3242 διάλεκτον
1267 3188 1444 3242 αὐτῶν
1471 3192 1807 3264 παραχρῆμα

234 3275 488 3346 συνέχεε,
526 3279 618 3330 καὶ
658 3277 761 3330 ὑπὸ
791 3279 887 3349 τῆς
909 3279 1394 3349 άνομοιογλωσσίας
1434 3281 1809 3358 διεσκεδάσθη-

234 3381 367 3429 σαν,
398 3366 505 3420 κὰκ
531 3367 716 3420 τούτου
741 3368 770 3420 ό
799 3368 961 3432 τόπος
992 3368 1281 3424 Βαϐυλῶνα
1313 3371 1409 3442 τὴν
1443 3373 1630 3444 κλῆσιν
1663 3376 1809 3450 εἵλη-

233 3475 373 3526 φεν,
419 3456 529 3511 τῶν
570 3458 833 3530 Ἐϐραίων
876 3460 974 3532 τὴν
995 3463 1301 3532 σύγχυσιν
1321 3465 1576 3520 Βαϐυλὼν
1611 3467 1806 3540 ὀνομα-

234 3551 465 3616 ζὸντων.

315 3639 581 3703 Ἕκαστος
624 3639 752 3708 γοῦν
803 3639 898 3712 τὴν
947 3643 1452 3714 προστυγχάνουσαν
1514 3648 1616 3718 γῆν
1650 3666 1807 3703 κατε-

232 3729 520 3800 λάμϐανε,
571 3732 664 3785 καὶ
714 3732 980 3803 ἐπλήρουν
1038 3735 1214 3788 πᾶσαν
1270 3736 1534 3806 παράλιόν
1591 3755 1651 3791 τε
1714 3741 1807 3793 καὶ

231 3823 489 3893 ἦπειρον,
529 3821 608 3876 ἔτι
657 3823 714 3876 δὲ
761 3824 855 3877 καὶ
903 3825 999 3889 τὰς
1051 3827 1266 3896 νήσους
1313 3827 1373 3880 τὸ
1416 3829 1524 3901 γὰρ
1572 3829 1806 3900 πέλαγος

234 3912 446 3975 πλοίοις
471 3911 953 3985 διαπορθμεύοντες
983 3916 1206 3980 ταύταις
1228 3918 1714 3993 ὲγκαθωρμίζοντο.

315 4003 472 4055 Ἐνια
531 4002 659 4072 γοῦν
706 4004 812 4058 τῶν
864 4006 1030 4062 ἐθνῶν
1085 4006 1245 4074 σώζει
1296 4009 1392 4075 τὰς
1441 4012 1807 4085 προσηγορίας

230 4091 348 4144 τῶν
370 4093 687 4158 κτισάντων,
725 4095 840 4149 ἔνια
871 4097 926 4151 δὲ
950 4099 1042 4152 καὶ
1081 4099 1362 4170 μετέϐαλε,
1399 4101 1506 4155 τῶν
1545 4103 1805 4175 Ἑλλήνων

232 4180 382 4252 μετὰ
413 4180 583 4236 ταῦτα
607 4185 1020 4256 κρατησάντω),
1050 4187 1143 4241 καὶ
1171 4188 1317 4253 ἰδίοις
1348 4190 1572 4261 ὀνόμασι
1602 4192 1804 4247 καλλω-

232 4273 514 4327 πισάντων
556 4274 626 4329 τά
675 4275 836 4348 ἔθνη,
883 4280 976 4333 καὶ
1023 4282 1217 4353 νόμους
1260 4283 1317 4336 δὲ
1365 4284 1545 4348 αὐτοῖς
1574 4287 1804 4351 οἰκείους

228 4363 435 4419 ἔθεσαν
485 4367 617 4437 πρὸς
665 4369 762 4438 τὴν
809 4369 966 4435 δόξαν
996 4371 1095 4442 τῆς
1134 4373 1359 4438 κτίσεως
1389 4376 1802 4447 σφετερίσασθαι

227 4456 456 4520 αὐτοὺς,
489 4457 562 4522 ὡς
595 4461 862 4532 μηδεμίαν
892 4463 1142 4520 ὑπόνοιαν
1175 4467 1612 4539 προγενεστέρων
1639 4487 1804 4524 κατα-

227 4547 413 4600 λιπεῖν
445 4552 558 4613 τοῖς
591 4553 899 4621 μετέπειτα.

318 4639 597 4709 Ἐγένοντο
619 4637 710 4697 οὖν
738 4645 814 4717 τῷ
840 4646 960 4699 Νῶε
991 4649 1136 4721 τρεῖς
1164 4649 1286 4714 υἱοὶ,
1321 4649 1460 4722 Σὴμ,
1493 4651 1641 4723 Χὰμ,
1691 4654 1797 4707 Ἰά-

231 4731 356 4802 φεθ·
392 4733 501 4786 ἀπὸ
535 4735 744 4808 Ταύρου
772 4739 863 4792 καὶ
907 4740 1182 4810 Ἀμμανοῦ
1216 4741 1320 4796 τῶν
1343 4743 1483 4814 ὀρῶν
1508 4744 1801 4816 ἀρξάμενοι

229 4825 481 4897 ᾤκησαν,
511 4827 603 4880 καὶ
636 4830 899 4900 προῆλθον
928 4833 1020 4884 ἐπὶ
1067 4832 1162 4902 μὲν
1195 4832 1292 4902 τῆς
1334 4834 1512 4899 Ἀσίας
1548 4836 1673 4908 ἄχρι
1703 4855 1800 4891 πο-

229 4917 408 4989 ταμοῦ
439 4919 714 4986 Τανάϊδος,
751 4922 839 4975 ἐπὶ
867 4924 922 4977 δὲ
945 4924 1042 4994 τῆς
1070 4924 1334 4997 Εὐρώπης
1359 4926 1483 4997 ἄχρι
1515 4927 1798 5000 Γαδείρων.

305 5117 426 5170 Εἰσὶ
466 5118 522 5171 δὲ
563 5113 724 5174 οὗτοι·
765 5122 981 5192 Γαμὲρ,
1027 5125 1175 5188 ὅστις
1215 5127 1505 5198 Γαμαρεῖς,
1539 5129 1662 5192 τοὺς
1699 5128 1795 5182 νῦν

229 5211 512 5275 Γαλάτας,
566 5213 908 5284 συνέστησεν·
969 5217 1138 5286 Ἀγὼδ
1185 5218 1496 5286 Μαγώδεις,
1536 5222 1658 5286 τοὺς
1699 5221 1794 5275 νῦν

230 5302 461 5367 Σκύθας·
506 5305 649 5359 ’Λδαῖ
693 5307 992 5371 Μαδαίους,
1040 5311 1166 5374 τοὺς
1212 5311 1304 5366 νῦν
1356 5313 1602 5384 Μήδους·
1651 5314 1794 5370 Ούὰν

244 5395 450 5448 Ἰωνίαν
483 5435 499 5460 ,
564 5412 659 5450 και
711 5401 836 5463 τοὺς
878 5399 1176 5471 Ἕλληνας·
1247 5403 1398 5457 Ὀϐὲλ
1459 5405 1747 5471 Θεοϐέλους
1774 5448 1790 5472 ,

228 5489 356 5551 τοὺς
401 5485 495 5540 νῦν
532 5488 788 5562 Ἴϐηρας·
837 5492 991 5563 Ὀσὸχ
1042 5496 1432 5566 Μεσχηναίους,
1492 5500 1617 5563 τοὺς
1695 5499 1788 5556 νῦν

334 5668 378 5749 ξ⁶
409 5666 536 5723 Gen.
566 5671 815 5749 vnn-4.“
839 5672 894 5749 _’_'
935 5673 1071 5749 [ὸέά.
1114 5678 1198 5732 17.
1278 5679 1322 5720 ³⁸
1355 5677 1481 5734 Gen.
1513 5696 1586 5747 Ix,
1615 5680 1703 5736 29.
1785 5681 1804 5713 ³

1918 5699 1989 5737 cn.
2028 5699 2082 5749 χ,
2115 5683 2168 5738 8.
2247 5683 2292 5714 ⁸ο
2325 5681 2452 5739 Gen.
2489 5699 2560 5748 tl,
2586 5681 2637 5737 5.

235 5734 281 5766 “
308 5735 435 5792 Cen.
472 5756 523 5804 τ,
563 5740 611 5796 l.
689 5741 732 5772 δ’
772 5741 902 5796 (bid.
928 5745 980 5797 2.

1845 1786 1885 1842 Β

1836 3151 1878 3208 C

1834 4510 1878 4562 Ι)

1919 522 2121 580 montis
2153 521 2438 592 cujusdam
2481 519 2574 590 qui
2623 518 2678 573 in
2725 517 2983 573 Armenia
3009 523 3113 578 est,
3139 515 3288 571 stetit
3323 514 3389 580 ³⁸,
3422 522 3478 569 et

1920 631 2060 687 aqua
2097 630 2220 670 cum
2251 621 2544 676 cessasset,
2574 610 2667 682 qui
2693 611 2746 665 in
2775 625 2838 666 ea
2860 616 3035 672 erant,
3066 622 3256 663 omnes
3271 606 3476 676 egressi

1916 715 2044 762 sunt
2075 708 2140 775 ⁸⁷,
2187 714 2242 762 et
2276 706 2454 761 locum
2499 705 2649 758 illum
2696 703 2750 758 in
2795 700 3046 772 praesenti
3095 698 3477 769 Apobaterium

1915 800 2108 855 incolas
2141 806 2480 870 nuncupant,
2505 811 2752 866 arcaeque
2782 795 3040 865 reliquias
3061 800 3389 855 monstrant,
3424 798 3481 847 et

1915 891 2035 962 ejus
2058 891 2325 945 bitumine
2350 889 2416 944 ad
2475 887 2882 945 averruncanda
2913 886 3052 940 mala
3077 893 3324 940 utuntur.

1985 1070 2097 1127 Noe
2128 1085 2255 1127 vero
2304 1086 2335 1126 e
2384 1070 2494 1124 vita
2528 1069 2782 1140 migravit
2811 1065 3107 1137 nongentis
3129 1072 3184 1121 et
3209 1065 3481 1135 quinqua-

1915 1166 2065 1239 ginta
2097 1163 2257 1219 annis
2286 1162 2496 1218 exactis
2527 1161 2686 1229 ",'et
2723 1159 2816 1214 illii
2846 1158 2966 1228 ejus
2996 1157 3133 1213 alios
3177 1171 3368 1211 omnes
3411 1156 3479 1209 ti-

1915 1259 2092 1314 midos
2120 1264 2284 1328 atque
2334 1257 2582 1327 ignavos,
2635 1253 2794 1306 aliam
2838 1251 2983 1306 enim
3030 1249 3267 1304 futuram
3298 1256 3476 1302 terra-

1914 1366 2036 1406 rum
2071 1349 2482 1405 inundationem
2515 1345 2962 1417 suspicabantur,
2995 1351 3054 1397 ut
3089 1357 3119 1397 e
3150 1349 3333 1395 monte
3363 1339 3478 1394 dis-

1915 1443 2188 1505 cederent,
2228 1440 2654 1513 plauissimaque
2684 1437 2927 1493 colerent
2949 1435 3091 1492 loca.
3125 1433 3474 1503 persuadent.

1915 1535 2057 1592 Deus
2102 1535 2170 1589 ad
2206 1534 2472 1590 sedandas
2515 1532 2831 1595 seditiones,
2878 1543 2999 1600 qua:
3041 1534 3261 1599 propter
3286 1539 3476 1580 eorum

1914 1625 2321 1680 multitudinem
2366 1620 2591 1678 conflari
2650 1627 2895 1692 possent,
2945 1618 2998 1673 in
3047 1617 3183 1672 alias
3228 1615 3478 1685 regiones

1915 1718 2160 1774 colonias
2194 1715 2462 1773 deducere
2502 1714 2762 1785 jubebat;
2815 1720 2872 1766 at
2924 1713 2977 1766 hi
3025 1726 3134 1765 non
3189 1707 3479 1763 audii-runt

1913 1819 2201 1882 prmeepta,
2231 1825 2354 1865 cum
2388 1807 2646 1878 optimam
2675 1814 2875 1860 terram
2909 1804 3173 1868 colerent,
3198 1808 3251 1857 et
3279 1798 3478 1855 uberes

1912 1902 2288 1972 maximosque
2325 1898 2666 1970 perciperent
2709 1895 2954 1962 fructus;
2988 1893 3147 1948 novis
3174 1893 3356 1962 itaque
3382 1906 3478 1945 eos

1912 1992 2312 2048 calamitatibus
2337 1999 2515 2056 vexat,
2547 1997 2606 2044 ut
2631 1988 2898 2044 coloniam
2921 1987 3228 2051 mitterent;
3259 1984 3353 2056 qui
3376 1997 3478 2038 nee

1912 2087 1994 2144 sic
2019 2087 2217 2143 divinae
2252 2084 2518 2140 voluntati
2547 2080 2827 2146 obediunt,
2880 2088 2933 2134 et
2977 2095 3095 2135 eam
3124 2086 3286 2134 terra:
3313 2076 3478 2133 uber-

1913 2185 2074 2233 tatem
2113 2175 2555 2244 fertilitatemque
2582 2187 2690 2228 non
2716 2171 2916 2227 divinis
2941 2169 3178 2241 placitis,
3202 2168 3299 2225 sed
3332 2167 3480 2224 suis-

1912 2278 2024 2327 met
2061 2269 2274 2325 viribus
2319 2266 2700 2336 industriaque
2741 2263 2923 2334 parari
2977 2261 3374 2332 opinabantur;
3419 2260 3478 2314 in

1911 2377 2142 2432 eamque
2180 2374 2276 2415 eos
2315 2357 2637 2415 sententiam
2671 2353 2999 2426 perducebat
3030 2351 3294 2416 Nebroth,
3324 2353 3477 2422 gigas

1912 2453 2234 2508 temerarius
2259 2458 2314 2506 et
2340 2449 2540 2513 audax,
2597 2445 3222 2516 maximisqueviribus
3265 2446 3475 2510 valens,

1911 2545 2004 2615 qui
2033 2559 2128 2599 eos
2155 2549 2212 2597 ut
2245 2541 2450 2596 cultum
2482 2540 2586 2596 sibi
2621 2538 2880 2594 otl‘errent
2915 2553 2945 2590 a
2978 2537 3088 2593 Deo
3117 2551 3339 2593 aversos
3361 2552 3479 2592 coe-

1913 2633 1990 2702 git
2017 2631 2083 2687 ³³.
2116 2629 2259 2697 Quin
2285 2637 2339 2685 et
2373 2628 2565 2683 turrim
2615 2627 2722 2684 illis
2761 2626 3202 2682 exaediﬁcandam
3235 2627 3479 2681 commit-

1912 2721 1997 2786 tit,
2028 2736 2147 2791 quze
2162 2720 2474 2777 summitate
2493 2717 2691 2772 cmlum
2721 2716 3030 2786 attingeret,
3055 2715 3273 2785 iactans
3302 2714 3472 2770 Deum

1910 2813 2174 2876 nlturum,
2221 2810 2267 2866 si
2305 2810 2500 2866 iterum
2548 2809 2750 2863 mundo
2803 2807 3216 2863 inundationem
3267 2813 3474 2862 tentas-

1913 2913 1995 2961 set
2026 2906 2089 2958 ⁸ο.

1983 2994 2330 3051 Multitudine
2371 2993 2535 3065 igitur
2564 3007 2778 3048 summo
2812 2991 2992 3047 studio
3033 3005 3097 3046 ac
3130 2989 3476 3047 contentione

1912 3087 2060 3141 illius
2087 3085 2314 3140 insaniae
2354 3099 2512 3154 opem
2551 3081 2779 3147 ferente,
2812 3091 2867 3137 et
2901 3083 3047 3137 dicto
3079 3083 3243 3138 citius
3274 3083 3471 3137 turrim

1909 3185 2244 3242 exstruente,
2295 3175 2438 3230 Deus
2489 3175 2689 3245 linguae
2730 3189 2919 3230 eorum
2951 3176 3338 3246 proprietatem
3381 3191 3472 3230 re-

1908 3277 2068 3340 pente
2110 3268 2391 3333 confudit;
2439 3280 2612 3336 quare
2653 3266 2725 3320 ob
2786 3265 3096 3337 linguarum
3152 3266 3471 3322 varietatem

1908 3359 2142 3430 dispersi
2177 3365 2306 3415 sunt
2340 3359 2408 3426 δ’,
2461 3356 2695 3427 indeque
2751 3358 2905 3412 locus
2941 3373 3138 3413 nomen
3181 3357 3471 3431 Babylonis

1907 3452 2136 3522 adeptus
2169 3456 2254 3505 est
2303 3449 2369 3502 ".
2423 3448 2750 3518 Babylonem
2802 3448 2946 3502 enim
2977 3447 3334 3517 confusionem
3365 3447 3470 3504 Ec-

1907 3545 2039 3598 braai
2069 3542 2373 3598 nominant.

1980 3635 2370 3706 Unusquisque
2403 3634 2588 3703 itaque
2617 3641 2819 3689 terram
2849 3632 2955 3688 sibi
2983 3631 3202 3688 obviam
3233 3647 3470 3707 occupa-

1908 3722 2021 3794 bat,
2053 3729 2245 3798 sicque
2274 3725 2612 3782 continentia
2660 3726 2800 3788 loca,
2845 3735 3008 3794 atque
3035 3724 3332 3790 maritima,
3367 3740 3471 3780 nec

1908 3837 2017 3876 non
2046 3829 2100 3876 et
2130 3821 2340 3875 insulas
2385 3819 2716 3890 implebant;
2756 3817 2989 3875 navibus
3020 3817 3166 3873 enim
3196 3833 3292 3890 per
3321 3833 3472 3874 mare

1908 3912 2120 3982 trajecti
2153 3912 2210 3966 in
2238 3927 2332 3967 eas
2364 3911 2792 3967 advehebantur.

1977 4004 2231 4060 Gentium
2252 4013 2431 4059 autem
2455 4003 2701 4073 quaedam
2723 4003 3066 4059 conditorum
3099 4004 3324 4059 nomina
3353 4019 3472 4060 ser-

1906 4105 2058 4162 vant,
2106 4095 2352 4168 quaedam
2385 4096 2478 4150 illa
2533 4103 2960 4158 commutarunt.
3009 4093 3323 4152 Gmcorum
3375 4096 3476 4152 im-

1908 4191 2058 4261 perio
2089 4189 2405 4254 subsecuto,
2434 4188 2529 4259 qui
2575 4193 2690 4245 suis
2736 4188 3046 4244 nominibus
3093 4189 3346 4260 gentibus
3373 4203 3469 4244 or-

1907 4288 2222 4337 namentum
2245 4279 2593 4347 addiderunt,
2619 4281 2874 4351 legesque
2903 4281 3014 4336 illis
3043 4281 3291 4352 proprias
3321 4296 3472 4338 com-

1908 4375 2277 4437 municarunt,
2307 4382 2366 4428 ut
2409 4374 2638 4445 gloriam
2669 4374 3013 4430 conditorum
3044 4374 3148 4430 sibi
3180 4373 3470 4429 tribuendo

1907 4474 2208 4537 captarent,
2239 4481 2339 4521 nec
2369 4465 2534 4520 ullam
2568 4466 2806 4536 posteris
2831 4465 2898 4522 de
2942 4467 3241 4536 majoribus
3289 4465 3470 4537 suspi-

1910 4558 2086 4614 cionis
2114 4573 2304 4613 ansam
2336 4558 2726 4628 relinquerent.

1978 4646 2090 4702 Noe
2121 4648 2322 4704 liberos
2365 4648 2675 4718 procreavit
2725 4654 2862 4713 tres,
2921 4647 3068 4713 Sem,
3123 4646 3319 4712 Cbam,
3375 4647 3469 4702 Ja-

1904 4739 2066 4809 pheth
2099 4739 2165 4804 ⁸³,
2195 4739 2287 4810 qui
2321 4755 2351 4794 a
2399 4736 2581 4795 Tauro
2621 4747 2675 4794 et
2703 4741 2970 4795 Ammano
3001 4741 3280 4795 montibus
3311 4740 3469 4795 initio

1903 4831 2070 4886 ducto
2101 4830 2438 4895 habitarunt,
2477 4840 2531 4887 et
2563 4833 2618 4886 in
2649 4832 2833 4888 Asiam
2865 4833 3141 4905 progressi
3190 4841 3319 4888 sunt
3370 4850 3466 4889 us-

1902 4939 2008 4992 que
2049 4923 2115 4976 ail
2143 4921 2352 4978 Tanain
2377 4923 2597 4988 llunien,
2624 4932 2678 4979 et
2708 4925 2763 4979 in
2791 4924 3006 4997 Europa
3031 4941 3202 4995 usque
3245 4925 3312 4979 ad
3362 4921 3469 4981 Ga-

1902 5021 2040 5075 dira.

1971 5131 2216 5186 Fuerunt
2245 5139 2425 5184 autem
2457 5130 2512 5184 hi
2547 5130 2592 5163 “
2625 5151 2636 5184 :
2671 5131 2890 5198 Gamer,
2943 5135 3038 5205 qui
3084 5133 3462 5196 Gamerenses,

1899 5241 2037 5296 quos
2067 5239 2212 5279 nunc
2236 5223 2454 5279 Galatas
2484 5239 2766 5289 vocamus,
2797 5227 3082 5282 constituit
3119 5245 3134 5294 ;
3163 5226 3316 5298 Agod
3349 5226 3462 5282 hia--

1899 5315 2189 5387 godenses,
2221 5331 2360 5388 quos
2403 5331 2549 5371 nunc
2578 5315 2842 5388 Scythas;
2872 5317 3007 5372 Adai
3037 5315 3292 5382 Madaeos,
3325 5335 3462 5388 quos

1897 5425 2043 5464 nunc
2067 5408 2287 5478 Medos;
2314 5407 2485 5464 Javan
2515 5408 2741 5474 Ioniam,
2771 5418 2826 5464 et
2856 5407 3106 5475 Graecos;
3137 5409 3462 5467 Obel'l'heo-

1897 5502 2068 5570 belos,
2104 5518 2240 5574 quos
2269 5518 2413 5557 nunc
2442 5501 2648 5570 Iberos;
2685 5501 2864 5558 Osoch
2904 5501 3292 5569 Mescbenzeos,
3321 5519 3462 5574 quos

2745 5683 2787 5713 ⁵⁸
2816 5680 2955 5736 Ibid.
2992 5680 3042 5738 7.
3153 5682 3196 5714 δ’
3229 5679 3366 5738 Ibid.
3403 5679 3468 5740 Θ»
