3962 6202
164 340 169 343 _
259 269 365 329 757

1170 283 1441 343 SPURIA.
1472 319 1543 330 —
1580 288 1931 347 COMMENT.
1974 289 2042 345 IN
2080 289 2573 349 HEXAEMERON.

3376 298 3484 357 758

251 384 536 459 Οιρεζαϊοι
579 386 781 460 ἀναμὶξ
816 393 930 457 τοῖς
969 394 1293 461 Χαναναίοις
1321 398 1423 469 τὴν
1461 398 1826 473 Παλαιστίνην

1937 403 2078 465 bant.
2112 412 2166 460 et
2193 405 2285 461 alii
2307 404 2594 476 Raphiam,
2628 419 2750 475 qua:
2780 401 3151 479 Philadelphia
3177 414 3299 476 est;
3331 409 3412 466 sic
3431 420 3487 468 et

260 486 506 555 κατεῖχον
523 499 539 515 ο
567 486 618 538 oi
643 484 703 539 δέ
740 485 968 557 Ῥαφίαν
988 488 1087 561 τὴν
1121 488 1473 561 Φιλαδελφίαν
1492 511 1505 524 ·
1564 494 1724 549 πάλιν
1761 495 1821 549 δὲ

263 578 311 630 οἱ
340 575 649 647 Γεργεσαῖοι
680 576 749 632 τά
784 578 1018 652 Γάδαρα,
1058 580 1152 635 καλ
1181 582 1445 655 Γέργισαν
1483 584 1659 647 πόλιν,
1724 586 1822 639 καὶ

262 666 363 737 τήν
393 665 681 739 Τιϐεριάδα
707 662 854 740 εἶχον
899 670 1114 743 λίμνην,
1157 675 1250 728 καὶ
1290 675 1340 727 ot
1377 675 1689 730 Ἰεϐουσαίοι
1720 676 1820 748 τὴν

262 758 358 812 νῦν
395 758 770 832 Ἰερουσαλήμ.
984 826 988 830 θ

335 850 504 904 Πέντε
531 851 627 905 καὶ
649 851 769 922 Σήμ
791 853 979 918 παῖδες
1013 854 1276 924 ἐγένοντο,
1309 856 1504 921 οἵτινες
1530 856 1629 929 τήν
1663 857 1821 929 μέχρι

255 940 355 995 τοῦ
385 943 502 999 κατ’
528 942 663 997 ίδίαν
697 945 948 1000 Ὠκεανοῦ
981 946 1163 1002 Ἀσίαν
1194 947 1539 1021 κατῴκησαν,
1568 949 1686 1021 ήτοι
1716 950 1825 1005 ἀπὸ

253 1033 352 1089 τοῦ
385 1035 672 1121 Εὐφράτου
704 1037 804 1109 τήν
848 1037 1025 1111 ἀρχὴν
1069 1040 1446 1113 ποιησάμενοι.
1488 1041 1612 1095 Elei.
1642 1041 1702 1095 δέ
1734 1036 1825 1096 οὗ·

256 1144 371 1182 τοι·
399 1128 597 1200 Αίλάμ,
622 1129 714 1199 ἀφ’
733 1126 797 1182 οὗ
822 1130 1129 1203 Αίλαμαῖοι,
1154 1134 1204 1187 oi
1223 1133 1318 1188 νῦν
1342 1133 1571 1207 Πέρσαυ
1608 1134 1822 1208 ’Δσοὺρ,

254 1220 355 1290 ἀφ’
387 1213 449 1273 οὗ
489 1218 796 1292 ’Δσσύριον
843 1222 1135 1295 Ἀρφαξάδ,
1174 1225 1271 1295 ἀφ’
1300 1217 1362 1279 οὗ
1408 1226 1741 1300 Ἀρφαξαϊοι,
1773 1228 1825 1281 oi

253 1310 356 1365 νῦν
380 1309 662 1365 Χαλδαίοι⁸
707 1310 911 1382 Ἀράμ,
942 1312 1035 1382 ἀφ’
1064 1307 1126 1368 οὗ
1167 1315 1474 1386 Ἀραμαῖοι,
1503 1315 1554 1367 oi
1594 1313 1691 1368 νῦν
1720 1314 1824 1368 Σύ⁴

256 1416 367 1473 ροι.
402 1398 681 1475 Κατέσχον
720 1401 779 1457 δὲ
813 1397 960 1457 οὗτοι
992 1403 1098 1457 άπὸ
1128 1405 1552 1478 Μεσοποταμίας
1581 1404 1687 1470 ἕως
1717 1405 1826 1459 τῶν

251 1493 430 1565 ὀρέων
468 1492 738 1567 Ἀραράτ,
782 1495 819 1550 ἆ
847 1495 966 1550 ἐστι
1009 1498 1146 1570 πρὸς
1170 1496 1270 1569 τήν
1320 1498 1631 1571 Ἀρμενίαν·
1662 1497 1823 1563 Λοὺδ,

253 1587 354 1656 ἀφ’
392 1579 455 1641 οὗ
482 1587 731 1655 Λυδαῖοι,
764 1590 813 1643 oi
845 1588 940 1643 νῦν
978 1590 1173 1645 Λυδοί·
1208 1592 1444 1656 Καϊνὰν,
1478 1592 1571 1662 ἀφ’
1608 1587 1669 1650 οὗ
1711 1594 1826 1647 Κα-

253 1681 442 1734 νᾶται.

1923 492 2191 566 Gergesei
2218 494 2484 552 Gadaram
2509 494 2900 567 Gergisamque
2941 494 3152 562 urbem,
3199 496 3486 571 lacumque

1924 582 1968 639 Τ
1973 585 2229 644 iberiadls
2260 587 2597 651 obtinebant,
2634 594 2690 643 et
2721 583 2980 652 Jebusaai,
3022 602 3144 659 quas
3170 603 3317 645 nunc
3358 588 3487 647 Bie-

1923 680 2158 735 rusalem
2188 686 2294 736 est.
2894 697 2915 705 ‘

1996 859 2120 917 Sem
2156 860 2396 931 quinque
2426 857 2522 913 ﬁlii
2571 857 2811 923 fuerunt,
2857 857 2951 928 qui
2982 856 3166 915 Asiam
3207 872 3380 928 usque
3418 857 3486 913 ad

1924 951 2199 1009 Oceanum
2247 950 2583 1015 habitarunt,
2614 951 2700 1007 vel
2741 950 2810 1006 ab
2843 949 3117 1021 Euphrate
3155 951 3486 1022 principium

1925 1050 2224 1101 sumentes.
2255 1041 2393 1097 Sunt
2419 1050 2601 1098 autem
2641 1041 2717 1106 bi,
2754 1039 2957 1105 Elam,
2981 1057 3047 1098 ex
3077 1057 3187 1113 quo
3218 1041 3487 1108 Elamai,

1925 1136 2020 1207 qui
2051 1150 2198 1191 nunc
2218 1133 2431 1200 Persa;
2463 1133 2627 1197 Asur,
2654 1148 2719 1190 ex
2744 1149 2855 1204 quo
2895 1134 3137 1207 Assyrii;
3168 1134 3487 1206 Arphaxad,

1925 1243 1991 1284 ex
2040 1243 2150 1299 quo
2185 1228 2506 1299 Arphaxzei,
2541 1224 2633 1297 qui
2684 1241 2832 1281 nunc
2878 1225 3154 1294 Chaldaei;
3187 1225 3375 1291 Aram,
3420 1242 3489 1283 ex

1925 1338 2035 1393 quo
2058 1320 2310 1384 Arammi,
2333 1319 2425 1391 qui
2459 1334 2605 1374 nunc
2644 1316 2786 1390 Syri.
2829 1316 2894 1371 Hi
2936 1331 3065 1374 vero
3091 1325 3428 1390 occuparunt
3458 1334 3490 1374 a

1927 1412 2310 1485 Mesopotamia
2338 1425 2509 1481 usque
2537 1410 2605 1465 ad
2635 1419 2845 1468 montes
2890 1410 3107 1475 Ararat,
3131 1410 3223 1481 qui
3267 1417 3395 1466 sunt
3434 1411 3491 1466 in

1925 1503 2179 1559 Armenia
2209 1520 2224 1570 ;
2252 1500 2391 1564 Lud,
2422 1517 2488 1557 ex
2516 1515 2624 1571 quo
2646 1498 2848 1572 Lydaei,
2875 1500 2969 1571 qui
2998 1513 3144 1556 nunc
3163 1497 3297 1572 Lydi
3322 1517 3338 1568 ;
3364 1500 3489 1556 Cai-

1925 1614 2057 1664 nan,
2088 1613 2155 1654 ex
2189 1611 2297 1669 quo
2320 1595 2556 1652 (lanatae.

332 1770 451 1825 Υίοὶ
498 1771 555 1826 δὲ
594 1770 689 1827 τοῦ
749 1772 924 1845 ’Δράμ
965 1773 1225 1846 τέσσαρες
1255 1775 1650 1848 ἐγεννήθησανο
1687 1775 1819 1843 Οὓζ,

1998 1773 2161 1828 Aram
2193 1769 2286 1826 ﬁlii
2333 1776 2567 1840 quatuor
2595 1767 2707 1824 nati
2754 1774 2920 1823 sunt:
2959 1763 3060 1831 Uz,
3106 1766 3200 1837 qui
3244 1764 3492 1821 condidit

250 1864 409 1926 ὅστις
438 1861 621 1917 ἔκτισε
663 1864 951 1936 Δαμασκὸν
994 1864 1090 1919 καὶ
1137 1865 1235 1937 τὴν
1297 1865 1662 1938 Τραχωνῖτιν,
1706 1868 1826 1938 ἥτις

256 1954 402 2026 μέση
422 1954 521 2026 τῆς
548 1955 909 2027 Παλαιστίνης
934 1957 1030 2011 καὶ
1049 1956 1251 2029 Κοίλης
1269 1957 1470 2030 Συρίας
1492 1959 1642 2013 ἐστίν
1657 1977 1673 1993 σ
1697 1958 1824 2024 Οὓλ,

250 2045 354 2115 ἀφ’
381 2038 444 2099 οὗ
486 2046 771 2112 Δαζονεῖς·
811 2046 1006 2120 Γαθὲρ,
1048 2048 1141 2119 ἀφ’
1174 2042 1236 2103 οὗ
1278 2048 1573 2120 Σταφηνοί·
1621 2050 1825 2121 Μεσὺχ,

251 2137 353 2207 ἀφ’
395 2133 456 2193 οὗ
491 2140 811 2210 Μασσήννοι.

331 2231 451 2284 Υίοὶ
492 2230 784 2302 Ἀρφαξάδ*
799 2231 1025 2299 Καϊνὰν,
1060 2230 1165 2304 ἀφ’
1187 2226 1249 2288 οὗ
1303 2232 1670 2303 Σογγοδιανοί·
1721 2234 1829 2287 ἀπὸ

250 2323 451 2378 τούτου
477 2324 535 2379 δὲ
563 2324 659 2379 καὶ⁷
685 2326 719 2397 ή
750 2324 1081 2397 ἀστρονομία
1115 2324 1210 2379 καὶ
1239 2324 1520 2397 οἰωνισμοὶ
1542 2325 1831 2396 ἐπενοήθη-

256 2433 383 2472 σαν.

333 2510 461 2575 Υἱὸς
478 2509 535 2565 δέ
574 2510 790 2580 ἐγένετο
823 2509 903 2582 τῷ
931 2509 1140 2566 Καϊνὰν
1168 2509 1332 2576 Σαλά,
1371 2510 1464 2581 ἀφ’
1511 2504 1572 2565 οὗ
1603 2510 1828 2563 Σουσιαο

253 2603 362 2657 νοί.

330 2694 459 2759 Υίὺς
482 2693 574 2749 τοῦ
608 2694 753 2748 Σαλά
783 2694 970 2766 Ἔϐερ,
1001 2695 1095 2764 ἀφ’
1118 2687 1181 2749 οὗ
1220 2693 1483 2769 Ἑϐραῖοι,
1515 2694 1708 2759 οἵτινες
1732 2693 1830 2766 τὴν

254 2786 494 2859 ἀρχαίαν
519 2786 780 2859 κατέσχον
806 2788 904 2860 τὴν
938 2786 1191 2859 Ἑϐραῖδα
1218 2787 1516 2852 διάλεκτον,
1545 2786 1640 2841 τοῦ
1664 2788 1830 2859 ’Ἔϐερ

258 2878 340 2951 μὴ
381 2879 932 2952 συμπαραγενομένου
983 2881 1063 2945 είς
1096 2879 1195 2951 τὴν
1248 2878 1344 2933 τοῦ
1385 2879 1595 2952 πύργου
1630 2878 1832 2933 οἰκοδο-

258 2970 392 3042 μὴν,
417 2971 511 3024 καὶ
540 2971 918 3036 ἀλλοιωθέντος
946 2972 1045 3043 τὴν
1074 2971 1339 3041 γλῶτταν.

330 3062 456 3118 Υἱοὶ
486 3062 543 3117 δὲ
569 3061 663 3117 τοῦ
702 3064 867 3136 Ἔϐερ
892 3064 1089 3126 Φαλέκ,
1124 3066 1219 3134 ἀφ’
1249 3057 1311 3118 οὗ
1350 3062 1651 3134 Ἀδιαϐηνοί
1670 3079 1683 3093 ’
1737 3063 1832 3116 Ἰε-
1856 3088 1900 3146 c

254 3154 417 3222 κτὰν,
464 3155 558 3226 ἀφ’
605 3150 667 3211 οὗ
734 3156 1062 3229 Ἐδραμαῖοι.
1117 3157 1175 3210 Ὀ
1218 3155 1277 3210 δὲ
1321 3155 1498 3210 Φαλὲκ
1543 3153 1630 3209 διά
1672 3153 1830 3208 τοῦτο

249 3248 464 3320 ἐκλήθη
524 3248 722 3313 Φαλὲκ,
771 3248 958 3321 ἐπειδὴ
1017 3248 1157 3304 κατὰ
1221 3248 1313 3303 τὸν
1374 3247 1669 3303 ἀπόστολον
1722 3246 1830 3301 τῶν

250 3341 529 3397 ἀποικιῶν
556 3342 769 3414 ἐτέχθη.
813 3342 988 3398 Φαλέκ
1014 3343 1120 3416 γὰρ
1159 3344 1207 3397 οἱ
1256 3341 1495 3415 Ἑϐραῖοι
1538 3341 1832 3412 μερισμὸν

250 3432 530 3501 λέγουσιν,
571 3431 657 3486 ἐπ’
684 3432 847 3487 αὐτοῦ
889 3432 1274 3505 ἐμερίσθησαν.
1308 3433 1417 3487 Καὶ
1440 3434 1469 3486 ὁ
1503 3433 1832 3503 ὑπονοούμε-

250 3541 352 3587 νος
383 3522 493 3578 τῶν
521 3523 657 3580 ἐτῶν
697 3525 797 3597 τῆς
829 3524 921 3580 τοῦ
952 3524 1156 3596 κόσμου
1183 3525 1442 3597 διαμονῆς
1480 3524 1712 3597 ἀριθμὸς
1753 3525 1833 3587 είς

249 3617 355 3672 δύο
384 3616 607 3691 διῃρέθη
640 3617 889 3672 ἰσαίτατα
912 3636 926 3649 ·
970 3617 1244 3691 τρισχίλια
1272 3616 1379 3691 γάρ
1405 3618 1497 3671 ἐπὶ
1527 3619 1591 3689 τῇ
1621 3615 1829 3686 γενέσει

250 3710 359 3782 τῆς
385 3710 550 3765 αὐτοῦ
574 3709 665 3765 τοῦ
686 3711 891 3783 κδσμου
923 3710 1206 3784 ὑπάρξεως
1235 3709 1328 3782 ἐτη
1357 3708 1694 3783 ἐπερατώθη.
1726 3709 1829 3763 Δο-

252 3802 526 3874 γιζόμεθα
553 3803 659 3876 γὰρ
683 3803 952 3876 διαμεῖναι
982 3802 1081 3874 τὴν
1133 3800 1309 3856 κτίσιν
1349 3801 1509 3874 ἄχρις
1539 3801 1704 3872 ἕκτης
1749 3818 1832 3871 χι-

252 3895 461 3961 λιάδος,
487 3897 609 3950 ἐπεὶ
636 3898 729 3952 καὶ
759 3898 816 3949 ἐν
839 3895 899 3961 ἐξ
927 3895 1160 3968 ἡμέραις
1187 3894 1216 3948 ὁ
1242 3893 1374 3958 Θεὸς
1400 3894 1500 3966 τὴν
1525 3893 1831 3947 συντέλειαν

252 3988 414 4044 τοῦδε
465 3988 559 4043 τοῦ
614 3989 815 4052 παντὸς
849 3988 1232 4058 συνεστήσατο.
1292 3986 1562 4050 Χιλιετεῖς
1620 3986 1676 4040 δὲ
1733 3983 1832 4049 τὰς

255 4082 476 4153 ἡμέρας
538 4081 843 4152 λογίζεσθαι
888 4081 950 4134 τὸ
993 4080 1146 4134 Θεῖον
1201 4075 1351 4150 οἶμαι
1374 4097 1387 4111 ·
1433 4081 1654 4150 Κυρίου
1698 4078 1826 4152 γὰρ,

253 4174 449 4248 φησιν,
477 4173 666 4245 ἡμέρα
684 4175 765 4242 ὡς
784 4174 949 4245 χίλια
975 4171 1101 4242 ἐτη.

332 4350 547 4404 Γίνεται
573 4346 668 4404 οὖν
687 4349 795 4403 άπὸ
837 4348 1009 4422 ’Δδὰμ
1035 4350 1128 4404 ἐπὶ
1150 4348 1248 4421 τὴν
1266 4347 1519 4421 τελευτὴν
1533 4348 1709 4403 Φαλὲκ
1732 4348 1826 4420 ἔτη

1902 1866 2271 1925 Damascum.
2301 1871 2356 1918 et
2405 1859 2866 1923 Trachonitidem,
2923 1873 3045 1929 qua:
3078 1858 3220 1913 inter
3246 1856 3492 1913 Palaesti-

1927 1974 2055 2015 nam
2100 1965 2151 2013 et
2191 1955 2546 2028 Cwlosyriam
2589 1953 2764 2009 media
2793 1960 2910 2019 cst;
2957 1949 3042 2014 Ul,
3076 1965 3142 2005 ex
3181 1966 3294 2020 quo
3317 1947 3491 2004 Laxo-

1928 2063 2160 2115 nenses;
2200 2042 2419 2109 Gather,
2447 2058 2514 2099 ex
2546 2057 2655 2114 quo
2694 2038 2991 2111 Stapheni;
3021 2036 3261 2102 Mesoch,
3291 2050 3358 2092 ex
3381 2050 3492 2107 quo

1929 2138 2205 2196 Massenii.

1996 2229 2120 2287 Filii
2156 2226 2499 2301 ‘Arphax‘ad:
2531 2225 2741 2283 Cainan
2756 2226 2824 2288 ⁸⁸,
2865 2239 2930 2280 ex
2985 2236 3095 2294 quo
3129 2219 3492 2294 Soggodiani;

1928 2324 2017 2381 hic
2046 2321 2224 2381 sidera
2248 2317 2577 2387 observavit,
2602 2326 2655 2373 et
2691 2315 2915 2388 auguria
2935 2313 3279 2385 excogitavit.

1998 2498 2205 2555 Cainan
2239 2496 2381 2554 illius
2413 2496 2511 2551 fuit
2550 2495 2708 2561 Salae,
2742 2510 2807 2551 ex
2830 2510 2938 2565 quo
2970 2492 3208 2549 Susiani.

2000 2673 2172 2730 Filius
2205 2672 2345 2729 Salaa
2393 2672 2571 2729 [leber
2593 2674 2661 2737 ",
2703 2688 2768 2729 ex
2811 2687 2919 2743 quo
2958 2669 3194 2737 chmi,
3224 2669 3316 2740 qui
3348 2676 3496 2724 vete-

1930 2782 2045 2822 rem
2089 2766 2431 2822 retinuerunt
2472 2764 2671 2837 linguae
2711 2764 3119 2835 proprietatem,
3156 2775 3279 2816 cum
3320 2757 3497 2815 [leber

1931 2861 1989 2916 in
2015 2868 2344 2917 structuram
2376 2858 2546 2916 turris
2577 2857 2800 2914 minime
2843 2871 2967 2912 cum
2992 2855 3114 2912 aliis
3152 2853 3494 2918 convenerit,

1931 2954 2163 3025 ideoque
2199 2970 2300 3011 nec
2319 2955 2557 3026 linguam
2579 2953 2893 3010 mutaverit.

2006 3046 2127 3103 Filii
2155 3046 2353 3115 Heber,
2381 3048 2581 3105 Phalec
2599 3048 2667 3114 ",
2701 3064 2767 3105 ex
2799 3062 2909 3119 quo
2937 3047 3240 3115 Adiabeni;
3282 3045 3493 3114 Jectan,

1933 3154 2002 3196 ex
2025 3154 2134 3210 quo
2158 3137 2478 3196 Hedramaei.
2507 3140 2743 3211 Ideoque
2787 3138 2987 3197 Phalec
3022 3140 3204 3196 dictus
3229 3147 3335 3204 est,
3371 3154 3493 3194 eum

1932 3240 2094 3287 natus
2125 3230 2195 3288 sit
2218 3232 2437 3302 quando
2469 3232 2698 3288 coloniae
2721 3232 3093 3289 mittebantur.
3124 3231 3324 3288 Phalec
3349 3229 3494 3288 enim

1931 3323 2281 3380 Hebraeorum
2329 3325 2509 3396 lingua
2543 3325 2728 3380 divisio
2757 3325 3116 3397 signiﬁcatur,
3151 3332 3205 3381 et
3253 3332 3495 3396 tempore

1931 3419 2078 3475 illius
2103 3418 2261 3475 divisi
2290 3427 2439 3475 sunt.
2476 3416 2543 3472 Et
2568 3416 2660 3490 qui
2696 3416 2811 3488 jam
2844 3418 3010 3489 hujus
3038 3417 3227 3473 mundi
3250 3416 3496 3472 duratio-

1931 3512 2018 3569 nis
2048 3526 2309 3568 numerus
2330 3526 2453 3569 esse
2482 3501 2847 3575 existimatur,
2884 3511 2937 3565 in
2962 3509 3099 3565 duas
3128 3516 3310 3581 partes
3334 3523 3495 3580 pares

1929 3605 2274 3677 aequalesque
2319 3603 2528 3661 divisus
2550 3610 2634 3660 est
2660 3621 2675 3671 ;
2710 3603 2838 3658 anni
2876 3602 3077 3674 quippe
3105 3618 3170 3658 ex
3201 3615 3311 3674 quo
3335 3615 3497 3655 mun-

1930 3696 2034 3752 dus
2065 3695 2155 3750 hic
2186 3694 2443 3752 conditus
2477 3704 2582 3758 est,
2623 3693 2792 3766 elapsi
2824 3700 2953 3750 sunt
2983 3700 3065 3748 ter
3088 3691 3253 3747 mille.
3280 3688 3495 3745 Etenim

1929 3787 2191 3842 mundum
2248 3785 2396 3842 hunc
2444 3785 2514 3841 ad
2569 3792 2777 3842 sextam
2837 3782 3128 3840 chiliadem
3170 3781 3494 3839 duraturum

1929 3879 2235 3948 opinamur,
2263 3878 2485 3949 quando
2517 3885 2572 3935 et
2615 3894 2709 3934 sex
2742 3875 2935 3933 diebus
2971 3876 3116 3932 Deus
3175 3875 3492 3932 universum

1929 3969 2034 4025 hoc
2078 3968 2401 4043 perfectum,
2456 3954 2821 4042 omnibusque
2869 3969 2986 4026 suis
3029 3969 3280 4041 partibus
3326 3966 3496 4023 edidit

1929 4062 2271 4127 absolutum;
2312 4068 2366 4115 et
2400 4060 2543 4140 apud
2583 4060 2749 4118 Deum
2804 4077 2969 4116 unam
3010 4060 3153 4118 diem
3196 4076 3296 4133 pro
3346 4057 3497 4116 mille

1930 4155 2089 4211 annis
2136 4155 2443 4224 computari
2489 4154 2719 4224 opinor;
2751 4153 2827 4209 ait
2876 4154 3098 4227 quippe,
3147 4153 3360 4209 Domim'
3385 4154 3495 4209 dies

1928 4249 2083 4321 quasi
2111 4248 2257 4303 mille
2299 4248 2427 4302 anni
2454 4248 2521 4301 ".

2000 4344 2084 4400 Ab
2109 4343 2279 4399 Adam
2303 4343 2487 4414 itaque
2514 4358 2689 4413 usque
2714 4341 2782 4396 ad
2798 4340 3007 4397 obitum
3037 4338 3238 4397 Phalec
3254 4338 3384 4395 anni
3414 4346 3499 4396 ter

256 4442 552 4513 τρισχίλια.
605 4441 727 4495 Ἐπὶ
760 4442 817 4495 δὲ
860 4442 957 4513 τὴν
1000 4440 1094 4497 τοῦ
1135 4442 1341 4515 Κυρίου
1391 4441 1688 4513 παρουσίαν
1737 4443 1829 4495 καὶ

1937 4438 2083 4493 mille
2119 4442 2572 4500 annumerantur,
2620 4443 2675 4491 et
2712 4435 2780 4491 ad
2842 4432 3056 4491 Domini
3106 4433 3397 4489 adventum
3444 4439 3502 4487 et

256 4537 556 4590 ἀνάστασιν
593 4534 688 4606 ἐτη
739 4535 1153 4606 πεντακισχίλια
1199 4534 1292 4589 καὶ
1334 4533 1665 4588 πεντακόσια
1715 4550 1831 4605 τρι-

252 4629 464 4681 άκοντα
499 4627 577 4692 ἐν,
616 4626 692 4690 ὡς
717 4626 925 4680 λείπειν
954 4626 1277 4698 τετρακόσια
1311 4628 1647 4699 πεντήκοντα
1674 4625 1831 4680 ἐννέα

254 4719 353 4791 ἔτη
381 4719 479 4788 τῆς
498 4718 661 4791 ἰκτης
682 4718 936 4789 χιλιάδος.
966 4719 1120 4771 Ἐστι
1141 4717 1199 4771 δὲ
1221 4717 1322 4789 τῆς
1343 4717 1435 4772 τοῦ
1470 4718 1674 4790 κόσμου
1704 4734 1827 4770 συν-
1862 4718 1869 4726 ’

251 4810 469 4874 τελείας
531 4812 753 4882 σημεῖον
814 4810 874 4863 τὸ
930 4809 1223 4865 σάϐϐατον·
1299 4811 1393 4864 καὶ
1449 4809 1672 4874 εἰκότως
1739 4811 1825 4863 ἐπ’

254 4904 507 4974 ἐσχάτων
572 4901 678 4957 τῶν
734 4902 955 4976 ήμερῶν
1011 4903 1041 4956 ὁ
1100 4902 1302 4978 Κύριος
1357 4902 1698 4976 ἐπιδημήσας
1748 4901 1827 4974 τῷ

253 4998 451 5068 κόσμῳ
499 4998 559 5053 ἐν
596 4997 915 5068 παρασκευῇ
964 4994 1250 5061 πέπονθεν,
1296 4995 1417 5066 ἥτις
1463 4996 1608 5050 ἐστὶν
1646 4993 1828 5067 ἡμέρα

252 5090 415 5161 ἕκτη,
454 5089 550 5142 καὶ
583 5087 789 5153 ταύτης
824 5086 926 5158 τῆς
967 5087 1178 5159 ἡμέρας
1219 5087 1343 5157 ὥρα
1362 5083 1437 5158 ἦν
1468 5087 1609 5142 ὡσεὶ
1655 5086 1822 5155 ἕκτη,

252 5181 422 5252 ήνίκα
472 5178 788 5252 ἐσταυρώθη
810 5218 826 5243 ,
882 5178 977 5233 τοῦ
1015 5178 1174 5249 λόγου
1220 5179 1575 5251 σημαίνοντος
1613 5178 1700 5233 διὰ
1732 5177 1825 5233 τοῦ

252 5275 358 5345 τῆς
377 5272 551 5346 ἕκτης
585 5272 816 5345 χιλιάδος
841 5272 903 5326 τὸ
927 5272 1101 5343 ήμισυ
1118 5290 1130 5301 ·
1164 5273 1258 5328 καὶ⁹
1286 5271 1375 5327 διὰ
1399 5272 1556 5327 τοῦτο
1585 5270 1826 5345 ὡρισμέ-

256 5382 365 5429 νως
403 5365 506 5419 οὐκ
546 5360 695 5418 εἶπεν
734 5363 852 5437 ὥρα
890 5358 1046 5435 ἕκτη,
1079 5363 1506 5436 ὑπεμφαίνοντος
1548 5364 1641 5419 τοῦ
1669 5362 1827 5434 λόγου

258 5457 427 5529 ῦλίγῳ
464 5456 633 5510 πλείω
668 5455 759 5511 τοῦ
797 5455 1030 5529 ἀριθμοῦ
1068 5457 1410 5530 ὑπερπαίειν.
1454 5456 1587 5510 Ἀπὸ
1630 5456 1686 5510 δὲ
1734 5454 1827 5510 τοῦ

262 5545 495 5618 Χριστοῦ
539 5547 631 5599 ἐπὶ
683 5548 780 5619 τὴν
838 5545 1351 5618 τριακονταετηρίδα
1416 5545 1826 5601 Κωνσταντίνου

334 5720 377 5753 ⁸⁸
400 5720 506 5779 Gen
560 5738 614 5790 Χ,
637 5723 727 5780 ει.
800 5725 844 5756 ⁸⁰
876 5722 1016 5789 Ibid.
1093 5725 1133 5757 "'
1164 5722 1303 5779 Ibid.
1336 5724 1427 5781 25.
1486 5723 1531 5755 ⁸³
1558 5719 1706 5776 Paul.
1740 5736 1960 5788 Lxxmx,
1996 5720 2048 5774 4.

1936 4521 2415 4594 resurrectionem,
2447 4529 2576 4583 anni
2613 4528 2856 4600 quinque
2899 4516 3064 4582 mille
3089 4527 3371 4598 quingenti
3402 4523 3501 4580 tri-

1934 4621 2084 4691 ginta
2113 4627 2169 4676 et
2190 4634 2353 4686 unus,
2381 4619 2455 4674 ita
2484 4628 2544 4675 ut
2566 4618 2635 4674 ad
2664 4628 2872 4676 sextam
2892 4618 3182 4674 chiliadem
3209 4616 3501 4673 absolven-

1933 4715 2059 4769 dam
2099 4719 2307 4769 tantum
2335 4713 2718 4786 quadringenti
2750 4713 3144 4786 quinquaginta
3185 4725 3381 4767 novem
3404 4710 3503 4767 deo

1934 4808 2263 4864 siderentur.
2301 4803 2528 4878 Signum
2563 4822 2694 4873 vero
2720 4807 2883 4877 hujus
2914 4804 3100 4861 mundi
3126 4803 3500 4874 consumptio~

1932 4901 2019 4956 nis
2047 4900 2331 4956 sabbatum
2373 4906 2482 4968 est;
2538 4898 2769 4970 ideoque
2811 4916 2919 4955 non
2960 4900 3056 4955 abs
3088 4913 3146 4954 re
3176 4897 3369 4953 diebus
3400 4910 3500 4951 nov

1931 4986 2171 5044 vissimis
2231 4984 2495 5044 Dominus
2551 4987 2605 5041 in
2669 4986 2933 5042 mundum
3006 4986 3341 5051 adveniens,
3410 4985 3500 5040 die

1933 5076 2159 5153 veneris
2209 5078 2426 5135 dolores
2480 5079 2936 5150 sustinuituqua:
2997 5086 3079 5135 est
3130 5077 3248 5135 dies
3306 5087 3498 5143 sexta,

1931 5172 2161 5241 ejusque
2196 5170 2303 5227 diei
2344 5172 2472 5225 hora
2505 5178 2622 5225 erat
2671 5172 2828 5238 quasi
2878 5180 3024 5226 sexta
3057 5171 3124 5237 ⁵³,
3168 5169 3297 5225 dum
3347 5170 3501 5225 cruci

1934 5260 2123 5318 allixus
2155 5270 2259 5327 est,
2299 5278 2408 5334 quo
2442 5261 2602 5317 nobis
2623 5274 2790 5316 sexwe
2821 5260 3085 5316 chiliados
3116 5258 3397 5316 dimidium
3422 5260 3500 5315 si-

1933 5352 2241 5426 gniﬁcatur,
2290 5354 2519 5426 ideoque
2560 5353 2782 5411 definite
2824 5367 2930 5408 non
2973 5352 3108 5408 dixit
3152 5351 3284 5406 hora
3320 5359 3495 5418 sexta,

1934 5460 2126 5516 parum
2160 5458 2190 5499 a
2223 5460 2452 5501 numero
2495 5446 2771 5511 aberrare,
2808 5458 3060 5500 sermone
3103 5440 3205 5497 hoc
3234 5441 3393 5497 nobis
3414 5441 3497 5499 in-

1935 5557 2125 5599 nuens.
2163 5540 2208 5595 A
2251 5540 2470 5597 Christo
2505 5541 2569 5596 ad
2607 5540 2944 5598 tricesimum
2995 5552 3194 5595 annum
3222 5535 3495 5598 Constan-

2157 5723 2202 5755 ⁸³
2229 5720 2390 5779 Joan.
2423 5736 2535 5784 xu,
2562 5717 2647 5775 M.
