3962 6202
291 213 394 268 ’161

1207 191 1479 257 SPURIA,
1517 219 1585 231 —
1627 183 1987 243 COMMENT.
2025 182 2092 238 1N
2134 180 2626 238 HEXAEMERON.

3421 181 3522 236 762

290 327 487 384 κακῶν,
536 318 692 392 μόνος
735 308 890 378 οὗτος
923 307 1258 384 Δημιουργδν
1305 304 1413 359 τῶν
1461 301 1677 356 πάντων
1723 297 1855 392 Θεδν

1962 294 2136 350 dabat.
2158 293 2290 348 Cum
2309 307 2498 347 omnes
2523 291 2616 345 lilii
2645 289 2758 344 Noe
2779 289 2832 344 in
2859 287 3295 360 superstitiosum
3322 289 3523 355 dieing-

291 390 609 486 ἀπεφήνατο
632 405 790 470 εἶναι,
823 409 888 460 ὲκ
915 405 1022 458 τῶν
1049 403 1177 474 περὶ
1207 399 1354 470 ἥλιον
1383 398 1476 451 καὶ
1505 395 1731 486 σελήνην
1757 390 1854 486 ἀλ-

292 482 562 565 λοιώσεων
599 502 695 556 καὶ
722 501 786 553 ὲκ
831 498 938 552 τῶν
987 496 1114 568 περὶ
1143 494 1267 564 γῆν,
1302 491 1395 545 καὶ
1444 488 1600 560 ἀέρα,
1631 483 1725 539 καὶ
1763 482 1858 537 θά-

294 600 494 654 λατταν
551 591 889 664 παθημάτων
943 587 1186 648 εἰκάσας.
1241 582 1340 636 Διά
1383 581 1437 635 τί
1488 579 1618 650 γὰρ,
1667 575 1853 648 φησὶν,

299 688 479 760 ἰσχύος
506 685 672 755 οὖσης
700 684 756 737 ὲν
786 682 966 742 αὐτοῖς
995 678 1092 748 τῆς
1118 674 1326 730 ἑαυτῶν
1356 670 1607 735 εὐταξίας
1637 669 1698 722 οὐ
1729 684 1858 739 προ-

291 759 562 841 νοοῦνται,
593 775 708 829 ἀλλ’
730 771 1078 844 ὑστεροῦνται
1102 767 1339 836 ταύτης;
1378 765 1471 818 Ἐκ
1495 761 1623 832 γοῦν
1654 759 1857 813 τούτων

291 870 584 941 γινώσκειν
612 866 838 932 ἔξεστιν,
867 865 949 918 ὅτι
978 863 1038 916 ού
1073 860 1189 915 κατ’
1226 859 1363 912 ἰδίαν
1410 856 1561 927 ἰσχὺν
1594 853 1854 917 συντελεῖ,

292 966 344 1018 εἰ
376 963 473 1018 καὶ
502 962 647 1015 δοκεῖ
677 959 978 1030 εὐεργετεῖν
1006 955 1132 1018 τοὺς
1169 949 1488 1023 ἀνθρώπους
1523 948 1583 1002 οὑ
1624 943 1854 1018 μικρῶς,

291 1055 432 1110 ἀλλά
460 1053 603 1108 κατὰ
629 1053 728 1124 τὴν
763 1049 1011 1121 βούλησιν
1034 1046 1126 1102 τοῦ
1167 1046 1507 1116 ποιήσαντος.

369 1236 514 1308 Πρὸς
557 1233 689 1304 γοῦν
738 1231 836 1302 τὴν
887 1227 1044 1295 δόξαν
1075 1226 1240 1283 αὐτοῦ
1289 1225 1490 1294 ταύτην
1522 1225 1571 1276 οἱ
1604 1221 1857 1276 Χαλδαῖοι

291 1329 395 1384 καὶ
422 1331 471 1382 οἰ
497 1327 596 1398 τὴν
639 1323 1057 1394 Μεσοποταμίαν
1089 1319 1361 1387 οἰκοῦντες
1392 1318 1726 1389 διεφέροντο,
1765 1313 1858 1366 καὶ

290 1421 539 1488 ἀντεῖχον
595 1414 766 1487 αὐτῷ.
805 1415 914 1468 Καὶ
965 1412 1199 1475 ἀναστὰς
1252 1409 1458 1464 ἐκεῖθεν
1511 1408 1653 1462 κατά
1692 1405 1860 1478 πρόσ-

288 1527 483 1580 ταγμα
513 1507 647 1563 Θεοῦ
678 1507 773 1578 τὴν
807 1505 910 1575 γῆν
940 1504 1046 1558 τῶν
1078 1501 1390 1557 Χαναναίων
1421 1499 1727 1570 κατῴκησε.
1765 1499 1859 1551 Λι-

293 1600 402 1671 μοῦ
429 1601 485 1654 δὲ
518 1599 908 1661 καταλαϐόντος
949 1596 1121 1650 δεινοῦ
1140 1635 1155 1660 ,
1184 1597 1265 1659 είς
1303 1595 1572 1662 Αἴγυπτον
1617 1591 1856 1662 παρεγέ-

1957 401 2084 441 num
2120 386 2324 439 cultum
2369 383 2733 446 corruissent,
2768 381 2919 436 solus
2967 380 3079 446 hic,
3122 377 3288 437 Deum
3338 397 3520 436 rerum

1955 477 2198 534 omnium
2227 491 2349 532 esse
2376 475 2692 538 Creatorem
2725 471 2936 528 deliniit
2995 485 3024 524 a
3083 471 3216 526 solis
3273 471 3523 541 lunaeque

1957 567 2473 625 commutationibus
2527 565 2862 635 reliquisque
2916 579 3036 634 quae
3085 563 3141 617 in
3178 573 3344 626 terra,
3373 577 3518 630 aere,

1957 660 2203 730 marique
2235 659 2579 728 contingunt,
2617 655 2954 724 coniectans.
2998 653 3301 721 Quidnam,
3345 655 3438 717 ait,
3470 654 3518 709 si

1956 752 2215 814 facultas,
2256 751 2531 820 roburque
2562 749 2618 802 in
2669 747 2778 802 illis
2812 755 2915 810 est,
2944 748 3148 800 nullam
3192 745 3278 802 sui
3309 745 3520 800 ordinis

1956 843 2311 901 conservandi
2329 857 2518 897 curam
2550 851 2766 913 gerunt,
2798 839 2894 895 sed
2926 839 3016 892 illa
3043 837 3412 892 frustrantur?
3439 837 3519 893 Ex

1956 937 2042 992 his
2075 936 2256 1005 itaque
2285 933 2565 989 fatendum
2606 942 2712 999 est,
2741 947 2804 989 ea
2848 947 2957 987 non
2989 930 3174 984 innata
3211 929 3288 996 vi,
3320 929 3424 985 etsi
3451 929 3520 984 de

1956 1043 2153 1102 genere
2184 1028 2423 1082 humano
2449 1040 2613 1097 quam
2661 1026 2894 1080 maxime
2920 1025 3059 1078 bene
3105 1022 3299 1077 mereri
3331 1020 3521 1076 viden-

1955 1129 2066 1186 tur,
2099 1121 2193 1177 sed
2221 1119 2500 1177 Creatoris
2523 1119 2801 1174 voluntate
2834 1116 3114 1188 perlicere.

2023 1212 2226 1270 Contra
2251 1213 2392 1268 hanc
2409 1212 2735 1269 sententiam
2756 1211 2874 1280 ejus
2895 1208 3132 1264 Chaldaei
3149 1218 3203 1265 et
3217 1208 3524 1280 Mesopota-

1956 1307 2076 1363 miae
2094 1308 2282 1362 incola:
2304 1307 2459 1377 plura
2485 1304 2855 1375 disputabant,
2874 1303 3005 1357 etab
3039 1317 3103 1356 eo
3118 1301 3520 1371 discrepabant,

1955 1399 2048 1470 qu’
2085 1397 2339 1454 mandato
2383 1398 2479 1454 Dei
2521 1397 2644 1451 inde
2673 1411 2929 1470 egressus
2960 1395 3026 1458 “,
3059 1401 3258 1449 terram
3307 1392 3524 1446 Chana-

1956 1507 2196 1546 nazorum
2245 1491 2537 1554 habitavit;
2579 1487 2776 1543 deinde
2816 1502 2940 1542 cum
2981 1486 3148 1540 fames
3180 1485 3370 1555 ingens
3404 1498 3523 1538 eam

1954 1583 2230 1654 regionem
2255 1589 2496 1645 vexaret,
2527 1579 2822 1650 Egyptum
2852 1578 3070 1632 advenit
3086 1578 3154 1642 “,
3178 1583 3339 1646 atque
3357 1572 3524 1644 ,Εεν-

287 1665 441 1756 νετο,
475 1694 567 1746 καὶ
611 1694 735 1755 τοὺς
779 1689 1104 1760 Αἰγυπτίους
1141 1688 1386 1760 ἀλλήλοις
1428 1686 1852 1756 ἀντιδοξοῦντας,

1962 1677 2098 1747 ptios
2135 1674 2230 1746 qui
2276 1674 2424 1728 varia
2479 1673 2795 1736 sentientes,
2845 1672 3100 1740 legesque
3127 1665 3372 1737 proprias
3401 1679 3525 1736 pes-

288 1784 394 1838 xa‘.
424 1784 510 1837 τά-
532 1784 733 1854 νόμιμα
765 1781 969 1836 ἑαυτῶν
1014 1779 1371 1844 διαπτύοντας
1403 1780 1495 1833 καὶ
1529 1778 1859 1851 ἀνατρέπον-

288 1893 398 1941 τας
424 1875 698 1941 ἀπέδειξεν
730 1876 973 1936 ἃπαντας
1000 1875 1196 1938 αὐτοὺς
1227 1873 1388 1944 μηδὲν
1421 1871 1694 1940 ἀξιόλογον
1726 1870 1859 1948 μηδὲ

291 1969 662 2042 φρονοῦντας,
699 1967 830 2038 μηδὲ
863 1965 1232 2031 θεσπίζοντας.
1267 1967 1377 2019 Καὶ
1407 1963 1738 2035 θαυμασθεὶς
1767 1963 1859 2016 ἐπὶ

293 2061 510 2117 συνέσει
531 2061 626 2113 καὶ
651 2058 811 2130 σοφίᾳ
840 2058 1025 2128 πολλῇ,
1053 2057 1150 2129 τὴν
1173 2054 1535 2128 ἀριθμητικὴν
1561 2055 1740 2118 αὐτοῖς
1765 2055 1858 2108 καὶ

289 2153 395 2224 τὴν
428 2151 786 2223 ἀστρονομίαν
832 2148 1164 2220 παραδίδωσι
1187 2165 1198 2177 ·
1237 2147 1342 2218 πρὸ
1378 2146 1486 2218 γὰρ
1518 2146 1614 2217 τῆς
1652 2163 1856 2218 παρου-

295 2245 420 2307 σίας
448 2242 610 2296 αὑτοῦ
643 2242 855 2312 άπειροι
888 2239 1091 2293 τούτων
1121 2237 1413 2308 ἐτύγχανον
1457 2239 1504 2291 οἰ
1540 2236 1852 2306 Αἰγύπτιοι·

297 2335 561 2405 μαθόντες
606 2333 664 2386 δὲ
718 2333 941 2403 ὕστερον
991 2334 1100 2394 τοῖς
1137 2329 1360 2399 Ἕλλησι
1410 2328 1854 2400 μεταδεδώκασιν·

294 2426 694 2497 ὑποστρέψαντι
737 2425 794 2478 δὲ
826 2426 890 2478 ὲκ
921 2423 1019 2494 τῆς
1051 2423 1324 2491 Αἰγύπτου
1356 2422 1432 2492 τῷ
1473 2421 1721 2494 ’Λϐραὰμ
1747 2422 1857 2486 υἰὸς
1899 2481 1908 2494 ι

308 2515 534 2585 Ἰσμαὴλ
562 2514 774 2584 ἐγένετο
802 2515 865 2566 ὲκ
895 2513 995 2584 τῆς
1039 2512 1329 2582 παιδίσκης
1374 2513 1569 2585 Ἀγαρ,
1603 2512 1663 2578 ἐξ
1702 2508 1767 2585 ἦς
1799 2513 1859 2568 τὸ

293 2608 450 2670 ἔθνος
508 2606 817 2678 Ἀγαρηνῶν
848 2623 910 2659 τε
937 2606 1030 2658 καὶ
1058 2604 1385 2676 Σαρακηνῶν
1421 2604 1645 2676 συνέστη
1668 2622 1681 2635 σ
1717 2605 1778 2659 τὸ
1802 2605 1859 2660 δὲ

291 2698 406 2752 τῶν
447 2697 795 2770 Ἰσμαηλιτῶν
831 2699 896 2750 ἐκ
919 2696 1012 2749 τοῦ
1054 2697 1295 2767 Ἰσμαήλ.

383 2792 442 2843 '0
472 2791 529 2845 δὲ
560 2791 684 2844 Λὼτ
717 2790 1004 2862 χωρίζεται
1051 2789 1143 2843 τοῦ
1195 2788 1460 2862 Ἀϐραὰμ,
1495 2790 1588 2842 καὶ
1627 2789 1725 2860 τὴν
1757 2787 1860 2859 χὼ-

297 2903 403 2958 ραν
425 2887 523 2956 τὴν
545 2883 850 2956 Σοδομηνὴν
870 2881 1103 2954 ᾤκησεν,
1128 2884 1247 2954 ἥτις
1272 2883 1503 2954 οὐρανίῳ
1528 2884 1859 2956 πυρπολήσει

294 2982 368 3033 δι’
400 2979 634 3049 ἄθεσμον
683 2977 1024 3048 παρανομίαν
1069 2974 1458 3046 κατεδικάσθη,
1509 2977 1603 3030 καὶ
1647 2975 1726 3028 ἔτι
1767 2976 1859 3029 καὶ

293 3073 396 3127 νῦν
441 3071 754 3143 κεκαυμένα
815 3071 984 3142 αὐτῆς
1015 3069 1084 3122 τὰ
1126 3068 1248 3139 ἴχνη
1292 3068 1570 3138 φαίνεται’
1603 3069 1712 3124 ἐστι
1753 3069 1858 3141 γὰρ
1886 3050 1927 3107 C

293 3170 431 3222 ἰδεῖν
461 3167 622 3220 πέντε
655 3165 860 3218 πόλεων
893 3161 1070 3227 σκιὰς,
1105 3164 1164 3216 ὲν
1191 3156 1280 3226 αἷς
1311 3161 1591 3231 βλαστάνει
1630 3162 1859 3234 καρπὸς,

289 3257 357 3322 ὃς
384 3257 632 3327 φαίνεται
663 3257 760 3327 μὲν
800 3253 994 3320 ἔξωθεν
1019 3252 1398 3324 παραπλήσιος
1421 3255 1532 3316 τοῖς
1561 3252 1857 3323 ὲδωδίμοις,

289 3347 525 3417 ληφθεὶς
553 3347 609 3399 δὲ
649 3347 770 3409 ταῖς
797 3345 1005 3417 χερσὶν,
1038 3347 1116 3408 εἰς
1150 3343 1356 3414 τέφραν
1384 3343 1478 3397 καὶ
1505 3344 1708 3397 καπνὸν
1729 3345 1860 3399 ἀνα-

292 3441 504 3494 λύεται.
544 3439 755 3508 Γειτνιᾷ
798 3437 854 3490 δὲ
887 3436 1057 3511 ταύτῃ
1097 3439 1130 3508 ἠ
1194 3435 1533 3505 Ἀσφαλτῖτις
1578 3435 1765 3507 λίμνη,
1824 3435 1858 3505 ἦ

295 3533 563 3602 πρότερον
605 3530 701 3599 μὲν
741 3525 810 3600 ἦν
862 3528 1044 3591 κοιλὰς
1082 3529 1289 3600 φρέατα
1339 3526 1538 3598 έχουσα
1569 3527 1858 3598 ἀσφάλτου,

294 3620 686 3691 ἀφανισθείσης
717 3621 772 3674 δὲ
812 3622 907 3691 τῆς
952 3620 1156 3692 χώρας,
1190 3620 1353 3691 λίμνη
1393 3619 1698 3690 γεγένηται,
1740 3620 1864 3690 ἥτις

293 3717 393 3770 καὶ
433 3714 619 3788 Νεκρά
649 3714 893 3768 θάλασσα
930 3713 1408 3787 προσαγορεύεται.
1453 3714 1562 3768 Καὶ
1605 3712 1718 3766 ἐστι
1763 3713 1862 3783 μὲν

297 3807 604 3878 πικροτάτη
650 3807 808 3876 φύσει
853 3807 950 3859 καὶ
994 3807 1214 3874 ἄγονος·
1264 3804 1464 3874 κοῦφον
1508 3803 1564 3858 δὲ
1608 3803 1670 3857 τὸ
1719 3803 1862 3876 ὕδωρ

294 3900 581 3970 κέκτηται,
615 3900 690 3963 ὠς
718 3900 826 3952 τῶν
861 3902 919 3953 έν
949 3900 1088 3971 αὐτῇ
1139 3900 1478 3970 ριπτομένων
1517 3898 1746 3971 βαρέων,
1781 3898 1862 3951 λί-

295 3990 396 4046 θου
425 3992 458 4063 ἢ
497 3992 735 4064 σιδήρου,
768 3992 928 4062 τυχὸν
975 3992 1050 4064 μὴ
1083 3991 1393 4044 καταδύνειν
1429 3992 1506 4054 εἰς
1538 3991 1630 4044 τὸν
1682 3990 1861 4061 βυθὸν,

297 4081 417 4135 ἀλλ’
445 4078 598 4146 αὖθις
627 4082 816 4155 ῶσπερ
861 4083 966 4136 ὑπὸ
997 4083 1303 4154 πνεύματος
1339 4083 1734 4151 ἀναφυσᾶσθαι,
1769 4085 1864 4138 καὶ

300 4171 681 4226 ὲπιπολᾶσθαι.
724 4173 995 4242 Ῥιφέντες
1023 4173 1130 4244 γὰρ
1157 4174 1242 4224 ἐπ’
1269 4173 1404 4242 αὐτῇ
1433 4170 1632 4239 ζῶντες
1658 4171 1864 4244 ἀνθρω-

299 4281 397 4318 sum.
455 4263 940 4318 ἀναϐλυστάνουσι·
995 4263 1179 4336 νεκροὶ
1230 4263 1285 4316 δὲ
1329 4263 1715 4318 καταδύνουσι·
1770 4264 1862 4318 καὶ

1959 1766 2297 1828 sumdantes,
2330 1765 2666 1825 evertebant,
2700 1762 2960 1818 instruxit
2989 1759 3125 1814 nihil
3173 1774 3265 1814 eos
3295 1756 3380 1813 vel
3405 1770 3524 1810 mo-

1957 1858 2147 1923 menti,
2192 1857 2278 1911 vcl
2338 1854 2592 1926 ponderis
2654 1855 2915 1924 cogitare,
2973 1865 3148 1921 neque
3194 1849 3522 1914 decernere;

1956 1961 2126 2018 quare
2174 1955 2392 2018 propter
2439 1943 2783 2015 prudentiam
2833 1940 3280 2011 sapientiamque,
3312 1948 3524 1992 summa

1956 2053 2080 2093 cum
2115 2036 2475 2090 admiratione
2521 2034 2791 2096 laudatus,
2824 2028 3179 2085 arithmeticae
3210 2026 3319 2082 illis
3348 2033 3526 2079 astro-

1956 2144 2185 2199 rumque
2215 2135 2388 2182 artem
2420 2127 2623 2190 tradit;
2651 2133 2778 2179 ante
2825 2123 2972 2179 enim
3017 2121 3164 2176 illius
3215 2131 3521 2178 accessum,

1957 2221 2148 2275 harum
2173 2218 2528 2274 scientiarum
2555 2215 2793 2288 Egyptii
2828 2213 2991 2269 rudes
3013 2217 3188 2274 erant,
3205 2207 3404 2279 quibus
3424 2205 3524 2259 im-

1956 2313 2070 2368 buti
2093 2327 2186 2367 eas
2215 2319 2401 2382 postea
2428 2325 2551 2365 cum
2575 2307 2777 2363 Graecis
2804 2304 3309 2365 communicarunt;
3341 2312 3523 2353 rever-

1956 2417 2126 2471 soque
2149 2401 2423 2456 Abraham
2449 2416 2514 2454 ex
2544 2397 2858 2469 Aigypto“,
2893 2395 3036 2450 illius
3057 2392 3249 2449 lsmael
3279 2387 3526 2445 nascitur

1956 2513 2020 2552 ex
2057 2496 2251 2551 ancilla
2284 2493 2444 2566 Agar.
2473 2512 2592 2566 quae
2609 2493 2870 2566 Agarenis
2898 2490 3312 2559 Saracenisque,
3335 2500 3526 2558 (luem-

1957 2589 2248 2644 admodum
2285 2586 2576 2644 lsmaelitis
2602 2587 2816 2652 lsmael,
2851 2585 3004 2656 origo
3035 2582 3155 2637 fuit.

2025 2807 2147 2873 Lot,
2180 2807 2457 2877 seiunctus
2479 2805 2547 2861 ab
2573 2802 2923 2870 Abraham“,
2954 2799 3226 2870 regionem
3264 2795 3524 2851 Sodome-

1957 2912 2083 2951 nam
2103 2896 2438 2952 domicilium
2463 2895 2672 2960 habuit,
2702 2910 2822 2965 quae
2850 2901 3071 2964 propter
3113 2887 3379 2945 nefarium
3405 2902 3523 2942 sce-

1960 2988 2046 3045 lus
2065 2988 2274 3044 caelesti
2307 2987 2557 3044 incendio
2596 2983 3034 3056 conﬂagravit“,
3063 2989 3118 3038 et
3153 2979 3358 3036 nostris
3385 2986 3526 3034 tem-

1960 3080 2186 3151 poribus
2216 3078 2338 3148 ejus
2371 3079 2609 3134 incendii
2633 3078 2876 3148 reliquia:
2897 3083 3222 3133 cernuntur.
3255 3073 3524 3130 Videntur

1959 3185 2194 3240 namque
2219 3171 2499 3225 civitatum
2536 3169 2776 3239 quinque
2803 3167 3054 3238 vestigia,
3085 3166 3142 3221 in
3173 3165 3377 3237 quibus
3407 3163 3523 3218 fru-

1959 3271 2080 3317 ctus
2104 3261 2364 3331 assurgit,
2390 3260 2481 3330 qui
2528 3259 2770 3316 exterius
2801 3258 3099 3315 esculentis
3129 3257 3324 3312 similis
3359 3269 3525 3326 appa-

1960 3359 2066 3417 ret,
2100 3358 2246 3406 tactu
2277 3367 2502 3424 pressus
2546 3350 2754 3406 l‘umum
2777 3350 3017 3414 exhalat,
3039 3356 3092 3403 et
3115 3347 3318 3403 fatiscit
3344 3345 3398 3400 in
3429 3363 3524 3401 va-

1960 3461 2086 3517 gum
2108 3444 2404 3516 pulverem.
2435 3443 2572 3508 Huic
2593 3442 2802 3513 regioni
2827 3441 3107 3513 proximus
3142 3445 3224 3494 est
3244 3437 3524 3508 Asphalti-

1960 3544 2044 3593 tes
2069 3537 2242 3602 lacus,
2272 3536 2364 3607 qui
2394 3535 2546 3607 prius
2568 3545 2683 3588 erat
2711 3533 2885 3596 vallis,
2918 3530 3097 3602 puteis
3123 3527 3387 3584 bitumine
3413 3527 3526 3595 ple-

1959 3630 2079 3694 nis;
2107 3643 2284 3685 mersa
2306 3629 2549 3701 regione,
2574 3628 2725 3683 lacus
2752 3626 2942 3692 crevit,
2967 3625 3059 3694 qui
3102 3629 3155 3678 et
3195 3635 3345 3676 mare
3383 3618 3518 3674 Mor-

1962 3727 2114 3773 tuum
2140 3726 2369 3774 vocatur
2406 3737 2419 3774 :
2455 3718 2608 3774 dirus
2651 3725 2880 3781 natura,
2913 3712 3244 3783 sterilisque,
3278 3720 3331 3768 et
3362 3709 3526 3764 undis

1960 3811 2192 3876 levibus,
2232 3811 2307 3865 ita
2338 3819 2399 3866 ut
2442 3811 2557 3868 sive
2597 3809 2831 3882 lapides,
2863 3808 2978 3863 sive
3021 3806 3250 3885 ferrum,
3279 3803 3392 3860 sive
3426 3803 3528 3856 ali-

1961 3901 2094 3971 quid
2144 3901 2294 3956 aliud
2335 3916 2499 3972 grave
2540 3901 2598 3956 in
2658 3900 2810 3954 illum
2858 3897 3232 3970 projiciantur,
3263 3909 3375 3951 non
3417 3893 3526 3948 ima

1962 4003 2163 4064 petere,
2197 3993 2294 4049 sed
2319 4009 2513 4050 rursus
2533 3999 2792 4064 tanquam
2825 4006 2856 4046 a
2878 3997 3040 4046 vento
3060 3988 3268 4047 etllatur
3295 3987 3351 4042 in
3376 4002 3527 4043 sum-

1962 4102 2160 4156 moque
2191 4085 2392 4152 ﬂuitat,
2421 4085 2476 4139 in
2493 4099 2722 4156 eamque
2749 4083 2859 4138 vivi
2895 4083 3144 4138 homines
3187 4079 3373 4150 injecti
3404 4093 3528 4151 ege-

1963 4189 2178 4244 runtur,
2225 4178 2426 4233 mortui
2478 4183 2834 4248 merguntur;
2893 4175 3236 4244 lucernaeque
3287 4185 3530 4227 accensa;

1963 4276 2337 4339 supernatant,
2368 4268 2654 4324 exstinctae
2700 4268 3029 4323 obruuntur.
3063 4264 3157 4320 Sal
3191 4279 3435 4318 amarum
3473 4270 3530 4318 et

295 4356 483 4427 λύχνοι
513 4356 572 4409 δὲ
612 4355 888 4426 καιόμενοι
920 4355 1289 4426 ἐπιφέρονται,
1333 4354 1649 4418 σϐεσθέντες
1679 4354 1734 4408 δὲ
1767 4372 1861 4408 κα-

1967 4361 2180 4416 alumen
2205 4361 2601 4432 bituminisque
2623 4361 2815 4432 globos
2850 4360 3185 4431 nigricantes
3206 4357 3378 4412 tauris
3409 4355 3529 4412 sine

294 4449 710 4506 ταποντοῦνται.
753 4449 1037 4519 ’Λναφέρει
1073 4448 1132 4502 δὲ
1171 4447 1302 4512 ἃλας
1349 4448 1562 4520 πικρὸν,
1611 4447 1704 4501 καὶ
1737 4465 1860 4500 στυ-

293 4543 560 4614 πτηρίαν,
613 4541 709 4596 καὶ
759 4541 856 4611 τῆς
900 4540 1173 4609 ἀσφάλτου
1231 4538 1480 4610 μελαίνας
1514 4537 1735 4609 βώλους.
1785 4537 1860 4600 ὼς

295 4633 536 4689 ἑοικέναι
563 4632 784 4696 τούτους
815 4631 1032 4702 ταύροις
1061 4631 1350 4700 ἀκεφάλοις
1379 4630 1438 4683 τὸ
1471 4629 1714 4700 μέγεθος.
1750 4631 1862 4683 Καὶ

291 4729 347 4782 οἱ
392 4725 613 4789 ναῦται,
662 4725 759 4789 τὰς
798 4723 999 4794 βώλους
1045 4723 1246 4786 ταύτας
1297 4723 1667 4795 δρασσόμενοι,
1724 4722 1859 4791 πλη-

297 4818 456 4891 ροῦσι
485 4817 554 4871 τὰ
584 4817 786 4888 σκάφη,
821 4817 912 4869 καὶ
935 4816 1181 4870 ἕλκουσιν
1212 4815 1306 4868 ἐπὶ
1326 4815 1422 4884 τὴν
1444 4814 1653 4886 χέρσον.
1688 4815 1862 4885 Προσ-

297 4911 588 4981 πήγνυταιξ
617 4907 672 4961 δὲ
711 4906 790 4978 τῷ
826 4906 966 4976 ξύλῳ
1003 4906 1096 4960 τοῦ
1142 4906 1326 4960 πλοίου
1368 4909 1400 4976 ἡ
1433 4904 1726 4975 ἄσφαλτος,
1767 4903 1862 4959 καὶ

295 4999 684 5066 ἀποξυλοῦται,
713 4998 788 5062 ὡς
819 4999 892 5071 μὴ
923 4997 1178 5056 δύνασθαι
1209 4997 1382 5061 άλλως
1405 4997 1858 5069 ἀποκολληθῆναι,

297 5098 347 5148 εἰ
378 5094 454 5166 μὴ
488 5093 738 5166 βρεχθείη
763 5091 944 5163 οῦροις
973 5093 1067 5145 καὶ
1093 5091 1418 5160 γυναικείοις
1441 5092 1720 5162 ἐμμήνοις
1743 5089 1864 5144 τού-

296 5205 410 5250 τοις
446 5187 556 5256 γὰρ
589 5185 757 5238 εἴκειν
791 5186 969 5256 μόνοις
1001 5184 1260 5254 πέφυκεν.
1305 5183 1606 5239 Ἀλλάττειν
1631 5184 1687 5236 δέ
1731 5201 1862 5253 φασι

1966 4453 2142 4523 capite
2168 4453 2374 4510 similes
2405 4453 2778 4524 magnitudine
2819 4453 3012 4524 gignit,
3034 4459 3088 4506 et
3133 4458 3310 4505 nautae
3341 4449 3528 4520 globos

1965 4543 2130 4599 hosce
2161 4543 2436 4614 abreptos,
2473 4544 2704 4599 navibus
2745 4544 2957 4599 onustis
2984 4542 3039 4597 in
3072 4541 3221 4598 littus
3253 4542 3531 4598 trahentes

1965 4636 2234 4691 deferunt.
2267 4635 2540 4692 Navicula:
2571 4653 2701 4692 vero
2730 4637 2889 4708 lignis
2915 4637 3160 4692 bitumen
3185 4645 3530 4706 compactum

1968 4728 2226 4791 adhaeret,
2254 4735 2308 4783 et
2338 4728 2502 4784 veluti
2551 4729 2754 4800 lignum
2807 4728 3144 4794 obdurescit,
3177 4729 3250 4782 ita
3273 4736 3332 4781 ut
3373 4728 3533 4782 evelli

1965 4819 2307 4890 discindique
2345 4828 2596 4890 nequeat,
2630 4827 2990 4890 praeterquam
3025 4820 3173 4875 lotiis
3202 4820 3532 4876 menstruis-

1964 4926 2071 4982 que
2096 4911 2384 4966 mulierum
2404 4927 2712 4981 aspersum.
2746 4910 2870 4966 Sola
2895 4911 3038 4967 enim
3067 4911 3171 4966 hac
3204 4911 3253 4966 vi
3286 4911 3533 4981 superari

1964 5013 2162 5077 potest.
2196 5002 2443 5058 Tradunt
2472 5019 2667 5073 aquam
2695 5004 2937 5071 quotidie
2960 5003 3137 5060 tribus
3164 5004 3379 5059 vicibus
3411 5021 3532 5059 mu-

1967 5105 2084 5152 tare
2116 5095 2351 5158 colores,
2381 5095 2682 5165 crebraque
2717 5095 2937 5150 illorum
2969 5095 3266 5150 mutatione
3301 5096 3370 5148 ad
3399 5095 3531 5151 solis

1969 5189 2152 5243 radios
2183 5187 2508 5242 illustratam
2548 5187 2683 5242 mire
2731 5187 3027 5242 videntium
3067 5188 3257 5242 oculos
3295 5187 3526 5245 allicere.

297 5281 398 5350 τῆς
442 5278 651 5349 ἡμέρας
705 5278 890 5351 χροιὰς
934 5282 1081 5343 τρεῖς
1129 5278 1190 5333 τὸ
1240 5279 1404 5350 ὕδωρ,
1453 5280 1546 5334 καὶ
1591 5277 1860 5334 ποικιλίαν
1891 5279 2064 5350 ὅψεως
2102 5281 2404 5366 έκπέμπειν
2438 5273 2575 5350 πρὸς
2625 5279 2722 5352 τὴν
2751 5281 2943 5335 ἀκτῖνα
3003 5278 3096 5332 τοῦ
3147 5278 3298 5332 ἡλίου
3330 5279 3526 5332 ἀνταυ-

333 5391 397 5426 ου
406 5391 520 5426 σαν.

333 5391 520 5426 ουσαν.

297 5391 331 5443 γ
384 5467 442 5521 '0
480 5468 534 5521 δὲ
579 5468 845 5538 Ἀϐραὰμ,
884 5465 1272 5537 ἑκατοντούτης
1301 5466 1606 5538 γενόμενος,
1650 5471 1867 5540 γνήσιον

2044 5463 2242 5519 Verum
2272 5463 2544 5519 Abraham
2599 5463 2775 5519 aetatis
2803 5478 2914 5519 sua:
2947 5478 3089 5520 anno
3125 5461 3422 5520 centesimo
3445 5461 3526 5519 lo-

375 5625 420 5658 "
450 5622 576 5680 Gen.
606 5640 705 5689 nt,
745 5626 792 5680 l.
866 5625 912 5656 θ’
942 5621 1082 5678 Ibid.
1115 5622 1201 5681 10.
1279 5623 1322 5657 ⁸³
1355 5622 1482 5679 Gen.
1519 5641 1631 5691 xvt,
1664 5626 1715 5680 ὁ.
1789 5627 1832 5659 ⁸⁸

1962 5643 1990 5680 ι.
2024 5640 2143 5691 χιιι,
2181 5623 2264 5681 ιο.
2342 5623 2388 5700 ξ’
2436 5623 2562 5682 Gen.
2597 5641 2707 5690 nx,
2741 5623 2834 5682 24.

3155 5799 3480 6089 β’
