3898 6196
559 273 664 328 765
1433 263 1490 318 S.
1533 259 1980 318 EUSTATHIUS
2020 263 2511 322 ANTIOCHENUS
2552 265 2948 324 EPISCOPUS.
3623 283 3702 340 Ἴθι

558 385 809 456 gitimum
834 386 998 442 ﬁlium
1013 380 1162 440 lsaac
1177 399 1241 440 ex
1260 382 1423 440 Sarra
1437 384 1676 456 suscepit
1692 385 1816 454 ",et
1834 394 1957 456 post
1985 388 2097 436 oet:

2165 386 2210 442 Α
2238 385 2402 438 παῖδα
2435 387 2500 438 ὲκ
2526 385 2628 455 τῆς
2651 383 2866 454 Σάρρας
2887 383 2980 437 τὸν
3015 383 3194 438 Ἰσαάκ
3217 386 3448 459 ἐγέννησε
3467 408 3479 421 ·
3505 394 3580 446 καὶ
3606 401 3701 466 μετὰ

557 494 683 534 vum
706 478 848 533 diem
879 473 1220 530 circumcidit
1237 474 1304 538 ⁸⁷,
1334 471 1700 542 indeque’mos
1719 472 1810 528 hic
1845 474 2096 528 circumci

2234 476 2333 544 τὴν
2369 477 2562 548 ὀγδόην
2599 477 2812 548 ἡμέραν
2846 475 3007 529 αὐτὸν
3045 477 3369 548 περιέτεμεν,
3397 480 3451 546 ἐξ
3475 478 3528 537 οὐ
3549 487 3703 542 καὶνῶ

557 569 720 625 dendi
751 582 951 638 pueros
994 566 1138 636 apud
1167 564 1422 623 Hebraos
1454 565 1704 620 invaluit.
1737 564 1874 621 Nam
1903 567 2096 624 Arabes

2231 569 2294 622 τὸ
2346 568 2467 634 ἔθος
2503 569 2661 623 τοῦτο
2709 571 2759 622 οί
2817 568 3056 640 Ἑϐραῖοι
3109 569 3428 638 φυλάττουσι,
3470 579 3528 647 τῇ
3576 581 3703 652 ἡμέρᾳ

559 661 648 732 qui
663 670 714 717 et
734 660 1038 723 lsmaelitzn,
1061 659 1276 714 decimo
1297 659 1458 716 tertio
1477 658 1948 715 circumciduntur
1962 675 2098 716 anno

2231 661 2404 733 ταύτῃ
2452 662 2918 734 περιτεμνόμενοι.
2965 661 3194 730 Ἀραϐες
3229 663 3330 734 γὰρ
3371 666 3456 718 καὶ
3493 670 3536 720 οἱ
3574 671 3707 741 Ἰσμα-

558 771 680 811 cum
699 769 889 810 eorum
925 754 1134 825 primus
1159 769 1358 826 parcns
1391 753 1583 811 Ismael
1601 770 1668 810 eo
1699 763 1940 826 tempore
1973 755 2097 811 tueri

2232 752 2412 822 ηλϊται
2445 755 2875 826 τρισκαιδεκάτῳ
2915 756 3322 827 περιτέμνονται
3361 757 3476 821 ἔτει,
3511 760 3588 813 τοῦ
3613 779 3709 834 προ-

559 847 920 903 circumcisus
937 845 1004 902 ".

2235 846 2467 917 πάτορος
2501 847 2679 901 αὐτῶν
2725 849 2944 920 ’ῐσμαὴλ
2977 849 3117 902 οὓτω
3160 849 3569 921 περιτμηθέντος.

624 939 898 994 Abraham
968 939 1043 994 ita
1114 939 1379 996 suadente
1428 938 1626 1006 Sarra,
1688 938 1971 996 lsmaelem
2027 941 2134 995 alio

2304 938 2548 1002 Πεισθεὶς
2595 938 2652 992 δὲ
2703 940 2807 993 ὑπὸ
2858 942 2956 1012 τῆς
3009 941 3242 1013 Σάρρας,
3301 943 3329 994 ό
3390 942 3604 1013 Ἀϐραὰμ
3646 945 3711 999 τὸν

555 1029 843 1085 transtulit
865 1031 930 1094 ⁸³,
962 1046 1029 1086 ne
1053 1045 1118 1086 eo
1146 1030 1256 1085 vita
1292 1030 1478 1087 functo
1501 1031 1617 1102 ipse
1633 1031 1790 1103 quasi
1814 1034 2024 1103 primus
2045 1047 2094 1104 ge

2247 1030 2469 1102 Ἱσμαὴλ
2511 1032 2766 1104 ἀλλαχόσε
2809 1032 3112 1103 μετῴκησε,
3158 1035 3358 1102 μήποτε
3397 1035 3518 1103 μετὰ
3540 1035 3620 1106 τὴν
3646 1036 3713 1090 αὐ-

554 1123 707 1177 nitus
737 1121 806 1178 de
840 1122 1199 1194 primogeniis
1227 1123 1448 1194 juribus
1475 1123 1835 1189 contendens,
1865 1123 2015 1180 Isaac
2040 1124 2093 1180 de

2233 1122 2325 1176 τοῦ
2366 1123 2684 1188 άποϐίωσιν,
2711 1124 2787 1187 ὡς
2824 1124 3168 1195 πρωτότοκος
3209 1125 3330 1195 περὶ
3355 1125 3453 1177 τῶν
3480 1127 3716 1196 πρεσϐείων

553 1214 870 1270 trimentum
906 1215 1247 1285 importaret.
1281 1215 1523 1272 lsmaelis
1551 1217 1734 1287 itaque
1760 1233 2092 1274 successores

2233 1215 2585 1286 κακουργήσῃ
2614 1215 2704 1268 τὸν
2751 1216 2955 1269 Ἰσαάκ.
2989 1215 3264 1285 Κατέσχον
3292 1215 3414 1284 γοῦν
3436 1215 3518 1268 τοῦ
3549 1219 3718 1289 Ἰσμαὴλ

554 1315 756 1363 terram
789 1323 911 1379 qua:
954 1309 1022 1364 ab
1066 1308 1339 1380 Euphrate
1375 1309 1430 1364 in
1466 1325 1616 1367 mare
1646 1309 1894 1368 Rubrum
1929 1311 2093 1368 diﬂ'un

2230 1305 2285 1357 οί
2322 1307 2576 1374 ἀπόγονοι
2604 1306 2702 1377 τὴν
2731 1307 2838 1360 ἀπὸ
2878 1306 3166 1379 Εὐφράτου
3201 1307 3519 1379 καθήκουσαν
3548 1309 3633 1380 γῆν
3655 1312 3719 1363 ἐπὶ

550 1401 721 1466 ditur,
748 1407 1106 1472 occuparunt.

2230 1395 2332 1467 τὴν
2376 1395 2642 1468 Ἐρυθρὰν
2681 1396 2972 1453 Θάλασσαν.

627 1492 736 1548 Nec
776 1494 948 1548 multo
978 1494 1162 1564 post"
1185 1493 1329 1550 Deus
1359 1502 1421 1549 ut
1457 1495 1563 1551 sibi
1602 1495 1669 1551 ad
1707 1505 1934 1552 mortem
1981 1494 2132 1552 Isaac

2302 1490 2456 1544 Μετὰ
2480 1490 2536 1544 δὲ
2571 1491 2759 1561 χρόνον
2789 1493 2868 1554 είς
2895 1491 3084 1545 θυσίαν
3113 1494 3142 1546 ὁ
3173 1491 3302 1556 Θεὸς
3329 1493 3414 1546 τὸν
3468 1492 3620 1549 Ἰσαὰκ
3660 1497 3722 1549 ἀν-

553 1583 863 1648 oﬁ'crretur,
900 1585 1175 1656 praecepit,
1200 1593 1254 1641 et
1272 1585 1544 1641 Abraham
1573 1602 1842 1642 summam
1873 1587 1977 1642 hoc
2008 1604 2092 1645 ess

2231 1580 2508 1652 ενεχθῆναι
2561 1581 2710 1652 αὐτῷ
2754 1583 3114 1652 προσέταξεν·
3152 1585 3248 1637 καὶ
3289 1587 3317 1638 ὁ
3379 1585 3611 1657 Ἀϐραὰμ,
3649 1586 3721 1657 μέ-

551 1683 737 1730 notam
772 1674 991 1746 pietatis
1032 1677 1378 1742 existimans,
1410 1679 1665 1735 maximis
1709 1681 2018 1745 conatibus,
2061 1697 2090 1735 a

2180 1736 2202 1747 _
2231 1689 2416 1742 γιστον
2463 1674 2555 1726 καὶ
2598 1673 2758 1727 τοῦτο
2805 1675 3090 1738 εὐσεϐείας
3130 1675 3394 1747 σύμϐολον
3431 1677 3719 1747 ἡγησάμενος,

553 1736 922 1822 summitatem
951 1768 1244 1838 quamdam
1275 1770 1467 1839 pergit.
1488 1769 1760 1840 rebusque
1779 1736 2036 1825 omnibus
2065 1784 2092 1823 a

2179 1736 2206 1792 Β
2237 1736 2542 1838 άφικνεῖται
2574 1770 2670 1822 σὺν
2699 1767 2867 1840 πολλῇ
2897 1736 3174 1841 προθυμίᾳ
3201 1736 3286 1823 ἐπ’
3309 1736 3718 1842 ἀκρωρείαςσινος,

553 1858 890 1915 sacriﬁcium
927 1867 1053 1932 apte
1079 1860 1528 1928 accommodatis,
1556 1861 1630 1916 ita
1688 1861 1857 1916 ﬁlium
1906 1861 2092 1934 alloqu‘

2237 1861 2332 1913 καὶ
2372 1861 2546 1915 πάντα
2579 1860 2646 1914 τὰ
2680 1861 2816 1932 πρὸς
2860 1861 2957 1932 τὴν
2990 1861 3186 1915 θυσίαν
3214 1862 3536 1935 εὐτρεπίσας,
3577 1861 3719 1930 φάσκει

554 1960 646 2006 tur
675 1969 692 2008 :
2239 1950 2374 2022 πρὸς
2399 1950 2490 2004 τὸν
2523 1950 2683 2003 παῖδα
2718 1949 2884 2004 αὐτοῦ
2903 1967 2916 1978 ·
3439 1967 3442 1970 ·

627 2061 644 2094 ι
689 2042 888 2114 Longis
914 2043 1252 2114 inﬁnitisque
1267 2043 1542 2116 precibus,
1569 2051 1629 2100 ut
1651 2045 1782 2100 mihi
1801 2045 2129 2110 nascereris,

2311 2061 2335 2093 ο
2387 2037 2456 2094 Ὦ
2507 2044 2638 2107 παῖ,
2693 2040 2916 2113 μυρίαις
2966 2041 3156 2112 εὐχαῖς
3206 2043 3546 2114 αίτησάμενός
3582 2058 3630 2094 σε
3659 2057 3718 2108 γε·

551 2155 586 2192 ο
609 2136 704 2201 ﬁli,
736 2152 767 2190 a
808 2137 918 2192 Deo
961 2136 1284 2207 impetravi;
1318 2136 1372 2190 in
1405 2137 1582 2191 lucem
1611 2136 1758 2192 edito
1787 2137 1969 2192 omnia
2007 2153 2090 2208 qu:

2234 2133 2420 2188 νέσθαι
2461 2152 2551 2205 μοι
2591 2135 2740 2207 παρὰ
2779 2134 2936 2194 Θεοῦ.
2968 2135 3090 2188 ἐπεὶ
3118 2136 3394 2208 παρῆλθες
3431 2137 3501 2198 εἰς
3531 2135 3606 2187 τὸν
3626 2134 3717 2203 βίον,

553 2226 623 2281 ad
665 2237 814 2280 tuam
841 2225 1224 2282 educationem
1250 2225 1707 2299 disciplinamque
1726 2227 2036 2283 conducere
2058 2245 2088 2282 v

2234 2228 2335 2282 οὐκ
2371 2225 2515 2280 ἐστιν
2541 2227 2569 2280 ὅ
2607 2244 2658 2280 τι
2693 2227 2766 2299 μὴ
2797 2227 2925 2299 περὶ
2957 2227 3054 2298 τὴν
3095 2228 3199 2300 σὴν
3237 2227 3523 2300 ἀνατροφὴν
3548 2226 3718 2295 ἐφιλοτι-

550 2319 839 2385 dehantur,
910 2319 1234 2376 ambitiosus
1292 2319 1597 2390 insumpsi;
1666 2320 1722 2375 in
1783 2337 1957 2392 eoque
2016 2321 2089 2378 sol

2236 2319 2515 2393 μησάμην,
2565 2319 2672 2375 οὐδ’
2712 2322 2798 2389 ἐφ’
2845 2313 2890 2388 ᾧ
2931 2320 3133 2391 μᾶλλον
3175 2320 3555 2390 εὐδαιμονήσειν
3590 2318 3717 2387 ᾤμην,

551 2424 825 2465 summam
860 2410 990 2464 mihi
1019 2410 1179 2465 rebar
1204 2409 1517 2466 felicitatem
1545 2411 1803 2482 positam,
1826 2413 1872 2470 si
1903 2421 1955 2469 te
1977 2414 2090 2468 adu]

2231 2413 2306 2478 ὡς
2342 2413 2528 2484 ἐπειδή
2566 2412 2633 2483 μέ
2662 2429 2721 2465 σε
2753 2411 3095 2484 ἠνδρωμένον
3128 2413 3228 2466 καὶ
3266 2410 3510 2465 τελευτῶν
3542 2409 3719 2477 διάδοχον

549 2509 667 2554 tum
698 2499 752 2554 in
787 2508 1036 2556 extremo
1065 2501 1190 2554 vita:
1223 2516 1358 2556 mea:
1389 2501 1497 2565 die,
1525 2518 1710 2556 rerum
1747 2518 1990 2558 mearum
2021 2514 2088 2559 st:

2231 2506 2406 2577 ἀρχῆς
2436 2506 2536 2578 τῆς
2573 2504 2810 2576 ἐμαυτοῦ
2850 2505 3264 2577 καταλείποιμι.
3322 2504 3452 2558 Ἀλλ’
3493 2504 3595 2556 ἐπεὶ
3623 2499 3717 2553 Θεσ]

553 2601 752 2662 Iusque
795 2592 1064 2648 haeredem
1095 2607 1578 2664 successoremque
1608 2595 1988 2666 relinquerem.
2022 2593 2091 2650 Sc

2231 2596 2552 2668 βουλομένου
2597 2595 2688 2662 σδς
2737 2597 2918 2670 πατὴρ
2954 2597 3249 2669 ἐγενόμην,
3294 2596 3445 2652 πάλιν
3486 2594 3626 2664 τούτῳ
3661 2594 3716 2646 αἱ·

551 2700 676 2738 eum
709 2685 802 2740 Dei
863 2685 1130 2740 beneﬁcio
1175 2693 1340 2756 atque
1389 2701 1614 2742 munere
1644 2693 1797 2756 pater
1843 2695 1970 2741 tuus
1999 2686 2090 2740 sim

2225 2688 2403 2743 τοῦντι
2431 2689 2724 2761 ἀνατίθημί
2768 2707 2846 2743 σε.
2889 2691 3025 2762 Φέρε
3064 2686 3164 2744 οὖν
3194 2690 3446 2760 γενναίως
3470 2688 3553 2758 τὴν
3585 2683 3717 2738 καθιέ-

554 2793 774 2833 riu-sun:
805 2778 881 2832 illi
917 2777 1215 2848 postulanti
1260 2784 1314 2833 te
1352 2776 1543 2832 oﬁ‘ero.
1578 2775 1800 2832 Sustine
1846 2777 2014 2848 igitur
2036 2793 2093 2848 ge

2229 2801 2421 2856 ρωσιν’
2468 2784 2546 2856 τῷ
2587 2781 2705 2854 Θεῷ
2752 2783 2861 2854 γάρ
2908 2800 2966 2836 σε
2999 2781 3338 2854 παραχωρῶ,
3384 2781 3560 2848 ταύτης
3598 2773 3715 2842 ἀξιῶ·

552 2885 749 2924 ιιι-τοδε
811 2869 1155 2938 viriliterque
1202 2868 1344 2924 hanc
1405 2868 1876 2924 consecrationem
1924 2888 1938 2923 :
1989 2870 2087 2924 ced

2226 2894 2379 2932 σαντι
2415 2877 2546 2950 παρ’
2591 2877 2746 2949 ἡμῶν
2775 2876 2877 2947 τῆς
2925 2877 3111 2946 τιμῆς,
3148 2876 3268 2929 ἀνθ’
3311 2867 3384 2928 ὧν
3426 2871 3619 2943 εὐμενὴς
3651 2867 3714 2920 καὶ

550 2962 693 3015 enim
730 2971 784 3016 te
805 2960 936 3026 Deo,
973 2961 1065 3032 qui
1089 2960 1297 3016 honore
1325 2960 1428 3016 hoc
1462 2975 1493 3016 a
1529 2960 1689 3016 nobis
1707 2961 1823 3016 vult
1850 2960 2089 3016 decorari

2225 2969 2533 3041 προστάτης
2575 2987 2664 3041 μοι
2703 2970 2947 3039 γέγονεν.
2995 2968 3192 3022 Ἀπιθι
3229 2965 3322 3022 οὖν
3373 2968 3464 3020 οὐκ
3501 2960 3715 3018 ἀποθανὼν

555 3051 779 3124 propter
800 3068 865 3108 ea
895 3069 1017 3124 qum
1057 3052 1189 3107 mihi
1237 3054 1501 3124 benignus
1533 3060 1831 3124 custosque
1850 3053 2094 3124 praestitit

2173 3100 2191 3156 Ξ
2225 3061 2316 3114 τὸν
2349 3060 2528 3115 κοινὸν
2559 3061 2624 3114 ὲκ
2657 3059 2750 3114 τοῦ
2780 3060 2879 3132 ζῇν
2901 3060 3122 3132 τρόπον,
3148 3060 3266 3114 ἀλλ’
3307 3059 3407 3112 ὑπὸ
3431 3057 3599 3126 πατρὸς
3623 3052 3712 3105 an.

553 3145 654 3199 Abi
697 3145 864 3216 igitur
914 3162 1022 3201 non
1082 3144 1362 3200 communi
1401 3145 1646 3201 omnium
1692 3159 1843 3200 more
1893 3152 2092 3201 mortem

2170 3144 2191 3156 ’
2224 3153 2342 3224 Θεῷ
2379 3151 2456 3223 τῷ
2485 3152 2701 3206 πάντων
2728 3153 2897 3224 πατρὶ
2919 3153 3066 3224 νόμῳ
3094 3151 3295 3216 θυσίας
3326 3148 3709 3222 προπεμπόμενος.

548 3237 764 3301 obiens,
815 3236 911 3293 sed
958 3252 987 3291 a
1032 3245 1188 3308 patre
1237 3238 1478 3308 proprio,
1519 3252 1700 3292 rerum
1748 3238 1990 3292 omnium
2031 3252 2087 3308 pa

2228 3246 2409 3313 ’Ἄξιον
2455 3240 2606 3316 οἶμαί
2651 3261 2710 3298 σε
2742 3245 3026 3316 κρίναντος
3066 3244 3263 3309 αὐτοῦ,
3304 3247 3434 3316 μήτε
3461 3242 3590 3310 νόσῳ,
3615 3236 3711 3307 μήτε

551 3330 692 3385 renti
742 3329 871 3396 Deo,
905 3331 1024 3386 vice
1053 3330 1305 3386 sacriﬁcii
1351 3331 1687 3402 praemissus,
1723 3331 1815 3401 qui
1863 3338 2038 3396 tuum,
2060 3346 2090 3386 e

2225 3337 2464 3408 πολέμῳ,
2510 3338 2650 3409 μήτε
2688 3337 2833 3409 ἄλλῳ
2869 3337 2976 3390 τινὶ
3013 3337 3120 3392 τῶν
3157 3337 3366 3402 παθῶν,
3396 3335 3428 3390 ἃ
3467 3331 3709 3404 συμπίπτειν

549 3432 634 3479 est
668 3423 815 3480 illius
847 3424 1129 3494 majestas,
1165 3439 1343 3495 neque
1375 3423 1588 3489 morbo,
1619 3439 1798 3495 neque
1834 3424 1996 3489 bello,
2028 3440 2088 3480 ne

2223 3427 2532 3502 ἀνθρώποις
2581 3429 2807 3498 πέφυκε,
2857 3430 2970 3500 μετ’
3015 3428 3197 3498 εὐχῶν
3254 3429 3313 3484 δὲ
3362 3429 3449 3482 καὶ
3487 3421 3705 3497 ἱερουργίας

550 3533 659 3588 que
687 3518 800 3572 ullo
842 3517 969 3582 alio,
1001 3519 1202 3589 quibus
1241 3533 1414 3590 genus
1457 3518 1756 3572 humanum
1796 3517 1991 3573 conﬁci
2025 3532 2089 3571 na

2223 3517 2432 3570 ἐκείνου
2460 3515 2556 3588 τὴν
2603 3517 2700 3588 σὴν
2732 3516 2908 3588 ψυχὴν
2947 3517 3410 3589 προσδεξαμένου.
3441 3517 3551 3585 Ἔσῃ
3570 3511 3612 3566 δέ
3643 3526 3707 3580 μοι

551 3618 666 3665 tum
697 3620 800 3676 est,
830 3608 924 3666 sed
949 3609 1205 3681 precibus
1231 3619 1285 3665 et
1322 3607 1594 3664 sacriﬁcio
1624 3607 1865 3662 animum
1901 3608 2090 3678 excipit

2224 3607 2304 3670 εἰς
2329 3607 2598 3678 κηδεμόνα
2621 3607 2715 3660 καὶ
2737 3624 2805 3676 γη
2814 3606 3046 3678 ροκόμον
3067 3605 3162 3659 τὸν
3190 3607 3322 3661 Θεόν
3347 3624 3432 3677 μοι
3455 3604 3553 3658 ἀντὶ
3571 3595 3708 3654 σαυτοῦ

552 3701 691 3758 Tum
730 3702 896 3757 Deum
930 3701 1060 3756 mihi
1099 3711 1353 3768 tutorem,
1387 3710 1728 3770 senectarque
1771 3715 1901 3754 mea:
1937 3701 2091 3756 mode

1172 3717 1353 3768 .orem,
1387 3710 1728 3770 senectarque
1771 3715 1901 3754 mea:
1937 3701 2124 3756 mode-
2224 3700 2654 3772 παρασχόμενος,
2695 3718 2711 3749 ι

552 3803 812 3860 ratorem,
842 3793 961 3849 vice
993 3801 1084 3848 tua
1116 3793 1422 3864 przestabis.
1465 3812 1483 3843 ι

622 3887 834 3956 Quibus
859 3887 1082 3956 auditis,
1115 3860 1186 3942 ita
1217 3886 1413 3944 eﬁ'atns
1453 3894 1537 3942 est
1564 3885 1714 3943 Isaac
1749 3905 1760 3940 :
1792 3905 1809 3937 ι
1834 3884 1977 3942 Sane
2010 3886 2124 3957 qui-

2293 3876 2510 3928 Τούτων
2538 3873 2776 3936 ἀκούσας
2809 3874 2838 3926 ὁ
2881 3870 3066 3924 Ἰσαὰκ
3089 3870 3198 3943 ἔφη
3241 3872 3373 3943 πρὸς
3395 3870 3560 3924 αὐτόν’
3589 3860 3710 3918 «οίκὲ¹

551 3983 674 4039 dem
710 3998 885 4054 neque
913 3983 1066 4039 initio
1093 3984 1292 4054 dignus
1312 3981 1621 4052 iudicarer,
1645 3981 1739 4050 qui
1763 3995 2040 4044 nascerer,
2076 3997 2090 4037 ι

2221 3969 2320 4041 τὴν
2358 3968 2534 4040 ἀρχὴν
2582 3966 2863 4036 γεγονέναι
2894 3966 3104 4028 δίκαιος
3140 3967 3263 4037 εἴην
3302 3965 3385 4029 ἂν,
3428 3966 3470 4017 εἰ
3506 3959 3613 4016 Θεοῦ
3649 3956 3711 4009 καὶ

554 4076 649 4134 Dei
681 4077 958 4148 patrisque
979 4075 1247 4146 judicium
1272 4075 1615 4146 "probaturus
1648 4087 1758 4127 non
1781 4088 1981 4140 essem,
2008 4089 2093 4130 me

2224 4061 2429 4130 πατρὸς
2476 4058 2723 4130 μέλλοιμι
2767 4059 2950 4130 κρίσιν
2993 4059 3354 4122 ἀπωθεῖσθαι,
3385 4057 3472 4111 καὶ
3497 4055 3558 4125 μὴ
3592 4048 3710 4120 παρέ-

557 4145 1108 4239 ηιιο-ρτοηιριὶεεῑηιο
1152 4145 1440 4238 utriusque
1487 4166 1755 4222 voluntati
1799 4165 2092 4221 commissu

2223 4172 2337 4226 χειν
2385 4154 2617 4226 ἐμαυτὸν
2662 4156 2771 4217 τοῖς
2811 4153 3137 4226 ἀμφοτέρων
3169 4153 3489 4223 βουλήμασιν
3524 4145 3709 4244 Esaiam?

553 4270 670 4309 rus.
719 4255 825 4309 Sed
855 4255 900 4310 si
932 4254 1015 4310 vel
1046 4263 1200 4325 pater
1255 4255 1406 4313 solus
1448 4255 1550 4311 hoc
1580 4263 1866 4321 tentasset,
1897 4256 2092 4326 impium

2238 4245 2377 4299 Ἀλλ’
2415 4247 2462 4299 εί
2509 4246 2606 4300 καὶ
2650 4244 2808 4315 μόνος
2847 4243 3021 4298 ταῦτα
3065 4247 3094 4297 ὁ
3139 4245 3323 4318 πατὴρ
3363 4241 3627 4315 προῃρεῖτον
3663 4241 3711 4302 μη

551 4354 696 4402 esset
727 4362 834 4401 non
864 4345 1102 4402 obedire.
1147 4366 1164 4398 ι
1859 4375 1870 4387 -

1859 4375 1870 4387 ο
2225 4336 2519 4392 ὑπακούειν
2551 4335 2733 4391 ἄδικον
2759 4331 2846 4407 ἦν.
2894 4355 2911 4386 ι

625 4437 759 4492 Dum
812 4439 914 4494 hoc
945 4439 1206 4508 loquitur,
1237 4439 1302 4494 ad
1348 4453 1500 4494 aram
1550 4438 1862 4509 caedemque
1894 4447 2118 4510 paratus
2151 4441 2164 4497 1

2172 4443 2194 4496 )
2297 4430 2403 4482 Καὶ
2444 4427 2618 4482 ταῦτα
2659 4427 2832 4496 λέγων
2872 4427 3129 4500 ὥρμησεν
3183 4431 3277 4482 ἐπὶ
3322 4427 3406 4480 τὸν
3452 4423 3618 4496 βωμὸν,
3649 4415 3711 4510 tu"-

552 4545 875 4602 progressus
889 4542 992 4587 est.
1003 4530 1105 4586 Sed
1125 4532 1574 4601 Deus,utriusque
1585 4540 1837 4602 prompto
1849 4509 2088 4602 alacriqu

2226 4523 2323 4596 τὴν
2357 4523 2591 4592 σφαγήν·
2652 4521 2710 4574 ’θ
2741 4521 2799 4574 δὲ
2840 4521 2992 4584 Θεὸς.
3040 4522 3139 4592 τὴν
3180 4521 3434 4591 ἑκατέρου
3477 4509 3713 4602 προθυμίαν

555 4600 737 4678 animo
761 4632 1064 4694 perspecto,
1098 4625 1234 4696 patri
1265 4625 1430 4679 ﬁlium
1455 4600 1676 4678 donavit
1704 4600 1772 4687 ⁷ίῆ,
1800 4623 1971 4678 ariete
1999 4600 2094 4677 loci

2226 4616 2641 4686 ἀποδεξάμενος,
2672 4615 2960 4686 ἐχαρίσατο
2989 4614 3066 4685 τῷ
3095 4615 3267 4686 πατρὶ
3297 4614 3385 4667 τὸν
3415 4609 3574 4671 παῖδα,
3605 4600 3711 4668 κριὸν

555 4715 808 4771 sacriﬁcii
846 4715 940 4770 ﬁlii
967 4725 1414 4777 commonstrato.
1433 4731 1594 4786 quem
1629 4715 1810 4770 statim
1843 4729 1942 4784 pro
1973 4715 2094 4769 Isaa‘

2226 4712 2345 4766 ἀντὶ
2376 4710 2475 4779 τῆς
2505 4707 2598 4761 τοῦ
2642 4708 2830 4771 παιδὸς
2869 4707 3047 4772 δείξας
3079 4707 3512 4768 ὁλοκαυτώσεωςο
3549 4699 3622 4752 καὶ
3643 4709 3709 4745 πα-

554 4806 662 4862 ﬁlio
687 4823 787 4862 suo
813 4808 1026 4864 obtulit.

2231 4805 2483 4874 ραχρῆμα
2532 4801 2717 4854 τοῦτον
2763 4803 3028 4872 ἀνήνεγκε
3069 4801 3190 4853 ἀντὶ
3245 4798 3424 4852 Ἰσαὰκ
3457 4793 3537 4848 τοῦ
3574 4793 3707 4841 παιδὸς

2227 4894 2410 4948 αὐτοῦ.

619 4982 803 5040 Primo
828 4984 1073 5040 omnium
1115 4984 1344 5039 Abrahae
1397 4983 1492 5038 Dei
1529 4982 1786 5047 Verbum,
1835 4983 1886 5037 in
1949 4980 2118 5052 ﬁgura

2298 4984 2504 5056 Πρώτῳ
2536 4984 2590 5037 δὲ
2632 4982 2709 5053 τῷ
2750 4982 2994 5054 Ἀϐραάμ
3023 4986 3052 5037 ὁ
3083 4981 3174 5036 τοῦ
3209 4979 3342 5034 Θεοῦ
3387 4978 3539 5045 Λόγος
3566 4976 3704 5034 έπεῖίν

551 5077 788 5133 humana
832 5093 1099 5148 apparens
1120 5078 1188 5142 ⁷⁸,
1222 5078 1464 5147 gentium
1495 5077 1836 5131 vocationem
1867 5076 2090 5130 vaticina

2224 5078 2334 5141 νεὶς
2365 5079 2421 5130 ἐν
2465 5079 2702 5148 σχήματι
2752 5076 3036 5148 ἀνθρώπου
3089 5075 3187 5147 τὴν
3238 5075 3345 5128 τῶν
3376 5070 3528 5125 ἐθνῶν
3571 5061 3703 5148 κλῆσῑγ

554 5179 668 5226 tum
693 5179 796 5231 est,
827 5145 989 5241 quam
1029 5145 1244 5226 nostris
1262 5169 1597 5239 temporibus
1629 5168 1684 5222 in
1722 5167 1984 5223 mundum
2021 5166 2093 5220 ad

2223 5145 2529 5233 ἐθέσπισεν,
2555 5145 2631 5240 την
2659 5169 2778 5222 καθ’
2811 5145 2958 5240 ἡμᾶς
2989 5145 3330 5240 ἐπιδημήσας
3359 5163 3431 5235 τῷ
3456 5161 3624 5228 κόσμῳ.
3640 5145 3700 5202 ἐπὶ

554 5265 802 5322 veniens.
833 5278 995 5333 opere
1027 5262 1339 5334 complevit,
1361 5277 1459 5332 per
1488 5261 1855 5334 evangelicam
1885 5259 2032 5315 illius
2062 5258 2093 5313 il

2224 5263 2394 5334 πέρας
2421 5261 2626 5332 ἤγαγεν
2661 5261 2749 5314 διὰ
2783 5262 2880 5332 τῆς
2915 5263 2995 5324 εἰς
3029 5261 3203 5315 πάντα
3243 5260 3310 5313 τὰ
3347 5258 3462 5326 ἔθνη
3497 5243 3697 5316 εὐαγγελι-

555 5369 742 5411 omnes
762 5364 948 5427 gentes
974 5356 1299 5412 doctrinam.

2227 5353 2328 5424 κῆς
2355 5352 2695 5415 διδασκαλίας
2723 5352 2904 5406 αὐτοῦ.

629 5446 778 5502 lsaac
809 5448 1225 5519 quadragesimo
1247 5447 1422 5503 aetatis
1450 5447 1654 5502 anno"
1680 5445 1980 5502 Rebeccam
2018 5447 2119 5502 sibi

2301 5448 2481 5515 ’Λγων
2504 5446 2558 5498 δὲ
2584 5444 3014 5518 τεσσαρακοστὸν
3039 5443 3152 5507 ἔτος
3175 5444 3273 5514 τῆς
3303 5436 3540 5513 ἡλικίαςὸ
3572 5425 3698 5484 Ἰσαάκ

639 5638 684 5668 ⁸⁸
711 5637 1007 5715 (gemam,
1034 5643 1119 5697 l7.
1187 5641 1392 5715 7"_Gen.
1421 5644 1608 5715 τιμε.
1654 5645 1703 5702 4.
1783 5646 1825 5677 ⁸⁸
1860 5645 1983 5700 Gen.
2020 5660 2152 5715 χιιι,
2184 5645 2271 5702 25.
2346 5649 2387 5679 "9
2413 5645 2536 5701 Cen.
2569 5663 2678 5714 va,
2718 5647 2796 5705 l0.
2886 5648 2926 5679 7°
2955 5645 3080 5702 Gen.
3122 5663 3256 5712 xx”,
3319 5648 3363 5700 1.
3434 5645 3472 5673 τ’
3531 5628 3644 5691 lm-

578 5710 662 5770 ιδ.
738 5710 1081 5767 "Ibid.16.
1157 5714 1200 5744 η
1236 5711 1634 5783 ccn.m,20.
