3962 6202
305 216 414 273 765

1219 211 1492 270 SPURIA.
1530 244 1597 255 —
1631 210 1991 274 COMMENT.
2031 210 2098 268 IN
2136 209 2610 269 HEXAEMERON

3429 209 3534 269 766

294 330 403 403 τὴν
442 329 739 384 Ῥεϐέκκαν
785 331 923 404 πρὸς
966 331 1142 402 γάμον
1181 333 1394 403 ἄγεται,
1429 332 1488 401 ἐξ
1513 328 1582 407 ἦς
1625 332 1719 387 δύο
1750 335 1851 387 παῖ

1975 332 2323 389 matrimonio
2337 331 2703 402 conjunxit",
2719 347 2785 387 ex
2807 346 2915 404 qua
2936 329 3076 388 duos
3101 330 3340 403 suscepit
3367 330 3530 398 rilios,

298 422 404 487 δας
434 421 737 492 ἐγέννησεν,
784 422 956 477 Ἦσαῦ
990 424 1088 477 καὶ⁵
1127 423 1340 481 Ἰακώϐ.

380 515 484 569 Καὶ
503 516 532 568 ὁ
566 513 836 586 Ἀϐραὰμ,
856 515 1251 589 τελευτησάσης
1264 517 1499 591 Σάρρας,
1514 518 1614 589 τὴν
1635 518 1869 573 Χεττοῦ-

306 622 412 677 ραν
437 608 622 676 γαμεῖ,
664 606 759 659 καὶ⁵
789 608 931 659 ποιεῖ
957 605 1015 674 ἐξ
1037 607 1229 673 παῖδας
1269 607 1329 674 ἐξ
1360 608 1550 679 αὐτῆς,
1576 609 1830 683 Ζεμϐρὰν
1849 651 1866 677 ,

317 698 515 763 Ἶαζὰν,
544 696 768 769 Μαδὴν,
832 698 1141 773 Μαδιανὴν,
1200 700 1609 767 Λουσουϐάκον,
1634 702 1816 757 Σοῦον.

370 789 601 843 Φύονται
622 788 680 843 δὲ
706 789 802 843 καὶ
823 791 890 845 ὲκ
909 790 1116 847 τούτων
1146 793 1351 859 παῖδες,
1376 792 1543 847 Σούου
1572 794 1671 865 μὲν
1696 794 1868 849 Σαϐα-

294 880 494 953 κάνης,
523 882 617 936 καὶ
657 881 923 954 Δαδάνης,
950 887 1015 939 ὲκ
1058 885 1117 938 δὲ
1152 885 1342 940 τούτου
1382 884 1738 958 Λατούσιμος,
1772 887 1868 940 καὶ

299 974 589 1046 ’Δσουρος,
617 975 710 1028 καὶ
734 975 988 1041 Λούοϐος·
1020 978 1283 1049 Μαδάμου
1311 977 1370 1031 δὲ
1408 978 1543 1033 Ἦθὰ
1563 1018 1580 1044 ,
1610 979 1863 1052 Θωφρῆςν

298 1068 591 1138 ⁸’Δμωχος,
663 1066 912 1133 Ἐϐιδος,
977 1070 1184 1135 Ἔλδος.
1240 1071 1352 1125 Καὶ
1404 1072 1615 1137 τούτοις
1665 1072 1867 1128 ἅπασιν

306 1158 563 1231 Ἁϐραάμ
585 1158 694 1213 ἀπὸ
715 1159 921 1225 κοιλίας
941 1161 1253 1234 ἐπενόησεν,
1278 1163 1473 1228 οἵτινες
1494 1163 1592 1236 τὴν
1614 1164 1866 1237 Τρογλω-

289 1250 487 1320 δύτην,
516 1251 609 1305 καὶ
655 1250 722 1305 τὰ
754 1251 895 1324 μέρη
933 1252 1032 1325 τῆς
1070 1251 1395 1325 Εὐδαίμονος
1454 1256 1733 1329 Ἀραϐίας,
1775 1259 1868 1313 καὶ

288 1342 423 1396 ὅσον
454 1342 548 1398 ἐπὶ
588 1341 688 1414 τὴν
732 1343 998 1416 Ἐρυθρὰν
1042 1345 1271 1418 καθήκει
1313 1346 1606 1415 Θάλασσαν,
1637 1350 1866 1404 κατέλα-

289 1434 414 1488 ϐον.
447 1435 557 1488 Καὶ
580 1435 688 1489 ἀπὸ
718 1436 815 1506 μὲν
855 1436 1050 1509 Ἀσοὺρ
1088 1438 1348 1511 Ἀσσυρία
1370 1441 1571 1514 ἐκλήθη
1592 1459 1606 1472 ο
1638 1441 1868 1514 Σωφρὴν

285 1524 373 1587 δὲ,
405 1527 497 1580 ἐπὶ
526 1526 731 1598 Λιϐύην
764 1529 1118 1601 στρατεύσας.
1149 1532 1411 1604 κατέσχεν
1454 1533 1644 1606 αὐτὴν,
1679 1534 1773 1589 καὶ
1814 1535 1865 1589 οἱ
1942 1592 1945 1597 λ

285 1617 552 1686 ἀπόγονοι
600 1618 788 1683 αὐτοῦ,
840 1621 1119 1676 τουτέστιν
1166 1624 1216 1677 οἱ
1264 1624 1447 1679 υἱωνοὶ
1489 1625 1866 1690 κατοικοῦντες

285 1708 487 1781 αὐτὴν,
513 1709 621 1763 ἀπὸ
646 1709 740 1764 τοῦ
776 1710 1038 1783 ὀνόματος
1063 1713 1229 1768 αὐτοῦ
1257 1715 1354 1787 τὴν
1381 1714 1561 1789 χώραν
1599 1717 1862 1790 ’Λφρικὴν

286 1802 764 1875 προσηγόρευσαν,
808 1804 1004 1870 οἵτινες
1040 1806 1301 1878 Ἠρακλεῖ
1340 1810 1723 1881 συνεμάχησαν
1769 1812 1863 1865 ἐπὶ

298 1896 547 1950 Ἀνταῖον
575 1894 669 1950 τὸν
698 1898 903 1969 γηγενῆ
950 1899 1357 1971 στρατεύσαντι.
1400 1901 1506 1956 Τοῦ
1537 1903 1594 1957 δὲ
1631 1902 1860 1976 Ούαφρῖι

281 1986 566 2058 θυγατέρα
615 1988 808 2058 ἄγεται
845 1990 1145 2062 Ἡρακλῆς,
1188 1992 1251 2058 ἐξ
1295 1987 1365 2065 ἦς
1411 1994 1652 2068 Βόδωρον
1697 1997 1861 2052 παῖδα

280 2081 533 2153 ἐποίησε,
565 2082 712 2146 ὅστις
762 2081 1052 2156 ἐγέννησεν
1099 2085 1214 2139 υἱὸν
1261 2087 1506 2157 Σωφονά,
1538 2087 1599 2155 ἐξ
1629 2080 1691 2143 οὗ
1735 2090 1860 2155 τοὺς

282 2173 595 2247 βαρϐάρως
616 2175 872 2245 Σωφονάς
892 2175 1158 2245 λέγουσιν.

371 2265 433 2318 '0
478 2264 536 2319 δὲ
578 2265 858 2339 Ἀϐραὰμ,
900 2265 1099 2338 βιώσας
1143 2267 1238 2342 ἐτη
1291 2276 1416 2342 ρκ’,
1450 2270 1736 2327 ἀπέθανεν.
1756 2274 1858 2328 Ἰα-

279 2354 427 2421 κὼϐ,
461 2357 829 2429 παραρπάσας
871 2357 968 2430 τὴν
999 2359 1248 2430 εὐλογίαν
1286 2360 1381 2415 τοῦ
1421 2361 1611 2429 Ἠσαῦ,
1640 2365 1720 2428 είς
1757 2365 1857 2438 τὴν

278 2447 707 2519 Μεσοποταμίαν
738 2451 1064 2521 παρεγένετο
1099 2452 1235 2523 πρὸς
1263 2453 1448 2509 Λάϐαν
1489 2455 1712 2527 ἀδελφὸν
1756 2457 1856 2529 τῆς

284 2539 495 2611 μητρὸς
538 2539 725 2603 αὑτοῦ,
771 2541 866 2595 καὶ
904 2542 1194 2608 δουλεύσας
1225 2544 1374 2617 αὐτῷ
1403 2545 1499 2619 ἐτη
1531 2546 1592 2601 ιδ’
1624 2549 1723 2613 τὰς
1762 2548 1856 2604 δύο

279 2632 591 2705 θυγατέρας
620 2633 784 2690 αὐτοῦ
816 2638 1028 2705 ἄγεται,
1062 2636 1161 2708 τὴν
1192 2637 1356 2693 Λείαν
1386 2640 1481 2693 καὶ
1504 2638 1601 2712 τὴν
1631 2639 1854 2712 Ῥαχὴλ,

276 2719 350 2794 ἧς
388 2723 587 2794 μᾶλλον
616 2725 697 2789 εἰς
720 2725 1014 2797 ἐπιθυμίαν
1039 2721 1219 2797 ἦλθεν.
1238 2727 1578 2801 Ἐπεθύμησε
1605 2730 1661 2784 δὲ
1683 2731 1853 2804 αὐτὴν

277 2814 343 2866 οὐ
374 2812 457 2884 τῷ
488 2814 671 2868 κάλλει
704 2814 1035 2888 ἡττώμενος,
1074 2818 1283 2892 (ἐπειδὴ
1310 2819 1492 2886 καθὼς
1521 2822 1848 2895 γέγραπται,

289 2905 495 2978 Ῥαχὴλ
541 2902 611 2979 ἦν
661 2906 905 2980 καλὴτῷ
941 2908 1091 2975 εἴδει,
1125 2910 1220 2964 καὶ
1264 2913 1442 2985 ὡραία
1474 2917 1540 2986 τῇ
1572 2914 1692 2986 ὄψει
1725 2916 1852 2986 σφό-
1928 2984 1931 2989 _

275 2997 384 3070 δρα
403 2998 444 3069 ’)
476 2999 591 3053 ἀλλ’
613 3001 716 3064 ὅτι,
748 3000 968 3073 πρώτην
997 3002 1165 3075 αὐτὴν
1211 3004 1353 3072 ίδὼν,
1386 3005 1462 3071 ὡς
1491 3006 1558 3062 ἂν
1597 3010 1663 3063 ὲκ
1702 3009 1850 3077 θείας
1877 3023 1919 3081 ο

271 3092 595 3163 οεκονομίας
620 3095 1052 3166 συναντήσασαν,
1086 3097 1368 3165 ἠσπάσατό
1396 3117 1474 3164 τε,
1511 3103 1603 3155 καὶ
1632 3103 1852 3177 ὴγάπη-

270 3200 395 3249 σεν,
424 3183 581 3249 είδὼς
623 3186 705 3239 ὅτι
748 3186 808 3240 τὸ
841 3186 1027 3258 θαῦμα
1054 3186 1227 3255 τοῦτο,
1267 3191 1359 3245 καὶ
1388 3192 1482 3245 ἐπὶ
1508 3194 1607 3265 τῆς
1648 3195 1851 3268 μητρὸς

268 3273 444 3328 αὐτοῦ
478 3275 768 3342 Ῥεϐέκκας
792 3278 1103 3350 γεγένηται,
1132 3282 1243 3344 ὅτε,
1270 3282 1363 3337 τοῦ
1390 3284 1577 3351 παιδὸς
1604 3287 1850 3361 Ἀϐραὰμ

268 3363 596 3436 εὐξαμένου,
632 3368 963 3441 συνήντησεν
993 3372 1143 3445 αύτῷ
1187 3373 1255 3429 τὰ
1293 3378 1413 3429 κατ’
1443 3377 1628 3450 εὐχὰς,
1662 3380 1757 3435 καί⁵
1780 3380 1850 3436 τά

271 3456 634 3527 προηργμένα
656 3458 803 3530 αὐτῷ
828 3460 894 3514 δι’
917 3461 1093 3534 ἔργων
1114 3464 1425 3539 ἐπληρώθη.

349 3546 632 3603 Τίκτονται
662 3549 718 3603 δὲ
760 3552 945 3617 παῖδες
975 3556 1039 3608 ὲκ
1069 3555 1171 3626 τῆς
1202 3557 1365 3622 Λείας
1387 3558 1447 3626 ἒξ
1476 3560 1624 3633 αύτῷ
1650 3579 1663 3593 ’
1699 3564 1847 3617 Ῥου-

273 3642 405 3713 ϐὴν,
439 3642 684 3714 Συμεὼν,
723 3645 875 3708 Λευὶ,
893 3646 1107 3713 Ἰούδας,
1125 3649 1398 3724 ’Ῑσσάχαρ,
1434 3654 1746 3710 Ζαϐουλὼν
1781 3658 1847 3713 ἐκ

265 3731 373 3802 τῆς
414 3731 612 3803 Ῥαχὴλ
646 3732 703 3785 δὲ
748 3733 941 3805 Ἰωσὴφ
974 3736 1067 3789 καὶ
1098 3737 1383 3810 Βενιαμίνο
1410 3743 1472 3795 ὲκ
1522 3742 1579 3797 δὲ
1599 3744 1701 3815 τῆς
1718 3762 1845 3800 παι-

266 3819 465 3891 δίσκης
507 3819 706 3893 Ῥαχὴλ
736 3822 835 3892 τῆς
867 3823 1096 3896 Βάλλης,
1129 3825 1237 3879 Δάν
1279 3828 1370 3882 καὶ
1399 3828 1743 3898 Νεφθαλείμο
1779 3834 1844 3887 ἐκ

265 3911 327 3964 δὲ
341 3912 443 3983 τῆς
459 3912 747 3986 παιδίσκης
762 3914 924 3980 Λείας
939 3915 1160 3987 ὀνόματι
1174 3918 1401 3990 Σελφὰς,
1418 3921 1523 3979 Γὰδ
1539 3923 1633 3978 καὶ
1653 3925 1838 3997 Ἀσήρ.

267 4003 345 4056 Τὸ
367 4003 425 4056 δὲ
448 4003 634 4078 Σύρων
658 4004 812 4073 γένος
839 4008 904 4060 ὲκ
932 4006 1030 4061 τοῦ
1074 4009 1242 4063 Ἠσαῦ
1278 4012 1622 4085 συνέστηκεν,
1660 4016 1710 4070 οῖ
1747 4018 1841 4071 καὶ

281 4093 566 4165 Ἰδουμαῖοι
598 4095 906 4162 ἐκαλοῦντο,
935 4098 1029 4152 τοῦ
1064 4100 1192 4174 πρὶν
1224 4103 1517 4176 Ἰδουμαίου
1551 4107 1643 4161 τοῦ
1670 4108 1839 4163 ’11σαῦ

266 4187 673 4259 ἐπικληθέντος,
703 4189 791 4243 διὰ
821 4190 882 4243 τὸ
921 4190 1120 4262 ξανθῆς
1157 4194 1491 4269 ἐπιθυμῆσαι
1531 4200 1693 4255 αὐτὸν
1739 4219 1841 4271 φα-

265 4276 394 4346 κῆς
413 4277 627 4349 Ἰδουμά
645 4278 754 4350 γὰρ
773 4280 821 4333 οἱ
858 4279 1097 4352 Ἑϐραῖοι
1116 4282 1176 4336 τὸ
1199 4283 1390 4351 ξανθὸν
1410 4286 1840 4355 λέγουσιέΎστε-

1968 425 2109 481 Esau
2140 432 2194 481 et
2214 423 2462 480 Jacob".

2039 516 2107 572 Et
2136 518 2430 581 Abraham,
2452 523 2666 572 mortua
2683 513 2869 580 Sarra,
2888 515 3203 572 Chetturam
3220 513 3375 569 duxit
3396 530 3534 570 uxo-

1966 608 2166 673 rem",
2191 616 2245 664 et
2269 624 2333 663 ex
2364 623 2428 663 ea
2456 622 2549 663 sex
2572 605 2760 662 habuit
2806 605 3005 662 liberos
3038 625 3053 661 :
3089 598 3377 674 Zembran,
3462 616 3531 657 a-

1967 714 2092 763 zan,
2134 698 2345 765 Maden,
2378 698 2660 753 liiadianen
2685 738 2699 761 ,
2728 697 3092 763 Lusuhacum,
3119 696 3311 753 Suum.

2037 789 2103 843 Et
2129 806 2194 844 ex
2226 791 2310 845 his
2326 790 2442 857 ﬁlii,
2479 788 2592 845 Suo
2622 789 2951 853 Sabacanes,
2974 797 3028 845 et
3057 789 3303 846 Dadanes
3333 808 3348 858 ;
3378 797 3431 844 et
3461 805 3529 845 ex

1967 881 2073 938 hoc
2130 882 2445 939 Latusimus
2490 892 2545 938 et
2591 883 2824 950 Asurus,
2859 891 2912 938 et
2963 881 3205 938 Luobus.
3258 881 3526 948 Madamo,

1967 973 2161 1038 Hetha,
2192 973 2457 1046 Taphres,
2507 975 2805 1040 Amoehus,
2837 974 3063 1039 Ebidus,
3094 973 3283 1038 Eldus,
3328 973 3529 1043 quibus

1967 1065 2244 1130 omnibus,
2274 1065 2572 1129 Abraham,
2613 1074 2904 1136 antequam
2946 1073 3322 1131 nascerentur,
3354 1067 3531 1136 provi-

1965 1155 2065 1220 dit,
2097 1156 2298 1226 quique
2325 1153 2730 1226 Troglodytem,
2761 1164 3051 1225 partesque
3070 1153 3266 1212 Felicis
3291 1156 3527 1221 Arabia,

1965 1261 2232 1318 omneque
2260 1247 2403 1319 quod
2438 1262 2613 1318 usque
2649 1247 2717 1301 ad
2758 1262 2909 1303 mare
2961 1245 3208 1301 Rubrum
3257 1247 3530 1319 protendi-

1966 1348 2073 1402 tur,
2107 1346 2416 1403 tenuerunt,
2450 1346 2505 1395 et
2530 1354 2595 1394 ex
2636 1338 2781 1393 Asur
2811 1338 3046 1411 Assyriae
3075 1354 3270 1395 nomen
3300 1347 3405 1396 est.
3435 1340 3530 1395 So-

1964 1428 2136 1499 phren
2168 1428 2223 1483 in
2265 1428 2514 1501 Libyam,
2546 1429 2720 1499 copiis
2745 1428 2945 1495 ductis,
2980 1444 3098 1485 eam
3145 1430 3450 1502 occupavit,
3473 1438 3528 1486 et

1965 1519 2166 1587 posteri
2198 1517 2346 1574 illius
2378 1527 2605 1589 nepotes
2644 1519 2856 1575 scilicet
2899 1519 3046 1576 illius
3075 1520 3427 1587 habitatores,
3459 1539 3527 1579 ex

1964 1608 2084 1681 ejus
2103 1610 2325 1666 nomine
2346 1611 2686 1678 provinciam
2729 1612 2971 1669 Africam
2996 1630 3279 1672 vocavere.
3305 1615 3370 1671 Hi
3392 1616 3526 1673 Her-

1963 1700 2074 1754 culi
2104 1702 2377 1775 terrigena
2418 1703 2608 1759 Antaeo
2645 1704 2848 1761 bellum
2886 1706 3138 1763 inferenti
3169 1709 3374 1765 auxilio
3399 1726 3528 1766 sue-

1961 1807 2202 1850 currere.
2262 1792 2497 1867 Vaphra:
2544 1796 2710 1853 ﬁliam
2761 1798 2866 1854 sibi
2913 1799 3260 1855 matrimonio
3307 1803 3526 1873 copulat

1960 1883 2324 1950 Hercules,ex
2342 1901 2448 1957 qua
2472 1886 2748 1944 Bodorum
2770 1888 2937 1945 ﬁlium
2969 1892 3227 1960 suscepit,
3245 1892 3337 1962 qui
3354 1892 3523 1950 ﬁlium

1957 1979 2144 2051 genuit
2178 1975 2490 2049 Sophonam
2509 2018 2526 2047 ,
2553 1995 2617 2037 ex
2667 1995 2776 2053 quo
2820 1980 3083 2039 barbaros
3114 1981 3399 2055 Sophonas
3424 2002 3523 2042 vo-

1959 2078 2103 2125 cant.

2023 2250 2318 2316 Abraham,
2342 2264 2516 2307 cuxv
2547 2251 2707 2309 annis
2734 2252 2989 2324 peractis,
3017 2255 3181 2314 evita
3200 2254 3519 2313 decessit".

1951 2341 2289 2407 Jacolz,Esau
2320 2342 2699 2402 benedictione
2728 2355 2995 2417 praerepta
3023 2347 3091 2413 ⁷⁸,
3119 2346 3176 2403 in
3216 2347 3522 2420 Mesopota-

1953 2435 2117 2491 miam
2136 2436 2389 2509 migravit
2411 2438 2478 2493 ad
2507 2437 2693 2503 Lahan
2730 2441 2923 2497 matris
2951 2456 3064 2497 sua:
3088 2442 3311 2501 fratrem
3337 2447 3405 2511 ",
3433 2448 3524 2502 cui

1952 2543 2076 2583 cum
2113 2528 2525 2599 quatuordecim
2555 2530 2714 2587 annis
2752 2531 3149 2601 ministrasset,
3195 2536 3330 2594 duas
3375 2537 3523 2595 illius

1952 2622 2092 2679 ﬁlias
2155 2622 2331 2690 duxit,
2388 2624 2542 2681 Liam
2587 2636 2642 2683 et
2674 2626 2878 2683 Rachel
2908 2628 2976 2696 ³⁸,
3022 2643 3185 2699 quam
3233 2636 3288 2684 et
3325 2628 3523 2686 arden-

1951 2717 2076 2773 tiori
2125 2732 2311 2774 amore
2337 2727 2661 2791 prosecutus
2691 2728 2797 2777 est.
2845 2718 2996 2775 Illius
3028 2728 3209 2776 autem
3247 2721 3522 2778 desiderio

1956 2811 2183 2876 exarsit,
2211 2826 2319 2866 non
2343 2811 2734 2882 pulchritudini
2769 2812 3155 2878 succumbens,
3182 2812 3286 2868 etsi
3301 2812 3522 2872 Litteris

1950 2902 2223 2973 proditum
2252 2904 2325 2961 sit
2346 2902 2636 2962 Rachclem
2661 2904 2944 2976 pulchram
2972 2905 3154 2977 specie
3179 2912 3234 2961 et
3264 2904 3520 2962 decoram

1952 2993 2092 3049 facie
2134 2993 2324 3063 fuisse,
2367 2996 2461 3052 sed
2490 2997 2637 3068 quod
2669 2998 2833 3053 simul
2867 3004 3029 3068 atque
3061 2999 3208 3053 illam
3243 2998 3517 3070 inspexit,

1952 3084 2115 3140 veluti
2143 3084 2324 3140 divina
2351 3086 2711 3157 dispositione
2763 3087 2867 3143 sibi
2901 3086 3115 3142 obviam
3162 3088 3518 3159 prodeuntem

1949 3177 2181 3249 benigne
2210 3178 2529 3234 salutaverit
2567 3178 2613 3211 ⁸⁸
2667 3178 3074 3252 impensiusque
3102 3179 3388 3245 dilexerit;
3416 3180 3518 3237 mi-

1949 3286 2071 3326 rum
2088 3269 2210 3332 hoc,
2233 3277 2289 3325 et
2310 3268 2574 3325 Rebecca:
2594 3270 2754 3325 matri
2785 3287 2887 3327 usu
2912 3272 3129 3328 venisse
3152 3272 3514 3344 comperiens,

1947 3377 2072 3418 cum
2112 3376 2302 3417 servus
2329 3360 2595 3427 Abrahie,
2643 3363 2898 3433 precibus
2939 3363 3127 3421 effusis
3158 3365 3204 3396 ⁸¹
3228 3405 3243 3431 ,
3280 3366 3335 3421 in
3372 3365 3516 3423 votis

1947 3454 2025 3510 illi
2053 3454 2291 3510 occurrit
2321 3452 2485 3520 Deus,
2510 3456 2899 3528 pr0positaque
2936 3472 3100 3527 opere
3130 3458 3439 3529 complevit.

2014 3544 2328 3603 Nascuntur
2358 3564 2522 3621 porro
2559 3548 2730 3605 Jacoh
2772 3567 2838 3607 ex
2858 3549 2955 3605 Lia
2988 3551 3081 3606 ﬁlii
3115 3567 3246 3608 sex:
3284 3551 3511 3619 Ruben,
3631 3583 3637 3591 -

1948 3634 2189 3702 Simeon,
2218 3636 2385 3706 Levi,
2444 3636 2636 3704 Judas,
2672 3637 2946 3702 lssachar,
2979 3638 3257 3707 Zabulon;
3293 3655 3359 3695 ex
3406 3637 3515 3694 Ra-

1943 3728 2126 3794 chcle,
2164 3728 2364 3802 Ioseph
2415 3740 2471 3787 et
2516 3730 2839 3803 Benjamin;
2891 3747 2957 3790 ex
3007 3731 3208 3806 famula
3256 3729 3515 3789 Rachelis

1943 3819 2112 3887 Ralla,
2134 3819 2248 3877 Dan
2278 3829 2334 3879 et
2382 3820 2762 3893 Nephthalim;
2790 3839 2857 3878 ex
2887 3821 3090 3878 famula
3121 3821 3248 3886 Lim.
3276 3822 3511 3895 Zelpha,

1942 3912 2056 3970 Gad
2083 3925 2137 3971 et
2160 3915 2326 3971 Asser
2362 3914 2431 3972 ⁸³.
2459 3913 2719 3987 Syrorum
2743 3916 2982 3972 nationis
3000 3914 3143 3987 Esau
3169 3914 3270 3971 fuit
3298 3925 3511 3984 auctor,

1940 4007 2117 4080 quiet
2162 4006 2382 4064 Idumaei
2422 4007 2748 4063 dicebantur
2789 4024 2912 4064 cum
2964 4008 3200 4080 primum
3232 4007 3376 4064 Esau
3409 4024 3510 4065 no-

1939 4115 2065 4156 men
2111 4098 2377 4156 ldumaeus
2412 4098 2627 4165 fuisset,
2657 4109 2943 4172 prapterea
2976 4100 3124 4173 quod
3172 4100 3363 4157 ﬂavam
3393 4103 3513 4158 len-

1939 4200 2048 4249 tem
2075 4178 2430 4264 concupierit.
2470 4191 2660 4249 Iduma
2697 4210 2934 4265 namque
2974 4197 3170 4265 ﬂavum
3202 4193 3373 4251 Judaei
3408 4210 3510 4251 no-

1940 4286 2166 4341 minant.
2223 4283 2576 4358 Tandemque
2628 4284 2891 4359 Syrorum
2930 4302 3132 4343 nomen
3186 4287 3506 4355 obtinuere,

265 4387 360 4442 ρον
393 4370 451 4423 δὲ
482 4370 642 4446 Σύροι
677 4373 1191 4445 μετωνομάσθησαν,
1228 4377 1398 4450 Σύρου
1442 4379 1586 4445 τινὸς
1617 4380 1835 4452 ὀνόματι

1956 4383 2222 4446 )ostquam
2276 4376 2354 4432 illi
2401 4377 2608 4433 nationi
2646 4375 2816 4449 Syrus
2871 4378 3090 4449 quidam
3122 4378 3340 4433 nomine
3372 4380 3511 4449 prae-

259 4461 362 4518 τοῦ
390 4462 576 4527 ἔθνους
608 4464 786 4518 αὐτῶν
809 4466 1197 4538 κρατήσαντος.
1216 4469 1275 4522 '0
1294 4470 1351 4523 δὲ
1375 4471 1543 4526 Ἡσαῦ
1576 4476 1838 4542 γυναῖκας

257 4558 412 4628 τρεῖς
458 4554 566 4609 ἀπὸ
609 4555 718 4610 τῶν
761 4557 1076 4611 Χαναναίων
1109 4560 1245 4631 πρὸς
1277 4561 1451 4633 γάμον
1495 4562 1706 4633 ἄγεται,
1739 4564 1837 4637 τὴν

272 4647 435 4701 mea:
462 4647 736 4721 θυγατέρα
773 4648 951 4721 Ἑλὼμ
982 4651 1075 4704 τοῦ
1099 4653 1381 4719 Χετταίου,
1412 4658 1506 4711 καὶ
1555 4658 1652 4730 τὴν
1697 4659 1837 4713 Ἐλι-

258 4737 443 4809 ϐεμάν
484 4738 755 4812 θυγατέρα
800 4743 956 4798 Ἐνὰν
1001 4743 1097 4798 τοῦ
1137 4745 1410 4819 Ἐϐραίου,
1443 4751 1539 4806 καὶ⁵
1586 4751 1684 4823 τὴν
1730 4753 1836 4807 Βα-

260 4830 482 4902 σεμμὰθ
516 4832 789 4906 θυγατέρα
832 4834 1073 4907 Ἰσμαὴλ,
1106 4837 1336 4910 ἀδελφὴν
1368 4839 1424 4893 δὲ
1457 4840 1703 4899 Ναϐεώθ.
1725 4842 1834 4897 Καὶ

257 4925 327 4978 ix
346 4924 443 4993 μὲν
459 4924 644 4995 τῆςμ)
680 4927 861 4992 ’Λδδᾶς
876 4928 972 5001 τὴν
1000 4928 1242 5000 Ἐλιφὰξ,
1263 4934 1327 4987 ὲκ
1344 4932 1399 4987 δὲ
1422 4933 1518 5006 τῆς
1531 4934 1830 5007 Βασεμμὰθ

256 5015 355 5067 τὸν
393 5014 649 5087 Ῥαγγὴλ,
689 5019 785 5071 καὶ
825 5021 888 5073 ὲκ
923 5021 1021 5092 τῆς
1066 5021 1352 5095 Ἐλιϐεμάν
1397 5024 1486 5078 τὸν
1523 5026 1706 5091 Ἰεοὺλ,
1736 5028 1831 5081 καὶ

256 5104 352 5157 τὸν
390 5105 620 5177 Ίεγλὸμ,
651 5107 744 5161 καὶ
776 5109 867 5164 τὸν
908 5112 1053 5183 Κορὲ
1101 5114 1375 5184 ἐγέννησε.
1408 5115 1642 5181 Τούτους
1672 5119 1731 5171 ὲν
1763 5120 1829 5190 τῇ

261 5194 367 5248 τῶν
397 5196 716 5253 Χαναναίων
749 5200 978 5273 ποιήσας
996 5206 1089 5276 γῇ,
1124 5206 1205 5270 είς
1233 5206 1397 5279 Σηεὶρ
1427 5206 1552 5280 ὅρος
1583 5204 1830 5281 μετῴκη-

263 5303 344 5349 σε,
379 5285 467 5341 διὰ
496 5289 557 5342 τὸ
588 5289 664 5363 μὴ
689 5290 945 5347 δύνασθαι
978 5294 1070 5348 τοῦ
1104 5296 1330 5366 ἀδελφοῦ
1354 5299 1516 5356 αὐτοῦ
1551 5300 1744 5355 Ἰακὼϐ
1762 5303 1827 5356 ὲκ

326 5423 378 5455 ⁷⁸
403 5423 529 5494 Ger}.
557 5442 707 5489 nlv,
730 5426 816 5485 6'1.
892 5430 940 5463 ⁷⁸
964 5429 1090 5491 Gen.
1126 5449 1252 5493 xxv,
1275 5434 1364 5489 25.
1438 5437 1485 5471 ⁷⁸
1514 5435 1654 5492 Ibid.
1680 5440 1731 5494 i.

1937 4468 2058 4524 fuit.
2091 4468 2232 4525 Esau
2283 4485 2350 4525 ex
2382 4467 2706 4526 Chananais
2736 4479 2846 4527 tres
2874 4470 3031 4525 duxit
3064 4485 3265 4525 uxores
3302 4469 3368 4533 ⁸⁵,
3397 4468 3509 4525 Ad-

1936 4559 2005 4616 da
2056 4558 2209 4616 Elom
2251 4558 2499 4625 Chettaai,
2525 4556 2803 4616 Elibeman
2858 4558 3009 4625 Enan
3044 4558 3275 4623 Hebraei,
3308 4567 3363 4615 et
3408 4557 3509 4612 Ba-

1936 4655 2223 4717 semmath,
2255 4652 2498 4711 lsmaelis
2551 4653 2740 4723 ﬁliam,
2772 4668 3124 4725 sororemque
3154 4651 3421 4717 Nabeoth,
3452 4659 3509 4707 ct

1936 4761 2000 4802 ex
2024 4745 2176 4802 Adda
2215 4744 2428 4818 Eliphat
2468 4745 2739 4812 ﬁliam,ex
2769 4744 3115 4802 Basemmath
3147 4743 3351 4816 Rangel
3380 4762 3395 4812 ;
3438 4758 3507 4800 ex

1938 4836 2220 4894 Elibeman
2279 4837 2438 4904 Jeul,
2498 4836 2703 4909 Jeglom
2755 4847 2919 4909 atque
2963 4836 3103 4894 Core
3153 4836 3360 4892 habuit.
3409 4835 3505 4892 His

1937 4932 2077 5001 apud
2103 4930 2438 4989 Chananaeos
2466 4931 2689 4997 habitis,
2719 4930 2774 4988 in
2807 4932 2927 4989 Seir
2950 4938 3186 4988 montem
3216 4931 3495 4987 habitandi

1936 5040 2102 5082 causa
2139 5027 2390 5099 migravit
2427 5026 2507 5095 ⁸⁸;
2542 5043 2718 5098 neque
2743 5028 2887 5086 enim
2916 5033 3126 5099 poterat
3151 5025 3353 5082 Jacobo
3390 5024 3502 5081 fra-

1937 5129 2038 5184 tre.
2068 5135 2131 5175 ex
2165 5119 2550 5191 Mesopotamia
2581 5134 2822 5186 reverso,
2848 5135 2956 5175 una
2985 5117 3236 5188 habitare
3280 5124 3503 5189 propter

1933 5226 2115 5267 rerum
2164 5227 2393 5283 quarum
2424 5211 2772 5283 potiebantur
2800 5210 3223 5274 multitudinem,
3255 5209 3344 5265 ubi
3372 5223 3497 5266 cum

1933 5304 2098 5359 alium
2126 5303 2291 5360 ﬁlium
2335 5312 2705 5377 procreasset,
2741 5319 2842 5361 sua
2890 5305 3279 5377 appellatione,
3325 5302 3496 5361 Edom

1828 5444 1874 5476 ⁷⁷
1901 5441 2010 5500 Gen
2054 5461 2180 5508 xxv,
2208 5445 2261 5507 7.
2287 5445 2341 5501 8.
2416 5446 2463 5479 ⁷⁸
2496 5444 2625 5502 Gen.
2652 5460 2822 5506 xxvn.
2852 5444 2943 5503 27.
3042 5446 3088 5479 "
3121 5444 3249 5501 Gen.
3298 5457 3491 5508 xxvm.

260 5492 307 5550 5.
377 5496 423 5527 '°
464 5492 593 5560 GM,
617 5513 766 5565 xxix,
807 5499 898 5566 25,
931 5500 1023 5558 28.
1098 5503 1141 5537 ⁸¹
1168 5504 1308 5561 Ibid.
1335 5506 1387 5564 9.
1461 5509 1506 5541 θ’
1544 5492 2412 5585 ϐεηίιέχινάᾶωδῖ’ἐξ-ιχ,
2446 5492 2625 5579 “vx?”
2648 5492 3061 5577 ἴδ’-άξῆ--ίίινιι

330 5634 405 5705 (l)
440 5632 575 5695 ωιχ
617 5638 865 5695 scribunt
892 5640 997 5697 τόν.

3002 5710 3511 6103 Γ
