3962 6202
576 266 678 321 767
1440 270 1502 327 S.
1546 269 1990 329 EUSTATHIUS
2031 273 2522 335 ANTIOCHENUS
2561 278 2954 336 EPISCOPUS.
3682 289 3762 346 768

576 386 876 457 insignivit.
928 385 1050 440 Nati
1094 393 1223 442 sunt
1264 394 1318 442 et
1367 386 1496 443 ﬁliis
1522 387 1668 445 illius
1699 390 1794 444 ﬁlii
1835 391 2059 461 legitimi
2083 393 2140 460 ",

2199 402 2227 458 λ
2256 396 2353 466 τῆς
2399 397 2821 468 Μεσοποταμίας
2861 397 3243 462 ἐπανελθόντος
3293 401 3598 472 ὁμοσκηνεῖν
3624 387 3763 462 διὰ¹τδ

575 475 794 548 Eliphas
825 477 1086 547 qui-nque,
1121 475 1398 545 Thcman,
1460 477 1697 550 Hymar,
1741 478 1988 551 Sophar,
2038 482 2139 538 Go-

2249 485 2449 557 πλῆθος
2491 485 2597 538 τῶν
2626 486 2976 558 ὑπαρχόντων
3011 488 3473 560 αὐτοῖς.·Ποιήσας
3508 488 3593 545 οὖν
3624 497 3764 550 κάκεῖ-

575 569 746 634 moth,
770 567 983 635 Cenex,
1040 567 1182 624 inter
1209 585 1348 640 quos
1396 577 1450 625 et
1497 569 1719 641 spurius
1755 583 2139 630 annumeratur

2247 579 2337 633 θεν
2368 579 2552 643 παῖδα,
2589 581 2652 632 ἐκ
2698 580 2797 650 τῆς
2848 578 3038 633 ἐαυτοῦ
3085 579 3400 650 ἐπωνυμίας
3439 581 3604 652 Ἐδὼμ
3640 586 3760 640 aliti-4

574 657 791 713 Amalec
813 697 828 721 ,
865 673 1024 728 quem
1077 674 1107 715 e
1142 661 1331 731 pellice
1372 659 1619 717 Tliamna
1648 674 1965 736 susceperat
1993 683 2008 733 ;
2040 665 2138 722 Ra-

2246 671 2593 741 ἐπωνόμασε.
2611 670 2888 738 Ἐγένοντο
2917 669 2972 722 δὲ
3006 671 3097 724 καὶ
3121 673 3238 734 τοῖς
3271 672 3404 734 υἱοῖς
3434 672 3587 725 αὑτοῦ
3618 677 3761 742 mide;

574 749 719 819 gueli
744 763 757 800 :
779 755 832 803 et
863 750 966 821 ipsi
1008 760 1241 820 quatuor
1272 751 1364 807 ﬁlii
1399 754 1507 808 nati
1541 763 1671 810 sunt
1696 753 1913 822 Namin,
1943 757 2138 825 lares,

2248 762 2478 831 γνήσιοι,
2507 760 2582 832 τῷ
2635 759 2732 831 μὲν
2771 760 2989 831 Ἐλιφέις
3039 760 3222 824 πέντε,
3256 761 3654 836 Θεμὰν,Ὑμὰρ,
3681 767 3764 820 Σω.

576 833 758 902 Some,
790 833 1005 905 Rhoze;
1038 837 1203 893 Edon)
1240 841 1526 896 undecim:
1557 843 1844 911 Thamma,
1875 845 2029 912 Gola,
2059 845 2140 905 lo-

2246 854 2380 925 φαρ,
2412 852 2608 924 Γομὸθ,
2650 853 2840 920 Κενὲξ.
2875 855 2933 906 ἐν
2965 848 3044 916 οἷς
3065 846 3131 924 ἦν
3165 852 3262 905 καὶ
3295 852 3463 916 νόθος,
3486 833 3673 925 τεχθεὶς
3691 859 3762 911 αὖ.

573 928 746 993 thom,
786 929 1131 998 Aﬂlibrcman,
1163 931 1334 998 Jolas,
1366 932 1602 1000 Phinun,
1631 937 1838 1010 Cenyx,
1867 937 2136 1009 Theman,

2245 945 2322 1016 τῷ
2370 945 2611 1017 Ἀμαλὴκ
2659 948 2722 999 ἐκ
2772 944 3088 1009 παλλακίδος
3123 945 3346 1016 Θαμνᾶς
3372 945 3610 1015 ὀνόματυ
3641 949 3764 1018 τῷδι

572 1019 797 1086 Mazari,
832 1021 1056 1078 Maediel
1077 1063 1092 1088 ,
1130 1024 1462 1096 Zephonem.
1503 1027 1624 1084 Seir
1651 1030 1907 1088 Chorraeo
1932 1034 1977 1066 ⁸⁷
2002 1074 2018 1098 ,
2051 1036 2136 1104 qui

2311 1037 2520 1107 ἀγουὴλ
2555 1037 2648 1091 καὶ
2678 1036 2823 1107 αύτῷ
2852 1037 3113 1108 τέσσαρες
3138 1037 3328 1100 παῖδες
3361 1036 3653 1107 ἐτέχθησαν,
3681 1040 3766 1094 Na-
3871 1106 3875 1112 ι

572 1111 850 1182 regionem
883 1111 1070 1168 Lotam
1106 1115 1400 1184 habitavit,
1429 1118 1524 1174 ﬁlii
1551 1121 1794 1193 quinque
1823 1125 1933 1178 nati
1965 1134 2094 1181 sunt
2129 1146 2136 1181 :

2249 1130 2362 1200 μὶν,
2398 1129 2591 1200 Ζαρές,
2616 1130 2776 1200 Σομέ,
2793 1129 2945 1194 Ῥοζέ
2971 1146 2984 1159 ⁸
3020 1130 3113 1182 καὶ
3145 1127 3327 1198 Ἐδὼμ
3354 1129 3556 1191 ἕνδεκα,
3579 1128 3765 1200 eam,

570 1199 755 1257 Sobal.
783 1201 1050 1275 Sebegon,
1081 1206 1390 1272 Anadeson,
1421 1209 1578 1275 Aser,
1613 1211 1848 1280 Resom;
1898 1226 1952 1271 et
1975 1215 2134 1272 Lotan

2246 1199 2421 1286 Γωλὰ,
2439 1199 2634 1293 Ἰοθὺμ,
2671 1199 3017 1294 Auream»,
3035 1221 3236 1293 Ἰήλας,
3271 1221 3461 1284 orm,
3495 1222 3669 1289 Κενξδξ,
3695 1199 3767 1278 θε.

574 1295 704 1360 duo,
733 1294 946 1362 Chorri,
977 1296 1198 1366 Emam;
1251 1299 1497 1358 Thamna
1531 1321 1660 1360 vero
1703 1322 1861 1362 soror
1889 1318 2007 1363 erat
2044 1307 2138 1362 Lo-

2249 1314 2376 1385 μὰν,
2409 1314 2700 1387 Μαζαριεὶ,
2735 1312 2993 1384 Μαεδιὴλ,
3037 1313 3298 1382 Ζεφονήν.
3327 1311 3416 1381 Τῷ
3458 1311 3511 1364 δὲ
3541 1312 3684 1384 Σηεὶρ
3708 1315 3766 1383 τῷ

573 1395 690 1453 tan,
718 1403 838 1458 qua:
871 1389 1128 1460 Eliphazo
1161 1392 1379 1450 Amalec
1408 1396 1615 1466 genuit.
1662 1398 1825 1454 Sobal
1860 1399 2002 1457 ﬁlius
2029 1399 2137 1457 Seil

2245 1408 2517 1480 Χωρῤαίῳ
2547 1407 2624 1478 τῷ
2666 1407 2762 1479 τὴν
2794 1407 2896 1478 γῆν
2932 1405 3024 1459 τοῦ
3060 1403 3254 1458 Λωτὰν
3286 1404 3647 1475 κατοικήσαντι
3686 1408 3766 1459 ulol

574 1479 813 1548 quinque
845 1479 984 1536 ﬁlios
1014 1482 1221 1548 habuit,
1250 1483 1573 1552 Odomnam,
1604 1489 1880 1554 Nachath,
1913 1491 2138 1560 Gebeel,

2247 1479 2406 1554 πέντε
2459 1499 2724 1570 ἐγένοντο,
2758 1497 2967 1561 meat,
3001 1495 3272 1566 Σεδεγὼν,
3292 1495 3765 1568 Ἀναδησὼν,Ἀσὴρ,

576 1569 746 1641 Soph,
779 1570 986 1627 Omnan
1009 1591 1023 1640 ;
1045 1584 1098 1629 et
1125 1574 1408 1648 Osebcgon
1437 1579 1576 1634 duos
1597 1618 1613 1644 ,
1651 1579 1779 1636 Edi
1824 1589 1878 1638 et
1921 1581 2100 1637 [Euan
2130 1623 2140 1648 ε

2257 1588 2496 1660 Ῥησώνο
2549 1589 2642 1643 καὶ
2691 1588 2767 1660 τῷ
2822 1587 3011 1642 Λωτὰν
3053 1588 3170 1650 δύο,
3207 1587 3765 1660 Χωρρεὶ,Ἑμάν.Ἥδὲ

575 1665 669 1735 qui
710 1664 764 1718 in
802 1663 981 1720 Jamin
1023 1667 1270 1736 jumenta
1317 1671 1488 1741 patris
1531 1672 1613 1727 sui
1651 1671 1896 1743 Sebegon
1927 1690 2139 1744 pascen-

2246 1679 2436 1751 Θαμνὰ
2468 1679 2668 1752 ἀδελφὴ
2694 1678 2788 1732 τοῦ
2813 1677 3002 1732 Δωτὰν
3031 1678 3352 1747 ἐτύγχανεν,
3384 1678 3498 1748 ἥτις
3529 1678 3611 1730 τὸν
3636 1678 3764 1747 Ἀμα-

577 1765 683 1810 tem
720 1755 930 1811 incidit.
971 1757 1167 1813 Euam
1219 1776 1347 1816 vero
1397 1759 1595 1828 Deson,
1619 1773 1673 1819 et
1701 1763 1944 1820 Elibama
1979 1767 2141 1822 ﬁliam

2199 1771 2345 1842 ιλὴκ
2390 1769 2467 1841 τῷ
2503 1769 2724 1839 Ἐλιφὰζ
2777 1770 3160 1840 ἐγέννησεν.⁹0
3193 1769 3252 1821 δὲ
3284 1767 3470 1821 Σωόὰλ
3511 1769 3538 1819 6
3575 1768 3671 1831 υἱὸς
3694 1767 3763 1822 τοῦ

573 1845 778 1902 habuit.
808 1847 979 1905 Deson
1022 1850 1296 1916 Amadan,
1342 1853 1565 1920 Asbam,
1594 1853 1832 1912 Gcthran
1869 1866 1922 1913 et
1966 1859 2136 1914 Char-

2245 1866 2412 1937 Σηεὶρ
2443 1865 2604 1918 πέντε
2641 1863 2834 1926 παῖδας
2872 1863 3150 1934 ἐποίησεν,
3167 1859 3444 1930 ὐδομνὰν,
3476 1858 3662 1928 Ναχὰθ,
3694 1859 3764 1910 Γε-

574 1955 707 2007 ran;
740 1941 875 1997 Aser
897 1951 1127 2013 quartus
1175 1943 1295 2000 Seir
1324 1945 1467 2003 ﬁlius
1493 1959 1746 2018 quatuor,
1777 1949 1964 2016 Balan,
1997 1951 2138 2008 Zuc-

2245 1955 2396 2028 ὄεὴλ,
2450 1954 2846 2026 ΣὼφβΩμνᾶν⁹
2883 1954 2978 2007 καί⁵
3029 1950 3336 2021 ὐσεϐεγὼν
3390 1951 3499 2014 δύο,
3529 1949 3656 2002 Δίδεὶ
3693 1948 3761 2002 καὶ

572 2046 698 2097 can,
727 2033 930 2105 Joycan
950 2075 964 2099 ,
1011 2035 1210 2106 Ucam;
1245 2038 1469 2109 quintus
1503 2047 1681 2096 autem
1705 2040 1846 2098 ﬁlius
1869 2043 1988 2100 Seir
2009 2044 2136 2101 Ore-

2245 2048 2432 2114 Αἰνάν,
2463 2048 2610 2112 ὅστις
2644 2043 2795 2118 εὗρεν
2821 2048 2880 2100 ἐν
2909 2049 2975 2116 τῇ
3009 2046 3205 2118 ἐρήμῳ
3237 2044 3328 2097 τὺν
3354 2043 3504 2115 Ἀμὶν
3523 2042 3586 2096 τὰ
3605 2040 3761 2106 ὑποζύ-

573 2139 713 2186 som,
747 2125 1005 2182 Ossaran.

2246 2155 2338 2206 για
2369 2138 2603 2208 νέμοντα
2631 2137 2724 2192 τοῦ
2757 2137 2962 2208 πατρὸς
2988 2136 3155 2190 αὐτοῦ
3175 2133 3441 2204 Σεὸεγὼν.
3465 2133 3612 2186 Αίνὰν
3629 2132 3676 2185 δέ
3696 2131 3763 2184 τὸν

571 2216 760 2288 Δησὼν
811 2219 903 2271 καὶ
949 2219 1207 2291 Ἑλιϐαμὰ
1253 2222 1526 2295 θυγατέρα
1555 2225 1836 2297 ἐγέννησεν
1859 2243 1872 2257 ·
1909 2229 1938 2280 6
1969 2226 2025 2279 δὲ
2054 2226 2238 2298 Δησὼν
2266 2228 2355 2281 τὸν
2397 2227 2654 2298 Ἀμαδὰν,
2685 2229 2779 2280 καὶ
2819 2226 3035 2290 Ἀσδαν,
3107 2227 3207 2279 καὶ
3256 2225 3476 2296 Γεθρὰν,
3530 2225 3615 2278 xal
3652 2225 3764 2294 Χαρ-

574 2312 770 2384 ρἁ.ὐ
800 2312 855 2365 δὲ
903 2313 1068 2386 Ἀσὴρ
1105 2317 1133 2368 ὁ
1163 2315 1416 2388 τέταρτος
1445 2317 1557 2382 υίὸς
1602 2321 1694 2373 τοῦ
1743 2322 1926 2394 Σηεὶρ,
1954 2325 2222 2398 τέσσαρας
2277 2325 2470 2388 παῖδας
2528 2324 2833 2394 ἐγέννησεν,
2874 2322 3081 2393 Βαλὰμ,
3121 2321 3368 2392 Ζουκὰμ,
3435 2320 3651 2390 Ἰουκὰμ,
3694 2319 3763 2372 Οὑ-

573 2401 688 2476 κάμ
711 2422 724 2436 °
756 2408 783 2459 6
813 2406 867 2458 δὲ
898 2407 1146 2478 πέμπτος
1178 2411 1289 2474 υίὸς
1322 2411 1413 2465 τοῦ
1442 2413 1606 2488 Σηεὶρ
1635 2417 1877 2488 Ὀρήσων
1905 2420 1996 2472 τὸν
2028 2420 2314 2492 Ὡσσαράν.

643 2498 842 2555 Verum
873 2512 1160 2572 antequam
1205 2520 1360 2576 rcges
1388 2516 1708 2564 crearentur
1747 2512 1803 2565 in
1843 2511 2006 2569 Israel
2033 2555 2047 2578 ,
2084 2515 2136 2569 hi

2313 2515 2423 2587 Πρὸ
2475 2515 2532 2568 δὲ
2559 2514 2651 2568 τοῦ
2703 2509 3015 2584 βασιλεῦσαι
3072 2509 3336 2581 βασιλέας
3360 2513 3416 2564 ἐν
3449 2507 3658 2580 Ἰσραὴλ,
3687 2506 3760 2576 τῆς

569 2599 867 2661 regnarunt
896 2592 950 2646 in
976 2593 1146 2649 Edom
1173 2595 1218 2627 ⁸³
1250 2616 1262 2651 :
1305 2596 1466 2654 Balac
1496 2600 1637 2656 ﬁlius
1674 2601 1830 2668 Beor,
1855 2613 1910 2657 et
1945 2622 2133 2660 nomen

2256 2607 2431 2678 Ἐδὼμ
2486 2597 2631 2660 οὗτοι
2676 2606 2722 2658 οἱ
2771 2603 3008 2674 βασιλεῖς
3040 2602 3427 2656 ἐϐασίλευσαν*
3480 2599 3638 2652 Βαλὰκ
3675 2597 3759 2658 υἱὸς

570 2682 718 2740 illius
745 2685 980 2742 civitatis
1023 2687 1266 2755 Denaba;
1316 2690 1440 2746 huic
1483 2697 1748 2750 successit
1794 2695 1968 2752 Jobab
1999 2699 2134 2755 ﬁlius

2246 2699 2397 2772 Βεὼρ
2454 2699 2545 2752 καὶ
2575 2698 2742 2768 ὄνομα
2768 2699 2832 2767 τῇ
2857 2696 3009 2749 πόλει
3035 2694 3206 2748 αὑτοῦ
3233 2693 3458 2755 Δενάϐα,
3484 2691 3588 2764 μεθ’
3604 2691 3655 2744 δν
3674 2691 3762 2741 ἰω-

574 2775 736 2830 Sarra
769 2793 834 2831 ex
877 2777 1128 2850 Bossyra.
1165 2792 1450 2852 postquam
1479 2786 1640 2840 Asom
1671 2803 1734 2840 ex
1785 2787 2100 2846 Thcmanon
2122 2831 2137 2855 ,

2243 2793 2350 2846 6&6
2371 2793 2484 2857 υίὸς
2497 2791 2678 2865 Ζαρῤὰ
2693 2791 2796 2843 ὁὲκ
2820 2788 3117 2860 Βοσσύρας,
3146 2788 3276 2860 μεθ’
3298 2788 3356 2842 ὃν
3389 2785 3544 2858 Ἀζδμ
3566 2788 3591 2840 6
3615 2787 3668 2838 ἐκ
3684 2784 3759 2854 γῆς

575 2875 699 2937 post
731 2884 889 2938 quem
914 2870 1062 2924 Adad
1097 2871 1238 2928 ﬁlius
1268 2873 1460 2940 Barad,
1496 2877 1587 2946 qui
1641 2879 1694 2932 in
1748 2895 1942 2949 campo
1986 2879 2139 2937 Moab

2243 2883 2523 2955 Θεμανὼν,
2581 2884 2695 2956 μεθ’
2728 2883 2787 2936 ὃν
2828 2881 3002 2944 asas,
3040 2881 3152 2944 υίὸς
3210 2881 3407 2952 Βαρὰδ,
3446 2881 3578 2940 ὅστις
3620 2878 3666 2928 ἐν
3703 2874 3759 2944 τῷ

575 2961 775 3016 excidit
804 2961 1054 3028 Madiam,
1085 2973 1137 3019 et
1163 2981 1359 3022 nomen
1390 2969 1629 3025 civitatis
1681 2970 1826 3028 illius
1852 2971 2099 3028 Getthem
2123 3014 2138 3038 ,

2246 2976 2413 3047 πεδίῳ
2443 2973 2615 3030 Μωὰῦ
2646 2973 2867 3043 ἐξέκοψε
2892 2972 2991 3044 τὴν
3032 2972 3284 3043 Μαδιὰμ,
3320 2971 3410 3025 καὶ
3433 2970 3584 3039 ὄνομα
3611 2970 3664 3036 τῇ
3691 2965 3755 3017 πό-

572 3067 695 3128 post
737 3057 883 3116 hunc
927 3058 1174 3117 Samalac
1207 3079 1274 3119 ex
1323 3063 1602 3134 Masecca;
1656 3077 1778 3138 post
1807 3085 1966 3140 quem
2011 3070 2136 3126 Saul

2245 3067 2325 3120 λει
2353 3067 2515 3122 αὐτοῦ
2541 3066 2749 3138 Γετθέμ
2765 3083 2778 3097 ο
2819 3066 2954 3137 μετὰ
2989 3065 3045 3118 δὲ
3069 3063 3267 3118 τοῦτον
3293 3063 3542 3135 Σαμαλὰκ
3559 3064 3583 3114 6
3602 3063 3653 3113 ὲκ
3668 3059 3755 3111 Μα-

571 3163 637 3204 ex
665 3148 901 3216 Roboth,
929 3169 1048 3224 qua:
1079 3163 1162 3210 est
1191 3171 1358 3227 prope
1400 3156 1596 3213 ﬁumen
1624 3177 1638 3225 ;
1683 3167 1806 3230 post
1847 3176 2006 3230 quem
2038 3161 2135 3215 Ba-

2189 3147 2465 3224 :oéxxa;,
2502 3159 2618 3231 μεθ’
2649 3159 2707 3212 ὃν
2753 3157 2922 3212 Σαοὺλ
2964 3159 2994 3210 6
3040 3160 3105 3211 ἐκ
3143 3155 3356 3210 Ῥοὸὼθ
3407 3155 3501 3225 τῆς
3544 3151 3667 3224 παρὰ
3688 3151 3753 3203 τὸν

573 3240 804 3297 lacunon
839 3244 980 3301 lilius
1011 3246 1280 3311 Abochor,
1315 3253 1402 3303 cui
1435 3257 1552 3304 erat
1584 3266 1721 3305 uxor
1761 3251 1978 3307 nomine
2029 3252 2137 3308 Me-

2248 3252 2508 3324 ποταμὸν,
2539 3251 2656 3322 μεθ’
2682 3251 2741 3304 ὃν
2770 3247 3080 3304 Βαλαεννὼν
3112 3250 3235 3314 υίὸς
3275 3247 3506 3318 Ἀϐοχὼρ
3545 3246 3657 3315 ἔχων
3682 3259 3750 3309 γυ-

573 3335 747 3389 tcbeel
782 3335 891 3391 ﬁlia
923 3336 1158 3405 Matrad,
1216 3341 1310 3394 lilii
1356 3340 1637 3412 Mezooph,
1670 3343 1861 3398 horum
1901 3346 2137 3400 omnium

2244 3347 2404 3398 ναῖκα
2441 3343 2663 3413 ὀνόματι
2706 3341 3013 3412 Μετεϐεὴλ,
3066 3339 3352 3412 θυγατέρα
3404 3337 3624 3411 Ματρὰδ,
3662 3332 3747 3386 υἱοῦ

573 3428 698 3480 anni
738 3439 1119 3499 computantur
1156 3448 1383 3488 numero
1427 3449 1479 3489 ο.
1525 3433 1647 3488 Filii
1681 3452 1808 3490 vero
1837 3434 2004 3491 Jacob
2036 3436 2137 3490 fra-

2244 3430 2496 3501 Μεςοὼφ,
2528 3431 2577 3484 οἳ
2619 3431 2818 3494 πάντες
2851 3426 2992 3502 ἦσαν
3025 3429 3117 3502 ἐτη
3150 3431 3386 3503 ἀριθμὸν
3423 3437 3490 3500 φ’.
3525 3430 3580 3482 Οἱ
3605 3427 3650 3479 δὲ
3673 3425 3747 3476 ulol

570 3521 674 3574 tris
697 3519 896 3593 Ioseph
921 3525 1064 3579 laudi
1088 3527 1379 3597 gloriaeque
1409 3527 1713 3583 invidentes
1741 3529 1787 3562 θ’
1809 3569 1822 3594 ,
1861 3545 1984 3584 eum
2015 3544 2134 3584 ven-

2256 3521 2467 3586 Ἰακὼσ,
2509 3524 2597 3577 τδν
2630 3523 2855 3592 ἀδελφὸν
2903 3523 3080 3577 αὐτῶν
3113 3523 3316 3594 Ἰωσὴφ
3345 3521 3512 3592 φθόνῳ
3543 3520 3744 3590 μισήσαν-

573 3613 710 3667 dunt
742 3612 1050 3679 lsmaelitis,
1082 3627 1136 3672 et
1173 3618 1276 3689 ipsi
1313 3618 1366 3673 in
1403 3617 1640 3692 Ευριο
1667 3619 1958 3691 Pelephriu
1981 3660 1994 3684 ,
2050 3636 2137 3675 co-

2242 3633 2352 3679 τες,
2394 3619 2506 3679 τοῖς
2543 3615 2910 3686 Ἰσμαηλίταις
2959 3615 3244 3670 ἀπέδοντο.
3279 3615 3372 3669 καὶ
3398 3615 3463 3667 αὑ
3493 3614 3540 3666 οἱ
3582 3612 3646 3675 εἰς
3678 3608 3743 3661 Δί·

574 3721 804 3777 quorum
833 3708 1061 3780 principi
1084 3710 1154 3764 ’°.

2243 3724 2446 3776 γυπτον
2476 3705 2552 3777 τῷ
2581 3708 2829 3778 Πετεφρῇ
2861 3706 2938 3778 τῷ
2967 3707 3354 3780 ἀρχιμαγείρῳ
3385 3703 3581 3778 Φαραώ.

648 3799 844 3854 Eadem
875 3807 1193 3870 tempestate
1215 3799 1382 3864 Iudas
1414 3803 1478 3858 ad
1510 3803 1652 3858 Iram
1668 3803 1956 3874 quemdam
1983 3805 2145 3861 Odol-

2315 3800 2425 3853 Kal
2466 3801 2522 3854 ἐν
2553 3800 2630 3872 τῷ
2661 3799 2835 3872 χρόνῳ
2865 3799 3038 3870 τούτῳ
3084 3799 3287 3864 Ἰούδας
3327 3800 3604 3868 ἀφικνεῖται
3644 3791 3741 3862 πρὶς

574 3892 814 3948 lamitem
841 3893 1071 3957 accedit,
1105 3893 1288 3965 ibique
1333 3896 1613 3951 mulierem
1645 3896 2029 3960 Chananaeam,
2053 3897 2138 3951 cui

2255 3891 2396 3963 Ίράν
2421 3909 2539 3946 τινα
2577 3891 2956 3963 Ὀδολλαμίτην
2974 3908 2987 3922 ·
3017 3892 3111 3944 καὶ
3139 3891 3470 3962 θεασάμενος
3490 3890 3592 3942 ἐκεῖ
3605 3886 3739 3938 Χανα-

577 3999 772 4040 nomen
801 3992 927 4040 erat
949 3984 1088 4040 Saba
1115 4028 1131 4053 ,
1174 3987 1476 4057 inspectam
1524 3988 1680 4044 duxit
1720 4007 1966 4054 uxorem,
1994 4002 2046 4046 et
2075 4009 2141 4046 ex

2244 3985 2398 4038 ναίαν
2430 3985 2664 4052 γυναῖκα
2695 3984 2873 4039 Σάϐαν
2922 3983 3167 4055 ὀνόματι,
3205 3983 3408 4053 ταύτην
3451 3980 3570 4052 πρὸς
3609 3975 3742 4044 γάμον

577 4092 640 4132 ea
683 4085 918 4148 quatuor
966 4077 1203 4148 suscepit
1231 4079 1472 4134 liberos:
1513 4079 1640 4150 Her,
1671 4083 1888 4147 Aunan,
1926 4081 2139 4150 Sel-im,

2241 4076 2451 4144 ἄγεται,
2493 4077 2586 4165 καὶ
2638 4078 2783 4130 ποιεί
2827 4075 3018 4140 παῖδας
3066 4075 3124 4142 ἐξ
3175 4077 3342 4145 αὐτῆς
3382 4065 3739 4170 τέσσαραςεηξ

576 4164 810 4234 Phares;
845 4175 898 4222 et
925 4166 1095 4225 Iudas
1126 4167 1232 4224 Her
1258 4185 1358 4224 suo
1388 4171 1748 4242 primogenito
1796 4175 2140 4231 matrimonio

2241 4167 2438 4233 Αύνὰν,
2495 4164 2712 4238 Σηλὼμ,
2763 4169 2956 4240 Φαρές.
3014 4171 3124 4222 Kal
3186 4170 3380 4233 Ἰούδας
3421 4166 3648 4237 λαμϐάνει
3687 4164 3741 4229 τῷ

575 4259 795 4329 copulat
815 4257 1069 4328 Thamar,
1093 4261 1186 4330 qui
1237 4270 1456 4333 propter
1483 4278 1694 4318 morum
1731 4266 1982 4322 eximiam
2036 4267 2139 4321 im-

2241 4259 2568 4331 πρωτοτὸκῳ
2609 4259 2770 4313 αὐτοῦ
2813 4259 2912 4332 υἱῷ
2949 4261 3028 4332 τῷ
3054 4263 3160 4335 Ἦρ
3193 4264 3422 4331 γυναῖκα
3449 4251 3741 4352 ὀνόματιΔΘάῖ

578 4347 920 4420 probitatem,
953 4348 1070 4405 sine
1092 4349 1214 4407 ﬁliis
1239 4351 1455 4419 occidit,
1489 4351 1597 4408 Deo
1626 4354 1774 4408 illum
1810 4355 1876 4412 ad
1910 4364 2138 4413 mortem

2221 4365 2377 4423 ’μαρν
2414 4353 2505 4406 καὶ
2551 4352 2639 4406 διὰ
2687 4353 2950 4424 πονηρίαν
2996 4354 3197 4426 πολλὴν
3244 4354 3351 4407 τῶν
3393 4352 3587 4424 τρόπων
3615 4347 3737 4401 αὑτοῦ

577 4440 861 4508 trudente;
919 4447 973 4496 et
1016 4441 1185 4500 Judas
1228 4444 1382 4500 Onan
1431 4445 1674 4500 secundo
1720 4445 1857 4511 ﬁlio,
1923 4458 1982 4502 ut
2032 4466 2138 4504 una

2242 4445 2408 4508 ἄπαις
2459 4445 2808 4517 ἀποθνήσκει,
2856 4444 2952 4499 τοῦ
3002 4445 3136 4498 Θεοῦ
3178 4447 3340 4500 αὐτὸν
3378 4440 3736 4497 θανατώσαντος-

575 4547 699 4588 cum
734 4531 969 4588 Thamar
998 4537 1402 4602 concumberet,
1429 4539 1656 4608 imponit
1690 4537 1757 4593 ad
1816 4539 2002 4597 fratris
2056 4545 2139 4598 sui

2175 4527 2216 4580 θ
2245 4537 2355 4592 Kal
2382 4538 2666 4609 ἐπιτρέπει
2693 4539 2721 4590 6
2759 4538 2955 4602 Ἰούδας
2983 4539 3060 4610 τῷ
3090 4538 3324 4610 δευτέρῳ
3347 4536 3498 4592 αὐτοῦ
3521 4530 3644 4586 παιδί
3664 4527 3736 4580 Αὑ-

577 4642 762 4682 semen
836 4627 1202 4683 excitandum.
1278 4627 1383 4685 Sed
1437 4629 1590 4686 Onan
1647 4647 1771 4686 cum
1839 4633 2136 4688 liberorum

2243 4631 2337 4686 νὰν
2362 4630 2781 4702 συνευνασθῆναι
2805 4633 2867 4701 τῇ
2903 4631 3117 4702 Θάμαρ,
3148 4630 3288 4683 ὥστε
3309 4627 3580 4722 ἀναστῆσαι
3611 4618 3735 4722 σπέρ-

577 4721 1006 4790 procreationem
1032 4720 1098 4775 ad
1128 4737 1187 4778 sc
1211 4738 1316 4776 non
1343 4723 1613 4792 pertinere
1644 4725 2012 4795 cognovisset,
2050 4727 2138 4781 ubi

2246 4740 2320 4793 μα
2348 4723 2423 4794 τῷ
2455 4721 2668 4792 ἀδελφῷ
2700 4719 2884 4775 αὐτοῦ.
2921 4721 3031 4773 Kal
3064 4723 3092 4773 6
3133 4720 3312 4774 Λύνὰν
3348 4720 3513 4788 γνοὺς,
3557 4715 3623 4766 ὅτι
3658 4715 3731 4760 οὐκ

574 4825 699 4866 cum
729 4811 953 4869 muliere
985 4829 1074 4870 res
1105 4824 1219 4869 erat
1247 4814 1513 4880 habenda,
1541 4831 1724 4870 semen
1751 4832 1916 4885 super
1941 4827 2137 4873 terram

2241 4815 2388 4885 αὐτῷ
2421 4814 2716 4885 καθῆκενή
2747 4813 2854 4866 τῶν
2897 4812 3099 4866 τέκνων
3139 4813 3332 4884 σπορὰ,
3376 4813 3431 4864 ἐν
3473 4807 3542 4877 τῷ
3568 4799 3729 4905 μέλλειν

576 4905 920 4973 effundebat;
952 4921 1120 4977 quare
1171 4905 1312 4964 Deus
1345 4908 1612 4963 alienatus
1641 4915 1695 4964 et
1737 4908 1976 4965 oﬁensus
2014 4925 2137 4965 eum

2243 4910 2475 4962 συνεῖναι
2507 4910 2573 4979 τῇ
2607 4907 2825 4976 γυναικὶ⁸
2851 4906 3061 4978 ἐξέχεεν
3095 4906 3186 4960 ἐπὶ
3213 4905 3310 4973 τῆς
3343 4903 3441 4973 γῆς
3483 4895 3621 4954 αὑτοῦ
3656 4892 3725 4958 τήν

576 4998 734 5053 morti
761 4997 999 5053 tradidit.
1029 4997 1092 5052 Et
1128 4997 1298 5054 Judas
1319 4998 1556 5054 Thamar
1586 5001 1641 5054 in
1685 5001 1923 5070 paternis
1963 5001 2138 5056 domi-

2244 4999 2434 5069 γονήν⁶
2484 4999 2577 5051 καὶ
2627 4998 2944 5070 νεμεσηθεὶς
2976 4999 3066 5051 ἐπὶ
3111 4997 3265 5050 τοῦτο
3304 4995 3404 5048 ὑπὸ
3437 4990 3572 5050 Θεοῦ,
3597 4999 3723 5052 παρα·

577 5090 697 5154 bus,
722 5102 781 5146 ut
814 5091 974 5146 vidua
1005 5092 1235 5154 sederet,
1267 5093 1440 5150 donec
1469 5093 1648 5149 Selom
1688 5105 1959 5150 cresceret
1999 5109 2138 5163 pra:-

2241 5091 2428 5161 χρῆμα
2460 5090 2745 5148 ἀπέθανεν.
2776 5090 2884 5144 Kal
2919 5093 2948 5144 6
2990 5090 3187 5154 Ἰούδας
3227 5087 3427 5143 κελεύει
3465 5085 3552 5182 τὴᾼν

575 5185 728 5254 cipit,
756 5200 914 5256 quem
951 5193 1191 5250 auctum,
1223 5194 1277 5242 et
1309 5186 1551 5242 adultum
1578 5229 1592 5254 ,
1659 5187 1850 5243 timore
1907 5187 2135 5248 ductus.

2240 5185 2297 5235 ἐν
2329 5186 2434 5245 τοῖς
2463 5183 2731 5256 πατρῴοις
2763 5184 2926 5247 οἴκοις
2950 5185 3122 5254 χήραν
3164 5179 3492 5246 καθέζεσθαι,
3515 5176 3602 5234 ἕως
3637 5165 3717 5219 οὖὸ

579 5285 737 5346 atque
758 5278 1188 5348 suspicione,ne
1225 5288 1278 5334 et
1333 5279 1380 5335 is
1426 5279 1701 5344 interiret,
1757 5281 1962 5335 nullum
2013 5297 2136 5336 cum

2240 5273 2438 5345 Σηλὼμ
2491 5274 2730 5340 αὒξεται.
2767 5275 3149 5346 Ἀνδρωθέντος
3195 5270 3285 5329 οὖν
3333 5270 3485 5326 αὑτοῦ
3533 5257 3711 5372 ἐφξίθη

577 5367 812 5423 Thamar
843 5371 1153 5442 conjunxit;
1185 5387 1305 5442 qua:
1337 5387 1478 5442 aegre
1531 5370 1633 5425 hoc
1675 5371 2006 5442 molesteque
2053 5371 2134 5427 fe-

2242 5370 2471 5438 συναψαι
2501 5369 2662 5422 αὑτὸν
2692 5373 2756 5442 τῇ
2791 5370 3006 5442 Θάμαρ,
3042 5370 3376 5438 ὑποτοπήσας
3403 5365 3470 5436 μὴ
3506 5361 3582 5413 καὶ
3602 5361 3712 5455 οὺξῗς

579 5474 724 5525 rens,
757 5461 858 5516 hac
882 5464 1092 5518 ratione
1114 5462 1266 5518 Iudae
1293 5464 1464 5518 vicem
1489 5463 1752 5532 rependit.
1783 5462 1991 5519 Etenim
2013 5480 2134 5518 cum

2238 5462 2535 5516 ἀπολεῖται.
2554 5462 2616 5515 Ἦ
2639 5463 2712 5516 δέ
2729 5465 2818 5517 ἐπὶ
2845 5463 3018 5535 τούτῳ
3043 5463 3263 5534 ἀχθεῖσα
3291 5455 3554 5553 ὀδυνηρῶς
3577 5457 3713 5553 τοξῳξ

579 5549 729 5605 Illum
765 5553 831 5606 ad
861 5569 987 5612 oves
1021 5555 1322 5611 tondendas
1355 5554 1652 5626 profectum
1702 5570 1822 5610 esse
1870 5554 2010 5609 fama
2045 5571 2134 5608 ac-

2233 5555 2416 5626 τρόπῳ
2460 5554 2548 5607 τὸν
2593 5553 2789 5608 Ἰούδαν
2809 5555 3108 5628 ἀμείϐεται.
3147 5550 3475 5622 ’Ᾱφιχθέντος
3494 5541 3572 5599 οὖν
3592 5541 3715 5592 αὗται)

686 5709 731 5742 ⁸⁸
761 5708 884 5767 Gen.
920 5728 1100 5768 xxxvn.
1177 5716 1219 5748 ⁸⁷
1240 5713 1378 5769 Ibid.
1455 5717 1498 5748 ⁸⁸
1530 5715 1654 5771 Cm.
1688 5731 1868 5770 xxxvi.
1941 5719 1986 5749 ⁸⁸
2010 5715 2134 5771 Cen.
2170 5732 2374 5773 sum.
2453 5716 2496 5748 ’°
2522 5715 2646 5771 Gen.
2681 5705 2862 5770 run.
