  <div class='ocr_page' id='page_1' title='image "/cluster/home/n/w/nwhite01/storage/ocr_20150623/18/hvd.32044073501207/390.png"; bbox 0 0 3962 6202; ppageno 0'>
   <div class='ocr_carea' id='block_1_1' title="bbox 298 175 401 232">
    <p class='ocr_par' dir='ltr' id='par_1_1' title="bbox 298 175 401 232">
     <span class='ocr_line' id='line_1_1' title="bbox 298 175 401 232; baseline 0.019 -3"><span class='ocrx_word' id='word_1_1' title='bbox 298 175 401 232; x_wconf 83' lang='grc'>769</span> 
     </span>
    </p>
   </div>
   <div class='ocr_carea' id='block_1_2' title="bbox 1207 170 2618 236">
    <p class='ocr_par' dir='ltr' id='par_1_2' title="bbox 1207 170 2618 236">
     <span class='ocr_line' id='line_1_2' title="bbox 1207 170 2618 236; baseline 0.006 -9"><span class='ocrx_word' id='word_1_2' title='bbox 1207 170 1475 228; x_wconf 76' lang='lat' dir='ltr'><strong>SPURIA.</strong></span> <span class='ocrx_word' id='word_1_3' title='bbox 1519 203 1590 214; x_wconf 88' lang='lat'><strong>--</strong></span> <span class='ocrx_word' id='word_1_4' title='bbox 1625 172 1978 229; x_wconf 74' lang='lat' dir='ltr'><strong>COMMENT.</strong></span> <span class='ocrx_word' id='word_1_5' title='bbox 2021 175 2088 230; x_wconf 80' lang='lat' dir='ltr'><strong>IN</strong></span> <span class='ocrx_word' id='word_1_6' title='bbox 2129 175 2618 236; x_wconf 77' lang='lat' dir='ltr'><strong>IIEXAEMERON.</strong></span> 
     </span>
    </p>
   </div>
   <div class='ocr_carea' id='block_1_3' title="bbox 3420 181 3526 237">
    <p class='ocr_par' dir='ltr' id='par_1_3' title="bbox 3420 181 3526 237">
     <span class='ocr_line' id='line_1_3' title="bbox 3420 181 3526 237; baseline 0.019 -3"><span class='ocrx_word' id='word_1_7' title='bbox 3420 181 3526 237; x_wconf 84' lang='lat'><strong>770</strong></span> 
     </span>
    </p>
   </div>
   <div class='ocr_carea' id='block_1_4' title="bbox 292 282 1841 365">
    <p class='ocr_par' dir='ltr' id='par_1_4' title="bbox 292 282 1841 361">
     <span class='ocr_line' id='line_1_4' title="bbox 292 282 1841 361; baseline -0.002 -20"><span class='ocrx_word' id='word_1_8' title='bbox 292 290 386 342; x_wconf 76' lang='grc' dir='ltr'>ἐπὶ</span> <span class='ocrx_word' id='word_1_9' title='bbox 411 288 507 361; x_wconf 79' lang='grc' dir='ltr'>τὴν</span> <span class='ocrx_word' id='word_1_10' title='bbox 530 283 734 356; x_wconf 74' lang='grc' dir='ltr'>κουρὰν</span> <span class='ocrx_word' id='word_1_11' title='bbox 754 283 861 337; x_wconf 84' lang='grc' dir='ltr'><strong>τῶν</strong></span> <span class='ocrx_word' id='word_1_12' title='bbox 882 282 1186 355; x_wconf 84' lang='grc' dir='ltr'>προϐάτων,</span> <span class='ocrx_word' id='word_1_13' title='bbox 1214 283 1490 338; x_wconf 86' lang='grc' dir='ltr'>ἀκούσασα</span> <span class='ocrx_word' id='word_1_14' title='bbox 1518 286 1654 356; x_wconf 78' lang='grc' dir='ltr'>αύτὴ</span> <span class='ocrx_word' id='word_1_15' title='bbox 1675 287 1841 358; x_wconf 77' lang='grc' dir='ltr'><strong>ιὶπαμ.⁴</strong></span> 
     </span>
    </p>
   </div>
   <div class='ocr_carea' id='block_1_5' title="bbox 1945 282 3524 365">
    <p class='ocr_par' dir='ltr' id='par_1_5' title="bbox 1964 291 3524 365">
     <span class='ocr_line' id='line_1_5' title="bbox 1964 291 3524 365; baseline 0.003 -21"><span class='ocrx_word' id='word_1_16' title='bbox 1964 291 2219 359; x_wconf 87' lang='lat' dir='ltr'><strong>cepisset,</strong></span> <span class='ocrx_word' id='word_1_17' title='bbox 2251 300 2453 347; x_wconf 78' lang='lat' dir='ltr'><strong>vestem</strong></span> <span class='ocrx_word' id='word_1_18' title='bbox 2499 292 2778 362; x_wconf 80' lang='lat' dir='ltr'><strong>lugubrem</strong></span> <span class='ocrx_word' id='word_1_19' title='bbox 2820 298 2969 347; x_wconf 77' lang='lat' dir='ltr'><strong>exuit</strong></span> <span class='ocrx_word' id='word_1_20' title='bbox 3013 292 3370 365; x_wconf 87' lang='lat' dir='ltr'><strong>amiciturque</strong></span> <span class='ocrx_word' id='word_1_21' title='bbox 3409 310 3524 348; x_wconf 63' lang='lat' dir='ltr'><strong>ma-</strong></span> 
     </span>
    </p>
   </div>
   <div class='ocr_carea' id='block_1_6' title="bbox 295 376 1855 452">
    <p class='ocr_par' dir='ltr' id='par_1_6' title="bbox 295 376 1855 452">
     <span class='ocr_line' id='line_1_6' title="bbox 295 376 1855 452; baseline -0.003 -16"><span class='ocrx_word' id='word_1_22' title='bbox 295 385 547 452; x_wconf 77' lang='grc' dir='ltr'>φίσκεται</span> <span class='ocrx_word' id='word_1_23' title='bbox 577 381 676 451; x_wconf 85' lang='grc' dir='ltr'>μὲν</span> <span class='ocrx_word' id='word_1_24' title='bbox 701 380 798 450; x_wconf 86' lang='grc' dir='ltr'>τὴν</span> <span class='ocrx_word' id='word_1_25' title='bbox 827 378 1024 449; x_wconf 84' lang='grc' dir='ltr'>ἐσθῆτα</span> <span class='ocrx_word' id='word_1_26' title='bbox 1056 379 1155 448; x_wconf 79' lang='grc' dir='ltr'>τὴν</span> <span class='ocrx_word' id='word_1_27' title='bbox 1193 376 1470 448; x_wconf 85' lang='grc' dir='ltr'>πενθικὴν,</span> <span class='ocrx_word' id='word_1_28' title='bbox 1501 379 1855 448; x_wconf 77' lang='grc' dir='ltr'><strong>ἀμφιέννυται</strong></span> 
     </span>
    </p>
   </div>
   <div class='ocr_carea' id='block_1_7' title="bbox 291 470 1856 544">
    <p class='ocr_par' dir='ltr' id='par_1_7' title="bbox 291 470 1856 544">
     <span class='ocr_line' id='line_1_7' title="bbox 291 470 1856 544; baseline -0.003 -14"><span class='ocrx_word' id='word_1_29' title='bbox 291 476 353 531; x_wconf 81' lang='grc' dir='ltr'>δὲ</span> <span class='ocrx_word' id='word_1_30' title='bbox 380 475 660 544; x_wconf 72' lang='grc' dir='ltr'>πολυτελῆ,</span> <span class='ocrx_word' id='word_1_31' title='bbox 692 474 788 526; x_wconf 60' lang='grc' dir='ltr'><strong>καλ⁵</strong></span> <span class='ocrx_word' id='word_1_32' title='bbox 813 471 949 543; x_wconf 85' lang='grc' dir='ltr'>πρὸς</span> <span class='ocrx_word' id='word_1_33' title='bbox 972 473 1092 534; x_wconf 87' lang='grc' dir='ltr'>ταῖς</span> <span class='ocrx_word' id='word_1_34' title='bbox 1121 470 1316 533; x_wconf 84' lang='grc' dir='ltr'><strong>πύλαις</strong></span> <span class='ocrx_word' id='word_1_35' title='bbox 1336 471 1433 540; x_wconf 79' lang='grc' dir='ltr'>τῆς</span> <span class='ocrx_word' id='word_1_36' title='bbox 1458 471 1668 534; x_wconf 88' lang='grc' dir='ltr'>πόλεως</span> <span class='ocrx_word' id='word_1_37' title='bbox 1695 472 1856 526; x_wconf 81' lang='grc' dir='ltr'>Αίνάν</span> 
     </span>
    </p>
   </div>
   <div class='ocr_carea' id='block_1_8' title="bbox 293 560 1853 633">
    <p class='ocr_par' dir='ltr' id='par_1_8' title="bbox 293 560 1853 633">
     <span class='ocr_line' id='line_1_8' title="bbox 293 560 1853 633; baseline -0.004 -13"><span class='ocrx_word' id='word_1_38' title='bbox 293 565 601 628; x_wconf 77' lang='grc' dir='ltr'><strong>ἐκαθέζετο,</strong></span> <span class='ocrx_word' id='word_1_39' title='bbox 634 565 701 633; x_wconf 75' lang='grc' dir='ltr'>ἢν</span> <span class='ocrx_word' id='word_1_40' title='bbox 725 565 754 617; x_wconf 89' lang='lat'><strong>6</strong></span> <span class='ocrx_word' id='word_1_41' title='bbox 798 562 998 626; x_wconf 84' lang='grc' dir='ltr'><strong>Ἰούδας</strong></span> <span class='ocrx_word' id='word_1_42' title='bbox 1029 561 1235 615; x_wconf 82' lang='grc' dir='ltr'>ἐκεῖθεν</span> <span class='ocrx_word' id='word_1_43' title='bbox 1266 560 1475 633; x_wconf 86' lang='grc' dir='ltr'>παριὼν</span> <span class='ocrx_word' id='word_1_44' title='bbox 1505 561 1853 633; x_wconf 85' lang='grc' dir='ltr'>θεασάμενος,</span> 
     </span>
    </p>
   </div>
   <div class='ocr_carea' id='block_1_9' title="bbox 291 653 1857 730">
    <p class='ocr_par' dir='ltr' id='par_1_9' title="bbox 291 653 1857 730">
     <span class='ocr_line' id='line_1_9' title="bbox 291 653 1857 730; baseline -0.001 -21"><span class='ocrx_word' id='word_1_45' title='bbox 291 657 370 722; x_wconf 71' lang='grc' dir='ltr'><strong>ὡς</strong></span> <span class='ocrx_word' id='word_1_46' title='bbox 401 658 620 730; x_wconf 78' lang='grc' dir='ltr'><strong>ἑταίρας</strong></span> <span class='ocrx_word' id='word_1_47' title='bbox 656 653 868 727; x_wconf 77' lang='grc' dir='ltr'><strong>ἠράσθη</strong></span> <span class='ocrx_word' id='word_1_48' title='bbox 900 655 1086 726; x_wconf 81' lang='grc' dir='ltr'>αὐτῆς·</span> <span class='ocrx_word' id='word_1_49' title='bbox 1118 654 1179 706; x_wconf 82' lang='grc' dir='ltr'>τὸ</span> <span class='ocrx_word' id='word_1_50' title='bbox 1209 654 1316 725; x_wconf 79' lang='grc' dir='ltr'><strong>γὰρ</strong></span> <span class='ocrx_word' id='word_1_51' title='bbox 1363 653 1648 727; x_wconf 87' lang='grc' dir='ltr'>πρόσωπον</span> <span class='ocrx_word' id='word_1_52' title='bbox 1689 655 1857 726; x_wconf 81' lang='grc' dir='ltr'>αὐτῆς</span> 
     </span>
    </p>
   </div>
   <div class='ocr_carea' id='block_1_10' title="bbox 291 747 1856 821">
    <p class='ocr_par' dir='ltr' id='par_1_10' title="bbox 291 747 1856 821">
     <span class='ocr_line' id='line_1_10' title="bbox 291 747 1856 821; baseline -0.001 -18"><span class='ocrx_word' id='word_1_53' title='bbox 291 752 429 820; x_wconf 85' lang='grc' dir='ltr'>πρὸς</span> <span class='ocrx_word' id='word_1_54' title='bbox 458 749 522 803; x_wconf 78' lang='grc' dir='ltr'>τὸ</span> <span class='ocrx_word' id='word_1_55' title='bbox 549 750 623 821; x_wconf 81' lang='grc' dir='ltr'>μὴ</span> <span class='ocrx_word' id='word_1_56' title='bbox 656 747 1053 818; x_wconf 75' lang='grc' dir='ltr'><strong>ἐπιγνωσθῆναι</strong></span> <span class='ocrx_word' id='word_1_57' title='bbox 1081 748 1406 818; x_wconf 76' lang='grc' dir='ltr'>ἐπεκάλυψε,</span> <span class='ocrx_word' id='word_1_58' title='bbox 1441 750 1532 802; x_wconf 72' lang='grc' dir='ltr'>καὶ</span> <span class='ocrx_word' id='word_1_59' title='bbox 1557 749 1856 821; x_wconf 82' lang='grc' dir='ltr'>ὑποσχόμε-</span> 
     </span>
    </p>
   </div>
   <div class='ocr_carea' id='block_1_11' title="bbox 285 837 1850 914">
    <p class='ocr_par' dir='ltr' id='par_1_11' title="bbox 285 837 1850 914">
     <span class='ocr_line' id='line_1_11' title="bbox 285 837 1850 914; baseline -0.001 -19"><span class='ocrx_word' id='word_1_60' title='bbox 285 859 378 904; x_wconf 78' lang='grc' dir='ltr'><strong>νος</strong></span> <span class='ocrx_word' id='word_1_61' title='bbox 417 842 554 912; x_wconf 78' lang='grc' dir='ltr'>αὐτῇ</span> <span class='ocrx_word' id='word_1_62' title='bbox 582 842 764 912; x_wconf 74' lang='grc' dir='ltr'>ἔριφον</span> <span class='ocrx_word' id='word_1_63' title='bbox 793 839 1123 901; x_wconf 86' lang='grc' dir='ltr'>ἀποστεῖλαι,</span> <span class='ocrx_word' id='word_1_64' title='bbox 1147 837 1297 906; x_wconf 73' lang='grc' dir='ltr'>ἠξίου</span> <span class='ocrx_word' id='word_1_65' title='bbox 1326 838 1664 908; x_wconf 81' lang='grc' dir='ltr'>συμμιγῆναι</span> <span class='ocrx_word' id='word_1_66' title='bbox 1695 841 1850 914; x_wconf 80' lang='grc' dir='ltr'>αὐτῇ.</span> 
     </span>
    </p>
   </div>
   <div class='ocr_carea' id='block_1_12' title="bbox 299 925 1852 1004">
    <p class='ocr_par' dir='ltr' id='par_1_12' title="bbox 299 925 1852 1004">
     <span class='ocr_line' id='line_1_12' title="bbox 299 925 1852 1004; baseline 0 -19"><span class='ocrx_word' id='word_1_67' title='bbox 299 933 369 985; x_wconf 87' lang='lat' dir='ltr'><strong>&#39;H</strong></span> <span class='ocrx_word' id='word_1_68' title='bbox 398 932 457 986; x_wconf 86' lang='grc' dir='ltr'>δὲ</span> <span class='ocrx_word' id='word_1_69' title='bbox 491 933 553 986; x_wconf 90' lang='grc' dir='ltr'><strong>ού</strong></span> <span class='ocrx_word' id='word_1_70' title='bbox 584 932 846 1004; x_wconf 72' lang='grc' dir='ltr'>πρότερον</span> <span class='ocrx_word' id='word_1_71' title='bbox 876 925 1040 996; x_wconf 78' lang='grc' dir='ltr'>εἶξεν,</span> <span class='ocrx_word' id='word_1_72' title='bbox 1066 931 1112 983; x_wconf 84' lang='grc' dir='ltr'><strong>εί</strong></span> <span class='ocrx_word' id='word_1_73' title='bbox 1149 930 1225 1001; x_wconf 81' lang='grc' dir='ltr'>μὴ</span> <span class='ocrx_word' id='word_1_74' title='bbox 1253 929 1504 1002; x_wconf 86' lang='grc' dir='ltr'>ἐνέχυρον</span> <span class='ocrx_word' id='word_1_75' title='bbox 1531 931 1625 984; x_wconf 86' lang='grc' dir='ltr'>τὸν</span> <span class='ocrx_word' id='word_1_76' title='bbox 1655 931 1852 985; x_wconf 88' lang='grc' dir='ltr'>δακτύ-</span> 
     </span>
    </p>
   </div>
   <div class='ocr_carea' id='block_1_13' title="bbox 285 1022 1851 1098">
    <p class='ocr_par' dir='ltr' id='par_1_13' title="bbox 285 1022 1851 1098">
     <span class='ocr_line' id='line_1_13' title="bbox 285 1022 1851 1098; baseline 0.001 -21"><span class='ocrx_word' id='word_1_77' title='bbox 285 1025 423 1085; x_wconf 85' lang='grc' dir='ltr'>λιον,</span> <span class='ocrx_word' id='word_1_78' title='bbox 457 1025 554 1079; x_wconf 79' lang='grc' dir='ltr'>καὶ</span> <span class='ocrx_word' id='word_1_79' title='bbox 592 1025 683 1078; x_wconf 81' lang='grc' dir='ltr'>τὸν</span> <span class='ocrx_word' id='word_1_80' title='bbox 721 1024 1002 1096; x_wconf 76' lang='grc' dir='ltr'><strong>ὁρμίσκον,</strong></span> <span class='ocrx_word' id='word_1_81' title='bbox 1034 1023 1128 1076; x_wconf 67' lang='grc' dir='ltr'>καὶ</span> <span class='ocrx_word' id='word_1_82' title='bbox 1159 1022 1254 1094; x_wconf 82' lang='grc' dir='ltr'><strong>τὴν</strong></span> <span class='ocrx_word' id='word_1_83' title='bbox 1295 1023 1590 1096; x_wconf 81' lang='grc' dir='ltr'><strong>βακτηρίαν</strong></span> <span class='ocrx_word' id='word_1_84' title='bbox 1615 1025 1851 1098; x_wconf 70' lang='grc' dir='ltr'>εἴληφεν.</span> 
     </span>
    </p>
   </div>
   <div class='ocr_carea' id='block_1_14' title="bbox 296 1113 1854 1187">
    <p class='ocr_par' dir='ltr' id='par_1_14' title="bbox 296 1113 1854 1187">
     <span class='ocr_line' id='line_1_14' title="bbox 296 1113 1854 1187; baseline 0 -17"><span class='ocrx_word' id='word_1_85' title='bbox 296 1117 388 1180; x_wconf 82' lang='grc' dir='ltr'>Ὠς</span> <span class='ocrx_word' id='word_1_86' title='bbox 425 1116 483 1171; x_wconf 89' lang='grc' dir='ltr'><strong>δέ</strong></span> <span class='ocrx_word' id='word_1_87' title='bbox 527 1115 792 1187; x_wconf 78' lang='grc' dir='ltr'><strong>συνεμίγη</strong></span> <span class='ocrx_word' id='word_1_88' title='bbox 827 1115 985 1186; x_wconf 78' lang='grc' dir='ltr'>αὐτῇ,</span> <span class='ocrx_word' id='word_1_89' title='bbox 1037 1113 1195 1177; x_wconf 73' lang='grc' dir='ltr'>αὐτὸς</span> <span class='ocrx_word' id='word_1_90' title='bbox 1254 1115 1351 1186; x_wconf 84' lang='grc' dir='ltr'>μὲν</span> <span class='ocrx_word' id='word_1_91' title='bbox 1393 1117 1473 1179; x_wconf 89' lang='grc' dir='ltr'><strong>είς</strong></span> <span class='ocrx_word' id='word_1_92' title='bbox 1521 1115 1590 1169; x_wconf 81' lang='grc' dir='ltr'><strong>τὰ</strong></span> <span class='ocrx_word' id='word_1_93' title='bbox 1630 1116 1854 1187; x_wconf 82' lang='grc' dir='ltr'>ποίμνια</span> 
     </span>
    </p>
   </div>
   <div class='ocr_carea' id='block_1_15' title="bbox 279 1206 1854 1280">
    <p class='ocr_par' dir='ltr' id='par_1_15' title="bbox 279 1206 1854 1280">
     <span class='ocr_line' id='line_1_15' title="bbox 279 1206 1854 1280; baseline 0.001 -18"><span class='ocrx_word' id='word_1_94' title='bbox 279 1208 453 1262; x_wconf 77' lang='grc' dir='ltr'>αὑτοῦ</span> <span class='ocrx_word' id='word_1_95' title='bbox 501 1209 754 1277; x_wconf 78' lang='grc' dir='ltr'>ἀφίκετο·</span> <span class='ocrx_word' id='word_1_96' title='bbox 803 1211 837 1280; x_wconf 81' lang='grc' dir='ltr'>ἡ</span> <span class='ocrx_word' id='word_1_97' title='bbox 868 1209 924 1263; x_wconf 83' lang='grc' dir='ltr'>δὲ</span> <span class='ocrx_word' id='word_1_98' title='bbox 959 1206 1440 1280; x_wconf 81' lang='grc' dir='ltr'>μεταμφιεσαμένη</span> <span class='ocrx_word' id='word_1_99' title='bbox 1477 1208 1635 1262; x_wconf 88' lang='grc' dir='ltr'>πάλιν</span> <span class='ocrx_word' id='word_1_100' title='bbox 1665 1208 1732 1262; x_wconf 76' lang='grc' dir='ltr'><strong>τὰ</strong></span> <span class='ocrx_word' id='word_1_101' title='bbox 1756 1211 1854 1280; x_wconf 76' lang='grc' dir='ltr'>τῆς</span> 
     </span>
    </p>
   </div>
   <div class='ocr_carea' id='block_1_16' title="bbox 280 1299 1856 1374">
    <p class='ocr_par' dir='ltr' id='par_1_16' title="bbox 280 1299 1856 1374">
     <span class='ocr_line' id='line_1_16' title="bbox 280 1299 1856 1374; baseline -0.008 -15"><span class='ocrx_word' id='word_1_102' title='bbox 280 1303 460 1372; x_wconf 79' lang='grc' dir='ltr'>χήρας</span> <span class='ocrx_word' id='word_1_103' title='bbox 508 1300 798 1371; x_wconf 86' lang='grc' dir='ltr'>ἐνδύματα,</span> <span class='ocrx_word' id='word_1_104' title='bbox 832 1300 1130 1374; x_wconf 76' lang='grc' dir='ltr'>ἐκρύπτετο</span> <span class='ocrx_word' id='word_1_105' title='bbox 1179 1299 1527 1354; x_wconf 87' lang='grc' dir='ltr'>λανθάνουσα.</span> <span class='ocrx_word' id='word_1_106' title='bbox 1544 1301 1632 1364; x_wconf 85' lang='grc' dir='ltr'>Ὠς</span> <span class='ocrx_word' id='word_1_107' title='bbox 1653 1300 1696 1354; x_wconf 82' lang='grc' dir='ltr'>δ’</span> <span class='ocrx_word' id='word_1_108' title='bbox 1721 1301 1856 1354; x_wconf 83' lang='grc' dir='ltr'>ἀπο-</span> 
     </span>
    </p>
   </div>
   <div class='ocr_carea' id='block_1_17' title="bbox 281 1391 1854 1464">
    <p class='ocr_par' dir='ltr' id='par_1_17' title="bbox 281 1391 1854 1464">
     <span class='ocr_line' id='line_1_17' title="bbox 281 1391 1854 1464; baseline 0 -19"><span class='ocrx_word' id='word_1_109' title='bbox 281 1393 505 1456; x_wconf 78' lang='grc' dir='ltr'>στείλας</span> <span class='ocrx_word' id='word_1_110' title='bbox 548 1395 577 1446; x_wconf 89' lang='grc' dir='ltr'><strong>ό</strong></span> <span class='ocrx_word' id='word_1_111' title='bbox 617 1392 814 1457; x_wconf 84' lang='grc' dir='ltr'>Ἰούδας</span> <span class='ocrx_word' id='word_1_112' title='bbox 847 1392 935 1446; x_wconf 86' lang='grc' dir='ltr'>τὸν</span> <span class='ocrx_word' id='word_1_113' title='bbox 968 1391 1153 1464; x_wconf 76' lang='grc' dir='ltr'>ἔριφον</span> <span class='ocrx_word' id='word_1_114' title='bbox 1187 1391 1441 1464; x_wconf 79' lang='grc' dir='ltr'>ἐπεζήτει</span> <span class='ocrx_word' id='word_1_115' title='bbox 1474 1392 1565 1446; x_wconf 82' lang='grc' dir='ltr'>τὸν</span> <span class='ocrx_word' id='word_1_116' title='bbox 1595 1393 1854 1464; x_wconf 81' lang='grc' dir='ltr'>ὁρμίσκον</span> 
     </span>
    </p>
   </div>
   <div class='ocr_carea' id='block_1_18' title="bbox 277 1478 1853 1558">
    <p class='ocr_par' dir='ltr' id='par_1_18' title="bbox 277 1478 1853 1558">
     <span class='ocr_line' id='line_1_18' title="bbox 277 1478 1853 1558; baseline 0.001 -20"><span class='ocrx_word' id='word_1_117' title='bbox 277 1486 381 1538; x_wconf 72' lang='grc' dir='ltr'>καὶ</span> <span class='ocrx_word' id='word_1_118' title='bbox 431 1484 498 1539; x_wconf 76' lang='grc' dir='ltr'><strong>τὰ</strong></span> <span class='ocrx_word' id='word_1_119' title='bbox 540 1485 686 1556; x_wconf 78' lang='grc' dir='ltr'>ἑξῆς,</span> <span class='ocrx_word' id='word_1_120' title='bbox 713 1487 806 1539; x_wconf 73' lang='grc' dir='ltr'>καὶ</span> <span class='ocrx_word' id='word_1_121' title='bbox 854 1486 950 1556; x_wconf 85' lang='grc' dir='ltr'>ούχ</span> <span class='ocrx_word' id='word_1_122' title='bbox 999 1478 1176 1558; x_wconf 73' lang='grc' dir='ltr'>εὗρεν,</span> <span class='ocrx_word' id='word_1_123' title='bbox 1212 1486 1304 1540; x_wconf 71' lang='grc' dir='ltr'>ἐπὶ</span> <span class='ocrx_word' id='word_1_124' title='bbox 1334 1485 1412 1556; x_wconf 81' lang='grc' dir='ltr'>τῷ</span> <span class='ocrx_word' id='word_1_125' title='bbox 1456 1484 1853 1557; x_wconf 85' lang='grc' dir='ltr'>παραλογισμῷ</span> 
     </span>
    </p>
   </div>
   <div class='ocr_carea' id='block_1_19' title="bbox 270 1575 1850 1650">
    <p class='ocr_par' dir='ltr' id='par_1_19' title="bbox 270 1575 1850 1650">
     <span class='ocr_line' id='line_1_19' title="bbox 270 1575 1850 1650; baseline 0 -21"><span class='ocrx_word' id='word_1_126' title='bbox 270 1575 554 1649; x_wconf 83' lang='grc' dir='ltr'>διεπρίετο</span> <span class='ocrx_word' id='word_1_127' title='bbox 601 1577 804 1647; x_wconf 84' lang='grc' dir='ltr'>μέντοι,</span> <span class='ocrx_word' id='word_1_128' title='bbox 851 1577 1135 1650; x_wconf 76' lang='grc' dir='ltr'>ἐκαρτέρει</span> <span class='ocrx_word' id='word_1_129' title='bbox 1183 1577 1240 1631; x_wconf 82' lang='grc' dir='ltr'>δὲ</span> <span class='ocrx_word' id='word_1_130' title='bbox 1291 1579 1540 1649; x_wconf 71' lang='grc' dir='ltr'>φωρᾶσαι</span> <span class='ocrx_word' id='word_1_131' title='bbox 1587 1576 1850 1642; x_wconf 82' lang='grc' dir='ltr'>παντοίως</span> 
     </span>
    </p>
   </div>
   <div class='ocr_carea' id='block_1_20' title="bbox 1959 381 3525 454">
    <p class='ocr_par' dir='ltr' id='par_1_20' title="bbox 1959 381 3525 454">
     <span class='ocr_line' id='line_1_20' title="bbox 1959 381 3525 454; baseline 0.005 -20"><span class='ocrx_word' id='word_1_132' title='bbox 1959 381 2190 452; x_wconf 77' lang='lat' dir='ltr'><strong>gniﬁce,</strong></span> <span class='ocrx_word' id='word_1_133' title='bbox 2231 393 2283 437; x_wconf 90' lang='lat' dir='ltr'><strong>et</strong></span> <span class='ocrx_word' id='word_1_134' title='bbox 2332 381 2653 454; x_wconf 89' lang='lat' dir='ltr'><strong>splendide,</strong></span> <span class='ocrx_word' id='word_1_135' title='bbox 2693 383 2939 452; x_wconf 87' lang='lat' dir='ltr'><strong>seditque</strong></span> <span class='ocrx_word' id='word_1_136' title='bbox 2985 383 3050 437; x_wconf 88' lang='lat' dir='ltr'><strong>ad</strong></span> <span class='ocrx_word' id='word_1_137' title='bbox 3095 383 3239 440; x_wconf 88' lang='lat' dir='ltr'><strong>fores</strong></span> <span class='ocrx_word' id='word_1_138' title='bbox 3288 386 3525 442; x_wconf 88' lang='lat' dir='ltr'><strong>civitatis</strong></span> 
     </span>
    </p>
   </div>
   <div class='ocr_carea' id='block_1_21' title="bbox 1957 471 3522 547">
    <p class='ocr_par' dir='ltr' id='par_1_21' title="bbox 1957 471 3522 547">
     <span class='ocr_line' id='line_1_21' title="bbox 1957 471 3522 547; baseline 0.003 -20"><span class='ocrx_word' id='word_1_139' title='bbox 1957 471 2138 527; x_wconf 64' lang='lat' dir='ltr'><strong>Euan</strong></span> <span class='ocrx_word' id='word_1_140' title='bbox 2166 474 2238 538; x_wconf 75' lang='grc' dir='ltr'>ἰ,</span> <span class='ocrx_word' id='word_1_141' title='bbox 2271 489 2432 544; x_wconf 90' lang='lat' dir='ltr'><strong>quam</strong></span> <span class='ocrx_word' id='word_1_142' title='bbox 2455 471 2624 529; x_wconf 81' lang='lat' dir='ltr'><strong>Judas</strong></span> <span class='ocrx_word' id='word_1_143' title='bbox 2652 473 2776 528; x_wconf 91' lang='lat' dir='ltr'><strong>inde</strong></span> <span class='ocrx_word' id='word_1_144' title='bbox 2805 476 3121 544; x_wconf 60' lang='lat' dir='ltr'><strong>praeteriens</strong></span> <span class='ocrx_word' id='word_1_145' title='bbox 3153 487 3522 547; x_wconf 67' lang='lat' dir='ltr'><strong>compectam,</strong></span> 
     </span>
    </p>
   </div>
   <div class='ocr_carea' id='block_1_22' title="bbox 1957 564 3524 639">
    <p class='ocr_par' dir='ltr' id='par_1_22' title="bbox 1957 564 3524 639">
     <span class='ocr_line' id='line_1_22' title="bbox 1957 564 3524 639; baseline 0.006 -23"><span class='ocrx_word' id='word_1_146' title='bbox 1957 564 2036 618; x_wconf 94' lang='lat' dir='ltr'><strong>uti</strong></span> <span class='ocrx_word' id='word_1_147' title='bbox 2069 566 2402 620; x_wconf 90' lang='lat' dir='ltr'><strong>meretricem</strong></span> <span class='ocrx_word' id='word_1_148' title='bbox 2427 565 2676 635; x_wconf 86' lang='lat' dir='ltr'><strong>deperiit,</strong></span> <span class='ocrx_word' id='word_1_149' title='bbox 2702 566 2904 620; x_wconf 89' lang='lat' dir='ltr'><strong>vultum</strong></span> <span class='ocrx_word' id='word_1_150' title='bbox 2929 567 3092 634; x_wconf 92' lang='lat' dir='ltr'><strong>enim,</strong></span> <span class='ocrx_word' id='word_1_151' title='bbox 3123 584 3190 624; x_wconf 95' lang='lat' dir='ltr'><strong>ne</strong></span> <span class='ocrx_word' id='word_1_152' title='bbox 3223 584 3524 639; x_wconf 83' lang='lat' dir='ltr'><strong>cognosce-</strong></span> 
     </span>
    </p>
   </div>
   <div class='ocr_carea' id='block_1_23' title="bbox 1957 657 3523 730">
    <p class='ocr_par' dir='ltr' id='par_1_23' title="bbox 1957 657 3523 730">
     <span class='ocr_line' id='line_1_23' title="bbox 1957 657 3523 730; baseline 0.004 -22"><span class='ocrx_word' id='word_1_153' title='bbox 1957 664 2126 718; x_wconf 89' lang='lat' dir='ltr'><strong>retur,</strong></span> <span class='ocrx_word' id='word_1_154' title='bbox 2159 657 2490 720; x_wconf 79' lang='lat' dir='ltr'><strong>obduxerat,</strong></span> <span class='ocrx_word' id='word_1_155' title='bbox 2524 673 2690 727; x_wconf 88' lang='lat' dir='ltr'><strong>seque</strong></span> <span class='ocrx_word' id='word_1_156' title='bbox 2730 658 2943 712; x_wconf 74' lang='lat' dir='ltr'><strong>haedum</strong></span> <span class='ocrx_word' id='word_1_157' title='bbox 2987 659 3280 715; x_wconf 88' lang='lat' dir='ltr'><strong>missurum</strong></span> <span class='ocrx_word' id='word_1_158' title='bbox 3311 661 3523 730; x_wconf 89' lang='lat' dir='ltr'><strong>pollici-</strong></span> 
     </span>
    </p>
   </div>
   <div class='ocr_carea' id='block_1_24' title="bbox 1957 747 3523 819">
    <p class='ocr_par' dir='ltr' id='par_1_24' title="bbox 1957 747 3523 819">
     <span class='ocr_line' id='line_1_24' title="bbox 1957 747 3523 819; baseline 0.004 -19"><span class='ocrx_word' id='word_1_159' title='bbox 1957 755 2064 810; x_wconf 92' lang='lat' dir='ltr'><strong>tus,</strong></span> <span class='ocrx_word' id='word_1_160' title='bbox 2093 763 2208 802; x_wconf 88' lang='lat' dir='ltr'><strong>eam</strong></span> <span class='ocrx_word' id='word_1_161' title='bbox 2247 755 2305 801; x_wconf 93' lang='lat' dir='ltr'><strong>ut</strong></span> <span class='ocrx_word' id='word_1_162' title='bbox 2341 747 2445 802; x_wconf 87' lang='lat' dir='ltr'><strong>sibi</strong></span> <span class='ocrx_word' id='word_1_163' title='bbox 2466 747 2889 819; x_wconf 82' lang='lat' dir='ltr'><strong>conjungeretur</strong></span> <span class='ocrx_word' id='word_1_164' title='bbox 2910 753 3400 818; x_wconf 83' lang='lat' dir='ltr'><strong>percunctabatur;</strong></span> <span class='ocrx_word' id='word_1_165' title='bbox 3433 751 3523 806; x_wconf 86' lang='lat' dir='ltr'><strong>illa</strong></span> 
     </span>
    </p>
   </div>
   <div class='ocr_carea' id='block_1_25' title="bbox 1955 837 3513 912">
    <p class='ocr_par' dir='ltr' id='par_1_25' title="bbox 1955 837 3513 912">
     <span class='ocr_line' id='line_1_25' title="bbox 1955 837 3513 912; baseline 0.004 -21"><span class='ocrx_word' id='word_1_166' title='bbox 1955 837 2211 903; x_wconf 88' lang='lat' dir='ltr'><strong>abnuere,</strong></span> <span class='ocrx_word' id='word_1_167' title='bbox 2241 837 2345 892; x_wconf 90' lang='lat' dir='ltr'><strong>nisi</strong></span> <span class='ocrx_word' id='word_1_168' title='bbox 2377 838 2631 898; x_wconf 89' lang='lat' dir='ltr'><strong>annulus.</strong></span> <span class='ocrx_word' id='word_1_169' title='bbox 2671 838 2890 893; x_wconf 87' lang='lat' dir='ltr'><strong>catella‘</strong></span> <span class='ocrx_word' id='word_1_170' title='bbox 2926 838 3260 910; x_wconf 87' lang='lat' dir='ltr'><strong>baculusque</strong></span> <span class='ocrx_word' id='word_1_171' title='bbox 3315 841 3513 912; x_wconf 83' lang='lat' dir='ltr'><strong>pignus</strong></span> 
     </span>
    </p>
   </div>
   <div class='ocr_carea' id='block_1_26' title="bbox 1955 930 3523 1004">
    <p class='ocr_par' dir='ltr' id='par_1_26' title="bbox 1955 930 3523 1004">
     <span class='ocr_line' id='line_1_26' title="bbox 1955 930 3523 1004; baseline 0.003 -21"><span class='ocrx_word' id='word_1_172' title='bbox 1955 931 2023 986; x_wconf 81' lang='lat' dir='ltr'><strong>ab</strong></span> <span class='ocrx_word' id='word_1_173' title='bbox 2052 945 2117 984; x_wconf 89' lang='lat' dir='ltr'><strong>eo</strong></span> <span class='ocrx_word' id='word_1_174' title='bbox 2138 930 2242 985; x_wconf 93' lang='lat' dir='ltr'><strong>sibi</strong></span> <span class='ocrx_word' id='word_1_175' title='bbox 2267 930 2526 995; x_wconf 85' lang='lat' dir='ltr'><strong>daretur;</strong></span> <span class='ocrx_word' id='word_1_176' title='bbox 2575 937 2633 983; x_wconf 92' lang='lat' dir='ltr'><strong>ut</strong></span> <span class='ocrx_word' id='word_1_177' title='bbox 2665 946 2778 986; x_wconf 90' lang='lat' dir='ltr'><strong>rem</strong></span> <span class='ocrx_word' id='word_1_178' title='bbox 2813 931 3023 995; x_wconf 90' lang='lat' dir='ltr'><strong>habuit,</strong></span> <span class='ocrx_word' id='word_1_179' title='bbox 3061 933 3176 1003; x_wconf 91' lang='lat' dir='ltr'><strong>ipse</strong></span> <span class='ocrx_word' id='word_1_180' title='bbox 3203 933 3420 1004; x_wconf 83' lang='lat' dir='ltr'><strong>quidem</strong></span> <span class='ocrx_word' id='word_1_181' title='bbox 3454 934 3523 988; x_wconf 86' lang='lat' dir='ltr'><strong>ad</strong></span> 
     </span>
    </p>
   </div>
   <div class='ocr_carea' id='block_1_27' title="bbox 1955 1021 3520 1093">
    <p class='ocr_par' dir='ltr' id='par_1_27' title="bbox 1955 1021 3520 1093">
     <span class='ocr_line' id='line_1_27' title="bbox 1955 1021 3520 1093; baseline 0.006 -21"><span class='ocrx_word' id='word_1_182' title='bbox 1955 1035 2145 1092; x_wconf 86' lang='lat' dir='ltr'><strong>greges</strong></span> <span class='ocrx_word' id='word_1_183' title='bbox 2175 1021 2340 1086; x_wconf 89' lang='lat' dir='ltr'><strong>abiit;</strong></span> <span class='ocrx_word' id='word_1_184' title='bbox 2375 1022 2464 1076; x_wconf 91' lang='lat' dir='ltr'><strong>illa</strong></span> <span class='ocrx_word' id='word_1_185' title='bbox 2498 1021 2692 1077; x_wconf 88' lang='lat' dir='ltr'><strong>iterum</strong></span> <span class='ocrx_word' id='word_1_186' title='bbox 2723 1024 2897 1078; x_wconf 64' lang='lat' dir='ltr'><strong>viduae</strong></span> <span class='ocrx_word' id='word_1_187' title='bbox 2931 1024 3269 1080; x_wconf 79' lang='lat' dir='ltr'><strong>vestimentis</strong></span> <span class='ocrx_word' id='word_1_188' title='bbox 3301 1027 3520 1093; x_wconf 83' lang='lat' dir='ltr'><strong>amicta,</strong></span> 
     </span>
    </p>
   </div>
   <div class='ocr_carea' id='block_1_28' title="bbox 1955 1113 3519 1185">
    <p class='ocr_par' dir='ltr' id='par_1_28' title="bbox 1955 1113 3519 1185">
     <span class='ocr_line' id='line_1_28' title="bbox 1955 1113 3519 1185; baseline 0.003 -19"><span class='ocrx_word' id='word_1_189' title='bbox 1955 1113 2007 1167; x_wconf 90' lang='lat' dir='ltr'><strong>in</strong></span> <span class='ocrx_word' id='word_1_190' title='bbox 2031 1113 2244 1167; x_wconf 88' lang='lat' dir='ltr'><strong>occulto</strong></span> <span class='ocrx_word' id='word_1_191' title='bbox 2266 1113 2466 1168; x_wconf 86' lang='lat' dir='ltr'><strong>latebat</strong></span> <span class='ocrx_word' id='word_1_192' title='bbox 2500 1113 2700 1170; x_wconf 89' lang='lat' dir='ltr'><strong>abdita.</strong></span> <span class='ocrx_word' id='word_1_193' title='bbox 2737 1114 2806 1168; x_wconf 85' lang='lat' dir='ltr'><strong>At</strong></span> <span class='ocrx_word' id='word_1_194' title='bbox 2836 1113 3004 1170; x_wconf 83' lang='lat' dir='ltr'><strong>Judas</strong></span> <span class='ocrx_word' id='word_1_195' title='bbox 3038 1124 3096 1170; x_wconf 90' lang='lat' dir='ltr'><strong>ut</strong></span> <span class='ocrx_word' id='word_1_196' title='bbox 3123 1117 3292 1173; x_wconf 90' lang='lat' dir='ltr'><strong>misso</strong></span> <span class='ocrx_word' id='word_1_197' title='bbox 3331 1118 3519 1185; x_wconf 65' lang='lat' dir='ltr'><strong>haedo,</strong></span> 
     </span>
    </p>
   </div>
   <div class='ocr_carea' id='block_1_29' title="bbox 1953 1205 3523 1278">
    <p class='ocr_par' dir='ltr' id='par_1_29' title="bbox 1953 1205 3523 1278">
     <span class='ocr_line' id='line_1_29' title="bbox 1953 1205 3523 1278; baseline 0.005 -18"><span class='ocrx_word' id='word_1_198' title='bbox 1953 1205 2199 1260; x_wconf 89' lang='lat' dir='ltr'><strong>catellam</strong></span> <span class='ocrx_word' id='word_1_199' title='bbox 2232 1205 2547 1275; x_wconf 88' lang='lat' dir='ltr'><strong>reliquaque</strong></span> <span class='ocrx_word' id='word_1_200' title='bbox 2584 1206 2811 1276; x_wconf 80' lang='lat' dir='ltr'><strong>pignora</strong></span> <span class='ocrx_word' id='word_1_201' title='bbox 2852 1222 3142 1278; x_wconf 84' lang='lat' dir='ltr'><strong>reposcens</strong></span> <span class='ocrx_word' id='word_1_202' title='bbox 3164 1248 3179 1272; x_wconf 90' lang='lat'><strong>,</strong></span> <span class='ocrx_word' id='word_1_203' title='bbox 3230 1225 3338 1265; x_wconf 93' lang='lat' dir='ltr'><strong>non</strong></span> <span class='ocrx_word' id='word_1_204' title='bbox 3371 1212 3523 1268; x_wconf 88' lang='lat' dir='ltr'><strong>inve-</strong></span> 
     </span>
    </p>
   </div>
   <div class='ocr_carea' id='block_1_30' title="bbox 1954 1298 3521 1368">
    <p class='ocr_par' dir='ltr' id='par_1_30' title="bbox 1954 1298 3521 1368">
     <span class='ocr_line' id='line_1_30' title="bbox 1954 1298 3521 1368; baseline 0.004 -17"><span class='ocrx_word' id='word_1_205' title='bbox 1954 1299 2054 1362; x_wconf 87' lang='lat' dir='ltr'><strong>nit,</strong></span> <span class='ocrx_word' id='word_1_206' title='bbox 2102 1298 2270 1355; x_wconf 90' lang='lat' dir='ltr'><strong>variis</strong></span> <span class='ocrx_word' id='word_1_207' title='bbox 2325 1298 2743 1368; x_wconf 79' lang='lat' dir='ltr'><strong>cogitationibus</strong></span> <span class='ocrx_word' id='word_1_208' title='bbox 2797 1299 3176 1366; x_wconf 73' lang='lat' dir='ltr'><strong>afﬂictabatur,</strong></span> <span class='ocrx_word' id='word_1_209' title='bbox 3214 1303 3521 1359; x_wconf 88' lang='lat' dir='ltr'><strong>sustinebat</strong></span> 
     </span>
    </p>
   </div>
   <div class='ocr_carea' id='block_1_31' title="bbox 1954 1388 3519 1462">
    <p class='ocr_par' dir='ltr' id='par_1_31' title="bbox 1954 1388 3519 1462">
     <span class='ocr_line' id='line_1_31' title="bbox 1954 1388 3519 1462; baseline 0.004 -17"><span class='ocrx_word' id='word_1_210' title='bbox 1954 1401 2129 1446; x_wconf 88' lang='lat' dir='ltr'><strong>tamen</strong></span> <span class='ocrx_word' id='word_1_211' title='bbox 2186 1391 2438 1454; x_wconf 86' lang='lat' dir='ltr'><strong>omnino,</strong></span> <span class='ocrx_word' id='word_1_212' title='bbox 2491 1388 2887 1446; x_wconf 84' lang='lat' dir='ltr'><strong>fraudationem</strong></span> <span class='ocrx_word' id='word_1_213' title='bbox 2944 1391 3345 1462; x_wconf 87' lang='lat' dir='ltr'><strong>deprehendere</strong></span> <span class='ocrx_word' id='word_1_214' title='bbox 3400 1403 3519 1452; x_wconf 87' lang='lat' dir='ltr'><strong>stu-</strong></span> 
     </span>
    </p>
   </div>
   <div class='ocr_carea' id='block_1_32' title="bbox 1952 1482 3524 1558">
    <p class='ocr_par' dir='ltr' id='par_1_32' title="bbox 1952 1482 3524 1558">
     <span class='ocr_line' id='line_1_32' title="bbox 1952 1482 3524 1558; baseline 0.004 -18"><span class='ocrx_word' id='word_1_215' title='bbox 1952 1485 2108 1541; x_wconf 87' lang='lat' dir='ltr'><strong>dens.</strong></span> <span class='ocrx_word' id='word_1_216' title='bbox 2164 1482 2350 1555; x_wconf 90' lang='lat' dir='ltr'><strong>ltaque</strong></span> <span class='ocrx_word' id='word_1_217' title='bbox 2390 1499 2500 1539; x_wconf 91' lang='lat' dir='ltr'><strong>non</strong></span> <span class='ocrx_word' id='word_1_218' title='bbox 2566 1493 2685 1554; x_wconf 81' lang='lat' dir='ltr'><strong>post</strong></span> <span class='ocrx_word' id='word_1_219' title='bbox 2737 1486 2966 1540; x_wconf 89' lang='lat' dir='ltr'><strong>multum</strong></span> <span class='ocrx_word' id='word_1_220' title='bbox 3023 1493 3238 1558; x_wconf 91' lang='lat' dir='ltr'><strong>tempus</strong></span> <span class='ocrx_word' id='word_1_221' title='bbox 3285 1486 3524 1546; x_wconf 84' lang='lat' dir='ltr'><strong>Thamar</strong></span> 
     </span>
    </p>
   </div>
   <div class='ocr_carea' id='block_1_33' title="bbox 1953 1575 3522 1648">
    <p class='ocr_par' dir='ltr' id='par_1_33' title="bbox 1953 1575 3522 1648">
     <span class='ocr_line' id='line_1_33' title="bbox 1953 1575 3522 1648; baseline 0.004 -18"><span class='ocrx_word' id='word_1_222' title='bbox 1953 1575 2176 1647; x_wconf 86' lang='lat' dir='ltr'><strong>gravida</strong></span> <span class='ocrx_word' id='word_1_223' title='bbox 2199 1576 2554 1646; x_wconf 89' lang='lat' dir='ltr'><strong>comperitur,</strong></span> <span class='ocrx_word' id='word_1_224' title='bbox 2580 1576 2858 1648; x_wconf 80' lang='lat' dir='ltr'><strong>Judasque</strong></span> <span class='ocrx_word' id='word_1_225' title='bbox 2890 1592 3008 1633; x_wconf 89' lang='lat' dir='ltr'><strong>eam</strong></span> <span class='ocrx_word' id='word_1_226' title='bbox 3045 1577 3365 1634; x_wconf 84' lang='lat' dir='ltr'><strong>fornicatam</strong></span> <span class='ocrx_word' id='word_1_227' title='bbox 3397 1596 3522 1636; x_wconf 89' lang='lat' dir='ltr'><strong>con-</strong></span> 
     </span>
    </p>
   </div>
   <div class='ocr_carea' id='block_1_34' title="bbox 272 1651 1841 1745">
    <p class='ocr_par' dir='ltr' id='par_1_34' title="bbox 272 1664 1841 1741">
     <span class='ocr_line' id='line_1_34' title="bbox 272 1664 1841 1741; baseline 0.001 -21"><span class='ocrx_word' id='word_1_228' title='bbox 272 1669 384 1736; x_wconf 76' lang='grc' dir='ltr'>τὴν</span> <span class='ocrx_word' id='word_1_229' title='bbox 409 1669 620 1739; x_wconf 81' lang='grc' dir='ltr'>ἀπάτην</span> <span class='ocrx_word' id='word_1_230' title='bbox 650 1669 984 1740; x_wconf 84' lang='grc' dir='ltr'>βουλόμενος.</span> <span class='ocrx_word' id='word_1_231' title='bbox 1019 1669 1224 1741; x_wconf 84' lang='grc' dir='ltr'>Χρόνου</span> <span class='ocrx_word' id='word_1_232' title='bbox 1252 1664 1343 1722; x_wconf 81' lang='grc' dir='ltr'>οὖν</span> <span class='ocrx_word' id='word_1_233' title='bbox 1383 1667 1738 1741; x_wconf 80' lang='grc' dir='ltr'>παρελθόντος</span> <span class='ocrx_word' id='word_1_234' title='bbox 1766 1669 1841 1738; x_wconf 79' lang='grc' dir='ltr'><strong>ἔγ-</strong></span> 
     </span>
    </p>
   </div>
   <div class='ocr_carea' id='block_1_35' title="bbox 1945 1651 3518 1745">
    <p class='ocr_par' dir='ltr' id='par_1_35' title="bbox 1955 1667 3518 1745">
     <span class='ocr_line' id='line_1_35' title="bbox 1955 1667 3518 1745; baseline 0.003 -23"><span class='ocrx_word' id='word_1_235' title='bbox 1955 1668 2164 1738; x_wconf 90' lang='lat' dir='ltr'><strong>cepisse</strong></span> <span class='ocrx_word' id='word_1_236' title='bbox 2197 1683 2319 1722; x_wconf 90' lang='lat' dir='ltr'><strong>cum</strong></span> <span class='ocrx_word' id='word_1_237' title='bbox 2354 1667 2616 1732; x_wconf 90' lang='lat' dir='ltr'><strong>audisset,</strong></span> <span class='ocrx_word' id='word_1_238' title='bbox 2645 1669 2822 1739; x_wconf 84' lang='lat' dir='ltr'><strong>jubet,</strong></span> <span class='ocrx_word' id='word_1_239' title='bbox 2857 1677 2916 1726; x_wconf 92' lang='lat' dir='ltr'><strong>ut</strong></span> <span class='ocrx_word' id='word_1_240' title='bbox 2943 1672 3133 1727; x_wconf 81' lang='lat' dir='ltr'><strong>vivens</strong></span> <span class='ocrx_word' id='word_1_241' title='bbox 3164 1671 3518 1745; x_wconf 82' lang='lat' dir='ltr'><strong>conflagrata,</strong></span> 
     </span>
    </p>
   </div>
   <div class='ocr_carea' id='block_1_36' title="bbox 272 1760 1845 1833">
    <p class='ocr_par' dir='ltr' id='par_1_36' title="bbox 272 1760 1845 1833">
     <span class='ocr_line' id='line_1_36' title="bbox 272 1760 1845 1833; baseline 0.002 -21"><span class='ocrx_word' id='word_1_242' title='bbox 272 1775 415 1827; x_wconf 88' lang='grc' dir='ltr'>γυος</span> <span class='ocrx_word' id='word_1_243' title='bbox 465 1763 498 1832; x_wconf 78' lang='grc' dir='ltr'>ἡ</span> <span class='ocrx_word' id='word_1_244' title='bbox 547 1761 744 1833; x_wconf 86' lang='grc' dir='ltr'>Θάμαρ</span> <span class='ocrx_word' id='word_1_245' title='bbox 790 1761 1016 1831; x_wconf 82' lang='grc' dir='ltr'>γίνεται,</span> <span class='ocrx_word' id='word_1_246' title='bbox 1050 1762 1144 1815; x_wconf 82' lang='grc' dir='ltr'>καὶ</span> <span class='ocrx_word' id='word_1_247' title='bbox 1178 1760 1413 1826; x_wconf 83' lang='grc' dir='ltr'>ἀκούσας</span> <span class='ocrx_word' id='word_1_248' title='bbox 1449 1763 1478 1815; x_wconf 90' lang='lat'><strong>6</strong></span> <span class='ocrx_word' id='word_1_249' title='bbox 1520 1760 1736 1825; x_wconf 88' lang='grc' dir='ltr'>Ἰούδας,</span> <span class='ocrx_word' id='word_1_250' title='bbox 1764 1761 1845 1815; x_wconf 84' lang='grc' dir='ltr'>ὃτι</span> 
     </span>
    </p>
   </div>
   <div class='ocr_carea' id='block_1_37' title="bbox 270 1853 1846 1926">
    <p class='ocr_par' dir='ltr' id='par_1_37' title="bbox 270 1853 1846 1926">
     <span class='ocr_line' id='line_1_37' title="bbox 270 1853 1846 1926; baseline 0.002 -21"><span class='ocrx_word' id='word_1_251' title='bbox 270 1855 344 1905; x_wconf 78' lang='grc' dir='ltr'><strong>ἐκ</strong></span> <span class='ocrx_word' id='word_1_252' title='bbox 379 1853 629 1924; x_wconf 80' lang='grc' dir='ltr'>πορνείας</span> <span class='ocrx_word' id='word_1_253' title='bbox 657 1855 958 1926; x_wconf 69' lang='grc' dir='ltr'>συνείληφε,</span> <span class='ocrx_word' id='word_1_254' title='bbox 987 1854 1308 1926; x_wconf 81' lang='grc' dir='ltr'>προστάττει</span> <span class='ocrx_word' id='word_1_255' title='bbox 1341 1854 1518 1919; x_wconf 82' lang='grc' dir='ltr'>ζῶσαν</span> <span class='ocrx_word' id='word_1_256' title='bbox 1543 1855 1709 1926; x_wconf 80' lang='grc' dir='ltr'>αὐτὴν</span> <span class='ocrx_word' id='word_1_257' title='bbox 1749 1872 1846 1908; x_wconf 89' lang='grc' dir='ltr'>κα-</span> 
     </span>
    </p>
   </div>
   <div class='ocr_carea' id='block_1_38' title="bbox 268 1945 1844 2020">
    <p class='ocr_par' dir='ltr' id='par_1_38' title="bbox 268 1945 1844 2020">
     <span class='ocr_line' id='line_1_38' title="bbox 268 1945 1844 2020; baseline 0.001 -22"><span class='ocrx_word' id='word_1_258' title='bbox 268 1945 663 2019; x_wconf 75' lang='grc' dir='ltr'>ταφλεχθῆναι.</span> <span class='ocrx_word' id='word_1_259' title='bbox 681 1949 744 2001; x_wconf 84' lang='grc' dir='ltr'><strong>Ἦ</strong></span> <span class='ocrx_word' id='word_1_260' title='bbox 770 1948 826 2002; x_wconf 89' lang='grc' dir='ltr'>δὲ</span> <span class='ocrx_word' id='word_1_261' title='bbox 849 1947 1088 2020; x_wconf 77' lang='grc' dir='ltr'>ἀγομένη</span> <span class='ocrx_word' id='word_1_262' title='bbox 1114 1947 1427 2002; x_wconf 86' lang='grc' dir='ltr'>ἀποστέλλει</span> <span class='ocrx_word' id='word_1_263' title='bbox 1451 1946 1528 2018; x_wconf 80' lang='grc' dir='ltr'>τῷ</span> <span class='ocrx_word' id='word_1_264' title='bbox 1561 1946 1726 2019; x_wconf 67' lang='grc' dir='ltr'>Ἰούδα</span> <span class='ocrx_word' id='word_1_265' title='bbox 1753 1947 1844 2001; x_wconf 84' lang='grc' dir='ltr'><strong>τδν</strong></span> 
     </span>
    </p>
   </div>
   <div class='ocr_carea' id='block_1_39' title="bbox 265 2038 1843 2112">
    <p class='ocr_par' dir='ltr' id='par_1_39' title="bbox 265 2038 1843 2112">
     <span class='ocr_line' id='line_1_39' title="bbox 265 2038 1843 2112; baseline 0.002 -21"><span class='ocrx_word' id='word_1_266' title='bbox 265 2038 562 2110; x_wconf 80' lang='grc' dir='ltr'>ὁρμίσκον,</span> <span class='ocrx_word' id='word_1_267' title='bbox 590 2041 684 2094; x_wconf 74' lang='grc' dir='ltr'>καὶ</span> <span class='ocrx_word' id='word_1_268' title='bbox 729 2040 817 2094; x_wconf 82' lang='grc' dir='ltr'>τὸν</span> <span class='ocrx_word' id='word_1_269' title='bbox 865 2039 1166 2104; x_wconf 88' lang='grc' dir='ltr'>δακτύλιον,</span> <span class='ocrx_word' id='word_1_270' title='bbox 1203 2041 1298 2094; x_wconf 60' lang='grc' dir='ltr'><strong>καὶ⁸</strong></span> <span class='ocrx_word' id='word_1_271' title='bbox 1339 2040 1438 2111; x_wconf 81' lang='grc' dir='ltr'>τὴν</span> <span class='ocrx_word' id='word_1_272' title='bbox 1491 2039 1703 2112; x_wconf 76' lang='grc' dir='ltr'>ῥάϐδον,</span> <span class='ocrx_word' id='word_1_273' title='bbox 1739 2043 1843 2111; x_wconf 79' lang='grc' dir='ltr'>φά-</span> 
     </span>
    </p>
   </div>
   <div class='ocr_carea' id='block_1_40' title="bbox 269 2127 1845 2204">
    <p class='ocr_par' dir='ltr' id='par_1_40' title="bbox 269 2127 1845 2204">
     <span class='ocr_line' id='line_1_40' title="bbox 269 2127 1845 2204; baseline 0.001 -20"><span class='ocrx_word' id='word_1_274' title='bbox 269 2146 485 2184; x_wconf 78' lang='grc' dir='ltr'>σκουσα</span> <span class='ocrx_word' id='word_1_275' title='bbox 505 2149 516 2162; x_wconf 85' lang='grc'><strong><em>-</em></strong></span> <span class='ocrx_word' id='word_1_276' title='bbox 562 2132 656 2186; x_wconf 83' lang='grc' dir='ltr'>Ἐκ</span> <span class='ocrx_word' id='word_1_277' title='bbox 687 2131 778 2186; x_wconf 81' lang='grc' dir='ltr'>τοῦ</span> <span class='ocrx_word' id='word_1_278' title='bbox 803 2131 1110 2204; x_wconf 84' lang='grc' dir='ltr'>ἀνθρώπου,</span> <span class='ocrx_word' id='word_1_279' title='bbox 1140 2127 1344 2196; x_wconf 75' lang='grc' dir='ltr'>οὗτινος</span> <span class='ocrx_word' id='word_1_280' title='bbox 1373 2132 1548 2186; x_wconf 78' lang='grc' dir='ltr'>ταῦτά</span> <span class='ocrx_word' id='word_1_281' title='bbox 1575 2133 1712 2195; x_wconf 90' lang='grc' dir='ltr'>ἐστι,</span> <span class='ocrx_word' id='word_1_282' title='bbox 1736 2131 1845 2201; x_wconf 85' lang='grc' dir='ltr'>ἐγὼ</span> 
     </span>
    </p>
   </div>
   <div class='ocr_carea' id='block_1_41' title="bbox 270 2221 1846 2298">
    <p class='ocr_par' dir='ltr' id='par_1_41' title="bbox 270 2221 1846 2298">
     <span class='ocr_line' id='line_1_41' title="bbox 270 2221 1846 2298; baseline 0.001 -25"><span class='ocrx_word' id='word_1_283' title='bbox 270 2221 593 2292; x_wconf 72' lang='grc' dir='ltr'>συνείληφα.</span> <span class='ocrx_word' id='word_1_284' title='bbox 614 2223 900 2292; x_wconf 84' lang='grc' dir='ltr'>Ἐπίγνωθι</span> <span class='ocrx_word' id='word_1_285' title='bbox 925 2221 1018 2278; x_wconf 77' lang='grc' dir='ltr'>οὖν</span> <span class='ocrx_word' id='word_1_286' title='bbox 1047 2223 1189 2286; x_wconf 84' lang='grc' dir='ltr'>τίνος</span> <span class='ocrx_word' id='word_1_287' title='bbox 1214 2225 1242 2276; x_wconf 97' lang='lat'><strong>6</strong></span> <span class='ocrx_word' id='word_1_288' title='bbox 1264 2221 1562 2287; x_wconf 87' lang='grc' dir='ltr'>δακτύλιος,</span> <span class='ocrx_word' id='word_1_289' title='bbox 1592 2223 1685 2276; x_wconf 78' lang='grc' dir='ltr'>καὶ</span> <span class='ocrx_word' id='word_1_290' title='bbox 1707 2221 1846 2298; x_wconf 79' lang='lat' dir='ltr'>66p-</span> 
     </span>
    </p>
   </div>
   <div class='ocr_carea' id='block_1_42' title="bbox 272 2313 1848 2386">
    <p class='ocr_par' dir='ltr' id='par_1_42' title="bbox 272 2313 1848 2386">
     <span class='ocr_line' id='line_1_42' title="bbox 272 2313 1848 2386; baseline 0 -21"><span class='ocrx_word' id='word_1_291' title='bbox 272 2313 494 2383; x_wconf 82' lang='grc' dir='ltr'>μίσκος,</span> <span class='ocrx_word' id='word_1_292' title='bbox 531 2315 624 2369; x_wconf 73' lang='grc' dir='ltr'><strong>καὶ</strong></span> <span class='ocrx_word' id='word_1_293' title='bbox 660 2318 692 2386; x_wconf 78' lang='grc' dir='ltr'>ἡ</span> <span class='ocrx_word' id='word_1_294' title='bbox 727 2316 940 2386; x_wconf 76' lang='grc' dir='ltr'>ῥάϐδος.</span> <span class='ocrx_word' id='word_1_295' title='bbox 959 2317 1016 2369; x_wconf 91' lang='lat'><strong>&#39;0</strong></span> <span class='ocrx_word' id='word_1_296' title='bbox 1055 2315 1111 2369; x_wconf 86' lang='grc' dir='ltr'>δὲ</span> <span class='ocrx_word' id='word_1_297' title='bbox 1158 2315 1380 2379; x_wconf 87' lang='grc' dir='ltr'>Ἰούδας,</span> <span class='ocrx_word' id='word_1_298' title='bbox 1408 2313 1727 2384; x_wconf 81' lang='grc' dir='ltr'>σχετλιάσας</span> <span class='ocrx_word' id='word_1_299' title='bbox 1757 2314 1848 2366; x_wconf 74' lang='grc' dir='ltr'><strong>ἐπὶ</strong></span> 
     </span>
    </p>
   </div>
   <div class='ocr_carea' id='block_1_43' title="bbox 1951 1758 3523 1830">
    <p class='ocr_par' dir='ltr' id='par_1_43' title="bbox 1951 1758 3523 1830">
     <span class='ocr_line' id='line_1_43' title="bbox 1951 1758 3523 1830; baseline 0.006 -18"><span class='ocrx_word' id='word_1_300' title='bbox 1951 1758 2202 1814; x_wconf 90' lang='lat' dir='ltr'><strong>incendio</strong></span> <span class='ocrx_word' id='word_1_301' title='bbox 2234 1759 2515 1824; x_wconf 84' lang='lat' dir='ltr'><strong>concidat;</strong></span> <span class='ocrx_word' id='word_1_302' title='bbox 2547 1776 2666 1830; x_wconf 63' lang='lat' dir='ltr'><strong>qua:</strong></span> <span class='ocrx_word' id='word_1_303' title='bbox 2681 1775 2804 1816; x_wconf 90' lang='lat' dir='ltr'><strong>cum</strong></span> <span class='ocrx_word' id='word_1_304' title='bbox 2829 1762 3138 1829; x_wconf 89' lang='lat' dir='ltr'><strong>duceretur,</strong></span> <span class='ocrx_word' id='word_1_305' title='bbox 3163 1762 3333 1823; x_wconf 66' lang='lat' dir='ltr'><strong>Iudae.</strong></span> <span class='ocrx_word' id='word_1_306' title='bbox 3353 1766 3523 1820; x_wconf 83' lang='lat' dir='ltr'><strong>catel-</strong></span> 
     </span>
    </p>
   </div>
   <div class='ocr_carea' id='block_1_44' title="bbox 1948 1849 3518 1921">
    <p class='ocr_par' dir='ltr' id='par_1_44' title="bbox 1948 1849 3518 1921">
     <span class='ocr_line' id='line_1_44' title="bbox 1948 1849 3518 1921; baseline 0.006 -18"><span class='ocrx_word' id='word_1_307' title='bbox 1948 1849 2078 1918; x_wconf 89' lang='lat' dir='ltr'><strong>lam,</strong></span> <span class='ocrx_word' id='word_1_308' title='bbox 2107 1849 2358 1904; x_wconf 87' lang='lat' dir='ltr'><strong>baculum</strong></span> <span class='ocrx_word' id='word_1_309' title='bbox 2387 1851 2752 1921; x_wconf 87' lang='lat' dir='ltr'><strong>annulumque</strong></span> <span class='ocrx_word' id='word_1_310' title='bbox 2777 1853 3019 1920; x_wconf 90' lang='lat' dir='ltr'><strong>remittit,</strong></span> <span class='ocrx_word' id='word_1_311' title='bbox 3050 1855 3238 1910; x_wconf 89' lang='lat' dir='ltr'><strong>dicens</strong></span> <span class='ocrx_word' id='word_1_312' title='bbox 3266 1875 3278 1912; x_wconf 92' lang='lat'>:</span> <span class='ocrx_word' id='word_1_313' title='bbox 3313 1856 3389 1910; x_wconf 82' lang='lat' dir='ltr'><strong>Ex</strong></span> <span class='ocrx_word' id='word_1_314' title='bbox 3420 1857 3518 1912; x_wconf 90' lang='lat' dir='ltr'><strong>ho-</strong></span> 
     </span>
    </p>
   </div>
   <div class='ocr_carea' id='block_1_45' title="bbox 1948 1939 3518 2017">
    <p class='ocr_par' dir='ltr' id='par_1_45' title="bbox 1948 1939 3518 2017">
     <span class='ocr_line' id='line_1_45' title="bbox 1948 1939 3518 2017; baseline 0.004 -23"><span class='ocrx_word' id='word_1_315' title='bbox 1948 1940 2094 1994; x_wconf 89' lang='lat' dir='ltr'><strong>mine</strong></span> <span class='ocrx_word' id='word_1_316' title='bbox 2124 1939 2281 2010; x_wconf 87' lang='lat' dir='ltr'><strong>cujus</strong></span> <span class='ocrx_word' id='word_1_317' title='bbox 2313 1940 2427 1994; x_wconf 52' lang='lat' dir='ltr'><strong>haec</strong></span> <span class='ocrx_word' id='word_1_318' title='bbox 2457 1951 2601 2005; x_wconf 89' lang='lat' dir='ltr'><strong>sunt,</strong></span> <span class='ocrx_word' id='word_1_319' title='bbox 2626 1956 2725 2012; x_wconf 89' lang='lat' dir='ltr'><strong>ego</strong></span> <span class='ocrx_word' id='word_1_320' title='bbox 2753 1945 2997 2013; x_wconf 90' lang='lat' dir='ltr'><strong>concepi,</strong></span> <span class='ocrx_word' id='word_1_321' title='bbox 3028 1945 3316 2014; x_wconf 89' lang='lat' dir='ltr'><strong>cujusnam</strong></span> <span class='ocrx_word' id='word_1_322' title='bbox 3354 1946 3518 2017; x_wconf 87' lang='lat' dir='ltr'><strong>igitur</strong></span> 
     </span>
    </p>
   </div>
   <div class='ocr_carea' id='block_1_46' title="bbox 1947 2032 3516 2104">
    <p class='ocr_par' dir='ltr' id='par_1_46' title="bbox 1947 2032 3516 2104">
     <span class='ocr_line' id='line_1_46' title="bbox 1947 2032 3516 2104; baseline 0.006 -20"><span class='ocrx_word' id='word_1_323' title='bbox 1947 2032 2201 2095; x_wconf 89' lang='lat' dir='ltr'><strong>annulus,</strong></span> <span class='ocrx_word' id='word_1_324' title='bbox 2233 2034 2427 2088; x_wconf 88' lang='lat' dir='ltr'><strong>catella</strong></span> <span class='ocrx_word' id='word_1_325' title='bbox 2452 2033 2786 2104; x_wconf 88' lang='lat' dir='ltr'><strong>baculusque</strong></span> <span class='ocrx_word' id='word_1_326' title='bbox 2832 2045 2978 2100; x_wconf 79' lang='lat' dir='ltr'><strong>sunt,</strong></span> <span class='ocrx_word' id='word_1_327' title='bbox 3010 2051 3197 2091; x_wconf 90' lang='lat' dir='ltr'><strong>nosce.</strong></span> <span class='ocrx_word' id='word_1_328' title='bbox 3224 2036 3320 2091; x_wconf 84' lang='lat' dir='ltr'><strong>His</strong></span> <span class='ocrx_word' id='word_1_329' title='bbox 3345 2035 3516 2094; x_wconf 73' lang='lat' dir='ltr'><strong>Iudas</strong></span> 
     </span>
    </p>
   </div>
   <div class='ocr_carea' id='block_1_47' title="bbox 1950 2125 3519 2199">
    <p class='ocr_par' dir='ltr' id='par_1_47' title="bbox 1950 2125 3519 2199">
     <span class='ocr_line' id='line_1_47' title="bbox 1950 2125 3519 2199; baseline 0.003 -20"><span class='ocrx_word' id='word_1_330' title='bbox 1950 2125 2131 2179; x_wconf 89' lang='lat' dir='ltr'><strong>animo</strong></span> <span class='ocrx_word' id='word_1_331' title='bbox 2160 2125 2407 2191; x_wconf 90' lang='lat' dir='ltr'><strong>indoluit,</strong></span> <span class='ocrx_word' id='word_1_332' title='bbox 2448 2125 2788 2197; x_wconf 87' lang='lat' dir='ltr'><strong>Numinequc</strong></span> <span class='ocrx_word' id='word_1_333' title='bbox 2813 2128 3042 2192; x_wconf 77' lang='lat' dir='ltr'><strong>afﬂatus,</strong></span> <span class='ocrx_word' id='word_1_334' title='bbox 3077 2136 3247 2184; x_wconf 88' lang='lat' dir='ltr'><strong>semet</strong></span> <span class='ocrx_word' id='word_1_335' title='bbox 3278 2130 3345 2184; x_wconf 91' lang='lat' dir='ltr'><strong>de</strong></span> <span class='ocrx_word' id='word_1_336' title='bbox 3373 2129 3519 2199; x_wconf 81' lang='lat' dir='ltr'><strong>inju-</strong></span> 
     </span>
    </p>
   </div>
   <div class='ocr_carea' id='block_1_48' title="bbox 1951 2217 3518 2292">
    <p class='ocr_par' dir='ltr' id='par_1_48' title="bbox 1951 2217 3518 2292">
     <span class='ocr_line' id='line_1_48' title="bbox 1951 2217 3518 2292; baseline 0.003 -20"><span class='ocrx_word' id='word_1_337' title='bbox 1951 2218 2098 2272; x_wconf 87' lang='lat' dir='ltr'><strong>stitia</strong></span> <span class='ocrx_word' id='word_1_338' title='bbox 2130 2217 2458 2282; x_wconf 88' lang='lat' dir='ltr'><strong>accusando,</strong></span> <span class='ocrx_word' id='word_1_339' title='bbox 2489 2217 2604 2273; x_wconf 66' lang='lat' dir='ltr'><strong>haec</strong></span> <span class='ocrx_word' id='word_1_340' title='bbox 2634 2220 2810 2274; x_wconf 90' lang='lat' dir='ltr'><strong>aiebat</strong></span> <span class='ocrx_word' id='word_1_341' title='bbox 2843 2238 2856 2273; x_wconf 91' lang='lat'>:</span> <span class='ocrx_word' id='word_1_342' title='bbox 2885 2218 3093 2274; x_wconf 84' lang='lat' dir='ltr'><strong>Justior</strong></span> <span class='ocrx_word' id='word_1_343' title='bbox 3116 2229 3199 2276; x_wconf 87' lang='lat' dir='ltr'><strong>est</strong></span> <span class='ocrx_word' id='word_1_344' title='bbox 3229 2235 3313 2276; x_wconf 91' lang='lat' dir='ltr'><strong>me</strong></span> <span class='ocrx_word' id='word_1_345' title='bbox 3343 2236 3356 2272; x_wconf 89' lang='lat'>:</span> <span class='ocrx_word' id='word_1_346' title='bbox 3391 2236 3518 2292; x_wconf 87' lang='lat' dir='ltr'><strong>pro-</strong></span> 
     </span>
    </p>
   </div>
   <div class='ocr_carea' id='block_1_49' title="bbox 1951 2299 3244 2381">
    <p class='ocr_par' dir='ltr' id='par_1_49' title="bbox 1951 2299 3244 2381">
     <span class='ocr_line' id='line_1_49' title="bbox 1951 2299 3244 2381; baseline 0.002 -16"><span class='ocrx_word' id='word_1_347' title='bbox 1951 2299 2136 2381; x_wconf 86' lang='lat' dir='ltr'><strong>pterea</strong></span> <span class='ocrx_word' id='word_1_348' title='bbox 2164 2310 2304 2380; x_wconf 88' lang='lat' dir='ltr'><strong>quod</strong></span> <span class='ocrx_word' id='word_1_349' title='bbox 2331 2325 2437 2363; x_wconf 91' lang='lat' dir='ltr'><strong>non</strong></span> <span class='ocrx_word' id='word_1_350' title='bbox 2462 2310 2581 2364; x_wconf 85' lang='lat' dir='ltr'><strong>dedi</strong></span> <span class='ocrx_word' id='word_1_351' title='bbox 2605 2326 2723 2366; x_wconf 90' lang='lat' dir='ltr'><strong>eam</strong></span> <span class='ocrx_word' id='word_1_352' title='bbox 2752 2310 2931 2368; x_wconf 86' lang='lat' dir='ltr'><strong>Selom</strong></span> <span class='ocrx_word' id='word_1_353' title='bbox 2963 2311 3072 2366; x_wconf 84' lang='lat' dir='ltr'><strong>lilio</strong></span> <span class='ocrx_word' id='word_1_354' title='bbox 3104 2328 3244 2367; x_wconf 91' lang='lat' dir='ltr'><strong>meo.</strong></span> 
     </span>
    </p>
   </div>
   <div class='ocr_carea' id='block_1_50' title="bbox 266 2404 3512 2482">
    <p class='ocr_par' dir='ltr' id='par_1_50' title="bbox 266 2404 3512 2482">
     <span class='ocr_line' id='line_1_50' title="bbox 266 2404 3512 2482; baseline 0.001 -22"><span class='ocrx_word' id='word_1_355' title='bbox 266 2408 355 2478; x_wconf 82' lang='grc' dir='ltr'><strong>τῷ</strong></span> <span class='ocrx_word' id='word_1_356' title='bbox 405 2412 708 2482; x_wconf 78' lang='grc' dir='ltr'>πράγματι,</span> <span class='ocrx_word' id='word_1_357' title='bbox 745 2413 838 2465; x_wconf 70' lang='grc' dir='ltr'>καὶ</span> <span class='ocrx_word' id='word_1_358' title='bbox 879 2411 1064 2476; x_wconf 75' lang='grc' dir='ltr'>ἔνθους</span> <span class='ocrx_word' id='word_1_359' title='bbox 1111 2411 1419 2482; x_wconf 86' lang='grc' dir='ltr'>γενόμενος,</span> <span class='ocrx_word' id='word_1_360' title='bbox 1465 2410 1624 2474; x_wconf 84' lang='grc' dir='ltr'>αὐτὸς</span> <span class='ocrx_word' id='word_1_361' title='bbox 1656 2409 1845 2464; x_wconf 74' lang='grc' dir='ltr'>ἑαυτὸν</span> <span class='ocrx_word' id='word_1_362' title='bbox 1877 2407 1970 2460; x_wconf 73' lang='grc' dir='ltr'><strong>ἐπὶ</strong></span> <span class='ocrx_word' id='word_1_363' title='bbox 2017 2408 2081 2477; x_wconf 83' lang='grc' dir='ltr'>τῇ</span> <span class='ocrx_word' id='word_1_364' title='bbox 2115 2404 2294 2477; x_wconf 76' lang='grc' dir='ltr'>ἀδικία</span> <span class='ocrx_word' id='word_1_365' title='bbox 2329 2406 2728 2476; x_wconf 76' lang='grc' dir='ltr'>κατεμέμφετο,</span> <span class='ocrx_word' id='word_1_366' title='bbox 2762 2406 2964 2474; x_wconf 87' lang='grc' dir='ltr'>λέγων·</span> <span class='ocrx_word' id='word_1_367' title='bbox 3011 2406 3360 2462; x_wconf 86' lang='grc' dir='ltr'>Δεδικαίωται</span> <span class='ocrx_word' id='word_1_368' title='bbox 3411 2405 3512 2462; x_wconf 85' lang='grc' dir='ltr'><strong>αὕ-</strong></span> 
     </span>
    </p>
   </div>
   <div class='ocr_carea' id='block_1_51' title="bbox 265 2497 2004 2575">
    <p class='ocr_par' dir='ltr' id='par_1_51' title="bbox 265 2497 2004 2575">
     <span class='ocr_line' id='line_1_51' title="bbox 265 2497 2004 2575; baseline -0.002 -20"><span class='ocrx_word' id='word_1_369' title='bbox 265 2518 364 2573; x_wconf 83' lang='grc' dir='ltr'><strong>τη,</strong></span> <span class='ocrx_word' id='word_1_370' title='bbox 397 2504 431 2574; x_wconf 78' lang='grc' dir='ltr'><strong>ἢ</strong></span> <span class='ocrx_word' id='word_1_371' title='bbox 462 2502 593 2572; x_wconf 79' lang='grc' dir='ltr'>ἐγὼ,</span> <span class='ocrx_word' id='word_1_372' title='bbox 614 2497 674 2556; x_wconf 76' lang='grc' dir='ltr'><strong>οὗ</strong></span> <span class='ocrx_word' id='word_1_373' title='bbox 699 2503 883 2557; x_wconf 73' lang='grc' dir='ltr'>ἕνεκεν</span> <span class='ocrx_word' id='word_1_374' title='bbox 904 2504 1003 2558; x_wconf 82' lang='grc' dir='ltr'>οὐκ</span> <span class='ocrx_word' id='word_1_375' title='bbox 1033 2503 1208 2557; x_wconf 75' lang='grc' dir='ltr'>ἔδωκα</span> <span class='ocrx_word' id='word_1_376' title='bbox 1233 2503 1401 2575; x_wconf 78' lang='grc' dir='ltr'>αὐτὴν</span> <span class='ocrx_word' id='word_1_377' title='bbox 1427 2502 1624 2573; x_wconf 85' lang='grc' dir='ltr'>Σηλὼμ</span> <span class='ocrx_word' id='word_1_378' title='bbox 1642 2501 1719 2573; x_wconf 80' lang='grc' dir='ltr'>τῷ</span> <span class='ocrx_word' id='word_1_379' title='bbox 1742 2499 1841 2571; x_wconf 81' lang='grc' dir='ltr'><strong>υἱῷ</strong></span> <span class='ocrx_word' id='word_1_380' title='bbox 1883 2516 2004 2570; x_wconf 89' lang='grc' dir='ltr'>μου.</span> 
     </span>
    </p>
   </div>
   <div class='ocr_carea' id='block_1_52' title="bbox 345 2593 1842 2669">
    <p class='ocr_par' dir='ltr' id='par_1_52' title="bbox 345 2593 1842 2669">
     <span class='ocr_line' id='line_1_52' title="bbox 345 2593 1842 2669; baseline -0.003 -19"><span class='ocrx_word' id='word_1_381' title='bbox 345 2596 494 2667; x_wconf 79' lang='grc' dir='ltr'>Δῦτη</span> <span class='ocrx_word' id='word_1_382' title='bbox 519 2596 598 2662; x_wconf 86' lang='grc' dir='ltr'><strong>δέ,</strong></span> <span class='ocrx_word' id='word_1_383' title='bbox 629 2596 890 2669; x_wconf 83' lang='grc' dir='ltr'>γενομένη</span> <span class='ocrx_word' id='word_1_384' title='bbox 924 2595 1129 2663; x_wconf 80' lang='grc' dir='ltr'>ἐπίτεξ,</span> <span class='ocrx_word' id='word_1_385' title='bbox 1163 2595 1418 2666; x_wconf 85' lang='grc' dir='ltr'>διδύμους</span> <span class='ocrx_word' id='word_1_386' title='bbox 1448 2596 1505 2647; x_wconf 82' lang='grc' dir='ltr'><strong>ἐν</strong></span> <span class='ocrx_word' id='word_1_387' title='bbox 1543 2593 1619 2665; x_wconf 83' lang='grc' dir='ltr'>τῷ</span> <span class='ocrx_word' id='word_1_388' title='bbox 1641 2593 1842 2648; x_wconf 90' lang='grc' dir='ltr'>τίκτειν</span> 
     </span>
    </p>
   </div>
   <div class='ocr_carea' id='block_1_53' title="bbox 267 2683 1841 2762">
    <p class='ocr_par' dir='ltr' id='par_1_53' title="bbox 267 2683 1841 2762">
     <span class='ocr_line' id='line_1_53' title="bbox 267 2683 1841 2762; baseline -0.005 -18"><span class='ocrx_word' id='word_1_389' title='bbox 267 2689 666 2762; x_wconf 80' lang='grc' dir='ltr'>προσήνεγκεν.</span> <span class='ocrx_word' id='word_1_390' title='bbox 698 2688 808 2741; x_wconf 81' lang='grc' dir='ltr'><strong>Καὶ</strong></span> <span class='ocrx_word' id='word_1_391' title='bbox 831 2689 860 2742; x_wconf 90' lang='lat'><strong>6</strong></span> <span class='ocrx_word' id='word_1_392' title='bbox 888 2687 986 2758; x_wconf 80' lang='grc' dir='ltr'>μὲν</span> <span class='ocrx_word' id='word_1_393' title='bbox 1013 2687 1230 2758; x_wconf 80' lang='grc' dir='ltr'>μείζων,</span> <span class='ocrx_word' id='word_1_394' title='bbox 1273 2686 1547 2739; x_wconf 87' lang='grc' dir='ltr'>τουτέστιν</span> <span class='ocrx_word' id='word_1_395' title='bbox 1569 2686 1598 2738; x_wconf 88' lang='grc' dir='ltr'><strong>ό</strong></span> <span class='ocrx_word' id='word_1_396' title='bbox 1627 2683 1841 2756; x_wconf 83' lang='grc' dir='ltr'>πρῶτος</span> 
     </span>
    </p>
   </div>
   <div class='ocr_carea' id='block_1_54' title="bbox 267 2774 1843 2853">
    <p class='ocr_par' dir='ltr' id='par_1_54' title="bbox 267 2774 1843 2853">
     <span class='ocr_line' id='line_1_54' title="bbox 267 2774 1843 2853; baseline -0.003 -21"><span class='ocrx_word' id='word_1_397' title='bbox 267 2781 370 2853; x_wconf 75' lang='grc' dir='ltr'>τὴν</span> <span class='ocrx_word' id='word_1_398' title='bbox 405 2784 560 2852; x_wconf 83' lang='grc' dir='ltr'>χεῖρα</span> <span class='ocrx_word' id='word_1_399' title='bbox 587 2779 750 2834; x_wconf 79' lang='grc' dir='ltr'>αὑτοῦ</span> <span class='ocrx_word' id='word_1_400' title='bbox 786 2777 1127 2850; x_wconf 80' lang='grc' dir='ltr'>προεξέϐαλε,</span> <span class='ocrx_word' id='word_1_401' title='bbox 1163 2780 1316 2850; x_wconf 78' lang='grc' dir='ltr'>καὶὴ</span> <span class='ocrx_word' id='word_1_402' title='bbox 1356 2780 1486 2848; x_wconf 86' lang='grc' dir='ltr'>μαῖα</span> <span class='ocrx_word' id='word_1_403' title='bbox 1525 2774 1680 2846; x_wconf 84' lang='grc' dir='ltr'>λῶμα</span> <span class='ocrx_word' id='word_1_404' title='bbox 1716 2775 1843 2828; x_wconf 89' lang='grc' dir='ltr'>κόκ-</span> 
     </span>
    </p>
   </div>
   <div class='ocr_carea' id='block_1_55' title="bbox 2014 2588 3509 2669">
    <p class='ocr_par' dir='ltr' id='par_1_55' title="bbox 2014 2588 3509 2669">
     <span class='ocr_line' id='line_1_55' title="bbox 2014 2588 3509 2669; baseline 0.007 -26"><span class='ocrx_word' id='word_1_405' title='bbox 2014 2588 2119 2644; x_wconf 89' lang='lat' dir='ltr'><strong>Sed</strong></span> <span class='ocrx_word' id='word_1_406' title='bbox 2145 2590 2380 2646; x_wconf 83' lang='lat' dir='ltr'><strong>Thamar</strong></span> <span class='ocrx_word' id='word_1_407' title='bbox 2426 2591 2539 2661; x_wconf 87' lang='lat' dir='ltr'><strong>jam</strong></span> <span class='ocrx_word' id='word_1_408' title='bbox 2569 2591 2898 2663; x_wconf 87' lang='lat' dir='ltr'><strong>parturiens,</strong></span> <span class='ocrx_word' id='word_1_409' title='bbox 2924 2593 3069 2650; x_wconf 90' lang='lat' dir='ltr'><strong>duos</strong></span> <span class='ocrx_word' id='word_1_410' title='bbox 3090 2596 3143 2650; x_wconf 92' lang='lat' dir='ltr'><strong>in</strong></span> <span class='ocrx_word' id='word_1_411' title='bbox 3185 2604 3343 2667; x_wconf 87' lang='lat' dir='ltr'><strong>partu</strong></span> <span class='ocrx_word' id='word_1_412' title='bbox 3377 2613 3509 2669; x_wconf 85' lang='lat' dir='ltr'><strong>pro-</strong></span> 
     </span>
    </p>
   </div>
   <div class='ocr_carea' id='block_1_56' title="bbox 1943 2683 3512 2757">
    <p class='ocr_par' dir='ltr' id='par_1_56' title="bbox 1943 2683 3512 2757">
     <span class='ocr_line' id='line_1_56' title="bbox 1943 2683 3512 2757; baseline 0.008 -21"><span class='ocrx_word' id='word_1_413' title='bbox 1943 2683 2172 2748; x_wconf 79' lang='lat' dir='ltr'><strong>tulit&quot;,</strong></span> <span class='ocrx_word' id='word_1_414' title='bbox 2219 2699 2452 2754; x_wconf 89' lang='lat' dir='ltr'><strong>quorum</strong></span> <span class='ocrx_word' id='word_1_415' title='bbox 2509 2686 2714 2757; x_wconf 88' lang='lat' dir='ltr'><strong>major,</strong></span> <span class='ocrx_word' id='word_1_416' title='bbox 2773 2686 2982 2757; x_wconf 90' lang='lat' dir='ltr'><strong>primus</strong></span> <span class='ocrx_word' id='word_1_417' title='bbox 3041 2689 3248 2745; x_wconf 91' lang='lat' dir='ltr'><strong>scilicet</strong></span> <span class='ocrx_word' id='word_1_418' title='bbox 3289 2705 3512 2748; x_wconf 89' lang='lat' dir='ltr'><strong>manum</strong></span> 
     </span>
    </p>
   </div>
   <div class='ocr_carea' id='block_1_57' title="bbox 1942 2775 3508 2854">
    <p class='ocr_par' dir='ltr' id='par_1_57' title="bbox 1942 2775 3508 2854">
     <span class='ocr_line' id='line_1_57' title="bbox 1942 2775 3508 2854; baseline 0.004 -24"><span class='ocrx_word' id='word_1_419' title='bbox 1942 2775 2144 2842; x_wconf 85' lang='lat' dir='ltr'><strong>emisit,</strong></span> <span class='ocrx_word' id='word_1_420' title='bbox 2175 2777 2544 2848; x_wconf 83' lang='lat' dir='ltr'><strong>obstetrixque</strong></span> <span class='ocrx_word' id='word_1_421' title='bbox 2574 2793 2691 2833; x_wconf 86' lang='lat' dir='ltr'><strong>eam</strong></span> <span class='ocrx_word' id='word_1_422' title='bbox 2720 2776 2930 2833; x_wconf 84' lang='lat' dir='ltr'><strong>ﬁmbria</strong></span> <span class='ocrx_word' id='word_1_423' title='bbox 2959 2794 3231 2850; x_wconf 89' lang='lat' dir='ltr'><strong>purpurea</strong></span> <span class='ocrx_word' id='word_1_424' title='bbox 3259 2782 3508 2854; x_wconf 82' lang='lat' dir='ltr'><strong>illigavit,</strong></span> 
     </span>
    </p>
   </div>
   <div class='ocr_carea' id='block_1_58' title="bbox 268 2863 1841 2956">
    <p class='ocr_par' dir='ltr' id='par_1_58' title="bbox 268 2863 1841 2944">
     <span class='ocr_line' id='line_1_58' title="bbox 268 2863 1841 2944; baseline -0.004 -16"><span class='ocrx_word' id='word_1_425' title='bbox 268 2891 424 2928; x_wconf 79' lang='grc' dir='ltr'>κινον</span> <span class='ocrx_word' id='word_1_426' title='bbox 470 2876 536 2943; x_wconf 80' lang='grc' dir='ltr'>τῇ</span> <span class='ocrx_word' id='word_1_427' title='bbox 587 2873 730 2944; x_wconf 79' lang='grc' dir='ltr'>χειρὶ</span> <span class='ocrx_word' id='word_1_428' title='bbox 777 2871 938 2926; x_wconf 83' lang='grc' dir='ltr'>αὑτοῦ</span> <span class='ocrx_word' id='word_1_429' title='bbox 983 2871 1302 2944; x_wconf 82' lang='grc' dir='ltr'>προσέδησε,</span> <span class='ocrx_word' id='word_1_430' title='bbox 1327 2870 1642 2939; x_wconf 80' lang='grc' dir='ltr'>φάσκουσα·</span> <span class='ocrx_word' id='word_1_431' title='bbox 1676 2863 1841 2932; x_wconf 76' lang='grc' dir='ltr'>Οὗτος</span> 
     </span>
    </p>
   </div>
   <div class='ocr_carea' id='block_1_59' title="bbox 1945 2863 3511 2956">
    <p class='ocr_par' dir='ltr' id='par_1_59' title="bbox 1945 2865 3511 2942">
     <span class='ocr_line' id='line_1_59' title="bbox 1945 2865 3511 2942; baseline 0.006 -22"><span class='ocrx_word' id='word_1_432' title='bbox 1945 2865 2162 2924; x_wconf 89' lang='lat' dir='ltr'><strong>dicens:</strong></span> <span class='ocrx_word' id='word_1_433' title='bbox 2184 2867 2281 2924; x_wconf 82' lang='lat' dir='ltr'><strong>llic</strong></span> <span class='ocrx_word' id='word_1_434' title='bbox 2301 2869 2509 2939; x_wconf 90' lang='lat' dir='ltr'><strong>primus</strong></span> <span class='ocrx_word' id='word_1_435' title='bbox 2530 2869 2828 2941; x_wconf 81' lang='lat' dir='ltr'><strong>egreditur,</strong></span> <span class='ocrx_word' id='word_1_436' title='bbox 2847 2869 3134 2942; x_wconf 90' lang='lat' dir='ltr'><strong>subitoque</strong></span> <span class='ocrx_word' id='word_1_437' title='bbox 3159 2887 3295 2942; x_wconf 89' lang='lat' dir='ltr'><strong>puer</strong></span> <span class='ocrx_word' id='word_1_438' title='bbox 3317 2887 3511 2931; x_wconf 80' lang='lat' dir='ltr'><strong>manus</strong></span> 
     </span>
    </p>
   </div>
   <div class='ocr_carea' id='block_1_60' title="bbox 272 2961 1842 3036">
    <p class='ocr_par' dir='ltr' id='par_1_60' title="bbox 272 2961 1842 3036">
     <span class='ocr_line' id='line_1_60' title="bbox 272 2961 1842 3036; baseline -0.005 -15"><span class='ocrx_word' id='word_1_439' title='bbox 272 2965 608 3032; x_wconf 76' lang='grc' dir='ltr'>ἐξελεύσεται</span> <span class='ocrx_word' id='word_1_440' title='bbox 648 2964 890 3036; x_wconf 72' lang='grc' dir='ltr'>πρῶτοςο</span> <span class='ocrx_word' id='word_1_441' title='bbox 926 2963 1022 3017; x_wconf 78' lang='grc' dir='ltr'>καὶ</span> <span class='ocrx_word' id='word_1_442' title='bbox 1051 2962 1252 3026; x_wconf 82' lang='grc' dir='ltr'>εὐθέως</span> <span class='ocrx_word' id='word_1_443' title='bbox 1275 2962 1336 3015; x_wconf 83' lang='grc' dir='ltr'>τὸ</span> <span class='ocrx_word' id='word_1_444' title='bbox 1365 2963 1572 3016; x_wconf 88' lang='grc' dir='ltr'>παιδίον</span> <span class='ocrx_word' id='word_1_445' title='bbox 1602 2961 1700 3034; x_wconf 85' lang='grc' dir='ltr'>τὴν</span> <span class='ocrx_word' id='word_1_446' title='bbox 1731 2963 1842 3033; x_wconf 86' lang='grc' dir='ltr'>χεῖ-</span> 
     </span>
    </p>
   </div>
   <div class='ocr_carea' id='block_1_61' title="bbox 269 3053 1842 3130">
    <p class='ocr_par' dir='ltr' id='par_1_61' title="bbox 269 3053 1842 3130">
     <span class='ocr_line' id='line_1_61' title="bbox 269 3053 1842 3130; baseline -0.004 -18"><span class='ocrx_word' id='word_1_447' title='bbox 269 3076 342 3130; x_wconf 90' lang='grc' dir='ltr'><strong>ρα</strong></span> <span class='ocrx_word' id='word_1_448' title='bbox 374 3057 519 3111; x_wconf 78' lang='grc' dir='ltr'>ἔνδον</span> <span class='ocrx_word' id='word_1_449' title='bbox 553 3059 844 3128; x_wconf 83' lang='grc' dir='ltr'>συνήγαγε,</span> <span class='ocrx_word' id='word_1_450' title='bbox 874 3056 968 3111; x_wconf 81' lang='grc' dir='ltr'>καὶ</span> <span class='ocrx_word' id='word_1_451' title='bbox 996 3055 1182 3127; x_wconf 84' lang='grc' dir='ltr'>ἐξῆλθε</span> <span class='ocrx_word' id='word_1_452' title='bbox 1211 3055 1423 3125; x_wconf 84' lang='grc' dir='ltr'>πρῶτος</span> <span class='ocrx_word' id='word_1_453' title='bbox 1449 3057 1476 3108; x_wconf 91' lang='lat'><strong>6</strong></span> <span class='ocrx_word' id='word_1_454' title='bbox 1503 3054 1726 3123; x_wconf 78' lang='grc' dir='ltr'>ἀδελφὸς</span> <span class='ocrx_word' id='word_1_455' title='bbox 1744 3053 1842 3106; x_wconf 74' lang='grc' dir='ltr'>αύο</span> 
     </span>
    </p>
   </div>
   <div class='ocr_carea' id='block_1_62' title="bbox 259 3141 1841 3219">
    <p class='ocr_par' dir='ltr' id='par_1_62' title="bbox 259 3141 1841 3219">
     <span class='ocr_line' id='line_1_62' title="bbox 259 3141 1841 3219; baseline -0.004 -17"><span class='ocrx_word' id='word_1_456' title='bbox 259 3147 366 3202; x_wconf 78' lang='grc' dir='ltr'>τοῦ</span> <span class='ocrx_word' id='word_1_457' title='bbox 395 3149 489 3202; x_wconf 81' lang='grc' dir='ltr'>καὶ</span> <span class='ocrx_word' id='word_1_458' title='bbox 512 3147 714 3219; x_wconf 78' lang='grc' dir='ltr'>ἐκλήθη</span> <span class='ocrx_word' id='word_1_459' title='bbox 742 3147 802 3200; x_wconf 72' lang='grc' dir='ltr'>τὸ</span> <span class='ocrx_word' id='word_1_460' title='bbox 827 3147 996 3217; x_wconf 79' lang='grc' dir='ltr'>ὄνομα</span> <span class='ocrx_word' id='word_1_461' title='bbox 1015 3145 1178 3200; x_wconf 77' lang='grc' dir='ltr'>αὐτοῦ</span> <span class='ocrx_word' id='word_1_462' title='bbox 1208 3145 1382 3216; x_wconf 81' lang='grc' dir='ltr'>Φαρές</span> <span class='ocrx_word' id='word_1_463' title='bbox 1399 3162 1411 3174; x_wconf 90' lang='grc'><strong>·</strong></span> <span class='ocrx_word' id='word_1_464' title='bbox 1443 3145 1537 3198; x_wconf 71' lang='grc' dir='ltr'>καὶ</span> <span class='ocrx_word' id='word_1_465' title='bbox 1561 3143 1696 3216; x_wconf 85' lang='grc' dir='ltr'><strong>μετά</strong></span> <span class='ocrx_word' id='word_1_466' title='bbox 1714 3141 1841 3196; x_wconf 78' lang='grc' dir='ltr'><strong>τοῦ-</strong></span> 
     </span>
    </p>
   </div>
   <div class='ocr_carea' id='block_1_63' title="bbox 262 3230 1838 3312">
    <p class='ocr_par' dir='ltr' id='par_1_63' title="bbox 262 3230 1838 3312">
     <span class='ocr_line' id='line_1_63' title="bbox 262 3230 1838 3312; baseline -0.004 -18"><span class='ocrx_word' id='word_1_467' title='bbox 262 3257 366 3294; x_wconf 84' lang='grc' dir='ltr'><strong>τον</strong></span> <span class='ocrx_word' id='word_1_468' title='bbox 408 3241 628 3312; x_wconf 79' lang='grc' dir='ltr'>ἐξῆλθεν</span> <span class='ocrx_word' id='word_1_469' title='bbox 677 3240 706 3293; x_wconf 90' lang='lat'><strong>6</strong></span> <span class='ocrx_word' id='word_1_470' title='bbox 751 3238 998 3308; x_wconf 78' lang='grc' dir='ltr'>ἀδελφὸς,</span> <span class='ocrx_word' id='word_1_471' title='bbox 1035 3238 1120 3306; x_wconf 79' lang='grc' dir='ltr'>ἐφ’</span> <span class='ocrx_word' id='word_1_472' title='bbox 1150 3230 1194 3305; x_wconf 81' lang='grc' dir='ltr'>ᾧ</span> <span class='ocrx_word' id='word_1_473' title='bbox 1219 3231 1286 3308; x_wconf 78' lang='grc' dir='ltr'>ἦν</span> <span class='ocrx_word' id='word_1_474' title='bbox 1312 3235 1372 3290; x_wconf 85' lang='grc' dir='ltr'>τὸ</span> <span class='ocrx_word' id='word_1_475' title='bbox 1409 3235 1658 3289; x_wconf 85' lang='grc' dir='ltr'>κόκκινον</span> <span class='ocrx_word' id='word_1_476' title='bbox 1687 3236 1744 3288; x_wconf 83' lang='grc' dir='ltr'><strong>ἐν</strong></span> <span class='ocrx_word' id='word_1_477' title='bbox 1772 3236 1838 3305; x_wconf 82' lang='grc' dir='ltr'><strong>τῇ</strong></span> 
     </span>
    </p>
   </div>
   <div class='ocr_carea' id='block_1_64' title="bbox 263 3327 1843 3403">
    <p class='ocr_par' dir='ltr' id='par_1_64' title="bbox 263 3327 1843 3403">
     <span class='ocr_line' id='line_1_64' title="bbox 263 3327 1843 3403; baseline -0.002 -18"><span class='ocrx_word' id='word_1_478' title='bbox 263 3333 436 3403; x_wconf 77' lang='grc' dir='ltr'>χειρὶ,</span> <span class='ocrx_word' id='word_1_479' title='bbox 470 3334 564 3387; x_wconf 79' lang='grc' dir='ltr'>καὶ</span> <span class='ocrx_word' id='word_1_480' title='bbox 613 3331 970 3403; x_wconf 85' lang='grc' dir='ltr'>ἐπωνομάσθη</span> <span class='ocrx_word' id='word_1_481' title='bbox 1014 3330 1181 3403; x_wconf 89' lang='grc' dir='ltr'>Ζαρά.</span> <span class='ocrx_word' id='word_1_482' title='bbox 1213 3328 1428 3382; x_wconf 88' lang='grc' dir='ltr'>Τούτων</span> <span class='ocrx_word' id='word_1_483' title='bbox 1472 3327 1764 3398; x_wconf 85' lang='grc' dir='ltr'>ἐτύγχανεν</span> <span class='ocrx_word' id='word_1_484' title='bbox 1813 3330 1843 3382; x_wconf 88' lang='lat'><strong>6</strong></span> 
     </span>
    </p>
   </div>
   <div class='ocr_carea' id='block_1_65' title="bbox 277 3407 1838 3494">
    <p class='ocr_par' dir='ltr' id='par_1_65' title="bbox 277 3407 1838 3494">
     <span class='ocr_line' id='line_1_65' title="bbox 277 3407 1838 3494; baseline -0.002 -18"><span class='ocrx_word' id='word_1_485' title='bbox 277 3425 481 3494; x_wconf 80' lang='grc' dir='ltr'>Ἰωσὴφ</span> <span class='ocrx_word' id='word_1_486' title='bbox 510 3424 774 3493; x_wconf 90' lang='grc' dir='ltr'>ἀπόγονος</span> <span class='ocrx_word' id='word_1_487' title='bbox 815 3424 844 3476; x_wconf 89' lang='lat'><strong>6</strong></span> <span class='ocrx_word' id='word_1_488' title='bbox 894 3423 1148 3494; x_wconf 81' lang='grc' dir='ltr'>μνήστωρ</span> <span class='ocrx_word' id='word_1_489' title='bbox 1178 3421 1274 3491; x_wconf 77' lang='grc' dir='ltr'>τῆς</span> <span class='ocrx_word' id='word_1_490' title='bbox 1303 3407 1570 3493; x_wconf 82' lang='grc' dir='ltr'>ἀχράντου</span> <span class='ocrx_word' id='word_1_491' title='bbox 1604 3420 1838 3491; x_wconf 85' lang='grc' dir='ltr'>Μαρίας,</span> 
     </span>
    </p>
   </div>
   <div class='ocr_carea' id='block_1_66' title="bbox 265 3511 1787 3587">
    <p class='ocr_par' dir='ltr' id='par_1_66' title="bbox 265 3511 1787 3587">
     <span class='ocr_line' id='line_1_66' title="bbox 265 3511 1787 3587; baseline -0.004 -18"><span class='ocrx_word' id='word_1_492' title='bbox 265 3515 335 3582; x_wconf 80' lang='grc' dir='ltr'>ἐξ</span> <span class='ocrx_word' id='word_1_493' title='bbox 355 3511 422 3586; x_wconf 76' lang='grc' dir='ltr'>ἦς</span> <span class='ocrx_word' id='word_1_494' title='bbox 449 3517 477 3568; x_wconf 90' lang='lat'><strong>6</strong></span> <span class='ocrx_word' id='word_1_495' title='bbox 504 3515 732 3587; x_wconf 85' lang='grc' dir='ltr'>Χριστὸς</span> <span class='ocrx_word' id='word_1_496' title='bbox 757 3514 818 3568; x_wconf 82' lang='grc' dir='ltr'>τὸ</span> <span class='ocrx_word' id='word_1_497' title='bbox 845 3512 1066 3586; x_wconf 87' lang='grc' dir='ltr'>σαρκίον</span> <span class='ocrx_word' id='word_1_498' title='bbox 1091 3511 1401 3583; x_wconf 76' lang='grc' dir='ltr'>ἀνείληφεν.</span> <span class='ocrx_word' id='word_1_499' title='bbox 1779 3568 1787 3577; x_wconf 90' lang='lat'><em>_</em></span> 
     </span>
    </p>
   </div>
   <div class='ocr_carea' id='block_1_67' title="bbox 342 3600 1837 3676">
    <p class='ocr_par' dir='ltr' id='par_1_67' title="bbox 342 3600 1837 3676">
     <span class='ocr_line' id='line_1_67' title="bbox 342 3600 1837 3676; baseline -0.005 -17"><span class='ocrx_word' id='word_1_500' title='bbox 342 3605 533 3674; x_wconf 81' lang='grc' dir='ltr'>Φαρὲς</span> <span class='ocrx_word' id='word_1_501' title='bbox 557 3606 686 3676; x_wconf 74' lang='grc' dir='ltr'>γὰρ,</span> <span class='ocrx_word' id='word_1_502' title='bbox 711 3603 787 3668; x_wconf 82' lang='grc' dir='ltr'>ὡς</span> <span class='ocrx_word' id='word_1_503' title='bbox 816 3606 844 3658; x_wconf 93' lang='lat'><strong>6</strong></span> <span class='ocrx_word' id='word_1_504' title='bbox 869 3601 1258 3674; x_wconf 82' lang='grc' dir='ltr'>εύαγγελιστὴς</span> <span class='ocrx_word' id='word_1_505' title='bbox 1299 3600 1575 3664; x_wconf 86' lang='grc' dir='ltr'>Ματθαῖος</span> <span class='ocrx_word' id='word_1_506' title='bbox 1618 3600 1837 3671; x_wconf 79' lang='grc' dir='ltr'>ἱστορεῖ,</span> 
     </span>
    </p>
   </div>
   <div class='ocr_carea' id='block_1_68' title="bbox 258 3691 1840 3767">
    <p class='ocr_par' dir='ltr' id='par_1_68' title="bbox 258 3691 1840 3767">
     <span class='ocr_line' id='line_1_68' title="bbox 258 3691 1840 3767; baseline -0.004 -15"><span class='ocrx_word' id='word_1_507' title='bbox 258 3697 560 3767; x_wconf 75' lang='grc' dir='ltr'>ἐγέννησε</span> <span class='ocrx_word' id='word_1_508' title='bbox 600 3696 708 3750; x_wconf 85' lang='grc' dir='ltr'>τὸν</span> <span class='ocrx_word' id='word_1_509' title='bbox 749 3694 997 3765; x_wconf 83' lang='grc' dir='ltr'>Ἐσρὼμ,</span> <span class='ocrx_word' id='word_1_510' title='bbox 1014 3692 1242 3763; x_wconf 83' lang='grc' dir='ltr'>Ἐσρὼμ</span> <span class='ocrx_word' id='word_1_511' title='bbox 1291 3691 1358 3745; x_wconf 86' lang='grc' dir='ltr'>δὲ</span> <span class='ocrx_word' id='word_1_512' title='bbox 1399 3691 1687 3762; x_wconf 84' lang='grc' dir='ltr'>ἐγέννησε</span> <span class='ocrx_word' id='word_1_513' title='bbox 1735 3692 1840 3746; x_wconf 83' lang='grc' dir='ltr'>τὸν</span> 
     </span>
    </p>
   </div>
   <div class='ocr_carea' id='block_1_69' title="bbox 277 3783 1840 3859">
    <p class='ocr_par' dir='ltr' id='par_1_69' title="bbox 277 3783 1840 3859">
     <span class='ocr_line' id='line_1_69' title="bbox 277 3783 1840 3859; baseline -0.003 -15"><span class='ocrx_word' id='word_1_514' title='bbox 277 3789 477 3859; x_wconf 78' lang='grc' dir='ltr'>Ἀρὰμ,</span> <span class='ocrx_word' id='word_1_515' title='bbox 492 3789 664 3858; x_wconf 81' lang='grc' dir='ltr'>Ἀρὰμ</span> <span class='ocrx_word' id='word_1_516' title='bbox 692 3787 760 3842; x_wconf 82' lang='grc' dir='ltr'>δὲ</span> <span class='ocrx_word' id='word_1_517' title='bbox 790 3786 1081 3858; x_wconf 79' lang='grc' dir='ltr'>ἐγέννησε</span> <span class='ocrx_word' id='word_1_518' title='bbox 1130 3787 1238 3840; x_wconf 85' lang='grc' dir='ltr'>τὸν</span> <span class='ocrx_word' id='word_1_519' title='bbox 1274 3783 1602 3854; x_wconf 80' lang='grc' dir='ltr'>Ἀμιναδὰϐ,</span> <span class='ocrx_word' id='word_1_520' title='bbox 1621 3785 1840 3854; x_wconf 77' lang='grc' dir='ltr'>Ἀμινα-</span> 
     </span>
    </p>
   </div>
   <div class='ocr_carea' id='block_1_70' title="bbox 262 3875 1839 3951">
    <p class='ocr_par' dir='ltr' id='par_1_70' title="bbox 262 3875 1839 3951">
     <span class='ocr_line' id='line_1_70' title="bbox 262 3875 1839 3951; baseline -0.004 -16"><span class='ocrx_word' id='word_1_521' title='bbox 262 3881 385 3936; x_wconf 76' lang='grc' dir='ltr'><strong>δάϐ</strong></span> <span class='ocrx_word' id='word_1_522' title='bbox 409 3881 476 3934; x_wconf 86' lang='grc' dir='ltr'>δὲ</span> <span class='ocrx_word' id='word_1_523' title='bbox 502 3879 792 3951; x_wconf 75' lang='grc' dir='ltr'>ἐγέννησε</span> <span class='ocrx_word' id='word_1_524' title='bbox 817 3879 922 3934; x_wconf 89' lang='grc' dir='ltr'>τὸν</span> <span class='ocrx_word' id='word_1_525' title='bbox 936 3876 1256 3941; x_wconf 85' lang='grc' dir='ltr'>Ναασσὼν,</span> <span class='ocrx_word' id='word_1_526' title='bbox 1274 3876 1574 3930; x_wconf 85' lang='grc' dir='ltr'>Ναασσὼν</span> <span class='ocrx_word' id='word_1_527' title='bbox 1588 3875 1655 3929; x_wconf 82' lang='grc' dir='ltr'>δὲ</span> <span class='ocrx_word' id='word_1_528' title='bbox 1677 3875 1839 3945; x_wconf 86' lang='grc' dir='ltr'>ἐγέν-</span> 
     </span>
    </p>
   </div>
   <div class='ocr_carea' id='block_1_71' title="bbox 261 3965 1833 4042">
    <p class='ocr_par' dir='ltr' id='par_1_71' title="bbox 261 3965 1833 4042">
     <span class='ocr_line' id='line_1_71' title="bbox 261 3965 1833 4042; baseline -0.004 -16"><span class='ocrx_word' id='word_1_529' title='bbox 261 3988 422 4042; x_wconf 86' lang='grc' dir='ltr'>νησε</span> <span class='ocrx_word' id='word_1_530' title='bbox 441 3973 548 4026; x_wconf 79' lang='grc' dir='ltr'>τὸν</span> <span class='ocrx_word' id='word_1_531' title='bbox 568 3970 836 4041; x_wconf 72' lang='grc' dir='ltr'>Σαλμὼν,</span> <span class='ocrx_word' id='word_1_532' title='bbox 857 3968 1111 4039; x_wconf 74' lang='grc' dir='ltr'>Σαλμὼν</span> <span class='ocrx_word' id='word_1_533' title='bbox 1137 3967 1204 4022; x_wconf 83' lang='grc' dir='ltr'><strong>δέ</strong></span> <span class='ocrx_word' id='word_1_534' title='bbox 1230 3967 1521 4038; x_wconf 77' lang='grc' dir='ltr'>ἐγέννησε</span> <span class='ocrx_word' id='word_1_535' title='bbox 1546 3966 1651 4020; x_wconf 81' lang='grc' dir='ltr'>τὸν</span> <span class='ocrx_word' id='word_1_536' title='bbox 1673 3965 1833 4031; x_wconf 62' lang='grc' dir='ltr'><strong>Βοόζζ</strong></span> 
     </span>
    </p>
   </div>
   <div class='ocr_carea' id='block_1_72' title="bbox 265 4056 1835 4133">
    <p class='ocr_par' dir='ltr' id='par_1_72' title="bbox 265 4056 1835 4133">
     <span class='ocr_line' id='line_1_72' title="bbox 265 4056 1835 4133; baseline -0.006 -13"><span class='ocrx_word' id='word_1_537' title='bbox 265 4063 429 4126; x_wconf 79' lang='grc' dir='ltr'><strong>Βοὸζ</strong></span> <span class='ocrx_word' id='word_1_538' title='bbox 442 4063 509 4118; x_wconf 82' lang='grc' dir='ltr'>δὲ</span> <span class='ocrx_word' id='word_1_539' title='bbox 525 4063 812 4133; x_wconf 78' lang='grc' dir='ltr'>ἐγέννησε</span> <span class='ocrx_word' id='word_1_540' title='bbox 838 4060 1126 4129; x_wconf 74' lang='grc' dir='ltr'>τόνὈϐὴδ</span> <span class='ocrx_word' id='word_1_541' title='bbox 1145 4060 1211 4114; x_wconf 81' lang='grc' dir='ltr'><strong>ἐκ</strong></span> <span class='ocrx_word' id='word_1_542' title='bbox 1232 4059 1341 4128; x_wconf 82' lang='grc' dir='ltr'>τῆς</span> <span class='ocrx_word' id='word_1_543' title='bbox 1373 4059 1562 4122; x_wconf 77' lang='grc' dir='ltr'>ῬοὺΟ,</span> <span class='ocrx_word' id='word_1_544' title='bbox 1589 4056 1835 4126; x_wconf 76' lang='grc' dir='ltr'>Ὀϐἡδδέ</span> 
     </span>
    </p>
   </div>
   <div class='ocr_carea' id='block_1_73' title="bbox 263 4148 1834 4229">
    <p class='ocr_par' dir='ltr' id='par_1_73' title="bbox 263 4148 1834 4229">
     <span class='ocr_line' id='line_1_73' title="bbox 263 4148 1834 4229; baseline -0.006 -18"><span class='ocrx_word' id='word_1_545' title='bbox 263 4158 557 4229; x_wconf 74' lang='grc' dir='ltr'>ἐγέννησε</span> <span class='ocrx_word' id='word_1_546' title='bbox 569 4157 674 4210; x_wconf 85' lang='grc' dir='ltr'>τὸν</span> <span class='ocrx_word' id='word_1_547' title='bbox 687 4155 920 4220; x_wconf 76' lang='grc' dir='ltr'>Ἰεσσαί,</span> <span class='ocrx_word' id='word_1_548' title='bbox 937 4153 1147 4208; x_wconf 78' lang='grc' dir='ltr'>Ἰεσσαὶ</span> <span class='ocrx_word' id='word_1_549' title='bbox 1163 4151 1230 4205; x_wconf 80' lang='grc' dir='ltr'><strong>δέ</strong></span> <span class='ocrx_word' id='word_1_550' title='bbox 1240 4152 1528 4222; x_wconf 81' lang='grc' dir='ltr'>ἐγέννησε</span> <span class='ocrx_word' id='word_1_551' title='bbox 1540 4151 1645 4204; x_wconf 82' lang='grc' dir='ltr'>τὸν</span> <span class='ocrx_word' id='word_1_552' title='bbox 1655 4148 1834 4203; x_wconf 82' lang='grc' dir='ltr'>Δαυῒδ</span> 
     </span>
    </p>
   </div>
   <div class='ocr_carea' id='block_1_74' title="bbox 1944 2958 3512 3034">
    <p class='ocr_par' dir='ltr' id='par_1_74' title="bbox 1944 2958 3512 3034">
     <span class='ocr_line' id='line_1_74' title="bbox 1944 2958 3512 3034; baseline 0.005 -22"><span class='ocrx_word' id='word_1_553' title='bbox 1944 2958 2093 3014; x_wconf 91' lang='lat' dir='ltr'><strong>intus</strong></span> <span class='ocrx_word' id='word_1_554' title='bbox 2142 2961 2442 3024; x_wconf 80' lang='lat' dir='ltr'><strong>contraxit,</strong></span> <span class='ocrx_word' id='word_1_555' title='bbox 2481 2962 2794 3033; x_wconf 90' lang='lat' dir='ltr'><strong>primusque</strong></span> <span class='ocrx_word' id='word_1_556' title='bbox 2838 2961 3005 3018; x_wconf 82' lang='lat' dir='ltr'><strong>frater</strong></span> <span class='ocrx_word' id='word_1_557' title='bbox 3045 2965 3168 3034; x_wconf 85' lang='lat' dir='ltr'><strong>ejus</strong></span> <span class='ocrx_word' id='word_1_558' title='bbox 3201 2964 3403 3030; x_wconf 81' lang='lat' dir='ltr'><strong>exivit,</strong></span> <span class='ocrx_word' id='word_1_559' title='bbox 3455 2973 3512 3022; x_wconf 83' lang='lat' dir='ltr'><strong>et</strong></span> 
     </span>
    </p>
   </div>
   <div class='ocr_carea' id='block_1_75' title="bbox 1941 3052 3506 3128">
    <p class='ocr_par' dir='ltr' id='par_1_75' title="bbox 1941 3052 3506 3128">
     <span class='ocr_line' id='line_1_75' title="bbox 1941 3052 3506 3128; baseline 0.005 -23"><span class='ocrx_word' id='word_1_560' title='bbox 1941 3059 2165 3107; x_wconf 89' lang='lat' dir='ltr'><strong>vocatus</strong></span> <span class='ocrx_word' id='word_1_561' title='bbox 2193 3062 2276 3108; x_wconf 87' lang='lat' dir='ltr'><strong>est</strong></span> <span class='ocrx_word' id='word_1_562' title='bbox 2307 3052 2549 3121; x_wconf 87' lang='lat' dir='ltr'><strong>Phares;</strong></span> <span class='ocrx_word' id='word_1_563' title='bbox 2582 3063 2702 3125; x_wconf 89' lang='lat' dir='ltr'><strong>post</strong></span> <span class='ocrx_word' id='word_1_564' title='bbox 2731 3071 2892 3126; x_wconf 90' lang='lat' dir='ltr'><strong>quem</strong></span> <span class='ocrx_word' id='word_1_565' title='bbox 2923 3056 3062 3112; x_wconf 92' lang='lat' dir='ltr'><strong>alius</strong></span> <span class='ocrx_word' id='word_1_566' title='bbox 3101 3072 3355 3128; x_wconf 81' lang='lat' dir='ltr'><strong>egressus</strong></span> <span class='ocrx_word' id='word_1_567' title='bbox 3385 3066 3506 3122; x_wconf 91' lang='lat' dir='ltr'><strong>est,</strong></span> 
     </span>
    </p>
   </div>
   <div class='ocr_carea' id='block_1_76' title="bbox 1940 3142 3505 3220">
    <p class='ocr_par' dir='ltr' id='par_1_76' title="bbox 1940 3142 3505 3220">
     <span class='ocr_line' id='line_1_76' title="bbox 1940 3142 3505 3220; baseline 0.007 -25"><span class='ocrx_word' id='word_1_568' title='bbox 1940 3142 2028 3196; x_wconf 91' lang='lat' dir='ltr'><strong>cui</strong></span> <span class='ocrx_word' id='word_1_569' title='bbox 2056 3158 2252 3199; x_wconf 91' lang='lat' dir='ltr'><strong>manus</strong></span> <span class='ocrx_word' id='word_1_570' title='bbox 2274 3160 2509 3214; x_wconf 84' lang='lat' dir='ltr'><strong>purpura</strong></span> <span class='ocrx_word' id='word_1_571' title='bbox 2528 3153 2643 3200; x_wconf 91' lang='lat' dir='ltr'><strong>erat</strong></span> <span class='ocrx_word' id='word_1_572' title='bbox 2663 3146 2883 3216; x_wconf 82' lang='lat' dir='ltr'><strong>illigata,</strong></span> <span class='ocrx_word' id='word_1_573' title='bbox 2909 3155 2962 3204; x_wconf 91' lang='lat' dir='ltr'><strong>et</strong></span> <span class='ocrx_word' id='word_1_574' title='bbox 2982 3151 3398 3220; x_wconf 83' lang='lat' dir='ltr'><strong>cognominatus</strong></span> <span class='ocrx_word' id='word_1_575' title='bbox 3419 3159 3505 3207; x_wconf 90' lang='lat' dir='ltr'><strong>est</strong></span> 
     </span>
    </p>
   </div>
   <div class='ocr_carea' id='block_1_77' title="bbox 1941 3235 3488 3310">
    <p class='ocr_par' dir='ltr' id='par_1_77' title="bbox 1941 3235 3488 3310">
     <span class='ocr_line' id='line_1_77' title="bbox 1941 3235 3488 3310; baseline 0.005 -22"><span class='ocrx_word' id='word_1_576' title='bbox 1941 3235 2097 3290; x_wconf 86' lang='lat' dir='ltr'><strong>Zara.</strong></span> <span class='ocrx_word' id='word_1_577' title='bbox 2128 3236 2210 3290; x_wconf 88' lang='lat' dir='ltr'><strong>Ab</strong></span> <span class='ocrx_word' id='word_1_578' title='bbox 2237 3237 2323 3291; x_wconf 89' lang='lat' dir='ltr'><strong>his</strong></span> <span class='ocrx_word' id='word_1_579' title='bbox 2374 3237 2534 3292; x_wconf 88' lang='lat' dir='ltr'><strong>habet</strong></span> <span class='ocrx_word' id='word_1_580' title='bbox 2573 3245 2748 3292; x_wconf 89' lang='lat' dir='ltr'><strong>ortum</strong></span> <span class='ocrx_word' id='word_1_581' title='bbox 2773 3236 2972 3308; x_wconf 74' lang='lat' dir='ltr'><strong>Ioseph</strong></span> <span class='ocrx_word' id='word_1_582' title='bbox 3022 3255 3254 3310; x_wconf 91' lang='lat' dir='ltr'><strong>sponsus</strong></span> <span class='ocrx_word' id='word_1_583' title='bbox 3299 3241 3488 3297; x_wconf 90' lang='lat' dir='ltr'><strong>imma-</strong></span> 
     </span>
    </p>
   </div>
   <div class='ocr_carea' id='block_1_78' title="bbox 1941 3328 3504 3405">
    <p class='ocr_par' dir='ltr' id='par_1_78' title="bbox 1941 3328 3504 3405">
     <span class='ocr_line' id='line_1_78' title="bbox 1941 3328 3504 3405; baseline 0.002 -19"><span class='ocrx_word' id='word_1_584' title='bbox 1941 3330 2133 3386; x_wconf 72' lang='lat' dir='ltr'><strong>culata:</strong></span> <span class='ocrx_word' id='word_1_585' title='bbox 2169 3328 2425 3400; x_wconf 86' lang='lat' dir='ltr'><strong>Virginis,</strong></span> <span class='ocrx_word' id='word_1_586' title='bbox 2457 3345 2521 3384; x_wconf 81' lang='lat' dir='ltr'><strong>ex</strong></span> <span class='ocrx_word' id='word_1_587' title='bbox 2551 3344 2657 3400; x_wconf 89' lang='lat' dir='ltr'><strong>qua</strong></span> <span class='ocrx_word' id='word_1_588' title='bbox 2688 3328 2938 3387; x_wconf 87' lang='lat' dir='ltr'><strong>Christus</strong></span> <span class='ocrx_word' id='word_1_589' title='bbox 2979 3347 3198 3387; x_wconf 90' lang='lat' dir='ltr'><strong>carnem</strong></span> <span class='ocrx_word' id='word_1_590' title='bbox 3242 3333 3504 3405; x_wconf 86' lang='lat' dir='ltr'><strong>suscepit.</strong></span> 
     </span>
    </p>
   </div>
   <div class='ocr_carea' id='block_1_79' title="bbox 2011 3594 3494 3666">
    <p class='ocr_par' dir='ltr' id='par_1_79' title="bbox 2011 3594 3494 3666">
     <span class='ocr_line' id='line_1_79' title="bbox 2011 3594 3494 3666; baseline 0.003 -16"><span class='ocrx_word' id='word_1_591' title='bbox 2011 3595 2208 3650; x_wconf 78' lang='lat' dir='ltr'><strong>Phares</strong></span> <span class='ocrx_word' id='word_1_592' title='bbox 2236 3596 2370 3650; x_wconf 87' lang='lat' dir='ltr'><strong>enim</strong></span> <span class='ocrx_word' id='word_1_593' title='bbox 2392 3636 2406 3660; x_wconf 91' lang='lat'><strong>,</strong></span> <span class='ocrx_word' id='word_1_594' title='bbox 2451 3602 2511 3649; x_wconf 88' lang='lat' dir='ltr'><strong>ut</strong></span> <span class='ocrx_word' id='word_1_595' title='bbox 2547 3595 2878 3666; x_wconf 83' lang='lat' dir='ltr'><strong>evangelista</strong></span> <span class='ocrx_word' id='word_1_596' title='bbox 2919 3594 3085 3652; x_wconf 82' lang='lat' dir='ltr'><strong>refert</strong></span> <span class='ocrx_word' id='word_1_597' title='bbox 3117 3595 3398 3656; x_wconf 73' lang='lat' dir='ltr'><strong>Matthzeus</strong></span> <span class='ocrx_word' id='word_1_598' title='bbox 3425 3599 3494 3665; x_wconf 82' lang='lat'><strong>“,</strong></span> 
     </span>
    </p>
   </div>
   <div class='ocr_carea' id='block_1_80' title="bbox 1935 3685 3502 3758">
    <p class='ocr_par' dir='ltr' id='par_1_80' title="bbox 1935 3685 3502 3758">
     <span class='ocr_line' id='line_1_80' title="bbox 1935 3685 3502 3758; baseline 0.003 -17"><span class='ocrx_word' id='word_1_599' title='bbox 1935 3689 2109 3758; x_wconf 80' lang='lat' dir='ltr'><strong>genuit</strong></span> <span class='ocrx_word' id='word_1_600' title='bbox 2136 3687 2343 3749; x_wconf 81' lang='lat' dir='ltr'><strong>Esrom,</strong></span> <span class='ocrx_word' id='word_1_601' title='bbox 2367 3685 2554 3742; x_wconf 73' lang='lat' dir='ltr'><strong>Esrom</strong></span> <span class='ocrx_word' id='word_1_602' title='bbox 2580 3697 2753 3740; x_wconf 81' lang='lat' dir='ltr'><strong>autent</strong></span> <span class='ocrx_word' id='word_1_603' title='bbox 2782 3688 2958 3757; x_wconf 82' lang='lat' dir='ltr'><strong>genuit</strong></span> <span class='ocrx_word' id='word_1_604' title='bbox 2989 3687 3175 3756; x_wconf 84' lang='lat' dir='ltr'><strong>Aram,</strong></span> <span class='ocrx_word' id='word_1_605' title='bbox 3208 3692 3372 3744; x_wconf 82' lang='lat' dir='ltr'><strong>Aram</strong></span> <span class='ocrx_word' id='word_1_606' title='bbox 3405 3707 3502 3745; x_wconf 82' lang='lat' dir='ltr'><strong>au-</strong></span> 
     </span>
    </p>
   </div>
   <div class='ocr_carea' id='block_1_81' title="bbox 1938 3777 3507 3851">
    <p class='ocr_par' dir='ltr' id='par_1_81' title="bbox 1938 3777 3507 3851">
     <span class='ocr_line' id='line_1_81' title="bbox 1938 3777 3507 3851; baseline 0.003 -18"><span class='ocrx_word' id='word_1_607' title='bbox 1938 3788 2037 3834; x_wconf 88' lang='lat' dir='ltr'><strong>tem</strong></span> <span class='ocrx_word' id='word_1_608' title='bbox 2068 3783 2243 3850; x_wconf 89' lang='lat' dir='ltr'><strong>genuit</strong></span> <span class='ocrx_word' id='word_1_609' title='bbox 2272 3777 2591 3842; x_wconf 84' lang='lat' dir='ltr'><strong>Aminudab,</strong></span> <span class='ocrx_word' id='word_1_610' title='bbox 2628 3777 2924 3832; x_wconf 77' lang='lat' dir='ltr'><strong>Aminadab</strong></span> <span class='ocrx_word' id='word_1_611' title='bbox 2959 3788 3130 3833; x_wconf 86' lang='lat' dir='ltr'><strong>autem</strong></span> <span class='ocrx_word' id='word_1_612' title='bbox 3173 3782 3350 3851; x_wconf 79' lang='lat' dir='ltr'><strong>genuit</strong></span> <span class='ocrx_word' id='word_1_613' title='bbox 3390 3781 3507 3838; x_wconf 84' lang='lat' dir='ltr'><strong>Na-</strong></span> 
     </span>
    </p>
   </div>
   <div class='ocr_carea' id='block_1_82' title="bbox 1935 3867 3500 3939">
    <p class='ocr_par' dir='ltr' id='par_1_82' title="bbox 1935 3867 3500 3939">
     <span class='ocr_line' id='line_1_82' title="bbox 1935 3867 3500 3939; baseline 0.004 -17"><span class='ocrx_word' id='word_1_614' title='bbox 1935 3886 2112 3935; x_wconf 77' lang='lat' dir='ltr'><strong>asson,</strong></span> <span class='ocrx_word' id='word_1_615' title='bbox 2144 3868 2393 3924; x_wconf 78' lang='lat' dir='ltr'><strong>Naasson</strong></span> <span class='ocrx_word' id='word_1_616' title='bbox 2417 3878 2589 3922; x_wconf 86' lang='lat' dir='ltr'><strong>autem</strong></span> <span class='ocrx_word' id='word_1_617' title='bbox 2609 3870 2784 3939; x_wconf 79' lang='lat' dir='ltr'><strong>genuit</strong></span> <span class='ocrx_word' id='word_1_618' title='bbox 2814 3867 3056 3932; x_wconf 87' lang='lat' dir='ltr'><strong>Salmon,</strong></span> <span class='ocrx_word' id='word_1_619' title='bbox 3084 3869 3302 3926; x_wconf 83' lang='lat' dir='ltr'><strong>Salmon</strong></span> <span class='ocrx_word' id='word_1_620' title='bbox 3325 3882 3500 3928; x_wconf 88' lang='lat' dir='ltr'><strong>autem</strong></span> 
     </span>
    </p>
   </div>
   <div class='ocr_carea' id='block_1_83' title="bbox 1934 3961 3502 4032">
    <p class='ocr_par' dir='ltr' id='par_1_83' title="bbox 1934 3961 3502 4032">
     <span class='ocr_line' id='line_1_83' title="bbox 1934 3961 3502 4032; baseline 0.003 -16"><span class='ocrx_word' id='word_1_621' title='bbox 1934 3961 2109 4031; x_wconf 86' lang='lat' dir='ltr'><strong>genuit</strong></span> <span class='ocrx_word' id='word_1_622' title='bbox 2137 3961 2302 4024; x_wconf 81' lang='lat' dir='ltr'><strong>Booz,</strong></span> <span class='ocrx_word' id='word_1_623' title='bbox 2330 3961 2471 4014; x_wconf 78' lang='lat' dir='ltr'><strong>Booz</strong></span> <span class='ocrx_word' id='word_1_624' title='bbox 2493 3971 2664 4015; x_wconf 88' lang='lat' dir='ltr'><strong>autem</strong></span> <span class='ocrx_word' id='word_1_625' title='bbox 2696 3962 2871 4032; x_wconf 85' lang='lat' dir='ltr'><strong>genuit</strong></span> <span class='ocrx_word' id='word_1_626' title='bbox 2905 3961 3048 4018; x_wconf 80' lang='lat' dir='ltr'><strong>Obed</strong></span> <span class='ocrx_word' id='word_1_627' title='bbox 3075 3980 3140 4018; x_wconf 84' lang='lat' dir='ltr'><strong>ea:</strong></span> <span class='ocrx_word' id='word_1_628' title='bbox 3163 3963 3318 4029; x_wconf 86' lang='lat' dir='ltr'><strong>Ruth,</strong></span> <span class='ocrx_word' id='word_1_629' title='bbox 3359 3965 3502 4021; x_wconf 83' lang='lat' dir='ltr'><strong>Obed</strong></span> 
     </span>
    </p>
   </div>
   <div class='ocr_carea' id='block_1_84' title="bbox 1935 4049 3502 4123">
    <p class='ocr_par' dir='ltr' id='par_1_84' title="bbox 1935 4049 3502 4123">
     <span class='ocr_line' id='line_1_84' title="bbox 1935 4049 3502 4123; baseline 0.003 -17"><span class='ocrx_word' id='word_1_630' title='bbox 1935 4062 2110 4107; x_wconf 85' lang='lat' dir='ltr'><strong>autem</strong></span> <span class='ocrx_word' id='word_1_631' title='bbox 2151 4053 2327 4123; x_wconf 81' lang='lat' dir='ltr'><strong>genuit</strong></span> <span class='ocrx_word' id='word_1_632' title='bbox 2371 4049 2710 4120; x_wconf 72' lang='lat' dir='ltr'><strong>Jeese,.les’se</strong></span> <span class='ocrx_word' id='word_1_633' title='bbox 2758 4061 2930 4106; x_wconf 81' lang='lat' dir='ltr'><strong>autem</strong></span> <span class='ocrx_word' id='word_1_634' title='bbox 2979 4061 3156 4122; x_wconf 81' lang='lat' dir='ltr'><strong>genuit</strong></span> <span class='ocrx_word' id='word_1_635' title='bbox 3201 4054 3372 4109; x_wconf 81' lang='lat' dir='ltr'><strong>David</strong></span> <span class='ocrx_word' id='word_1_636' title='bbox 3417 4073 3502 4111; x_wconf 84' lang='lat' dir='ltr'><strong>re-</strong></span> 
     </span>
    </p>
   </div>
   <div class='ocr_carea' id='block_1_85' title="bbox 1935 4139 3502 4216">
    <p class='ocr_par' dir='ltr' id='par_1_85' title="bbox 1935 4139 3502 4216">
     <span class='ocr_line' id='line_1_85' title="bbox 1935 4139 3502 4216; baseline 0.004 -21"><span class='ocrx_word' id='word_1_637' title='bbox 1935 4157 2070 4212; x_wconf 89' lang='lat' dir='ltr'><strong>gem,</strong></span> <span class='ocrx_word' id='word_1_638' title='bbox 2105 4139 2274 4194; x_wconf 85' lang='lat' dir='ltr'><strong>David</strong></span> <span class='ocrx_word' id='word_1_639' title='bbox 2296 4151 2469 4194; x_wconf 84' lang='lat' dir='ltr'><strong>autent</strong></span> <span class='ocrx_word' id='word_1_640' title='bbox 2510 4157 2600 4194; x_wconf 66' lang='grc' dir='ltr'><strong>νεα</strong></span> <span class='ocrx_word' id='word_1_641' title='bbox 2620 4143 2793 4212; x_wconf 87' lang='lat' dir='ltr'><strong>genuit</strong></span> <span class='ocrx_word' id='word_1_642' title='bbox 2827 4141 3182 4209; x_wconf 87' lang='lat' dir='ltr'><strong>Salomonem,</strong></span> <span class='ocrx_word' id='word_1_643' title='bbox 3213 4161 3276 4199; x_wconf 78' lang='lat' dir='ltr'><strong>ea:</strong></span> <span class='ocrx_word' id='word_1_644' title='bbox 3300 4163 3361 4200; x_wconf 86' lang='lat' dir='ltr'><strong>ea</strong></span> <span class='ocrx_word' id='word_1_645' title='bbox 3386 4163 3502 4216; x_wconf 74' lang='lat' dir='ltr'><strong>qua:</strong></span> 
     </span>
    </p>
   </div>
   <div class='ocr_carea' id='block_1_86' title="bbox 266 4231 1841 4311">
    <p class='ocr_par' dir='ltr' id='par_1_86' title="bbox 266 4238 1841 4311">
     <span class='ocr_line' id='line_1_86' title="bbox 266 4238 1841 4311; baseline -0.006 -10"><span class='ocrx_word' id='word_1_646' title='bbox 266 4248 379 4301; x_wconf 79' lang='grc' dir='ltr'>τὸν</span> <span class='ocrx_word' id='word_1_647' title='bbox 399 4245 690 4311; x_wconf 78' lang='grc' dir='ltr'>βασιλέα·</span> <span class='ocrx_word' id='word_1_648' title='bbox 741 4243 919 4299; x_wconf 86' lang='grc' dir='ltr'>Δαυῒδ</span> <span class='ocrx_word' id='word_1_649' title='bbox 941 4241 1009 4296; x_wconf 82' lang='grc' dir='ltr'><strong>δέ</strong></span> <span class='ocrx_word' id='word_1_650' title='bbox 1029 4244 1062 4296; x_wconf 84' lang='grc' dir='ltr'><strong><em>ό</em></strong></span> <span class='ocrx_word' id='word_1_651' title='bbox 1082 4241 1383 4307; x_wconf 76' lang='grc' dir='ltr'>,βασιλεὺς</span> <span class='ocrx_word' id='word_1_652' title='bbox 1422 4238 1708 4310; x_wconf 77' lang='grc' dir='ltr'>ἐγέννησε</span> <span class='ocrx_word' id='word_1_653' title='bbox 1734 4238 1841 4293; x_wconf 77' lang='grc' dir='ltr'>τὸν</span> 
     </span>
    </p>
   </div>
   <div class='ocr_carea' id='block_1_87' title="bbox 1945 4231 3502 4311">
    <p class='ocr_par' dir='ltr' id='par_1_87' title="bbox 1945 4231 3502 4305">
     <span class='ocr_line' id='line_1_87' title="bbox 1945 4231 3502 4305; baseline 0.003 -17"><span class='ocrx_word' id='word_1_654' title='bbox 1945 4234 2041 4302; x_wconf 75' lang='lat' dir='ltr'><strong>fuit</strong></span> <span class='ocrx_word' id='word_1_655' title='bbox 2081 4231 2242 4294; x_wconf 75' lang='lat' dir='ltr'><strong>Uriw,</strong></span> <span class='ocrx_word' id='word_1_656' title='bbox 2292 4231 2544 4288; x_wconf 73' lang='lat' dir='ltr'><strong>Satomon</strong></span> <span class='ocrx_word' id='word_1_657' title='bbox 2602 4243 2775 4287; x_wconf 88' lang='lat' dir='ltr'><strong>autem</strong></span> <span class='ocrx_word' id='word_1_658' title='bbox 2829 4234 3004 4304; x_wconf 83' lang='lat' dir='ltr'><strong>genuit</strong></span> <span class='ocrx_word' id='word_1_659' title='bbox 3061 4233 3329 4305; x_wconf 84' lang='lat' dir='ltr'><strong>Roboam,</strong></span> <span class='ocrx_word' id='word_1_660' title='bbox 3396 4235 3502 4292; x_wconf 82' lang='lat' dir='ltr'><strong>Ro-</strong></span> 
     </span>
    </p>
   </div>
   <div class='ocr_carea' id='block_1_88' title="bbox 265 4329 1835 4408">
    <p class='ocr_par' dir='ltr' id='par_1_88' title="bbox 265 4329 1835 4408">
     <span class='ocr_line' id='line_1_88' title="bbox 265 4329 1835 4408; baseline -0.008 -13"><span class='ocrx_word' id='word_1_661' title='bbox 265 4338 587 4408; x_wconf 70' lang='grc' dir='ltr'>Σολομῶνα</span> <span class='ocrx_word' id='word_1_662' title='bbox 611 4339 680 4392; x_wconf 85' lang='grc' dir='ltr'><strong>ἐκ</strong></span> <span class='ocrx_word' id='word_1_663' title='bbox 703 4335 808 4405; x_wconf 82' lang='grc' dir='ltr'>τῆς</span> <span class='ocrx_word' id='word_1_664' title='bbox 823 4334 928 4390; x_wconf 81' lang='grc' dir='ltr'>τοῦ</span> <span class='ocrx_word' id='word_1_665' title='bbox 959 4333 1194 4402; x_wconf 85' lang='grc' dir='ltr'>Οὐρίου,</span> <span class='ocrx_word' id='word_1_666' title='bbox 1213 4332 1488 4402; x_wconf 75' lang='grc' dir='ltr'>Σολομὼν</span> <span class='ocrx_word' id='word_1_667' title='bbox 1514 4330 1581 4384; x_wconf 83' lang='grc' dir='ltr'><strong>δέ</strong></span> <span class='ocrx_word' id='word_1_668' title='bbox 1596 4329 1835 4400; x_wconf 80' lang='grc' dir='ltr'>ἐγέννη-</span> 
     </span>
    </p>
   </div>
   <div class='ocr_carea' id='block_1_89' title="bbox 263 4423 1831 4498">
    <p class='ocr_par' dir='ltr' id='par_1_89' title="bbox 263 4423 1831 4498">
     <span class='ocr_line' id='line_1_89' title="bbox 263 4423 1831 4498; baseline -0.006 -12"><span class='ocrx_word' id='word_1_669' title='bbox 263 4449 342 4486; x_wconf 93' lang='grc' dir='ltr'><strong>σε</strong></span> <span class='ocrx_word' id='word_1_670' title='bbox 387 4431 494 4485; x_wconf 76' lang='grc' dir='ltr'>τὸν</span> <span class='ocrx_word' id='word_1_671' title='bbox 537 4426 1065 4498; x_wconf 80' lang='grc' dir='ltr'>Ῥοϐοὰμ,Ῥοϐοὰμ</span> <span class='ocrx_word' id='word_1_672' title='bbox 1092 4425 1159 4478; x_wconf 82' lang='grc' dir='ltr'>δὲ</span> <span class='ocrx_word' id='word_1_673' title='bbox 1194 4423 1486 4494; x_wconf 73' lang='grc' dir='ltr'>ἐγέννησε</span> <span class='ocrx_word' id='word_1_674' title='bbox 1513 4423 1619 4476; x_wconf 83' lang='grc' dir='ltr'>τὸν</span> <span class='ocrx_word' id='word_1_675' title='bbox 1662 4423 1831 4485; x_wconf 75' lang='grc' dir='ltr'>Ἀϐιά,</span> 
     </span>
    </p>
   </div>
   <div class='ocr_carea' id='block_1_90' title="bbox 277 4515 1834 4592">
    <p class='ocr_par' dir='ltr' id='par_1_90' title="bbox 277 4515 1834 4592">
     <span class='ocr_line' id='line_1_90' title="bbox 277 4515 1834 4592; baseline -0.006 -13"><span class='ocrx_word' id='word_1_676' title='bbox 277 4524 433 4579; x_wconf 77' lang='grc' dir='ltr'>Ὰϐιὰ</span> <span class='ocrx_word' id='word_1_677' title='bbox 471 4523 538 4576; x_wconf 82' lang='grc' dir='ltr'>δὲ</span> <span class='ocrx_word' id='word_1_678' title='bbox 584 4521 874 4592; x_wconf 77' lang='grc' dir='ltr'>ἐγέννησε</span> <span class='ocrx_word' id='word_1_679' title='bbox 921 4519 1024 4573; x_wconf 72' lang='grc' dir='ltr'>τὸν</span> <span class='ocrx_word' id='word_1_680' title='bbox 1072 4516 1381 4580; x_wconf 78' lang='grc' dir='ltr'>Ἀσὰ,Ἄσὰ</span> <span class='ocrx_word' id='word_1_681' title='bbox 1434 4515 1502 4570; x_wconf 80' lang='grc' dir='ltr'><strong>δέ</strong></span> <span class='ocrx_word' id='word_1_682' title='bbox 1546 4517 1834 4587; x_wconf 79' lang='grc' dir='ltr'>ἐγέννησε</span> 
     </span>
    </p>
   </div>
   <div class='ocr_carea' id='block_1_91' title="bbox 261 4607 1829 4682">
    <p class='ocr_par' dir='ltr' id='par_1_91' title="bbox 261 4607 1829 4682">
     <span class='ocr_line' id='line_1_91' title="bbox 261 4607 1829 4682; baseline -0.006 -13"><span class='ocrx_word' id='word_1_683' title='bbox 261 4617 376 4670; x_wconf 78' lang='grc' dir='ltr'><strong>τόν</strong></span> <span class='ocrx_word' id='word_1_684' title='bbox 405 4612 704 4682; x_wconf 63' lang='grc' dir='ltr'>Ἰωσαφάτ·</span> <span class='ocrx_word' id='word_1_685' title='bbox 725 4611 1003 4680; x_wconf 54' lang='grc' dir='ltr'>Ἰωσαφὰτ</span> <span class='ocrx_word' id='word_1_686' title='bbox 1040 4609 1108 4663; x_wconf 84' lang='grc' dir='ltr'><strong>δέ</strong></span> <span class='ocrx_word' id='word_1_687' title='bbox 1140 4608 1428 4678; x_wconf 76' lang='grc' dir='ltr'>ἐγέννησε</span> <span class='ocrx_word' id='word_1_688' title='bbox 1470 4609 1577 4662; x_wconf 85' lang='grc' dir='ltr'>τὸν</span> <span class='ocrx_word' id='word_1_689' title='bbox 1611 4607 1829 4677; x_wconf 76' lang='grc' dir='ltr'>Ἰωρὰμ,</span> 
     </span>
    </p>
   </div>
   <div class='ocr_carea' id='block_1_92' title="bbox 278 4699 1832 4776">
    <p class='ocr_par' dir='ltr' id='par_1_92' title="bbox 278 4699 1832 4776">
     <span class='ocr_line' id='line_1_92' title="bbox 278 4699 1832 4776; baseline -0.005 -17"><span class='ocrx_word' id='word_1_690' title='bbox 278 4707 480 4775; x_wconf 79' lang='grc' dir='ltr'>Ἰωρὰμ</span> <span class='ocrx_word' id='word_1_691' title='bbox 499 4705 566 4758; x_wconf 84' lang='grc' dir='ltr'>δὲ</span> <span class='ocrx_word' id='word_1_692' title='bbox 593 4704 881 4776; x_wconf 72' lang='grc' dir='ltr'>ἐγέννησε</span> <span class='ocrx_word' id='word_1_693' title='bbox 914 4702 1018 4756; x_wconf 77' lang='grc' dir='ltr'>τὸν</span> <span class='ocrx_word' id='word_1_694' title='bbox 1047 4700 1247 4764; x_wconf 78' lang='grc' dir='ltr'>Ὀζῖαν,</span> <span class='ocrx_word' id='word_1_695' title='bbox 1265 4699 1442 4767; x_wconf 72' lang='grc' dir='ltr'>Ὀζίας</span> <span class='ocrx_word' id='word_1_696' title='bbox 1456 4699 1524 4754; x_wconf 84' lang='grc' dir='ltr'><strong>δέ</strong></span> <span class='ocrx_word' id='word_1_697' title='bbox 1545 4700 1832 4770; x_wconf 84' lang='grc' dir='ltr'>ἐγέννησε</span> 
     </span>
    </p>
   </div>
   <div class='ocr_carea' id='block_1_93' title="bbox 263 4789 1833 4865">
    <p class='ocr_par' dir='ltr' id='par_1_93' title="bbox 263 4789 1833 4865">
     <span class='ocr_line' id='line_1_93' title="bbox 263 4789 1833 4865; baseline -0.006 -13"><span class='ocrx_word' id='word_1_698' title='bbox 263 4800 378 4852; x_wconf 75' lang='grc' dir='ltr'><strong>τὸν</strong></span> <span class='ocrx_word' id='word_1_699' title='bbox 391 4796 645 4865; x_wconf 81' lang='grc' dir='ltr'>Ἰωάθαμ,</span> <span class='ocrx_word' id='word_1_700' title='bbox 661 4794 899 4864; x_wconf 83' lang='grc' dir='ltr'>ἰωὰθαμ</span> <span class='ocrx_word' id='word_1_701' title='bbox 913 4797 979 4850; x_wconf 87' lang='grc' dir='ltr'><strong>δέ</strong></span> <span class='ocrx_word' id='word_1_702' title='bbox 987 4792 1274 4864; x_wconf 76' lang='grc' dir='ltr'>ἐγέννησε</span> <span class='ocrx_word' id='word_1_703' title='bbox 1285 4791 1390 4844; x_wconf 81' lang='grc' dir='ltr'>τὸν</span> <span class='ocrx_word' id='word_1_704' title='bbox 1404 4790 1676 4856; x_wconf 81' lang='grc' dir='ltr'>Ἐζεκίαν,</span> <span class='ocrx_word' id='word_1_705' title='bbox 1695 4789 1833 4852; x_wconf 81' lang='grc' dir='ltr'><strong>Ἐζε-</strong></span> 
     </span>
    </p>
   </div>
   <div class='ocr_carea' id='block_1_94' title="bbox 267 4881 1832 4958">
    <p class='ocr_par' dir='ltr' id='par_1_94' title="bbox 267 4881 1832 4958">
     <span class='ocr_line' id='line_1_94' title="bbox 267 4881 1832 4958; baseline -0.005 -14"><span class='ocrx_word' id='word_1_706' title='bbox 267 4891 406 4955; x_wconf 74' lang='grc' dir='ltr'>κίας</span> <span class='ocrx_word' id='word_1_707' title='bbox 447 4888 516 4942; x_wconf 82' lang='grc' dir='ltr'><strong>δέ</strong></span> <span class='ocrx_word' id='word_1_708' title='bbox 556 4887 846 4958; x_wconf 83' lang='grc' dir='ltr'>ἐγέννησε</span> <span class='ocrx_word' id='word_1_709' title='bbox 886 4887 994 4940; x_wconf 83' lang='grc' dir='ltr'>τὸν</span> <span class='ocrx_word' id='word_1_710' title='bbox 1045 4881 1369 4951; x_wconf 80' lang='grc' dir='ltr'>Μανασσῆ,</span> <span class='ocrx_word' id='word_1_711' title='bbox 1396 4881 1730 4951; x_wconf 82' lang='grc' dir='ltr'>Μανασσῆς</span> <span class='ocrx_word' id='word_1_712' title='bbox 1764 4881 1832 4936; x_wconf 83' lang='grc' dir='ltr'>δὲ</span> 
     </span>
    </p>
   </div>
   <div class='ocr_carea' id='block_1_95' title="bbox 266 4975 1834 5052">
    <p class='ocr_par' dir='ltr' id='par_1_95' title="bbox 266 4975 1834 5052">
     <span class='ocr_line' id='line_1_95' title="bbox 266 4975 1834 5052; baseline -0.005 -15"><span class='ocrx_word' id='word_1_713' title='bbox 266 4982 558 5052; x_wconf 73' lang='grc' dir='ltr'>ἐγέννησε</span> <span class='ocrx_word' id='word_1_714' title='bbox 598 4982 702 5036; x_wconf 82' lang='grc' dir='ltr'>τὸν</span> <span class='ocrx_word' id='word_1_715' title='bbox 736 4977 1215 5050; x_wconf 77' lang='grc' dir='ltr'>Ἄμμὼν,Ἀμμὼν</span> <span class='ocrx_word' id='word_1_716' title='bbox 1264 4976 1332 5031; x_wconf 80' lang='grc' dir='ltr'>δὲ</span> <span class='ocrx_word' id='word_1_717' title='bbox 1398 4975 1688 5046; x_wconf 74' lang='grc' dir='ltr'>ἐγέννησε</span> <span class='ocrx_word' id='word_1_718' title='bbox 1727 4975 1834 5030; x_wconf 83' lang='grc' dir='ltr'>τὸν</span> 
     </span>
    </p>
   </div>
   <div class='ocr_carea' id='block_1_96' title="bbox 281 5067 1829 5140">
    <p class='ocr_par' dir='ltr' id='par_1_96' title="bbox 281 5067 1829 5140">
     <span class='ocr_line' id='line_1_96' title="bbox 281 5067 1829 5140; baseline -0.005 -13"><span class='ocrx_word' id='word_1_719' title='bbox 281 5073 529 5136; x_wconf 85' lang='grc' dir='ltr'>Ἰωσίαν,</span> <span class='ocrx_word' id='word_1_720' title='bbox 547 5072 769 5138; x_wconf 83' lang='grc' dir='ltr'>Ἰωσίας</span> <span class='ocrx_word' id='word_1_721' title='bbox 815 5071 883 5124; x_wconf 80' lang='grc' dir='ltr'>δὲ</span> <span class='ocrx_word' id='word_1_722' title='bbox 929 5068 1218 5140; x_wconf 86' lang='grc' dir='ltr'>ἐγέννησε</span> <span class='ocrx_word' id='word_1_723' title='bbox 1262 5067 1367 5121; x_wconf 80' lang='grc' dir='ltr'>τὸν</span> <span class='ocrx_word' id='word_1_724' title='bbox 1407 5067 1686 5138; x_wconf 84' lang='grc' dir='ltr'>Ἰεχονίαν</span> <span class='ocrx_word' id='word_1_725' title='bbox 1733 5067 1829 5120; x_wconf 80' lang='grc' dir='ltr'><strong>καί</strong></span> 
     </span>
    </p>
   </div>
   <div class='ocr_carea' id='block_1_97' title="bbox 267 5159 1833 5235">
    <p class='ocr_par' dir='ltr' id='par_1_97' title="bbox 267 5159 1833 5235">
     <span class='ocr_line' id='line_1_97' title="bbox 267 5159 1833 5235; baseline -0.006 -14"><span class='ocrx_word' id='word_1_726' title='bbox 267 5167 412 5232; x_wconf 79' lang='grc' dir='ltr'>τοὺς</span> <span class='ocrx_word' id='word_1_727' title='bbox 443 5164 740 5235; x_wconf 65' lang='grc' dir='ltr'>ἀδελφοὺς</span> <span class='ocrx_word' id='word_1_728' title='bbox 768 5162 951 5218; x_wconf 82' lang='grc' dir='ltr'>αὑτοῦ</span> <span class='ocrx_word' id='word_1_729' title='bbox 981 5161 1077 5215; x_wconf 80' lang='grc' dir='ltr'>ἐπὶ</span> <span class='ocrx_word' id='word_1_730' title='bbox 1105 5160 1214 5228; x_wconf 82' lang='grc' dir='ltr'>τῆς</span> <span class='ocrx_word' id='word_1_731' title='bbox 1237 5160 1634 5232; x_wconf 71' lang='grc' dir='ltr'>μετοικεσίας</span> <span class='ocrx_word' id='word_1_732' title='bbox 1652 5159 1833 5212; x_wconf 86' lang='grc' dir='ltr'>Βαϐυ-</span> 
     </span>
    </p>
   </div>
   <div class='ocr_carea' id='block_1_98' title="bbox 264 5251 1832 5327">
    <p class='ocr_par' dir='ltr' id='par_1_98' title="bbox 264 5251 1832 5327">
     <span class='ocr_line' id='line_1_98' title="bbox 264 5251 1832 5327; baseline -0.008 -12"><span class='ocrx_word' id='word_1_733' title='bbox 264 5258 490 5325; x_wconf 71' lang='grc' dir='ltr'>λῶνοςο</span> <span class='ocrx_word' id='word_1_734' title='bbox 513 5259 660 5327; x_wconf 81' lang='grc' dir='ltr'>μετὰ</span> <span class='ocrx_word' id='word_1_735' title='bbox 702 5256 769 5309; x_wconf 85' lang='grc' dir='ltr'>δὲ</span> <span class='ocrx_word' id='word_1_736' title='bbox 786 5255 898 5324; x_wconf 74' lang='grc' dir='ltr'>τὴν</span> <span class='ocrx_word' id='word_1_737' title='bbox 924 5255 1301 5324; x_wconf 75' lang='grc' dir='ltr'>μετοικεσίαν</span> <span class='ocrx_word' id='word_1_738' title='bbox 1328 5251 1702 5318; x_wconf 75' lang='grc' dir='ltr'>Βαϐυλῶνος,</span> <span class='ocrx_word' id='word_1_739' title='bbox 1741 5253 1832 5305; x_wconf 85' lang='grc' dir='ltr'><strong>ἰε-</strong></span> 
     </span>
    </p>
   </div>
   <div class='ocr_carea' id='block_1_99' title="bbox 269 5341 1832 5421">
    <p class='ocr_par' dir='ltr' id='par_1_99' title="bbox 269 5341 1832 5421">
     <span class='ocr_line' id='line_1_99' title="bbox 269 5341 1832 5421; baseline -0.005 -19"><span class='ocrx_word' id='word_1_740' title='bbox 269 5351 480 5421; x_wconf 77' lang='grc' dir='ltr'>χονίας</span> <span class='ocrx_word' id='word_1_741' title='bbox 548 5348 836 5418; x_wconf 82' lang='grc' dir='ltr'>ἐγέννησε</span> <span class='ocrx_word' id='word_1_742' title='bbox 879 5347 986 5400; x_wconf 79' lang='grc' dir='ltr'>τὸν</span> <span class='ocrx_word' id='word_1_743' title='bbox 1031 5343 1334 5411; x_wconf 77' lang='grc' dir='ltr'>Σαλαθιὴλ</span> <span class='ocrx_word' id='word_1_744' title='bbox 1354 5385 1369 5408; x_wconf 87' lang='grc'><strong>,</strong></span> <span class='ocrx_word' id='word_1_745' title='bbox 1417 5343 1720 5410; x_wconf 77' lang='grc' dir='ltr'>Σαλαθιὴλ</span> <span class='ocrx_word' id='word_1_746' title='bbox 1765 5341 1832 5395; x_wconf 82' lang='grc' dir='ltr'><strong>δέ</strong></span> 
     </span>
    </p>
   </div>
   <div class='ocr_carea' id='block_1_100' title="bbox 265 5433 1830 5515">
    <p class='ocr_par' dir='ltr' id='par_1_100' title="bbox 265 5433 1830 5515">
     <span class='ocr_line' id='line_1_100' title="bbox 265 5433 1830 5515; baseline -0.005 -19"><span class='ocrx_word' id='word_1_747' title='bbox 265 5442 563 5515; x_wconf 81' lang='grc' dir='ltr'>ἐγέννησε</span> <span class='ocrx_word' id='word_1_748' title='bbox 593 5439 699 5494; x_wconf 84' lang='grc' dir='ltr'>τὸν</span> <span class='ocrx_word' id='word_1_749' title='bbox 722 5437 1070 5508; x_wconf 78' lang='grc' dir='ltr'>Ζοροϐάϐελ,</span> <span class='ocrx_word' id='word_1_750' title='bbox 1101 5435 1428 5505; x_wconf 76' lang='grc' dir='ltr'>Ζοροϐάϐελ</span> <span class='ocrx_word' id='word_1_751' title='bbox 1459 5433 1526 5488; x_wconf 82' lang='grc' dir='ltr'>δὲ</span> <span class='ocrx_word' id='word_1_752' title='bbox 1543 5434 1830 5505; x_wconf 84' lang='grc' dir='ltr'>ἐγέννησε</span> 
     </span>
    </p>
   </div>
   <div class='ocr_carea' id='block_1_101' title="bbox 342 5607 1697 5674">
    <p class='ocr_par' dir='ltr' id='par_1_101' title="bbox 342 5607 1697 5674">
     <span class='ocr_line' id='line_1_101' title="bbox 342 5607 1697 5674; baseline -0.008 1"><span class='ocrx_word' id='word_1_753' title='bbox 342 5621 386 5652; x_wconf 79' lang='grc'><strong>’⁸</strong></span> <span class='ocrx_word' id='word_1_754' title='bbox 413 5618 540 5674; x_wconf 83' lang='lat' dir='ltr'><strong>Cen.</strong></span> <span class='ocrx_word' id='word_1_755' title='bbox 569 5633 748 5673; x_wconf 75' lang='lat' dir='ltr'><strong>nm.</strong></span> <span class='ocrx_word' id='word_1_756' title='bbox 821 5617 866 5648; x_wconf 71' lang='grc' dir='ltr'>θ’</span> <span class='ocrx_word' id='word_1_757' title='bbox 897 5613 1022 5669; x_wconf 83' lang='lat' dir='ltr'><strong>Gen.</strong></span> <span class='ocrx_word' id='word_1_758' title='bbox 1063 5627 1290 5670; x_wconf 78' lang='lat' dir='ltr'><strong>xxxvnt.</strong></span> <span class='ocrx_word' id='word_1_759' title='bbox 1365 5611 1409 5644; x_wconf 75' lang='grc'><strong>⁸³</strong></span> <span class='ocrx_word' id='word_1_760' title='bbox 1433 5607 1625 5664; x_wconf 77' lang='lat' dir='ltr'><strong>Matth.</strong></span> <span class='ocrx_word' id='word_1_761' title='bbox 1662 5625 1697 5665; x_wconf 82' lang='grc' dir='ltr'>ι.</span> 
     </span>
    </p>
   </div>
   <div class='ocr_carea' id='block_1_102' title="bbox 1935 4323 3499 4398">
    <p class='ocr_par' dir='ltr' id='par_1_102' title="bbox 1935 4323 3499 4398">
     <span class='ocr_line' id='line_1_102' title="bbox 1935 4323 3499 4398; baseline 0.003 -20"><span class='ocrx_word' id='word_1_762' title='bbox 1935 4325 2084 4379; x_wconf 87' lang='lat' dir='ltr'><strong>boam</strong></span> <span class='ocrx_word' id='word_1_763' title='bbox 2098 4332 2269 4378; x_wconf 86' lang='lat' dir='ltr'><strong>auten:</strong></span> <span class='ocrx_word' id='word_1_764' title='bbox 2302 4325 2475 4394; x_wconf 89' lang='lat' dir='ltr'><strong>genuit</strong></span> <span class='ocrx_word' id='word_1_765' title='bbox 2502 4323 2709 4387; x_wconf 79' lang='lat' dir='ltr'><strong>Abiam,</strong></span> <span class='ocrx_word' id='word_1_766' title='bbox 2729 4324 2889 4380; x_wconf 77' lang='lat' dir='ltr'><strong>Abias</strong></span> <span class='ocrx_word' id='word_1_767' title='bbox 2911 4336 3084 4381; x_wconf 91' lang='lat' dir='ltr'><strong>autem</strong></span> <span class='ocrx_word' id='word_1_768' title='bbox 3119 4329 3294 4398; x_wconf 86' lang='lat' dir='ltr'><strong>genuit</strong></span> <span class='ocrx_word' id='word_1_769' title='bbox 3313 4329 3499 4395; x_wconf 80' lang='lat' dir='ltr'><strong>Asam,</strong></span> 
     </span>
    </p>
   </div>
   <div class='ocr_carea' id='block_1_103' title="bbox 1933 4413 3499 4491">
    <p class='ocr_par' dir='ltr' id='par_1_103' title="bbox 1933 4413 3499 4491">
     <span class='ocr_line' id='line_1_103' title="bbox 1933 4413 3499 4491; baseline 0.003 -20"><span class='ocrx_word' id='word_1_770' title='bbox 1933 4419 2044 4472; x_wconf 72' lang='lat' dir='ltr'><strong>Ara</strong></span> <span class='ocrx_word' id='word_1_771' title='bbox 2094 4427 2269 4471; x_wconf 90' lang='lat' dir='ltr'><strong>autem</strong></span> <span class='ocrx_word' id='word_1_772' title='bbox 2304 4417 2477 4486; x_wconf 87' lang='lat' dir='ltr'><strong>genuit</strong></span> <span class='ocrx_word' id='word_1_773' title='bbox 2506 4413 2765 4485; x_wconf 75' lang='lat' dir='ltr'><strong>Josaphat</strong></span> <span class='ocrx_word' id='word_1_774' title='bbox 2785 4455 2799 4480; x_wconf 91' lang='lat'><strong>,</strong></span> <span class='ocrx_word' id='word_1_775' title='bbox 2829 4414 3086 4486; x_wconf 79' lang='lat' dir='ltr'><strong>losaphat</strong></span> <span class='ocrx_word' id='word_1_776' title='bbox 3129 4428 3301 4473; x_wconf 87' lang='lat' dir='ltr'><strong>autem</strong></span> <span class='ocrx_word' id='word_1_777' title='bbox 3323 4422 3499 4491; x_wconf 85' lang='lat' dir='ltr'><strong>genuit</strong></span> 
     </span>
    </p>
   </div>
   <div class='ocr_carea' id='block_1_104' title="bbox 1931 4506 3498 4578">
    <p class='ocr_par' dir='ltr' id='par_1_104' title="bbox 1931 4506 3498 4578">
     <span class='ocr_line' id='line_1_104' title="bbox 1931 4506 3498 4578; baseline 0.002 -14"><span class='ocrx_word' id='word_1_778' title='bbox 1931 4509 2140 4572; x_wconf 82' lang='lat' dir='ltr'><strong>Joram,</strong></span> <span class='ocrx_word' id='word_1_779' title='bbox 2168 4507 2355 4561; x_wconf 84' lang='lat' dir='ltr'><strong>Joram</strong></span> <span class='ocrx_word' id='word_1_780' title='bbox 2415 4517 2588 4560; x_wconf 89' lang='lat' dir='ltr'><strong>autem</strong></span> <span class='ocrx_word' id='word_1_781' title='bbox 2634 4508 2811 4578; x_wconf 88' lang='lat' dir='ltr'><strong>genuit</strong></span> <span class='ocrx_word' id='word_1_782' title='bbox 2851 4506 3038 4562; x_wconf 66' lang='lat' dir='ltr'><strong>Oxiam</strong></span> <span class='ocrx_word' id='word_1_783' title='bbox 3064 4549 3079 4573; x_wconf 95' lang='lat'><strong>,</strong></span> <span class='ocrx_word' id='word_1_784' title='bbox 3131 4509 3292 4565; x_wconf 73' lang='lat' dir='ltr'><strong>Ozias</strong></span> <span class='ocrx_word' id='word_1_785' title='bbox 3324 4523 3498 4568; x_wconf 83' lang='lat' dir='ltr'><strong>autem</strong></span> 
     </span>
    </p>
   </div>
   <div class='ocr_carea' id='block_1_105' title="bbox 1931 4598 3497 4672">
    <p class='ocr_par' dir='ltr' id='par_1_105' title="bbox 1931 4598 3497 4672">
     <span class='ocr_line' id='line_1_105' title="bbox 1931 4598 3497 4672; baseline 0.002 -16"><span class='ocrx_word' id='word_1_786' title='bbox 1931 4601 2108 4672; x_wconf 86' lang='lat' dir='ltr'><strong>genuit</strong></span> <span class='ocrx_word' id='word_1_787' title='bbox 2134 4599 2408 4663; x_wconf 82' lang='lat' dir='ltr'><strong>loatham,</strong></span> <span class='ocrx_word' id='word_1_788' title='bbox 2435 4598 2686 4653; x_wconf 81' lang='lat' dir='ltr'><strong>Joatham</strong></span> <span class='ocrx_word' id='word_1_789' title='bbox 2740 4609 2915 4654; x_wconf 88' lang='lat' dir='ltr'><strong>autem</strong></span> <span class='ocrx_word' id='word_1_790' title='bbox 2956 4603 3130 4671; x_wconf 81' lang='lat' dir='ltr'><strong>genuit</strong></span> <span class='ocrx_word' id='word_1_791' title='bbox 3177 4602 3497 4670; x_wconf 79' lang='lat' dir='ltr'><strong>Ezechiam,</strong></span> 
     </span>
    </p>
   </div>
   <div class='ocr_carea' id='block_1_106' title="bbox 1932 4691 3596 4763">
    <p class='ocr_par' dir='ltr' id='par_1_106' title="bbox 1932 4691 3596 4763">
     <span class='ocr_line' id='line_1_106' title="bbox 1932 4691 3596 4763; baseline 0.002 -15"><span class='ocrx_word' id='word_1_792' title='bbox 1932 4693 2186 4748; x_wconf 80' lang='lat' dir='ltr'><strong>Ezechias</strong></span> <span class='ocrx_word' id='word_1_793' title='bbox 2239 4702 2412 4747; x_wconf 90' lang='lat' dir='ltr'><strong>autem</strong></span> <span class='ocrx_word' id='word_1_794' title='bbox 2441 4692 2616 4763; x_wconf 89' lang='lat' dir='ltr'><strong>genuit</strong></span> <span class='ocrx_word' id='word_1_795' title='bbox 2646 4691 2968 4757; x_wconf 78' lang='lat' dir='ltr'><strong>Manassem,</strong></span> <span class='ocrx_word' id='word_1_796' title='bbox 3001 4692 3276 4750; x_wconf 75' lang='lat' dir='ltr'><strong>Manasses</strong></span> <span class='ocrx_word' id='word_1_797' title='bbox 3322 4707 3497 4750; x_wconf 87' lang='lat' dir='ltr'><strong>autem</strong></span> <span class='ocrx_word' id='word_1_798' title='bbox 3594 4691 3596 4694; x_wconf 58' lang='grc'>’</span> 
     </span>
    </p>
   </div>
   <div class='ocr_carea' id='block_1_107' title="bbox 1931 4783 3495 4857">
    <p class='ocr_par' dir='ltr' id='par_1_107' title="bbox 1931 4783 3495 4857">
     <span class='ocr_line' id='line_1_107' title="bbox 1931 4783 3495 4857; baseline 0.001 -17"><span class='ocrx_word' id='word_1_799' title='bbox 1931 4787 2106 4857; x_wconf 86' lang='lat' dir='ltr'><strong>genuit</strong></span> <span class='ocrx_word' id='word_1_800' title='bbox 2133 4785 2375 4848; x_wconf 77' lang='lat' dir='ltr'><strong>Ammon,</strong></span> <span class='ocrx_word' id='word_1_801' title='bbox 2399 4783 2618 4838; x_wconf 81' lang='lat' dir='ltr'><strong>Ammon</strong></span> <span class='ocrx_word' id='word_1_802' title='bbox 2655 4793 2828 4837; x_wconf 87' lang='lat' dir='ltr'><strong>autem</strong></span> <span class='ocrx_word' id='word_1_803' title='bbox 2850 4784 3027 4854; x_wconf 87' lang='lat' dir='ltr'><strong>genuit</strong></span> <span class='ocrx_word' id='word_1_804' title='bbox 3052 4783 3280 4852; x_wconf 81' lang='lat' dir='ltr'><strong>Josiam,</strong></span> <span class='ocrx_word' id='word_1_805' title='bbox 3311 4787 3495 4841; x_wconf 75' lang='lat' dir='ltr'><strong>Josias</strong></span> 
     </span>
    </p>
   </div>
   <div class='ocr_carea' id='block_1_108' title="bbox 1932 4873 3496 4947">
    <p class='ocr_par' dir='ltr' id='par_1_108' title="bbox 1932 4873 3496 4947">
     <span class='ocr_line' id='line_1_108' title="bbox 1932 4873 3496 4947; baseline 0 -17"><span class='ocrx_word' id='word_1_806' title='bbox 1932 4887 2106 4930; x_wconf 88' lang='lat' dir='ltr'><strong>autem</strong></span> <span class='ocrx_word' id='word_1_807' title='bbox 2123 4878 2295 4947; x_wconf 89' lang='lat' dir='ltr'><strong>genuit</strong></span> <span class='ocrx_word' id='word_1_808' title='bbox 2308 4873 2341 4928; x_wconf 88' lang='grc'><strong>.1</strong></span> <span class='ocrx_word' id='word_1_809' title='bbox 2345 4876 2631 4938; x_wconf 81' lang='lat' dir='ltr'><strong>echaniam,</strong></span> <span class='ocrx_word' id='word_1_810' title='bbox 2655 4884 2702 4928; x_wconf 92' lang='lat' dir='ltr'><strong>et</strong></span> <span class='ocrx_word' id='word_1_811' title='bbox 2722 4873 2910 4942; x_wconf 70' lang='lat' dir='ltr'><strong>fratres</strong></span> <span class='ocrx_word' id='word_1_812' title='bbox 2925 4875 3036 4944; x_wconf 79' lang='lat' dir='ltr'><strong>ejus</strong></span> <span class='ocrx_word' id='word_1_813' title='bbox 3061 4877 3113 4929; x_wconf 93' lang='lat' dir='ltr'><strong>in</strong></span> <span class='ocrx_word' id='word_1_814' title='bbox 3150 4877 3496 4947; x_wconf 79' lang='lat' dir='ltr'><strong>transmigra-</strong></span> 
     </span>
    </p>
   </div>
   <div class='ocr_carea' id='block_1_109' title="bbox 1933 4966 3492 5038">
    <p class='ocr_par' dir='ltr' id='par_1_109' title="bbox 1933 4966 3492 5038">
     <span class='ocr_line' id='line_1_109' title="bbox 1933 4966 3492 5038; baseline 0.001 -16"><span class='ocrx_word' id='word_1_815' title='bbox 1933 4969 2071 5022; x_wconf 89' lang='lat' dir='ltr'><strong>tione</strong></span> <span class='ocrx_word' id='word_1_816' title='bbox 2097 4968 2409 5037; x_wconf 80' lang='lat' dir='ltr'><strong>Babylonis,</strong></span> <span class='ocrx_word' id='word_1_817' title='bbox 2442 4973 2625 5035; x_wconf 78' lang='lat' dir='ltr'><strong>etpost</strong></span> <span class='ocrx_word' id='word_1_818' title='bbox 2649 4967 3162 5036; x_wconf 79' lang='lat' dir='ltr'><strong>transmigrationem</strong></span> <span class='ocrx_word' id='word_1_819' title='bbox 3185 4966 3492 5038; x_wconf 65' lang='lat' dir='ltr'><strong>Babylonis,</strong></span> 
     </span>
    </p>
   </div>
   <div class='ocr_carea' id='block_1_110' title="bbox 1931 5054 3496 5127">
    <p class='ocr_par' dir='ltr' id='par_1_110' title="bbox 1931 5054 3496 5127">
     <span class='ocr_line' id='line_1_110' title="bbox 1931 5054 3496 5127; baseline 0.001 -17"><span class='ocrx_word' id='word_1_820' title='bbox 1931 5057 2208 5111; x_wconf 80' lang='lat' dir='ltr'><strong>Jechonias</strong></span> <span class='ocrx_word' id='word_1_821' title='bbox 2230 5057 2404 5126; x_wconf 84' lang='lat' dir='ltr'><strong>genuit</strong></span> <span class='ocrx_word' id='word_1_822' title='bbox 2422 5055 2700 5118; x_wconf 79' lang='lat' dir='ltr'><strong>Satathiel,</strong></span> <span class='ocrx_word' id='word_1_823' title='bbox 2722 5054 2980 5109; x_wconf 80' lang='lat' dir='ltr'><strong>Salathiel</strong></span> <span class='ocrx_word' id='word_1_824' title='bbox 3002 5065 3173 5109; x_wconf 86' lang='lat' dir='ltr'><strong>autem</strong></span> <span class='ocrx_word' id='word_1_825' title='bbox 3194 5058 3368 5127; x_wconf 88' lang='lat' dir='ltr'><strong>genuit</strong></span> <span class='ocrx_word' id='word_1_826' title='bbox 3389 5056 3496 5113; x_wconf 88' lang='lat' dir='ltr'><strong>Zo-</strong></span> 
     </span>
    </p>
   </div>
   <div class='ocr_carea' id='block_1_111' title="bbox 1932 5143 3490 5214">
    <p class='ocr_par' dir='ltr' id='par_1_111' title="bbox 1932 5143 3490 5214">
     <span class='ocr_line' id='line_1_111' title="bbox 1932 5143 3490 5214; baseline 0.001 -12"><span class='ocrx_word' id='word_1_827' title='bbox 1932 5148 2161 5211; x_wconf 85' lang='lat' dir='ltr'><strong>robabel,</strong></span> <span class='ocrx_word' id='word_1_828' title='bbox 2189 5143 2475 5201; x_wconf 80' lang='lat' dir='ltr'><strong>Zorobabel</strong></span> <span class='ocrx_word' id='word_1_829' title='bbox 2497 5155 2668 5200; x_wconf 88' lang='lat' dir='ltr'><strong>autem</strong></span> <span class='ocrx_word' id='word_1_830' title='bbox 2693 5147 2870 5214; x_wconf 86' lang='lat' dir='ltr'><strong>genuit</strong></span> <span class='ocrx_word' id='word_1_831' title='bbox 2891 5145 3085 5209; x_wconf 86' lang='lat' dir='ltr'><strong>Abiud,</strong></span> <span class='ocrx_word' id='word_1_832' title='bbox 3113 5147 3285 5200; x_wconf 77' lang='lat' dir='ltr'><strong>Abiud</strong></span> <span class='ocrx_word' id='word_1_833' title='bbox 3314 5159 3490 5203; x_wconf 84' lang='lat' dir='ltr'><strong>autem</strong></span> 
     </span>
    </p>
   </div>
   <div class='ocr_carea' id='block_1_112' title="bbox 1931 5237 3493 5312">
    <p class='ocr_par' dir='ltr' id='par_1_112' title="bbox 1931 5237 3493 5312">
     <span class='ocr_line' id='line_1_112' title="bbox 1931 5237 3493 5312; baseline -0.001 -17"><span class='ocrx_word' id='word_1_834' title='bbox 1931 5242 2106 5312; x_wconf 86' lang='lat' dir='ltr'><strong>genuit</strong></span> <span class='ocrx_word' id='word_1_835' title='bbox 2134 5239 2418 5303; x_wconf 86' lang='lat' dir='ltr'><strong>Eliachim,</strong></span> <span class='ocrx_word' id='word_1_836' title='bbox 2457 5237 2715 5292; x_wconf 84' lang='lat' dir='ltr'><strong>Eliachim</strong></span> <span class='ocrx_word' id='word_1_837' title='bbox 2747 5247 2920 5292; x_wconf 83' lang='lat' dir='ltr'><strong>autem</strong></span> <span class='ocrx_word' id='word_1_838' title='bbox 2949 5239 3125 5308; x_wconf 86' lang='lat' dir='ltr'><strong>genuit</strong></span> <span class='ocrx_word' id='word_1_839' title='bbox 3152 5240 3312 5304; x_wconf 79' lang='lat' dir='ltr'><strong>Azor,</strong></span> <span class='ocrx_word' id='word_1_840' title='bbox 3353 5240 3493 5296; x_wconf 78' lang='lat' dir='ltr'><strong>Azor</strong></span> 
     </span>
    </p>
   </div>
   <div class='ocr_carea' id='block_1_113' title="bbox 1933 5327 3490 5400">
    <p class='ocr_par' dir='ltr' id='par_1_113' title="bbox 1933 5327 3490 5400">
     <span class='ocr_line' id='line_1_113' title="bbox 1933 5327 3490 5400; baseline -0.001 -15"><span class='ocrx_word' id='word_1_841' title='bbox 1933 5341 2104 5385; x_wconf 89' lang='lat' dir='ltr'><strong>autem</strong></span> <span class='ocrx_word' id='word_1_842' title='bbox 2132 5330 2304 5400; x_wconf 88' lang='lat' dir='ltr'><strong>genuit</strong></span> <span class='ocrx_word' id='word_1_843' title='bbox 2319 5329 2510 5393; x_wconf 84' lang='lat' dir='ltr'><strong>Sadoc,</strong></span> <span class='ocrx_word' id='word_1_844' title='bbox 2535 5327 2708 5382; x_wconf 86' lang='lat' dir='ltr'><strong>Sadoc</strong></span> <span class='ocrx_word' id='word_1_845' title='bbox 2720 5337 2890 5381; x_wconf 88' lang='lat' dir='ltr'><strong>autem</strong></span> <span class='ocrx_word' id='word_1_846' title='bbox 2907 5328 3081 5397; x_wconf 85' lang='lat' dir='ltr'><strong>genuit</strong></span> <span class='ocrx_word' id='word_1_847' title='bbox 3098 5328 3490 5396; x_wconf 77' lang='lat' dir='ltr'><strong>Achim,Achim</strong></span> 
     </span>
    </p>
   </div>
   <div class='ocr_carea' id='block_1_114' title="bbox 1933 5418 3491 5495">
    <p class='ocr_par' dir='ltr' id='par_1_114' title="bbox 1933 5418 3491 5495">
     <span class='ocr_line' id='line_1_114' title="bbox 1933 5418 3491 5495; baseline -0.002 -17"><span class='ocrx_word' id='word_1_848' title='bbox 1933 5442 1996 5478; x_wconf 88' lang='lat' dir='ltr'><strong>an</strong></span> <span class='ocrx_word' id='word_1_849' title='bbox 2007 5433 2102 5477; x_wconf 86' lang='lat' dir='ltr'><strong>tem</strong></span> <span class='ocrx_word' id='word_1_850' title='bbox 2125 5423 2296 5495; x_wconf 87' lang='lat' dir='ltr'><strong>genuit</strong></span> <span class='ocrx_word' id='word_1_851' title='bbox 2323 5419 2670 5489; x_wconf 81' lang='lat' dir='ltr'><strong>Eliud,Eliud</strong></span> <span class='ocrx_word' id='word_1_852' title='bbox 2690 5429 2862 5475; x_wconf 89' lang='lat' dir='ltr'><strong>autem</strong></span> <span class='ocrx_word' id='word_1_853' title='bbox 2885 5419 3058 5491; x_wconf 88' lang='lat' dir='ltr'><strong>genuit</strong></span> <span class='ocrx_word' id='word_1_854' title='bbox 3077 5418 3491 5490; x_wconf 69' lang='lat' dir='ltr'><strong>Eleazar,Eteao</strong></span> 
     </span>
    </p>
   </div>
  </div>
