3962 6202
548 263 668 325 771
1447 261 1515 317 S.
1553 250 2003 318 EUSTATHIUS
2042 254 2530 317 ANTIOCHENUS
2561 246 2967 314 EPlSCOPUS.
3670 266 3755 322 772

567 394 848 444 urautem
858 380 1032 456 genuit
1049 377 1565 445 Hatthan,Matthan
1582 388 1755 434 autem
1765 375 2131 450 genuitlacob,

2189 375 2343 437 ιτὸν
2374 373 2613 438 nemos,
2629 372 2850 428 Ἆὸιοὺδ
2892 373 2962 427 δὲ
3000 372 3292 445 ἐγέννησε
3334 373 3442 428 τὸν
3479 376 3753 449 Ἐλιακείμ,

563 477 733 534 Iacob
757 486 929 531 autem
958 472 1133 545 genuit
1148 470 1342 542 Ioseph
1363 471 1531 526 virum
1550 469 1758 537 Mariae,
1772 485 1838 525 ex
1852 486 1955 541 qua
1977 477 2127 525 natat

2253 464 2547 534 Ἐλιακείμ
2580 463 2649 517 δὲ
2688 463 2976 536 ἐγέννησε
3010 464 3111 520 τὸν
3150 465 3508 537 Ἆζῶρ,Ἆζῖφ
3531 470 3595 524 δὲ
3622 471 3757 541 ἐγέν-

564 579 644 626 est
667 567 844 631 Iesus,
865 567 955 638 qui
989 564 1184 620 dicitur
1207 562 1470 620 Christus.
1505 562 1697 619 Omnes
1721 563 1897 635 itaque
1918 578 2128 634 genera-

2238 574 2392 627 νησε
2421 557 2528 612 τὸν
2550 557 2775 623 Σαδὼκ,
2806 556 3010 612 Σαόὼκ
3036 556 3103 611 δὲ
3133 557 3428 626 ἐγέννησε
3451 560 3551 613 τὸν
3578 562 3755 633 Ἀχείμ,

567 663 731 717 tiones
759 657 825 714 ab
851 648 1120 733 Abraham
1150 672 1309 727 usque
1330 655 1398 710 ad
1428 654 1593 709 David
1620 657 1976 726 generationes
1999 670 2131 725 qua-

2251 652 2439 722 Ἀχείμ
2475 650 2544 705 δὲ
2566 650 2857 720 ἐγέννησε
2881 650 2988 704 τὸν
3020 649 3272 716 Ἐλιοὺδ,
3289 651 3511 707 Ἐλιοὺδ
3540 653 3603 707 δὲ
3625 653 3758 724 ἐνέν.

566 750 876 813 tuordecim,
894 759 943 804 et
967 766 1001 803 a
1021 747 1187 803 David
1208 764 1369 819 usque
1396 747 1467 802 ad
1482 748 2003 819 transmigrationem
2025 747 2130 801 Ba-

2241 760 2394 814 νησε
2413 743 2522 798 τὸν
2547 740 2833 812 Ἐλεάζαρ,
2852 740 3117 811 Ἐλεάζαρ
3135 742 3207 796 δὲ
3227 742 3512 812 ἐγέννησε
3525 745 3623 800 τὸν
3642 751 3763 803 Μαι.

565 845 770 916 bylonis
796 844 1150 917 generationes
1183 841 1596 912 quatuordecim,
1625 849 1676 894 et
1718 857 1751 894 a
1786 839 2129 909 transmigra-

2241 838 2374 900 ϐὰν,
2398 835 2642 890 Ματθὰν
2676 834 2745 888 δὲ
2787 833 3076 904 ἐγέννησε
3119 834 3227 888 τὸν
3268 834 3478 898 Ἰακὼϐ,
3495 837 3675 894 Ἰακὼϐ
3705 842 3759 895 δὲ

565 941 707 993 tione
757 936 1047 1008 Babylonis
1099 951 1261 1006 usque
1317 932 1387 988 ad
1442 931 1743 998 Christum,
1775 932 2129 1004 generatione:

2241 928 2529 999 ἐγέννησε
2546 926 2651 981 τὸν
2663 925 2874 996 Ἰωσὴφ
2893 926 2999 981 τὸν
3011 926 3199 996 ἄνδρα
3212 928 3459 997 Μαρίας,
3468 929 3535 994 ἐξ
3549 926 3617 1000 ἧς
3628 932 3760 1001 em.

562 1030 977 1102 quatuordecim.
2218 1020 2371 1089 νήθη
2397 1018 2626 1090 Ἰησοῦς
2646 1021 2680 1073 ό
2709 1020 3030 1088 λεγόμενος
3060 1020 3336 1087 Χριστός.
3376 1018 3563 1075 Πᾶσαι
3587 1022 3690 1077 νῦν
3710 1027 3757 1078 al

564 1123 762 1195 γενεαὶ
787 1121 907 1180 ἀπὸ
945 1120 1188 1190 Ἀϐραὰμ
1216 1119 1327 1186 ἕως
1351 1115 1531 1172 Δαυῒδ
1560 1116 1758 1187 γενεαὶ
1784 1114 2245 1182 δεκατέσσαρες,
2280 1111 2377 1165 καὶ
2404 1110 2523 1167 ἀπὸ
2551 1110 2732 1166 Δαυῒδ
2773 1109 2883 1176 ἕως
2917 1107 3027 1178 τῆς
3057 1112 3439 1178 μετοικεσίας
3453 1113 3762 1181 Βαϐυλῶνος

565 1217 762 1290 γενεαὶ
801 1217 1259 1283 δεκατέσσαρες,
1296 1212 1395 1266 καὶ
1427 1209 1545 1266 ά.τύ
1595 1208 1703 1279 τῆς
1737 1208 2115 1280 μετοικεσίας
2143 1210 2227 1260 Ba
2239 1202 2507 1270 ϐυλῶνος
2539 1202 2650 1269 ἓως
2683 1202 2788 1257 τοῦ
2824 1202 3081 1272 Χριστοῦ
3121 1204 3321 1275 γενεαί
3350 1203 3759 1280 δεκατέσσαρες⁸

638 1309 1025 1383 lnquireudum
1065 1315 1248 1362 autem
1281 1305 1440 1361 nobis
1483 1312 1598 1369 est,
1643 1317 1880 1374 quanam
1924 1301 2137 1355 ratione

2312 1295 2581 1368 Ζητητέον
2627 1295 2683 1349 δὲ
2732 1296 2869 1367 ἡμῖν
2920 1294 3061 1349 κατὰ
3107 1299 3263 1350 ποῖον
3295 1295 3449 1367 λόγον
3471 1300 3499 1352 6
3526 1300 3763 1367 Ματθαῖος

572 1404 860 1461 Mattbmus
875 1409 930 1456 et
946 1400 1124 1455 Lucas
1138 1398 1192 1452 in
1222 1396 1533 1468 genealogia
1551 1393 1749 1465 Joseph
1766 1392 2027 1449 tradenda
2047 1390 2135 1447 di-

2240 1387 2335 1442 καὶ
2359 1390 2388 1443 6
2419 1388 2635 1453 Λουκᾶς
2661 1389 2719 1441 ἐν
2746 1390 2812 1460 τῇ
2843 1388 3165 1462 γενεαλογίᾳ
3209 1388 3530 1459 διαφωνοῦσι
3555 1392 3637 1446 τοῦ
3674 1395 3761 1449 Ἰω-

566 1501 848 1566 screpant;
865 1490 953 1544 hic
975 1491 1194 1562 quidem
1207 1490 1373 1543 ﬁlium
1390 1488 1539 1542 illum
1552 1486 1744 1552 Jacob,
1767 1486 1859 1541 ﬁlii
1890 1484 2130 1539 Matthan

2241 1484 2384 1555 σήφ’
2410 1483 2439 1536 6
2486 1483 2584 1554 μὲν
2632 1482 2746 1537 υἱὸν
2782 1481 2974 1536 Ἰακὼϐ
3013 1481 3247 1555 γράφων
3280 1484 3441 1537 αὐτὸν
3478 1485 3588 1539 υἱοῦ
3637 1488 3762 1540 Ματ-

568 1587 895 1662 perbibens,
928 1582 1106 1639 Lucas
1137 1596 1265 1638 vero
1295 1581 1461 1636 ﬁlium
1488 1578 1606 1636 Heli
1626 1620 1642 1644 ,
1692 1578 1785 1633 ﬁlii
1820 1576 2012 1633 Melchi
2034 1617 2049 1642 ,
2081 1587 2132 1632 et

2239 1572 2358 1638 θὰν,
2391 1574 2420 1626 6
2460 1574 2517 1627 δὲ
2549 1574 2761 1639 Λουκᾶς
2801 1573 2915 1627 υἱὸν
2952 1574 3100 1628 Ἠλεὶ
3144 1573 3242 1628 τοῦ
3287 1574 3513 1646 Μελχεί*
3550 1579 3633 1632 καὶ
3669 1580 3761 1644 πῶς

566 1659 842 1754 quomodo
872 1676 1064 1733 Melchi
1084 1716 1100 1741 ,
1131 1682 1187 1731 et
1211 1673 1451 1729 Matthan
1474 1713 1489 1737 ,
1523 1688 1646 1728 cum
1673 1671 1784 1729 sint
1809 1670 2010 1728 diversi
2042 1686 2130 1743 ge-

2196 1724 2207 1754 !
2236 1659 2402 1732 οὗτοι,
2427 1665 2694 1737 διαφόρων
2733 1665 2905 1734 γενῶν
2948 1664 3310 1736 ὑπάρχοντες,
3339 1667 3369 1719 ὃ
3391 1683 3450 1719 τε
3482 1667 3666 1739 Μελχεὶ
3688 1671 3760 1723 καὶ

567 1774 740 1839 neris,
766 1773 851 1828 avi
878 1769 1100 1842 Josephi
1125 1767 1555 1838 comperiuntur.

2167 1755 2209 1779 ¹¹
2234 1758 2263 1812 6
2292 1755 2539 1819 Ματθὰν,
2570 1756 2784 1812 πάπποι
2814 1756 2908 1811 τοῦ
2953 1757 3151 1829 Ἰωσὴφ
3177 1758 3574 1827 ἀναφαίνονται.

634 1866 713 1921 Ita
734 1864 1004 1922 dubitatio
1026 1862 1143 1917 haec
1173 1860 1430 1917 tollenda.
1462 1859 1680 1916 Primus
1712 1857 1857 1915 enim
1892 1856 2136 1911 Matthan

2307 1848 2493 1902 Ἔστιν
2524 1845 2617 1902 οὖν
2646 1848 2805 1903 τοῦτο
2825 1849 3275 1921 σαφηνιζόμενον.
3298 1849 3515 1922 Πρῶτος
3530 1851 3629 1922 γὰρ
3644 1853 3758 1907 Ματ-

567 1976 599 2017 a
623 1958 913 2015 Salomone
930 1955 1217 2017 oriundus,
1244 1950 1446 2007 Aitban
1475 1950 1665 2007 habuit
1691 1950 1747 2005 in
1768 1948 2131 2013 matrimonio,

2237 1939 2357 2001 θὰν,
2390 1941 2420 1992 6
2457 1940 2522 1994 ὲκ
2546 1940 2735 2011 γένους
2762 1940 3126 2013 Σολομῶντος,
3160 1941 3354 2010 ἄγεται
3381 1945 3599 2010 γυναῖκα
3623 1944 3757 1998 Δξθὰν

565 2068 634 2109 ex
672 2051 777 2107 hac
805 2048 1047 2122 gignitur
1083 2044 1276 2107 Jacob,
1307 2052 1362 2099 et
1398 2041 1654 2108 moritur,
1700 2055 1931 2110 eamque
1983 2037 2129 2093 ducit

2233 2031 2480 2103 ὀνόματι,
2521 2033 2615 2087 καὶ
2653 2034 2717 2086 ἐκ
2740 2032 2944 2105 ταύτης
2977 2035 3148 2104 γεννᾷ
3168 2033 3263 2088 τὸν
3301 2033 3511 2096 Ἰακὼϐ,
3543 2036 3627 2089 καὶ
3650 2037 3754 2090 ἀπο-

566 2138 765 2197 Melchi
800 2155 864 2196 ex
899 2152 1099 2209 genere
1128 2133 1371 2190 Matthan
1397 2173 1414 2199 ,
1447 2131 1786 2203 suscipitque
1807 2146 1876 2187 ex
1903 2145 1967 2185 ca
1990 2126 2130 2185 Heli.

2237 2123 2475 2196 θνήσκει.
2500 2125 2609 2179 Kal
2631 2126 2815 2194 ἄγεται
2842 2125 3010 2198 αὐτὴν
3036 2126 3065 2177 6
3084 2126 3294 2197 Μελχεὶ
3312 2127 3341 2179 6
3370 2130 3432 2181 ὲκ
3451 2127 3620 2196 γένους
3640 2131 3757 2182 Ματ-

566 2232 754 2305 ltaque
799 2230 1043 2287 Matthan
1100 2236 1155 2285 et
1204 2224 1425 2292 Melchi,
1485 2223 1675 2282 eadem
1722 2236 1894 2278 uxore
1934 2222 2130 2287 ducta,

2236 2214 2355 2283 θὰν,
2386 2216 2597 2269 ἐκποιεῖ
2640 2215 2699 2283 ἐξ
2752 2217 2919 2289 αὐτῆς
2968 2218 3061 2272 τὸν
3107 2218 3281 2274 Ἠλεί.
3316 2221 3423 2274 Καὶ
3468 2220 3530 2293 δὴ
3569 2217 3755 2275 οὖνὸτε

566 2324 709 2381 duos
738 2338 805 2380 ex
854 2320 1045 2379 eadem
1076 2327 1283 2384 matre,
1343 2316 1541 2372 fratres
1593 2314 1733 2370 ﬁlios
1788 2312 2130 2380 habuerunt,

2234 2306 2461 2361 Ματθὰν
2490 2308 2585 2363 καὶ
2607 2308 2636 2360 6
2665 2308 2887 2380 Μελχεὶ,
2912 2309 3013 2381 τὴν
3044 2309 3222 2381 αὐτὴν
3260 2311 3580 2383 ἀγαγόμενοι
3606 2315 3756 2380 γυνιῖ-

567 2431 742 2489 quare
774 2414 979 2485 duplici
1008 2427 1204 2486 genere
1228 2409 1420 2475 Jacob,
1465 2416 1521 2465 et
1552 2405 1670 2464 Heli
1699 2404 1962 2463 oriundos
1985 2418 2131 2457 com-

2234 2415 2327 2463 κα,
2358 2397 2452 2452 δύο
2490 2399 2857 2471 ὁμομητρίους
2888 2400 3380 2473 ἐπαιδοποιήσαπο
3423 2401 3674 2473 ἀδελφοὺς,
3693 2404 3756 2457 διὸ

570 2510 833 2582 perimus.
883 2504 1000 2563 Heli
1030 2518 1195 2576 porro
1222 2516 1393 2558 uxore
1417 2500 1614 2565 ducta,
1662 2497 1781 2554 sine
1811 2496 1935 2551 ﬁliis
1965 2494 2132 2559 obiit,

2234 2493 2329 2546 καὶ
2372 2495 2438 2547 ὲκ
2477 2491 2747 2565 διαφόρων
2774 2490 2867 2545 δύο
2890 2492 3063 2562 γενῶν
3113 2495 3445 2566 εὑρίσκομεν
3485 2495 3568 2548 τὸν
3599 2493 3753 2548 Ἰακὼϐ

567 2614 624 2661 et
653 2603 824 2659 frater
856 2600 976 2672 ejus
1001 2597 1170 2655 Jacob
1195 2611 1315 2653 eam
1355 2594 1458 2652 sibi
1488 2591 1804 2664 conjunxit,
1851 2598 1913 2645 ut
1938 2603 2131 2645 secun-

2235 2586 2330 2641 καὶ
2355 2585 2447 2640 τὸν
2481 2584 2644 2639 Ἡλεί.
2662 2584 2810 2639 Ἠλεὶ
2832 2585 2910 2653 δὲ,
2923 2585 3104 2641 λαϐὼν
3123 2590 3384 2657 γυναῖκα,
3411 2588 3567 2652 ἄπαις
3591 2587 3752 2642 ἐτελεύ-

568 2692 700 2750 dum
729 2693 902 2763 legem
931 2690 1072 2746 ﬁlios
1102 2688 1255 2743 fratri
1278 2687 1563 2750 excitaret,
1590 2683 1946 2753 nasciturque
1978 2697 2043 2736 ex
2073 2694 2132 2736 ea

2232 2693 2387 2750 τησε,
2427 2677 2519 2731 καὶ
2541 2677 2571 2730 6
2607 2676 2833 2748 ἀδελφὸς
2858 2678 3020 2733 αὐτοῦ
3050 2679 3254 2734 Ἰακὼϐ
3280 2679 3437 2734 ἔλαϐε
3455 2680 3546 2750 τὴν
3567 2681 3756 2747 γυναῖκα

569 2785 860 2857 Iosephus.
889 2783 970 2838 Ita
997 2791 1059 2838 ut
1083 2787 1279 2858 natura
1320 2776 1540 2851 quidem
1580 2775 1851 2847 Iosephus
1885 2773 2030 2829 ﬁlius
2064 2773 2133 2829 sit

2233 2767 2420 2834 αὐτοῦ,
2444 2770 2589 2832 ὅπως
2608 2768 2749 2824 κατὰ
2769 2769 2860 2823 τὸν
2880 2770 3042 2841 νόμον
3063 2771 3261 2843 ἐγείρῃ
3289 2771 3449 2825 τέκνα
3471 2769 3544 2842 τῷ
3561 2768 3748 2840 ἀδελφιῖι,

567 2874 782 2941 Jacobi,
804 2874 923 2947 lege
953 2871 1091 2929 Heli.

2234 2861 2331 2917 καὶ
2357 2862 2521 2933 γεννᾷ
2551 2861 2610 2929 ἐξ
2647 2861 2817 2933 αὐτῆς
2848 2862 2939 2916 τὸν
2979 2864 3377 2935 Ἰωσήιρ.”Ωστε
3412 2859 3499 2918 οὖν
3528 2861 3650 2917 κατὰ
3674 2861 3751 2931 φύ-

2236 2970 2322 3009 σιν
2351 2954 2451 3026 μὲν
2482 2949 2552 3027 ἦν
2576 2953 2691 3019 υίὸς
2719 2954 2814 3008 τοῦ
2859 2954 3053 3009 Ἰακὼὸ
3081 2957 3112 3010 6
3147 2957 3375 3029 Ἰωσὴφ,
3406 2956 3537 3011 κατὰ
3562 2953 3750 3027 νόμονᾶ

2157 3075 2202 3135 c
2234 3045 2328 3101 τοῦ
2373 3046 2539 3101 Ἡλεί.

614 3128 814 3202 -Digna
834 3137 983 3186 certe
1007 3135 1093 3187 est
1122 3144 1244 3201 qua:
1274 3135 1630 3202 percurratur
1666 3129 1898 3185 historia
1920 3170 1936 3196 ,
1967 3145 2132 3200 quam
2164 3128 2178 3135 ’

2183 3128 2202 3134 ”
2306 3137 2488 3204 Ἄξιον
2530 3138 2588 3191 δὲ
2643 3139 2737 3193 καὶ
2783 3138 2882 3211 τὴν
2916 3139 3185 3213 ἱστορίαν,
3220 3142 3288 3214 ἢν
3312 3141 3520 3208 διέξεισι
3545 3139 3747 3213 περὶτῆς

569 3221 807 3280 Jacobus
839 3222 1059 3295 quidam
1099 3229 1350 3279 recenset
1390 3223 1457 3278 de
1503 3222 1662 3278 beata
1692 3221 1948 3294 Virgine,
1981 3222 2133 3279 hisce

2233 3227 2396 3298 ἁγίας
2440 3228 2656 3304 Μαρίας
2695 3229 2949 3294 Ἰάκωὸός
2993 3247 3098 3295 τις,
3133 3232 3406 3287 ἐπελθεῖν.
3434 3233 3613 3286 eam;
3646 3231 3744 3299 γὰρ.

572 3316 755 3374 verbis
781 3332 1079 3384 enarrans;
1139 3316 1216 3372 ait
1240 3329 1476 3387 namque
1532 3315 1591 3371 in
1633 3315 1889 3373 tribubus
1932 3316 2131 3382 Israel,

2234 3321 2293 3373 ὲν
2315 3322 2435 3384 ταῖς
2464 3321 2659 3391 φυλαῖς
2685 3321 2779 3375 τοῦ
2818 3321 3034 3396 Ἰσραὴλ
3070 3323 3244 3397 ἄνδρα
3273 3324 3517 3378 πλούσιον
3563 3322 3744 3392 γεγενῆ-

571 3408 750 3464 virum
776 3405 946 3463 fuisse
983 3406 1301 3478 opulentum
1324 3406 1541 3462 nomine
1569 3405 1852 3472 Joacbim,
1885 3406 1979 3477 qui
2022 3406 2135 3462 die-

2235 3411 2359 3467 σθαι
2383 3414 2605 3483 ὀνόματι
2624 3414 2914 3485 ν’Ῑωακεὶμ,
2941 3414 3000 3478 ὃς
3030 3415 3149 3469 καθ’
3181 3417 3375 3489 ἑορτὴν
3398 3416 3645 3470 διπλάσιον
3664 3413 3743 3465 τιῖιν

572 3497 679 3554 bus
709 3497 863 3555 festis
889 3512 1115 3553 munera
1147 3496 1257 3553 Deo
1279 3496 1445 3568 duplo
1469 3496 1676 3567 majora
1704 3496 1828 3553 aliis
1850 3496 2133 3563 oﬁ‘erebat,

2233 3505 2406 3561 ἄλλων
2438 3506 2588 3579 δῶρα
2622 3505 2700 3579 τῷ
2739 3506 2859 3579 Θεῷ
2884 3508 3306 3581 προσεκύμιζεν,
3333 3510 3472 3564 οὕτω
3495 3509 3666 3577 λέγων·
3689 3504 3743 3559 Τὸ

573 3596 635 3645 ιιι
666 3588 747 3646 sic
779 3589 978 3661 populo
1007 3588 1191 3654 omni,
1227 3588 1440 3659 sibique
1486 3587 1734 3643 divinum
1774 3586 1986 3643 Numen
2017 3588 2136 3659 pla-

2233 3599 2333 3670 ἰἧς
2360 3601 2675 3672 περιουσίας
2704 3600 2764 3655 ὲν
2790 3602 2954 3657 παντὶ
2966 3602 3045 3675 τῷ
3072 3603 3212 3675 λαῷ,
3232 3605 3407 3659 καὶτὸ
3430 3604 3524 3675 τῆς
3549 3602 3741 3670 ἀφέσεως

574 3678 750 3737 cando
801 3679 1094 3752 propitium
1152 3679 1422 3735 redderet.
1463 3676 1583 3734 lam
1637 3676 1996 3734 celeberrimo
2046 3677 2137 3734 die

2234 3692 2315 3757 είς
2349 3691 2573 3764 ἱλασμὸν
2605 3693 2727 3765 ἐμοὶ
2771 3693 2962 3767 Κυρίῳ
2994 3694 3074 3766 τῷ
3102 3695 3246 3767 Θεῷ.
3264 3694 3545 3765 Ἐνστάσης
3567 3688 3645 3746 οὖν
3668 3689 3743 3756 τῆς

575 3769 717 3826 festo
750 3748 1242 3841 appropinquante,
1274 3767 1657 3839 omnibusque,
1691 3777 1750 3823 ut
1777 3767 1947 3824 moris
1978 3775 2132 3833 erat,

2238 3748 2499 3855 μεγίστης
2544 3748 2650 3839 τοῦ.
2689 3748 2894 3857 Κυρίου
2931 3748 3143 3859 έορτῆς,
3175 3748 3667 3843 ’κατὰ

574 3876 863 3917 munerum
892 3859 1295 3932 magniﬁcentia
1323 3857 1685 3927 donantibus,
1715 3859 1928 3931 primus
1960 3858 2048 3914 hic
2076 3865 2136 3914 ut

2235 3875 2424 3941 εἰωθὸς
2435 3876 2504 3930 τὰ
2522 3876 2670 3949 δῶρα
2684 3877 2761 3949 τῷ
2777 3878 2895 3951 Θεῷ
2910 3857 3405 3952 προσκομιξόντων,
3422 3874 3740 3951 προσενεγκεῖν

574 3954 786 4027 primus
816 3923 1080 4017 deferret,
1107 3949 1368 4007 accurrit.
1417 3948 1525 4007 Sed
1548 3923 1734 4006 Βιώῖῆ
1762 3950 1983 4022 quidam
2010 3966 2135 4007 eum

2236 3974 2449 4045 πρῶτος
2479 3923 2641 4038 ain-6:;
2672 3923 3091 4047 dippq;v.rKal
3120 3923 3344 4031 ιζῬῖιυὸίν
3378 3923 3737 4041 τιςιδιεκώλυσεν

575 4053 880 4103 remoratus
907 4051 1011 4107 est,
1035 4059 1144 4100 non
1168 4044 1329 4099 licere
1360 4042 1463 4114 ipsi
1502 4044 1739 4116 primum
1774 4042 1969 4100 oﬁ‘erre
1994 4043 2138 4098 amr-

2236 4042 2400 4116 αὗτδν
2448 4042 2736 4135 προσοῖσαι
2760 4042 3010 4136 πρῶτον,
3038 4064 3236 4134 λέγων,
3269 4064 3353 4137 μὴν
3388 4064 3569 4130 ἐξεῖναι
3607 4055 3736 4125 αὐτῷ,

576 4155 754 4202 mans.
783 4140 877 4211 qui
910 4139 965 4194 in
987 4137 1155 4196 Israel
1187 4137 1368 4194 adhuc
1394 4139 1514 4194 sine
1535 4137 1688 4209 prole
1720 4137 1967 4210 degebat.
1998 4136 2138 4193 Hinc

2236 4153 2424 4209 καθότι
2452 4154 2671 4220 ἄτεκνος
2699 4157 2757 4211 ὲν
2785 4155 2864 4227 τῷ
2902 4155 3116 4229 Ἰσραὴλ
3142 4136 3465 4228 καθέστηκε.
3492 4154 3589 4209 Καὶ
3610 4151 3738 4218 λυπη-

578 4246 815 4288 mmrore
840 4231 1093 4294 obrutus,
1126 4228 1342 4287 deserta
1370 4229 1509 4301 petit.
1527 4269 1544 4295 ,
1578 4228 1762 4300 ibique
1786 4229 2139 4286 tabernaculo

2238 4246 2350 4311 θεὶς
2380 4246 2473 4299 ἐπὶ
2508 4246 2685 4313 τοῦτο,
2714 4249 2794 4312 είς
2821 4246 2917 4317 τὴν
2942 4228 3145 4320 ἔρημον
3175 4249 3417 4319 ἀφίκετο,
3446 4247 3591 4301 κάκεῖ
3603 4242 3739 4313 πήξας

578 4331 859 4381 exstructo
884 4322 1220 4395 supplicibus
1239 4322 1380 4378 votis
1410 4323 1578 4377 Deum
1610 4321 1821 4387 orabat,
1847 4328 1903 4375 ut
1924 4331 1978 4377 et
2009 4321 2136 4386 sibi,

2238 4340 2441 4412 σκηνὴν
2475 4339 2682 4394 ἱκέτευε
2706 4339 2798 4394 τὸν
2826 4340 2957 4396 Θεὸν
2980 4344 3281 4413 παρασχεῖν
3311 4342 3402 4395 καὶ
3423 4338 3576 4410 αὐτῷ.
3594 4335 3737 4403 ὥσπερ

578 4414 1033 4489 quemadmodum
1054 4413 1304 4477 Abrahae,
1335 4413 1587 4485 legitima:
1615 4413 1782 4486 prolis
1813 4414 2137 4470 concederet

2174 4431 2214 4486 D
2236 4430 2314 4502 τῷ
2341 4430 2587 4505 Ἀϐραὰμ
2616 4431 2836 4502 γνησίου
2863 4432 3050 4496 παιδὸς
3073 4432 3311 4505 σποράν
3340 4430 3489 4502 μόνον
3506 4428 3602 4498 γὰρ
3616 4419 3738 4492 ἐγνώ-

581 4506 1003 4574 fecunditatem;
1055 4504 1233 4562 solum
1284 4505 1430 4560 enim
1482 4503 1586 4559 hoc
1624 4519 1683 4560 se
1709 4504 1854 4560 dono
1882 4505 1939 4560 in
1975 4505 2137 4561 Israel

2236 4539 2322 4576 κει
2370 4503 2559 4576 ἑαυτὸν
2610 4522 2872 4595 ὑπάρχειν
2908 4525 2966 4577 ἐν
3010 4522 3088 4593 τῷ
3128 4503 3359 4595 Ἰσραήλ·
3390 4521 3537 4593 ἄχρις
3561 4512 3735 4589 intem?"

580 4613 772 4655 carere
796 4597 1193 4670 cognoscebat,
1242 4603 1298 4651 et
1331 4595 1413 4652 sic
1445 4595 1502 4650 in
1536 4595 1895 4668 quadraginta
1925 4596 2135 4653 dierum

2234 4614 2509 4686 νηστεύων
2562 4617 2968 4687 τεσσαράκοντα
3013 4615 3220 4669 ἱκέτευε
3270 4616 3360 4670 τὸν
3402 4606 3735 4679 Θεόν.ὀμο¹-ως

577 4691 788 4762 jejunio
816 4689 984 4747 Deum
1018 4690 1430 4762 deprecabatur.
1457 4687 1723 4745 Similiter
1749 4697 1803 4746 et
1828 4691 1946 4761 ejus
1978 4707 2135 4759 uxor,

2239 4707 2298 4760 δὲ
2333 4708 2427 4761 καὶ
2453 4710 2486 4780 ἡ
2514 4705 2780 4779 ὁμόζυγος
2804 4707 2991 4772 αὐτοῦ,
3014 4707 3343 4780 περιθεμένη
3367 4706 3552 4776 ἐσθῆτα
3566 4697 3731 4764 εὐτελῆ.

580 4782 782 4838 vestitu
831 4781 1070 4847 inculto,
1106 4790 1160 4837 et
1207 4780 1432 4836 horrido
1476 4787 1654 4847 tecta,
1713 4782 1919 4852 prolem
1953 4798 1984 4837 a
2031 4782 2139 4840 Deo

2246 4798 2414 4852 ἐδεῖτο
2441 4797 2535 4851 τοῦ
2567 4797 2701 4851 Θεοῦ
2732 4800 2913 4869 τυχεῖν
2945 4799 3126 4869 γονῆς.
3143 4798 3463 4868 Ἑπιστὰσης
3486 4793 3536 4847 δὲ
3556 4791 3638 4860 τῆς
3658 4802 3730 4856 με·

583 4874 839 4944 precibus
880 4874 1160 4946 poscebat.
1208 4872 1315 4931 Sed
1359 4890 1484 4931 cum
1516 4890 1711 4946 magna
1760 4875 1879 4932 dies
1924 4876 2138 4932 Domini

2236 4889 2428 4961 γίοτης
2452 4890 2659 4962 ἡμέρας
2690 4889 2783 4944 τοῦ
2815 4887 2968 4955 Θεοῦ,
3004 4889 3261 4961 λαμπρὰν
3291 4886 3472 4957 στολὴν
3497 4876 3728 4951 ἀμφιέῖνν·

583 4967 845 5034 venisset,
870 4976 1019 5025 veste
1047 4984 1107 5026 se
1135 4969 1373 5040 pretiosa
1396 4970 1639 5035 ornavit;
1672 4967 1827 5026 nefas
1846 4972 1989 5026 enim
2023 4978 2141 5027 erat

2237 4996 2354 5033 ται·
2385 4979 2445 5032 οὐ
2478 4966 2588 5051 γὰρ
2617 4975 2686 5050 ἦν
2717 4977 2933 5050 θεμιτὸν
2962 4980 3019 5033 ὲν
3056 4979 3225 5050 ταύτῃ
3250 4979 3316 5049 τῇ
3348 4975 3496 5047 ἑορτῇ
3527 4966 3727 5033 πένθιμον

585 5061 682 5118 illo
706 5061 796 5118 die
828 5062 1080 5118 luctuoso
1099 5061 1291 5117 habitu
1319 5062 1528 5117 vestiri.

1212 5062 1291 5117 itu
1319 5062 1528 5117 vestiri.
2238 5070 2538 5142 ἠμφιέσθαι
2566 5070 2776 5143 στολήν.

655 5151 814 5208 Circa
846 5152 1011 5224 igitur
1053 5152 1245 5208 horam
1291 5154 1398 5210 diei
1446 5167 1645 5209 nonam
1693 5154 1796 5212 sub
1844 5154 2040 5210 arbore
2083 5155 2140 5211 in

2265 5140 2292 5142 Η
2307 5164 2442 5234 Περὶ
2465 5161 2595 5232 γοῦν
2615 5140 2961 5235 τὴννὲννάτην
2978 5162 3125 5236 ὥραν
3145 5162 3244 5232 τῆς
3265 5160 3466 5233 ἡμέρας
3482 5151 3571 5208 ὑπό
3592 5164 3635 5200 τι

586 5244 846 5302 viridario
879 5261 980 5301 suo
1009 5244 1204 5303 sedens
1222 5287 1238 5314 ,
1262 5246 1351 5304 bis
1381 5246 1563 5303 verbis
1583 5245 1752 5303 Deum
1775 5247 2097 5304 obsecrabat
2122 5266 2139 5305 :

2237 5257 2362 5330 ὅρον
2384 5230 2441 5311 έν
2468 5230 2546 5327 τῷ
2575 5230 2887 5329 παραδείσῳ
2917 5230 3089 5327 aii-ri];
3110 5230 3448 5309 καθεσθεῖσα.
3476 5230 3724 5330 ἱκέτευε

592 5353 613 5389 ι
649 5335 791 5394 Deus
821 5345 1034 5410 patrum
1066 5347 1410 5406 nostrorum,
1451 5339 1684 5395 benedic
1709 5340 1841 5395 mihi
1867 5350 1921 5396 et
1944 5341 2141 5397 exaudi

2239 5323 2410 5418 γουσα
2444 5323 2693 5419 ’τῷ-Θεῷ·
2730 5369 2749 5401 ι
2769 5349 2829 5402 Ὀ
2859 5323 2990 5412 Θεὺς
3023 5323 3129 5402 τῶν
3163 5346 3407 5418 πατέρων
3434 5339 3585 5413 ἡμῶν,
3610 5323 3723 5419 εὺλθ

586 5431 887 5487 orationem
942 5448 1154 5510 meam,
1198 5435 1341 5488 sicut
1372 5433 1694 5490 benedixisti
1726 5435 1900 5490 vulvae
1929 5433 2139 5500 Sarrae,

2239 5413 2410 5510 γησόν
2448 5413 2533 5511 με,
2579 5413 2674 5494 καὶ
2716 5439 3012 5494 ἐπάκουσον
3049 5440 3145 5512 τῆς
3192 5413 3419 5509 δεήσεὼς
3457 5447 3563 5502 μονν
3587 5413 3724 5512 ne?

587 5525 646 5573 et
715 5522 913 5579 dedisti
963 5506 1132 5580 ﬁlium
1188 5526 1263 5580 illi
1319 5525 1490 5583 Isaac.
1552 5547 1572 5580 ι
1628 5527 1753 5583 Haec
1810 5544 1933 5583 cum
1997 5529 2144 5585 dice-

2241 5506 2535 5602 εὐλόγησας
2564 5531 2662 5603 τὴν
2689 5533 2896 5604 μήτραν
2918 5506 3150 5604 Σάρρας,
3171 5506 3477 5587 καὶ-ἔδωκας
3506 5516 3614 5585 αὐτῇ

592 5616 708 5675 ret,
742 5611 797 5665 in
826 5617 1183 5685 propinquam
1217 5617 1465 5674 arborem
1505 5629 1783 5689 aspectum
1822 5618 2139 5684 referendo,

2241 5622 2331 5676 τὸν
2371 5600 2572 5676 Ἰσαάκ.
2665 5600 2775 5676 Kal
2802 5600 3240 5693 ταῦτα-λέγουσα
3264 5619 3431 5690 ἀφορᾷ
3455 5616 3526 5676 εἰς
3560 5606 3609 5661 τὸ
3635 5600 3728 5655 δέν·-

590 5704 803 5773 aspexit
854 5719 1126 5774 passerem
1186 5710 1348 5778 pullis
1407 5710 1522 5767 suis
1572 5712 1955 5779 incubantem;
2017 5712 2143 5770 hinc

2241 5714 2383 5785 δρθνν
2414 5714 2507 5769 καὶ
2534 5714 2839 5787 θεασαμένη
2868 5715 3120 5789 στρουθὸν
3148 5716 3215 5771 τὰ
3245 5710 3443 5768 νεοσσία
3466 5697 3629 5760 ἑαυτοῦ
3648 5706 3725 5744 πε-
