  <div class='ocr_page' id='page_1' title='image "/cluster/home/n/w/nwhite01/storage/ocr_20150623/18/hvd.32044073501207/392.png"; bbox 0 0 3962 6202; ppageno 0'>
   <div class='ocr_carea' id='block_1_1' title="bbox 235 219 3491 305">
    <p class='ocr_par' dir='ltr' id='par_1_1' title="bbox 235 219 3491 305">
     <span class='ocr_line' id='line_1_1' title="bbox 235 219 3491 305; baseline 0.008 -27"><span class='ocrx_word' id='word_1_1' title='bbox 235 219 356 279; x_wconf 72' lang='lat'><strong>773</strong></span> <span class='ocrx_word' id='word_1_2' title='bbox 1153 224 1423 284; x_wconf 77' lang='lat' dir='ltr'><strong>SPURIA.</strong></span> <span class='ocrx_word' id='word_1_3' title='bbox 1463 258 1531 267; x_wconf 89' lang='lat'><strong>——</strong></span> <span class='ocrx_word' id='word_1_4' title='bbox 1569 228 1927 287; x_wconf 74' lang='lat' dir='ltr'><strong>COMMENT.</strong></span> <span class='ocrx_word' id='word_1_5' title='bbox 1973 230 2041 287; x_wconf 84' lang='lat' dir='ltr'><strong>IN</strong></span> <span class='ocrx_word' id='word_1_6' title='bbox 2082 231 2579 294; x_wconf 71' lang='lat' dir='ltr'><strong>HEXAEMERON.</strong></span> <span class='ocrx_word' id='word_1_7' title='bbox 3383 247 3491 305; x_wconf 62' lang='lat'><strong>774</strong></span> 
     </span>
    </p>
   </div>
   <div class='ocr_carea' id='block_1_2' title="bbox 229 338 1794 439">
    <p class='ocr_par' dir='ltr' id='par_1_2' title="bbox 229 338 1774 412">
     <span class='ocr_line' id='line_1_2' title="bbox 229 338 1774 412; baseline 0.007 -21"><span class='ocrx_word' id='word_1_8' title='bbox 229 338 523 412; x_wconf 76' lang='grc' dir='ltr'>ριέποντα,</span> <span class='ocrx_word' id='word_1_9' title='bbox 567 338 782 412; x_wconf 78' lang='grc' dir='ltr'><strong>πικρῶς</strong></span> <span class='ocrx_word' id='word_1_10' title='bbox 826 341 1148 410; x_wconf 80' lang='grc' dir='ltr'>στενάξασα,</span> <span class='ocrx_word' id='word_1_11' title='bbox 1174 346 1268 400; x_wconf 78' lang='grc' dir='ltr'>καὶ</span> <span class='ocrx_word' id='word_1_12' title='bbox 1314 347 1610 402; x_wconf 82' lang='grc' dir='ltr'><strong>κωκύσασα</strong></span> <span class='ocrx_word' id='word_1_13' title='bbox 1654 344 1774 402; x_wconf 84' lang='grc' dir='ltr'>εἶπε</span> 
     </span>
    </p>
   </div>
   <div class='ocr_carea' id='block_1_3' title="bbox 1902 338 3489 439">
    <p class='ocr_par' dir='ltr' id='par_1_3' title="bbox 1918 355 3489 439">
     <span class='ocr_line' id='line_1_3' title="bbox 1918 355 3489 439; baseline 0.015 -37"><span class='ocrx_word' id='word_1_14' title='bbox 1918 364 2104 439; x_wconf 81' lang='lat' dir='ltr'><strong>amare</strong></span> <span class='ocrx_word' id='word_1_15' title='bbox 2154 355 2384 424; x_wconf 88' lang='lat' dir='ltr'><strong>repetito</strong></span> <span class='ocrx_word' id='word_1_16' title='bbox 2417 355 2659 428; x_wconf 86' lang='lat' dir='ltr'><strong>suspirio</strong></span> <span class='ocrx_word' id='word_1_17' title='bbox 2679 397 2697 424; x_wconf 97' lang='lat'><strong>,</strong></span> <span class='ocrx_word' id='word_1_18' title='bbox 2731 356 3054 431; x_wconf 86' lang='lat' dir='ltr'><strong>ejulansque</strong></span> <span class='ocrx_word' id='word_1_19' title='bbox 3076 360 3214 418; x_wconf 78' lang='lat' dir='ltr'><strong>dixit</strong></span> <span class='ocrx_word' id='word_1_20' title='bbox 3252 383 3263 419; x_wconf 94' lang='lat'><strong>:</strong></span> <span class='ocrx_word' id='word_1_21' title='bbox 3303 383 3322 416; x_wconf 75' lang='grc' dir='ltr'><strong>ι</strong></span> <span class='ocrx_word' id='word_1_22' title='bbox 3347 364 3489 439; x_wconf 79' lang='lat' dir='ltr'><strong>Heu,</strong></span> 
     </span>
    </p>
   </div>
   <div class='ocr_carea' id='block_1_4' title="bbox 234 427 1794 518">
    <p class='ocr_par' dir='ltr' id='par_1_4' title="bbox 234 427 1794 514">
     <span class='ocr_line' id='line_1_4' title="bbox 234 427 1794 514; baseline 0.01 -32"><span class='ocrx_word' id='word_1_23' title='bbox 234 427 353 484; x_wconf 71' lang='grc' dir='ltr'><strong>«Ὦ</strong></span> <span class='ocrx_word' id='word_1_24' title='bbox 379 430 466 503; x_wconf 79' lang='grc' dir='ltr'>δὴ,</span> <span class='ocrx_word' id='word_1_25' title='bbox 500 430 694 504; x_wconf 79' lang='grc' dir='ltr'>Κύριε,</span> <span class='ocrx_word' id='word_1_26' title='bbox 718 433 802 487; x_wconf 81' lang='grc' dir='ltr'>ὅτι</span> <span class='ocrx_word' id='word_1_27' title='bbox 830 434 950 489; x_wconf 78' lang='grc' dir='ltr'>οὐδὲ</span> <span class='ocrx_word' id='word_1_28' title='bbox 975 440 1087 502; x_wconf 87' lang='grc' dir='ltr'>τοῖς</span> <span class='ocrx_word' id='word_1_29' title='bbox 1116 434 1381 505; x_wconf 80' lang='grc' dir='ltr'><strong>πετεινοῖς</strong></span> <span class='ocrx_word' id='word_1_30' title='bbox 1408 439 1621 507; x_wconf 77' lang='grc' dir='ltr'><strong>τούτοις</strong></span> <span class='ocrx_word' id='word_1_31' title='bbox 1646 442 1794 514; x_wconf 84' lang='grc' dir='ltr'>ὡμοί-</span> 
     </span>
    </p>
   </div>
   <div class='ocr_carea' id='block_1_5' title="bbox 1902 427 3487 518">
    <p class='ocr_par' dir='ltr' id='par_1_5' title="bbox 1920 427 3487 518">
     <span class='ocr_line' id='line_1_5' title="bbox 1920 427 3487 518; baseline 0.013 -24"><span class='ocrx_word' id='word_1_32' title='bbox 1920 438 2179 508; x_wconf 87' lang='lat' dir='ltr'><strong>Domine,</strong></span> <span class='ocrx_word' id='word_1_33' title='bbox 2226 445 2448 518; x_wconf 84' lang='lat' dir='ltr'><strong>quando</strong></span> <span class='ocrx_word' id='word_1_34' title='bbox 2504 461 2606 502; x_wconf 92' lang='lat' dir='ltr'><strong>nec</strong></span> <span class='ocrx_word' id='word_1_35' title='bbox 2662 427 2817 505; x_wconf 83' lang='lat' dir='ltr'><strong>hisce</strong></span> <span class='ocrx_word' id='word_1_36' title='bbox 2861 427 3178 511; x_wconf 81' lang='lat' dir='ltr'><strong>volucribus</strong></span> <span class='ocrx_word' id='word_1_37' title='bbox 3239 427 3487 516; x_wconf 66' lang='lat' dir='ltr'><strong>fectmdis</strong></span> 
     </span>
    </p>
   </div>
   <div class='ocr_carea' id='block_1_6' title="bbox 222 521 1794 622">
    <p class='ocr_par' dir='ltr' id='par_1_6' title="bbox 222 521 1794 605">
     <span class='ocr_line' id='line_1_6' title="bbox 222 521 1794 605; baseline 0.011 -34"><span class='ocrx_word' id='word_1_38' title='bbox 222 536 391 590; x_wconf 76' lang='grc' dir='ltr'>ωμαι</span> <span class='ocrx_word' id='word_1_39' title='bbox 428 521 674 592; x_wconf 89' lang='grc' dir='ltr'>γονίμοις</span> <span class='ocrx_word' id='word_1_40' title='bbox 711 523 1042 595; x_wconf 77' lang='grc' dir='ltr'>ὑπάρχουσιί</span> <span class='ocrx_word' id='word_1_41' title='bbox 1075 547 1093 580; x_wconf 80' lang='grc' dir='ltr'><strong>ι</strong></span> <span class='ocrx_word' id='word_1_42' title='bbox 1141 529 1250 583; x_wconf 80' lang='grc' dir='ltr'><strong>Καὶ</strong></span> <span class='ocrx_word' id='word_1_43' title='bbox 1286 529 1458 586; x_wconf 89' lang='grc' dir='ltr'>ταῦτα</span> <span class='ocrx_word' id='word_1_44' title='bbox 1486 531 1696 605; x_wconf 86' lang='grc' dir='ltr'>βοώσης</span> <span class='ocrx_word' id='word_1_45' title='bbox 1719 535 1794 588; x_wconf 76' lang='grc' dir='ltr'>αὐι</span> 
     </span>
    </p>
   </div>
   <div class='ocr_carea' id='block_1_7' title="bbox 1902 521 3490 622">
    <p class='ocr_par' dir='ltr' id='par_1_7' title="bbox 1918 528 3490 622">
     <span class='ocr_line' id='line_1_7' title="bbox 1918 528 3490 622; baseline 0.015 -41"><span class='ocrx_word' id='word_1_46' title='bbox 1918 528 2225 587; x_wconf 84' lang='lat' dir='ltr'><strong>assimilor!</strong></span> <span class='ocrx_word' id='word_1_47' title='bbox 2256 552 2276 585; x_wconf 74' lang='grc' dir='ltr'><strong>ι</strong></span> <span class='ocrx_word' id='word_1_48' title='bbox 2316 531 2379 587; x_wconf 77' lang='lat' dir='ltr'><strong>Et</strong></span> <span class='ocrx_word' id='word_1_49' title='bbox 2405 536 2532 589; x_wconf 87' lang='lat' dir='ltr'><strong>talia</strong></span> <span class='ocrx_word' id='word_1_50' title='bbox 2562 534 2793 605; x_wconf 79' lang='lat' dir='ltr'><strong>dicenti,</strong></span> <span class='ocrx_word' id='word_1_51' title='bbox 2828 541 3053 612; x_wconf 79' lang='lat' dir='ltr'><strong>angelus</strong></span> <span class='ocrx_word' id='word_1_52' title='bbox 3075 540 3289 601; x_wconf 84' lang='lat' dir='ltr'><strong>Domini</strong></span> <span class='ocrx_word' id='word_1_53' title='bbox 3320 563 3490 622; x_wconf 78' lang='lat' dir='ltr'><strong>appa-</strong></span> 
     </span>
    </p>
   </div>
   <div class='ocr_carea' id='block_1_8' title="bbox 220 609 1794 710">
    <p class='ocr_par' dir='ltr' id='par_1_8' title="bbox 220 609 1794 710">
     <span class='ocr_line' id='line_1_8' title="bbox 220 609 1794 710; baseline 0.013 -50"><span class='ocrx_word' id='word_1_54' title='bbox 220 609 343 710; x_wconf 62' lang='grc' dir='ltr'><strong>τῇς</strong></span> <span class='ocrx_word' id='word_1_55' title='bbox 374 610 509 710; x_wconf 77' lang='grc' dir='ltr'>πρὸς</span> <span class='ocrx_word' id='word_1_56' title='bbox 554 612 646 665; x_wconf 65' lang='grc' dir='ltr'>τὸν</span> <span class='ocrx_word' id='word_1_57' title='bbox 681 612 834 677; x_wconf 81' lang='grc' dir='ltr'>Θεὸν,</span> <span class='ocrx_word' id='word_1_58' title='bbox 865 615 1094 685; x_wconf 77' lang='grc' dir='ltr'>ἄγγελος</span> <span class='ocrx_word' id='word_1_59' title='bbox 1123 620 1326 693; x_wconf 80' lang='grc' dir='ltr'>Κυρίου</span> <span class='ocrx_word' id='word_1_60' title='bbox 1357 623 1645 694; x_wconf 71' lang='grc' dir='ltr'>ἐπιφανεὶς</span> <span class='ocrx_word' id='word_1_61' title='bbox 1675 626 1794 696; x_wconf 67' lang='grc' dir='ltr'>αὐτῇ</span> 
     </span>
    </p>
   </div>
   <div class='ocr_carea' id='block_1_9' title="bbox 1902 609 3485 710">
    <p class='ocr_par' dir='ltr' id='par_1_9' title="bbox 1917 609 3485 710">
     <span class='ocr_line' id='line_1_9' title="bbox 1917 609 3485 710; baseline 0.016 -38"><span class='ocrx_word' id='word_1_62' title='bbox 1917 633 2045 675; x_wconf 88' lang='lat' dir='ltr'><strong>rens</strong></span> <span class='ocrx_word' id='word_1_63' title='bbox 2066 661 2082 684; x_wconf 91' lang='lat'><strong>,</strong></span> <span class='ocrx_word' id='word_1_64' title='bbox 2110 621 2406 680; x_wconf 90' lang='lat' dir='ltr'><strong>liberorum</strong></span> <span class='ocrx_word' id='word_1_65' title='bbox 2439 627 2772 697; x_wconf 72' lang='lat' dir='ltr'><strong>praenuntiat</strong></span> <span class='ocrx_word' id='word_1_66' title='bbox 2798 609 3201 701; x_wconf 85' lang='lat' dir='ltr'><strong>susceptionem</strong></span> <span class='ocrx_word' id='word_1_67' title='bbox 3225 677 3242 701; x_wconf 89' lang='lat'><strong>,</strong></span> <span class='ocrx_word' id='word_1_68' title='bbox 3283 609 3485 710; x_wconf 74' lang='lat' dir='ltr'><strong>quibus</strong></span> 
     </span>
    </p>
   </div>
   <div class='ocr_carea' id='block_1_10' title="bbox 224 700 1794 802">
    <p class='ocr_par' dir='ltr' id='par_1_10' title="bbox 224 700 1794 778">
     <span class='ocr_line' id='line_1_10' title="bbox 224 700 1794 778; baseline 0.013 -26"><span class='ocrx_word' id='word_1_69' title='bbox 224 700 647 771; x_wconf 71' lang='grc' dir='ltr'><strong>εὐαγγελίζεται</strong></span> <span class='ocrx_word' id='word_1_70' title='bbox 679 705 815 778; x_wconf 82' lang='grc' dir='ltr'>αὐτῇ</span> <span class='ocrx_word' id='word_1_71' title='bbox 851 709 1211 766; x_wconf 78' lang='grc' dir='ltr'>παιδοποιίαν.</span> <span class='ocrx_word' id='word_1_72' title='bbox 1230 714 1294 767; x_wconf 84' lang='grc' dir='ltr'><strong>Ἠ</strong></span> <span class='ocrx_word' id='word_1_73' title='bbox 1330 714 1387 768; x_wconf 78' lang='grc' dir='ltr'>δὲ</span> <span class='ocrx_word' id='word_1_74' title='bbox 1412 714 1692 771; x_wconf 88' lang='grc' dir='ltr'>ἀκούσασα</span> <span class='ocrx_word' id='word_1_75' title='bbox 1724 718 1794 771; x_wconf 55' lang='lat' dir='ltr'><strong>ei»</strong></span> 
     </span>
    </p>
   </div>
   <div class='ocr_carea' id='block_1_11' title="bbox 1902 700 3483 802">
    <p class='ocr_par' dir='ltr' id='par_1_11' title="bbox 1917 700 3483 802">
     <span class='ocr_line' id='line_1_11' title="bbox 1917 700 3483 802; baseline 0.015 -38"><span class='ocrx_word' id='word_1_76' title='bbox 1917 711 2122 768; x_wconf 75' lang='lat' dir='ltr'><strong>auditis</strong></span> <span class='ocrx_word' id='word_1_77' title='bbox 2179 713 2511 787; x_wconf 86' lang='lat' dir='ltr'><strong>gignendum</strong></span> <span class='ocrx_word' id='word_1_78' title='bbox 2577 718 2726 776; x_wconf 89' lang='lat' dir='ltr'><strong>illico</strong></span> <span class='ocrx_word' id='word_1_79' title='bbox 2785 719 2895 776; x_wconf 91' lang='lat' dir='ltr'><strong>Deo</strong></span> <span class='ocrx_word' id='word_1_80' title='bbox 2959 700 3318 785; x_wconf 51' lang='lat' dir='ltr'><strong>oderendum-</strong></span> <span class='ocrx_word' id='word_1_81' title='bbox 3352 747 3483 802; x_wconf 85' lang='lat' dir='ltr'><strong>pru-</strong></span> 
     </span>
    </p>
   </div>
   <div class='ocr_carea' id='block_1_12' title="bbox 224 789 3361 877">
    <p class='ocr_par' dir='ltr' id='par_1_12' title="bbox 224 789 3361 877">
     <span class='ocr_line' id='line_1_12' title="bbox 224 789 3361 877; baseline 0.011 -35"><span class='ocrx_word' id='word_1_82' title='bbox 224 789 334 855; x_wconf 77' lang='grc' dir='ltr'><strong>θὺς</strong></span> <span class='ocrx_word' id='word_1_83' title='bbox 367 793 431 845; x_wconf 81' lang='grc' dir='ltr'>τὸ</span> <span class='ocrx_word' id='word_1_84' title='bbox 458 795 716 865; x_wconf 80' lang='grc' dir='ltr'>γεννηθὲν</span> <span class='ocrx_word' id='word_1_85' title='bbox 748 797 1025 852; x_wconf 74' lang='grc' dir='ltr'>ἀναθεῖναι</span> <span class='ocrx_word' id='word_1_86' title='bbox 1055 800 1133 872; x_wconf 86' lang='grc' dir='ltr'>τῷ</span> <span class='ocrx_word' id='word_1_87' title='bbox 1161 801 1280 873; x_wconf 88' lang='grc' dir='ltr'>Θεῷ</span> <span class='ocrx_word' id='word_1_88' title='bbox 1310 805 1687 876; x_wconf 76' lang='grc' dir='ltr'><strong>ἐπηγγείλατο.</strong></span> <span class='ocrx_word' id='word_1_89' title='bbox 1916 803 2085 859; x_wconf 71' lang='lat' dir='ltr'><strong>misit.</strong></span> 
     </span>
    </p>
   </div>
   <div class='ocr_carea' id='block_1_13' title="bbox 306 884 1794 975">
    <p class='ocr_par' dir='ltr' id='par_1_13' title="bbox 306 884 1791 973">
     <span class='ocr_line' id='line_1_13' title="bbox 306 884 1791 973; baseline 0.012 -36"><span class='ocrx_word' id='word_1_90' title='bbox 306 884 547 940; x_wconf 83' lang='grc' dir='ltr'>Τοιαῦτα</span> <span class='ocrx_word' id='word_1_91' title='bbox 566 887 623 941; x_wconf 84' lang='grc' dir='ltr'>δὲ</span> <span class='ocrx_word' id='word_1_92' title='bbox 660 889 756 943; x_wconf 74' lang='grc' dir='ltr'>καὶ</span> <span class='ocrx_word' id='word_1_93' title='bbox 782 889 861 961; x_wconf 81' lang='grc' dir='ltr'><strong>τῷ</strong></span> <span class='ocrx_word' id='word_1_94' title='bbox 906 891 1158 966; x_wconf 76' lang='grc' dir='ltr'>Ἰωακεὶμ</span> <span class='ocrx_word' id='word_1_95' title='bbox 1196 895 1224 947; x_wconf 91' lang='lat'><strong>6</strong></span> <span class='ocrx_word' id='word_1_96' title='bbox 1265 895 1493 965; x_wconf 81' lang='grc' dir='ltr'>ἄγγελος</span> <span class='ocrx_word' id='word_1_97' title='bbox 1517 899 1576 952; x_wconf 87' lang='grc' dir='ltr'>ὲν</span> <span class='ocrx_word' id='word_1_98' title='bbox 1595 899 1675 971; x_wconf 84' lang='grc' dir='ltr'>τῷ</span> <span class='ocrx_word' id='word_1_99' title='bbox 1698 901 1791 973; x_wconf 78' lang='grc' dir='ltr'><strong>δρε</strong></span> 
     </span>
    </p>
   </div>
   <div class='ocr_carea' id='block_1_14' title="bbox 1902 884 3462 975">
    <p class='ocr_par' dir='ltr' id='par_1_14' title="bbox 1985 891 3462 975">
     <span class='ocr_line' id='line_1_14' title="bbox 1985 891 3462 975; baseline 0.012 -29"><span class='ocrx_word' id='word_1_100' title='bbox 1985 891 2110 949; x_wconf 78' lang='lat' dir='ltr'><strong>Haec</strong></span> <span class='ocrx_word' id='word_1_101' title='bbox 2135 894 2325 951; x_wconf 85' lang='lat' dir='ltr'><strong>eadem</strong></span> <span class='ocrx_word' id='word_1_102' title='bbox 2378 897 2431 952; x_wconf 93' lang='lat' dir='ltr'><strong>in</strong></span> <span class='ocrx_word' id='word_1_103' title='bbox 2482 906 2666 955; x_wconf 86' lang='lat' dir='ltr'><strong>monte</strong></span> <span class='ocrx_word' id='word_1_104' title='bbox 2705 898 2955 958; x_wconf 74' lang='lat' dir='ltr'><strong>Joacliim</strong></span> <span class='ocrx_word' id='word_1_105' title='bbox 3004 904 3229 975; x_wconf 82' lang='lat' dir='ltr'><strong>angelus</strong></span> <span class='ocrx_word' id='word_1_106' title='bbox 3261 908 3462 965; x_wconf 81' lang='lat' dir='ltr'><strong>manife</strong></span> 
     </span>
    </p>
   </div>
   <div class='ocr_carea' id='block_1_15' title="bbox 214 976 1794 1069">
    <p class='ocr_par' dir='ltr' id='par_1_15' title="bbox 214 976 1790 1069">
     <span class='ocr_line' id='line_1_15' title="bbox 214 976 1790 1069; baseline 0.01 -39"><span class='ocrx_word' id='word_1_107' title='bbox 214 976 545 1069; x_wconf 55' lang='grc' dir='ltr'>ϐιεσήμανε.</span> <span class='ocrx_word' id='word_1_108' title='bbox 595 980 703 1033; x_wconf 80' lang='grc' dir='ltr'><strong>Καὶ</strong></span> <span class='ocrx_word' id='word_1_109' title='bbox 762 981 1006 1046; x_wconf 79' lang='grc' dir='ltr'>καταϐὰς</span> <span class='ocrx_word' id='word_1_110' title='bbox 1044 984 1295 1060; x_wconf 74' lang='grc' dir='ltr'>Ἰωακεὶμ</span> <span class='ocrx_word' id='word_1_111' title='bbox 1343 986 1453 1042; x_wconf 80' lang='grc' dir='ltr'>ἀπὸ</span> <span class='ocrx_word' id='word_1_112' title='bbox 1492 989 1588 1044; x_wconf 89' lang='grc' dir='ltr'><strong>τοῦ</strong></span> <span class='ocrx_word' id='word_1_113' title='bbox 1632 991 1790 1063; x_wconf 80' lang='grc' dir='ltr'>ὅρους</span> 
     </span>
    </p>
   </div>
   <div class='ocr_carea' id='block_1_16' title="bbox 1902 976 3490 1069">
    <p class='ocr_par' dir='ltr' id='par_1_16' title="bbox 1922 983 3490 1069">
     <span class='ocr_line' id='line_1_16' title="bbox 1922 983 3490 1069; baseline 0.016 -35"><span class='ocrx_word' id='word_1_114' title='bbox 1922 983 2117 1049; x_wconf 87' lang='lat' dir='ltr'><strong>stavit;</strong></span> <span class='ocrx_word' id='word_1_115' title='bbox 2162 999 2332 1055; x_wconf 87' lang='lat' dir='ltr'><strong>quare</strong></span> <span class='ocrx_word' id='word_1_116' title='bbox 2378 988 2593 1047; x_wconf 88' lang='lat' dir='ltr'><strong>rediens</strong></span> <span class='ocrx_word' id='word_1_117' title='bbox 2633 1002 2818 1050; x_wconf 89' lang='lat' dir='ltr'><strong>monte</strong></span> <span class='ocrx_word' id='word_1_118' title='bbox 2856 995 3041 1052; x_wconf 86' lang='lat' dir='ltr'><strong>decem</strong></span> <span class='ocrx_word' id='word_1_119' title='bbox 3070 1012 3237 1069; x_wconf 88' lang='lat' dir='ltr'><strong>agnas</strong></span> <span class='ocrx_word' id='word_1_120' title='bbox 3261 999 3490 1060; x_wconf 87' lang='lat' dir='ltr'><strong>Domino</strong></span> 
     </span>
    </p>
   </div>
   <div class='ocr_carea' id='block_1_17' title="bbox 215 1067 1794 1153">
    <p class='ocr_par' dir='ltr' id='par_1_17' title="bbox 215 1067 1794 1153">
     <span class='ocr_line' id='line_1_17' title="bbox 215 1067 1794 1153; baseline 0.009 -31"><span class='ocrx_word' id='word_1_121' title='bbox 215 1067 363 1123; x_wconf 79' lang='grc' dir='ltr'>δέκα</span> <span class='ocrx_word' id='word_1_122' title='bbox 394 1070 647 1141; x_wconf 88' lang='grc' dir='ltr'>ἀμνάδων</span> <span class='ocrx_word' id='word_1_123' title='bbox 669 1071 859 1129; x_wconf 79' lang='grc' dir='ltr'>Θυσίαν</span> <span class='ocrx_word' id='word_1_124' title='bbox 881 1075 960 1148; x_wconf 87' lang='grc' dir='ltr'><strong>τῷ</strong></span> <span class='ocrx_word' id='word_1_125' title='bbox 989 1076 1179 1150; x_wconf 83' lang='grc' dir='ltr'>Κυρίῳ</span> <span class='ocrx_word' id='word_1_126' title='bbox 1203 1080 1565 1153; x_wconf 80' lang='grc' dir='ltr'><strong>προσήνεγκε,</strong></span> <span class='ocrx_word' id='word_1_127' title='bbox 1588 1083 1682 1138; x_wconf 79' lang='grc' dir='ltr'>καὶ</span> <span class='ocrx_word' id='word_1_128' title='bbox 1700 1087 1794 1147; x_wconf 69' lang='grc' dir='ltr'>τοῖς</span> 
     </span>
    </p>
   </div>
   <div class='ocr_carea' id='block_1_18' title="bbox 1902 1067 3486 1153">
    <p class='ocr_par' dir='ltr' id='par_1_18' title="bbox 1921 1067 3486 1151">
     <span class='ocr_line' id='line_1_18' title="bbox 1921 1067 3486 1151; baseline 0.015 -25"><span class='ocrx_word' id='word_1_129' title='bbox 1921 1073 2122 1141; x_wconf 75' lang='lat' dir='ltr'><strong>praebet</strong></span> <span class='ocrx_word' id='word_1_130' title='bbox 2168 1077 2235 1133; x_wconf 90' lang='lat' dir='ltr'><strong>ad</strong></span> <span class='ocrx_word' id='word_1_131' title='bbox 2282 1080 2647 1149; x_wconf 80' lang='lat' dir='ltr'><strong>sacriﬁcium,</strong></span> <span class='ocrx_word' id='word_1_132' title='bbox 2693 1095 2747 1140; x_wconf 89' lang='lat' dir='ltr'><strong>et</strong></span> <span class='ocrx_word' id='word_1_133' title='bbox 2791 1067 3161 1147; x_wconf 76' lang='lat' dir='ltr'><strong>sacerdotibus</strong></span> <span class='ocrx_word' id='word_1_134' title='bbox 3206 1093 3486 1151; x_wconf 88' lang='lat' dir='ltr'><strong>duodecim</strong></span> 
     </span>
    </p>
   </div>
   <div class='ocr_carea' id='block_1_19' title="bbox 220 1160 1794 1247">
    <p class='ocr_par' dir='ltr' id='par_1_19' title="bbox 220 1160 1794 1247">
     <span class='ocr_line' id='line_1_19' title="bbox 220 1160 1794 1247; baseline 0.013 -35"><span class='ocrx_word' id='word_1_135' title='bbox 220 1160 439 1231; x_wconf 72' lang='grc' dir='ltr'>ἱερεῦσι</span> <span class='ocrx_word' id='word_1_136' title='bbox 472 1163 704 1234; x_wconf 75' lang='grc' dir='ltr'>μόσχους</span> <span class='ocrx_word' id='word_1_137' title='bbox 730 1166 981 1232; x_wconf 75' lang='grc' dir='ltr'>δεκαδύο,</span> <span class='ocrx_word' id='word_1_138' title='bbox 1003 1168 1099 1223; x_wconf 76' lang='grc' dir='ltr'>καὶ</span> <span class='ocrx_word' id='word_1_139' title='bbox 1125 1171 1190 1243; x_wconf 72' lang='grc' dir='ltr'>τῇ</span> <span class='ocrx_word' id='word_1_140' title='bbox 1225 1173 1487 1247; x_wconf 83' lang='grc' dir='ltr'>γερουσίᾳ</span> <span class='ocrx_word' id='word_1_141' title='bbox 1518 1176 1615 1230; x_wconf 83' lang='grc' dir='ltr'>καὶ</span> <span class='ocrx_word' id='word_1_142' title='bbox 1648 1177 1794 1232; x_wconf 82' lang='grc' dir='ltr'>παντ¹</span> 
     </span>
    </p>
   </div>
   <div class='ocr_carea' id='block_1_20' title="bbox 1902 1160 3486 1247">
    <p class='ocr_par' dir='ltr' id='par_1_20' title="bbox 1920 1162 3486 1247">
     <span class='ocr_line' id='line_1_20' title="bbox 1920 1162 3486 1247; baseline 0.015 -30"><span class='ocrx_word' id='word_1_143' title='bbox 1920 1162 2141 1232; x_wconf 77' lang='lat' dir='ltr'><strong>vitulos,</strong></span> <span class='ocrx_word' id='word_1_144' title='bbox 2173 1179 2227 1224; x_wconf 87' lang='lat' dir='ltr'><strong>et</strong></span> <span class='ocrx_word' id='word_1_145' title='bbox 2256 1172 2628 1240; x_wconf 85' lang='lat' dir='ltr'><strong>senatoribus,</strong></span> <span class='ocrx_word' id='word_1_146' title='bbox 2672 1184 2725 1230; x_wconf 91' lang='lat' dir='ltr'><strong>et</strong></span> <span class='ocrx_word' id='word_1_147' title='bbox 2754 1176 2952 1247; x_wconf 85' lang='lat' dir='ltr'><strong>populo</strong></span> <span class='ocrx_word' id='word_1_148' title='bbox 2987 1181 3240 1238; x_wconf 86' lang='lat' dir='ltr'><strong>universo</strong></span> <span class='ocrx_word' id='word_1_149' title='bbox 3271 1197 3486 1241; x_wconf 85' lang='lat' dir='ltr'><strong>centum</strong></span> 
     </span>
    </p>
   </div>
   <div class='ocr_carea' id='block_1_21' title="bbox 214 1253 1794 1338">
    <p class='ocr_par' dir='ltr' id='par_1_21' title="bbox 214 1253 1794 1338">
     <span class='ocr_line' id='line_1_21' title="bbox 214 1253 1794 1338; baseline 0.013 -32"><span class='ocrx_word' id='word_1_150' title='bbox 214 1253 307 1324; x_wconf 81' lang='grc' dir='ltr'><strong>τῷ</strong></span> <span class='ocrx_word' id='word_1_151' title='bbox 337 1255 453 1328; x_wconf 84' lang='grc' dir='ltr'><strong>λαῷ</strong></span> <span class='ocrx_word' id='word_1_152' title='bbox 481 1258 673 1313; x_wconf 80' lang='grc' dir='ltr'>ἑκατὸν</span> <span class='ocrx_word' id='word_1_153' title='bbox 698 1261 985 1333; x_wconf 84' lang='grc' dir='ltr'>χιμάρους.</span> <span class='ocrx_word' id='word_1_154' title='bbox 1009 1263 1120 1318; x_wconf 89' lang='lat' dir='ltr'><strong>Kal</strong></span> <span class='ocrx_word' id='word_1_155' title='bbox 1147 1266 1465 1333; x_wconf 74' lang='grc' dir='ltr'>ἐπιτελέσας</span> <span class='ocrx_word' id='word_1_156' title='bbox 1493 1269 1592 1334; x_wconf 78' lang='grc' dir='ltr'><strong>τὰς</strong></span> <span class='ocrx_word' id='word_1_157' title='bbox 1624 1270 1794 1338; x_wconf 74' lang='grc' dir='ltr'>θυσίας</span> 
     </span>
    </p>
   </div>
   <div class='ocr_carea' id='block_1_22' title="bbox 1902 1253 3474 1338">
    <p class='ocr_par' dir='ltr' id='par_1_22' title="bbox 1910 1254 3474 1337">
     <span class='ocr_line' id='line_1_22' title="bbox 1910 1254 3474 1337; baseline 0.01 -26"><span class='ocrx_word' id='word_1_158' title='bbox 1910 1254 2113 1315; x_wconf 84' lang='lat' dir='ltr'><strong>hircos.</strong></span> <span class='ocrx_word' id='word_1_159' title='bbox 2169 1256 2267 1316; x_wconf 86' lang='lat' dir='ltr'><strong>His</strong></span> <span class='ocrx_word' id='word_1_160' title='bbox 2318 1261 2606 1318; x_wconf 80' lang='lat' dir='ltr'><strong>sacriﬁciis</strong></span> <span class='ocrx_word' id='word_1_161' title='bbox 2662 1262 2719 1319; x_wconf 90' lang='lat' dir='ltr'><strong>in</strong></span> <span class='ocrx_word' id='word_1_162' title='bbox 2773 1265 2974 1332; x_wconf 85' lang='lat' dir='ltr'><strong>templo</strong></span> <span class='ocrx_word' id='word_1_163' title='bbox 3017 1265 3230 1323; x_wconf 89' lang='lat' dir='ltr'><strong>Domini</strong></span> <span class='ocrx_word' id='word_1_164' title='bbox 3276 1269 3474 1337; x_wconf 86' lang='lat' dir='ltr'><strong>factis,</strong></span> 
     </span>
    </p>
   </div>
   <div class='ocr_carea' id='block_1_23' title="bbox 211 1346 1794 1429">
    <p class='ocr_par' dir='ltr' id='par_1_23' title="bbox 211 1350 1794 1429">
     <span class='ocr_line' id='line_1_23' title="bbox 211 1350 1794 1429; baseline 0.011 -27"><span class='ocrx_word' id='word_1_165' title='bbox 211 1350 433 1415; x_wconf 80' lang='grc' dir='ltr'>ταύτας</span> <span class='ocrx_word' id='word_1_166' title='bbox 467 1353 523 1404; x_wconf 77' lang='grc' dir='ltr'><strong>έν</strong></span> <span class='ocrx_word' id='word_1_167' title='bbox 551 1352 630 1425; x_wconf 82' lang='grc' dir='ltr'><strong>τῷ</strong></span> <span class='ocrx_word' id='word_1_168' title='bbox 654 1353 766 1427; x_wconf 84' lang='grc' dir='ltr'><strong>ναῷ</strong></span> <span class='ocrx_word' id='word_1_169' title='bbox 794 1354 888 1410; x_wconf 87' lang='grc' dir='ltr'><strong>τοῦ</strong></span> <span class='ocrx_word' id='word_1_170' title='bbox 918 1356 1076 1423; x_wconf 86' lang='grc' dir='ltr'>Θεοῦ,</span> <span class='ocrx_word' id='word_1_171' title='bbox 1107 1358 1416 1429; x_wconf 83' lang='grc' dir='ltr'>ἀφικνεῖται</span> <span class='ocrx_word' id='word_1_172' title='bbox 1447 1363 1528 1428; x_wconf 84' lang='grc' dir='ltr'><strong>είς</strong></span> <span class='ocrx_word' id='word_1_173' title='bbox 1548 1364 1640 1418; x_wconf 83' lang='grc' dir='ltr'>τὸν</span> <span class='ocrx_word' id='word_1_174' title='bbox 1663 1361 1794 1420; x_wconf 75' lang='grc' dir='ltr'>οἶκοι</span> 
     </span>
    </p>
   </div>
   <div class='ocr_carea' id='block_1_24' title="bbox 1902 1346 3476 1429">
    <p class='ocr_par' dir='ltr' id='par_1_24' title="bbox 1907 1346 3476 1428">
     <span class='ocr_line' id='line_1_24' title="bbox 1907 1346 3476 1428; baseline 0.01 -26"><span class='ocrx_word' id='word_1_175' title='bbox 1907 1346 2132 1404; x_wconf 89' lang='lat' dir='ltr'><strong>domum</strong></span> <span class='ocrx_word' id='word_1_176' title='bbox 2163 1366 2319 1407; x_wconf 88' lang='lat' dir='ltr'><strong>suam</strong></span> <span class='ocrx_word' id='word_1_177' title='bbox 2368 1355 2685 1421; x_wconf 79' lang='lat' dir='ltr'><strong>revertitur,</strong></span> <span class='ocrx_word' id='word_1_178' title='bbox 2733 1363 2789 1412; x_wconf 91' lang='lat' dir='ltr'><strong>et</strong></span> <span class='ocrx_word' id='word_1_179' title='bbox 2822 1372 2880 1412; x_wconf 87' lang='lat' dir='ltr'><strong>re</strong></span> <span class='ocrx_word' id='word_1_180' title='bbox 2907 1372 3031 1413; x_wconf 90' lang='lat' dir='ltr'><strong>cum</strong></span> <span class='ocrx_word' id='word_1_181' title='bbox 3054 1373 3227 1416; x_wconf 80' lang='lat' dir='ltr'><strong>uxore</strong></span> <span class='ocrx_word' id='word_1_182' title='bbox 3260 1362 3438 1417; x_wconf 86' lang='lat' dir='ltr'><strong>habita</strong></span> <span class='ocrx_word' id='word_1_183' title='bbox 3460 1403 3476 1428; x_wconf 89' lang='lat'><strong>,</strong></span> 
     </span>
    </p>
   </div>
   <div class='ocr_carea' id='block_1_25' title="bbox 211 1440 1794 1530">
    <p class='ocr_par' dir='ltr' id='par_1_25' title="bbox 211 1442 1794 1530">
     <span class='ocr_line' id='line_1_25' title="bbox 211 1442 1794 1530; baseline 0.013 -36"><span class='ocrx_word' id='word_1_184' title='bbox 211 1442 399 1496; x_wconf 80' lang='grc' dir='ltr'>αὐτοῦ</span> <span class='ocrx_word' id='word_1_185' title='bbox 418 1460 432 1473; x_wconf 81' lang='grc'><em>’</em></span> <span class='ocrx_word' id='word_1_186' title='bbox 474 1443 567 1498; x_wconf 75' lang='grc' dir='ltr'>καὶ</span> <span class='ocrx_word' id='word_1_187' title='bbox 591 1447 751 1515; x_wconf 85' lang='grc' dir='ltr'>γνοὺς</span> <span class='ocrx_word' id='word_1_188' title='bbox 775 1445 874 1520; x_wconf 82' lang='grc' dir='ltr'>τὴν</span> <span class='ocrx_word' id='word_1_189' title='bbox 898 1452 1130 1519; x_wconf 81' lang='grc' dir='ltr'>γυναῖκα</span> <span class='ocrx_word' id='word_1_190' title='bbox 1154 1452 1345 1518; x_wconf 82' lang='grc' dir='ltr'>αὐτοῦ,</span> <span class='ocrx_word' id='word_1_191' title='bbox 1377 1458 1520 1509; x_wconf 87' lang='grc' dir='ltr'>ποιεῖ</span> <span class='ocrx_word' id='word_1_192' title='bbox 1548 1456 1606 1525; x_wconf 76' lang='grc' dir='ltr'>ἐξ</span> <span class='ocrx_word' id='word_1_193' title='bbox 1631 1458 1794 1530; x_wconf 83' lang='grc' dir='ltr'>αὐτῆς</span> 
     </span>
    </p>
   </div>
   <div class='ocr_carea' id='block_1_26' title="bbox 1902 1440 3474 1530">
    <p class='ocr_par' dir='ltr' id='par_1_26' title="bbox 1906 1440 3474 1526">
     <span class='ocr_line' id='line_1_26' title="bbox 1906 1440 3474 1526; baseline 0.013 -33"><span class='ocrx_word' id='word_1_194' title='bbox 1906 1440 2138 1512; x_wconf 80' lang='lat' dir='ltr'><strong>suscipit</strong></span> <span class='ocrx_word' id='word_1_195' title='bbox 2162 1456 2229 1499; x_wconf 79' lang='lat' dir='ltr'><strong>ex</strong></span> <span class='ocrx_word' id='word_1_196' title='bbox 2259 1458 2321 1499; x_wconf 89' lang='lat' dir='ltr'><strong>ea</strong></span> <span class='ocrx_word' id='word_1_197' title='bbox 2357 1443 2542 1510; x_wconf 84' lang='lat' dir='ltr'><strong>ﬁliam,</strong></span> <span class='ocrx_word' id='word_1_198' title='bbox 2576 1456 2843 1519; x_wconf 85' lang='lat' dir='ltr'><strong>vocatque</strong></span> <span class='ocrx_word' id='word_1_199' title='bbox 2875 1447 3097 1504; x_wconf 74' lang='lat' dir='ltr'><strong>Mariam</strong></span> <span class='ocrx_word' id='word_1_200' title='bbox 3118 1490 3134 1517; x_wconf 95' lang='lat'><strong>,</strong></span> <span class='ocrx_word' id='word_1_201' title='bbox 3166 1468 3331 1524; x_wconf 88' lang='lat' dir='ltr'><strong>quam</strong></span> <span class='ocrx_word' id='word_1_202' title='bbox 3356 1454 3474 1526; x_wconf 80' lang='lat' dir='ltr'><strong>jam</strong></span> 
     </span>
    </p>
   </div>
   <div class='ocr_carea' id='block_1_27' title="bbox 211 1530 1794 1622">
    <p class='ocr_par' dir='ltr' id='par_1_27' title="bbox 211 1534 1794 1621">
     <span class='ocr_line' id='line_1_27' title="bbox 211 1534 1794 1621; baseline 0.01 -34"><span class='ocrx_word' id='word_1_203' title='bbox 211 1534 525 1608; x_wconf 77' lang='grc' dir='ltr'>θυγατέρα,</span> <span class='ocrx_word' id='word_1_204' title='bbox 548 1536 642 1591; x_wconf 71' lang='grc' dir='ltr'><strong>καὶ</strong></span> <span class='ocrx_word' id='word_1_205' title='bbox 667 1536 920 1610; x_wconf 74' lang='grc' dir='ltr'>ὀνομάζει</span> <span class='ocrx_word' id='word_1_206' title='bbox 940 1540 1112 1614; x_wconf 79' lang='grc' dir='ltr'>αὐτὴν</span> <span class='ocrx_word' id='word_1_207' title='bbox 1132 1542 1388 1615; x_wconf 84' lang='grc' dir='ltr'>Μαριὰμ,</span> <span class='ocrx_word' id='word_1_208' title='bbox 1409 1546 1601 1616; x_wconf 78' lang='grc' dir='ltr'>ἥντινα</span> <span class='ocrx_word' id='word_1_209' title='bbox 1621 1549 1794 1621; x_wconf 70' lang='grc' dir='ltr'>τριετῆ</span> 
     </span>
    </p>
   </div>
   <div class='ocr_carea' id='block_1_28' title="bbox 1902 1530 3072 1622">
    <p class='ocr_par' dir='ltr' id='par_1_28' title="bbox 1906 1530 3072 1610">
     <span class='ocr_line' id='line_1_28' title="bbox 1906 1530 3072 1610; baseline 0.009 -25"><span class='ocrx_word' id='word_1_210' title='bbox 1906 1530 2180 1588; x_wconf 88' lang='lat' dir='ltr'><strong>trimulam</strong></span> <span class='ocrx_word' id='word_1_211' title='bbox 2202 1534 2258 1589; x_wconf 94' lang='lat' dir='ltr'><strong>in</strong></span> <span class='ocrx_word' id='word_1_212' title='bbox 2286 1536 2489 1610; x_wconf 89' lang='lat' dir='ltr'><strong>templo</strong></span> <span class='ocrx_word' id='word_1_213' title='bbox 2516 1535 2629 1594; x_wconf 93' lang='lat' dir='ltr'><strong>Deo</strong></span> <span class='ocrx_word' id='word_1_214' title='bbox 2657 1549 3072 1597; x_wconf 85' lang='lat' dir='ltr'><strong>consecrarunt.</strong></span> 
     </span>
    </p>
   </div>
   <div class='ocr_carea' id='block_1_29' title="bbox 207 1628 1454 1708">
    <p class='ocr_par' dir='ltr' id='par_1_29' title="bbox 207 1628 1454 1708">
     <span class='ocr_line' id='line_1_29' title="bbox 207 1628 1454 1708; baseline 0.009 -28"><span class='ocrx_word' id='word_1_215' title='bbox 207 1628 530 1700; x_wconf 80' lang='grc' dir='ltr'>γενομένην</span> <span class='ocrx_word' id='word_1_216' title='bbox 558 1629 636 1701; x_wconf 84' lang='grc' dir='ltr'>τῷ</span> <span class='ocrx_word' id='word_1_217' title='bbox 674 1630 787 1702; x_wconf 83' lang='grc' dir='ltr'>ναῷ</span> <span class='ocrx_word' id='word_1_218' title='bbox 818 1631 912 1686; x_wconf 87' lang='grc' dir='ltr'><strong>τοῦ</strong></span> <span class='ocrx_word' id='word_1_219' title='bbox 945 1633 1080 1688; x_wconf 84' lang='grc' dir='ltr'>Θεοῦ</span> <span class='ocrx_word' id='word_1_220' title='bbox 1118 1635 1454 1708; x_wconf 80' lang='grc' dir='ltr'>ἀφιέρωσαν.</span> 
     </span>
    </p>
   </div>
   <div class='ocr_carea' id='block_1_30' title="bbox 291 1710 1794 1803">
    <p class='ocr_par' dir='ltr' id='par_1_30' title="bbox 291 1721 1794 1803">
     <span class='ocr_line' id='line_1_30' title="bbox 291 1721 1794 1803; baseline 0.009 -29"><span class='ocrx_word' id='word_1_221' title='bbox 291 1721 602 1793; x_wconf 82' lang='grc' dir='ltr'>Γενομένης</span> <span class='ocrx_word' id='word_1_222' title='bbox 648 1722 705 1776; x_wconf 85' lang='grc' dir='ltr'>δὲ</span> <span class='ocrx_word' id='word_1_223' title='bbox 758 1724 928 1795; x_wconf 81' lang='grc' dir='ltr'>αὐτῆς</span> <span class='ocrx_word' id='word_1_224' title='bbox 973 1726 1357 1794; x_wconf 82' lang='grc' dir='ltr'>δωδεκαετοῦς,</span> <span class='ocrx_word' id='word_1_225' title='bbox 1383 1731 1431 1783; x_wconf 80' lang='lat' dir='ltr'><strong>0i</strong></span> <span class='ocrx_word' id='word_1_226' title='bbox 1469 1729 1631 1802; x_wconf 81' lang='grc' dir='ltr'>ἱερεῖς</span> <span class='ocrx_word' id='word_1_227' title='bbox 1661 1749 1794 1803; x_wconf 87' lang='grc' dir='ltr'>συμ-</span> 
     </span>
    </p>
   </div>
   <div class='ocr_carea' id='block_1_31' title="bbox 1902 1710 3475 1803">
    <p class='ocr_par' dir='ltr' id='par_1_31' title="bbox 1974 1716 3475 1795">
     <span class='ocr_line' id='line_1_31' title="bbox 1974 1716 3475 1795; baseline 0.01 -22"><span class='ocrx_word' id='word_1_228' title='bbox 1974 1716 2178 1775; x_wconf 78' lang='lat' dir='ltr'><strong>Verum</strong></span> <span class='ocrx_word' id='word_1_229' title='bbox 2229 1720 2321 1775; x_wconf 90' lang='lat' dir='ltr'><strong>illa</strong></span> <span class='ocrx_word' id='word_1_230' title='bbox 2370 1722 2658 1779; x_wconf 83' lang='lat' dir='ltr'><strong>duodecim</strong></span> <span class='ocrx_word' id='word_1_231' title='bbox 2707 1739 2883 1782; x_wconf 90' lang='lat' dir='ltr'><strong>annos</strong></span> <span class='ocrx_word' id='word_1_232' title='bbox 2942 1736 3104 1795; x_wconf 86' lang='lat' dir='ltr'><strong>nata,</strong></span> <span class='ocrx_word' id='word_1_233' title='bbox 3163 1730 3475 1788; x_wconf 82' lang='lat' dir='ltr'><strong>sacerdotes</strong></span> 
     </span>
    </p>
   </div>
   <div class='ocr_carea' id='block_1_32' title="bbox 207 1810 1794 1895">
    <p class='ocr_par' dir='ltr' id='par_1_32' title="bbox 207 1810 1794 1895">
     <span class='ocr_line' id='line_1_32' title="bbox 207 1810 1794 1895; baseline 0.008 -29"><span class='ocrx_word' id='word_1_234' title='bbox 207 1810 440 1867; x_wconf 70' lang='grc' dir='ltr'>δούλιον</span> <span class='ocrx_word' id='word_1_235' title='bbox 468 1815 812 1887; x_wconf 75' lang='grc' dir='ltr'>ἐποιήσαντο,</span> <span class='ocrx_word' id='word_1_236' title='bbox 835 1817 944 1871; x_wconf 84' lang='grc' dir='ltr'><strong>τῶν</strong></span> <span class='ocrx_word' id='word_1_237' title='bbox 964 1818 1071 1873; x_wconf 90' lang='grc' dir='ltr'>τίνι</span> <span class='ocrx_word' id='word_1_238' title='bbox 1104 1820 1274 1893; x_wconf 82' lang='grc' dir='ltr'>αὐτὴν</span> <span class='ocrx_word' id='word_1_239' title='bbox 1308 1821 1444 1892; x_wconf 84' lang='grc' dir='ltr'>πρὸς</span> <span class='ocrx_word' id='word_1_240' title='bbox 1476 1823 1653 1895; x_wconf 81' lang='grc' dir='ltr'>γάμον</span> <span class='ocrx_word' id='word_1_241' title='bbox 1676 1842 1794 1879; x_wconf 89' lang='grc' dir='ltr'>συν-</span> 
     </span>
    </p>
   </div>
   <div class='ocr_carea' id='block_1_33' title="bbox 1902 1810 3471 1895">
    <p class='ocr_par' dir='ltr' id='par_1_33' title="bbox 1903 1810 3471 1893">
     <span class='ocr_line' id='line_1_33' title="bbox 1903 1810 3471 1893; baseline 0.007 -25"><span class='ocrx_word' id='word_1_242' title='bbox 1903 1810 2192 1868; x_wconf 89' lang='lat' dir='ltr'><strong>consilium</strong></span> <span class='ocrx_word' id='word_1_243' title='bbox 2242 1814 2504 1885; x_wconf 88' lang='lat' dir='ltr'><strong>capiunt,</strong></span> <span class='ocrx_word' id='word_1_244' title='bbox 2558 1817 2776 1871; x_wconf 87' lang='lat' dir='ltr'><strong>cuinam</strong></span> <span class='ocrx_word' id='word_1_245' title='bbox 2827 1833 2947 1874; x_wconf 86' lang='lat' dir='ltr'><strong>eam</strong></span> <span class='ocrx_word' id='word_1_246' title='bbox 2989 1820 3383 1893; x_wconf 85' lang='lat' dir='ltr'><strong>conjungerent</strong></span> <span class='ocrx_word' id='word_1_247' title='bbox 3417 1825 3471 1879; x_wconf 91' lang='lat' dir='ltr'><strong>in</strong></span> 
     </span>
    </p>
   </div>
   <div class='ocr_carea' id='block_1_34' title="bbox 205 1904 1794 1988">
    <p class='ocr_par' dir='ltr' id='par_1_34' title="bbox 205 1905 1794 1988">
     <span class='ocr_line' id='line_1_34' title="bbox 205 1905 1794 1988; baseline 0.008 -30"><span class='ocrx_word' id='word_1_248' title='bbox 205 1905 427 1977; x_wconf 73' lang='grc' dir='ltr'>άψωσι.</span> <span class='ocrx_word' id='word_1_249' title='bbox 454 1908 563 1961; x_wconf 80' lang='grc' dir='ltr'><strong>Καὶ</strong></span> <span class='ocrx_word' id='word_1_250' title='bbox 608 1910 959 1982; x_wconf 75' lang='grc' dir='ltr'>ἐπιτρέπουσι</span> <span class='ocrx_word' id='word_1_251' title='bbox 998 1910 1092 1965; x_wconf 81' lang='grc' dir='ltr'>τὸν</span> <span class='ocrx_word' id='word_1_252' title='bbox 1117 1913 1377 1986; x_wconf 84' lang='grc' dir='ltr'>ἀρχιερέα</span> <span class='ocrx_word' id='word_1_253' title='bbox 1400 1916 1692 1988; x_wconf 90' lang='grc' dir='ltr'>Ζαχαρίαν,</span> <span class='ocrx_word' id='word_1_254' title='bbox 1722 1919 1794 1984; x_wconf 86' lang='grc' dir='ltr'><strong>είς</strong></span> 
     </span>
    </p>
   </div>
   <div class='ocr_carea' id='block_1_35' title="bbox 1902 1904 3473 1988">
    <p class='ocr_par' dir='ltr' id='par_1_35' title="bbox 1902 1904 3473 1980">
     <span class='ocr_line' id='line_1_35' title="bbox 1902 1904 3473 1980; baseline 0.008 -21"><span class='ocrx_word' id='word_1_255' title='bbox 1902 1904 2334 1960; x_wconf 76' lang='lat' dir='ltr'><strong>matrimonium.</strong></span> <span class='ocrx_word' id='word_1_256' title='bbox 2367 1905 2753 1979; x_wconf 70' lang='lat' dir='ltr'><strong>Zachariaeque</strong></span> <span class='ocrx_word' id='word_1_257' title='bbox 2783 1909 3042 1980; x_wconf 81' lang='lat' dir='ltr'><strong>primario</strong></span> <span class='ocrx_word' id='word_1_258' title='bbox 3074 1912 3347 1968; x_wconf 87' lang='lat' dir='ltr'><strong>sacerdoti</strong></span> <span class='ocrx_word' id='word_1_259' title='bbox 3378 1913 3473 1971; x_wconf 90' lang='lat' dir='ltr'><strong>de-</strong></span> 
     </span>
    </p>
   </div>
   <div class='ocr_carea' id='block_1_36' title="bbox 206 2000 1803 2077">
    <p class='ocr_par' dir='ltr' id='par_1_36' title="bbox 206 2000 1803 2077">
     <span class='ocr_line' id='line_1_36' title="bbox 206 2000 1803 2077; baseline 0.007 -25"><span class='ocrx_word' id='word_1_260' title='bbox 206 2000 289 2053; x_wconf 82' lang='grc' dir='ltr'><strong>τὰ</strong></span> <span class='ocrx_word' id='word_1_261' title='bbox 320 2000 487 2068; x_wconf 77' lang='grc' dir='ltr'>Ἅγια</span> <span class='ocrx_word' id='word_1_262' title='bbox 516 2000 626 2054; x_wconf 87' lang='grc' dir='ltr'><strong>τῶν</strong></span> <span class='ocrx_word' id='word_1_263' title='bbox 656 2002 827 2070; x_wconf 81' lang='grc' dir='ltr'>ἁγίων</span> <span class='ocrx_word' id='word_1_264' title='bbox 854 2002 1182 2069; x_wconf 89' lang='grc' dir='ltr'>είσελθόντα,</span> <span class='ocrx_word' id='word_1_265' title='bbox 1208 2006 1534 2077; x_wconf 82' lang='grc' dir='ltr'>αἰτήσασθαι</span> <span class='ocrx_word' id='word_1_266' title='bbox 1558 2008 1649 2062; x_wconf 83' lang='grc' dir='ltr'>τὸν</span> <span class='ocrx_word' id='word_1_267' title='bbox 1669 2008 1803 2064; x_wconf 83' lang='grc' dir='ltr'>Θεὸν</span> 
     </span>
    </p>
   </div>
   <div class='ocr_carea' id='block_1_37' title="bbox 203 2090 1797 2172">
    <p class='ocr_par' dir='ltr' id='par_1_37' title="bbox 203 2090 1797 2172">
     <span class='ocr_line' id='line_1_37' title="bbox 203 2090 1797 2172; baseline 0.007 -28"><span class='ocrx_word' id='word_1_268' title='bbox 203 2090 578 2161; x_wconf 78' lang='grc' dir='ltr'>ἀποκαλύψαι</span> <span class='ocrx_word' id='word_1_269' title='bbox 605 2090 773 2163; x_wconf 80' lang='grc' dir='ltr'>αὐτῷ,</span> <span class='ocrx_word' id='word_1_270' title='bbox 791 2092 853 2146; x_wconf 81' lang='grc' dir='ltr'>τὸ</span> <span class='ocrx_word' id='word_1_271' title='bbox 871 2093 977 2148; x_wconf 90' lang='grc' dir='ltr'>τίνι</span> <span class='ocrx_word' id='word_1_272' title='bbox 1006 2098 1272 2167; x_wconf 81' lang='grc' dir='ltr'>προσήκει</span> <span class='ocrx_word' id='word_1_273' title='bbox 1297 2094 1587 2169; x_wconf 78' lang='grc' dir='ltr'>ζευχθῆναι</span> <span class='ocrx_word' id='word_1_274' title='bbox 1610 2099 1797 2172; x_wconf 79' lang='grc' dir='ltr'>αὐτήν.</span> 
     </span>
    </p>
   </div>
   <div class='ocr_carea' id='block_1_38' title="bbox 204 2181 1801 2263">
    <p class='ocr_par' dir='ltr' id='par_1_38' title="bbox 204 2181 1801 2263">
     <span class='ocr_line' id='line_1_38' title="bbox 204 2181 1801 2263; baseline 0.006 -29"><span class='ocrx_word' id='word_1_275' title='bbox 204 2181 333 2235; x_wconf 69' lang='grc' dir='ltr'><strong>Καὶ</strong></span> <span class='ocrx_word' id='word_1_276' title='bbox 363 2181 459 2235; x_wconf 89' lang='grc' dir='ltr'><strong>τοῦ</strong></span> <span class='ocrx_word' id='word_1_277' title='bbox 491 2182 759 2254; x_wconf 86' lang='grc' dir='ltr'>Ζαχαρίου</span> <span class='ocrx_word' id='word_1_278' title='bbox 788 2185 1102 2256; x_wconf 81' lang='grc' dir='ltr'>εὐχομένου,</span> <span class='ocrx_word' id='word_1_279' title='bbox 1134 2185 1366 2255; x_wconf 78' lang='grc' dir='ltr'>ἄγγελος</span> <span class='ocrx_word' id='word_1_280' title='bbox 1398 2189 1682 2260; x_wconf 72' lang='grc' dir='ltr'>ἐπιφανεὶς</span> <span class='ocrx_word' id='word_1_281' title='bbox 1705 2207 1801 2263; x_wconf 66' lang='grc' dir='ltr'>σηε-</span> 
     </span>
    </p>
   </div>
   <div class='ocr_carea' id='block_1_39' title="bbox 206 2273 1797 2353">
    <p class='ocr_par' dir='ltr' id='par_1_39' title="bbox 206 2273 1797 2353">
     <span class='ocr_line' id='line_1_39' title="bbox 206 2273 1797 2353; baseline 0.006 -26"><span class='ocrx_word' id='word_1_282' title='bbox 206 2273 407 2346; x_wconf 82' lang='grc' dir='ltr'>μαίνει</span> <span class='ocrx_word' id='word_1_283' title='bbox 431 2275 638 2340; x_wconf 85' lang='grc' dir='ltr'>πάντας</span> <span class='ocrx_word' id='word_1_284' title='bbox 663 2279 991 2347; x_wconf 84' lang='grc' dir='ltr'>συναγαγεῖν</span> <span class='ocrx_word' id='word_1_285' title='bbox 1009 2277 1105 2332; x_wconf 86' lang='grc' dir='ltr'><strong>τοῦ</strong></span> <span class='ocrx_word' id='word_1_286' title='bbox 1135 2279 1264 2334; x_wconf 86' lang='grc' dir='ltr'>λαοῦ</span> <span class='ocrx_word' id='word_1_287' title='bbox 1294 2281 1421 2345; x_wconf 80' lang='grc' dir='ltr'>τοὺς</span> <span class='ocrx_word' id='word_1_288' title='bbox 1449 2281 1797 2353; x_wconf 85' lang='grc' dir='ltr'>χηρεύοντας,</span> 
     </span>
    </p>
   </div>
   <div class='ocr_carea' id='block_1_40' title="bbox 202 2366 1799 2443">
    <p class='ocr_par' dir='ltr' id='par_1_40' title="bbox 202 2366 1799 2443">
     <span class='ocr_line' id='line_1_40' title="bbox 202 2366 1799 2443; baseline 0.006 -23"><span class='ocrx_word' id='word_1_289' title='bbox 202 2367 315 2421; x_wconf 72' lang='grc' dir='ltr'>καὶ</span> <span class='ocrx_word' id='word_1_290' title='bbox 354 2368 602 2440; x_wconf 84' lang='grc' dir='ltr'>κατέχειν</span> <span class='ocrx_word' id='word_1_291' title='bbox 628 2367 856 2425; x_wconf 76' lang='grc' dir='ltr'>ἕκαστον</span> <span class='ocrx_word' id='word_1_292' title='bbox 914 2370 1108 2443; x_wconf 87' lang='grc' dir='ltr'>ῥάϐδον</span> <span class='ocrx_word' id='word_1_293' title='bbox 1126 2388 1141 2403; x_wconf 88' lang='grc'><strong>·</strong></span> <span class='ocrx_word' id='word_1_294' title='bbox 1172 2373 1266 2427; x_wconf 81' lang='grc' dir='ltr'>καὶ</span> <span class='ocrx_word' id='word_1_295' title='bbox 1296 2366 1340 2441; x_wconf 85' lang='grc' dir='ltr'>ᾦ</span> <span class='ocrx_word' id='word_1_296' title='bbox 1367 2373 1434 2428; x_wconf 81' lang='grc' dir='ltr'><strong>ἀν</strong></span> <span class='ocrx_word' id='word_1_297' title='bbox 1462 2376 1491 2429; x_wconf 97' lang='lat'><strong>6</strong></span> <span class='ocrx_word' id='word_1_298' title='bbox 1521 2373 1653 2439; x_wconf 79' lang='grc' dir='ltr'>Θεὸς</span> <span class='ocrx_word' id='word_1_299' title='bbox 1680 2376 1799 2429; x_wconf 81' lang='grc' dir='ltr'>ὲπι-</span> 
     </span>
    </p>
   </div>
   <div class='ocr_carea' id='block_1_41' title="bbox 201 2458 1549 2538">
    <p class='ocr_par' dir='ltr' id='par_1_41' title="bbox 201 2458 1549 2538">
     <span class='ocr_line' id='line_1_41' title="bbox 201 2458 1549 2538; baseline 0.004 -24"><span class='ocrx_word' id='word_1_300' title='bbox 201 2458 366 2531; x_wconf 78' lang='grc' dir='ltr'>δείξῃ</span> <span class='ocrx_word' id='word_1_301' title='bbox 399 2462 640 2532; x_wconf 83' lang='grc' dir='ltr'>σημεῖον,</span> <span class='ocrx_word' id='word_1_302' title='bbox 671 2460 844 2534; x_wconf 87' lang='grc' dir='ltr'>τούτῳ</span> <span class='ocrx_word' id='word_1_303' title='bbox 874 2463 1106 2534; x_wconf 81' lang='grc' dir='ltr'>συνάψαι</span> <span class='ocrx_word' id='word_1_304' title='bbox 1138 2464 1236 2536; x_wconf 82' lang='grc' dir='ltr'>τὴν</span> <span class='ocrx_word' id='word_1_305' title='bbox 1262 2463 1549 2538; x_wconf 82' lang='grc' dir='ltr'>παρθένον.</span> 
     </span>
    </p>
   </div>
   <div class='ocr_carea' id='block_1_42' title="bbox 300 2550 1799 2629">
    <p class='ocr_par' dir='ltr' id='par_1_42' title="bbox 300 2550 1799 2629">
     <span class='ocr_line' id='line_1_42' title="bbox 300 2550 1799 2629; baseline 0.004 -24"><span class='ocrx_word' id='word_1_306' title='bbox 300 2550 563 2617; x_wconf 80' lang='grc' dir='ltr'>Ἐξελθὼν</span> <span class='ocrx_word' id='word_1_307' title='bbox 592 2552 651 2607; x_wconf 75' lang='grc' dir='ltr'>δὲ</span> <span class='ocrx_word' id='word_1_308' title='bbox 677 2555 707 2608; x_wconf 91' lang='lat'><strong>6</strong></span> <span class='ocrx_word' id='word_1_309' title='bbox 731 2554 1005 2627; x_wconf 83' lang='grc' dir='ltr'>Ζαχαρίας</span> <span class='ocrx_word' id='word_1_310' title='bbox 1039 2556 1294 2629; x_wconf 75' lang='grc' dir='ltr'>ἐποίησεν</span> <span class='ocrx_word' id='word_1_311' title='bbox 1324 2554 1516 2620; x_wconf 79' lang='grc' dir='ltr'>οὕτως,</span> <span class='ocrx_word' id='word_1_312' title='bbox 1548 2555 1729 2622; x_wconf 88' lang='grc' dir='ltr'>καθὼς</span> <span class='ocrx_word' id='word_1_313' title='bbox 1768 2558 1799 2611; x_wconf 89' lang='lat'><strong>6</strong></span> 
     </span>
    </p>
   </div>
   <div class='ocr_carea' id='block_1_43' title="bbox 204 2642 1797 2718">
    <p class='ocr_par' dir='ltr' id='par_1_43' title="bbox 204 2642 1797 2718">
     <span class='ocr_line' id='line_1_43' title="bbox 204 2642 1797 2718; baseline 0.005 -23"><span class='ocrx_word' id='word_1_314' title='bbox 204 2642 448 2712; x_wconf 71' lang='grc' dir='ltr'>ἅγγελος</span> <span class='ocrx_word' id='word_1_315' title='bbox 494 2643 643 2716; x_wconf 84' lang='grc' dir='ltr'><strong>αὐτῷ</strong></span> <span class='ocrx_word' id='word_1_316' title='bbox 690 2645 1009 2718; x_wconf 80' lang='grc' dir='ltr'>προσέταξε.</span> <span class='ocrx_word' id='word_1_317' title='bbox 1050 2646 1161 2703; x_wconf 80' lang='lat' dir='ltr'><strong>Kal</strong></span> <span class='ocrx_word' id='word_1_318' title='bbox 1192 2646 1391 2702; x_wconf 83' lang='grc' dir='ltr'>λαϐὼν</span> <span class='ocrx_word' id='word_1_319' title='bbox 1431 2648 1647 2702; x_wconf 85' lang='grc' dir='ltr'>πάντων</span> <span class='ocrx_word' id='word_1_320' title='bbox 1697 2648 1797 2713; x_wconf 76' lang='grc' dir='ltr'><strong>τὰς</strong></span> 
     </span>
    </p>
   </div>
   <div class='ocr_carea' id='block_1_44' title="bbox 206 2734 1797 2811">
    <p class='ocr_par' dir='ltr' id='par_1_44' title="bbox 206 2734 1797 2811">
     <span class='ocr_line' id='line_1_44' title="bbox 206 2734 1797 2811; baseline 0.003 -23"><span class='ocrx_word' id='word_1_321' title='bbox 206 2734 451 2807; x_wconf 74' lang='grc' dir='ltr'>ῥάϐδους</span> <span class='ocrx_word' id='word_1_322' title='bbox 479 2736 680 2805; x_wconf 84' lang='grc' dir='ltr'>αὐτῶν,</span> <span class='ocrx_word' id='word_1_323' title='bbox 710 2737 948 2810; x_wconf 76' lang='grc' dir='ltr'>ἀπῆλθεν</span> <span class='ocrx_word' id='word_1_324' title='bbox 971 2740 1029 2793; x_wconf 75' lang='grc' dir='ltr'><strong>εν</strong></span> <span class='ocrx_word' id='word_1_325' title='bbox 1058 2737 1137 2811; x_wconf 83' lang='grc' dir='ltr'><strong>τῷ</strong></span> <span class='ocrx_word' id='word_1_326' title='bbox 1181 2737 1330 2811; x_wconf 86' lang='grc' dir='ltr'>ίερῷ,</span> <span class='ocrx_word' id='word_1_327' title='bbox 1362 2739 1457 2793; x_wconf 76' lang='grc' dir='ltr'>καὶ</span> <span class='ocrx_word' id='word_1_328' title='bbox 1487 2737 1797 2811; x_wconf 80' lang='grc' dir='ltr'>προσηύξα-</span> 
     </span>
    </p>
   </div>
   <div class='ocr_carea' id='block_1_45' title="bbox 202 2828 1790 2904">
    <p class='ocr_par' dir='ltr' id='par_1_45' title="bbox 202 2828 1790 2904">
     <span class='ocr_line' id='line_1_45' title="bbox 202 2828 1790 2904; baseline 0.001 -22"><span class='ocrx_word' id='word_1_329' title='bbox 202 2844 298 2892; x_wconf 80' lang='grc' dir='ltr'><strong>το,</strong></span> <span class='ocrx_word' id='word_1_330' title='bbox 329 2828 425 2883; x_wconf 74' lang='grc' dir='ltr'>καὶ</span> <span class='ocrx_word' id='word_1_331' title='bbox 447 2828 677 2896; x_wconf 73' lang='grc' dir='ltr'>ἐξελθὼν</span> <span class='ocrx_word' id='word_1_332' title='bbox 702 2831 917 2903; x_wconf 79' lang='grc' dir='ltr'>ἑκάστῳ</span> <span class='ocrx_word' id='word_1_333' title='bbox 956 2831 1056 2904; x_wconf 79' lang='grc' dir='ltr'>τὴν</span> <span class='ocrx_word' id='word_1_334' title='bbox 1106 2831 1243 2887; x_wconf 87' lang='grc' dir='ltr'>ίδίαν</span> <span class='ocrx_word' id='word_1_335' title='bbox 1285 2831 1478 2903; x_wconf 87' lang='grc' dir='ltr'>ῥάϐδον</span> <span class='ocrx_word' id='word_1_336' title='bbox 1511 2831 1790 2904; x_wconf 84' lang='grc' dir='ltr'>ἀπένειμε.</span> 
     </span>
    </p>
   </div>
   <div class='ocr_carea' id='block_1_46' title="bbox 203 2920 1796 2997">
    <p class='ocr_par' dir='ltr' id='par_1_46' title="bbox 203 2920 1796 2997">
     <span class='ocr_line' id='line_1_46' title="bbox 203 2920 1796 2997; baseline 0.003 -22"><span class='ocrx_word' id='word_1_337' title='bbox 203 2920 539 2977; x_wconf 74' lang='grc' dir='ltr'>τελευταῖον</span> <span class='ocrx_word' id='word_1_338' title='bbox 589 2922 648 2977; x_wconf 77' lang='grc' dir='ltr'>δὲ</span> <span class='ocrx_word' id='word_1_339' title='bbox 693 2923 963 2988; x_wconf 78' lang='grc' dir='ltr'>ἐπιδιδοὺς</span> <span class='ocrx_word' id='word_1_340' title='bbox 993 2924 1092 2994; x_wconf 81' lang='grc' dir='ltr'>τὴν</span> <span class='ocrx_word' id='word_1_341' title='bbox 1120 2923 1313 2997; x_wconf 86' lang='grc' dir='ltr'>ῥάϐδον</span> <span class='ocrx_word' id='word_1_342' title='bbox 1335 2923 1414 2996; x_wconf 84' lang='grc' dir='ltr'><strong>τῷ</strong></span> <span class='ocrx_word' id='word_1_343' title='bbox 1453 2923 1670 2996; x_wconf 83' lang='grc' dir='ltr'>Ἰωσὴφ,</span> <span class='ocrx_word' id='word_1_344' title='bbox 1698 2941 1796 2997; x_wconf 89' lang='grc' dir='ltr'>ση-</span> 
     </span>
    </p>
   </div>
   <div class='ocr_carea' id='block_1_47' title="bbox 1901 1995 3466 2076">
    <p class='ocr_par' dir='ltr' id='par_1_47' title="bbox 1901 1995 3466 2076">
     <span class='ocr_line' id='line_1_47' title="bbox 1901 1995 3466 2076; baseline 0.006 -25"><span class='ocrx_word' id='word_1_345' title='bbox 1901 1995 2186 2062; x_wconf 85' lang='lat' dir='ltr'><strong>mandant,</strong></span> <span class='ocrx_word' id='word_1_346' title='bbox 2211 1998 2347 2052; x_wconf 74' lang='grc' dir='ltr'>ιιι-ιιι</span> <span class='ocrx_word' id='word_1_347' title='bbox 2383 1998 2583 2064; x_wconf 72' lang='lat' dir='ltr'><strong>Sancta</strong></span> <span class='ocrx_word' id='word_1_348' title='bbox 2614 2009 2935 2057; x_wconf 85' lang='lat' dir='ltr'><strong>sanctorum</strong></span> <span class='ocrx_word' id='word_1_349' title='bbox 2966 2003 3268 2076; x_wconf 86' lang='lat' dir='ltr'><strong>ingressus,</strong></span> <span class='ocrx_word' id='word_1_350' title='bbox 3298 2004 3466 2061; x_wconf 87' lang='lat' dir='ltr'><strong>Deum</strong></span> 
     </span>
    </p>
   </div>
   <div class='ocr_carea' id='block_1_48' title="bbox 1900 2092 3470 2161">
    <p class='ocr_par' dir='ltr' id='par_1_48' title="bbox 1900 2092 3470 2161">
     <span class='ocr_line' id='line_1_48' title="bbox 1900 2092 3470 2161; baseline 0.007 -17"><span class='ocrx_word' id='word_1_351' title='bbox 1900 2097 2250 2161; x_wconf 83' lang='lat' dir='ltr'><strong>precaretur,</strong></span> <span class='ocrx_word' id='word_1_352' title='bbox 2286 2098 2345 2146; x_wconf 90' lang='lat' dir='ltr'><strong>ut</strong></span> <span class='ocrx_word' id='word_1_353' title='bbox 2391 2092 2497 2148; x_wconf 84' lang='lat' dir='ltr'><strong>sibi</strong></span> <span class='ocrx_word' id='word_1_354' title='bbox 2556 2093 2818 2148; x_wconf 87' lang='lat' dir='ltr'><strong>revelaret</strong></span> <span class='ocrx_word' id='word_1_355' title='bbox 2864 2094 3080 2150; x_wconf 87' lang='lat' dir='ltr'><strong>cuinam</strong></span> <span class='ocrx_word' id='word_1_356' title='bbox 3119 2105 3265 2153; x_wconf 88' lang='lat' dir='ltr'><strong>esset</strong></span> <span class='ocrx_word' id='word_1_357' title='bbox 3306 2098 3470 2155; x_wconf 91' lang='lat' dir='ltr'><strong>collo-</strong></span> 
     </span>
    </p>
   </div>
   <div class='ocr_carea' id='block_1_49' title="bbox 1898 2183 3468 2260">
    <p class='ocr_par' dir='ltr' id='par_1_49' title="bbox 1898 2183 3468 2260">
     <span class='ocr_line' id='line_1_49' title="bbox 1898 2183 3468 2260; baseline 0.004 -22"><span class='ocrx_word' id='word_1_358' title='bbox 1898 2183 2096 2250; x_wconf 90' lang='lat' dir='ltr'><strong>canda,</strong></span> <span class='ocrx_word' id='word_1_359' title='bbox 2118 2191 2173 2239; x_wconf 89' lang='lat' dir='ltr'><strong>et</strong></span> <span class='ocrx_word' id='word_1_360' title='bbox 2192 2183 2474 2240; x_wconf 65' lang='lat' dir='ltr'><strong>Zachariae</strong></span> <span class='ocrx_word' id='word_1_361' title='bbox 2502 2184 2714 2250; x_wconf 90' lang='lat' dir='ltr'><strong>oranti,</strong></span> <span class='ocrx_word' id='word_1_362' title='bbox 2752 2186 2979 2257; x_wconf 78' lang='lat' dir='ltr'><strong>angelus</strong></span> <span class='ocrx_word' id='word_1_363' title='bbox 3008 2202 3275 2258; x_wconf 83' lang='lat' dir='ltr'><strong>apparens</strong></span> <span class='ocrx_word' id='word_1_364' title='bbox 3300 2205 3468 2260; x_wconf 78' lang='lat' dir='ltr'><strong>expo-</strong></span> 
     </span>
    </p>
   </div>
   <div class='ocr_carea' id='block_1_50' title="bbox 1898 2273 3461 2350">
    <p class='ocr_par' dir='ltr' id='par_1_50' title="bbox 1898 2273 3461 2350">
     <span class='ocr_line' id='line_1_50' title="bbox 1898 2273 3461 2350; baseline 0.005 -23"><span class='ocrx_word' id='word_1_365' title='bbox 1898 2273 1982 2328; x_wconf 87' lang='lat' dir='ltr'><strong>nit</strong></span> <span class='ocrx_word' id='word_1_366' title='bbox 2004 2312 2019 2337; x_wconf 87' lang='lat'><strong>,</strong></span> <span class='ocrx_word' id='word_1_367' title='bbox 2049 2289 2238 2330; x_wconf 90' lang='lat' dir='ltr'><strong>omnes</strong></span> <span class='ocrx_word' id='word_1_368' title='bbox 2269 2273 2453 2345; x_wconf 88' lang='lat' dir='ltr'><strong>populi</strong></span> <span class='ocrx_word' id='word_1_369' title='bbox 2490 2274 2686 2331; x_wconf 88' lang='lat' dir='ltr'><strong>viduos</strong></span> <span class='ocrx_word' id='word_1_370' title='bbox 2728 2276 2782 2330; x_wconf 90' lang='lat' dir='ltr'><strong>in</strong></span> <span class='ocrx_word' id='word_1_371' title='bbox 2816 2291 2983 2330; x_wconf 90' lang='lat' dir='ltr'><strong>unum</strong></span> <span class='ocrx_word' id='word_1_372' title='bbox 3015 2280 3461 2350; x_wconf 50' lang='lat' dir='ltr'><strong>congregandos,</strong></span> 
     </span>
    </p>
   </div>
   <div class='ocr_carea' id='block_1_51' title="bbox 1897 2366 3467 2444">
    <p class='ocr_par' dir='ltr' id='par_1_51' title="bbox 1897 2366 3467 2444">
     <span class='ocr_line' id='line_1_51' title="bbox 1897 2366 3467 2444; baseline 0.006 -25"><span class='ocrx_word' id='word_1_373' title='bbox 1897 2380 2127 2437; x_wconf 89' lang='lat' dir='ltr'><strong>quorum</strong></span> <span class='ocrx_word' id='word_1_374' title='bbox 2152 2366 2387 2437; x_wconf 86' lang='lat' dir='ltr'><strong>quisque</strong></span> <span class='ocrx_word' id='word_1_375' title='bbox 2414 2366 2621 2437; x_wconf 79' lang='lat' dir='ltr'><strong>virgam</strong></span> <span class='ocrx_word' id='word_1_376' title='bbox 2647 2382 2813 2423; x_wconf 88' lang='lat' dir='ltr'><strong>manu</strong></span> <span class='ocrx_word' id='word_1_377' title='bbox 2840 2376 3080 2435; x_wconf 88' lang='lat' dir='ltr'><strong>teneret,</strong></span> <span class='ocrx_word' id='word_1_378' title='bbox 3107 2369 3292 2441; x_wconf 89' lang='lat' dir='ltr'><strong>illique</strong></span> <span class='ocrx_word' id='word_1_379' title='bbox 3313 2371 3467 2444; x_wconf 89' lang='lat' dir='ltr'><strong>virgo</strong></span> 
     </span>
    </p>
   </div>
   <div class='ocr_carea' id='block_1_52' title="bbox 1897 2455 3173 2529">
    <p class='ocr_par' dir='ltr' id='par_1_52' title="bbox 1897 2455 3173 2529">
     <span class='ocr_line' id='line_1_52' title="bbox 1897 2455 3173 2529; baseline 0.003 -18"><span class='ocrx_word' id='word_1_380' title='bbox 1897 2456 2163 2521; x_wconf 89' lang='lat' dir='ltr'><strong>nuberet,</strong></span> <span class='ocrx_word' id='word_1_381' title='bbox 2196 2471 2360 2526; x_wconf 91' lang='lat' dir='ltr'><strong>quem</strong></span> <span class='ocrx_word' id='word_1_382' title='bbox 2390 2455 2534 2513; x_wconf 88' lang='lat' dir='ltr'><strong>Deus</strong></span> <span class='ocrx_word' id='word_1_383' title='bbox 2562 2457 2720 2529; x_wconf 89' lang='lat' dir='ltr'><strong>signo</strong></span> <span class='ocrx_word' id='word_1_384' title='bbox 2748 2457 3173 2516; x_wconf 78' lang='lat' dir='ltr'><strong>manifestasset.</strong></span> 
     </span>
    </p>
   </div>
   <div class='ocr_carea' id='block_1_53' title="bbox 1968 2544 3467 2620">
    <p class='ocr_par' dir='ltr' id='par_1_53' title="bbox 1968 2544 3467 2620">
     <span class='ocr_line' id='line_1_53' title="bbox 1968 2544 3467 2620; baseline 0.009 -22"><span class='ocrx_word' id='word_1_385' title='bbox 1968 2544 2234 2616; x_wconf 73' lang='lat' dir='ltr'><strong>Egressus</strong></span> <span class='ocrx_word' id='word_1_386' title='bbox 2284 2546 2578 2604; x_wconf 85' lang='lat' dir='ltr'><strong>Zacharias</strong></span> <span class='ocrx_word' id='word_1_387' title='bbox 2635 2548 2812 2620; x_wconf 86' lang='lat' dir='ltr'><strong>angeli</strong></span> <span class='ocrx_word' id='word_1_388' title='bbox 2860 2549 3114 2605; x_wconf 88' lang='lat' dir='ltr'><strong>mandata</strong></span> <span class='ocrx_word' id='word_1_389' title='bbox 3174 2559 3467 2611; x_wconf 76' lang='lat' dir='ltr'><strong>exsecutus</strong></span> 
     </span>
    </p>
   </div>
   <div class='ocr_carea' id='block_1_54' title="bbox 1895 2639 3464 2717">
    <p class='ocr_par' dir='ltr' id='par_1_54' title="bbox 1895 2639 3464 2717">
     <span class='ocr_line' id='line_1_54' title="bbox 1895 2639 3464 2717; baseline 0.006 -25"><span class='ocrx_word' id='word_1_390' title='bbox 1895 2644 2009 2703; x_wconf 88' lang='lat' dir='ltr'><strong>est,</strong></span> <span class='ocrx_word' id='word_1_391' title='bbox 2045 2639 2401 2711; x_wconf 90' lang='lat' dir='ltr'><strong>omniumque</strong></span> <span class='ocrx_word' id='word_1_392' title='bbox 2433 2640 2603 2712; x_wconf 82' lang='lat' dir='ltr'><strong>virgis</strong></span> <span class='ocrx_word' id='word_1_393' title='bbox 2651 2642 2892 2713; x_wconf 88' lang='lat' dir='ltr'><strong>acceptis</strong></span> <span class='ocrx_word' id='word_1_394' title='bbox 2915 2684 2930 2708; x_wconf 92' lang='lat'><strong>,</strong></span> <span class='ocrx_word' id='word_1_395' title='bbox 2964 2643 3226 2715; x_wconf 89' lang='lat' dir='ltr'><strong>templum</strong></span> <span class='ocrx_word' id='word_1_396' title='bbox 3254 2643 3464 2717; x_wconf 85' lang='lat' dir='ltr'><strong>ingres-</strong></span> 
     </span>
    </p>
   </div>
   <div class='ocr_carea' id='block_1_55' title="bbox 1893 2732 3462 2809">
    <p class='ocr_par' dir='ltr' id='par_1_55' title="bbox 1893 2732 3462 2809">
     <span class='ocr_line' id='line_1_55' title="bbox 1893 2732 3462 2809; baseline 0.004 -23"><span class='ocrx_word' id='word_1_397' title='bbox 1893 2744 2013 2794; x_wconf 87' lang='lat' dir='ltr'><strong>sus,</strong></span> <span class='ocrx_word' id='word_1_398' title='bbox 2044 2733 2242 2796; x_wconf 87' lang='lat' dir='ltr'><strong>oravit,</strong></span> <span class='ocrx_word' id='word_1_399' title='bbox 2282 2732 2613 2804; x_wconf 89' lang='lat' dir='ltr'><strong>rediensque</strong></span> <span class='ocrx_word' id='word_1_400' title='bbox 2635 2734 2932 2806; x_wconf 90' lang='lat' dir='ltr'><strong>unicuique</strong></span> <span class='ocrx_word' id='word_1_401' title='bbox 2958 2737 3164 2807; x_wconf 78' lang='lat' dir='ltr'><strong>virgam</strong></span> <span class='ocrx_word' id='word_1_402' title='bbox 3187 2739 3462 2809; x_wconf 88' lang='lat' dir='ltr'><strong>propriam</strong></span> 
     </span>
    </p>
   </div>
   <div class='ocr_carea' id='block_1_56' title="bbox 1892 2822 3461 2899">
    <p class='ocr_par' dir='ltr' id='par_1_56' title="bbox 1892 2822 3461 2899">
     <span class='ocr_line' id='line_1_56' title="bbox 1892 2822 3461 2899; baseline 0.006 -22"><span class='ocrx_word' id='word_1_403' title='bbox 1892 2822 2164 2892; x_wconf 86' lang='lat' dir='ltr'><strong>reddidit;</strong></span> <span class='ocrx_word' id='word_1_404' title='bbox 2215 2824 2547 2898; x_wconf 87' lang='lat' dir='ltr'><strong>tandemque</strong></span> <span class='ocrx_word' id='word_1_405' title='bbox 2593 2826 2686 2882; x_wconf 90' lang='lat' dir='ltr'><strong>ubi</strong></span> <span class='ocrx_word' id='word_1_406' title='bbox 2728 2827 2934 2899; x_wconf 82' lang='lat' dir='ltr'><strong>virgam</strong></span> <span class='ocrx_word' id='word_1_407' title='bbox 2985 2826 3226 2899; x_wconf 78' lang='lat' dir='ltr'><strong>Joseplio</strong></span> <span class='ocrx_word' id='word_1_408' title='bbox 3275 2830 3461 2886; x_wconf 89' lang='lat' dir='ltr'><strong>consi-</strong></span> 
     </span>
    </p>
   </div>
   <div class='ocr_carea' id='block_1_57' title="bbox 1890 2916 3462 2991">
    <p class='ocr_par' dir='ltr' id='par_1_57' title="bbox 1890 2916 3462 2991">
     <span class='ocr_line' id='line_1_57' title="bbox 1890 2916 3462 2991; baseline 0.006 -21"><span class='ocrx_word' id='word_1_409' title='bbox 1890 2922 2116 2987; x_wconf 85' lang='lat' dir='ltr'><strong>gnasset</strong></span> <span class='ocrx_word' id='word_1_410' title='bbox 2155 2916 2355 2972; x_wconf 88' lang='lat' dir='ltr'><strong>mirum</strong></span> <span class='ocrx_word' id='word_1_411' title='bbox 2398 2917 2532 2989; x_wconf 83' lang='lat' dir='ltr'><strong>quid</strong></span> <span class='ocrx_word' id='word_1_412' title='bbox 2561 2916 2783 2974; x_wconf 90' lang='lat' dir='ltr'><strong>accidit.</strong></span> <span class='ocrx_word' id='word_1_413' title='bbox 2842 2917 3016 2974; x_wconf 89' lang='lat' dir='ltr'><strong>Simul</strong></span> <span class='ocrx_word' id='word_1_414' title='bbox 3049 2921 3194 2976; x_wconf 91' lang='lat' dir='ltr'><strong>enim</strong></span> <span class='ocrx_word' id='word_1_415' title='bbox 3235 2928 3399 2991; x_wconf 89' lang='lat' dir='ltr'><strong>atque</strong></span> <span class='ocrx_word' id='word_1_416' title='bbox 3429 2937 3462 2978; x_wconf 82' lang='lat' dir='ltr'><strong>a</strong></span> 
     </span>
    </p>
   </div>
   <div class='ocr_carea' id='block_1_58' title="bbox 206 3008 1794 3114">
    <p class='ocr_par' dir='ltr' id='par_1_58' title="bbox 206 3013 1791 3089">
     <span class='ocr_line' id='line_1_58' title="bbox 206 3013 1791 3089; baseline 0.003 -21"><span class='ocrx_word' id='word_1_417' title='bbox 206 3016 375 3087; x_wconf 68' lang='grc' dir='ltr'>μεῖον</span> <span class='ocrx_word' id='word_1_418' title='bbox 422 3013 566 3086; x_wconf 85' lang='grc' dir='ltr'>μέγα</span> <span class='ocrx_word' id='word_1_419' title='bbox 611 3015 845 3086; x_wconf 71' lang='grc' dir='ltr'>ἐγένετο.</span> <span class='ocrx_word' id='word_1_420' title='bbox 864 3015 1098 3089; x_wconf 83' lang='grc' dir='ltr'>Ἀθρόως</span> <span class='ocrx_word' id='word_1_421' title='bbox 1126 3016 1238 3089; x_wconf 83' lang='grc' dir='ltr'><strong>γὰρ</strong></span> <span class='ocrx_word' id='word_1_422' title='bbox 1265 3017 1366 3089; x_wconf 82' lang='grc' dir='ltr'>τὴν</span> <span class='ocrx_word' id='word_1_423' title='bbox 1401 3016 1596 3089; x_wconf 85' lang='grc' dir='ltr'>ῥάϐδον</span> <span class='ocrx_word' id='word_1_424' title='bbox 1628 3016 1791 3073; x_wconf 84' lang='grc' dir='ltr'>αὑτοῦ</span> 
     </span>
    </p>
   </div>
   <div class='ocr_carea' id='block_1_59' title="bbox 1902 3008 3461 3114">
    <p class='ocr_par' dir='ltr' id='par_1_59' title="bbox 1902 3008 3461 3081">
     <span class='ocr_line' id='line_1_59' title="bbox 1902 3008 3461 3081; baseline 0.003 -17"><span class='ocrx_word' id='word_1_425' title='bbox 1902 3008 2179 3065; x_wconf 81' lang='lat' dir='ltr'><strong>sacerdote</strong></span> <span class='ocrx_word' id='word_1_426' title='bbox 2220 3008 2426 3081; x_wconf 86' lang='lat' dir='ltr'><strong>virgam</strong></span> <span class='ocrx_word' id='word_1_427' title='bbox 2460 3008 2703 3081; x_wconf 87' lang='lat' dir='ltr'><strong>accepit,</strong></span> <span class='ocrx_word' id='word_1_428' title='bbox 2747 3025 2813 3066; x_wconf 82' lang='lat' dir='ltr'><strong>ex</strong></span> <span class='ocrx_word' id='word_1_429' title='bbox 2866 3025 2930 3068; x_wconf 92' lang='lat' dir='ltr'><strong>ea</strong></span> <span class='ocrx_word' id='word_1_430' title='bbox 2973 3011 3225 3067; x_wconf 89' lang='lat' dir='ltr'><strong>columba</strong></span> <span class='ocrx_word' id='word_1_431' title='bbox 3269 3013 3461 3069; x_wconf 79' lang='lat' dir='ltr'><strong>volans</strong></span> 
     </span>
    </p>
   </div>
   <div class='ocr_carea' id='block_1_60' title="bbox 204 3095 1794 3183">
    <p class='ocr_par' dir='ltr' id='par_1_60' title="bbox 204 3106 1793 3183">
     <span class='ocr_line' id='line_1_60' title="bbox 204 3106 1793 3183; baseline 0.002 -22"><span class='ocrx_word' id='word_1_432' title='bbox 204 3107 371 3179; x_wconf 81' lang='grc' dir='ltr'><strong>παρά</strong></span> <span class='ocrx_word' id='word_1_433' title='bbox 392 3106 490 3161; x_wconf 89' lang='grc' dir='ltr'><strong>τοῦ</strong></span> <span class='ocrx_word' id='word_1_434' title='bbox 524 3108 712 3181; x_wconf 83' lang='grc' dir='ltr'>ίερέως</span> <span class='ocrx_word' id='word_1_435' title='bbox 730 3108 1114 3180; x_wconf 88' lang='grc' dir='ltr'>λαμϐάνοντος,</span> <span class='ocrx_word' id='word_1_436' title='bbox 1134 3109 1430 3183; x_wconf 78' lang='grc' dir='ltr'>περιπερά</span> <span class='ocrx_word' id='word_1_437' title='bbox 1462 3109 1659 3182; x_wconf 72' lang='grc' dir='ltr'>ἐξέπτη</span> <span class='ocrx_word' id='word_1_438' title='bbox 1684 3110 1793 3165; x_wconf 83' lang='grc' dir='ltr'>ἀπὸ</span> 
     </span>
    </p>
   </div>
   <div class='ocr_carea' id='block_1_61' title="bbox 1902 3095 3457 3183">
    <p class='ocr_par' dir='ltr' id='par_1_61' title="bbox 1902 3095 3457 3172">
     <span class='ocr_line' id='line_1_61' title="bbox 1902 3095 3457 3172; baseline 0.003 -19"><span class='ocrx_word' id='word_1_439' title='bbox 1902 3097 2059 3168; x_wconf 86' lang='lat' dir='ltr'><strong>capiti</strong></span> <span class='ocrx_word' id='word_1_440' title='bbox 2085 3095 2286 3168; x_wconf 77' lang='lat' dir='ltr'><strong>Ioseph</strong></span> <span class='ocrx_word' id='word_1_441' title='bbox 2344 3096 2578 3166; x_wconf 89' lang='lat' dir='ltr'><strong>insedit;</strong></span> <span class='ocrx_word' id='word_1_442' title='bbox 2610 3114 2779 3170; x_wconf 86' lang='lat' dir='ltr'><strong>quare</strong></span> <span class='ocrx_word' id='word_1_443' title='bbox 2803 3102 3058 3172; x_wconf 89' lang='lat' dir='ltr'><strong>princeps</strong></span> <span class='ocrx_word' id='word_1_444' title='bbox 3084 3103 3457 3170; x_wconf 88' lang='lat' dir='ltr'><strong>sacerdotum,</strong></span> 
     </span>
    </p>
   </div>
   <div class='ocr_carea' id='block_1_62' title="bbox 200 3199 1793 3274">
    <p class='ocr_par' dir='ltr' id='par_1_62' title="bbox 200 3199 1793 3274">
     <span class='ocr_line' id='line_1_62' title="bbox 200 3199 1793 3274; baseline 0 -21"><span class='ocrx_word' id='word_1_445' title='bbox 200 3199 314 3271; x_wconf 81' lang='grc' dir='ltr'>τῆς</span> <span class='ocrx_word' id='word_1_446' title='bbox 348 3199 568 3271; x_wconf 85' lang='grc' dir='ltr'>ῥάϐδου,</span> <span class='ocrx_word' id='word_1_447' title='bbox 598 3201 692 3255; x_wconf 74' lang='grc' dir='ltr'>καὶ</span> <span class='ocrx_word' id='word_1_448' title='bbox 720 3202 814 3254; x_wconf 74' lang='grc' dir='ltr'><strong>ἐπὶ</strong></span> <span class='ocrx_word' id='word_1_449' title='bbox 838 3199 937 3274; x_wconf 81' lang='grc' dir='ltr'>τὴν</span> <span class='ocrx_word' id='word_1_450' title='bbox 975 3200 1216 3273; x_wconf 82' lang='grc' dir='ltr'>κεφαλὴν</span> <span class='ocrx_word' id='word_1_451' title='bbox 1248 3200 1519 3272; x_wconf 80' lang='grc' dir='ltr'>ὲκαθέσθη</span> <span class='ocrx_word' id='word_1_452' title='bbox 1552 3199 1644 3254; x_wconf 86' lang='grc' dir='ltr'><strong>τοῦ</strong></span> <span class='ocrx_word' id='word_1_453' title='bbox 1683 3201 1793 3254; x_wconf 86' lang='grc' dir='ltr'>Ἰω-</span> 
     </span>
    </p>
   </div>
   <div class='ocr_carea' id='block_1_63' title="bbox 204 3289 1783 3363">
    <p class='ocr_par' dir='ltr' id='par_1_63' title="bbox 204 3289 1783 3363">
     <span class='ocr_line' id='line_1_63' title="bbox 204 3289 1783 3363; baseline 0.017 -36"><span class='ocrx_word' id='word_1_454' title='bbox 204 3290 329 3360; x_wconf 50' lang='lat' dir='ltr'><strong>cf)?</strong></span> <span class='ocrx_word' id='word_1_455' title='bbox 346 3306 360 3319; x_wconf 90' lang='lat'><strong><em>-</em></strong></span> <span class='ocrx_word' id='word_1_456' title='bbox 387 3289 483 3343; x_wconf 65' lang='grc' dir='ltr'><strong>καὶ</strong></span> <span class='ocrx_word' id='word_1_457' title='bbox 506 3290 535 3343; x_wconf 75' lang='grc' dir='ltr'><strong>ὁ</strong></span> <span class='ocrx_word' id='word_1_458' title='bbox 557 3291 847 3363; x_wconf 82' lang='grc' dir='ltr'>ἀρχιερεὺς</span> <span class='ocrx_word' id='word_1_459' title='bbox 886 3290 980 3345; x_wconf 78' lang='grc' dir='ltr'>καὶ</span> <span class='ocrx_word' id='word_1_460' title='bbox 1009 3291 1207 3355; x_wconf 84' lang='grc' dir='ltr'>πάντες</span> <span class='ocrx_word' id='word_1_461' title='bbox 1236 3291 1287 3344; x_wconf 79' lang='lat' dir='ltr'><strong>oi</strong></span> <span class='ocrx_word' id='word_1_462' title='bbox 1320 3290 1572 3355; x_wconf 78' lang='grc' dir='ltr'>συνόντες</span> <span class='ocrx_word' id='word_1_463' title='bbox 1597 3291 1783 3362; x_wconf 75' lang='grc' dir='ltr'>ίερεῖςν</span> 
     </span>
    </p>
   </div>
   <div class='ocr_carea' id='block_1_64' title="bbox 204 3381 1792 3455">
    <p class='ocr_par' dir='ltr' id='par_1_64' title="bbox 204 3381 1792 3455">
     <span class='ocr_line' id='line_1_64' title="bbox 204 3381 1792 3455; baseline -0.001 -20"><span class='ocrx_word' id='word_1_464' title='bbox 204 3381 599 3453; x_wconf 81' lang='grc' dir='ltr'>θαυμάσαντες</span> <span class='ocrx_word' id='word_1_465' title='bbox 643 3382 707 3437; x_wconf 82' lang='grc' dir='ltr'>τὸ</span> <span class='ocrx_word' id='word_1_466' title='bbox 744 3382 984 3453; x_wconf 77' lang='grc' dir='ltr'>γεγονὸς,</span> <span class='ocrx_word' id='word_1_467' title='bbox 1014 3382 1176 3439; x_wconf 76' lang='grc' dir='ltr'>αὐτὸν</span> <span class='ocrx_word' id='word_1_468' title='bbox 1226 3381 1477 3452; x_wconf 86' lang='grc' dir='ltr'>γενέσθαι</span> <span class='ocrx_word' id='word_1_469' title='bbox 1509 3381 1792 3455; x_wconf 83' lang='grc' dir='ltr'>μνηστῆρα</span> 
     </span>
    </p>
   </div>
   <div class='ocr_carea' id='block_1_65' title="bbox 201 3472 1791 3547">
    <p class='ocr_par' dir='ltr' id='par_1_65' title="bbox 201 3472 1791 3547">
     <span class='ocr_line' id='line_1_65' title="bbox 201 3472 1791 3547; baseline 0 -18"><span class='ocrx_word' id='word_1_470' title='bbox 201 3473 316 3547; x_wconf 77' lang='grc' dir='ltr'>τῆς</span> <span class='ocrx_word' id='word_1_471' title='bbox 340 3473 510 3546; x_wconf 76' lang='grc' dir='ltr'>κόρης</span> <span class='ocrx_word' id='word_1_472' title='bbox 537 3473 775 3547; x_wconf 78' lang='grc' dir='ltr'>ἔκριναν,</span> <span class='ocrx_word' id='word_1_473' title='bbox 804 3476 871 3547; x_wconf 72' lang='grc' dir='ltr'>ἣν</span> <span class='ocrx_word' id='word_1_474' title='bbox 898 3474 1079 3529; x_wconf 85' lang='grc' dir='ltr'>λαϐὼν</span> <span class='ocrx_word' id='word_1_475' title='bbox 1101 3477 1130 3529; x_wconf 92' lang='lat'><strong>6</strong></span> <span class='ocrx_word' id='word_1_476' title='bbox 1156 3474 1351 3547; x_wconf 79' lang='grc' dir='ltr'>Ἰωσὴφ</span> <span class='ocrx_word' id='word_1_477' title='bbox 1378 3472 1669 3545; x_wconf 73' lang='grc' dir='ltr'>ἐφύλασσε,</span> <span class='ocrx_word' id='word_1_478' title='bbox 1696 3474 1791 3529; x_wconf 79' lang='grc' dir='ltr'><strong>καὶ</strong></span> 
     </span>
    </p>
   </div>
   <div class='ocr_carea' id='block_1_66' title="bbox 204 3563 1790 3638">
    <p class='ocr_par' dir='ltr' id='par_1_66' title="bbox 204 3563 1790 3638">
     <span class='ocr_line' id='line_1_66' title="bbox 204 3563 1790 3638; baseline 0.002 -20"><span class='ocrx_word' id='word_1_479' title='bbox 204 3563 532 3618; x_wconf 79' lang='grc' dir='ltr'>καταλιπὼν</span> <span class='ocrx_word' id='word_1_480' title='bbox 569 3567 628 3618; x_wconf 75' lang='grc' dir='ltr'>ὲν</span> <span class='ocrx_word' id='word_1_481' title='bbox 656 3564 735 3636; x_wconf 84' lang='grc' dir='ltr'><strong>τῷ</strong></span> <span class='ocrx_word' id='word_1_482' title='bbox 760 3565 895 3638; x_wconf 74' lang='grc' dir='ltr'>οἴκῳ</span> <span class='ocrx_word' id='word_1_483' title='bbox 929 3566 1094 3621; x_wconf 80' lang='grc' dir='ltr'>αὑτοῦ</span> <span class='ocrx_word' id='word_1_484' title='bbox 1132 3567 1437 3636; x_wconf 81' lang='grc' dir='ltr'>ἀφικνεῖται</span> <span class='ocrx_word' id='word_1_485' title='bbox 1460 3565 1559 3631; x_wconf 89' lang='grc' dir='ltr'><strong>τάς</strong></span> <span class='ocrx_word' id='word_1_486' title='bbox 1588 3565 1790 3621; x_wconf 83' lang='grc' dir='ltr'>οἰκοδο-</span> 
     </span>
    </p>
   </div>
   <div class='ocr_carea' id='block_1_67' title="bbox 206 3653 1570 3732">
    <p class='ocr_par' dir='ltr' id='par_1_67' title="bbox 206 3653 1570 3732">
     <span class='ocr_line' id='line_1_67' title="bbox 206 3653 1570 3732; baseline 0.003 -24"><span class='ocrx_word' id='word_1_487' title='bbox 206 3657 328 3730; x_wconf 78' lang='grc' dir='ltr'><strong>μάς</strong></span> <span class='ocrx_word' id='word_1_488' title='bbox 356 3655 681 3711; x_wconf 77' lang='grc' dir='ltr'>ὲκτελέσων·</span> <span class='ocrx_word' id='word_1_489' title='bbox 711 3653 778 3730; x_wconf 84' lang='grc' dir='ltr'>ἦν</span> <span class='ocrx_word' id='word_1_490' title='bbox 807 3657 914 3730; x_wconf 90' lang='grc' dir='ltr'><strong>γάρ</strong></span> <span class='ocrx_word' id='word_1_491' title='bbox 941 3658 1149 3713; x_wconf 89' lang='grc' dir='ltr'>τέκτων</span> <span class='ocrx_word' id='word_1_492' title='bbox 1171 3660 1237 3730; x_wconf 76' lang='grc' dir='ltr'>τῇ</span> <span class='ocrx_word' id='word_1_493' title='bbox 1272 3658 1570 3732; x_wconf 78' lang='grc' dir='ltr'>ἐπιστήμῃ.</span> 
     </span>
    </p>
   </div>
   <div class='ocr_carea' id='block_1_68' title="bbox 282 3746 1789 3822">
    <p class='ocr_par' dir='ltr' id='par_1_68' title="bbox 282 3746 1789 3822">
     <span class='ocr_line' id='line_1_68' title="bbox 282 3746 1789 3822; baseline 0.002 -22"><span class='ocrx_word' id='word_1_494' title='bbox 282 3746 423 3801; x_wconf 79' lang='grc' dir='ltr'>Κατ’</span> <span class='ocrx_word' id='word_1_495' title='bbox 450 3748 655 3802; x_wconf 75' lang='grc' dir='ltr'>ἐκεῖνον</span> <span class='ocrx_word' id='word_1_496' title='bbox 674 3748 731 3801; x_wconf 85' lang='grc' dir='ltr'>δὲ</span> <span class='ocrx_word' id='word_1_497' title='bbox 760 3749 851 3802; x_wconf 84' lang='grc' dir='ltr'>τὸν</span> <span class='ocrx_word' id='word_1_498' title='bbox 883 3748 1072 3821; x_wconf 82' lang='grc' dir='ltr'>καιρὸν</span> <span class='ocrx_word' id='word_1_499' title='bbox 1096 3747 1243 3813; x_wconf 74' lang='grc' dir='ltr'>εδοξε</span> <span class='ocrx_word' id='word_1_500' title='bbox 1261 3752 1374 3814; x_wconf 79' lang='grc' dir='ltr'>τοῖς</span> <span class='ocrx_word' id='word_1_501' title='bbox 1406 3748 1607 3822; x_wconf 89' lang='grc' dir='ltr'>ἱερεῦσι</span> <span class='ocrx_word' id='word_1_502' title='bbox 1628 3765 1789 3803; x_wconf 88' lang='grc' dir='ltr'>κατα-</span> 
     </span>
    </p>
   </div>
   <div class='ocr_carea' id='block_1_69' title="bbox 1891 3189 3460 3262">
    <p class='ocr_par' dir='ltr' id='par_1_69' title="bbox 1891 3189 3460 3262">
     <span class='ocr_line' id='line_1_69' title="bbox 1891 3189 3460 3262; baseline 0.003 -16"><span class='ocrx_word' id='word_1_503' title='bbox 1891 3189 2320 3261; x_wconf 89' lang='lat' dir='ltr'><strong>saccrdotesque</strong></span> <span class='ocrx_word' id='word_1_504' title='bbox 2348 3204 2539 3246; x_wconf 89' lang='lat' dir='ltr'><strong>omnes</strong></span> <span class='ocrx_word' id='word_1_505' title='bbox 2570 3192 2663 3262; x_wconf 91' lang='lat' dir='ltr'><strong>qui</strong></span> <span class='ocrx_word' id='word_1_506' title='bbox 2706 3201 3073 3249; x_wconf 84' lang='lat' dir='ltr'><strong>convenerant</strong></span> <span class='ocrx_word' id='word_1_507' title='bbox 3115 3210 3231 3251; x_wconf 91' lang='lat' dir='ltr'><strong>rem</strong></span> <span class='ocrx_word' id='word_1_508' title='bbox 3284 3195 3460 3251; x_wconf 90' lang='lat' dir='ltr'><strong>admi-</strong></span> 
     </span>
    </p>
   </div>
   <div class='ocr_carea' id='block_1_70' title="bbox 1889 3280 3459 3358">
    <p class='ocr_par' dir='ltr' id='par_1_70' title="bbox 1889 3280 3459 3358">
     <span class='ocr_line' id='line_1_70' title="bbox 1889 3280 3459 3358; baseline 0.004 -23"><span class='ocrx_word' id='word_1_509' title='bbox 1889 3282 2030 3347; x_wconf 90' lang='lat' dir='ltr'><strong>rati,</strong></span> <span class='ocrx_word' id='word_1_510' title='bbox 2070 3280 2190 3353; x_wconf 88' lang='lat' dir='ltr'><strong>pari</strong></span> <span class='ocrx_word' id='word_1_511' title='bbox 2223 3291 2351 3337; x_wconf 88' lang='lat' dir='ltr'><strong>voto</strong></span> <span class='ocrx_word' id='word_1_512' title='bbox 2401 3282 2480 3336; x_wconf 90' lang='lat' dir='ltr'><strong>illi</strong></span> <span class='ocrx_word' id='word_1_513' title='bbox 2529 3283 2764 3353; x_wconf 89' lang='lat' dir='ltr'><strong>puellam</strong></span> <span class='ocrx_word' id='word_1_514' title='bbox 2802 3283 3240 3355; x_wconf 87' lang='lat' dir='ltr'><strong>desponderunt,</strong></span> <span class='ocrx_word' id='word_1_515' title='bbox 3293 3302 3459 3358; x_wconf 88' lang='lat' dir='ltr'><strong>quam</strong></span> 
     </span>
    </p>
   </div>
   <div class='ocr_carea' id='block_1_71' title="bbox 1887 3369 3454 3443">
    <p class='ocr_par' dir='ltr' id='par_1_71' title="bbox 1887 3369 3454 3443">
     <span class='ocr_line' id='line_1_71' title="bbox 1887 3369 3454 3443; baseline 0.004 -17"><span class='ocrx_word' id='word_1_516' title='bbox 1887 3369 2088 3443; x_wconf 68' lang='lat' dir='ltr'><strong>Ioseph</strong></span> <span class='ocrx_word' id='word_1_517' title='bbox 2117 3379 2397 3443; x_wconf 86' lang='lat' dir='ltr'><strong>acceptam</strong></span> <span class='ocrx_word' id='word_1_518' title='bbox 2432 3372 2812 3443; x_wconf 88' lang='lat' dir='ltr'><strong>custodiebat,</strong></span> <span class='ocrx_word' id='word_1_519' title='bbox 2856 3382 2912 3430; x_wconf 89' lang='lat' dir='ltr'><strong>et</strong></span> <span class='ocrx_word' id='word_1_520' title='bbox 2941 3389 3005 3433; x_wconf 88' lang='lat' dir='ltr'><strong>ea</strong></span> <span class='ocrx_word' id='word_1_521' title='bbox 3034 3374 3181 3431; x_wconf 88' lang='lat' dir='ltr'><strong>domi</strong></span> <span class='ocrx_word' id='word_1_522' title='bbox 3224 3377 3416 3432; x_wconf 87' lang='lat' dir='ltr'><strong>relicta</strong></span> <span class='ocrx_word' id='word_1_523' title='bbox 3437 3417 3454 3443; x_wconf 93' lang='lat'><strong>,</strong></span> 
     </span>
    </p>
   </div>
   <div class='ocr_carea' id='block_1_72' title="bbox 1888 3461 3458 3538">
    <p class='ocr_par' dir='ltr' id='par_1_72' title="bbox 1888 3461 3458 3538">
     <span class='ocr_line' id='line_1_72' title="bbox 1888 3461 3458 3538; baseline 0.004 -21"><span class='ocrx_word' id='word_1_524' title='bbox 1888 3461 1958 3518; x_wconf 88' lang='lat' dir='ltr'><strong>ad</strong></span> <span class='ocrx_word' id='word_1_525' title='bbox 1989 3462 2325 3521; x_wconf 78' lang='lat' dir='ltr'><strong>exstruenda</strong></span> <span class='ocrx_word' id='word_1_526' title='bbox 2346 3463 2575 3520; x_wconf 68' lang='lat' dir='ltr'><strong>aedilicia</strong></span> <span class='ocrx_word' id='word_1_527' title='bbox 2603 3463 2757 3533; x_wconf 90' lang='lat' dir='ltr'><strong>abit;</strong></span> <span class='ocrx_word' id='word_1_528' title='bbox 2790 3472 2912 3522; x_wconf 88' lang='lat' dir='ltr'><strong>erat</strong></span> <span class='ocrx_word' id='word_1_529' title='bbox 2942 3467 3145 3538; x_wconf 89' lang='lat' dir='ltr'><strong>quippe</strong></span> <span class='ocrx_word' id='word_1_530' title='bbox 3195 3468 3458 3523; x_wconf 83' lang='lat' dir='ltr'><strong>exercitio</strong></span> 
     </span>
    </p>
   </div>
   <div class='ocr_carea' id='block_1_73' title="bbox 1887 3554 2060 3612">
    <p class='ocr_par' dir='ltr' id='par_1_73' title="bbox 1887 3554 2060 3612">
     <span class='ocr_line' id='line_1_73' title="bbox 1887 3554 2060 3612; baseline 0.012 -2"><span class='ocrx_word' id='word_1_531' title='bbox 1887 3554 2060 3612; x_wconf 82' lang='lat' dir='ltr'><strong>faber.</strong></span> 
     </span>
    </p>
   </div>
   <div class='ocr_carea' id='block_1_74' title="bbox 1955 3729 3456 3788">
    <p class='ocr_par' dir='ltr' id='par_1_74' title="bbox 1955 3729 3456 3788">
     <span class='ocr_line' id='line_1_74' title="bbox 1955 3729 3456 3788; baseline 0.002 -3"><span class='ocrx_word' id='word_1_532' title='bbox 1955 3729 2060 3788; x_wconf 91' lang='lat' dir='ltr'><strong>Per</strong></span> <span class='ocrx_word' id='word_1_533' title='bbox 2085 3730 2209 3788; x_wconf 88' lang='lat' dir='ltr'><strong>illos</strong></span> <span class='ocrx_word' id='word_1_534' title='bbox 2239 3730 2358 3788; x_wconf 90' lang='lat' dir='ltr'><strong>dies</strong></span> <span class='ocrx_word' id='word_1_535' title='bbox 2398 3731 2773 3788; x_wconf 89' lang='lat' dir='ltr'><strong>sacerdotibus</strong></span> <span class='ocrx_word' id='word_1_536' title='bbox 2817 3730 3291 3787; x_wconf 89' lang='lat' dir='ltr'><strong>immaculatarum</strong></span> <span class='ocrx_word' id='word_1_537' title='bbox 3342 3747 3456 3788; x_wconf 73' lang='grc' dir='ltr'>νιτ-</span> 
     </span>
    </p>
   </div>
   <div class='ocr_carea' id='block_1_75' title="bbox 203 3821 1794 3913">
    <p class='ocr_par' dir='ltr' id='par_1_75' title="bbox 203 3821 1785 3913">
     <span class='ocr_line' id='line_1_75' title="bbox 203 3821 1785 3913; baseline 0.001 -20"><span class='ocrx_word' id='word_1_538' title='bbox 203 3838 584 3910; x_wconf 82' lang='grc' dir='ltr'>σκευασθῆναι</span> <span class='ocrx_word' id='word_1_539' title='bbox 614 3839 720 3894; x_wconf 79' lang='grc' dir='ltr'><strong>ὑπὸ</strong></span> <span class='ocrx_word' id='word_1_540' title='bbox 748 3839 929 3909; x_wconf 85' lang='grc' dir='ltr'>ἀγνῶν</span> <span class='ocrx_word' id='word_1_541' title='bbox 957 3840 1240 3913; x_wconf 86' lang='grc' dir='ltr'>παρθένων</span> <span class='ocrx_word' id='word_1_542' title='bbox 1266 3839 1345 3912; x_wconf 80' lang='grc' dir='ltr'>τῷ</span> <span class='ocrx_word' id='word_1_543' title='bbox 1372 3821 1483 3912; x_wconf 83' lang='grc' dir='ltr'>ναῷ</span> <span class='ocrx_word' id='word_1_544' title='bbox 1514 3838 1607 3894; x_wconf 90' lang='grc' dir='ltr'><strong>τοῦ</strong></span> <span class='ocrx_word' id='word_1_545' title='bbox 1650 3839 1785 3894; x_wconf 86' lang='grc' dir='ltr'>Θεοῦ</span> 
     </span>
    </p>
   </div>
   <div class='ocr_carea' id='block_1_76' title="bbox 1902 3821 3450 3913">
    <p class='ocr_par' dir='ltr' id='par_1_76' title="bbox 1902 3821 3450 3895">
     <span class='ocr_line' id='line_1_76' title="bbox 1902 3821 3450 3895; baseline 0.002 -18"><span class='ocrx_word' id='word_1_546' title='bbox 1902 3823 2072 3895; x_wconf 77' lang='grc' dir='ltr'>ςίιιιιιιι</span> <span class='ocrx_word' id='word_1_547' title='bbox 2103 3823 2431 3888; x_wconf 89' lang='lat' dir='ltr'><strong>ministerio,</strong></span> <span class='ocrx_word' id='word_1_548' title='bbox 2462 3823 2639 3878; x_wconf 84' lang='lat' dir='ltr'><strong>velum</strong></span> <span class='ocrx_word' id='word_1_549' title='bbox 2674 3823 2856 3894; x_wconf 87' lang='lat' dir='ltr'><strong>templi</strong></span> <span class='ocrx_word' id='word_1_550' title='bbox 2900 3821 2994 3878; x_wconf 92' lang='lat' dir='ltr'><strong>Dei</strong></span> <span class='ocrx_word' id='word_1_551' title='bbox 3035 3824 3450 3881; x_wconf 70' lang='lat' dir='ltr'><strong>accommodan-</strong></span> 
     </span>
    </p>
   </div>
   <div class='ocr_carea' id='block_1_77' title="bbox 202 3915 1794 4005">
    <p class='ocr_par' dir='ltr' id='par_1_77' title="bbox 202 3931 1787 4005">
     <span class='ocr_line' id='line_1_77' title="bbox 202 3931 1787 4005; baseline 0 -19"><span class='ocrx_word' id='word_1_552' title='bbox 202 3932 630 4004; x_wconf 81' lang='grc' dir='ltr'>καταπέτασμα,</span> <span class='ocrx_word' id='word_1_553' title='bbox 657 3932 750 3986; x_wconf 75' lang='grc' dir='ltr'>καὶ</span> <span class='ocrx_word' id='word_1_554' title='bbox 781 3932 1082 4005; x_wconf 81' lang='grc' dir='ltr'>εὑρέθησαν</span> <span class='ocrx_word' id='word_1_555' title='bbox 1110 3934 1168 3985; x_wconf 81' lang='grc' dir='ltr'>ὲν</span> <span class='ocrx_word' id='word_1_556' title='bbox 1190 3934 1256 4004; x_wconf 77' lang='grc' dir='ltr'><strong>τῇ</strong></span> <span class='ocrx_word' id='word_1_557' title='bbox 1289 3932 1426 4004; x_wconf 81' lang='grc' dir='ltr'>φυλῇ</span> <span class='ocrx_word' id='word_1_558' title='bbox 1462 3931 1626 3985; x_wconf 84' lang='grc' dir='ltr'>Ἰούδα</span> <span class='ocrx_word' id='word_1_559' title='bbox 1655 3948 1787 4002; x_wconf 87' lang='grc' dir='ltr'>παρ-</span> 
     </span>
    </p>
   </div>
   <div class='ocr_carea' id='block_1_78' title="bbox 1902 3915 3449 4005">
    <p class='ocr_par' dir='ltr' id='par_1_78' title="bbox 1902 3915 3449 3981">
     <span class='ocr_line' id='line_1_78' title="bbox 1902 3915 3449 3981; baseline 0.003 -11"><span class='ocrx_word' id='word_1_560' title='bbox 1902 3915 2013 3970; x_wconf 90' lang='lat' dir='ltr'><strong>lum</strong></span> <span class='ocrx_word' id='word_1_561' title='bbox 2065 3930 2188 3973; x_wconf 89' lang='lat' dir='ltr'><strong>esse</strong></span> <span class='ocrx_word' id='word_1_562' title='bbox 2220 3917 2399 3973; x_wconf 87' lang='lat' dir='ltr'><strong>visum</strong></span> <span class='ocrx_word' id='word_1_563' title='bbox 2445 3923 2549 3981; x_wconf 89' lang='lat' dir='ltr'><strong>est,</strong></span> <span class='ocrx_word' id='word_1_564' title='bbox 2580 3926 2634 3971; x_wconf 92' lang='lat' dir='ltr'><strong>et</strong></span> <span class='ocrx_word' id='word_1_565' title='bbox 2666 3916 2818 3972; x_wconf 72' lang='lat' dir='ltr'><strong>lecta:</strong></span> <span class='ocrx_word' id='word_1_566' title='bbox 2848 3924 2977 3972; x_wconf 88' lang='lat' dir='ltr'><strong>sunt</strong></span> <span class='ocrx_word' id='word_1_567' title='bbox 3016 3917 3072 3971; x_wconf 92' lang='lat' dir='ltr'><strong>in</strong></span> <span class='ocrx_word' id='word_1_568' title='bbox 3119 3919 3266 3973; x_wconf 88' lang='lat' dir='ltr'><strong>tribu</strong></span> <span class='ocrx_word' id='word_1_569' title='bbox 3308 3918 3377 3975; x_wconf 83' lang='lat' dir='ltr'><strong>Ju</strong></span> <span class='ocrx_word' id='word_1_570' title='bbox 3402 3922 3449 3974; x_wconf 87' lang='lat' dir='ltr'><strong>la</strong></span> 
     </span>
    </p>
   </div>
   <div class='ocr_carea' id='block_1_79' title="bbox 201 4006 1794 4098">
    <p class='ocr_par' dir='ltr' id='par_1_79' title="bbox 201 4023 1781 4098">
     <span class='ocr_line' id='line_1_79' title="bbox 201 4023 1781 4098; baseline 0 -21"><span class='ocrx_word' id='word_1_571' title='bbox 201 4023 355 4077; x_wconf 80' lang='grc' dir='ltr'>θένοι</span> <span class='ocrx_word' id='word_1_572' title='bbox 400 4023 561 4078; x_wconf 80' lang='grc' dir='ltr'>ἑπτά.</span> <span class='ocrx_word' id='word_1_573' title='bbox 598 4026 708 4080; x_wconf 87' lang='lat' dir='ltr'><strong>Kal</strong></span> <span class='ocrx_word' id='word_1_574' title='bbox 736 4024 835 4096; x_wconf 81' lang='grc' dir='ltr'>τῆς</span> <span class='ocrx_word' id='word_1_575' title='bbox 865 4025 1082 4098; x_wconf 85' lang='grc' dir='ltr'>Μαρίας</span> <span class='ocrx_word' id='word_1_576' title='bbox 1114 4024 1171 4078; x_wconf 83' lang='grc' dir='ltr'>δὲ</span> <span class='ocrx_word' id='word_1_577' title='bbox 1204 4023 1461 4096; x_wconf 79' lang='grc' dir='ltr'>μνησθεὶς</span> <span class='ocrx_word' id='word_1_578' title='bbox 1491 4023 1781 4094; x_wconf 86' lang='grc' dir='ltr'>Ζαχαρίας,</span> 
     </span>
    </p>
   </div>
   <div class='ocr_carea' id='block_1_80' title="bbox 1902 4006 3452 4098">
    <p class='ocr_par' dir='ltr' id='par_1_80' title="bbox 1902 4006 3452 4085">
     <span class='ocr_line' id='line_1_80' title="bbox 1902 4006 3452 4085; baseline 0.001 -21"><span class='ocrx_word' id='word_1_579' title='bbox 1902 4008 2123 4080; x_wconf 61' lang='grc' dir='ltr'>ιιι-εἰπερ</span> <span class='ocrx_word' id='word_1_580' title='bbox 2148 4015 2380 4085; x_wconf 84' lang='lat' dir='ltr'><strong>septem.</strong></span> <span class='ocrx_word' id='word_1_581' title='bbox 2420 4006 2527 4065; x_wconf 87' lang='lat' dir='ltr'><strong>Sed</strong></span> <span class='ocrx_word' id='word_1_582' title='bbox 2561 4023 2685 4063; x_wconf 91' lang='lat' dir='ltr'><strong>cum</strong></span> <span class='ocrx_word' id='word_1_583' title='bbox 2721 4007 2904 4063; x_wconf 72' lang='lat' dir='ltr'><strong>Mariae</strong></span> <span class='ocrx_word' id='word_1_584' title='bbox 2938 4007 3233 4066; x_wconf 86' lang='lat' dir='ltr'><strong>Zacharias</strong></span> <span class='ocrx_word' id='word_1_585' title='bbox 3261 4012 3452 4066; x_wconf 71' lang='lat' dir='ltr'><strong>memi-</strong></span> 
     </span>
    </p>
   </div>
   <div class='ocr_carea' id='block_1_81' title="bbox 202 4100 1794 4188">
    <p class='ocr_par' dir='ltr' id='par_1_81' title="bbox 202 4113 1784 4188">
     <span class='ocr_line' id='line_1_81' title="bbox 202 4113 1784 4188; baseline -0.001 -18"><span class='ocrx_word' id='word_1_586' title='bbox 202 4114 466 4170; x_wconf 72' lang='grc' dir='ltr'>ικέλευσε</span> <span class='ocrx_word' id='word_1_587' title='bbox 496 4115 592 4169; x_wconf 81' lang='grc' dir='ltr'>καὶ</span> <span class='ocrx_word' id='word_1_588' title='bbox 627 4115 796 4188; x_wconf 75' lang='grc' dir='ltr'>αὐτὴν</span> <span class='ocrx_word' id='word_1_589' title='bbox 823 4118 1078 4188; x_wconf 84' lang='grc' dir='ltr'>παρεῖναι</span> <span class='ocrx_word' id='word_1_590' title='bbox 1103 4116 1183 4180; x_wconf 81' lang='grc' dir='ltr'><strong>είς</strong></span> <span class='ocrx_word' id='word_1_591' title='bbox 1205 4116 1297 4170; x_wconf 84' lang='grc' dir='ltr'>τὸν</span> <span class='ocrx_word' id='word_1_592' title='bbox 1325 4113 1621 4184; x_wconf 90' lang='grc' dir='ltr'>κατάλογον</span> <span class='ocrx_word' id='word_1_593' title='bbox 1638 4130 1654 4147; x_wconf 86' lang='grc'>·</span> <span class='ocrx_word' id='word_1_594' title='bbox 1689 4113 1784 4168; x_wconf 79' lang='grc' dir='ltr'>καὶ</span> 
     </span>
    </p>
   </div>
   <div class='ocr_carea' id='block_1_82' title="bbox 1902 4100 3448 4188">
    <p class='ocr_par' dir='ltr' id='par_1_82' title="bbox 1902 4100 3448 4175">
     <span class='ocr_line' id='line_1_82' title="bbox 1902 4100 3448 4175; baseline 0.002 -21"><span class='ocrx_word' id='word_1_595' title='bbox 1902 4101 2087 4166; x_wconf 64' lang='lat' dir='ltr'><strong>uisset,</strong></span> <span class='ocrx_word' id='word_1_596' title='bbox 2140 4116 2249 4156; x_wconf 90' lang='lat' dir='ltr'><strong>una</strong></span> <span class='ocrx_word' id='word_1_597' title='bbox 2277 4115 2402 4155; x_wconf 91' lang='lat' dir='ltr'><strong>cum</strong></span> <span class='ocrx_word' id='word_1_598' title='bbox 2458 4100 2567 4155; x_wconf 89' lang='lat' dir='ltr'><strong>illis</strong></span> <span class='ocrx_word' id='word_1_599' title='bbox 2622 4100 2971 4175; x_wconf 82' lang='lat' dir='ltr'><strong>annumerari</strong></span> <span class='ocrx_word' id='word_1_600' title='bbox 3027 4102 3200 4172; x_wconf 89' lang='lat' dir='ltr'><strong>ipsam</strong></span> <span class='ocrx_word' id='word_1_601' title='bbox 3250 4102 3448 4174; x_wconf 87' lang='lat' dir='ltr'><strong>jussit,</strong></span> 
     </span>
    </p>
   </div>
   <div class='ocr_carea' id='block_1_83' title="bbox 203 4189 1794 4277">
    <p class='ocr_par' dir='ltr' id='par_1_83' title="bbox 203 4198 1784 4277">
     <span class='ocr_line' id='line_1_83' title="bbox 203 4198 1784 4277; baseline -0.002 -16"><span class='ocrx_word' id='word_1_602' title='bbox 203 4206 522 4277; x_wconf 78' lang='grc' dir='ltr'>είσαγαγὼν</span> <span class='ocrx_word' id='word_1_603' title='bbox 553 4207 725 4271; x_wconf 79' lang='grc' dir='ltr'>αὐτὰς</span> <span class='ocrx_word' id='word_1_604' title='bbox 755 4210 835 4272; x_wconf 83' lang='grc' dir='ltr'><strong>είς</strong></span> <span class='ocrx_word' id='word_1_605' title='bbox 859 4207 951 4262; x_wconf 78' lang='grc' dir='ltr'>τὸν</span> <span class='ocrx_word' id='word_1_606' title='bbox 976 4198 1125 4263; x_wconf 73' lang='grc' dir='ltr'>οἷκον</span> <span class='ocrx_word' id='word_1_607' title='bbox 1152 4207 1247 4261; x_wconf 88' lang='grc' dir='ltr'><strong>τοῦ</strong></span> <span class='ocrx_word' id='word_1_608' title='bbox 1278 4206 1436 4273; x_wconf 91' lang='grc' dir='ltr'>Θεοῦ,</span> <span class='ocrx_word' id='word_1_609' title='bbox 1463 4206 1664 4277; x_wconf 82' lang='grc' dir='ltr'>κλῆρον</span> <span class='ocrx_word' id='word_1_610' title='bbox 1690 4204 1784 4276; x_wconf 86' lang='grc' dir='ltr'><strong>βα-</strong></span> 
     </span>
    </p>
   </div>
   <div class='ocr_carea' id='block_1_84' title="bbox 1902 4189 3448 4277">
    <p class='ocr_par' dir='ltr' id='par_1_84' title="bbox 1902 4189 3448 4263">
     <span class='ocr_line' id='line_1_84' title="bbox 1902 4189 3448 4263; baseline 0.001 -17"><span class='ocrx_word' id='word_1_611' title='bbox 1902 4191 2082 4263; x_wconf 72' lang='lat' dir='ltr'><strong>[uibus</strong></span> <span class='ocrx_word' id='word_1_612' title='bbox 2112 4190 2332 4246; x_wconf 89' lang='lat' dir='ltr'><strong>domum</strong></span> <span class='ocrx_word' id='word_1_613' title='bbox 2366 4189 2460 4246; x_wconf 93' lang='lat' dir='ltr'><strong>Dei</strong></span> <span class='ocrx_word' id='word_1_614' title='bbox 2488 4190 2839 4256; x_wconf 89' lang='lat' dir='ltr'><strong>introductis,</strong></span> <span class='ocrx_word' id='word_1_615' title='bbox 2876 4202 3054 4248; x_wconf 89' lang='lat' dir='ltr'><strong>sortes</strong></span> <span class='ocrx_word' id='word_1_616' title='bbox 3077 4193 3262 4263; x_wconf 88' lang='lat' dir='ltr'><strong>jacere</strong></span> <span class='ocrx_word' id='word_1_617' title='bbox 3291 4210 3448 4248; x_wconf 84' lang='lat' dir='ltr'><strong>man-</strong></span> 
     </span>
    </p>
   </div>
   <div class='ocr_carea' id='block_1_85' title="bbox 200 4283 1794 4371">
    <p class='ocr_par' dir='ltr' id='par_1_85' title="bbox 200 4293 1781 4371">
     <span class='ocr_line' id='line_1_85' title="bbox 200 4293 1781 4371; baseline -0.001 -19"><span class='ocrx_word' id='word_1_618' title='bbox 200 4297 322 4352; x_wconf 79' lang='grc' dir='ltr'><strong>λείν</strong></span> <span class='ocrx_word' id='word_1_619' title='bbox 350 4298 669 4371; x_wconf 81' lang='grc' dir='ltr'>προσέταξε,</span> <span class='ocrx_word' id='word_1_620' title='bbox 696 4298 855 4352; x_wconf 90' lang='grc' dir='ltr'>ποίαν</span> <span class='ocrx_word' id='word_1_621' title='bbox 879 4293 1021 4353; x_wconf 87' lang='grc' dir='ltr'>οἷσαι</span> <span class='ocrx_word' id='word_1_622' title='bbox 1040 4298 1133 4353; x_wconf 83' lang='grc' dir='ltr'>τὸν</span> <span class='ocrx_word' id='word_1_623' title='bbox 1156 4297 1354 4370; x_wconf 82' lang='grc' dir='ltr'>χρυσὸν</span> <span class='ocrx_word' id='word_1_624' title='bbox 1386 4296 1480 4352; x_wconf 83' lang='grc' dir='ltr'>καὶ</span> <span class='ocrx_word' id='word_1_625' title='bbox 1501 4297 1563 4351; x_wconf 84' lang='grc' dir='ltr'>τὸ</span> <span class='ocrx_word' id='word_1_626' title='bbox 1584 4297 1781 4369; x_wconf 85' lang='grc' dir='ltr'>ἀμίαν-</span> 
     </span>
    </p>
   </div>
   <div class='ocr_carea' id='block_1_86' title="bbox 1902 4283 3447 4371">
    <p class='ocr_par' dir='ltr' id='par_1_86' title="bbox 1902 4283 3447 4356">
     <span class='ocr_line' id='line_1_86' title="bbox 1902 4283 3447 4356; baseline -0.001 -17"><span class='ocrx_word' id='word_1_627' title='bbox 1902 4286 2010 4350; x_wconf 92' lang='lat' dir='ltr'><strong>lat,</strong></span> <span class='ocrx_word' id='word_1_628' title='bbox 2073 4299 2322 4356; x_wconf 64' lang='lat' dir='ltr'><strong>quaenam</strong></span> <span class='ocrx_word' id='word_1_629' title='bbox 2376 4283 2587 4342; x_wconf 82' lang='lat' dir='ltr'><strong>scilicet</strong></span> <span class='ocrx_word' id='word_1_630' title='bbox 2639 4298 2872 4347; x_wconf 88' lang='lat' dir='ltr'><strong>aurum,</strong></span> <span class='ocrx_word' id='word_1_631' title='bbox 2922 4292 2977 4340; x_wconf 89' lang='lat' dir='ltr'><strong>et</strong></span> <span class='ocrx_word' id='word_1_632' title='bbox 3025 4285 3359 4350; x_wconf 86' lang='lat' dir='ltr'><strong>amiantum,</strong></span> <span class='ocrx_word' id='word_1_633' title='bbox 3393 4292 3447 4339; x_wconf 90' lang='lat' dir='ltr'><strong>et</strong></span> 
     </span>
    </p>
   </div>
   <div class='ocr_carea' id='block_1_87' title="bbox 202 4376 1794 4470">
    <p class='ocr_par' dir='ltr' id='par_1_87' title="bbox 202 4388 1778 4462">
     <span class='ocr_line' id='line_1_87' title="bbox 202 4388 1778 4462; baseline -0.002 -17"><span class='ocrx_word' id='word_1_634' title='bbox 202 4408 321 4455; x_wconf 85' lang='grc' dir='ltr'>τον,</span> <span class='ocrx_word' id='word_1_635' title='bbox 363 4391 459 4445; x_wconf 74' lang='grc' dir='ltr'>καὶ</span> <span class='ocrx_word' id='word_1_636' title='bbox 482 4389 581 4462; x_wconf 82' lang='grc' dir='ltr'>τὴν</span> <span class='ocrx_word' id='word_1_637' title='bbox 614 4390 829 4461; x_wconf 84' lang='grc' dir='ltr'>βύσσον,</span> <span class='ocrx_word' id='word_1_638' title='bbox 862 4391 956 4445; x_wconf 63' lang='grc' dir='ltr'><strong>καὶ⁸</strong></span> <span class='ocrx_word' id='word_1_639' title='bbox 985 4390 1047 4444; x_wconf 84' lang='grc' dir='ltr'>τὸ</span> <span class='ocrx_word' id='word_1_640' title='bbox 1072 4390 1316 4462; x_wconf 82' lang='grc' dir='ltr'>σηρικὸν,</span> <span class='ocrx_word' id='word_1_641' title='bbox 1345 4390 1440 4443; x_wconf 72' lang='grc' dir='ltr'>καὶ</span> <span class='ocrx_word' id='word_1_642' title='bbox 1468 4389 1566 4461; x_wconf 80' lang='grc' dir='ltr'>τὴν</span> <span class='ocrx_word' id='word_1_643' title='bbox 1604 4388 1778 4461; x_wconf 81' lang='grc' dir='ltr'>ἀληθῆ</span> 
     </span>
    </p>
   </div>
   <div class='ocr_carea' id='block_1_88' title="bbox 1902 4376 3449 4470">
    <p class='ocr_par' dir='ltr' id='par_1_88' title="bbox 1902 4376 3449 4450">
     <span class='ocr_line' id='line_1_88' title="bbox 1902 4376 3449 4450; baseline -0.003 -17"><span class='ocrx_word' id='word_1_644' title='bbox 1902 4393 2127 4450; x_wconf 66' lang='lat' dir='ltr'><strong>lyssum.</strong></span> <span class='ocrx_word' id='word_1_645' title='bbox 2146 4384 2200 4432; x_wconf 89' lang='lat' dir='ltr'><strong>et</strong></span> <span class='ocrx_word' id='word_1_646' title='bbox 2215 4378 2473 4441; x_wconf 89' lang='lat' dir='ltr'><strong>sericum,</strong></span> <span class='ocrx_word' id='word_1_647' title='bbox 2502 4383 2557 4431; x_wconf 93' lang='lat' dir='ltr'><strong>et</strong></span> <span class='ocrx_word' id='word_1_648' title='bbox 2577 4390 2757 4432; x_wconf 88' lang='lat' dir='ltr'><strong>veram</strong></span> <span class='ocrx_word' id='word_1_649' title='bbox 2789 4391 3107 4446; x_wconf 90' lang='lat' dir='ltr'><strong>purpuram,</strong></span> <span class='ocrx_word' id='word_1_650' title='bbox 3138 4385 3192 4430; x_wconf 88' lang='lat' dir='ltr'><strong>et</strong></span> <span class='ocrx_word' id='word_1_651' title='bbox 3221 4376 3449 4448; x_wconf 85' lang='lat' dir='ltr'><strong>hyacin-</strong></span> 
     </span>
    </p>
   </div>
   <div class='ocr_carea' id='block_1_89' title="bbox 203 4467 1794 4567">
    <p class='ocr_par' dir='ltr' id='par_1_89' title="bbox 203 4472 1777 4555">
     <span class='ocr_line' id='line_1_89' title="bbox 203 4472 1777 4555; baseline -0.003 -18"><span class='ocrx_word' id='word_1_652' title='bbox 203 4482 520 4555; x_wconf 70' lang='grc' dir='ltr'>τωρφύραν,</span> <span class='ocrx_word' id='word_1_653' title='bbox 550 4483 644 4537; x_wconf 80' lang='grc' dir='ltr'>καὶ</span> <span class='ocrx_word' id='word_1_654' title='bbox 686 4482 780 4536; x_wconf 82' lang='grc' dir='ltr'><strong>τὸν</strong></span> <span class='ocrx_word' id='word_1_655' title='bbox 832 4480 1105 4547; x_wconf 83' lang='grc' dir='ltr'>ὑάκινθον,</span> <span class='ocrx_word' id='word_1_656' title='bbox 1153 4482 1249 4536; x_wconf 78' lang='grc' dir='ltr'>καὶ</span> <span class='ocrx_word' id='word_1_657' title='bbox 1285 4472 1389 4535; x_wconf 82' lang='grc' dir='ltr'><strong>τὸν</strong></span> <span class='ocrx_word' id='word_1_658' title='bbox 1423 4480 1619 4535; x_wconf 88' lang='grc' dir='ltr'>κόκκον</span> <span class='ocrx_word' id='word_1_659' title='bbox 1637 4497 1650 4512; x_wconf 87' lang='grc'><strong>·</strong></span> <span class='ocrx_word' id='word_1_660' title='bbox 1684 4481 1777 4533; x_wconf 82' lang='grc' dir='ltr'>καὶ</span> 
     </span>
    </p>
   </div>
   <div class='ocr_carea' id='block_1_90' title="bbox 1902 4467 3447 4567">
    <p class='ocr_par' dir='ltr' id='par_1_90' title="bbox 1902 4467 3447 4538">
     <span class='ocr_line' id='line_1_90' title="bbox 1902 4467 3447 4538; baseline -0.001 -13"><span class='ocrx_word' id='word_1_661' title='bbox 1902 4471 2058 4532; x_wconf 82' lang='lat' dir='ltr'><strong>hum,</strong></span> <span class='ocrx_word' id='word_1_662' title='bbox 2086 4479 2139 4525; x_wconf 89' lang='lat' dir='ltr'><strong>et</strong></span> <span class='ocrx_word' id='word_1_663' title='bbox 2160 4483 2385 4523; x_wconf 84' lang='lat' dir='ltr'><strong>coccum</strong></span> <span class='ocrx_word' id='word_1_664' title='bbox 2410 4475 2780 4538; x_wconf 59' lang='lat' dir='ltr'><strong>praeparatum</strong></span> <span class='ocrx_word' id='word_1_665' title='bbox 2807 4476 2993 4533; x_wconf 83' lang='lat' dir='ltr'><strong>esset,</strong></span> <span class='ocrx_word' id='word_1_666' title='bbox 3025 4476 3079 4524; x_wconf 88' lang='lat' dir='ltr'><strong>ct</strong></span> <span class='ocrx_word' id='word_1_667' title='bbox 3107 4469 3241 4523; x_wconf 91' lang='lat' dir='ltr'><strong>sorti</strong></span> <span class='ocrx_word' id='word_1_668' title='bbox 3266 4467 3379 4521; x_wconf 78' lang='lat' dir='ltr'><strong>Mar</strong></span> <span class='ocrx_word' id='word_1_669' title='bbox 3401 4482 3447 4523; x_wconf 70' lang='grc' dir='ltr'>ιθ</span> 
     </span>
    </p>
   </div>
   <div class='ocr_carea' id='block_1_91' title="bbox 203 4557 1794 4648">
    <p class='ocr_par' dir='ltr' id='par_1_91' title="bbox 203 4573 1778 4648">
     <span class='ocr_line' id='line_1_91' title="bbox 203 4573 1778 4648; baseline -0.001 -19"><span class='ocrx_word' id='word_1_670' title='bbox 203 4573 493 4648; x_wconf 70' lang='grc' dir='ltr'>ἐκληρώθη</span> <span class='ocrx_word' id='word_1_671' title='bbox 515 4575 705 4648; x_wconf 87' lang='grc' dir='ltr'>Μαρία</span> <span class='ocrx_word' id='word_1_672' title='bbox 722 4575 821 4647; x_wconf 82' lang='grc' dir='ltr'>τὴν</span> <span class='ocrx_word' id='word_1_673' title='bbox 846 4575 1128 4648; x_wconf 84' lang='grc' dir='ltr'>πορφύραν</span> <span class='ocrx_word' id='word_1_674' title='bbox 1156 4574 1250 4628; x_wconf 81' lang='grc' dir='ltr'>καὶ</span> <span class='ocrx_word' id='word_1_675' title='bbox 1275 4574 1366 4628; x_wconf 81' lang='grc' dir='ltr'>τὸν</span> <span class='ocrx_word' id='word_1_676' title='bbox 1393 4574 1590 4628; x_wconf 87' lang='grc' dir='ltr'>κόκκον</span> <span class='ocrx_word' id='word_1_677' title='bbox 1619 4573 1778 4645; x_wconf 76' lang='grc' dir='ltr'>ἐργά-</span> 
     </span>
    </p>
   </div>
   <div class='ocr_carea' id='block_1_92' title="bbox 1902 4557 3447 4648">
    <p class='ocr_par' dir='ltr' id='par_1_92' title="bbox 1902 4557 3447 4633">
     <span class='ocr_line' id='line_1_92' title="bbox 1902 4557 3447 4633; baseline -0.003 -15"><span class='ocrx_word' id='word_1_678' title='bbox 1902 4576 2155 4633; x_wconf 79' lang='lat' dir='ltr'><strong>mrpune,</strong></span> <span class='ocrx_word' id='word_1_679' title='bbox 2196 4570 2252 4614; x_wconf 91' lang='lat' dir='ltr'><strong>et</strong></span> <span class='ocrx_word' id='word_1_680' title='bbox 2294 4560 2444 4615; x_wconf 89' lang='lat' dir='ltr'><strong>cocci</strong></span> <span class='ocrx_word' id='word_1_681' title='bbox 2499 4576 2636 4631; x_wconf 91' lang='lat' dir='ltr'><strong>opus</strong></span> <span class='ocrx_word' id='word_1_682' title='bbox 2664 4560 2902 4616; x_wconf 84' lang='lat' dir='ltr'><strong>obvenit.</strong></span> <span class='ocrx_word' id='word_1_683' title='bbox 2933 4560 3110 4630; x_wconf 85' lang='lat' dir='ltr'><strong>Atque</strong></span> <span class='ocrx_word' id='word_1_684' title='bbox 3144 4574 3266 4614; x_wconf 92' lang='lat' dir='ltr'><strong>cum</strong></span> <span class='ocrx_word' id='word_1_685' title='bbox 3298 4557 3447 4614; x_wconf 82' lang='lat' dir='ltr'><strong>domi</strong></span> 
     </span>
    </p>
   </div>
   <div class='ocr_carea' id='block_1_93' title="bbox 205 4652 1794 4754">
    <p class='ocr_par' dir='ltr' id='par_1_93' title="bbox 205 4665 1773 4742">
     <span class='ocr_line' id='line_1_93' title="bbox 205 4665 1773 4742; baseline -0.003 -18"><span class='ocrx_word' id='word_1_686' title='bbox 205 4670 416 4736; x_wconf 80' lang='grc' dir='ltr'>ζεσθαι.</span> <span class='ocrx_word' id='word_1_687' title='bbox 448 4670 557 4724; x_wconf 89' lang='lat' dir='ltr'><strong>Kal</strong></span> <span class='ocrx_word' id='word_1_688' title='bbox 576 4670 641 4742; x_wconf 84' lang='grc' dir='ltr'>δὴ</span> <span class='ocrx_word' id='word_1_689' title='bbox 662 4671 755 4723; x_wconf 73' lang='grc' dir='ltr'><strong>ἐπὶ</strong></span> <span class='ocrx_word' id='word_1_690' title='bbox 781 4668 874 4723; x_wconf 88' lang='grc' dir='ltr'><strong>τοῦ</strong></span> <span class='ocrx_word' id='word_1_691' title='bbox 896 4669 1043 4724; x_wconf 74' lang='grc' dir='ltr'>οἴκου</span> <span class='ocrx_word' id='word_1_692' title='bbox 1070 4666 1444 4740; x_wconf 75' lang='grc' dir='ltr'>ἐργαζομένης</span> <span class='ocrx_word' id='word_1_693' title='bbox 1462 4665 1635 4736; x_wconf 80' lang='grc' dir='ltr'>αὐτῆς</span> <span class='ocrx_word' id='word_1_694' title='bbox 1658 4666 1773 4720; x_wconf 64' lang='lat' dir='ltr'><strong>km-</strong></span> 
     </span>
    </p>
   </div>
   <div class='ocr_carea' id='block_1_94' title="bbox 1902 4652 3441 4754">
    <p class='ocr_par' dir='ltr' id='par_1_94' title="bbox 1903 4652 3441 4724">
     <span class='ocr_line' id='line_1_94' title="bbox 1903 4652 3441 4724; baseline -0.007 -12"><span class='ocrx_word' id='word_1_695' title='bbox 1903 4657 1971 4712; x_wconf 79' lang='lat' dir='ltr'><strong>iis</strong></span> <span class='ocrx_word' id='word_1_696' title='bbox 2003 4654 2169 4710; x_wconf 90' lang='lat' dir='ltr'><strong>rebus</strong></span> <span class='ocrx_word' id='word_1_697' title='bbox 2196 4652 2420 4724; x_wconf 86' lang='lat' dir='ltr'><strong>agendis</strong></span> <span class='ocrx_word' id='word_1_698' title='bbox 2450 4667 2670 4723; x_wconf 86' lang='lat' dir='ltr'><strong>operam</strong></span> <span class='ocrx_word' id='word_1_699' title='bbox 2693 4652 2868 4716; x_wconf 85' lang='lat' dir='ltr'><strong>daret.</strong></span> <span class='ocrx_word' id='word_1_700' title='bbox 2896 4667 3164 4723; x_wconf 89' lang='lat' dir='ltr'><strong>apparens</strong></span> <span class='ocrx_word' id='word_1_701' title='bbox 3194 4652 3441 4721; x_wconf 79' lang='lat' dir='ltr'><strong>angelus,</strong></span> 
     </span>
    </p>
   </div>
   <div class='ocr_carea' id='block_1_95' title="bbox 203 4741 1794 4834">
    <p class='ocr_par' dir='ltr' id='par_1_95' title="bbox 203 4741 1776 4834">
     <span class='ocr_line' id='line_1_95' title="bbox 203 4741 1776 4834; baseline -0.004 -17"><span class='ocrx_word' id='word_1_702' title='bbox 203 4764 400 4834; x_wconf 78' lang='grc' dir='ltr'>φανεὶς</span> <span class='ocrx_word' id='word_1_703' title='bbox 446 4741 673 4833; x_wconf 73' lang='grc' dir='ltr'>ἄγγελος</span> <span class='ocrx_word' id='word_1_704' title='bbox 716 4763 806 4816; x_wconf 83' lang='grc' dir='ltr'>τὸν</span> <span class='ocrx_word' id='word_1_705' title='bbox 850 4760 1148 4834; x_wconf 82' lang='grc' dir='ltr'>παράδοξον</span> <span class='ocrx_word' id='word_1_706' title='bbox 1174 4760 1329 4815; x_wconf 89' lang='grc' dir='ltr'>τόκον</span> <span class='ocrx_word' id='word_1_707' title='bbox 1365 4757 1776 4829; x_wconf 74' lang='grc' dir='ltr'>εὐαγγελίζεται</span> 
     </span>
    </p>
   </div>
   <div class='ocr_carea' id='block_1_96' title="bbox 1902 4741 3445 4834">
    <p class='ocr_par' dir='ltr' id='par_1_96' title="bbox 1902 4741 3445 4816">
     <span class='ocr_line' id='line_1_96' title="bbox 1902 4741 3445 4816; baseline -0.006 -13"><span class='ocrx_word' id='word_1_708' title='bbox 1902 4747 2255 4803; x_wconf 79' lang='lat' dir='ltr'><strong>idmirabileiu</strong></span> <span class='ocrx_word' id='word_1_709' title='bbox 2281 4744 2358 4798; x_wconf 91' lang='lat' dir='ltr'><strong>illi</strong></span> <span class='ocrx_word' id='word_1_710' title='bbox 2376 4755 2613 4816; x_wconf 87' lang='lat' dir='ltr'><strong>partum,</strong></span> <span class='ocrx_word' id='word_1_711' title='bbox 2639 4745 2775 4800; x_wconf 84' lang='lat' dir='ltr'><strong>utin</strong></span> <span class='ocrx_word' id='word_1_712' title='bbox 2808 4743 3113 4816; x_wconf 87' lang='lat' dir='ltr'><strong>Evangeliis</strong></span> <span class='ocrx_word' id='word_1_713' title='bbox 3136 4741 3445 4806; x_wconf 75' lang='lat' dir='ltr'><strong>habetur”,</strong></span> 
     </span>
    </p>
   </div>
   <div class='ocr_carea' id='block_1_97' title="bbox 202 4840 1794 4940">
    <p class='ocr_par' dir='ltr' id='par_1_97' title="bbox 202 4852 1269 4928">
     <span class='ocr_line' id='line_1_97' title="bbox 202 4852 1269 4928; baseline -0.003 -19"><span class='ocrx_word' id='word_1_714' title='bbox 202 4856 368 4928; x_wconf 72' lang='grc' dir='ltr'>αὐτῇ,</span> <span class='ocrx_word' id='word_1_715' title='bbox 404 4853 583 4919; x_wconf 80' lang='grc' dir='ltr'>καθὼς</span> <span class='ocrx_word' id='word_1_716' title='bbox 616 4857 816 4927; x_wconf 80' lang='grc' dir='ltr'>ίστορεῑ</span> <span class='ocrx_word' id='word_1_717' title='bbox 842 4852 912 4907; x_wconf 80' lang='grc' dir='ltr'><strong>τὰ</strong></span> <span class='ocrx_word' id='word_1_718' title='bbox 944 4852 1269 4921; x_wconf 84' lang='grc' dir='ltr'>Εύαγγέλια.</span> 
     </span>
    </p>
   </div>
   <div class='ocr_carea' id='block_1_98' title="bbox 1902 4840 2685 4940">
    <p class='ocr_par' dir='ltr' id='par_1_98' title="bbox 1902 4840 2227 4897">
     <span class='ocr_line' id='line_1_98' title="bbox 1902 4840 2227 4897; baseline -0.006 0"><span class='ocrx_word' id='word_1_719' title='bbox 1902 4840 2227 4897; x_wconf 61' lang='grc' dir='ltr'>ιινωιιιιιιιὶαι.</span> 
     </span>
    </p>
   </div>
   <div class='ocr_carea' id='block_1_99' title="bbox 277 4921 1794 5030">
    <p class='ocr_par' dir='ltr' id='par_1_99' title="bbox 277 4921 1780 5018">
     <span class='ocr_line' id='line_1_99' title="bbox 277 4921 1780 5018; baseline -0.004 -17"><span class='ocrx_word' id='word_1_720' title='bbox 277 4921 355 5000; x_wconf 65' lang='lat' dir='ltr'><em>T6</em></span> <span class='ocrx_word' id='word_1_721' title='bbox 392 4946 522 5016; x_wconf 83' lang='grc' dir='ltr'>γοῦν</span> <span class='ocrx_word' id='word_1_722' title='bbox 563 4921 779 5018; x_wconf 62' lang='grc' dir='ltr'>όρισθὲν</span> <span class='ocrx_word' id='word_1_723' title='bbox 816 4945 953 5016; x_wconf 79' lang='grc' dir='ltr'>αὐτῇ</span> <span class='ocrx_word' id='word_1_724' title='bbox 1009 4942 1167 5014; x_wconf 80' lang='grc' dir='ltr'>ἔργον</span> <span class='ocrx_word' id='word_1_725' title='bbox 1214 4942 1567 5007; x_wconf 86' lang='grc' dir='ltr'>ὲκτελέσασα,</span> <span class='ocrx_word' id='word_1_726' title='bbox 1597 4941 1780 4995; x_wconf 85' lang='grc' dir='ltr'>δίδωσι</span> 
     </span>
    </p>
   </div>
   <div class='ocr_carea' id='block_1_100' title="bbox 1902 4921 3394 5030">
    <p class='ocr_par' dir='ltr' id='par_1_100' title="bbox 1944 4921 3394 5030">
     <span class='ocr_line' id='line_1_100' title="bbox 1944 4921 3394 5030; baseline -0.009 -41"><span class='ocrx_word' id='word_1_727' title='bbox 1944 4933 2132 5009; x_wconf 83' lang='lat' dir='ltr'><strong>Itaque</strong></span> <span class='ocrx_word' id='word_1_728' title='bbox 2156 4949 2296 5006; x_wconf 86' lang='lat' dir='ltr'><strong>opus</strong></span> <span class='ocrx_word' id='word_1_729' title='bbox 2341 4932 2445 4988; x_wconf 91' lang='lat' dir='ltr'><strong>sibi</strong></span> <span class='ocrx_word' id='word_1_730' title='bbox 2491 4928 2807 4999; x_wconf 88' lang='lat' dir='ltr'><strong>impositum</strong></span> <span class='ocrx_word' id='word_1_731' title='bbox 2847 4926 3151 4998; x_wconf 74' lang='lat' dir='ltr'><strong>expletum,</strong></span> <span class='ocrx_word' id='word_1_732' title='bbox 3186 4921 3394 5030; x_wconf 55' lang='lat' dir='ltr'><strong>sacerdf</strong></span> 
     </span>
    </p>
   </div>
   <div class='ocr_carea' id='block_1_101' title="bbox 205 5012 1794 5118">
    <p class='ocr_par' dir='ltr' id='par_1_101' title="bbox 205 5012 1775 5111">
     <span class='ocr_line' id='line_1_101' title="bbox 205 5012 1775 5111; baseline -0.006 -17"><span class='ocrx_word' id='word_1_733' title='bbox 205 5037 287 5111; x_wconf 81' lang='grc' dir='ltr'><strong>τῷ</strong></span> <span class='ocrx_word' id='word_1_734' title='bbox 331 5012 611 5111; x_wconf 38' lang='grc' dir='ltr'>ἀρχιερεῖ,</span> <span class='ocrx_word' id='word_1_735' title='bbox 633 5039 728 5093; x_wconf 79' lang='grc' dir='ltr'>καὶ</span> <span class='ocrx_word' id='word_1_736' title='bbox 772 5012 1126 5106; x_wconf 76' lang='grc' dir='ltr'>εὐλογηθείσα</span> <span class='ocrx_word' id='word_1_737' title='bbox 1182 5036 1311 5108; x_wconf 85' lang='grc' dir='ltr'>παρ’</span> <span class='ocrx_word' id='word_1_738' title='bbox 1343 5033 1505 5088; x_wconf 79' lang='grc' dir='ltr'>αὐτοῦ</span> <span class='ocrx_word' id='word_1_739' title='bbox 1554 5034 1737 5088; x_wconf 81' lang='grc' dir='ltr'>ἄπεισι</span> <span class='ocrx_word' id='word_1_740' title='bbox 1760 5049 1775 5063; x_wconf 77' lang='lat'><strong><em>°</em></strong></span> 
     </span>
    </p>
   </div>
   <div class='ocr_carea' id='block_1_102' title="bbox 1902 5012 3440 5118">
    <p class='ocr_par' dir='ltr' id='par_1_102' title="bbox 1902 5012 3440 5118">
     <span class='ocr_line' id='line_1_102' title="bbox 1902 5012 3440 5118; baseline -0.012 -34"><span class='ocrx_word' id='word_1_741' title='bbox 1902 5044 1992 5084; x_wconf 93' lang='lat' dir='ltr'><strong>um</strong></span> <span class='ocrx_word' id='word_1_742' title='bbox 2023 5025 2256 5099; x_wconf 88' lang='lat' dir='ltr'><strong>principi</strong></span> <span class='ocrx_word' id='word_1_743' title='bbox 2290 5022 2529 5081; x_wconf 76' lang='lat' dir='ltr'><strong>exhibet.</strong></span> <span class='ocrx_word' id='word_1_744' title='bbox 2552 5027 2607 5076; x_wconf 89' lang='lat' dir='ltr'><strong>et</strong></span> <span class='ocrx_word' id='word_1_745' title='bbox 2635 5017 3014 5074; x_wconf 88' lang='lat' dir='ltr'><strong>benedictione</strong></span> <span class='ocrx_word' id='word_1_746' title='bbox 3042 5023 3262 5086; x_wconf 87' lang='lat' dir='ltr'><strong>accepta</strong></span> <span class='ocrx_word' id='word_1_747' title='bbox 3286 5012 3440 5118; x_wconf 67' lang='lat' dir='ltr'><strong>abiit,</strong></span> 
     </span>
    </p>
   </div>
   <div class='ocr_carea' id='block_1_103' title="bbox 206 5103 1794 5205">
    <p class='ocr_par' dir='ltr' id='par_1_103' title="bbox 206 5103 1779 5203">
     <span class='ocr_line' id='line_1_103' title="bbox 206 5103 1779 5203; baseline -0.007 -17"><span class='ocrx_word' id='word_1_748' title='bbox 206 5103 305 5186; x_wconf 74' lang='grc' dir='ltr'>καὶ</span> <span class='ocrx_word' id='word_1_749' title='bbox 495 5103 690 5203; x_wconf 76' lang='grc' dir='ltr'>χρόνον</span> <span class='ocrx_word' id='word_1_750' title='bbox 715 5103 1004 5184; x_wconf 88' lang='grc' dir='ltr'>τίκτει</span> <span class='ocrx_word' id='word_1_751' title='bbox 1023 5103 1419 5200; x_wconf 39' lang='grc' dir='ltr'>Χριστὸν-κατὰ</span> <span class='ocrx_word' id='word_1_752' title='bbox 1446 5125 1642 5196; x_wconf 86' lang='grc' dir='ltr'>σάρκα.</span> <span class='ocrx_word' id='word_1_753' title='bbox 1670 5122 1779 5177; x_wconf 89' lang='lat' dir='ltr'><strong>Kal</strong></span> 
     </span>
    </p>
   </div>
   <div class='ocr_carea' id='block_1_104' title="bbox 1902 5103 3441 5205">
    <p class='ocr_par' dir='ltr' id='par_1_104' title="bbox 1902 5103 3441 5190">
     <span class='ocr_line' id='line_1_104' title="bbox 1902 5103 3441 5190; baseline -0.007 -18"><span class='ocrx_word' id='word_1_754' title='bbox 1902 5128 1927 5174; x_wconf 73' lang='grc' dir='ltr'><strong>ιι</strong></span> <span class='ocrx_word' id='word_1_755' title='bbox 1945 5119 2107 5190; x_wconf 88' lang='lat' dir='ltr'><strong>paulo</strong></span> <span class='ocrx_word' id='word_1_756' title='bbox 2132 5125 2255 5189; x_wconf 86' lang='lat' dir='ltr'><strong>post</strong></span> <span class='ocrx_word' id='word_1_757' title='bbox 2269 5114 2545 5172; x_wconf 88' lang='lat' dir='ltr'><strong>Christum</strong></span> <span class='ocrx_word' id='word_1_758' title='bbox 2572 5108 2872 5166; x_wconf 88' lang='lat' dir='ltr'><strong>secundum</strong></span> <span class='ocrx_word' id='word_1_759' title='bbox 2894 5123 3113 5162; x_wconf 86' lang='lat' dir='ltr'><strong>carnem</strong></span> <span class='ocrx_word' id='word_1_760' title='bbox 3135 5103 3441 5162; x_wconf 80' lang='lat' dir='ltr'><strong>enititur&quot;.</strong></span> 
     </span>
    </p>
   </div>
   <div class='ocr_carea' id='block_1_105' title="bbox 207 5201 1794 5295">
    <p class='ocr_par' dir='ltr' id='par_1_105' title="bbox 207 5201 1773 5295">
     <span class='ocr_line' id='line_1_105' title="bbox 207 5201 1773 5295; baseline -0.006 -18"><span class='ocrx_word' id='word_1_761' title='bbox 207 5224 315 5277; x_wconf 79' lang='grc' dir='ltr'><strong>τῶν</strong></span> <span class='ocrx_word' id='word_1_762' title='bbox 336 5201 521 5295; x_wconf 85' lang='grc' dir='ltr'>μάγων</span> <span class='ocrx_word' id='word_1_763' title='bbox 538 5201 645 5277; x_wconf 83' lang='grc' dir='ltr'>ἀπὸ</span> <span class='ocrx_word' id='word_1_764' title='bbox 671 5224 957 5293; x_wconf 83' lang='grc' dir='ltr'>’Δνατολῆς</span> <span class='ocrx_word' id='word_1_765' title='bbox 969 5221 1046 5286; x_wconf 84' lang='grc' dir='ltr'>ὡς</span> <span class='ocrx_word' id='word_1_766' title='bbox 1070 5219 1277 5292; x_wconf 83' lang='grc' dir='ltr'>βασιλεῖ</span> <span class='ocrx_word' id='word_1_767' title='bbox 1288 5216 1773 5291; x_wconf 86' lang='grc' dir='ltr'>προσκυνησάντων</span> 
     </span>
    </p>
   </div>
   <div class='ocr_carea' id='block_1_106' title="bbox 1902 5201 3441 5295">
    <p class='ocr_par' dir='ltr' id='par_1_106' title="bbox 1902 5201 3441 5279">
     <span class='ocr_line' id='line_1_106' title="bbox 1902 5201 3441 5279; baseline -0.011 -13"><span class='ocrx_word' id='word_1_768' title='bbox 1902 5211 2013 5266; x_wconf 67' lang='lat' dir='ltr'><strong>Eum</strong></span> <span class='ocrx_word' id='word_1_769' title='bbox 2047 5225 2171 5265; x_wconf 91' lang='lat' dir='ltr'><strong>cum</strong></span> <span class='ocrx_word' id='word_1_770' title='bbox 2191 5206 2335 5279; x_wconf 87' lang='lat' dir='ltr'><strong>magi</strong></span> <span class='ocrx_word' id='word_1_771' title='bbox 2369 5206 2437 5261; x_wconf 85' lang='lat' dir='ltr'><strong>ab</strong></span> <span class='ocrx_word' id='word_1_772' title='bbox 2471 5202 2692 5259; x_wconf 86' lang='lat' dir='ltr'><strong>Oriente</strong></span> <span class='ocrx_word' id='word_1_773' title='bbox 2725 5201 2800 5256; x_wconf 92' lang='lat' dir='ltr'><strong>uti</strong></span> <span class='ocrx_word' id='word_1_774' title='bbox 2831 5214 3011 5272; x_wconf 87' lang='lat' dir='ltr'><strong>regem</strong></span> <span class='ocrx_word' id='word_1_775' title='bbox 3037 5214 3162 5253; x_wconf 91' lang='lat' dir='ltr'><strong>cum</strong></span> <span class='ocrx_word' id='word_1_776' title='bbox 3201 5201 3441 5251; x_wconf 87' lang='lat' dir='ltr'><strong>muneri-</strong></span> 
     </span>
    </p>
   </div>
   <div class='ocr_carea' id='block_1_107' title="bbox 211 5292 1794 5394">
    <p class='ocr_par' dir='ltr' id='par_1_107' title="bbox 211 5292 1774 5387">
     <span class='ocr_line' id='line_1_107' title="bbox 211 5292 1774 5387; baseline -0.006 -18"><span class='ocrx_word' id='word_1_777' title='bbox 211 5292 348 5385; x_wconf 79' lang='grc' dir='ltr'><strong>μετά</strong></span> <span class='ocrx_word' id='word_1_778' title='bbox 380 5314 565 5386; x_wconf 85' lang='grc' dir='ltr'>δώρων</span> <span class='ocrx_word' id='word_1_779' title='bbox 597 5316 764 5386; x_wconf 77' lang='grc' dir='ltr'>αὐτῷ,</span> <span class='ocrx_word' id='word_1_780' title='bbox 807 5316 836 5368; x_wconf 91' lang='grc' dir='ltr'><strong>ὁ</strong></span> <span class='ocrx_word' id='word_1_781' title='bbox 877 5292 1121 5387; x_wconf 77' lang='grc' dir='ltr'>Ἡρώδης</span> <span class='ocrx_word' id='word_1_782' title='bbox 1159 5309 1452 5382; x_wconf 73' lang='grc' dir='ltr'>ἐταράχθη.</span> <span class='ocrx_word' id='word_1_783' title='bbox 1487 5308 1582 5363; x_wconf 71' lang='grc' dir='ltr'>καὶ</span> <span class='ocrx_word' id='word_1_784' title='bbox 1607 5307 1774 5361; x_wconf 87' lang='grc' dir='ltr'>διενο-</span> 
     </span>
    </p>
   </div>
   <div class='ocr_carea' id='block_1_108' title="bbox 1902 5292 3440 5394">
    <p class='ocr_par' dir='ltr' id='par_1_108' title="bbox 1902 5292 3440 5365">
     <span class='ocr_line' id='line_1_108' title="bbox 1902 5292 3440 5365; baseline -0.012 -8"><span class='ocrx_word' id='word_1_785' title='bbox 1902 5300 2382 5358; x_wconf 71' lang='lat' dir='ltr'><strong>ius’adoravissent</strong></span> <span class='ocrx_word' id='word_1_786' title='bbox 2406 5297 2474 5365; x_wconf 82' lang='lat'><strong>&quot;,</strong></span> <span class='ocrx_word' id='word_1_787' title='bbox 2504 5295 2743 5351; x_wconf 88' lang='lat' dir='ltr'><strong>llerodes</strong></span> <span class='ocrx_word' id='word_1_788' title='bbox 2786 5292 3037 5346; x_wconf 82' lang='lat' dir='ltr'><strong>turbatus</strong></span> <span class='ocrx_word' id='word_1_789' title='bbox 3075 5297 3190 5353; x_wconf 87' lang='lat' dir='ltr'><strong>est,</strong></span> <span class='ocrx_word' id='word_1_790' title='bbox 3226 5302 3440 5343; x_wconf 88' lang='lat' dir='ltr'><strong>secum-</strong></span> 
     </span>
    </p>
   </div>
   <div class='ocr_carea' id='block_1_109' title="bbox 208 5385 1794 5496">
    <p class='ocr_par' dir='ltr' id='par_1_109' title="bbox 208 5385 1772 5496">
     <span class='ocr_line' id='line_1_109' title="bbox 208 5385 1772 5496; baseline -0.005 -35"><span class='ocrx_word' id='word_1_791' title='bbox 208 5410 315 5462; x_wconf 82' lang='grc' dir='ltr'>εἰτο</span> <span class='ocrx_word' id='word_1_792' title='bbox 338 5407 549 5462; x_wconf 83' lang='grc' dir='ltr'>ἀνελεῖν</span> <span class='ocrx_word' id='word_1_793' title='bbox 579 5409 915 5496; x_wconf 83' lang='grc' dir='ltr'>παραχρῆμα</span> <span class='ocrx_word' id='word_1_794' title='bbox 943 5385 1124 5461; x_wconf 81' lang='grc' dir='ltr'>αὐτόν.</span> <span class='ocrx_word' id='word_1_795' title='bbox 1142 5406 1200 5458; x_wconf 86' lang='lat'><strong>&#39;0</strong></span> <span class='ocrx_word' id='word_1_796' title='bbox 1231 5404 1289 5496; x_wconf 58' lang='grc' dir='ltr'><strong>δέ</strong></span> <span class='ocrx_word' id='word_1_797' title='bbox 1322 5402 1426 5496; x_wconf 73' lang='grc' dir='ltr'><strong>ύπὺ</strong></span> <span class='ocrx_word' id='word_1_798' title='bbox 1458 5401 1652 5496; x_wconf 60' lang='grc' dir='ltr'>Ἰωσὴιρ</span> <span class='ocrx_word' id='word_1_799' title='bbox 1680 5399 1772 5496; x_wconf 45' lang='grc' dir='ltr'><strong>καί</strong></span> 
     </span>
    </p>
   </div>
   <div class='ocr_carea' id='block_1_110' title="bbox 1902 5385 3437 5496">
    <p class='ocr_par' dir='ltr' id='par_1_110' title="bbox 1902 5385 3437 5466">
     <span class='ocr_line' id='line_1_110' title="bbox 1902 5385 3437 5466; baseline -0.01 -18"><span class='ocrx_word' id='word_1_800' title='bbox 1902 5409 1986 5466; x_wconf 80' lang='lat' dir='ltr'><strong>[ue</strong></span> <span class='ocrx_word' id='word_1_801' title='bbox 2013 5394 2130 5465; x_wconf 89' lang='lat' dir='ltr'><strong>ipse</strong></span> <span class='ocrx_word' id='word_1_802' title='bbox 2174 5390 2481 5462; x_wconf 85' lang='lat' dir='ltr'><strong>cogitabat,</strong></span> <span class='ocrx_word' id='word_1_803' title='bbox 2535 5387 2684 5441; x_wconf 90' lang='lat' dir='ltr'><strong>illico</strong></span> <span class='ocrx_word' id='word_1_804' title='bbox 2727 5385 2879 5439; x_wconf 86' lang='lat' dir='ltr'><strong>illum</strong></span> <span class='ocrx_word' id='word_1_805' title='bbox 2914 5385 3211 5455; x_wconf 87' lang='lat' dir='ltr'><strong>perimere,</strong></span> <span class='ocrx_word' id='word_1_806' title='bbox 3262 5385 3354 5450; x_wconf 84' lang='lat' dir='ltr'><strong>qui</strong></span> <span class='ocrx_word' id='word_1_807' title='bbox 3403 5392 3437 5433; x_wconf 70' lang='grc' dir='ltr'><strong>α</strong></span> 
     </span>
    </p>
   </div>
   <div class='ocr_carea' id='block_1_111' title="bbox 209 5473 1794 5573">
    <p class='ocr_par' dir='ltr' id='par_1_111' title="bbox 209 5473 1773 5573">
     <span class='ocr_line' id='line_1_111' title="bbox 209 5473 1773 5573; baseline -0.008 -18"><span class='ocrx_word' id='word_1_808' title='bbox 209 5500 304 5570; x_wconf 77' lang='grc' dir='ltr'>τῆς</span> <span class='ocrx_word' id='word_1_809' title='bbox 346 5500 563 5573; x_wconf 79' lang='grc' dir='ltr'>Μαρίας</span> <span class='ocrx_word' id='word_1_810' title='bbox 602 5473 681 5563; x_wconf 63' lang='grc' dir='ltr'>εἰς</span> <span class='ocrx_word' id='word_1_811' title='bbox 722 5473 992 5568; x_wconf 34' lang='lat' dir='ltr'><strong>itif-umor:</strong></span> <span class='ocrx_word' id='word_1_812' title='bbox 1035 5493 1402 5566; x_wconf 83' lang='grc' dir='ltr'>ἀπεκομίσθη,</span> <span class='ocrx_word' id='word_1_813' title='bbox 1436 5490 1529 5545; x_wconf 77' lang='grc' dir='ltr'><strong>καὶ</strong></span> <span class='ocrx_word' id='word_1_814' title='bbox 1574 5490 1664 5543; x_wconf 83' lang='grc' dir='ltr'>τὸν</span> <span class='ocrx_word' id='word_1_815' title='bbox 1713 5486 1773 5552; x_wconf 77' lang='grc' dir='ltr'><strong>ἐξ</strong></span> 
     </span>
    </p>
   </div>
   <div class='ocr_carea' id='block_1_112' title="bbox 1902 5473 3436 5573">
    <p class='ocr_par' dir='ltr' id='par_1_112' title="bbox 1909 5473 3436 5555">
     <span class='ocr_line' id='line_1_112' title="bbox 1909 5473 3436 5555; baseline -0.01 -14"><span class='ocrx_word' id='word_1_816' title='bbox 1909 5486 2112 5555; x_wconf 85' lang='lat' dir='ltr'><strong>osepho</strong></span> <span class='ocrx_word' id='word_1_817' title='bbox 2138 5490 2192 5539; x_wconf 88' lang='lat' dir='ltr'><strong>et</strong></span> <span class='ocrx_word' id='word_1_818' title='bbox 2234 5480 2402 5535; x_wconf 84' lang='lat' dir='ltr'><strong>Maria</strong></span> <span class='ocrx_word' id='word_1_819' title='bbox 2434 5481 2486 5535; x_wconf 92' lang='lat' dir='ltr'><strong>in</strong></span> <span class='ocrx_word' id='word_1_820' title='bbox 2518 5476 2811 5548; x_wconf 64' lang='lat' dir='ltr'><strong>(Egyptum</strong></span> <span class='ocrx_word' id='word_1_821' title='bbox 2838 5474 3052 5531; x_wconf 87' lang='lat' dir='ltr'><strong>delatus</strong></span> <span class='ocrx_word' id='word_1_822' title='bbox 3088 5473 3134 5507; x_wconf 80' lang='grc'><strong>’⁷</strong></span> <span class='ocrx_word' id='word_1_823' title='bbox 3155 5513 3171 5540; x_wconf 91' lang='grc'><strong>,</strong></span> <span class='ocrx_word' id='word_1_824' title='bbox 3206 5487 3273 5527; x_wconf 73' lang='grc' dir='ltr'>ωε</span> <span class='ocrx_word' id='word_1_825' title='bbox 3299 5482 3436 5535; x_wconf 69' lang='lat' dir='ltr'><strong>nam</strong></span> 
     </span>
    </p>
   </div>
   <div class='ocr_carea' id='block_1_113' title="bbox 278 5664 2030 5744">
    <p class='ocr_par' dir='ltr' id='par_1_113' title="bbox 278 5664 2030 5744">
     <span class='ocr_line' id='line_1_113' title="bbox 278 5664 2030 5744; baseline -0.009 -10"><span class='ocrx_word' id='word_1_826' title='bbox 278 5676 471 5734; x_wconf 77' lang='lat' dir='ltr'><strong>&quot;Luc.</strong></span> <span class='ocrx_word' id='word_1_827' title='bbox 498 5693 535 5744; x_wconf 94' lang='grc' dir='ltr'><strong>ι,</strong></span> <span class='ocrx_word' id='word_1_828' title='bbox 574 5674 665 5731; x_wconf 76' lang='lat'><strong>26.</strong></span> <span class='ocrx_word' id='word_1_829' title='bbox 737 5676 784 5710; x_wconf 82' lang='lat'><strong>&quot;</strong></span> <span class='ocrx_word' id='word_1_830' title='bbox 807 5673 935 5735; x_wconf 85' lang='lat' dir='ltr'><strong>Luc.</strong></span> <span class='ocrx_word' id='word_1_831' title='bbox 965 5690 1028 5738; x_wconf 87' lang='grc' dir='ltr'><strong>ιι,</strong></span> <span class='ocrx_word' id='word_1_832' title='bbox 1061 5673 1112 5729; x_wconf 87' lang='grc'>7.</span> <span class='ocrx_word' id='word_1_833' title='bbox 1187 5674 1232 5706; x_wconf 87' lang='grc'><strong><em>⁹⁶</em></strong></span> <span class='ocrx_word' id='word_1_834' title='bbox 1258 5670 1451 5728; x_wconf 64' lang='lat' dir='ltr'><strong>Matth.</strong></span> <span class='ocrx_word' id='word_1_835' title='bbox 1479 5686 1541 5740; x_wconf 87' lang='grc' dir='ltr'><strong>ιι,</strong></span> <span class='ocrx_word' id='word_1_836' title='bbox 1576 5671 1627 5727; x_wconf 79' lang='grc' dir='ltr'>Ι.</span> <span class='ocrx_word' id='word_1_837' title='bbox 1703 5664 1918 5738; x_wconf 60' lang='lat' dir='ltr'><strong>&quot;,Ibid.</strong></span> <span class='ocrx_word' id='word_1_838' title='bbox 1946 5666 2030 5720; x_wconf 74' lang='grc' dir='ltr'>Η.</span> 
     </span>
    </p>
   </div>
  </div>
