3962 6202
583 269 691 330 ’175

1431 266 1494 322 S.
1539 258 1991 320 EUSTATHIUS
2030 254 2522 314 ANTIOCHENUS
2576 252 2969 310 EPISCOPUS.
3677 253 3762 306 776

582 389 692 448 sibi
727 388 794 446 ab
829 385 1036 444 Herode
1070 383 1438 439 imminentem
1470 381 1695 452 depulit.
1744 379 1948 434 Verum
1984 376 2155 432 Hero-

2266 373 2503 447 Ἡρώδου
2537 371 2756 442 διέφυγε
2807 370 3048 424 θάνατον.
3077 369 3250 432 Αὐτὸς
3303 368 3379 432 δὲ,
3406 367 3654 438 ἀγνοήσας
3685 368 3762 439 τὴν

587 483 706 544 des,
736 481 982 549 ignorata
1039 476 1205 546 fuga,
1273 490 1473 546 pueros
1521 489 1713 528 omnes
1759 471 1855 542 qui
1904 477 2062 524 erant
2095 469 2151 521 in

589 565 930 634 Bethlehem,
985 577 1158 624 morte
1217 568 1353 622 aliici
1385 566 1540 637 jubet
1565 566 1650 625 ’⁸.
1702 565 1843 619 inter
1874 571 2048 632 quos,
2097 567 2154 615 et

586 665 848 720 Joannem
874 662 1051 717 adhuc
1084 661 1345 715 infantem
1380 660 1447 714 de
1486 658 1666 713 medio
1712 656 1904 710 tollere
1946 653 2153 708 niteba-

590 765 696 810 tur.
735 752 840 809 Sed
872 751 1144 808 Elisabeth
1173 792 1187 816 ,
1211 767 1276 806 eo
1300 751 1544 820 abrepto,
1580 748 1636 803 in
1665 747 2014 802 solitudinem
2065 760 2156 798 au-

588 847 744 918 fugit,
769 856 823 901 et
846 847 1098 916 precibus
1123 844 1454 907 fusis,mons
1473 842 1526 896 in
1554 842 1692 895 duas
1713 849 1894 911 partes
1918 838 2150 900 divisus,

586 957 704 996 eam
735 955 844 995 una
874 956 997 994 cum
1030 953 1199 1008 puero
1235 937 1471 1007 excepit,
1505 943 1559 991 et
1589 950 1683 990 eas
1708 934 1932 1005 angelus
1964 931 2153 987 defen-
2192 916 2208 935 ’

587 1031 765 1089 dendo
799 1030 1132 1102 protegebat.

661 1124 821 1179 Mittit
882 1123 1063 1192 itaque
1109 1120 1175 1175 ad
1229 1118 1546 1177 Zachariam
1603 1115 1846 1172 Herodes
1881 1131 1894 1166 :
1929 1112 2153 1168 Tradito

589 1217 723 1273 mihi
755 1217 922 1270 filium
945 1224 1119 1281 tuum,
1149 1214 1239 1268 ubi
1265 1213 1514 1267 occultus
1541 1211 1691 1273 latet,
1719 1209 1970 1264 nuntiato
1995 1206 2150 1260 mihi.

589 1307 884 1363 Zacharias
919 1310 996 1363 sic
1039 1303 1378 1376 percontanti
1441 1302 1733 1376 respondet
1773 1316 1785 1352 :
1819 1299 1930 1370 Ego
1977 1297 2043 1351 ad
2074 1296 2154 1349 al-

589 1409 706 1456 tare
737 1401 998 1455 continuo
1041 1375 1354 1458 assistens,
1399 1395 1531 1465 quid
1565 1375 1747 1448 actum
1803 1393 1875 1448 sit
1919 1391 1987 1446 de
2044 1389 2154 1444 ﬁlio

591 1510 733 1558 meo,
769 1509 877 1548 non
909 1493 1055 1547 novi.
1097 1490 1193 1545 llis
1224 1491 1492 1560 ingentem
1533 1489 1668 1541 iram
1698 1485 1947 1556 concepit
1989 1483 2154 1538 Hero-

590 1588 721 1651 des,
754 1602 1079 1656 rursumque
1102 1584 1168 1638 ad
1193 1600 1314 1640 eum
1340 1584 1528 1638 scribit
1556 1599 1568 1634 :
1601 1581 1807 1635 Exhibe
1821 1579 1952 1633 mihi
1983 1577 2152 1632 filium

593 1686 771 1745 tuum;
803 1693 982 1732 nonne
1010 1682 1345 1744 compertum
1380 1673 1473 1728 tibi
1503 1681 1608 1734 est,
1632 1669 1774 1739 apud
1801 1685 1888 1724 me
1917 1668 1995 1722 tui
2027 1682 2153 1722 san-

2254 468 2450 539 φυγὴν,
2486 466 2659 521 πάντα
2683 466 2752 518 τὰ
2776 465 2832 518 ἐν
2861 466 2925 534 τῇ
2961 463 3204 534 Βηθλεὲμ
3247 460 3429 516 παιδία
3462 461 3764 531 ἀναιρεθῆναι

2253 559 2583 632 προσέταξεν
2604 577 2618 591 ο
2654 563 2713 612 ἐν
2738 555 2818 622 οἷς
2850 559 2940 611 καὶ
2964 557 3053 610 τὸν
3085 556 3341 625 Ἰωάννην
3371 555 3448 608 ἐτι
3474 555 3650 624 νήπιον
3667 554 3765 607 δντι

2253 652 2460 708 ἀνελεῖν
2498 651 2844 715 ἐσπούδαζεν.
2862 650 2925 702 Ἡ
2968 648 3024 702 δὲ
3067 645 3369 708 Ἐλισάϐετ,
3406 645 3679 717 ἁρπάσασα
3700 647 3768 698 αὖ·

2251 745 2363 809 τὸν,
2399 746 2480 808 εἰς
2523 743 2621 815 τὴν
2667 742 2871 814 ἔρημον
2915 739 3111 808 ἔφυγε·
3147 737 3245 791 καὶ
3277 735 3570 806 εὐξαμένης
3611 735 3768 803 αὐτῆς,

2253 834 2530 906 διεσχίσθη
2559 835 2619 887 16
2649 835 2791 904 ὅρος,
2827 833 2919 886 κα)⁸
2954 831 3089 903 μετὰ
3124 829 3223 884 τοῦ
3267 828 3474 883 παιδίου
3517 827 3670 898 αὐτὴν
3691 829 3770 880 ἐδέ-

2256 927 2401 993 ξατο,
2431 928 2524 980 καὶ
2553 926 2781 996 ἅγγελος
2813 925 2905 979 τοῦ
2938 924 3074 978 Θεοῦ
3102 922 3451 993 διεφύλαττεν
3477 919 3673 985 αὐτούς.

2324 1110 2538 1182 Πέμπει
2579 1109 2708 1178 γοῦν
2760 1108 2895 1179 πρὸς
2938 1107 3211 1176 Ζαχαρίαν
3235 1106 3263 1158 6
3297 1101 3564 1173 Ἡρώδηςο
3595 1099 3680 1163 A6;
3703 1101 3774 1152 τὸν

2252 1201 2364 1255 υἱόν
2397 1217 2488 1254 σου
2509 1217 2522 1230 ’
2553 1199 2655 1253 ποῦ
2692 1196 2937 1270 ἔκρυψας
2968 1194 3150 1262 αὐτόν,
3191 1193 3518 1262 ἀπάγγειλόν
3551 1192 3773 1263 μοι.Ὀδὲ

2253 1295 2526 1367 Ζαχαρίας
2559 1291 2959 1347 ἀντεπιστέλλει
2992 1291 3216 1361 φάσκων
3251 1286 3427 1356 αὐτῷ·
3466 1283 3596 1352 Ἐγὼ
3620 1284 3688 1354 τῷ
3710 1285 3776 1334 θυ-

2255 1385 2552 1457 σιαστηρίῳ
2586 1383 2958 1455 προσεδρεύων
3010 1382 3119 1445 ἀεὶ,
3155 1379 3210 1433 τί
3245 1379 3459 1445 ἐγένετο
3497 1378 3525 1429 6
3555 1376 3656 1440 υἱός
3694 1391 3774 1446 μου

2251 1476 2351 1531 οὐκ
2383 1477 2701 1546 ἐπίσταμαι.
2735 1476 2844 1528 Καὶ
2872 1471 3145 1544 ὀργισθεὶς
3175 1473 3205 1524 6
3236 1467 3480 1540 Ἡρώδης
3510 1465 3656 1518 πάλιν
3674 1465 3776 1516 ἐπέ-

2253 1569 2468 1623 στελλεν
2516 1567 2684 1639 αὐτῷ.
2729 1568 2827 1631 Δὸς
2877 1567 3000 1633 ἔξω,
3029 1565 3228 1634 λέγων,
3253 1561 3344 1616 τὸν
3391 1560 3502 1613 υἱόν
3555 1575 3657 1616 σου.
3685 1557 3776 1609 Ούκ

2251 1657 2415 1727 οἶδας,
2450 1661 2530 1714 ὅτι
2561 1660 2622 1713 16
2649 1654 2788 1730 αἷμά
2816 1676 2908 1712 σου
2940 1657 3043 1710 ὑπὸ
3068 1655 3169 1728 τὴν
3200 1654 3360 1724 χεῖρά
3389 1651 3485 1722 μού
3510 1653 3668 1712 ἐστιν;
3689 1649 3776 1700 Καὶ

591 1772 772 1844 guinis
813 1769 1122 1827 eﬂ'undendi
1169 1783 1291 1822 esse
1321 1764 1683 1837 potestatem?
1729 1762 2021 1816 Zacharias
2070 1775 2156 1815 re-

2256 1755 2283 1807 6
2310 1752 2582 1824 Ζαχαρίας
2613 1752 2715 1822 ἔφη
2739 1768 2751 1780 ·
2785 1751 3011 1822 Μάρτυς
3039 1749 3157 1819 εἰμὶ
3188 1745 3284 1800 τοῦ
3311 1743 3464 1798 Θεοῦ.
3496 1744 3563 1795 Σὺ
3596 1742 3681 1812 μὲν
3701 1741 3772 1811 ἔχε

593 1865 815 1936 scripsit
844 1882 856 1918 :
883 1863 1065 1919 Testis
1092 1877 1211 1916 sum
1237 1860 1354 1914 Dei.
1386 1857 1467 1912 Tu
1498 1873 1674 1912 meum
1711 1855 2030 1924 sanguinem
2051 1893 2064 1912 .
2100 1859 2155 1904 at

593 1953 844 2023 spiritum
873 1968 1051 2008 meum
1086 1951 1225 2006 Deus
1252 1949 1552 2020 possideat,
1586 1950 1671 2002 l'ac
1705 1957 1764 2001 ut
1795 1948 1963 2000 lubet.
1992 1942 2156 1998 Illud-

591 2063 699 2120 que
753 2057 806 2101 te
853 2061 966 2101 non
1016 2043 1230 2116 fugiat,
1293 2043 1613 2112 sanguinem
1682 2034 2028 2093 innocentem
2101 2036 2153 2090 in

589 2139 878 2196 vestibulis
903 2139 1086 2208 templi
1128 2135 1344 2191 Domini
1369 2145 1422 2190 te
1451 2132 1770 2189 effusurum.
1802 2130 2041 2186 Herodes
2068 2127 2155 2180 his

592 2233 766 2305 magis
795 2248 859 2287 ac
899 2232 1072 2302 magis
1103 2239 1458 2299 exasperatus
1478 2266 1492 2292 ,
1523 2234 1583 2280 ut
1613 2225 1754 2280 inter
1791 2223 1964 2277 altare
1995 2234 2154 2274 neca—

591 2333 746 2382 retur
773 2331 1062 2393 antequam
1093 2321 1208 2377 dies
1257 2321 1598 2374 iilucesceret
1621 2356 1636 2382 ,
1670 2315 1924 2377 mandat,
1956 2328 2023 2367 ne
2057 2328 2154 2381 po—

591 2416 754 2488 pulus
833 2412 1102 2470 obstando
1189 2410 1485 2480 impediret
1554 2406 1848 2479 quominus
1931 2401 2146 2458 occide-

592 2515 763 2562 retur.

663 2595 846 2650 Primo
872 2600 1051 2648 autem
1075 2589 1315 2647 diluculo
1349 2587 1660 2644 sacerdotes
1688 2585 1742 2639 in
1774 2581 2030 2651 templum
2061 2593 2155 2634 ve-

597 2690 811 2745 nientes
839 2684 1330 2756 obstupescebant,
1361 2682 1505 2753 quod
1539 2679 1646 2733 illis
1665 2717 1682 2742 ,
1715 2684 1774 2730 ut
1805 2675 1976 2729 moris
2001 2677 2119 2726 erat
2138 2710 2153 2734 ,

594 2797 706 2836 non
735 2778 952 2835 obviam
1000 2777 1240 2848 prodiret
1296 2774 1505 2844 primus
1546 2768 1845 2832 sacerdos,
1912 2773 1967 2821 et
2023 2762 2157 2818 foris

593 2871 1002 2943 exspectabant.
1048 2867 1234 2940 Itaque
1264 2867 1399 2921 hora
1449 2863 1721 2918 dilabente
1741 2901 1756 2925 ,
1802 2874 1945 2914 unus
1975 2874 2039 2912 ex
2068 2856 2156 2912 his

596 2965 805 3037 ingredi
839 2978 1006 3020 ausus
1029 2969 1147 3024 est,
1190 2961 1280 3031 qui
1306 2957 1372 3012 ad
1398 2958 1568 3012 altare
1595 2961 1909 3010 concretum
1945 2952 2158 3021 sangui-

595 3073 718 3114 nem
742 3055 1027 3127 conspicit,
1050 3053 1309 3122 auditque
1325 3065 1512 3126 vocem
1535 3048 1802 3103 dicentem
1826 3063 1838 3099 :
1863 3044 2155 3100 Zacharias

595 3147 814 3204 occisus
864 3153 990 3214 est,
1045 3158 1145 3200 nec
1191 3143 1310 3213 ejus
1361 3139 1586 3211 sanguis
1637 3137 1928 3199 delebitur,
1982 3135 2156 3189 donec

597 3243 776 3297 veniat
810 3240 989 3306 ultor;
1038 3237 1126 3294 his
1155 3236 1380 3291 vocibus
1430 3233 1614 3288 animo
1668 3229 1911 3297 fractus,
1971 3242 2156 3299 egres-

596 3345 800 3402 susque
841 3328 1214 3384 sacerdotibus
1267 3325 1510 3387 nuntiat,
1541 3322 1632 3392 qui
1663 3322 2000 3377 introeuntes
2031 3333 2157 3373 cor-

593 3438 697 3495 pus
729 3437 838 3476 non
877 3421 1096 3486 vident,
1130 3418 1224 3475 sed
1260 3418 1436 3473 solum
1465 3416 1785 3486 sanguinem
1811 3453 1827 3478 ,
1860 3407 2159 3479 scissiSque

592 3513 974 3577 vestimentis,
1019 3519 1248 3567 mortem
1303 3509 1451 3564 illius
1509 3507 1796 3578 lugebant,
1851 3503 2159 3573 populoque

593 3605 954 3667 nuntiarunt,
984 3609 1038 3658 et
1061 3602 1235 3657 tribus
1268 3600 1492 3665 diebus,
1529 3608 1582 3652 et
1604 3597 1781 3651 tribus
1824 3594 2073 3648 noctibus
2100 3593 2157 3645 in

595 3697 746 3753 luctu
791 3695 1032 3751 fuerunt.
1091 3692 1354 3764 Deinceps
1402 3689 1712 3745 Simeonem
1743 3693 1889 3741 sorte
1935 3685 1990 3739 in
2037 3683 2159 3754 ejus

594 3789 774 3844 locum
804 3794 1131 3858 posuerunt,
1183 3787 1275 3856 qui
1308 3798 1338 3837 a
1384 3781 1589 3852 Spiritu
1626 3786 1815 3834 sancto
1848 3777 2158 3832 admonitus

595 3885 911 3949 acceperat,
959 3891 1018 3933 se
1055 3891 1161 3931 non
1214 3875 1366 3946 prius
1398 3873 1644 3929 visurum
1691 3876 1919 3926 mortem
1948 3909 1963 3936 ,
1996 3883 2159 3940 quam

595 3967 874 4025 Christum
903 3967 1116 4022 Domini
1153 3965 1345 4022 fuisset
1369 3965 1601 4019 intuitus
1623 3963 1690 4020 ⁹⁹.

665 4059 932 4114 Narratur
963 4068 1018 4114 et
1050 4059 1152 4112 aha
1193 4058 1435 4128 quadam
1469 4057 1538 4111 de
1584 4055 1849 4110 Zacharia
1895 4052 2156 4108 historia:

597 4153 766 4207 fuisse
800 4152 855 4206 in
887 4151 1090 4221 templo
1121 4151 1297 4206 locum
1329 4149 1382 4203 in
1426 4163 1588 4219 quem
1624 4156 1834 4202 tantum
1857 4145 2160 4215 virginibus

597 4245 882 4317 ingressis,
937 4243 1104 4299 Deum
1149 4244 1398 4308 adorare,
1433 4251 1539 4296 non
1570 4248 1748 4296 autem
1791 4240 1976 4310 nuptis
1998 4278 2014 4302 ,
2044 4237 2162 4308 lege

597 4338 865 4395 sancitum
921 4351 984 4391 ac
1035 4351 1356 4391 concessum
1415 4341 1552 4391 erat.
1588 4332 1756 4388 Maria
1813 4333 1976 4402 igitur
2039 4336 2161 4401 post

2259 1863 2358 1917 μου
2395 1844 2456 1898 τὸ
2487 1839 2643 1916 αἷμα,
2669 1844 2729 1897 16
2757 1843 2813 1897 δὲ
2847 1841 3064 1912 πνεῦμά
3088 1858 3190 1911 μου
3219 1841 3248 1893 6
3272 1836 3422 1902 Θεός.
3449 1837 3592 1901 Δέξαι
3615 1835 3666 1888 δὲ
3699 1833 3772 1888 καὶ

2254 1935 2508 2005 γίνωσκε,
2543 1935 2622 1988 ὅτι
2651 1932 2827 1986 ἀθῶον
2860 1930 3000 2003 αἷμα
3033 1930 3246 2002 ἐκχέεις
3269 1931 3348 1992 εἰς
3373 1927 3440 1981 τὰ
3469 1926 3687 1996 πρόθυρα
3702 1923 3770 1977 τοὶ

2255 2027 2382 2082 ναοῦ
2414 2027 2637 2098 Κυρίου.
2671 2025 2779 2078 Καὶ
2811 2026 2840 2078 6
2877 2023 3141 2094 Ἡρώδης,
3178 2021 3273 2073 ἐπὶ
3301 2018 3500 2082 τούτοις
3529 2015 3769 2087 ὀργισθεὶς,

2259 2119 2457 2191 μεταξὺ
2488 2117 2578 2173 τοῦ
2613 2116 2996 2188 θυσιαστηρίου
3027 2112 3384 2184 ἀναιρεθῆναι
3411 2109 3560 2162 αὐτὸν
3592 2106 3684 2178 πρὸ
3702 2105 3771 2158 τοῦ

2254 2209 2544 2280 διαφαῦσαι
2579 2207 2922 2281 προσέταξεν,
2947 2204 3080 2276 πρὸς
3114 2204 3178 2257 16
3207 2203 3282 2274 μὴ
3317 2201 3420 2255 ὑπὸ
3449 2198 3536 2253 τοῦ
3556 2196 3668 2252 λαοῦ
3690 2215 3771 2250 κω-

2255 2304 2480 2374 λυθῆναι
2511 2301 2673 2356 αὐτοῦ
2710 2300 2808 2371 τὴν
2842 2297 3123 2366 ἀναίρεσιν

2333 2591 2569 2666 Ὀρθρου
2601 2590 2656 2643 δὲ
2686 2592 2734 2642 οἱ
2791 2591 2954 2661 ἰερεῖς
2987 2585 3419 2659 παραγενόμενοι
3451 2583 3525 2646 εἰς
3548 2574 3632 2634 τὸν
3655 2578 3769 2641 ναὲν,

2257 2686 2573 2752 ὲξενίζοντο,
2609 2682 2747 2737 κατὰ
2777 2682 2838 2735 16
2869 2680 3057 2743 εἰωθὸς
3092 2679 3175 2750 μὴ
3209 2678 3598 2748 ὑπαντήσαντος
3631 2673 3774 2733 dimi;

2257 2775 2350 2830 τοῦ
2381 2774 2701 2847 ἀρχιερέως,
2743 2773 2836 2826 καὶ
2869 2772 3128 2841 ἐπέμενον
3183 2766 3482 2839 ἐξω.’⁹Ωρας
3509 2761 3591 2819 οὖν
3616 2762 3775 2833 παρελο

2257 2867 2479 2937 κούσης,
2515 2860 2595 2928 εἷς
2624 2881 2706 2926 τις
2733 2863 2791 2929 ἐξ
2821 2861 2997 2915 αὐτῶν
3043 2858 3316 2913 εἰσελθεῖν
3364 2850 3772 2924 ἁπετόλμησεν.¹0

2256 2959 2313 3011 δὲ
2347 2957 2539 3030 θεωρεῖ
2566 2949 2702 3026 αἷμα
2730 2953 2977 3024 πεπηγὸς
3001 2950 3148 3022 παρὰ
3204 2949 3267 3002 16
3311 2947 3674 3017 θυσιαστήριον,
3701 2941 3772 2993 καὶ

2260 3051 2445 3105 ἀκούει
2495 3047 2675 3118 φωνῆς
2717 3045 3005 3115 λεγούσης·
3037 3041 3323 3116 Ζαχαρίας
3361 3038 3668 3108 πεφόνευται,
3697 3032 3770 3085 καὶ

2256 3143 2358 3196 οὑκ
2400 3140 2840 3210 ἐξαλειφθήσεται
2887 3135 2947 3189 16
2991 3131 3127 3205 αἷμα
3182 3131 3371 3196 αὐτοῦ,
3412 3131 3512 3193 ἕως
3538 3127 3595 3182 ἂν
3622 3122 3766 3197 ἔλθῃό

2258 3236 2484 3298 ἔκδικος.
2504 3233 2735 3299 ’Ᾱκούων
2781 3229 2911 3300 γοῦν
2949 3228 3120 3282 ταῦτα
3179 3226 3415 3299 ἔμφοϐος
3459 3222 3663 3290 ἐγένετο,
3696 3213 3766 3268 καὶ

2257 3325 2486 3394 ἐξελθὼν
2510 3327 2620 3387 τοῖς
2641 3322 2876 3394 ἱερεῦσιν
2903 3318 3258 3393 ἀπήγγειλεν.
3291 3321 3355 3372 οι
3381 3317 3455 3380 δὲ,
3479 3310 3762 3370 εἰσελθόντες,

2257 3422 2319 3474 τὸ
2352 3421 2450 3492 μὲν
2481 3419 2638 3490 σῶμα
2671 3418 2770 3469 οὐκ
2799 3413 2957 3479 εἶδον,
2987 3416 3036 3468 εἰ
3080 3414 3156 3484 μὴ
3189 3413 3252 3467 16
3281 3409 3436 3482 αἷμα,
3471 3408 3557 3462 καὶ
3578 3405 3659 3466 τὰς
3682 3415 3763 3452 στο-

2257 3513 2352 3576 λὰς
2373 3509 2581 3564 ἑαυτῶν
2595 3509 2789 3580 διαρῤή
2797 3509 3002 3574 ξαντες,
3024 3504 3314 3574 ἐκόψαντο,
3327 3503 3419 3556 καί¹
3435 3501 3508 3571 τῷ
3526 3496 3623 3567 λαῷ
3638 3493 3762 3562 ἀνήγ-

2258 3603 2462 3674 γειλαν,
2487 3603 2584 3656 καὶ
2613 3601 2740 3671 τρία
2763 3598 3074 3670 νυχθήμερα
3112 3599 3206 3649 ἐπ’
3239 3594 3388 3665 αὐτῷ
3424 3592 3600 3663 θρῆνον
3621 3583 3759 3674 Emit;

2261 3669 2379 3752 σαν.
2413 3697 2520 3751 Καὶ
2555 3669 2690 3768 μετᾶ
2721 3692 2892 3748 ταῦτα
2929 3669 3192 3762 Συμεῶνα
3240 3691 3320 3752 εἰς
3361 3686 3458 3757 τὴν
3483 3681 3616 3746 τάξιν
3638 3669 3759 3768 αὑτοῦ

2259 3791 2444 3862 κλήρῳ
2476 3789 2831 3857 κατέστησαν,
2861 3786 2918 3848 ὃς
2945 3785 3190 3854 ὑπῆρχεν
3222 3780 3327 3834 ὑπὸ
3356 3777 3444 3832 τοῦ
3469 3773 3604 3844 ἁγίου
3630 3764 3756 3821 uves-

2263 3856 2430 3953 ματος
2462 3856 2851 3953 χρηματισθεὶς
2882 3877 2956 3948 μὴ
2981 3875 3106 3929 ἰδεῖν
3129 3873 3381 3935 θάνατον,
3409 3870 3505 3931 ἐως
3533 3864 3590 3918 ἃν
3613 3862 3679 3929 ἴδῃ
3695 3856 3759 3907 τὸν

2259 3974 2490 4046 Χριστὸν
2514 3972 2740 4042 Κυρίου.

2335 4065 2498 4136 ’Ἄλλη
2533 4064 2589 4117 δέ
2623 4080 2704 4126 τις
2751 4059 2959 4133 ἰστορία
3010 4057 3138 4130 περὶ
3171 4055 3265 4111 τοῦ
3299 4052 3554 4126 Ζαχαρίου
3582 4044 3760 4116 ἐμφέρε-

2258 4177 2348 4212 ται
2365 4175 2378 4189 ·
2427 4157 2502 4222 ὡς
2528 4157 2632 4228 ἄρα
2655 4151 2722 4226 ἦν
2748 4171 2831 4218 τις
2865 4153 2993 4225 ’περί⁵
3021 4149 3112 4204 τὸν
3135 4149 3266 4203 ναὸν
3297 4147 3473 4208 τόπος,
3500 4139 3611 4195 ἔνθα
3637 4137 3758 4228 μόνας

2259 4249 2357 4314 τὰς
2391 4221 2689 4320 παρθένους
2732 4245 2860 4316 ἐξῆν
2902 4221 3174 4302 εἰσιούσας
3221 4228 3620 4320 προσκυνεῖνντῷ
3645 4221 3757 4320 Θεξῖν

2259 4341 2358 4404 τὰς
2389 4341 2444 4394 δὲ
2473 4314 2826 4410 γαμηθείσαςγ
2848 4336 2920 4407 μὴ
2959 4332 3096 4387 εἰναι
3136 4332 3383 4402 νόμιμον.
3402 4327 3460 4380 'H
3492 4319 3573 4376 οὖν
3598 4314 3757 4410 Μαρία.

599 4431 934 4485 Salvatorem
966 4429 1207 4501 genitum
1239 4428 1408 4491 stetit,
1445 4427 1499 4480 in
1529 4427 1648 4482 loco
1680 4426 1802 4487 hoc,
1836 4439 1997 4494 quam
2029 4439 2153 4478 cum

2261 4407 2568 4502 γεννήσασα
2613 4407 2704 4482 τὸν
2757 4427 3002 4497 Σωτῆρα,
3037 4423 3290 4486 ἐλθοῦσα,
3319 4421 3442 4490 ἔστη
3473 4417 3526 4469 ἐν
3554 4411 3617 4481 τῷ
3647 4407 3758 4471 τόπῳ

597 4521 962 4595 impedirent,
1021 4520 1114 4591 qui
1172 4535 1290 4574 eam
1349 4518 1462 4587 jam
1532 4517 1807 4588 peperisse
1858 4522 2156 4581 noverant,

598 4613 892 4670 Zacharias
941 4611 1240 4677 fatebatur,
1272 4627 1390 4666 eam
1427 4609 1643 4680 dignam
1687 4625 1842 4674 esse,
1885 4625 2006 4680 qua:
2053 4624 2160 4663 una

597 4721 724 4761 cum
761 4704 1070 4776 virginibus
1100 4709 1551 4759 commoraretur.
1603 4702 1789 4771 Itaque
1824 4717 1947 4756 eum
1993 4700 2160 4755 veluti

594 4796 801 4868 jurium
830 4797 1144 4852 violatorem
1165 4834 1180 4860 ,
1222 4802 1276 4850 et
1317 4794 1369 4848 in
1403 4794 1578 4847 locum
1615 4793 1884 4862 virginum
1914 4791 2158 4861 iniquum

599 4889 743 4944 inter
790 4889 964 4944 altare
1005 4886 1370 4942 trucidavere.
1415 4884 1481 4940 Et
1525 4885 1638 4940 haec
1681 4900 1777 4956 per
1807 4892 2160 4940 transennam

598 4983 883 5053 obiterque
911 4979 1052 5036 dicta
1075 4989 1224 5037 sunt.

669 5073 841 5128 Porro
865 5070 1064 5141 Joseph
1088 5086 1118 5126 a
1152 5070 1413 5127 fratribus
1435 5071 1488 5125 in
1516 5069 1750 5142 Egypto
1793 5069 2049 5132 traditus,
2081 5068 2164 5124 di-

599 5166 728 5222 vino
759 5165 968 5219 afﬂatus
988 5161 1239 5226 Numine,
1271 5161 1572 5218 Pharaonis
1591 5162 1818 5218 somniis
1839 5163 2163 5232 interpreta-

601 5255 747 5312 tione
777 5256 1060 5326 explicatis
1098 5257 1138 5322 ί,
1162 5255 1331 5311 totius
1365 5254 1582 5327 :Egypti
1622 5255 1875 5326 princeps
1916 5253 2166 5309 nomina-

602 5357 693 5404 tus
724 5357 830 5414 est,
863 5360 915 5403 et
939 5348 1079 5404 fame
1129 5356 1302 5404 totum
1337 5357 1604 5402 terrarum
1639 5348 1826 5402 orbem
1875 5346 2160 5418 amigente,

605 5436 800 5494 fratres
840 5440 894 5493 in
927 5439 1218 5511 Ain-aptum
1266 5456 1326 5495 se
1356 5439 1664 5503 conferunt,
1712 5438 2064 5500 frumentum,
2111 5442 2165 5492 et

605 5525 706 5596 ipsi
738 5538 796 5582 ut
823 5529 949 5584 fami
982 5529 1328 5586 mederentur
1347 5531 1582 5601 cmpturi
1605 5531 1757 5596 ’,eta
1782 5528 2042 5584 fratribus
2074 5543 2164 5584 re-

659 5705 726 5786 _”
749 5703 886 5763 Ibid.
925 5707 1010 5762 16.
1086 5709 1130 5740 ’⁸
1155 5708 1282 5764 Luc.
1311 5724 1370 5772 ll,
1405 5709 1490 5765 14.
1573 5711 1588 5741 ⁸
1615 5707 1744 5766 Gen.
1773 5723 1882 5763 xu.
1919 5710 1978 5781 _"
2019 5705 2162 5762 Ibid.

2258 4525 2451 4596 τούτῳ.
2489 4523 2817 4577 Κωλυὸντων
2867 4517 2958 4573 οὖν
2998 4519 3164 4590 αὐτὴν
3192 4516 3300 4570 τῶν
3337 4513 3537 4568 εἰδότων
3557 4513 3758 4574 γεγεννη-

2260 4588 2416 4673 κυῖαν
2445 4616 2632 4686 αὐτὴν,
2651 4614 2678 4666 ὁ
2699 4613 2966 4685 Ζαχαρίας
2991 4588 3174 4680 ἔλεγεν
3197 4610 3354 4674 ἀξίαν
3383 4603 3536 4673 αὐτὴν
3560 4588 3756 4686 εἶναιτοῦ

2259 4712 2424 4765 τόπου
2446 4711 2551 4764 τῶν
2580 4707 2879 4781 παρθένων.
2897 4707 2982 4768 Ὠς
3009 4700 3100 4757 οὖν
3121 4697 3522 4774 παρανομοῦντα
3544 4687 3677 4744 αὑτὸν
3697 4683 3757 4740 είς

2259 4803 2350 4856 τὸν
2395 4803 2557 4856 τόπον
2588 4800 2695 4854 τῶν
2737 4798 3017 4869 παρθένων
3061 4793 3259 4867 μεταξὺ
3303 4791 3395 4845 τοῦ
3439 4777 3753 4847 θυσιαστηρίου

2262 4895 2603 4948 ἀπέκτειναν.
2640 4893 2749 4945 Καὶ
2779 4889 2949 4943 ταῦτα
2975 4888 3072 4960 μὲν
3104 4887 3178 4950 ὠς
3203 4888 3260 4938 ἐν
3285 4881 3490 4953 παρόδῳ
3510 4871 3684 4943 ἐλέχθη·

2344 5073 2538 5144 Ἰωσὴφ
2580 5071 2655 5135 δὲ,
2690 5068 2968 5132 ἀπὸδοθεὶς
3005 5069 3062 5120 ὲν
3110 5065 3364 5135 Αἰγύπτῳ
3401 5061 3497 5115 ὑπὸ
3525 5055 3614 5108 τῶν
3637 5043 3748 5144 ἀδελ-

2265 5165 2399 5235 φῶν,
2419 5141 2537 5235 θεία
2559 5164 2769 5234 ἐπινοίᾳ.
2792 5160 2870 5232 τῷ
2899 5157 3094 5230 Φαραὼ
3112 5157 3381 5228 διακρίνας
3396 5151 3637 5235 ὀνείρατα.Δ
3654 5141 3747 5231 ήτες

2266 5232 2381 5327 μὼν
2426 5232 2605 5326 πάσης
2799 5252 3067 5321 Αἰγύπτου
3108 5249 3441 5304 καθίσταται.
3495 5239 3588 5294 Καὶ

2264 5318 2442 5401 πᾶσαν
2474 5318 2750 5411 πιέζοντος
2769 5318 3012 5416 τὴννγῆν,
3040 5345 3089 5396 οἱ
3119 5341 3330 5409 ἀδελφοὶ
3360 5333 3512 5391 αὐτοῦ
3540 5318 3744 5416 nmmo."

2265 5442 2342 5504 εἰς
2372 5408 2661 5509 Αἴγυπτον,
2705 5408 2848 5492 σῖτον
3008 5437 3157 5491 αὐτοὶ
3195 5408 3282 5489 διὰ
3323 5431 3410 5484 τὸν
3434 5423 3569 5497 λιμὸν
3590 5408 3748 5509 ὼγησός

2269 5498 2462 5603 μένον.
2499 5533 2589 5586 καὶ
2632 5498 3053 5603 ἀναγνωρισθεὶς
3094 5529 3269 5590 αὐτοῖς
3318 5519 3528 5590 Ἰωσὴφ,
3570 5498 3750 5583 μεθιστᾷ
