3898 6196
249 287 349 356 πει

1129 283 1402 350 SPURIA.
1426 325 1495 336 -—
1534 287 1892 351 COMMENT.
1937 293 2004 349 IN
2042 289 2535 355 HEXAEMERON.

3332 295 3435 356 782

244 428 343 476 νον,
367 404 450 463 καὶ
474 405 950 479 ὑπερθαυμάζοντα
987 409 1049 462 τὸ
1089 410 1302 474 κάλλος.
1331 411 1600 480 Προσάγει
1626 413 1785 466 αὑτὸν

1910 415 1992 468 ’ert
2020 414 2087 468 ad
2111 423 2338 485 patrem,
2369 424 2430 470 ut
2454 416 2603 470 illum
2633 414 2783 486 regni
2817 415 2904 471 sui
2931 417 3193 473 scriberet
3215 432 3437 473 succes¢

245 500 328 558 οὖν
355 500 626 570 αὐξηθέντα
667 502 700 571 ἡ
722 501 1020 572 Θέρμουθις
1055 501 1133 572 τῷ
1168 503 1332 574 πατρὶ
1349 504 1536 574 αὐτῆς,
1561 502 1782 568 ἀξιοῦσα

248 595 442 664 ποιῆσαι
473 592 627 644 αὑτὸν
666 592 764 662 τῆς
810 586 1082 661 βασιλείας
1108 593 1269 646 αὑτοῦ
1297 593 1553 666 διάδοχον,
1583 596 1676 649 καὶ
1700 595 1782 649 τί-

247 689 382 759 θησιν
414 685 564 738 αὐτὸν
601 685 659 736 ἐν
695 687 815 748 ταῖς
842 685 1027 755 χερσὶν
1069 686 1253 738 αὑτοῦ.
1293 688 1350 740 '0
1373 688 1429 740 δὲ
1456 687 1655 752 λαϐὼν,
1689 689 1785 741 καὶ

245 778 750 850 προστερνισάμενος,
812 776 1123 845 κατεφίλει’
1175 778 1638 850 χαριεντιζόμενος
1683 795 1780 842 τε,

241 869 480 942 περιελὼν
507 869 602 939 τῆς
626 870 814 922 ἑαυτοῦ
859 871 1095 942 κεφαλῆς
1129 871 1190 923 τὸ
1233 871 1485 942 διάδημα,
1515 871 1784 941 ἐπιτίθησι

239 966 296 1035 τῇ
319 965 510 1015 ἐκείνου
533 961 760 1032 κεφαλῇ.
791 963 848 1014 '0
873 963 928 1015 δὲ
957 962 1213 1032 Μωῦσῆς,
1240 963 1545 1035 ἀπορρίψας
1574 965 1666 1017 ἐπὶ
1686 964 1787 1034 τῆς

241 1053 329 1120 γῆς
350 1051 406 1103 τὸ
428 1050 675 1121 διάδημα,
708 1051 1021 1125 κατεπάτει.
1053 1052 1159 1104 Καὶ
1185 1053 1212 1102 6
1239 1055 1614 1122 γραμματεὺς,
1640 1055 1668 1106 ὁ
1689 1053 1786 1125 τὴν

239 1144 428 1212 γένεσιν
495 1142 659 1194 αὑτοῦ
727 1142 1032 1213 προειπὼν,
1076 1143 1404 1213 θεασάμενος
1465 1146 1558 1197 καὶ
1614 1147 1788 1208 συνεὶς

239 1238 422 1288 ἐκεῖνον
447 1230 583 1288 εἶναι
610 1235 700 1286 τὸν
731 1234 1114 1306 θεσπιζὸμενον
1147 1239 1246 1308 τῆς
1275 1239 1582 1306 Αἰγυπτίων
1617 1238 1789 1309 ἀρχῆς

240 1326 491 1396 πολέμιον,
517 1322 742 1395 ὥρμησε
790 1326 888 1395 μὲν
935 1329 1270 1392 ἀποκτείναι,
1297 1329 1390 1382 καὶ
1429 1330 1528 1382 οὐκ
1566 1327 1748 1399 ἴσχυσε
1773 1343 1786 1358 ·

240 1417 421 1489 βοήσας
446 1415 501 1468 δὲ
535 1416 639 1487 ἔφη
674 1415 751 1486 τῷ
783 1416 1022 1487 βασιλεῖ’

304 1527 320 1561 ι
361 1504 519 1573 Οὗτος
542 1509 750 1573 ἐκεῖνός
779 1512 915 1574 ἐστι,
947 1511 1183 1581 βασιλεῦ,
1211 1514 1377 1585 ὅνπερ
1397 1515 1528 1584 ἡμῖν
1555 1515 1794 1585 ἀναφυῆι

239 1615 312 1656 ναι
347 1605 407 1655 ἐκ
436 1601 543 1655 τῶν
583 1601 852 1673 Ἐϐραίων
878 1603 940 1656 τὸ
966 1592 1235 1675 δαιμόνιον
1267 1605 1461 1678 ἔχρησε
1503 1607 1604 1676 τῆς
1645 1607 1794 1676 βασι-

1884 518 2061 558 sorem
2125 520 2382 569 exorans,
2413 505 2779 576 infantemque
2809 506 2863 560 in
2912 509 3078 578 patris
3113 524 3306 564 manus
3343 511 3438 564 ima

1885 598 2083 666 posuit,
2114 598 2202 666 qui
2229 598 2317 652 ubi
2342 613 2463 653 eum
2493 599 2698 670 accepit
2733 601 2896 663 ulnis,
2933 603 3135 670 pectori
3156 603 3439 656 astrictum

1884 690 2259 756 osculabatur,
2289 698 2344 744 et
2369 691 2522 760 pueri
2569 693 2834 747 suavitate
2887 692 3149 749 bilaratus
3191 691 3440 748 diadema

1885 782 2048 852 capiti
2077 797 2176 836 suo
2198 781 2496 852 demptum,
2522 784 2668 838 illius
2693 784 2856 854 capiti
2887 785 3147 855 imponit;
3176 784 3269 840 sed
3295 783 3441 856 Moy-

1889 887 1975 927 ses
2000 873 2160 940 illud,
2197 874 2252 927 in
2301 883 2500 928 terram
2540 876 2864 945 projectum,
2919 878 3143 948 pedibus
3175 877 3438 940 calcabat,

1887 978 1995 1032 quo
2023 964 2140 1019 viso
2202 965 2402 1029 scriba,
2434 966 2526 1034 qui
2555 965 2673 1034 ejus
2717 975 2894 1021 ortum
2928 967 3265 1036 praedixerat,
3315 981 3440 1020 eum

1887 1071 2028 1120 esse,
2059 1057 2175 1126 qui,
2203 1064 2264 1110 ut
2296 1058 2532 1111 oraculis
2549 1066 2852 1126 acceperat,
2876 1057 3249 1128 Egyptiorum
3277 1069 3442 1126 regna

1889 1153 2147 1216 tanquam
2201 1147 2376 1202 hostis
2417 1156 2560 1204 esset
2615 1149 2904 1205 invasurus
2964 1164 3316 1220 cOgnoscens,
3373 1147 3441 1200 ad

1889 1253 2012 1292 eum
2042 1239 2401 1293 occidendum
2459 1255 2749 1310 aggressus
2783 1248 2886 1304 est,
2923 1241 3018 1296 sed
3043 1241 3253 1296 viribus
3285 1239 3444 1295 fessis

1891 1329 2174 1398 abstinuit,
2205 1337 2260 1385 ct
2295 1331 2536 1386 clamore
2563 1331 2708 1386 edito
2741 1331 2878 1386 dixit
2904 1333 3016 1402 regi
3046 1351 3058 1386 ι

1969 1506 2108 1562 «Hic
2142 1508 2255 1578 ipse
2285 1514 2388 1571 est,
2435 1522 2469 1560 o
2507 1520 2626 1573 rex,
2684 1520 2841 1577 quem
2891 1506 3049 1561 nobis
3083 1521 3149 1560 ex
3206 1501 3449 1563 Hebraeis

1894 1599 2181 1654 oriundum
2209 1599 2449 1654 divinum
2501 1615 2699 1654 numen
2731 1599 3068 1668 praedixerat,
3094 1598 3243 1670 regni
3286 1598 3452 1668 Egy.

238 1694 370 1758 λείας
403 1695 712 1763 Αἰγυπτίων
760 1695 1071 1749 ἐπίϐουλονο
1101 1698 1228 1766 ὅσγε
1268 1701 1361 1751 καὶ⁸
1401 1699 1495 1752 νῦν
1533 1699 1792 1770 σύμϐολον
1826 1757 1864 1770 ,ἱ
1895 1692 2132 1762 Ριίοΐυῐη
2187 1692 2584 1756 ίηδῖάίθῑοΐθπιν
2615 1691 2706 1761 qni
2749 1701 2802 1746 ει
2855 1705 3000 1744 ηυηο
3032 1705 3215 1746 rerum
3246 1692 3455 1744 ίυιυτίιδ

238 1787 316 1840 τοῦ
344 1787 620 1858 μέλλοντος
652 1789 712 1840 ού
747 1789 941 1860 μικρὸν
975 1789 1302 1855 ἐπεδείξατο,
1328 1791 1457 1844 αὐτὸ
1479 1791 1540 1863 δὴ
1564 1792 1662 1862 τῆς
1697 1793 1794 1863 βα·

1910 1757 2018 1836 cum
2051 1798 2159 1836 non
2185 1783 2300 1838 leve
2325 1783 2553 1852 praebuit
2582 1757 2980 1851 argumentum,
3014 1783 3232 1852 quando
3277 1782 3454 1852 ipsum

240 1879 418 1943 σιλείας
440 1880 498 1932 τὸ
516 1879 766 1950 σύνθημα
792 1881 972 1952 ῥίψας,
997 1883 1089 1935 καὶ
1113 1885 1501 1955 καταπατήσας
1522 1887 1599 1949 είς
1619 1883 1798 1939 τοῦδα-

240 1989 324 2041 φος
360 1972 550 2025 Τοῦτον
576 1973 708 2042 γοῦν
733 1973 953 2039 ἀνελὼν,
978 1976 1302 2043 Αἰγυπτίους
1331 1976 1426 2046 μὲν
1456 1977 1562 2029 τῶν
1582 1979 1799 2048 προσδο-

239 2065 476 2134 κωμένων
493 2066 778 2137 στερήσεις
804 2065 1005 2129 κακῶν,
1024 2066 1303 2138 Ἐϐραίους
1325 2067 1382 2120 δὲ
1411 2068 1674 2140 σφαλῆναι
1698 2062 1797 2141 τῆς

239 2155 426 2220 ἐλπίδος
455 2158 549 2228 τῆς
588 2159 677 2209 ἐπ’
703 2157 848 2228 αύτῷ
873 2160 1254 2229 καταστήσεις.
1307 2178 1325 2210 ι

299 2243 468 2297 Ταῦτα
497 2244 744 2308 εἰπόντος
786 2245 969 2310 αὑτοῦ,
1007 2248 1034 2299 6
1089 2248 1184 2317 μὲν
1211 2247 1464 2318 βασιλεὺς
1493 2249 1636 2304 κατὰ
1662 2249 1796 2322 πρό-

241 2352 368 2390 νοιαν
411 2337 542 2390 Θεοῦ
596 2337 828 2409 ὀκνηρὸς
875 2339 1009 2409 πρὸς
1051 2337 1142 2392 τὸν
1194 2339 1351 2410 φόνον
1382 2342 1629 2411 ἐγένετο·
1666 2344 1698 2414 ἡ
1740 2345 1797 2398 δέ

239 2429 533 2501 Θέρμουθις,
559 2429 675 2484 τῶν
727 2430 922 2502 χειρῶν
970 2432 1063 2486 τοῦ
1118 2432 1378 2503 βασιλέως
1425 2433 1512 2489 τὸν
1561 2434 1798 2509 Μωῦσῆν

242 2520 594 2591 ἐξαρπάσασα,
629 2523 924 2593 ἐφύλαττεν
951 2525 1224 2594 ἀσφαλῶς.

300 2615 540 2680 Αἰθίοπες
572 2615 657 2680 δὲ,
703 2615 981 2688 πρόσοικοι
1009 2621 1122 2681 τοῖς
1160 2613 1474 2687 Αἰγυπτίοις
1510 2623 1802 2692 τυγχάνον-

240 2722 335 2770 τις,
376 2709 520 2777 ἄφνω
570 2707 910 2772 ἐπελθόντες,
957 2710 1306 2781 ἐπολιόρκουν
1356 2711 1454 2782 τὴν
1504 2712 1798 2781 Αἴγυπτον,

242 2800 320 2851 καὶ
360 2799 966 2872 ἀντιπαραταξαμένους
1005 2801 1129 2864 τοὺς
1160 2803 1485 2870 Αἰγυπτίους
1515 2807 1801 2876 τροπωσά-

246 2903 392 2958 μενοι,
422 2891 735 2962 προέϐησαν
767 2890 894 2963 ἄχρι
926 2891 1202 2962 Μέμφεως
1235 2894 1328 2946 καὶ
1367 2896 1465 2966 τῆς
1507 2895 1798 2969 θαλάσσης,

242 2979 334 3051 ὅσῳ
374 2982 665 3050 Αίγύπτιοι
731 2981 870 3034 κατὰ
935 2985 1177 3053 χρησμὸν
1239 2987 1522 3058 σύμμαχον
1569 2989 1630 3042 τὸ
1692 2990 1802 3045 τῶν

1897 1873 2048 1944 regni
2109 1873 2320 1944 insigne
2375 1875 2430 1928 in
2499 1883 2701 1929 terram
2767 1874 3035 1943 dejectum
3093 1874 3450 1929 conculcavit.

1898 1963 2053 2018 Hunc
2075 1965 2119 2018 si
2144 1967 2263 2019 neci
2293 1965 2603 2030 tradideris,
2638 1965 2921 2038 Egyptios
2951 1967 3019 2020 ab
3041 1967 3454 2021 imminentibus

1898 2056 2157 2125 periculis
2187 2058 2467 2122 liberabis,
2500 2057 2844 2128 l-Iebraeisque
2879 2073 3050 2127 spem,
3083 2067 3137 2113 et
3177 2058 3452 2122 fiduciam,

1897 2162 2059 2216 quam
2094 2147 2146 2200 iu
2175 2163 2240 2202 eo
2270 2157 2582 2217 posuerant,
2612 2149 2836 2204 adimes.
2876 2171 2894 2202 ο

1972 2236 2097 2292 Haec.
2119 2254 2240 2292 cum
2281 2239 2371 2294 ille
2420 2239 2639 2301 diceret,
2676 2254 2789 2301 rex,
2837 2239 2910 2291 ita
2959 2239 3274 2308 providente
3321 2240 3451 2304 Deo,

1899 2331 2180 2386 remissior
2208 2332 2262 2385 in
2291 2347 2356 2386 eo
2377 2331 2676 2386 occidendo
2692 2332 2809 2385 fuit.
2837 2330 2901 2384 Et
2921 2331 3292 2397 Thermuthis,
3317 2349 3347 2387 e
3369 2349 3456 2387 ree

1900 2423 1983 2494 gis
2029 2423 2282 2480 manibus
2341 2423 2578 2494 Moysem
2607 2425 2902 2487 sublatum,
2944 2439 3134 2481 secure
3190 2425 3454 2480 custodie-

1899 2515 2011 2570 bat.

1974 2605 2164 2662 Porro
2201 2607 2485 2678 Ethiopes
2528 2608 2802 2680 Aigyptiis
2855 2609 3105 2674 ﬁnitimi,
3157 2609 3455 2679 improviso

1901 2695 2103 2767 impetu
2138 2697 2300 2762 facto,
2351 2699 2672 2754 obsidebant
2704 2700 3014 2771 Egyptum,
3067 2701 3458 2772 JEgyptiosquc

1901 2803 1969 2843 ex
2005 2789 2234 2844 adverso
2259 2790 2577 2856 instructos,
2605 2793 2658 2846 in
2684 2792 2865 2862 fugam
2896 2801 3166 2849 vertentes
3196 2809 3366 2863 usque
3391 2794 3458 2848 ad

1904 2881 2191 2951 Memphim
2215 2890 2268 2937 et
2301 2899 2449 2937 mare
2495 2886 2766 2955 progressi
2797 2893 2954 2951 sunt;
2987 2889 3060 2940 ita
3111 2892 3168 2939 ut
3218 2883 3458 2955 Egyptii

1905 2974 2110 3027 oraculi
2143 2975 2348 3029 monitu
2377 2973 2722 3030 Hebraeorum
2757 2976 3058 3030 auxiliariis
3102 2975 3274 3044 copiis
3295 2975 3347 3028 in
3365 2983 3462 3028 eos

253 3072 491 3144 Ἐϐραίων
534 3071 700 3144 γένος
739 3072 991 3138 λαϐόντες
1039 3075 1296 3147 ἐπῄεσαν.
1347 3081 1456 3132 Καὶ
1501 3081 1528 3133 6
1583 3082 1800 3154 Φαραὼ,

1910 3064 2200 3120 irruerent.
2235 3065 2299 3120 Et
2317 3065 2530 3120 Pharao
2592 3075 2806 3136 tempus
2833 3067 2887 3120 id
2920 3075 3283 3136 opportunum
3314 3080 3458 3129 esse.

245 3171 410 3239 καιρὸν
436 3169 744 3242 ἐπιτήδειον
766 3169 1056 3239 εὑρηκέναι
1081 3170 1314 3241 νομίζων
1340 3173 1474 3245 πρὸς
1513 3173 1610 3244 τὴν
1648 3177 1808 3230 Μωῦ-

247 3261 362 3325 σὲως
402 3264 705 3335 ἀναίρεσιν,
750 3262 848 3332 τὴν
889 3262 1223 3334 Θερμούθιδα
1265 3263 1464 3334 ἠξίωσε
1512 3270 1807 3339 παρασχεῖν

245 3354 375 3425 αὐτῷ
434 3362 523 3410 τὸν
584 3353 868 3427 Μωῦσῆν,
919 3358 1066 3420 ὅπως
1126 3357 1288 3412 αὑτὸν
1350 3359 1650 3430 στρατηγὸν
1699 3359 1807 3413 τῶν

257 3445 498 3518 Ἑϐραίων
543 3451 845 3520 ποιήσειεν,
887 3449 1258 3521 ἐπομνύμενος
1303 3448 1464 3521 μηδὲν
1507 3452 1810 3524 κακουργή-

248 3552 344 3591 σειν
385 3542 562 3606 αύτδν,
605 3541 744 3595 ἀλλὰ
789 3543 1078 3614 ταξίαρχον
1127 3543 1284 3614 μόνον
1332 3541 1664 3615 καταστῆσαι
1701 3545 1807 3598 τῶν

256 3628 526 3703 Ἐϐραίων,
555 3633 960 3706 ὑπολαμϐάνων
990 3635 1182 3707 ῥᾳδίως
1205 3633 1364 3689 αὐτὸν
1388 3635 1490 3690 ὑπὸ
1515 3636 1621 3688 τῶν
1653 3637 1809 3689 πολε-

251 3723 370 3793 μίων
399 3725 794 3798 φθαρήσεσθαι,
819 3728 893 3792 ὡς
922 3729 1100 3798 μάχης
1125 3725 1434 3799 ὑπάρχοντα
1460 3730 1704 3800 ἄπειρον.

327 3817 386 3870 Ἡ
439 3815 494 3872 δὲ
552 3818 728 3872 πολλᾶ
788 3820 1049 3891 πρότερον
1106 3819 1196 3872 τὸν
1257 3820 1468 3892 πατέρα
1526 3820 1620 3873 καὶ
1681 3821 1807 3884 τοὺς

250 3913 574 3978 γραμματεῖς
601 3909 932 3976 δνειδίσασα,
965 3912 1046 3964 ὃτι
1083 3907 1249 3980 ὅνπερ
1281 3910 1355 3973 ὡς
1390 3909 1644 3981 πολέμιον
1677 3911 1809 3964 ἀπο-

249 3999 432 4052 κτεῖναι
475 4000 781 4066 ἐϐούλοντο,
821 4000 915 4054 νῦν
977 3996 1050 4065 ὡς
1083 3997 1368 4072 ἐπίκουρον
1411 4000 1804 4070 παρακαλοῦσι,

247 4087 440 4146 δίδωσιν
498 4093 688 4155 αὐτοῖς
747 4093 836 4144 τὸν
901 4091 1162 4161 Μωῡσῆν.
1233 4090 1290 4146 '0
1351 4089 1406 4146 δέ
1463 4093 1557 4146 τοῦ
1608 4093 1806 4146 οἰκείου

249 4178 414 4248 ἔθνους
442 4185 753 4256 στρατηγὸς
781 4181 1092 4257 προαχθεὶς,
1126 4184 1296 4255 λάθρα
1325 4184 1430 4236 τῶν
1443 4184 1710 4237 Αἰθιόπων
1739 4185 1806 4238 δι’

250 4273 423 4347 ἐτέρας
454 4277 578 4331 ὁδοῦ
617 4279 737 4347 ἄγει
767 4277 1162 4350 τὴνστρατιὰν,
1194 4275 1290 4348 τῆς
1316 4276 1515 4329 ἀϐάτου
1573 4277 1666 4330 καὶ
1715 4277 1808 4348 θη-

252 4370 476 4436 ριοσόκου
539 4370 746 4442 (πᾶσαν
803 4372 910 4443 γὰρ
975 4370 1174 4442 θηρίων
1227 4369 1476 4440 ἐκτρέφει
1523 4369 1702 4440 φύσιν,
1733 4371 1808 4433 ὡς

1908 3173 2016 3226 quo
2048 3157 2258 3227 Moyses
2288 3166 2462 3212 morte
2487 3159 2852 3222 occumberet,
2900 3160 3172 3227 opinatus,
3200 3156 3462 3210 Thermu~

1907 3250 2024 3305 thin
2053 3251 2279 3320 rogavit,
2315 3258 2371 3303 ut
2420 3251 2523 3305 sibi
2556 3249 2791 3320 Moysem
2824 3251 3122 3313 exhiberet,
3184 3251 3264 3304 sic
3316 3249 3461 3304 enim

1907 3353 2029 3393 eum
2069 3339 2261 3393 ducem
2317 3339 2664 3393 Hebr-morum
2723 3339 2965 3410 eligeret,
3001 3345 3056 3394 et
3103 3339 3462 3409 jurejurando

1906 3431 2295 3499 comprobavit,
2329 3446 2387 3485 se
2435 3431 2510 3483 illi
2559 3430 2758 3482 malum
2793 3429 2998 3482 nullum
3039 3429 3336 3492 illaturum,
3370 3426 3465 3482 sed

1905 3527 2118 3575 tantum
2163 3521 2439 3591 copiarum
2498 3519 2884 3576 llcbraicarum
2947 3520 3226 3573 ductorem
3259 3519 3467 3572 constis

1907 3615 2506 3674 tuturum:meditatus
2555 3629 2681 3668 eum
2743 3612 2998 3669 facillimo
3045 3612 3280 3682 negotio,
3306 3612 3466 3681 quasi

1906 3707 2114 3760 militia:
2143 3705 2332 3759 rudem
2351 3705 2420 3758 ab
2444 3705 2690 3760 hostibus
2718 3703 3043 3758 trucidatum
3079 3703 3167 3755 iri.

1978 3794 2327 3850 Thermuthis
2379 3796 2540 3865 patri,
2570 3794 2870 3864 scribisque
2912 3791 3266 3862 exprobrans,
3323 3785 3467 3861 quod

1907 3902 2068 3956 quem
2120 3887 2288 3942 veluti
2344 3887 2552 3942 hostem
2600 3885 2902 3940 interficere
2946 3885 3290 3955 satagebant,
3322 3897 3468 3936 nunc

1905 3979 2070 4033 veluti
2140 3977 2440 4047 adjutorem
2487 3978 2890 4044 desiderarent,
2936 3975 3098 4030 tradit
3173 3976 3280 4031 illis
3319 3973 3468 4046 Moy-

1905 4084 2040 4133 sem,
2069 4070 2162 4140 qui
2224 4070 2454 4140 propria:
2508 4069 2743 4124 nationis
2799 4067 2908 4122 dux
2968 4068 3193 4132 electus,
3252 4066 3467 4122 )Ethio-

1906 4161 2065 4230 pibus
2097 4161 2304 4223 insciis,
2337 4161 2520 4230 copias
2576 4159 2724 4213 ducit
2787 4175 2882 4228 per
2920 4158 3080 4212 aliam
3109 4158 3250 4210 viam
3273 4197 3288 4220 ,
3318 4157 3470 4210 inac-

1907 4267 2117 4308 cessam
2173 4253 2413 4320 scilicet,
2467 4253 2765 4322 bestiisque
2817 4249 3111 4315 infamem,
3173 4249 3268 4303 alit
3323 4249 3469 4303 enim

1907 4346 2202 4400 bestiarum
2233 4361 2391 4400 omne
2412 4361 2602 4416 genus,
2629 4345 2701 4398 ita
2733 4352 2789 4397 ut
2810 4343 3054 4413 quaedam
3089 4358 3153 4397 cx
3195 4342 3280 4396 his
3305 4341 3470 4395 etiam

250 4431 372 4514 εἷναί
410 4431 556 4517 τιναῖ
583 4464 644 4516 ἐν
674 4431 825 4534 αὐτῇ.
848 4431 939 4516 καὶ
969 4431 1280 4532 πετόμενα),
1317 4431 1412 4517 irai
1438 4431 1573 4534 πρδς
1622 4431 1698 4514 ’τὸ⁷
1731 4431 1800 4532 μη

1910 4437 2123 4503 volent;
2157 4453 2224 4491 ne
2259 4438 2382 4507 quis
2412 4446 2590 4490 autem
2623 4451 2653 4488 a
2677 4436 2864 4490 bestiis
2907 4431 3221 4495 caederetur,
3273 4446 3472 4501 capsu-

249 4552 564 4624 πλήττεσθαι
598 4552 704 4607 ὑπὸ
723 4551 830 4607 τῶν
857 4551 1058 4625 θηρίων
1091 4553 1232 4617 τινὰ,
1268 4554 1530 4618 κιϐωτοὺς
1572 4553 1808 4616 πλεκτὰς

253 4628 561 4707 προστάττει
595 4646 823 4698 ἕκαστον
856 4641 1208 4715 ἐπιφέρεσθαι
1241 4645 1399 4698 ἴϐεων
1446 4644 1808 4716 πεπληρωμέ-

249 4749 352 4796 νας·
385 4736 496 4788 ἔστι
553 4737 664 4807 γὰρ
713 4735 869 4789 τοῦτο
899 4733 958 4788 τὸ
997 4734 1132 4800 ζῶον
1165 4737 1284 4798 ταῖς
1317 4734 1504 4789 ἀσπίσι
1534 4732 1805 4806 πολέμιον.

260 4823 338 4889 Ὠς
368 4823 458 4880 οὖν
489 4827 584 4881 τὸν
635 4826 797 4881 τόπον
841 4829 1042 4879 ἐκεῖνον
1071 4825 1339 4890 διώδευον,
1386 4827 1484 4889 τὰς
1512 4824 1659 4888 ῐϐεας
1699 4829 1808 4889 τοῖς

251 4913 443 4986 θηρίοις
505 4918 818 4990 ἐπαφῆκαν,
856 4921 1080 4973 κάκεῖνα
1127 4918 1223 4990 τὴν
1255 4918 1438 4988 ἔφοδον
1483 4917 1683 4971 τούτων
1735 4917 1808 4988 μὴ

253 5007 627 5079 ὑπομείναντα,
677 5009 1056 5083 διεφθείροντο“
1088 5012 1181 5065 καὶ
1231 5010 1416 5064 τοῦτον
1472 5010 1563 5063 τὸν
1611 5007 1808 5081 τρόπον

251 5094 512 5165 διώεύσας
566 5101 719 5171 ἄφνω
767 5101 1098 5172 προσπίπτει
1132 5105 1240 5164 τοῖς
1269 5099 1502 5170 Αἰθίοψι,
1538 5099 1630 5153 καὶ
1674 5101 1806 5152 πολὺ

253 5188 438 5260 πλῆθος
471 5191 653 5248 αὐτῶν
685 5193 1051 5263 κατασφάξας,
1094 5189 1218 5257 τοὺς
1254 5191 1472 5255 λοιποὺς
1504 5192 1582 5254 εἷς
1633 5192 1808 5262 φυγὴν

253 5276 481 5349 ἔτρεψεν.

316 5373 374 5421 Oi
394 5373 449 5424 δὲ
477 5373 754 5438 Αἰθίοπες,
780 5372 930 5445 μόλις
956 5373 1112 5444 φόνον
1137 5377 1202 5444 τῇ
1234 5374 1378 5444 φυγῇ
1403 5371 1805 5442 διαδράσαντες,

253 5455 340 5526 τὴν
369 5461 520 5514 πόλιν
569 5464 716 5517 Σαϐὰ
761 5465 1282 5535 καταλαμϐάνουσιν.
1334 5459 1439 5515 Ἦν
1478 5462 1586 5534 γὰρ
1633 5461 1807 5514 αὐτῶν

254 5547 380 5618 αὕτη
448 5551 734 5621 βασίλειος,
793 5557 1125 5628 ὠχυρωμένη
1181 5551 1346 5625 τείχει
1404 5553 1654 5626 κρατερῷ
1715 5552 1809 5607 καὶ

255 5633 508 5705 χώμασιν,
543 5643 884 5714 ἀπρόσϐατος
911 5646 995 5700 διὰ
1026 5645 1115 5698 τὸν
1147 5645 1334 5698 Νεῖλον
1373 5638 1582 5715 (ἐπειδὴ
1629 5644 1808 5695 πᾶσαν

258 5723 411 5781 αὐτὴν
441 5733 786 5803 περιτειχίζει
811 5734 889 5805 τῷ
926 5733 1197 5807 ρεύματι)·
1226 5734 1412 5805 διόπερ
1448 5732 1537 5787 καὶ
1559 5731 1808 5786 δυσπολι-

1914 4530 1995 4584 las
2027 4529 2254 4599 plicatas
2286 4529 2463 4582 ibibus
2498 4529 2701 4597 plenas,
2736 4534 2793 4578 ut
2831 4525 3061 4594 quisque
3115 4539 3299 4577 secum
3349 4521 3471 4576 allec

1913 4629 2020 4685 rat,
2044 4621 2216 4691 jubet.
2250 4619 2344 4676 Est
2385 4620 2528 4674 enim
2583 4620 2685 4674 hoc
2717 4618 2914 4672 animal
2956 4617 3130 4686 aspidi
3178 4615 3467 4670 infensum.

1913 4715 2140 4782 Quando
2171 4714 2337 4784 igitur
2382 4727 2477 4782 per
2519 4712 2637 4766 loca
2686 4711 2774 4764 illa
2823 4707 3320 4779 proficiscebantur,
3356 4706 3472 4761 ibes

1915 4809 1971 4862 in
2025 4807 2226 4862 bestias
2277 4805 2620 4868 dimiserunt,
2661 4817 2780 4872 qua:
2812 4817 2934 4855 cum
2985 4815 3170 4855 eorum
3212 4799 3471 4865 impetum

1914 4899 2058 4953 ferre
2087 4913 2195 4953 non
2228 4905 2468 4966 possent,
2515 4895 3079 4953 comsummahantur:
3133 4898 3186 4946 et
3226 4891 3327 4944 bac
3384 4905 3474 4942 ra.-

1912 4992 2059 5046 tione
2072 4999 2481 5060 prmtergressus
2497 4989 2893 5057 inexspectatus
2910 4985 3190 5055 Ethiopes
3210 4983 3472 5052 adoritur,

1916 5083 2132 5152 illisque
2181 5097 2374 5153 magna
2429 5080 2580 5134 clade
2627 5080 2775 5133 illata
2825 5079 3063 5149 reliquos
3111 5093 3332 5133 aversos
3389 5078 3476 5133 fu-

1912 5178 2074 5246 gavit.

1987 5356 2290 5424 Ethiopes,
2334 5353 2455 5426 fuga
2501 5353 2590 5408 vix
2641 5357 2812 5407 morte
2845 5351 3081 5422 repulsa,-
3116 5352 3168 5405 in
3200 5351 3473 5405 civitatem

1916 5450 2054 5507 Saba
2087 5449 2436 5519 confugiunt;
2460 5448 2571 5500 hac
2599 5446 2741 5500 enim
2773 5453 2889 5500 erat
2911 5460 3096 5500 eorum
3119 5445 3263 5515 regia
3291 5444 3479 5500 nmini-

1914 5547 2015 5601 bus
2073 5542 2424 5597 validissimis
2473 5538 2866 5609 aggeribusque
2907 5544 3093 5606 septa,
3149 5545 3204 5591 et
3259 5547 3478 5606 pr0ptcr

1913 5637 2090 5692 Nilum
2118 5637 2416 5699 inaccessa,
2453 5631 2670 5704 quando
2695 5646 2816 5686 eam
2847 5629 3206 5700 undequaque
3230 5632 3482 5684 circum-

1914 5732 2108 5799 ﬂuens,
2143 5743 2293 5800 mque
2340 5741 2405 5782 ac
2463 5739 2652 5782 murus
2681 5722 2976 5793 concludit,
3005 5738 3172 5793 quare
3213 5728 3268 5778 et
3307 5719 3479 5790 Egyd
