3962 6202
544 265 654 363 ³187

1406 304 1463 362 S.
1505 302 1948 361 EUSTATHlUS
1985 299 2471 360 ANTIOCHENUS
2506 298 2899 358 EPISCOPUS.
3606 307 3692 363 788

619 419 789 478 Porro
814 434 938 476 cum
995 434 1170 489 neque
1216 418 1321 477 hoc
1361 422 1577 479 cederet
1614 423 1682 479 ad
1713 423 1971 494 po'pulum
2019 422 2100 477 di-

2271 420 2472 474 Τ.ούτου
2508 419 2565 473 δὲ
2622 418 2714 472 ἐπὶ
2752 416 2909 471 τοῦτο
2955 415 3029 490 μὴ
3070 416 3306 485 εἴξαντος
3343 417 3582 474 ἀπολῦσαι
3620 427 3696 478 τδν

549 509 892 569 mittendum,
924 517 1115 564 orante
1139 507 1324 581 Moyse
1336 508 1526 576 Deum,
1561 526 1788 583 magnus
1810 520 1966 567 terra:
1986 528 2101 569 mo-

553 608 641 655 tus
667 613 771 653 una
792 613 915 652 cunt
940 597 1205 667 grandine
1231 598 1408 655 factus
1427 608 1513 656 est
1537 607 1594 655 ut
1608 601 1701 672 qui
1727 609 1882 657 terrae
1897 612 2102 658 motum

549 690 848 747 evitandoe
874 689 1126 747 domibus
1147 706 1399 762 egressus
1427 693 1519 758 sit,
1555 709 1586 747 a
1621 695 1882 766 grandine
1910 695 2103 766 perde-

550 789 699 845 rrtur
721 801 737 850 ς
763 783 855 852 qui
886 797 1078 838 rursus
1096 783 1412 854 grandinem
1433 785 1775 852 declinando,
1823 787 1879 843 in
1911 787 2103 843 domos

548 874 853 946 aufugeret,
879 885 1036 932 terra:
1061 883 1209 931 motu
1242 886 1544 933 corrueret.

618 967 847 1035 Quando
869 976 1047 1024 autem
1084 984 1259 1040 neque
1278 970 1383 1026 hoc
1408 970 1549 1026 ﬂecti
1568 971 1760 1041 potuit,
1784 972 1975 1029 baculo
1996 968 2101 1027 Nili

551 1062 689 1130 aqua
712 1075 870 1125 cassa,
890 1068 1055 1113 totam
1075 1059 1485 1132 fereAigyptuin
1506 1062 1777 1118 inundans
1797 1062 1993 1118 ﬂuvius
2011 1079 2105 1134 pa-

549 1163 670 1203 rum
694 1148 868 1204 abluit
894 1152 1024 1221 quin
1047 1151 1394 1216 immerserit,
1421 1151 1494 1205 ita
1521 1161 1579 1206 ut
1602 1153 1669 1207 ab
1689 1168 1753 1208 eo
1781 1164 2019 1223 tempore
2035 1154 2104 1209 ad

549 1241 651 1296 hoc
669 1257 841 1312 usque
873 1244 989 1312 ipse
1020 1257 1149 1299 suos
1187 1242 1482 1299 descensus
1510 1244 1688 1300 iteret.
1720 1245 1906 1317 Itaque
1961 1245 2106 1301 Pha-

548 1348 644 1389 rao
695 1335 1070 1391 sacerdotibus
1101 1337 1372 1402 omnibus,
1421 1337 1515 1408 qui
1568 1338 1856 1409 Memphim
1900 1340 2105 1397 incole-

548 1426 697 1493 bant,
729 1426 1071 1495 convocatis,
1094 1431 1150 1484 ni
1170 1430 1357 1485 eadem
1378 1446 1497 1501 quae
1522 1441 1576 1487 et
1602 1431 1813 1504 Moyses
1843 1434 2102 1489 miracula

548 1517 844 1583 efﬁcerent,
878 1527 1106 1575 mortem
1138 1522 1265 1585 illis,
1301 1522 1634 1595 deorumque
1682 1522 1824 1581 fanis
1886 1527 2102 1581 ruinam

549 1612 784 1667 minatus
812 1618 916 1666 est.
952 1610 1055 1678 Qui
1077 1614 1410 1670 carminibus
1454 1615 1696 1686 magicis,
1735 1623 1796 1670 ut
1832 1616 2101 1681 solebant,

2198 511 2344 576 λαὸν,
2371 509 2667 581 εὐξαμένου
2692 508 2788 562 τοῦ
2820 508 3028 578 Μωῦσῆ
3074 509 3206 580 πρὸς
3229 509 3316 562 τὸν
3337 508 3479 574 Θεὸν,
3516 515 3702 582 σεισμὸς

2202 604 2373 675 μέγας
2406 601 2542 674 μετά
2562 598 2802 671 χαλάζης
2825 597 3138 669 ἐνέσκηψεν,
3165 598 3239 661 ὼς
3271 597 3359 651 τὸν
3388 599 3625 667 φεύγοντα
3649 604 3705 659 ὲκ

2197 693 2306 747 τῶν
2335 693 2598 764 δωμάτων
2625 690 2716 743 τὸν
2747 689 2968 760 σεισμὸν
2997 686 3102 741 ὑπὸ
3134 686 3232 757 τῆς
3262 686 3486 757 χαλάζης
3510 689 3705 744 ἀπόλλυ-

2202 786 2353 849 σθαι,
2388 785 2513 849 τοὺς
2535 785 2579 838 δ’
2608 778 2675 837 αὖ
2712 781 2870 835 πάλιν
2907 780 3006 851 τὴν
3042 779 3275 851 χάλαζαν
3305 778 3550 833 ἐκκλίνειν
3567 782 3707 836 σπεύ-

2199 878 2389 941 δοντας
2416 875 2521 929 ὑπὸ
2550 873 2643 928 τοῦ
2678 872 2902 945 σεισμοῦ
2935 870 3403 940 καταφθείρεσθαι.

2280 970 2368 1033 Ὠς
2396 969 2453 1022 δὲ
2469 967 2562 1021 καὶ
2588 967 2682 1020 ἐπὶ
2699 964 2853 1019 τοῦτο
2873 963 3084 1034 ἔμεινεν
3098 959 3456 1030 ἀδυσώπητος,
3474 964 3533 1033 τῇ
3560 963 3707 1035 ῥάϐδῳ

2199 1061 2261 1115 τὸ
2284 1058 2539 1115 Νειλώῖον
2566 1056 2711 1127 ὕδωρ
2741 1053 2996 1118 ἐπάταξε,
3025 1053 3119 1104 καὶ
3144 1052 3242 1120 τὴν
3278 1050 3530 1119 Αἴγυπτον
3559 1051 3710 1124 πλημ-

2205 1172 2276 1227 μυ
2284 1155 2347 1225 ρή
2355 1170 2451 1216 σας
2465 1154 2493 1206 ὁ
2506 1150 2763 1221 ποταμὸς,
2797 1147 2993 1220 μικροῦ
3015 1146 3125 1199 δεῖν
3152 1146 3328 1198 πᾶσαν
3344 1143 3629 1209 ἐπέκλυσεν,
3647 1146 3709 1210 ὡς

2200 1246 2386 1300 ἔκτοτε
2412 1245 2539 1316 ἄχρι
2571 1242 2665 1296 τοῦ
2697 1241 2792 1297 νῦν
2820 1239 3085 1294 ποιεῖσθαι
3116 1238 3275 1292 αὐτὸν
3304 1236 3396 1308 τὴν
3434 1235 3706 1291 κατάϐασιν.

2215 1340 2271 1391 '0
2295 1336 2424 1406 γοῦν
2470 1334 2688 1406 Φαραὼ,
2726 1334 2851 1397 τοὺς
2878 1332 3018 1403 ὑπὲρ
3060 1330 3281 1401 Μέμφιν
3331 1331 3486 1401 ἱερεῖς
3513 1346 3712 1399 προσκα-

2201 1430 2516 1500 λεσάμενος,
2538 1426 2829 1498 ἠπείλησεν
2854 1423 3048 1487 αὐτούς
3065 1440 3125 1476 τε
3151 1422 3246 1477 καὶ⁸
3276 1420 3473 1484 πάντας
3495 1421 3606 1484 τοὺς
3625 1420 3713 1474 τῶν

2201 1518 2431 1573 εἰδώλων
2459 1517 2776 1588 ἐξαφανίσαι
2812 1514 3029 1586 σηκοὺς,
3061 1514 3111 1566 εί
3144 1512 3219 1585 μὴ
3249 1511 3325 1582 τῷ
3352 1512 3542 1582 Μωῦσῇ
3570 1528 3715 1580 παρα-

2202 1610 2445 1682 πλησίοις
2498 1608 3006 1681 τερατουργήσειαν.
3053 1606 3117 1659 Ol.
3175 1605 3265 1668 δὲ,
3318 1605 3433 1667 ταῖς
3485 1600 3716 1666 είωθυίαις

547 1700 813 1758 dracones
854 1711 914 1757 ut
944 1718 1221 1781 serperent
1261 1705 1523 1771 fecerunt,
1580 1706 1926 1779 ﬂuminisque
1958 1709 2100 1765 colo-

2203 1703 2476 1774 γοητείαις
2508 1702 2860 1775 χρησάμενοι,
2891 1699 3191 1771 δράκοντας
3215 1696 3454 1767 ἐξέρπειν
3478 1694 3717 1764 ἐποίησαν,

546 1808 660 1848 rem
692 1802 989 1859 mutarunt,
1021 1796 1096 1850 ita
1132 1804 1191 1851 ut
1225 1797 1310 1853 his
1330 1798 1548 1855 inﬂatus
1572 1798 1804 1862 Pharao,
1851 1800 2100 1857 maximis

2205 1791 2299 1845 καί⁵
2330 1790 2420 1843 τὸν
2454 1789 2691 1861 ποταμὸν
2723 1789 2941 1860 δοκήσει
2969 1787 3339 1859 μετέχρωσαν,
3371 1785 3442 1849 ὼς
3467 1786 3526 1839 ὲκ
3560 1784 3717 1839 τούτου

547 1886 824 1955 suppliciis
850 1886 1065 1943 Judacos
1089 1888 1350 1957 aﬂ‘ecerit;
1372 1898 1426 1945 et
1441 1889 1651 1963 Moyses
1675 1892 1870 1947 baculo
1891 1894 2100 1962 pulsata

2204 1883 2519 1952 τυφωθέντα
2560 1881 2651 1935 τδν
2687 1880 2885 1953 Φαραὼ
2920 1880 3162 1951 τιμωρίᾳ
3197 1879 3421 1952 μεγίστη
3461 1878 3574 1940 τοὺς
3611 1878 3716 1929 ἰου-

546 1983 712 2039 terra,
744 1976 945 2031 alatum
982 1979 1181 2032 animal
1223 1980 1499 2050 produxit,
1539 1982 1681 2053 quod
1723 1983 2100 2056 Egyptiorum

2201 1975 2383 2038 δαίους
2422 1972 2728 2029 ὑποϐαλεῖν.
2768 1973 2878 2026 Καὶ
2921 1974 2950 2024 ὁ
2976 1970 3240 2040 Μωῦσῆς,
3266 1972 3330 2040 τῇ
3358 1968 3526 2040 ῥάϐδῳ
3554 1966 3717 2031 παίσας

545 2067 787 2123 insidens
816 2069 1135 2139 corporibus
1166 2074 1429 2143 operosis,
1459 2075 1809 2145 molestisque
1830 2077 2100 2132 ulceribus

2200 2066 2299 2138 τὴν
2323 2066 2445 2137 γῆν,
2470 2066 2669 2137 πτηνόν
2692 2082 2745 2119 τι
2768 2065 2902 2129 ζῶον
2925 2062 3223 2134 ὲξερπύσαι
3249 2061 3409 2132 αὐτὴν
3430 2058 3717 2132 παρεσκεύα-

545 2158 901 2230 defatigabat,
959 2162 1033 2217 ita
1078 2172 1135 2218 ut
1186 2164 1576 2222 medicamenta
1624 2168 1829 2222 nullam
1879 2175 2100 2238 possent

2204 2175 2314 2224 σεν,
2372 2159 2509 2229 ὅπερ
2551 2160 2661 2221 τοῖς
2707 2155 2950 2227 σώμασιν
3008 2154 3264 2224 έφιζάνον
3304 2153 3409 2206 τῶν
3454 2150 3719 2220 Αἰγυπτίων

545 2250 738 2314 aﬂ'crre
762 2254 1068 2317 utilitatem.

2202 2249 2459 2313 έλκώσεις
2480 2249 2708 2320 ἀνιαράς
2729 2248 2909 2312 αὐτοῖς
2934 2247 3248 2318 παρείχετο,
3273 2246 3349 2309 ὡς
3377 2244 3620 2315 μηδεμίαν
3640 2241 3719 2312 τὴν

2206 2342 2453 2415 ἰατρικὴν
2482 2342 2706 2412 ποιῆσαι
2735 2340 2942 2404 τούτοις
2966 2338 3292 2410 ἐπικουρίαν
3320 2334 3576 2390 δύνασθαι.

2282 2436 2368 2499 Ὦς
2392 2435 2451 2488 δὲ
2491 2433 2592 2487 καὶ
2619 2432 2727 2510 [ent
2746 2431 2846 2501 τῆς
2898 2431 3163 2501 μάστιγος
3202 2428 3400 2498 ταύτης
3432 2422 3721 2496 ὲσκληρύνθη

2199 2526 2415 2601 Φαραὼ,
2440 2526 2741 2579 τελευταῖον
2770 2521 2982 2593 θανάτῳ
3010 2521 3077 2575 τὰ
3115 2521 3441 2593 πρωτότοκα
3473 2518 3561 2587 τῆς
3595 2511 3724 2583 Αίγύ-

2202 2635 2334 2672 πτου
2364 2617 2543 2688 πάσης
2575 2613 2831 2668 ὑπέϐαλε.
2861 2613 2971 2667 Kal
2986 2612 3229 2676 πένθαυς
3255 2610 3509 2665 ἐπὶτοῦτο
3529 2608 3725 2679 ἀμέτρου

2201 2709 2594 2774 καταλαϐόντος
2621 2709 2720 2780 τὴν
2743 2707 3035 2776 Αἴγυπτον,
3062 2706 3184 2759 ἀπὸ
3208 2704 3308 2774 τῆς
3330 2702 3500 2776 χώρας
3518 2694 3722 2768 παγγενῆ

2201 2802 2407 2866 πάντας
2437 2803 2466 2855 ὁ
2487 2799 2683 2872 Φαραὼ
2707 2802 2831 2863 τοὺς
2870 2797 3163 2862 Ἰουδαίους
3196 2795 3459 2866 ἐξέπεμψε
3481 2811 3493 2824 ·
3524 2792 3604 2846 καὶ
3623 2786 3724 2842 πολ·

2200 2893 2297 2966 λὴν
2327 2886 2472 2947 οὗτοι
2502 2893 2619 2949 ὁδὸν
2656 2891 3019 2954 διανύσαντες,
3056 2889 3161 2943 καὶ
3198 2890 3325 2951 τοὺς
3377 2884 3606 2956 Ἀραϐίας
3629 2881 3721 2933 δια-

613 2426 684 2482 Ut
715 2436 767 2484 et
797 2429 852 2483 in
885 2429 987 2485 hac
1012 2431 1167 2503 plaga
1199 2430 1411 2489 Pharao
1443 2434 1730 2489 induratus
1765 2442 1849 2490 est
1882 2435 1946 2501 ¹³,
1979 2443 2103 2491 tan-

542 2514 666 2569 dem
714 2518 1102 2587 primogenitos
1141 2523 1306 2578 totius
1359 2522 1578 2595 Egypti
1635 2535 1807 2581 morte
1858 2526 2097 2582 delevit:

543 2623 711 2675 quare
733 2609 934 2681 ingenti
968 2612 1112 2674 luctu
1136 2614 1372 2687 Egypto
1395 2625 1658 2687 occupata
1680 2634 1711 2673 e
1735 2626 1880 2673 terra
1911 2634 2101 2674 omnes

542 2691 752 2753 Pharao
772 2698 986 2759 Judzeos
1010 2704 1212 2770 emisit,
1241 2708 1333 2776 qui
1364 2708 1587 2762 multam
1631 2709 1772 2763 viam
1805 2710 2097 2781 progressi,

543 2784 963 2862 ﬂuminibusque
1001 2795 1212 2852 Arabiae
1238 2798 1501 2867 trajectis,
1540 2800 1701 2855 tertia
1727 2799 1815 2855 die
1865 2801 1921 2855 in
1953 2817 2101 2859 mare

543 2877 787 2939 Rubrum
824 2889 1170 2943 conveniunt.
1219 2886 1325 2944 Sed
1388 2888 1498 2945 Deo
1540 2906 1635 2945 cor
1684 2891 1987 2949 Pharaonis
2017 2893 2101 2948 in-

541 2969 788 3039 durante,
812 2991 1007 3035 rursus
1061 2978 1324 3051 IEgyptii,
1384 2983 1780 3050 praateritorum
1832 2986 2098 3040 malorum

2201 2986 2391 3050 ϐάντες
2422 2987 2716 3057 ποταμοὺς,
2744 2986 2971 3057 τριταῖοι
3017 2983 3110 3036 ὲπὶ
3142 2982 3249 3054 τὴν
3281 2976 3530 3052 Ἐρυθρὰν
3561 2974 3720 3028 θάλασ-

542 3061 715 3130 obliti,
749 3082 871 3123 cum
904 3067 1186 3125 Pharaone
1208 3070 1478 3129 lsraelitas
1526 3077 1994 3146 persequebantur
2032 3078 2096 3132 “.

2203 3097 2301 3133 σαν
2335 3080 2710 3153 παρεγένοντο.
2736 3077 2842 3131 Τοῦ
2883 3077 2939 3131 δὲ
2966 3074 3101 3130 Θεοῦ
3146 3076 3248 3147 τὴν
3284 3073 3499 3145 καρδίαν
3528 3061 3722 3136 σκληρῦ-

539 3172 727 3221 ναντος
757 3159 852 3212 τοῦ
896 3162 1113 3233 Φαραὼ,
1144 3164 1303 3220 πάλιν
1329 3167 1379 3219 οἱ
1418 3167 1700 3236 Αἰγύπτιοι
1733 3171 2114 3244 ὲπιλησθέντες
2151 3175 2259 3229 τῶν
2310 3175 2687 3248 προλαϐόντων
2735 3172 2940 3237 κακῶν,
2978 3173 3104 3235 τοὺς
3168 3168 3500 3243 Ἰσραηλίτας
3540 3163 3639 3234 ἅμα
3661 3155 3722 3226 τῷ

536 3248 733 3321 Φαραὼ
773 3252 1084 3309 ἐπεδίωκον.

613 3344 877 3411 Caeterum
907 3364 1067 3405 nemo
1089 3348 1424 3409 Pharaonem
1463 3354 1518 3409 in
1551 3372 1730 3411 rerum
1769 3358 2098 3429 agendarum

539 3443 814 3507 stuporem
838 3439 1001 3496 aDeo
1047 3441 1100 3495 vi
1127 3450 1373 3499 coactum
1427 3445 1628 3516 impelli
1661 3449 1965 3515 existimet;
2017 3457 2100 3505 et-

538 3526 682 3580 enim
706 3525 873 3582 Deum
901 3528 949 3585 is
981 3529 1260 3601 iniustitia:
1287 3544 1528 3599 accusat,
1560 3537 1689 3591 dum
1706 3538 1870 3593 dicit:
1904 3538 1960 3593 Si
1984 3542 2100 3611 ipse

539 3631 623 3675 est
654 3621 744 3691 qui
778 3637 874 3676 cor
907 3622 1147 3688 indurat,
1177 3634 1238 3679 ut
1282 3626 1414 3696 quid
1459 3628 1712 3684 indurato
1774 3632 2101 3687 succenset?

540 3711 737 3768 Verum
769 3715 925 3780 sciat,
966 3717 1065 3772 has
1097 3718 1378 3792 plagarum
1433 3719 1684 3777 inducias
1736 3725 1978 3794 stuporis
2019 3725 2099 3780 illi

541 3820 762 3861 causam
801 3807 1003 3876 fuisse;
1033 3824 1155 3864 cum
1187 3812 1328 3865 enim
1360 3812 1414 3866 in
1444 3828 1567 3867 eum
1592 3815 1778 3885 plagas
1810 3815 2096 3882 inferebat,

541 3899 799 3969 populum
825 3900 1094 3956 dimittere
1118 3905 1490 3972 promittebat;
1523 3922 1707 3961 verum
1741 3907 1833 3963 ubi
1884 3923 1916 3962 a
1970 3924 2101 3980 sup-

540 3991 718 4059 pliciis
748 3993 1071 4058 abstinebat,
1114 3994 1204 4050 ille
1245 3996 1642 4067 indurabatur;
1678 4000 1781 4055 hoc
1826 4001 1995 4066 enim,
2046 4010 2100 4057 et

540 4082 719 4138 verbis
745 4084 878 4153 ipsis
909 4083 1189 4156 Scriptura
1212 4089 1369 4143 nobis
1407 4082 1679 4156 insinuat,
1723 4107 1847 4146 cum
1899 4095 1975 4148 ait
2004 4095 2048 4127 ¹⁵
2082 4111 2097 4147 :

553 4171 742 4229 Videas
771 4186 943 4231 autem
978 4178 1211 4244 Pharao,
1241 4181 1379 4251 quod
1409 4181 1552 4251 facta
1606 4192 1739 4237 esset
1798 4187 2096 4253 respiratio,

543 4270 843 4337 aggravavit
864 4287 955 4324 car
979 4287 1154 4336 suum,
1173 4282 1221 4325 et
1251 4289 1354 4326 non
1382 4273 1580 4328 audivit
1610 4292 1719 4340 eos,
1743 4276 1879 4329 sicut
1898 4277 2100 4330 loculus

538 4369 619 4416 est
635 4362 917 4426 Dominus;
947 4370 1001 4418 et
1023 4363 1067 4394 ¹⁶
1092 4364 1187 4417 :ln
1214 4364 1309 4418 hoc
1331 4366 1500 4437 ipsum
1521 4368 1743 4424 excitavi
1766 4378 1831 4435 te,
1854 4378 1909 4422 ut
1937 4379 2103 4426 osten-

539 4453 665 4513 dam
691 4455 823 4517 inte
849 4465 1014 4519 totum
1043 4456 1202 4517 robur
1234 4475 1424 4518 meum.

2267 3354 2472 3427 Μηδεὶς
2516 3353 2575 3407 δὲ
2603 3350 2848 3423 ὑπολάϐῃ
2896 3350 2988 3404 τὸν
3023 3347 3232 3420 Φαραὼ
3259 3346 3364 3401 ὑπὸ
3404 3343 3494 3397 τοῦ
3518 3339 3633 3396 Θεοῦ
3659 3339 3720 3402 είς

2200 3448 2550 3519 ἀναισθησίαν
2596 3447 2704 3500 τῶν
2744 3444 3130 3518 πραττομένων
3170 3446 3364 3514 χωρεῖν
3394 3436 3717 3501 ὲκϐιάζέσθαι·

2199 3541 2408 3606 ἀδικίας
2433 3539 2545 3613 γὰρ
2579 3539 2707 3603 ἴσως
2738 3538 2831 3592 τοῦ
2860 3536 2993 3593 Θεοῦ
3016 3536 3044 3588 ὁ
3072 3535 3318 3598 τοιοῦτος
3346 3528 3718 3602 καταψηφίζεται

2200 3637 2451 3705 φάσκων·
2483 3635 2545 3687 Εἰ
2572 3633 2733 3695 αὐτὸς
2762 3629 3051 3702 σκληρύνει
3073 3628 3175 3700 τὴν
3201 3626 3444 3700 καρδίαν,
3472 3625 3519 3677 τί
3548 3623 3718 3694 μέμφε-

2198 3746 2288 3781 ται
2320 3726 2398 3798 τῷ
2443 3723 2891 3796 σκληρυνομένῳ;
2934 3719 3093 3774 Ἀλλά
3127 3719 3463 3789 γινωσκέτω,
3492 3717 3565 3769 ὅτι
3589 3709 3717 3781 avexi]

2199 3818 2306 3877 τῶν
2356 3816 2631 3889 μαστίγων
2678 3814 2829 3869 αἰτία
2859 3814 2957 3884 τῆς
2997 3811 3312 3883 πωρώσεως
3342 3808 3484 3879 αὐτῷ
3525 3806 3715 3875 ἐγίνετο·

2200 3912 2359 3982 ἡνίκα
2394 3910 2504 3981 γὰρ
2538 3909 2761 3978 ὲπῆγενο
2790 3908 2875 3960 ἐπ’
2898 3906 3059 3959 αὐτὸν
3101 3905 3204 3968 τάς
3254 3903 3481 3975 πληγὰς,
3511 3895 3719 3955 ἀπολύειν

2198 4004 2289 4057 τὸν
2320 4003 2447 4057 λαὸν
2476 4000 2836 4073 ἐπηγγείλατο
2857 4015 2873 4030 ·
2912 3998 3074 4070 ἡνίκα
3102 3997 3162 4050 δὲ
3193 3997 3344 4067 ὴφίει
3378 3995 3479 4048 τῶν
3514 3990 3717 4063 βασάνων

2199 4095 2380 4157 αὐτὸν,
2427 4092 2810 4166 ὲσκληρύνετο·
2842 4090 2998 4145 τοῦτο
3024 4088 3131 4162 γὰρ
3158 4090 3253 4141 ἐπὶ
3293 4086 3485 4151 λέξεως
3510 4079 3718 4153 σημαίνει

2200 4186 2293 4238 καί⁸
2322 4184 2566 4256 ἠΓραφὴ
2591 4184 2844 4251 λέγουσα·
2880 4180 3132 4250 Ἰδὼηδὲ
3153 4180 3383 4250 Φαραὼ,
3406 4179 3491 4232 ὅτι
3521 4174 3719 4245 γέγονεν

2199 4276 2520 4346 ἀνάφυξις,
2559 4276 2809 4343 ἐϐάρυνε
2836 4277 2951 4342 τὴν
2995 4273 3254 4342 καρδίαν
3282 4271 3484 4335 αὐτοῦ,
3524 4265 3609 4321 καί
3633 4263 3718 4316 οὐκ

2198 4367 2562 4435 εισήκουσεν
2595 4365 2811 4431 αὐτῶν,
2854 4363 3118 4431 καθάπερ
3137 4363 3442 4431 ἐλάλησεν
3467 4363 3498 4414 ὁ
3525 4359 3715 4424 Κύριος·

2200 4461 2316 4524 καὶ,
2339 4463 2444 4526 Εὶς
2462 4460 2609 4513 αὐτὸ
2622 4457 2798 4512 τοῦτο
2822 4455 3097 4526 ἐξήγειρά
3116 4472 3214 4522 σε,
3242 4455 3401 4521 ὅπως
3421 4449 3718 4515 ἐνδείξωμαι

2207 4555 2279 4608 ἐν
2306 4553 2407 4607 σοὶ
2432 4552 2640 4609 πᾶσαν
2668 4551 2785 4619 τὴν
2806 4550 3065 4620 δύναμιν
3082 4567 3227 4619 μου.

611 4635 743 4702 Quae
774 4636 902 4692 dum
934 4639 1114 4704 audis,
1142 4655 1273 4696 cave
1297 4640 1351 4695 id
1393 4640 1534 4694 malo
1590 4656 1756 4697 sensu
1806 4642 2095 4712 percipias,

2283 4644 2419 4699 Ἀλλ’
2448 4643 2659 4697 ἁκούων
2689 4644 2761 4715 μὴ
2794 4643 3090 4714 δυσφήμως
3126 4641 3425 4714 ὑπολάϐῃς,
3451 4637 3620 4704 λέγων’
3641 4626 3719 4682 Διὰ

540 4727 726 4785 dicens
758 4748 772 4786 :
803 4729 948 4797 Quas
977 4731 1049 4786 ob
1081 4747 1276 4788 causas
1297 4747 1392 4787 eos
1426 4733 1579 4802 punit
1630 4733 1783 4803 prius
1826 4735 1969 4796 illos,
2034 4743 2092 4788 ut

2200 4739 2246 4791 τί
2262 4740 2577 4809 τιμωρεῖται
2599 4736 2812 4800 αὐτοὺς,
2838 4734 3149 4804 ἀντιστῆναι
3174 4733 3323 4804 αὐτῷ
3345 4722 3717 4809 παρασκευάζων

539 4818 645 4877 sibi
678 4821 915 4887 obstent,
943 4823 1293 4891 praeparans?
1329 4838 1497 4893 quare
1528 4824 1806 4893 vapulant,
1843 4826 1888 4879 si
1914 4827 1981 4880 ab
2011 4825 2096 4880 in-

2200 4808 2395 4895 αὑτόν;
2430 4829 2517 4882 διὰ
2544 4827 2594 4881 τί
2637 4828 2850 4890 τύπτει,
2894 4829 2942 4879 εί
2974 4827 3073 4878 οὐκ
3099 4825 3247 4879 ἔστιν
3298 4823 3473 4878 ἀδικία
3506 4816 3635 4888 παρὰ
3656 4808 3715 4879 τῷ

532 4912 746 4991 justitia
774 4914 914 4970 Deus
938 4916 1229 4971 abhorret?
1252 4916 1356 4971 Sed
1379 4915 1518 4973 scito
1543 4918 1797 4987 primum,
1815 4932 1936 4988 qua:
1950 4917 2093 4987 apud

2200 4920 2351 4991 Θεῴ;
2386 4921 2543 4976 Ἀλλά
2564 4922 2876 4990 γινωσκέτω
2899 4919 3133 4991 πρῶτον,
3161 4920 3246 4973 ὅτι
3265 4917 3334 4972 τὰ
3355 4913 3592 4971 δοκοῦντα
3607 4903 3712 4961 εἶναι

541 5005 877 5078 Scripturam
894 5009 1169 5065 adversari
1187 5010 1288 5066 sibi
1310 5010 1581 5075 videntur,
1604 5027 1712 5072 non
1726 5011 2089 5077 discursibus,

2200 5012 2586 5083 ἀντιλεγόμενα
2641 5012 2790 5085 παρά
2819 5015 2886 5084 τῇ
2938 5012 3148 5085 Γραφῇ,
3189 5011 3252 5065 οὑ
3295 5008 3574 5079 λογισμοῖςν
3609 4994 3713 5053 mi

662 5102 922 5171 exemplis
945 5101 1287 5159 dissolvenda
1314 5093 1458 5160 esse.

2200 5108 2599 5178 παραδείγμασι
2626 5106 2828 5161 λύεται.

537 5100 922 5258 κιδειθιηριίε
945 5101 1287 5159 dissolvenda
1314 5120 1458 5160 esse.

658 5193 1073 5249 uemadmodum
1106 5198 1250 5250 enim
1276 5198 1608 5252 medicorum
1645 5197 1835 5268 optimi
1868 5197 1961 5267 qui
1991 5196 2096 5252 hu-

2200 5108 2599 5178 παραδείγμασι
2626 5106 2828 5161 λύεται.

2270 5201 2480 5272 Ὥσπερ
2500 5200 2606 5272 γὰρ
2629 5201 2677 5253 oi
2694 5201 2900 5271 ἄριστοι
2917 5198 3024 5253 τῶν
3049 5196 3264 5265 ίατρῶν,
3292 5189 3549 5262 ὠφέλιμόν
3563 5183 3710 5272 nitur

537 5301 702 5343 mano
741 5289 924 5358 generi
963 5290 1249 5345 commodo
1298 5290 1628 5359 utilitatique
1677 5306 1800 5346 esse
1854 5290 2096 5358 student,

2200 5290 2386 5361 νοῆσαι
2526 5271 2836 5362 ἀνθρωπίνῃ
2871 5290 3027 5360 φύσει
3066 5286 3467 5350 σπουδάζοντες,
3506 5279 3611 5338 τοὺς
3630 5271 3706 5362 0ft-

538 5376 755 5432 decreto
779 5380 969 5434 ultimo
998 5382 1159 5436 morti
1188 5382 1443 5438 subactos
1470 5383 1898 5452 expostulantes,
1928 5398 2022 5440 eos
2044 5386 2099 5440 in

2200 5386 2389 5455 νατικῇ
2416 5384 2685 5451 ἀποφάσει
2737 5361 3133 5451 ὑποϐληθέντας
3158 5377 3503 5449 αἰτησάμενοι
3529 5361 3710 5430 avari?!

541 5470 781 5524 membra
806 5473 1072 5543 incidunt,
1108 5484 1166 5528 ut
1190 5491 1285 5545 per
1315 5475 1475 5530 morti
1507 5475 1800 5543 obnoxios,
1850 5476 2099 5532 homines

542 5556 777 5621 fructum
808 5564 1040 5639 aliquem
1065 5575 1470 5639 consequantur
1501 5585 1516 5621 :
1567 5570 1649 5626 sic
1696 5568 1838 5626 Deus
1883 5583 2098 5628 omnem

2199 5493 2399 5533 νουσιν,
2426 5476 2512 5530 ἵνα
2538 5474 2625 5528 διὰ
2648 5473 2756 5527 τῶν
2788 5472 3054 5526 ὑποδίκων
3074 5470 3149 5541 τῷ
3174 5470 3383 5538 θανάτῳ
3405 5456 3644 5534 ὠφέλιμόν
3664 5467 3709 5504 τι

2199 5572 2311 5635 τοῖς
2340 5567 2643 5641 ἀνθρώποις
2674 5567 2995 5641 ὲφεύρωσινσ
3022 5565 3194 5629 οὕτως
3222 5566 3251 5618 ὁ
3281 5565 3452 5617 πᾶσαν
3478 5544 3716 5625 ἀνθρωπίο

616 5740 660 5784 “
689 5740 860 5805 Exod.
894 5757 991 5798 xu.
1050 5716 1111 5779 A“
1134 5743 1306 5801 Εποέ.
1357 5762 1462 5805 xiv.
1540 5747 1581 5780 "
1607 5746 1777 5808 Exod.
1812 5764 1929 5805 vm.
2007 5746 2050 5780 ¹⁶
2076 5744 2251 5806 Exod.
2286 5727 2378 5805 ix:
