3962 6202
331 258 435 315 '73:!

1241 257 1513 315 SPURIA.
1552 288 1620 299 —
1656 257 2007 315 COMMENT.
2049 255 2118 312 IN
2155 255 2651 314 HEXAEMERON.

3454 261 3556 319 790

331 392 429 447 νην
461 373 649 442 σοφίαν
683 371 1022 447 ὑπερϐαίνων
1054 374 1185 439 Θεὸς
1211 375 1299 429 διὰ
1333 373 1427 428 τοῦ
1469 374 1684 428 ἀνίατον
1721 379 1880 448 ημαρ

2003 375 2290 430 humanam
2363 375 2680 445 sapientiam
2750 391 3056 447 superans,
3109 393 3205 449 per
3267 395 3390 434 eum
3463 384 3554 452 qui

330 465 555 537 τηκότος
601 463 801 536 impari)
850 467 1051 537 σημεῖα
1106 467 1314 538 μεγάλα
1359 467 1614 527 δείκνυσι,
1656 469 1746 521 τὸν
1796 470 1894 539 μὲν

329 556 481 622 ἄξιον
529 557 796 628 τιμωρίας
829 555 1089 622 κολάζων,
1123 559 1249 621 τοὺς
1287 558 1342 611 δὲ
1391 560 1526 628 μετὰ
1571 559 1744 614 ταῦτα
1768 577 1892 628 γεν-

329 645 601 716 νωμένους
630 645 966 719 θεραπεύων,
1011 648 1280 719 σωτηρίας
1319 649 1571 703 ὑπόθεσιν
1601 650 1699 722 τὴν
1729 651 1894 705 αὑτοῦ

324 737 597 808 τιμωρίαν
621 739 804 802 αὑτοῖς
827 740 1213 812 παρεχόμενος.

394 916 724 986 Συναγαγὼν
755 912 848 971 οῦν
887 919 1066 972 πᾶσαν
1091 919 1192 993 τὴν
1223 919 1447 989 δύναμιν
1483 922 1511 974 6
1541 920 1758 990 Φαραὼ,
1795 923 1892 994 ἆρ-

326 1024 476 1078 ματα
521 1009 619 1078 μὲν
661 1008 927 1074 διακόσια,
996 1011 1205 1064 ἱππέων
1256 1012 1313 1065 δέ
1368 1013 1630 1084 μυριάδας
1662 1021 1732 1078 κ’,
1768 1017 1892 1078 τοὺς

333 1099 675 1172 Ἰσραηλίτας
721 1103 958 1156 ἐδίωκεν.
992 1105 1054 1157 Οἱ
1090 1103 1167 1164 δέ,
1201 1104 1564 1176 διαιρεθείσης
1601 1107 1702 1176 τῆς
1734 1108 1890 1177 Ἐρυ-

320 1193 465 1265 Opi;
519 1194 792 1265 θαλάσσης
847 1193 950 1248 ὑπὸ
976 1195 1271 1260 Μωὺσέως,
1325 1197 1702 1268 προστάγματι
1753 1197 1887 1251 Θεοῦ

319 1286 676 1353 ἐπορεύοντοο
711 1286 803 1338 καὶ
843 1285 1126 1353 Αἰγύπτιοι
1176 1287 1402 1339 κατόπιν
1431 1288 1607 1340 αὐτῶν
1647 1287 1892 1341 ἐλαύνον-

321 1393 417 1440 τες
444 1375 948 1447 κατεποντώθησαν,
969 1378 1036 1447 τῇ
1071 1376 1250 1448 ῥάϐδῳ
1289 1377 1382 1432 τοῦ
1414 1379 1688 1442 Μωῦσέως
1717 1379 1890 1433 πατά-

321 1466 535 1534 ξαντος,
562 1469 655 1522 καὶ¹
675 1469 1068 1537 συναγαγόντος
1088 1469 1157 1522 τὰ
1185 1469 1374 1524 ὑδατα.

395 1561 474 1630 Τῇ
507 1559 552 1613 δ’
577 1559 832 1631 ὑστεραίᾳ
854 1559 1139 1630 ἡμέρᾳ,τὰ
1169 1561 1305 1614 ὅπλα
1337 1561 1445 1616 τῶν
1475 1562 1783 1631 Αἰγυπτίων
1810 1565 1888 1636 τῷ

319 1650 516 1724 πλήθει
539 1652 644 1705 τῶν
679 1653 940 1726 Ἐϐραίων
963 1655 1300 1724 προσήνεγκε
1332 1655 1392 1708 τὸ
1420 1655 1560 1727 ὕδωρ
1583 1657 1886 1726 ὠθούμενον

1995 468 2112 522 sine
2159 481 2254 536 spe
2302 468 2408 521 ulla
2445 467 2724 521 medicinae
2763 469 3009 539 peccavit
3035 468 3369 527 Pharaonem
3401 475 3554 544 signa

1993 573 2188 629 magna
2249 558 2508 621 ostendit,
2573 573 2700 613 eum
2756 560 2847 628 qui
2907 563 3174 632 supplicio
3223 563 3420 634 dignus
3469 574 3554 623 est

1993 649 2300 718 castigans,
2350 658 2403 704 et
2465 663 2560 704 eos
2616 648 2708 719 qui
2760 651 2837 704 illi
2903 655 3194 708 succedent
3252 656 3442 714 fovens
3497 669 3552 714 et

1993 755 2214 807 sanans,
2268 742 2459 798 salutis
2513 742 2847 812 punitionem
2888 744 3032 801 illius
3080 748 3340 804 exhibens
3391 765 3551 822 argu-

1991 842 2254 889 mentum.

2062 925 2246 994 Itaque
2290 925 2504 981 Pharao
2529 928 2570 959 "
2619 930 2872 985 universo
2921 931 3161 986 exercitu
3206 944 3503 992 convocato
3529 979 3545 1003 ,

1991 1016 2241 1071 curribus
2271 1017 2540 1081 ducentis,
2573 1021 2813 1089 equitatu
2845 1020 2911 1074 ad
2939 1023 3155 1091 triginta
3215 1027 3402 1094 millia,
3455 1044 3550 1085 su-

1992 1107 2308 1176 perveniens
2338 1107 2608 1166 lsraelitas
2638 1113 2985 1181 sequebatur,
3015 1116 3106 1184 qui
3145 1131 3292 1172 mare
3335 1117 3542 1186 Rubro,

1990 1196 2064 1249 ita
2092 1195 2316 1264 jubente
2348 1197 2476 1261 Deo,
2513 1199 2566 1252 in
2600 1199 2735 1256 duas
2759 1210 2939 1270 partes
2968 1203 3140 1262 diviso
3168 1224 3261 1277 per
3285 1208 3544 1282 Moysen),

1990 1288 2093 1341 iter
2117 1289 2406 1356 habebant,
2442 1298 2494 1345 et
2517 1289 2756 1362 Egypt'u
2793 1309 3010 1349 aversos
3061 1313 3156 1352 eos
3204 1299 3541 1372 invadentes,

1989 1377 2230 1434 immersi
2254 1387 2400 1444 sunt,
2434 1381 2628 1437 baculo
2662 1382 2842 1455 Moyse
2870 1387 3222 1455 percutiente,
3274 1399 3326 1445 et
3376 1409 3543 1464 aquas

1988 1467 2043 1522 in
2085 1485 2249 1524 unum
2277 1482 2656 1543 congregante.

2057 1557 2284 1616 Postero
2308 1560 2394 1616 die
2407 1561 2780 1634 Egyptiorum
2799 1582 2946 1622 arma
2960 1568 3026 1624 ad
3041 1571 3436 1629 multitudinem
3447 1574 3544 1631 Ju-

1987 1653 2224 1708 daaorum
2243 1669 2436 1724 aquam
2456 1666 2614 1712 vento
2631 1658 2878 1728 pel-lente,
2898 1661 3072 1716 delata
3095 1671 3240 1718 sunt.
3256 1663 3319 1718 Et
3335 1664 3545 1737 Moyses

319 1745 429 1799 ὑπὸ
454 1745 546 1798 τοῦ
579 1745 898 1815 πνεύματος.
923 1746 1032 1798 Καὶ
1056 1747 1084 1798 6
1107 1745 1342 1816 Μωῡσῆς
1365 1726 1587 1812 εἰκάσας
1615 1749 1708 1802 καὶ
1731 1749 1880 1803 τοῦτο

1988 1744 2091 1798 hoc
2117 1761 2332 1815 quoque
2352 1746 2535 1802 divina
2563 1748 2904 1806 Providentia
2927 1755 3217 1825 contigisse
3241 1766 3390 1814 ratus
3436 1761 3545 1816 illis

318 1841 384 1908 τῇ
419 1837 512 1892 τοῦ
543 1836 676 1891 Θεοῦ
708 1836 1032 1907 γεγενῆσθαι
1062 1839 1306 1909 προνοίᾳ,
1326 1839 1609 1893 ἐκέλευσεν
1635 1842 1772 1895 αὑτὰ
1793 1860 1889 1896 πο-

322 1930 598 2002 ρίσασθαι,
641 1932 788 1993 ὅπως
823 1930 896 2001 μὴ
937 1926 1044 1984 εἷεν
1084 1931 1322 1985 ἄνοπλοι.
1360 1931 1730 2000 Ἀφικνοῦνται
1757 1935 1886 2004 γοῦν

316 2024 400 2087 είς
421 2022 519 2093 τὴν
541 2022 760 2094 ἔρημον.

388 2113 502 2168 Καὶ
527 2113 555 2164 6
595 2111 916 2182 Ῥαγουῆλος
946 2113 1040 2166 καὶ
1084 2112 1266 2184 Ἰοθὼρ
1295 2113 1576 2184 (διώνυμος
1594 2113 1702 2186 γὰρ
1725 2113 1885 2184 ἐτύγ-

315 2205 501 2276 χανεν)
521 2206 824 2274 ἀφικνεῖται
844 2205 980 2276 πρὸς
999 2204 1088 2258 τὸν
1103 2207 1360 2276 Μωῦσῆν,
1379 2207 1713 2277 ἐπαγόμενος
1741 2207 1886 2280 αὑτῷ

312 2296 414 2366 τὴν
427 2298 658 2364 γυναῖκα
680 2295 772 2348 καὶ
800 2296 925 2357 τοὺς
937 2293 1087 2357 υἱούς
1107 2313 1120 2326 ·
1144 2296 1236 2348 καὶ
1256 2295 1439 2366 μαθὼν
1459 2297 1636 2349 πᾶσαν
1651 2299 1780 2369 παρ’
1792 2299 1888 2350 αὑ-

312 2384 412 2439 τοῦ
458 2386 556 2456 τὴν
588 2386 708 2438 κατ’
752 2386 1060 2453 Αἰγυπτίων
1105 2384 1198 2438 τοῦ
1244 2385 1377 2438 Θεοῦ
1427 2384 1881 2457 θαυματουργίαν,

311 2477 655 2548 κατεπλάγη,
689 2477 784 2530 καὶ
819 2475 1032 2540 ἐδόξασε
1065 2477 1156 2529 τὸν
1197 2476 1348 2530 Θεόν.
1379 2473 1486 2530 Ἦν
1520 2477 1576 2530 δέ
1608 2472 1779 2543 οὗτος,
1809 2478 1884 2543 ὦς

313 2588 470 2638 φασι,
515 2569 606 2624 τοῦ
649 2570 898 2642 Ἀϐραὰμ
927 2571 1209 2639 ἀπόγονος,
1248 2569 1307 2636 ἐξ
1350 2572 1467 2635 ἐνὸς
1513 2571 1620 2624 τῶν
1652 2573 1716 2624 ὲκ
1745 2574 1883 2627 Χετ-

305 2662 510 2734 τόυρας
565 2663 928 2734 γεννηθέντων
955 2663 1102 2734 αύτῷ
1130 2664 1370 2733 τεχθείς·
1402 2665 1465 2716 ἐκ
1509 2663 1617 2735 γὰρ
1643 2663 1736 2718 τοῦ
1784 2667 1880 2718 Ἰε-

307 2755 416 2819 ζὰν
462 2755 675 2824 ἐγένετο
727 2755 916 2820 Δάδαν,
974 2756 1256 2827 Ῥαγουὴλ,
1303 2755 1487 2827 Ἰοθὼρ
1560 2758 1654 2809 καὶ
1694 2757 1878 2811 Ὀδάσ.

304 2845 513 2911 Δεξιῶς
544 2841 634 2899 οῦν
679 2845 839 2898 αὑτὸν
874 2845 1402 2916 φιλοφρονησάμενος
1449 2846 1478 2898 6
1507 2845 1764 2914 Μωῦσῆς,
1801 2849 1882 2910 είς

307 2939 441 3001 τοὺς
471 2939 702 3002 οἰκείους
728 2939 925 3001 τόπους
953 2937 1324 3009 προέπεμψεν.

385 3033 557 3097 Αὑτὺς
587 3033 642 3086 δέ
673 3032 869 3094 πολλὰς
908 3033 1044 3102 πρὸς
1070 3033 1130 3084 τὸ
1159 3034 1425 3104 χρήσιμον
1460 3033 1573 3096 τοῖς
1615 3031 1882 3105 Ἑϐραίοις
1905 3057 1947 3116 C

308 3123 680 3194 νομοθετήσας
703 3125 730 3175 ὁ
762 3123 1001 3192 Μωῦσῆς
1029 3123 1366 3194 ἐτελεύτησε,
1404 3123 1602 3193 βιώσας
1631 3124 1723 3196 ἔτη
1758 3124 1841 3197 ρκ’
1859 3143 1873 3156 ·

304 3222 404 3274 καὶ
452 3216 649 3288 Ἰησοῦς
676 3217 704 3268 ὁ
736 3215 891 3286 Ναυῆ
922 3216 1019 3288 τὴν
1048 3216 1338 3286 ἡγεμονίαν
1365 3216 1530 3269 αὑτοῦ
1561 3217 1876 3287 διαδέχεται,

307 3309 406 3362 καὶ
440 3308 621 3376 ἐξάγει
669 3309 767 3379 τῆς
800 3310 1004 3380 ἐρήμου
1029 3308 1117 3362 τὸν
1151 3308 1298 3373 λαὸν,
1325 3308 1419 3378 ἐτη
1448 3309 1499 3378 μ’
1532 3310 1588 3361 ἐν
1606 3309 1749 3379 αὐτῇ.
1763 3311 1878 3363 δια-

307 3401 596 3473 τρίψαντα,
637 3402 720 3469 ἐφ⁹
749 3395 816 3470 ἦς
842 3400 919 3453 ἔτι
947 3400 1018 3454 τά
1068 3400 1186 3471 ίχνη
1213 3401 1311 3471 τῆς
1361 3403 1728 3473 κατοικήσεως
1770 3404 1879 3455 τῶν

324 3494 588 3546 Ἰουδαίων
617 3493 863 3558 σώζεται.
890 3495 950 3546 Οἱ
980 3493 1088 3565 γὰρ
1111 3494 1270 3564 χάριν
1301 3495 1541 3563 ἱστορίας
1562 3497 1675 3558 τοῖς
1693 3495 1878 3558 τόποις

311 3582 763 3652 ἐπιδημήσαντες,
797 3582 906 3635 τῶν
940 3582 1151 3652 σκηνῶν
1191 3583 1394 3646 τύπους
1426 3582 1505 3635 ἔτι
1559 3584 1876 3636 συνεστάναι

308 3673 622 3745 διηγοῦνται
665 3675 856 3746 μυρίου
921 3674 1158 3745 πλήθους
1197 3674 1544 3746 ὑπαρχούσας
1619 3674 1684 3745 [Γ.
1709 3676 1880 3747 ὑπαρ-

309 3765 638 3838 χουσῶν],τό
656 3781 717 3820 τε
778 3767 985 3819 Σιναῖον
1012 3766 1137 3837 δρος
1165 3765 1500 3837 θεωρεῖσθαι.
1551 3767 1677 3838 παρ’
1701 3761 1746 3834 ᾧ
1775 3768 1876 3832 τὰς

311 3853 633 3924 νομοθεσίας
683 3859 712 3910 6
747 3855 989 3925 Μωὺσῆς
1036 3854 1248 3926 εἴληφε,
1291 3856 1385 3907 καὶ
1440 3855 1647 3908 ἕκαστα
1673 3854 1780 3907 τῶν
1819 3856 1877 3908 ἐν

313 3945 475 4016 μέρει
509 3945 1022 4019 ἀναγεγραμμένων.

384 4037 649 4107 Ζητητέον
687 4038 846 4090 δέ·οξ
889 4038 1124 4110 Ἑϐραῖοι
1156 4038 1213 4090 ἐν
1242 4040 1306 4109 τῇ
1338 4035 1594 4107 Αἰγύπτῳ
1621 4035 1877 4107 παρῴκη-

309 4145 414 4181 σαν
439 4128 531 4199 ἐτη
561 4135 604 4180 υ⁹
620 4129 713 4182 καὶ
737 4129 800 4192 λ’,
828 4129 921 4181 καὶ
947 4130 1066 4199 οὐχὶ
1085 4136 1142 4182 ιε’
1175 4129 1266 4182 καὶ
1287 4129 1533 4182 διακόσια
1549 4130 1610 4198 ’ὴ
1651 4129 1746 4198 μὲν
1768 4126 1876 4199 γὰρ

304 4219 420 4275 τῶν
471 4221 674 4291 χρόνων
706 4221 901 4290 ἐφεξῆς
952 4220 1239 4291 ἀναγραφὴ
1288 4228 1380 4273 σιε¹
1416 4221 1688 4292 σημαίνει,
1744 4220 1776 4288 ἡ
1818 4218 1875 4270 δὲ

308 4309 502 4381 Γραφὴ
537 4317 580 4362 υ⁹
618 4311 712 4363 καὶ
747 4311 809 4364 λ’.
849 4310 1009 4378 Λέγει
1045 4312 1172 4382 γὰρ,
1203 4311 1284 4363 ὅτι
1317 4310 1598 4379 πάροικον
1617 4310 1784 4363 ἔσται
1809 4307 1874 4361 τὸ

305 4401 551 4470 σπέρμα
577 4402 681 4456 τοῦ
709 4401 963 4471 Ἀϐραὰμ
985 4403 1054 4455 ἐν
1075 4401 1151 4471 γῇ
1171 4403 1458 4469 ἀλλοτρίᾳ
1476 4402 1580 4469 ἐτη
1605 4405 1718 4455 υλ’.

380 4495 605 4565 Πρῶτον
634 4496 730 4566 μὲν
757 4493 846 4548 οὖν
876 4496 1251 4566 ἐπιτηρητὲον,
1274 4496 1356 4547 ὅτι
1382 4495 1482 4546 οὑκ
1508 4492 1659 4546 εἶπεν
1685 4493 1753 4545 ἐν
1777 4495 1873 4546 Αί-

306 4587 531 4656 τύπτῳ,
564 4587 676 4639 ἀλλ’
708 4588 776 4639 ἐν
835 4585 912 4654 γῇ
957 4587 1239 4652 ἀλλοτρίᾳ
1271 4587 1557 4653 πάροικοι⁴
1605 4585 1774 4639 ἔσται
1805 4583 1872 4638 τὸ

308 4675 548 4744 σπέρμα
592 4673 698 4728 τοῦ
753 4674 1041 4743 Ἀϐραάμ·
1068 4675 1325 4745 ἀλλοτρία
1369 4673 1425 4726 δὲ
1467 4674 1674 4744 ὑπῆρχε
1718 4673 1810 4726 καὶ
1836 4675 1870 4742 ἡ

307 4767 590 4821 Χαναναία
634 4767 726 4837 γῆ,
769 4769 835 4837 ἢν
867 4766 1192 4838 παρῴκησεν
1223 4769 1252 4819 6
1295 4765 1497 4827 Ἰσαάκ,
1527 4765 1746 4837 σπέρμα
1775 4763 1868 4817 τοῦ

319 4859 570 4929 Ἀϐραὰμ
626 4859 730 4930 πρὸ
773 4859 988 4912 πάντων
1031 4858 1191 4921 αὐτὸς
1238 4857 1516 4926 τυγχάνων
1562 4855 1833 4927 ἐξαίρετον
1852 4873 1865 4885 ο

307 4950 424 5014 υίὸς
439 4950 546 5021 γὰρ
572 4945 660 5022 ἦν.
678 4951 844 5023 Δῆλον
864 4947 978 5015 οῦν,
996 4952 1075 5004 ὅτι
1095 4951 1198 5022 πρὸ
1226 4949 1318 5003 τοῦ
1343 4948 1743 5020 κληρονομῆσαι
1762 4947 1868 5000 τῶν

304 5041 618 5109 ἀλλοφύλων
629 5042 728 5113 τὴν
741 5041 865 5112 γῆν,
878 5041 1120 5112 ὑπῆρχον
1137 5040 1386 5112 πάροικοι
1402 5039 1593 5109 μέχρις
1611 5038 1746 5090 ἐτῶν
1771 5037 1866 5100 υλ’,

305 5131 384 5196 ὥς
408 5149 512 5186 που
534 5135 626 5186 καὶ
653 5135 682 5187 6
719 5133 1035 5196 Ἀπόστολος
1053 5133 1215 5201 λέγει·
1245 5130 1541 5198 Διαθήκην
1581 5144 1870 5198 προκεκυ-

295 5225 574 5294 ρωμένην
599 5226 716 5300 ὑπὸ
753 5225 900 5280 Θεοῦ
919 5225 1066 5294 μετὰ
1092 5224 1194 5292 ἐτη
1216 5228 1329 5287 υλ’,
1356 5225 1442 5288 εἰς
1478 5222 1545 5276 τὸ
1575 5235 1872 5290 καρποφο-

301 5316 486 5384 ρῆσαι
541 5318 656 5385 τὴν
708 5317 1099 5386 ἐπαγγελίανο
1148 5317 1240 5369 καὶ
1296 5315 1546 5385 ἐπιφέρει
1578 5332 1590 5344 ’
1661 5313 1744 5378 Τῷ
1801 5312 1868 5364 δὲ

315 5407 570 5476 Ἀϐραὰμ
597 5408 671 5461 δι’
696 5409 1053 5477 ἐπαγγελίας
1087 5407 1406 5475 ἐχαρίσατο
1450 5408 1482 5457 ό
1512 5406 1672 5469 Θεός.
1711 5403 1868 5464 Εἰκὸς

300 5494 417 5562 οὖν,
447 5501 530 5552 ὅτι
561 5501 618 5552 ἐν
653 5500 749 5571 μὲν
798 5502 863 5570 τῇ
899 5498 1172 5568 Χαναναία
1215 5505 1307 5555 σιε⁹
1343 5496 1692 5569 παρῴκησαν,
1724 5498 1780 5549 ἐν
1811 5496 1866 5548 δὲ

378 5657 421 5692 ⁸⁷
448 5656 620 5711 Exod.
655 5673 765 5712 xw.
845 5658 883 5686 ”
909 5655 1078 5712 Exod.
1106 5673 1257 5711 xvm.
1338 5655 1377 5686 ¹ί³
1406 5654 1554 5708 Deut.
1584 5670 1692 5708 xw.

1786 5654 1829 5684 ²⁰
1855 5647 1980 5706 Ceu.
2015 5668 2102 5706 xv.

1987 1850 2048 1889 ea
2077 1836 2176 1891 sibi
2206 1851 2521 1906 comparare
2540 1840 2835 1903 mandavit,
2860 1859 2930 1899 ne
2980 1845 3097 1901 sine
3133 1848 3297 1904 armis
3341 1849 3538 1905 forent.

1988 1925 2288 1983 Deveniunt
2316 1930 2528 1984 tandem
2553 1931 2609 1986 in
2644 1932 2916 1988 desertum
2950 1935 3014 1991 ιδ.

2058 2101 2123 2155 Ει
2153 2102 2444 2175 Raguelus,
2488 2105 2602 2161 sive
2638 2105 2841 2173 lothor,
2878 2116 3108 2180 utraque
3159 2112 3304 2167 enim
3353 2117 3538 2185 appel-

1985 2193 2187 2249 latione
2219 2197 2653 2266 nuncupabatur,
2680 2202 2827 2256 venit
2858 2201 2925 2256 ad
2974 2202 3230 2274 Moysem,
3282 2205 3358 2260 illi
3406 2222 3540 2262 uxo-

1986 2300 2098 2340 rem
2133 2285 2379 2358 ﬁliosque
2405 2288 2660 2354 aﬂ‘erens;
2682 2292 2775 2361 qui
2802 2307 2924 2346 cum
2951 2299 3124 2347 totum
3158 2294 3248 2349 Dei
3278 2296 3543 2354 adversus

1986 2373 2273 2446 Egyptios
2311 2393 2448 2448 opus
2471 2380 2788 2437 admirabile
2811 2383 3072 2450 audisset,
3107 2386 3538 2457 obstupefactus,

1983 2469 2210 2540 gloriam
2239 2471 2389 2526 dedit
2422 2472 2547 2528 Deo.
2594 2475 2722 2529 Erat
2772 2491 2901 2531 vero
2938 2477 3046 2542 hic,
3107 2487 3164 2533 ut
3215 2479 3414 2547 ferunt,
3473 2497 3543 2538 ex

1983 2560 2256 2617 Abraham
2299 2565 2586 2630 oriundus,
2619 2581 2683 2622 ex
2728 2584 2836 2623 uno
2878 2569 3289 2642 ﬁliorum,quos
3340 2574 3430 2629 ille
3471 2589 3540 2629 ex

1982 2653 2248 2736 Chettura
2275 2657 2484 2722 habuit,
2515 2667 2705 2726 natus;
2733 2677 2798 2716 ex
2812 2658 2973 2716 Jezan
2986 2663 3129 2717 enim
3153 2675 3311 2721 natus
3333 2673 3416 2721 est
3431 2664 3540 2720 Da-

1982 2747 2107 2810 dan,
2138 2749 2360 2818 Raguel,
2391 2749 2572 2804 lothor
2601 2759 2654 2805 et
2681 2750 2850 2807 Obab.
2887 2751 3041 2807 Hunc
3089 2753 3318 2826 Moyses,
3344 2758 3419 2810 uti
3447 2773 3542 2828 par

1981 2847 2120 2905 erat,
2143 2840 2474 2910 perbumane
2499 2850 2777 2912 acceptum
2803 2843 2856 2897 in
2891 2845 3110 2915 propria
3140 2846 3259 2899 loca
3313 2846 3541 2904 dimisit.

2055 3011 2251 3067 Verum
2281 3013 2494 3085 Moyses
2530 3016 2595 3080 ιθ,
2628 3015 2812 3072 multis
2860 3017 3068 3087 legibus
3123 3019 3358 3075 maximo
3413 3035 3538 3076 cum

1977 3104 2346 3159 emolumento
2377 3103 2577 3160 Judzeis
2601 3106 2747 3172 latis,
2773 3115 3020 3161 mortuus
3047 3116 3146 3171 est,
3174 3111 3348 3165 aetatis
3371 3127 3541 3166 anno-

1977 3210 2098 3249 rum
2120 3210 2246 3264 cxx,
2289 3203 2342 3252 et
2367 3195 2526 3251 Iesus
2552 3196 2693 3251 ﬁlius
2709 3197 2852 3252 Nave
2877 3198 3154 3268 cupiarum
3187 3201 3381 3255 ductor
3415 3220 3540 3258 suc-

1979 3287 2141 3352 cedit,
2175 3295 2228 3343 et
2259 3289 2513 3357 populum
2541 3289 2594 3341 in
2628 3288 2971 3343 solitudinem
2996 3304 3168 3346 annos
3183 3292 3538 3364 quadraginta

1977 3387 2371 3434 commoratum
2399 3379 2605 3445 eduxit,
2635 3380 2687 3432 in
2719 3396 2824 3449 qua
2853 3380 3031 3435 adhuc
3049 3379 3358 3440 Judaiorum
3387 3385 3539 3438 habi-

1976 3469 2198 3523 tationis
2226 3469 2451 3538 vestigia
2508 3468 2714 3539 integra
2753 3478 3070 3523 cernuntur.
3111 3468 3214 3535 Qui
3263 3473 3404 3525 enim
3459 3475 3538 3528 vi-

1978 3560 2130 3617 sendi
2154 3575 2318 3616 causa
2348 3563 2414 3614 ad
2449 3562 2534 3614 illa
2554 3562 2670 3615 loca
2695 3562 2917 3631 profecti
2945 3569 3092 3624 sunt,
3127 3562 3304 3616 adhuc
3335 3563 3538 3620 formas

1978 3653 2330 3707 tentoriorum
2365 3651 2586 3707 inﬁnitae
2617 3652 2981 3707 multitudinis
3027 3653 3268 3722 conspici
3323 3667 3538 3708 asseve-

1976 3752 2120 3809 rant,
2150 3752 2204 3800 et
2224 3743 2466 3802 Sinaium
2516 3752 2752 3800 montem
2783 3747 2958 3800 adhuc
2981 3752 3145 3809 stare,
3173 3745 3227 3799 in
3258 3759 3366 3815 quo
3393 3746 3536 3815 leges

1977 3838 2189 3909 Moyses
2211 3838 2438 3907 accepit,
2497 3845 2551 3892 et
2607 3852 2943 3908 quaecunque
2999 3838 3272 3908 sigillatim
3319 3839 3535 3907 scriptis

1975 3932 2190 4002 prodita
2213 3942 2358 3987 sunt.

2045 4023 2405 4090 Quaerendum
2438 4031 2618 4077 tamen
2641 4029 2724 4076 est
2749 4041 2761 4076 :
2786 4020 2995 4076 Hebraei
3028 4021 3079 4075 in
3111 4021 3344 4094 Egypto
3377 4021 3533 4078 liabiv

1973 4123 2160 4170 tarunt
2189 4115 2347 4170 annis
2379 4128 2505 4168 cccc
2531 4121 2583 4167 et
2605 4129 2709 4166 xxx
2760 4120 2940 4168 etnon
2990 4113 3299 4182 quindecim
3338 4122 3391 4170 et
3433 4130 3532 4181 cc;

1975 4222 2100 4260 nam
2131 4212 2438 4274 temporum
2471 4203 2783 4257 continuata
2816 4203 3130 4273 descriptio.
3159 4219 3294 4258 ccxv
3336 4204 3533 4271 innuit,

1977 4298 2068 4353 sed
2102 4296 2380 4366 Scriptura
2410 4309 2646 4349 ccccxxx
2673 4311 2686 4358 ;
2720 4295 2794 4346 ait
2823 4309 3055 4363 namque
3076 4295 3120 4325 ¹⁰
3149 4314 3161 4348 :
3192 4295 3535 4365 Peregrinum

1904 4395 1949 4449 D
1979 4389 2077 4442 erit
2104 4403 2276 4440 semen
2314 4386 2542 4440 Abraha:
2572 4387 2626 4438 in
2659 4395 2797 4438 terra
2826 4384 3000 4437 aliena
3037 4401 3201 4440 annos
3225 4401 3480 4441 ccccxxx.

2047 4479 2285 4533 Primum
2335 4479 2518 4548 itaque
2577 4477 2997 4536 observandum,
3045 4491 3152 4530 non
3201 4475 3428 4541 dixisse,
3483 4477 3536 4530 in

1978 4571 2226 4642 Egypto,
2250 4572 2341 4626 sed
2363 4574 2416 4624 in
2449 4581 2589 4624 terra
2627 4571 2800 4623 aliena
2839 4569 3164 4640 peregrinum
3216 4571 3314 4622 erit
3364 4587 3537 4624 semen

1976 4665 2222 4719 Abralue.
2281 4665 2472 4720 Aliena
2517 4675 2696 4718 autem
2753 4671 2872 4719 erat
2925 4670 2978 4718 et
3040 4671 3184 4716 terra
3237 4661 3534 4726 Cbanaam,

1974 4773 2136 4828 quam
2166 4757 2431 4810 habitavit
2454 4754 2625 4818 Isaac,
2649 4756 2742 4825 qui
2787 4770 2897 4825 pra:
2919 4753 3172 4810 omnibus
3209 4755 3329 4824 ipse.
3351 4771 3535 4808 semen

1974 4848 2204 4902 Abrahae
2231 4857 2348 4903 erat
2376 4848 2653 4902 eximium.
2686 4847 2814 4900 Erat
2856 4848 3056 4917 quippe
3108 4847 3270 4901 (ilius.
3314 4845 3540 4900 Manife-

1975 4951 2118 4995 stunt
2150 4941 2331 5009 itaque
2367 4947 2472 5004 est,
2507 4954 2602 4994 eos
2651 4946 2940 5008 antequam
2996 4947 3343 4994 externorum
3380 4949 3537 4993 terra:

1975 5033 2218 5087 lmredes
2259 5031 2388 5084 facti
2440 5030 2692 5095 fuissent,
2734 5031 3050 5100 peregrinos
3104 5030 3316 5100 palassc
3365 5044 3536 5083 annos

1973 5143 2233 5190 ccccxxx,
2262 5115 2718 5196 quemadmodum
2736 5133 2790 5178 et
2808 5124 3099 5194 Apostolus
3125 5125 3200 5176 ait
3226 5123 3270 5153 ’ί
3303 5142 3315 5177 :
3355 5123 3532 5176 Testa-

1975 5232 2202 5273 mentum
2229 5217 2735 5287 pra’determinalum
2764 5233 2794 5269 a
2819 5216 2922 5270 Deo
2947 5226 3062 5284 post
3085 5232 3249 5269 anuos
3279 5229 3536 5279 ccccxxx,

1974 5319 2030 5361 ut
2064 5310 2407 5377 fructiﬁcaret
2436 5308 2749 5375 promissio;
2797 5315 2850 5361 et
2887 5307 3089 5372 subdit,
3141 5307 3406 5359 Abraham
3439 5323 3538 5359 auo

1975 5413 2075 5455 tem
2112 5417 2203 5470 per
2247 5401 2643 5470 promissionem
2691 5399 2834 5452 dedit
2894 5399 3053 5452 Deus.
3097 5397 3536 5452 Consentaneum

1974 5494 2156 5564 itaque
2183 5500 2288 5554 est,
2324 5507 2417 5547 eos
2452 5493 2506 5545 in
2533 5491 2836 5546 Chananaea
2867 5490 3140 5546 habitasse
3161 5505 3334 5547 annos
3376 5505 3534 5554 ccxv,

2212 5653 2250 5683 ²¹
2291 5649 2408 5706 (.al.
2445 5665 2518 5704 Ill.

3555 5861 3707 5951 β,
