3962 6202
547 269 645 328 τοι

1398 271 1459 332 8.
1498 268 1943 329 Ευετλτιιιυε
1983 267 2472 326 Αιετιοοιιεινυε
2506 270 2905 329 EPISCOPUS.

3623 280 3712 337 792

543 398 598 451 et
631 388 685 445 in
715 386 950 462 Agypto
976 387 1159 444 itidem
1182 404 1337 455 ccxv,
1374 392 1466 462 qui
1504 392 1666 447 simul
1695 401 1823 448 sunt
1839 404 2097 449 ccccxxx.

2200 391 2267 460 τῇ
2296 388 2555 461 Αἰγύπτῳ
2573 388 2643 444 τά
2670 388 2810 444 αὑτά
2845 396 2961 453 σιε’,
2988 389 3127 460 άπερ
3151 387 3285 459 ὁμοῦ
3307 389 3500 458 γίνεται
3528 390 3611 465 ἐτη
3628 394 3709 452 υλ’.

610 480 878 540 Cancrum
905 480 1136 535 ducente
1157 480 1286 538 Jesu
1306 484 1351 514 ¹²
1376 484 1656 555 populum,
1698 490 1751 538 et
1775 497 1957 537 arcam
1990 482 2098 539 Te-

543 572 797 635 stamenti
826 587 923 643 per
961 569 1276 637 Jordanem,
1301 586 1455 644 aqua:
1475 573 1663 629 divisa:
1688 582 1815 631 sunt
1848 575 1903 628 in
1937 589 2099 629 unam

542 664 967 728 concretionem,
996 664 1249 723 maximis
1277 666 1471 738 spatiis
1493 666 1743 720 dissitam
1770 683 1785 733 ;
1815 681 1945 738 pars
1975 682 2101 722 vero

540 760 732 824 altera,
777 775 898 831 qua:
940 759 996 814 in
1032 775 1191 815 mare
1237 761 1432 816 salium
1479 761 1798 825 eﬂ‘unditur,
1849 762 1903 816 in
1949 776 2101 817 mare

538 850 778 911 Arabum
816 853 965 923 lapsa
992 860 1096 917 est,
1132 853 1306 909 donec
1338 854 1560 912 omnino
1581 854 1799 920 defecit,
1828 864 1882 910 et
1907 871 2099 913 omnes

539 946 688 1001 sicco
718 944 852 1015 pede
883 946 1252 1016 przetergressi
1303 951 1449 1001 circa
1499 946 1753 1002 Hiericho
1797 957 2098 1005 castrame-

537 1034 633 1093 tati
658 1042 783 1089 sunt
801 1035 866 1091 ’³.
904 1034 1029 1089 Haec
1056 1036 1305 1091 maximis
1335 1046 1486 1107 septa
1512 1040 1783 1095 mcenibus
1817 1043 2097 1097 munieba-

534 1137 643 1187 tur.
678 1125 767 1185 Dei
793 1127 973 1198 jussu,
1002 1142 1119 1182 eam
1147 1143 1243 1197 per
1266 1128 1383 1184 dies
1414 1143 1506 1185 sex
1525 1131 1807 1188 obsidione
1835 1134 2093 1197 cinctam.

535 1218 764 1290 septima
793 1226 1081 1289 antequam
1121 1218 1236 1275 dies
1283 1219 1643 1287 illucescerct,
1676 1224 1915 1294 undique
1942 1226 2094 1280 inva-

534 1326 649 1367 sam
689 1311 833 1367 tubis
870 1312 1266 1382 clangentibus,
1306 1312 1669 1383 universoque
1709 1317 1909 1386 populo
1957 1334 2096 1375 una-

531 1408 662 1463 nimi
691 1422 961 1463 consensu
995 1406 1061 1462 ad
1104 1407 1445 1462 clamandum
1475 1424 1504 1461 a
1535 1409 1911 1467 sacerdotibus
1941 1413 2091 1467 excid

530 1509 666 1565 tato,
694 1510 747 1557 et
777 1516 933 1572 opem
982 1499 1211 1565 ferente,
1240 1499 1604 1570 diripuerunt,
1638 1510 1857 1571 repente
1897 1505 2092 1558 mumi-

530 1593 634 1655 bus
665 1591 943 1663 collapsis,
981 1599 1256 1661 totamque
1284 1590 1510 1646 Domino
1539 1600 1844 1649 sacrarunt.

600 1680 731 1739 Post
756 1682 802 1719 "
828 1681 1082 1737 Hiericho
1120 1682 1323 1738 civitati
1348 1681 1444 1738 Vai
1478 1684 1828 1750 insidiantur,
1860 1700 2089 1756 eamque

2271 482 2556 550 Διάγοντος
2582 481 2637 535 δὲ
2669 480 2762 534 τοῦ
2795 479 2966 553 Ἰησοῦ
2994 482 3081 535 τὸν
3106 480 3231 535 λαὸν
3285 481 3375 535 καὶ
3399 482 3488 554 τὴν
3519 483 3713 543 tum

2199 572 2300 642 ⁴τῆς
2324 571 2594 643 Διαθήκης
2618 571 2706 626 διὰ
2740 570 2833 627 τοῦ
2878 571 3161 644 Ἰορδάνου,
3192 572 3370 644 διέστη
3395 574 3459 628 τὰ
3488 574 3714 642 ὑδαταείς

2200 670 2394 740 πῆγμα
2433 669 2492 726 ἓν
2524 667 2829 740 ἀφεστηκὸς
2872 666 3084 740 μακρὰν
3121 666 3352 739 σφόδρα·
3386 668 3443 721 τὸ
3478 670 3531 727 δὲ
3576 688 3715 727 κατα..

2201 758 2383 813 ϐαῖνον
2415 760 2495 822 είς
2519 758 2618 830 τὴν
2649 757 2922 815 θάλασσαν
2950 756 3054 813 τῶν
3076 756 3217 814 άλῶν
3242 757 3449 829 Ἀραϐα
3467 761 3714 832 κατῆλθεν,

2197 851 2303 917 ἕως
2329 846 2390 906 οὗ
2418 854 2498 916 είς
2521 852 2672 915 τέλος
2703 850 2937 917 ἐξέλιπε,
2974 851 3066 905 καὶ
3097 850 3293 914 πάντες
3321 850 3408 903 ἐπὶ
3449 850 3602 923 ξηρᾶς
3628 854 3714 909 διέ-

2199 943 2402 1015 ϐησαν,
2438 944 2532 997 καὶ
2567 943 3078 1014 στρατοπεδεύουσιν
3123 942 3218 997 ἐπὶ
3258 942 3354 1014 τὴν
3391 943 3595 1013 Ἰεριχώ.
3627 943 3714 1001 Ἦν

2196 1032 2254 1087 δὲ
2300 1034 2439 1105 αὕτη
2489 1034 2762 1104 μεγίστοις
2819 1034 3153 1106 ὠχυρωμένη
3216 1034 3431 1107 τείχεσι.
3480 1035 3714 1092 Κυκλοῦσι

2194 1126 2325 1195 γοῦν
2354 1126 2520 1200 αὐτὴν
2550 1127 2641 1181 ἐπὶ
2670 1126 2880 1198 ἡμέρας
2919 1126 2998 1191 ἒξ,
3031 1125 3165 1179 Θεοῦ
3198 1126 3576 1198 προσ-τάξαντος
3594 1144 3608 1158 ·
3638 1129 3715 1184 καὶ

2194 1218 2259 1291 τῇ
2290 1215 2485 1288 ἑϐδόμη
2509 1216 2703 1288 ὄρθρου
2730 1216 3020 1287 περιῆλθον
3042 1216 3210 1287 αὑτὴν
3234 1215 3453 1287 ἕϐδομον
3472 1217 3712 1287 κυκλόθεν,

2193 1308 2287 1361 καὶ
2327 1308 2379 1363 oi
2414 1308 2575 1378 ἱερεῖς
2616 1307 3007 1376 σαλπίγξαντες
3045 1313 3165 1371 ταῖς
3217 1306 3463 1375 σάλπιγξι
3497 1308 3578 1360 τὸν
3613 1307 3716 1363 λαὸν

2193 1397 2368 1454 πάντα
2402 1397 2661 1463 ἀλαλάξαι
2688 1399 3019 1474 ὁμοθυμαδὸν
3056 1400 3367 1472 διήγειραν·
3402 1402 3492 1454 καὶ
3521 1400 3715 1471 βοησάνο

2191 1507 2297 1545 των
2324 1488 2503 1544 αὐτῶν
2528 1528 2542 1552 ,
2585 1490 2920 1564 παραχρῆμα
2951 1489 3012 1543 τὸ
3047 1492 3225 1562 τεῖχος
3258 1489 3437 1552 ἔπεσε,
3472 1493 3556 1542 καὶ
3599 1490 3715 1544 ἑάλω

2112 1636 2121 1645 ,
2193 1578 2228 1651 ἡ
2261 1577 2434 1641 πόλις,
2464 1577 2558 1631 καὶ
2584 1580 2731 1633 πᾶσα
2756 1578 2833 1649 τῷ
2866 1579 3053 1650 Κυρίῳ
3081 1578 3326 1649 ὑπῆρξεν
3358 1578 3610 1649 ἀνάθημα.

2262 1672 2372 1725 Καὶ
2403 1673 2540 1743 μετά
2571 1673 2671 1741 τὴν
2701 1670 2906 1743 Ἰεριχὼ
2928 1670 3269 1743 ἐνεδρεύουσι
3299 1673 3394 1743 τὴν
3426 1672 3567 1725 πόλιν
3587 1671 3713 1739 ούαῖ,

529 1781 739 1845 captam
770 1774 893 1845 igne
917 1775 1293 1845 absumpsere,
1322 1785 1375 1833 et
1418 1791 1598 1848 regem
1643 1778 1791 1833 illius
1821 1778 1967 1849 ligno
1991 1795 2089 1851 ap-

2191 1765 2286 1829 καὶ,
2304 1763 2558 1826 λαϐόντες
2576 1764 2746 1835 αὑτὴν
2768 1764 3093 1835 ἐνέπρησαν,
3120 1765 3215 1817 καὶ
3238 1764 3327 1817 τὸν
3354 1762 3560 1833 βασιλέα
3578 1763 3715 1833 αὐτῆς

528 1879 781 1939 pensum,
818 1866 890 1920 ita
919 1864 1046 1925 Iesu
1093 1870 1461 1941 praecipiente,
1501 1870 1650 1925 cruci
1690 1869 1994 1935 amxerunt,
2036 1879 2090 1925 et

524 1958 809 2019 occidente
844 1963 978 2029 sole,
1025 1963 1078 2017 in
1118 1964 1311 2019 vallem
1355 1977 1557 2036 corpus
1600 1962 1746 2020 illius
1790 1963 2090 2038 projectum

529 2068 722 2114 acervo
751 2053 990 2128 lapidum
1020 2052 1338 2111 obruerunt.

598 2230 929 2295 Gabaonitze,
961 2231 1055 2287 ubi
1102 2232 1168 2288 ad
1210 2247 1305 2289 eos
1340 2229 1690 2287 Iudaicarum
1743 2231 2090 2289 obsidionum

526 2324 670 2387 fama
692 2324 869 2380 delata
917 2330 1001 2380 est
1036 2325 1211 2396 (erant
1236 2328 1378 2381 enim
1407 2339 1595 2380 eorum
1627 2324 1840 2380 finitimi
1880 2336 1934 2381 et
1963 2341 2089 2396 pro.

524 2417 762 2491 pinqui),
785 2417 1051 2471 malitiose
1082 2415 1351 2472 lsraelitas
1391 2417 1493 2472 hoc
1524 2424 1682 2488 pacto
1721 2419 2085 2473 eluserunt".

526 2506 607 2567 Ne
663 2510 807 2566 enim
859 2509 1302 2578 approximantes
1358 2509 1503 2563 circa
1560 2524 1746 2565 eorum
1814 2510 2087 2564 civitatem

529 2607 1076 2664 castrametareutur,
1108 2608 1405 2655 occurrunt
1445 2601 1579 2665 illis,
1624 2610 1773 2656 veste
1805 2607 1857 2655 et
1890 2600 2088 2656 calceis

523 2690 778 2745 discissis
811 2689 1006 2753 induti,
1042 2696 1200 2760 panis
1226 2690 1358 2745 sicci
1389 2691 1644 2761 carieque
1671 2690 1849 2756 obesi,
1896 2704 2088 2747 saccos

525 2790 786 2850 intresque
823 2788 1069 2835 vetustos
1104 2791 1403 2850 pertantes,
1425 2782 1786 2851 quidixerunt
1810 2802 1822 2838 :
1848 2801 1865 2834 ι
1890 2780 2088 2836 Nostra

521 2871 716 2927 civitas
776 2871 935 2943 longe
974 2871 1165 2927 dissita
1189 2880 1302 2938 est;
1337 2887 1506 2942 panes
1526 2873 1669 2928 enim
1707 2872 1809 2928 hos
1838 2880 2085 2929 recentes

519 2962 680 3027 nobis
700 2963 1026 3033 paravimus,
1056 2964 1542 3033 \'cstimentumque
1556 2980 1663 3034 quo
1684 2964 1969 3031 volvimur,
1988 2980 2088 3018 nov

2192 1855 2285 1909 ἐπὶ
2332 1854 2486 1920 ξύλου
2530 1856 2937 1927 κρεμάσαντες,
2985 1854 3385 1928 προστάξαντος
3422 1855 3509 1909 τοῦ
3550 1854 3711 1924 Ἰησοῦ,

2190 1946 2558 2019 ἐσταύρωσαν.
2580 1946 2685 2001 Καὶ
2705 1946 2949 2011 δύνοντος
2969 1947 3061 2001 τοῦ
3089 1947 3243 2017 ἡλίου
3269 1946 3485 2019 ἔρριψαν
3508 1945 3562 1997 τὸ
3586 1945 3712 2015 σῶμα

2189 2039 2355 2093 αὑτοῦ
2399 2040 2479 2103 είς
2530 2039 2817 2118 φάραγγα,
2846 2039 2939 2093 καὶ
2995 2038 3160 2111 σωρῷ
3205 2038 3334 2092 αὑτὸ
3364 2038 3516 2091 λίθων
3543 2037 3715 2107 ἐπέχω-

2190 2149 2310 2191 σαν.
3291 2174 3341 2197 ν
3362 2178 3367 2184 .

2259 2224 2324 2278 Οί
2350 2224 2406 2279 δὲ
2425 2222 2780 2286 Γαϐαωνῖται,
2800 2220 3002 2275 τούτων
3036 2219 3142 2285 τὰς
3177 2220 3482 2294 πολιορκίας
3509 2218 3709 2289 πυθόμι·

2190 2331 2270 2368 νοι
2324 2314 2595 2388 (ὑπῆρχον
2629 2313 2737 2386 γὰρ
2773 2311 2950 2366 αὐτῶν
2985 2311 3410 2382 ἀστυγείτονες),
3434 2309 3710 2381 πανούργως

2187 2407 2312 2469 τοὺς
2369 2404 2699 2477 Ἰσραηλίτας
2757 2403 3231 2473 κατασοφίζονται.
3260 2398 3435 2458 Ἦσαν
3475 2402 3531 2472 (ί.
3557 2401 3620 2463 ὡς
3639 2397 3708 2470 av]

2187 2497 2298 2570 γὰρ
2324 2497 2397 2570 μὴ
2428 2498 2730 2568 φθάσαντες
2783 2500 2849 2568 τῇ
2888 2496 3037 2551 πόλει
3070 2496 3254 2551 αὑτῶν
3305 2494 3708 2568 παρεμϐάλωσιν,

2189 2590 2492 2644 ὑπαντῶσιν
2520 2592 2704 2654 αὑτοῖς
2733 2590 2934 2661 ἐσθῆτα
2959 2592 3050 2644 καὶ
3080 2590 3402 2661 ὑποδήματα
3423 2585 3707 2659 διερρωγότα

2187 2683 2581 2753 ἠμφιεσμένοι,
2616 2684 2709 2737 καὶ
2744 2683 2977 2747 σάκκους
3016 2683 3199 2755 ἄρτων
3232 2664 3406 2753 ξηρῶν
3458 2679 3542 2734 καὶ
3568 2679 3708 2748 εὑρωη

2187 2774 2463 2841 τιώντων,
2497 2775 2591 2828 καὶ
2640 2776 2843 2839 άσκοὺς
2888 2775 3153 2840 παλαιοὺς
3198 2772 3597 2847 ὲπηχθισμένοι,
3627 2771 3708 2839 9d-

2188 2882 2408 2931 mvtec
2436 2868 2618 2931 αὐτοῖς
2635 2884 2651 2899 ο
2679 2885 2699 2918 ι
2734 2868 2799 2921 Ἡ
2827 2867 2925 2938 μὲν
2950 2867 3104 2931 πόλις
3131 2867 3288 2940 ἡμῶν
3318 2866 3446 2920 πολὺ
3469 2866 3550 2933 ἀφ’
3571 2861 3718 2933 ἡμῶν·

2185 2956 2435 3031 διέστηκε
2454 2976 2467 2991 ·
2497 2960 2623 3024 τοὺς
2655 2959 2763 3032 γάρ
2789 2959 2987 3032 ἄρτους
3007 2960 3236 3025 τούτους
3273 2959 3488 3031 νεαροὺς
3514 2952 3705 3026 ἐφωδιά-

522 3068 645 3113 vum
676 3061 814 3116 erat,
843 3068 967 3107 cum
1016 3053 1311 3118 induimus,
1344 3054 1623 3125 calceique
1656 3056 1802 3121 novi,
1835 3071 1958 3111 eum
1989 3072 2084 3113 eos

2189 3049 2431 3122 σθημεν,
2488 3053 2581 3107 καὶ
2624 3053 2723 3124 τὴν
2773 3053 2979 3123 ἐσθῆτα
3030 3054 3097 3124 ἢν
3148 3051 3497 3124 περικείμεθα
3553 3045 3705 3115 καινὴν

520 3145 748 3218 pedibus
778 3146 1153 3218 adaptavimus
1181 3165 1196 3214 ;
1221 3148 1314 3202 sed
1344 3147 1457 3203 haec
1484 3149 1664 3205 omnia
1711 3149 1928 3219 longum
1955 3165 2083 3220 pro-

520 3236 851 3308 ductumque
899 3238 1003 3294 iter
1050 3237 1286 3294 confecit
1344 3239 1664 3301 inveterata,
1721 3239 1857 3297 lnite
1917 3241 2083 3313 igitur

517 3327 803 3390 nobiscum
828 3344 1035 3399 pacem,
1062 3338 1115 3386 et
1138 3332 1191 3386 in
1207 3332 1498 3388 amicitiam
1530 3330 1811 3403 fmilusque
1840 3340 2081 3388 vestrum

517 3436 619 3481 nos
654 3421 941 3482 admittite.
978 3441 997 3474 ι
1020 3422 1467 3481 EtbeatusJesus
1486 3423 1849 3495 jurejurando
1888 3424 2080 3479 amici-

516 3514 645 3569 tiam
684 3529 806 3569 cum
858 3513 966 3570 illis
1006 3514 1245 3569 habitam
1288 3515 1532 3571 stabiliit.
1578 3514 1863 3586 Deinceps,
1887 3528 2078 3570 eorum

514 3603 640 3663 dolo
688 3615 988 3677 comperto,
1018 3608 1085 3661 ab
1141 3607 1243 3672 eis,
1291 3623 1359 3663 ne
1394 3607 1779 3679 jusjurandum
1828 3608 2077 3673 violaret,

519 3695 803 3761 abstinuit,
833 3696 926 3751 sed
976 3696 1117 3768 ligna
1145 3705 1198 3751 et
1232 3712 1427 3767 aquam
1473 3696 1840 3760 lsraelitarum
1879 3698 2078 3776 populo

511 3785 803 3855 advehere,
827 3802 926 3867 pro
951 3786 1141 3849 fraude
1155 3786 1342 3860 jussit,
1372 3858 1379 3865 ⁸

583 3961 689 4023 Sed
719 3962 1078 4028 Adonlbezec,
1098 3979 1189 4019 rex
1208 3963 1565 4032 Hierusalem,
1588 3964 1927 4032 Gabaonitls,
1953 3964 2077 4023 tan-

510 4070 675 4126 quam
704 4055 813 4111 illis
846 4055 940 4127 qui
971 4055 1039 4112 ad
1067 4055 1341 4114 lsraelitas
1380 4058 1566 4114 hostes
1582 4058 1935 4124 defecissent,
1965 4059 2077 4115 ira-

510 4156 621 4211 tus,
673 4163 863 4203 omnes
915 4147 1173 4205 finitimos
1226 4165 1382 4221 reges
1426 4152 1530 4207 sibi
1565 4152 1770 4207 auxilio
1806 4152 2066 4223 jungens,

509 4236 691 4302 Elam
716 4255 897 4310 regem
928 4239 1202 4307 Chebron,
1227 4250 1282 4297 et
1311 4240 1540 4299 Phidom
1572 4258 1750 4313 regem
1780 4242 2069 4309 Jerimuth,

507 4338 563 4387 ct
589 4329 755 4401 Sipha
792 4347 972 4401 regem
1008 4331 1227 4400 Laehis,
1258 4348 1359 4387 nec
1393 4349 1503 4389 non
1532 4341 1585 4388 et
1611 4332 1722 4387 Dad
1753 4349 1933 4405 regem
1971 4334 2074 4389 Sa-

506 4420 1463 4487 dollam,castrametatus,obsidione
1480 4424 1757 4495 premebat
1777 4424 2068 4485 Gabaon".

507 4510 820 4571 Gabaonitze
846 4513 1005 4569 malis
1019 4514 1287 4585 oppressi,
1306 4515 1510 4586 legatos
1531 4517 1750 4573 mittunt
1769 4514 1835 4569 ad
1858 4513 2066 4580 Jesum,

502 4605 597 4677 qui
629 4606 683 4663 iu
716 4604 952 4677 Galgalis
981 4622 1105 4662 cum
1144 4617 1309 4671 esset,
1352 4608 1469 4662 acie
1502 4622 1569 4665 ex
1608 4606 1837 4662 adverso
1863 4608 2068 4667 instru-

504 4705 615 4761 cta,
640 4712 967 4769 congressus
1025 4707 1110 4755 est
1169 4697 1445 4771 fugatique
1503 4700 1817 4769 alienigenae
1863 4701 2061 4771 partim

504 4786 683 4859 gladio
729 4788 1055 4849 occubuere,
1117 4788 1313 4859 partim
1374 4787 1654 4857 grandine.
1711 4785 2064 4858 Fugientibus

502 4878 646 4934 enim
675 4877 818 4934 Deus
848 4879 1165 4949 grandinem
1212 4879 1472 4944 immittit,
1499 4890 1621 4950 qua:
1665 4878 1850 4950 plures
1880 4878 2064 4933 inimi-

502 4986 690 5027 corum
720 4986 881 5041 quam
927 4971 1126 5030 bellum
1168 4972 1480 5027 interemit:
1531 4980 1593 5028 ut
1616 4978 1795 5027 autem
1841 4972 2065 5027 omnino

499 5078 596 5119 eos
628 5060 830 5118 deleret
861 5059 1040 5129 Jesus,
1074 5061 1241 5119 Deum
1271 5064 1464 5128 oravit,
1493 5075 1552 5118 ut
1572 5063 1713 5120 diem
1745 5071 1941 5133 prater
1969 5078 2066 5116 κιο-ι

498 5161 635 5211 ωηο
653 5153 895 5210 ordinem
918 5155 1459 5226 protraheretversus
1485 5153 1728 5219 Gabaon,
1743 5154 1876 5210 solis
1899 5169 2064 5210 cursu

501 5247 783 5319 impedito,
820 5257 874 5306 et
905 5265 1095 5305 versus
1141 5248 1334 5304 vallem
1372 5249 1583 5311 Arnen,
1621 5248 1799 5314 lunae;
1829 5256 1882 5303 et
1919 5245 2060 5303 Deus

499 5339 668 5397 solem
703 5357 734 5398 a
766 5358 931 5399 cursu
983 5342 1183 5407 arcuit,
1230 5350 1284 5398 et
1323 5328 1839 5417 lunam,quousque
1877 5342 1931 5397 in
1976 5342 2063 5398 die

500 5432 734 5504 integro,
770 5434 954 5490 hostes
974 5433 1247 5504 prmdatus
1274 5446 1377 5491 est.
1428 5434 1681 5505 Quinque
1705 5443 1888 5489 autem
1925 5449 2060 5505 gen-

498 5524 634 5583 tium
658 5539 813 5597 reges
842 5526 1003 5584 Iesus
1047 5526 1193 5586 Nave
1239 5541 1363 5585 cum
1394 5527 1631 5601 abditos
1663 5528 1962 5584 invenisset
2005 5527 2061 5585 in

2109 3108 2219 3213 δὴ

2225 3143 2555 3215 μφιέσμεθα,
2592 3146 2685 3199 καὶ
2716 3146 2782 3203 τά
2810 3146 3132 3217 ὑποδήματα
3173 3146 3270 3200 νέα
3306 3146 3416 3208 τοὶς
3447 3141 3585 3196 ποσὶν
3623 3140 3705 3193 ὑπ.

2181 3236 2445 3308 εϐάλομεν
2464 3254 2477 3268 ·
2507 3239 2601 3291 καὶ
2631 3237 2805 3293 ταῦτα
2831 3238 3008 3292 πάντα
3028 3238 3088 3292 τὸ
3111 3239 3291 3309 μῆκος
3314 3238 3409 3308 τῆς
3450 3232 3560 3288 ὁδοῦ
3599 3247 3703 3285 κατ-

2178 3330 2390 3404 έτριψε,
2415 3332 2510 3384 καὶ
2541 3331 2868 3390 ὲπαλαίωσε.
2896 3329 3158 3385 Διάθεσθε
3183 3326 3275 3383 οὖν
3312 3327 3443 3401 πρὸς
3487 3325 3616 3396 ἡμᾶς
3637 3322 3699 3375 είς

2182 3423 2372 3494 ρήνην,
2403 3422 2496 3476 καὶ
2516 3422 2703 3493 φίλους
2734 3423 2890 3495 ἡμῶν
2912 3423 3310 3495 καταστήσατε.
3334 3440 3353 3474 i
3384 3419 3488 3473 Kal.
3507 3420 3532 3472 ό
3555 3414 3698 3487 μακά-

2182 3530 2300 3586 ριος
2337 3514 2545 3587 Ἰησοῦς
2588 3516 2770 3587 ὅρκοις
2813 3516 3035 3588 εἰρήνην
3065 3513 3169 3585 τὴν
3213 3515 3348 3587 πρὸς
3389 3513 3569 3575 αὐτοὺς
3605 3510 3699 3561 ἐπι·

2181 3602 2442 3658 στώσατο.
2475 3604 2737 3675 Ὕστερον
2782 3605 2838 3658 δὲ
2892 3604 2989 3675 τὴν
3030 3606 3365 3677 πανουργίαν
3406 3601 3567 3656 αὑτῶν
3605 3602 3695 3652 ἔτι·
3792 3680 3796 3687 ι

2178 3696 2359 3765 γνοὺς,
2381 3696 2635 3764 ἐφείσατο
2666 3696 2762 3767 μὲν
2795 3696 2973 3749 αὐτῶν
2999 3696 3085 3753 διὰ
3108 3698 3206 3749 τὸν
3233 3696 3409 3768 ὅρκον,
3434 3690 3694 3762 ξυλοφορεῖν

2177 3786 2237 3841 δὲ
2269 3788 2363 3848 καὶ
2395 3788 2707 3861 ὑδροφορεῖν
2727 3789 2838 3851 τοῖς
2871 3787 3234 3860 Ἰσραηλίταις
3254 3790 3374 3843 ἀντὶ
3401 3787 3495 3857 τῆς
3517 3783 3693 3851 ἀπάτης

2178 3877 2534 3951 προσέταξεν.

2260 3967 2564 4040 Ὀργισθεὶς
2591 3969 2648 4027 δὲ
2681 3967 3030 4033 ’Δδωνιϐεζὲκ
3047 3969 3077 4025 δ
3101 3967 3353 4038 βασιλεὸς
3391 3962 3690 4039 Ἰερουσαλὴμ

2175 4060 2269 4116 ἐπὶ
2293 4060 2352 4114 τὸ
2372 4059 2740 4131 αὐτομολῆσαι
2769 4063 2883 4124 τοῖς
2919 4060 3276 4131 Ἰσραηλίταις
3306 4062 3428 4124 τοὺς
3458 4053 3687 4111 Γαϐαωνί-

2175 4173 2292 4220 τας,
2325 4154 2644 4226 συμμάχους
2669 4156 2795 4220 τοὺς
2828 4155 3234 4227 πλησιοχώρους
3268 4155 3440 4209 λαϐὼν
3472 4149 3687 4224 βασιλεῖς.

2172 4247 2264 4301 τὸν
2296 4245 2476 4316 Αίλὰμ
2508 4244 2731 4316 βασιλέα
2763 4244 3020 4317 Χεϐρὼν,
3047 4246 3142 4299 καὶ
3188 4245 3280 4299 τὸν
3322 4242 3482 4297 Φιδὼν
3506 4240 3584 4293 τὸν
3609 4236 3686 4304 τῆς

2186 4336 2469 4410 Ἰεριμοὺδ,
2505 4335 2599 4390 καὶ
2629 4334 2769 4405 Σιφά
2799 4336 2893 4390 τὸν
2920 4336 3137 4406 Λαχεὶς,
3167 4335 3248 4391 ἐτι
3294 4335 3348 4389 δὲ
3383 4334 3472 4389 καὶ
3500 4331 3579 4385 τὸν
3603 4324 3688 4381 Adi

2106 4461 2147 4517 ο
2173 4429 2271 4499 τῆς
2326 4426 2629 4497 Σοδολλὰμ,
2670 4426 3126 4497 ἐστρατοπέδευσε
3166 4427 3304 4504 πρὸς
3357 4425 3565 4485 αὑτοὺς,
3593 4416 3684 4517 Δκαὶ

2171 4519 2476 4593 ἐπολιόρκει
2507 4519 2601 4589 τὴν
2630 4517 2873 4575 Γαϐαών.
2909 4520 2969 4572 Ol
3003 4519 3060 4572 δὲ
3081 4518 3411 4573 Γαϐαωνῖται
3442 4511 3682 4583 συνεχόμε-

2172 4627 2251 4665 νοι
2283 4610 2670 4683 πρεσϐεύονται
2703 4611 2841 4682 πρὸς
2884 4608 3104 4680 Ἰησοῦν.
3157 4610 3213 4663 '0
3255 4609 3312 4663 δὲ
3354 4611 3409 4662 ὲν
3439 4602 3682 4670 Γαλγάλοις

2169 4702 2267 4769 ὢν,
2296 4701 2758 4774 ἀντιπαρετάξατο
2785 4702 2988 4764 αὑτοῖς,
3011 4702 3103 4755 καὶ
3135 4699 3406 4772 συμϐολῆς
3432 4692 3680 4766 γενομένης

2170 4793 2555 4867 ἑτροπώθησαν
2585 4794 2636 4848 οἱ
2695 4792 3013 4862 ἀλλόφυλοι·
3069 4794 3162 4847 καὶ
3213 4794 3264 4847 οἱ
3308 4793 3403 4863 μὲν
3452 4787 3576 4856 ξίφει
3618 4781 3678 4833 δι-

2171 4885 2505 4957 εφθάρησαν,
2544 4887 2593 4939 οἱ
2623 4885 2681 4940 δὲ
2713 4883 2940 4957 χαλάζῃ.
2975 4886 3283 4954 Φευγόντων
3316 4882 3421 4955 γὰρ
3454 4876 3625 4938 αὐτῶν,
3652 4871 3675 4923 6

2170 4978 2303 5041 Θεὸς
2333 4978 2573 5049 χάλαζαν
2616 4978 2799 5040 αὑτοῖς
2835 4976 3259 5049 κατώμϐρησεν,
3289 4976 3407 5046 ἥτις
3443 4969 3673 5025 πλείστους

2170 5070 2280 5125 τῶν
2305 5072 2560 5124 ἐναντίων
2595 5071 2793 5132 ἁνείλε,
2822 5070 2967 5141 ἢπερ
2992 5071 3020 5123 ό
3045 5069 3295 5141 πόλεμος.
3324 5069 3432 5121 Ἵνα
3452 5065 3504 5118 δὲ
3530 5061 3671 5115 τέλεον

2170 5161 2467 5237 ἐξαφανίσῃ
2489 5164 2684 5226 αὑτοὺς
2728 5161 2955 5237 Ἰησοῦς,
2987 5161 3188 5233 ηὔξατο
3204 5161 3280 5233 τῷ
3300 5159 3432 5230 Θεῷ,
3447 5159 3575 5217 ὅπως
3595 5150 3669 5220 τὴν

2166 5254 2378 5326 ἡμέραν
2401 5254 2549 5324 παρὰ
2582 5254 2741 5326 φύσιν
2778 5252 2992 5325 μηκύνη
3018 5255 3201 5318 αὑτοῖς
3236 5254 3429 5324 στήσας
3450 5248 3530 5302 τὸν
3553 5244 3667 5316 ἥλιον

2168 5345 2309 5400 κατά
2348 5344 2590 5410 Γαϐαὼν,
2624 5346 2718 5400 καὶ
2746 5346 2846 5415 τὴν
2881 5347 3107 5420 σελήνην
3138 5347 3275 5405 κατὰ
3311 5342 3549 5414 φάραγγα
3579 5334 3666 5402 Ἆρ’

2166 5435 2291 5488 νῶν.
2326 5436 2436 5490 Καὶ
2481 5436 2706 5509 ἔστησεν
2733 5439 2762 5491 ό
2792 5437 2925 5502 Θεὸς
2965 5439 3150 5497 στάσει
3176 5438 3265 5491 τὸν
3294 5436 3434 5507 ἥλιον
3473 5428 3554 5485 καὶ
3588 5422 3665 5491 τὴν

2169 5528 2418 5600 σελήνην,
2452 5528 2558 5591 ἕως
2612 5524 2675 5584 οὑ
2725 5531 3061 5608 πανημέριον
3110 5533 3231 5594 τοὺς
3272 5526 3534 5599 πολεμίους
3554 5516 3661 5589 ll“

573 5697 862 5761 ’³1οι.ιιι.
932 5702 1120 5767 ,⁸³1οι.
1155 5722 1240 5783 ιηι
1302 5706 1351 5777 ξι
1376 5705 1491 5762 los.
1527 5722 1645 5763 riu.
1722 5704 1908 5763 "los.
1951 5721 2028 5765 ix.

2179 5704 2289 5765 los.
2319 5723 2385 5790 γι,
