3962 6202
241 201 351 258 793
1159 207 1436 267 SPURIA.
1469 239 1540 253 —-
1572 206 1933 275 GOMMENT.
1979 206 2046 264 IN
2079 203 2575 275 HEXAEMERON.
3355 211 3472 277 ποι

236 323 379 387 Τοὺς
411 322 469 378 δέ
519 323 680 377 πέντε
723 323 962 396 βασιλεῖς
1011 326 1122 381 τῶν
1171 328 1341 383 ἐθνῶν
1385 327 1592 401 Ἰησοῦς
1640 329 1670 381 ό
1711 325 1793 380 τοῖ

1910 327 2191 399 spelunca,
2228 326 2456 403 supinos
2486 324 2636 381 humi
2673 324 2968 397 projectos,
3000 333 3054 381 et
3087 341 3118 382 a
3146 328 3344 398 populo
3377 345 3474 384 su-

236 414 397 486 Ναυῆ
448 417 850 488 κρυπτομένους
894 417 1103 492 εὑρὼν,
1153 421 1233 485 είς
1273 420 1532 492 σπήλαιον
1583 418 1793 482 ὑπτίους

1906 435 2005 490 per
2023 416 2166 475 collo
2200 419 2555 475 conculcatus
2590 417 2883 483 interemit,
2926 426 2980 474 et
3021 433 3208 474 eorum
3238 414 3472 490 corpora

236 507 336 559 ἐπὶ
363 507 465 577 τῆς
491 507 610 578 γῆς,
648 510 870 581 ῥιφῆναι
914 511 1111 574 αὑτοὺς
1154 511 1450 583 πρόσιταξε
1471 554 1487 579 ,
1519 512 1612 566 καὶ
1637 527 1793 566 καταε

1907 510 2070 583 lignis
2101 524 2360 581 appensa,
2387 508 2607 564 tandem
2638 508 2693 562 in
2718 509 2976 579 spelunca
3007 508 3239 579 sepeliit,
3268 518 3323 565 et
3353 525 3474 564 οω-

234 598 525 652 πατεῖσθαι
556 599 661 653 ὑπὸ
691 600 786 653 τοῦ
815 601 945 656 λαοῦ
985 604 1078 657 ἐπὶ
1119 604 1215 658 τοῦ
1242 604 1511 675 τραχήλου
1550 606 1793 676 ποιήσαςε

1904 602 2068 659 nibus
2095 616 2284 657 eorum
2330 600 2644 655 civitatibus
2680 600 2932 671 expilatis
2969 611 3282 655 montanam
3323 616 3472 656 cam-

231 690 522 745 ἁπέκτεινε
539 707 552 721 ·
579 691 671 746 καὶ
704 692 776 747 τὰ
802 692 1029 766 σώματα
1054 696 1233 750 αὑτῶν
1257 697 1349 751 ἐπὶ
1380 695 1538 764 ξύλου
1571 695 1793 767 ἀναρτή

1904 702 2249 764 pestremque
2276 694 2550 763 regionem
2586 692 2817 762 subegit.
3224 748 3235 757 ,

231 798 355 846 σας,
390 782 616 856 ὕστερον
648 785 728 849 είς
752 786 815 838 τὸ
851 788 1114 859 σπήλαιον
1139 788 1277 843 αὑτὰ
1303 788 1599 862 κατώρυξε.
1626 788 1812 852 Πάσας
1843 785 1901 840 δέ
1932 785 2031 850 τὰς
2063 785 2246 851 πόλεις
2273 785 2617 857 ἐκπορθήσας
2666 783 2865 850 αὑτῶν,
2930 786 3107 841 πᾶσαν
3131 784 3231 855 τὴν
3258 783 3472 857 ὀρεινὴν

230 874 328 928 καὶ
350 872 451 945 τὴν
477 874 697 946 πεδινὴν
724 875 976 944 ὑπέταξε.

316 964 496 1038 ’Δσὼρ
524 966 603 1030 δὲ,
628 969 657 1021 ό
685 967 934 1038 βασιλεὺς
974 969 1165 1037 Ἰασὶν,
1199 954 1521 1045 συμμάχους
1553 956 1677 1037 τοὸς
1707 971 1806 1027 πέ-

232 1055 320 1128 ριξ
352 1055 534 1110 λαϐὼν
591 1056 828 1128 βασιλεῖς
853 1101 867 1123 ,
909 1061 1105 1134 πολλὴν
1138 1067 1409 1135 συνήγαγε
1440 1064 1689 1136 δύναμιν,
1729 1064 1806 1129 ὡς

228 1144 450 1200 εἰκάσαι
482 1146 543 1199 τὸ
585 1146 793 1217 πλῆθος
823 1149 921 1220 τῆς
958 1152 1244 1222 στρατείας
1284 1153 1464 1206 αὑτῶν
1508 1156 1574 1225 τῇ
1618 1154 1809 1226 ἀναρι-

228 1235 430 1308 θμητῳ
452 1236 551 1307 τῆς
577 1236 849 1309 θαλάσσης
872 1239 1101 1312 ψάμμῳ,
1126 1243 1220 1295 καὶ
1235 1242 1698 1315 ἀντιπαρετάξατο
1724 1242 1803 1313 τῷ

239 1328 445 1400 Ἰησοῦ.
482 1329 540 1382 Ὀ
570 1329 628 1382 δὲ
656 1331 836 1395 αὑτοῖς
886 1332 1039 1402 ἄφνω
1089 1332 1363 1387 ἐπιπεσὼν
1401 1335 1605 1406 Ἰησοῦς
1643 1336 1803 1391 αὑτόν

222 1438 284 1475 τι
307 1423 407 1476 καὶ
429 1422 633 1487 πάντας
660 1425 786 1488 τοὺς
810 1425 1130 1497 συμμάχους
1151 1428 1452 1498 πανστρατὶ
1475 1427 1799 1497 κατέσφαξε,

224 1515 327 1569 καὶ
367 1516 495 1580 τοὺς
551 1516 750 1579 ἵππους
799 1517 975 1570 αὑτῶν
1019 1518 1443 1590 ἐνευροκόπησε,
1497 1519 1591 1575 καὶ
1624 1521 1801 1573 πᾶσαν

1978 963 2150 1020 Porro
2183 964 2322 1019 Asor
2359 980 2452 1019 rex
2479 961 2638 1019 Iabin
2659 964 2727 1031 ’⁷,
2758 980 2946 1021 omnes
2987 979 3145 1036 reges
3172 966 3384 1025 vicinos
3413 968 3469 1024 in

1910 1057 2171 1112 auxilium
2188 1064 2411 1110 vocatus
2431 1060 2747 1110 immensam
2764 1056 3044 1127 copiarum
3063 1058 3469 1116 multitudinem

1908 1148 2104 1217 coegit,
2131 1148 2206 1202 ita
2249 1154 2310 1200 ut
2342 1147 2725 1221 innumerabili
2756 1162 2933 1201 arenae
2965 1150 3134 1205 maris
3161 1150 3356 1205 similis
3386 1152 3470 1205 vi-

1906 1238 2152 1302 deretur,
2185 1240 2384 1309 quibus
2414 1256 2472 1293 se
2498 1224 2658 1294 Iesus
2684 1239 2958 1309 opposuit.
2974 1240 3044 1293 At
3070 1241 3158 1294 hic
3175 1241 3469 1312 improviso

1906 1330 2239 1400 irrumpens,
2264 1330 2441 1400 ipsum
2485 1344 2784 1401 omnesque
2811 1330 2932 1399 ejus
2963 1331 3257 1388 auxiliares
3284 1335 3469 1403 cupias

1904 1421 2276 1478 internecione
2311 1421 2528 1486 delevit,
2568 1432 2830 1493 artusque
2879 1437 3143 1492 equorum
3194 1425 3466 1493 abscidit,

1903 1525 1959 1572 et
1988 1531 2186 1572 .eorum
2222 1522 2421 1569 terram
2455 1518 2763 1570 universam
2804 1514 3063 1570 lsraelitis
3095 1516 3328 1586 partitus
3360 1525 3465 1573 est.

224 1605 412 1660 αὐτῶν
458 1608 557 1678 τὴν
586 1608 689 1677 γῆν
732 1610 845 1672 τοῖς
889 1608 1245 1680 Ἰσραηλίταις
1285 1609 1549 1680 διένειμε-
1596 1612 1662 1680 τῇ
1706 1610 1793 1680 μέη

1906 1608 1971 1664 Et
2016 1609 2182 1664 tribui
2239 1606 2430 1663 Ruben
2473 1607 2712 1677 sortibus
2753 1607 3018 1675 conjectis
3066 1606 3215 1665 dedit
3266 1616 3467 1663 terram

226 1697 373 1769 φυλῇ
403 1697 499 1751 τοῦ
538 1698 747 1753 Ῥουὸὶν
783 1699 880 1771 τὴν
908 1700 1015 1753 τῶν
1051 1701 1388 1775 Ἀμορραίων
1423 1703 1527 1777 γῆν
1555 1704 1800 1775 ἀπεκλή-

228 1806 376 1861 ρωσε
408 1790 503 1846 καὶ
529 1789 629 1862 τὴν
670 1791 962 1863 Ῥαφασὴν,
999 1793 1097 1864 τὴν
1131 1792 1187 1848 δέ
1237 1793 1343 1847 Γὰδ
1378 1793 1476 1866 τὴν
1502 1795 1671 1865 αὑτὴν
1698 1795 1801 1866 γῆν

221 1882 338 1936 τῶν
380 1882 745 1955 Ἀμορραίων,
769 1885 862 1939 καὶ
893 1884 955 1938 τὸ
986 1884 1157 1957 ἥμισυ
1219 1886 1358 1958 φυλῇ
1393 1888 1661 1960 Μανασσῆ
1696 1890 1802 1942 ἀπ-

221 1973 438 2044 ένειμε.
476 1975 570 2028 καὶ
597 1978 663 2046 τῇ
699 1976 839 2047 φυλῇ
880 1976 1046 2030 ’ἰούδα
1075 1976 1174 2050 τὴν
1197 1977 1304 2033 τῶν
1360 1979 1622 2052 Ἐϐραίων
1645 2018 1661 2045 ,
1706 1979 1800 2035 καὶ

217 2064 525 2127 Χετταίων,
582 2067 675 2120 καὶ
714 2066 811 2139 τὴν
859 2067 1133 2139 Ἐνακείμ.
1172 2071 1373 2141 Ἥγουν
1420 2070 1586 2127 Ἰούδα
1636 2071 1796 2145 φυλὴ,

220 2157 520 2229 σύμμαχον
554 2158 792 2213 λαϐοῦσα
831 2162 932 2233 τὴν
962 2163 1132 2233 φυλὴν
1166 2162 1421 2234 Συμεὼν,
1453 2165 1580 2227 τοὺς
1611 2165 1797 2218 Χαναο

218 2253 411 2317 ναίους
440 2253 536 2307 καὶ
583 2254 908 2324 Φερεζαίους
946 2255 1245 2328 ἐπόρθησε,
1279 2258 1373 2310 καὶ
1412 2256 1682 2328 φεύγοντα
1707 2258 1797 2312 τὸν

227 2344 590 2410 ’Δδωνιὸεζέιι
640 2346 1060 2418 χειρωσάμενοι,
1108 2349 1232 2413 τοὺς
1269 2349 1439 2413 πόδας
1480 2350 1644 2406 αὑτοῦ
1702 2350 1797 2405 καὶ

220 2436 323 2498 τὰς
355 2438 542 2507 χεῖρας
564 2439 1014 2510 ἠκρωτηρίασανο
1038 2441 1129 2493 καὶ
1157 2442 1578 2513 κατοδυρόμενος
1604 2445 1793 2499 ἐαυτὸν

215 2527 327 2599 εφη
352 2545 368 2558 ·
391 2548 410 2579 ι
438 2529 635 2595 Καθὼς
656 2531 1059 2604 ἐποίησα,οὑτω
1077 2550 1165 2604 μοι
1189 2535 1218 2586 ό
1247 2535 1377 2599 Θεὸς
1390 2537 1788 2595 ἁνταπέδωκεν.

230 2620 634 2692 Ἐὄδομήκοντα
664 2623 772 2696 γὰρ
826 2624 1094 2694 βασιλεῖς,
1140 2624 1210 2679 τὰ
1271 2627 1416 2699 ἄκρα
1461 2628 1568 2683 τῶν
1613 2627 1789 2683 ποδῶν

214 2711 404 2767 αὐτῶν
438 2713 530 2765 καὶ
559 2712 668 2767 τῶν
707 2714 903 2787 χειρῶν
932 2715 1345 2786 ἐκκεκομμένοι,
1373 2717 1630 2771 ὑποκάτω
1650 2713 1788 2791 ἦσαν

212 2802 319 2874 τῆς
362 2804 643 2877 τραπέζης
697 2824 797 2877 μου
850 2807 918 2862 τὰ
972 2808 1313 2879 ἐμπίπτοντα
1363 2810 1735 2878 ἀναλέγοντες.
1765 2830 1785 2865 ι

1903 1699 2366 1761 Amorrhzeorum,
2396 1705 2452 1753 et
2483 1698 2796 1769 Raphaseu,
2823 1705 2878 1753 et
2906 1696 3019 1752 Gad
3057 1698 3230 1769 ipsam
3263 1706 3465 1755 terram

1900 1791 2360 1854 Amorrhazorum,
2391 1799 2447 1846 et
2472 1791 2752 1846 dimidium
2784 1789 2947 1846 tribui
2974 1790 3257 1857 Manassm,
3281 1799 3335 1846 et
3366 1793 3466 1851 tri.-

1903 1885 1994 1939 bui
2022 1882 2177 1939 Iuda:
2208 1882 2559 1938 Hebraaorum
2582 1892 2636 1938 et
2664 1883 3051 1947 Cbettaeorum,
3072 1894 3126 1939 et
3154 1883 3463 1941 Enaciui".

1898 1970 2017 2031 Sed"
2038 1975 2191 2033 Iudae
2224 1976 2423 2041 tribus,
2456 1976 2600 2032 tribu
2629 1974 2863 2047 Symeou
2904 1976 2960 2031 in
3000 1977 3261 2034 auxilium
3292 1976 3465 2039 advoc-

1898 2075 2021 2122 cata
2042 2068 2109 2130 ”.
2167 2068 2538 2133 Cbauanaaos,
2582 2075 2637 2122 et
2680 2067 2998 2123 Plterezaaos
3053 2069 3293 2139 praedata
3331 2075 3462 2136 ,est;

1893 2174 2135 2230 eumque
2180 2159 2455 2231 cepissent
2484 2161 2789 2231 fugientem,
2822 2161 3185 2227 Adonibezec,
3221 2169 3462 2215 extrema

1896 2254 2095 2323 pedum
2138 2268 2203 2309 ac
2233 2269 2494 2309 manuum
2525 2254 2944 2319 obtruncarunt,
2984 2254 3079 2324 qui
3104 2253 3462 2324 semetipsum

1895 2345 2190 2416 deplorans
2236 2346 2413 2402 dixit:
2448 2364 2468 2398 ι
2503 2345 2967 2413 Quemadmodum
3015 2345 3140 2410 feci,
3196 2347 3271 2400 ita
3329 2344 3463 2400 mihi

1900 2438 2044 2518 Deus
2091 2439 2364 2494 retribuit.
2415 2437 2769 2510 Septuaginta
2816 2438 2962 2494 enim
3016 2453 3174 2508 reges
3217 2446 3462 2493 extrema

1896 2530 2129 2601 pedibus
2157 2546 2220 2586 ac
2254 2531 2505 2586 manibus
2535 2531 2730 2594 mutili,
2761 2531 2865 2590 sub
2892 2545 3083 2585 mensa
3106 2544 3224 2587 mea
3257 2544 3318 2585 ea
3342 2543 3463 2600 qua

1895 2622 2167 2678 cadebant
2213 2624 2558 2694 colligebant.
2598 2642 2619 2676 ι
2657 2622 2838 2679 Hicin
2872 2621 3207 2685 Hierusalem
3250 2622 3461 2679 delatus

1898 2715 2081 2770 subito
2103 2716 2281 2785 periit.
2303 2715 2490 2771 Tribui
2514 2714 2770 2786 Ephraim
2783 2716 3221 2779 Amorrliaaorum
3241 2721 3296 2768 et
3319 2712 3462 2768 Ριιοε-

1892 2822 2210 2869 relaeorum.
2241 2818 2293 2864 et
2316 2807 2746 2874 Samarzeorum,‘
2771 2815 2826 2862 et
2852 2806 3090 2863 dimidia:
3116 2807 3256 2878 parti
3284 2807 3462 2863 tribus

214 2896 520 2967 Κομισθαὶς
538 2894 721 2962 οὖνείς
736 2900 1089 2971 Ἰερουσαλὴμ
1108 2900 1420 2973 παραυτίκα
1437 2902 1692 2958 ἀπέθανε.
1706 2905 1784 2976 Τῇ

1897 2900 2160 2957 Manassae
2191 2899 2554 2963 Gersaéorum,
2586 2908 2641 2959 et
2674 2900 3116 2963 Amorrlizeorum
3147 2899 3338 2955 tribuit
3364 2897 3456 2955 αἰθε-

211 2988 272 3042 δὲ
289 2988 429 3059 φυλῇ
458 2989 692 3062 Ἐφραίμ
724 2991 942 3063 τὴντῶν
966 2994 1327 3066 Ἀμορραίων,
1345 2996 1438 3050 καὶ
1464 2996 1792 3069 Φερεζαίων,

1897 3008 1992 3049 sus
2024 3012 2037 3048 :
2067 2992 2413 3048 Hebraeorum
2450 3006 2579 3047 vero
2606 2999 2663 3047 et
2703 2992 3163 3054 Amorrhamrum,
3186 3000 3240 3046 et
3262 2989 3460 3047 Iebus-

213 3081 315 3134 καὶ
336 3079 663 3151 Σαμαραίων
683 3098 695 3111 ο
732 3082 826 3135 καὶ
874 3082 952 3153 τῷ
982 3084 1168 3155 ἡμίσει
1197 3088 1368 3158 φυλῆς
1398 3090 1664 3160 Μανασσῆ
1695 3090 1793 3163 τὴν

211 3170 327 3225 τῶν
341 3171 382 3222 Γ
383 3173 637 3242 ερσαίων,
656 3175 748 3227 καὶ
774 3176 1110 3249 Ἀμορραίων
1126 3179 1232 3250 γῆν
1248 3180 1539 3250 ἀπένειμεν
1567 3181 1790 3252 Ἰησοῦς·

214 3263 319 3333 τὴν
353 3263 411 3316 δὲ
438 3264 549 3316 τῶν
591 3265 875 3337 Ἑϐραίων,
921 3269 1016 3322 καὶ
1057 3271 1416 3344 Ἀμορραίων,
1463 3273 1557 3326 καὶ
1598 3273 1793 3326 Ἰεϐουσ-

215 3353 389 3406 σαίων
436 3357 503 3426 τῇ
535 3354 628 3409 τοῦ
688 3357 940 3429 Βενιαμὶν
989 3360 1413 3434 ἐκληροδότησε·
1473 3366 1535 3434 τῇ
1589 3363 1648 3418 δὲ
1695 3363 1789 3418 τοῦ

211 3445 443 3516 Συμεὼν
480 3448 580 3519 τὴν
620 3448 729 3503 τῶν
767 3451 1029 3522 Ἑϐραίων
1060 3455 1154 3507 καὶ
1199 3454 1540 3524 Φερεζαίων·
1581 3455 1677 3510 καὶ
1719 3459 1788 3531 τῇ

211 3537 311 3590 τοῦ
342 3539 625 3593 Ζαϐουλὼν
652 3542 751 3612 τὴν
792 3543 899 3597 τῶν
938 3545 1277 3616 Φερεζαίωνο
1307 3548 1404 3619 τὴν
1432 3548 1489 3601 δὲ
1527 3549 1637 3604 τῶν
1683 3552 1788 3605 Κι-

208 3625 381 3681 ναίων
423 3630 489 3698 τῇ
534 3629 879 3702 Νεφθαλείμ·
939 3635 1031 3687 καὶ
1078 3638 1145 3706 τῇ
1200 3634 1339 3706 φυλῇ
1394 3636 1487 3690 τοῦ
1534 3636 1641 3691 Δάν
1687 3638 1789 3710 τὴν

227 3721 603 3792 ’Δμορραίωψ
650 3724 716 3794 τῇ
760 3723 818 3777 δὲ
853 3725 992 3797 φυλῇ
1056 3727 1342 3800 Ἰσσάχαρ,
1392 3728 1488 3783 καὶ
1538 3732 1602 3802 τῇ
1646 3731 1785 3803 φυλῇ

225 3812 397 3883 Ἀσὴρ
421 3814 521 3885 τὴν
555 3814 663 3867 τῶν
689 3816 1012 3889 Φερεζαίων.
1045 3820 1261 3892 Ταύτην
1295 3824 1473 3876 πᾶσαν
1507 3822 1787 3894 διανείμας

208 3902 313 3973 τὴν
366 3904 469 3973 γῆν
517 3905 722 3976 Ἰησοῦς
769 3914 811 3980 ρ’
854 3908 950 3963 καὶ
993 3916 1023 3964 ι’
1067 3910 1266 3981 βιώσας
1321 3912 1444 3984 ἐτη,
1497 3914 1782 3969 ἀπέθανεν.

227 3992 553 4066 Ἐλεαζάρου
583 3997 639 4050 δέ
668 3998 763 4052 τοῦ
798 3998 916 4055 υίοῦ
971 3999 1178 4073 Ἀαρὼν
1223 4002 1638 4076 τελευτήσαντος
1684 4004 1784 4079 τὴν

211 4084 624 4155 ἀρχιερωσύνην
653 4086 808 4151 Φινές
835 4090 863 4141 ὁ
893 4089 1006 4152 υίὸς
1039 4090 1201 4143 αὑτοῦ
1231 4091 1513 4157 διεδέξατο.
1540 4092 1695 4147 Μετὰ
1725 4093 1783 4147 δέ

210 4177 311 4247 τὴν
345 4177 597 4250 τελευτὴν
642 4180 815 4250 Ἰησοῦ
853 4182 1011 4253 Ναυῆ
1039 4183 1090 4235 oi
1131 4184 1484 4256 Ἰσραηλῖται,
1515 4184 1784 4240 ἀποστάν-

208 4283 306 4330 τες
345 4268 436 4321 τοῦ
466 4269 628 4332 Θεοῦ,
678 4274 743 4342 τῇ
790 4272 1085 4349 Ἀστάρτῃ,
1117 4274 1446 4346 ἐλάτρευσαν
1492 4277 1586 4329 καὶ
1635 4292 1780 4350 παρ-

1894 3100 2128 3141 saeorum
2169 3084 2333 3139 tribui
2371 3084 2689 3154 Benjamin;
2716 3084 2881 3139 tribui
2924 3083 3157 3155 Symeon
3205 3082 3459 3139 Hebraeo-

1891 3192 2036 3240 rum.
2067 3185 2121 3232 et
2143 3175 2577 3239 Pherezzeorum,
2601 3184 2656 3231 et
2684 3176 2846 3232 tribui
2872 3175 3114 3231 Zabulon
3144 3174 3459 3231 Pheremo-

1891 3283 2035 3332 rum,
2064 3274 2119 3322 et
2146 3268 2308 3323 tribui
2338 3266 2681 3339 Neplithalim
2709 3269 3041 3334 (linteorum,
3063 3277 3118 3323 et
3147 3268 3312 3323 tribui
3342 3266 3458 3325 Dan

1890 3359 2353 3428 Amorrbaaorum,
2392 3369 2450 3415 et
2487 3360 2649 3415 tribui
2702 3359 2970 3424 lssachar,
3013 3368 3066 3415 et
3106 3360 3270 3415 tribui
3317 3360 3458 3416 Aser

1891 3450 2326 3507 Pherezu-orum.
2377 3450 2530 3506 Hanc
2561 3451 2869 3507 universam
2906 3460 3105 3505 terram
3145 3463 3270 3509 cum
3315 3448 3456 3504 divi-

1889 3544 2053 3599 sisset
2067 3542 2248 3607 Iesus,
2277 3544 2451 3599 etatis
2475 3558 2739 3597 annorum
2768 3550 2983 3599 centum
3004 3546 3059 3596 et
3086 3540 3270 3597 decem
3290 3554 3321 3594 e
3343 3539 3454 3594 vita

1888 3637 2127 3693 decessit
2143 3638 2209 3691 ³⁸.
2245 3638 2315 3692 Et
2338 3637 2595 3693 Eleazaro
2624 3638 2734 3692 lilio
2761 3639 2938 3692 Aaron
2974 3644 3189 3692 mortuo
3218 3636 3273 3690 in
3304 3650 3455 3690 suin-

1890 3744 1979 3784 mo
2005 3731 2313 3785 sacerdotio
2349 3729 2553 3786 Phiues
2598 3730 2720 3800 ejus
2768 3730 2913 3785 lilius
2956 3729 3239 3786 successit.
3281 3726 3452 3784 Caete-

1886 3834 2006 3873 rum
2043 3831 2166 3891 post
2199 3819 2327 3877 Iesu
2366 3821 2514 3875 Nave
2549 3820 2755 3876 obitum
2777 3820 2820 3852 “
2849 3819 3123 3883 Israelita,
3152 3834 3275 3875 cum
3301 3816 3453 3874 defe-

1885 3911 2090 3968 cissent
2119 3928 2150 3966 a
2179 3911 2309 3979 Deo,
2338 3913 2613 3969 Astartam
2642 3914 2881 3978 coluere,
2904 3921 2959 3969 et
2990 3911 3137 3968 dedit
3163 3912 3286 3968 illos
3306 3909 3450 3966 Deus

1883 4003 2129 4073 captivos
2174 4003 2521 4060 Chursathan
2569 4004 2829 4077 Syrorum
2867 4006 3000 4077 regi,
3037 4006 3131 4075 qui
3159 4021 3254 4061 eos
3281 4004 3448 4063 variis

1882 4096 2064 4151 modis
2086 4097 2380 4167 multisque
2422 4098 2713 4170 alnigebat,
2748 4100 2821 4154 ita
2851 4107 2911 4154 ut
2954 4114 3279 4171 magnOpere
3302 4100 3450 4156 cata.

1881 4186 2162 4244 mitatibus
2207 4188 2488 4260 defatigati
2524 4191 2815 4247 clamarint
2858 4188 2929 4245 ad
2975 4188 3182 4256 Deum,
3221 4188 3448 4260 datique

1881 4280 1991 4335 sint
2029 4281 2138 4335 illis
2168 4281 2404 4349 judices.
2434 4318 2437 4321 -

212 4357 418 4411 ἔδωκεν
470 4360 663 4425 αὐτοὺς
711 4362 1053 4436 ὑποχειρίους
1103 4367 1133 4419 δ
1178 4366 1310 4431 Θεὸς
1333 4367 1651 4441 Χουσαρθὰν
1705 4367 1805 4440 τῷ.
1832 4368 2019 4442 Σύρων
2071 4373 2281 4444 βασιλεῖ
2303 4413 2318 4439 ,
2389 4374 2536 4439 ὅστις
2601 4375 2683 4440 είς
2732 4373 2932 4447 πολλὴν
2985 4373 3211 4445 συνοχὴν
3248 4372 3447 4435 αὐτοὺς

209 4448 565 4521 κατέστησεν,
614 4451 693 4515 ὼς
734 4452 830 4506 ἐπὶ
879 4453 1013 4509 πολὺ
1064 4457 1540 4530 καταπονηθέντας
1608 4458 1806 4522 αὐτοὺς
1860 4458 2053 4532 βοῆσαι
2102 4462 2245 4535 πρὸς
2315 4462 2407 4519 τὸν
2461 4462 2628 4533 Θεὸν,
2680 4466 2776 4521 καὶ
2823 4465 3043 4538 δοθῆναι
3091 4466 3271 4531 αὐτοῖς
3318 4481 3446 4539 κριο

207 4543 332 4609 τάς.

314 4746 500 4805 αισι.
533 4766 610 4809 xt.
686 4753 733 4786 ³⁸
752 4751 872 4812 Ioc.
904 4769 1028 4812 xm.
1104 4756 1150 4791 ”
1170 4755 1299 4811 Iud.
1334 4772 1374 4813 ι.
1450 4755 1631 4815 "Ias.
1666 4772 1793 4815 xxrv

1897 4758 1938 4792 ἰ
1967 4756 2099 4817 Iud.
2125 4775 2208 4815 ιιι.

3428 5596 3437 5605 ι
