3924 6968
565 268 672 326 795

1897 262 2143 322 morus
2177 265 2451 323 ALLA'I'Il
2606 250 2610 258 '
3662 263 3743 326 795

572 434 3734 469 Μ

1514 581 2077 710 LEONIS
2168 578 2816 708 ALLATH

2126 835 2193 880 IN

771 989 1550 1110 EUSTATHII
1628 988 1807 1102 AN
1831 985 2156 1100 TIOC
2175 987 2460 1101 HEN
2472 989 2514 1099 Ι
2594 986 3571 1108 HEXAEMERON

1387 1228 1635 1292 ΝΟΤιΕ
1689 1223 2156 1291 UBERIORES
2180 1224 2297 1286 ΕΤ
2321 1226 2945 1296 COLLECTANEA.

629 1476 747 1531 Col.
770 1473 891 1537 707,
923 1474 976 1526 in
1017 1471 1260 1540 inscript.
1313 1469 1668 1524 Εὐσταθίου.
1722 1467 1796 1523 De
1830 1467 2113 1522 Eustathio
2143 1473 2189 1528 Α
2217 1471 2417 1525 tionem
2471 1480 2724 1542 exponat,
2761 1473 2852 1528 ubi
2906 1474 3048 1530 hanc
3091 1490 3288 1531 curam
3349 1476 3452 1533 sibi
3489 1477 3645 1534 fuisse
3675 1479 3750 1536 de.

561 1567 921 1628 Antiocheno,
941 1570 994 1618 et
1014 1563 1132 1632 ejus
1162 1561 1401 1631 scriptis,
1416 1563 1567 1630 plura
1588 1561 1640 1614 in
1666 1560 1978 1630 praefatione
2000 1575 2116 1614 mea

562 1660 628 1713 ad
664 1660 942 1714 lectorem.
978 1655 1076 1709 llic
1103 1655 1209 1708 duo
1235 1661 1466 1717 tantum,
1503 1669 1622 1722 quae
1654 1653 1723 1706 ibi
1758 1653 2009 1708 consulto
2041 1652 2120 1707 si-

563 1749 731 1805 lentio
765 1747 1083 1819 praetermisi
1135 1747 1415 1800 tractanda
1482 1746 1739 1814 suscipio.
1777 1744 1842 1797 Et
1887 1745 2118 1815 primum

563 1843 668 1898 erit
714 1841 1008 1895 discrimen
1055 1838 1194 1892 inter
1234 1837 1378 1891 hunc
1403 1844 1649 1891 nostrum
1676 1835 2035 1902 Eustathium,
2066 1842 2122 1889 et

564 1935 728 1989 alium
765 1931 1128 1996 Eustathium,
1171 1930 1262 2000 qui
1314 1928 1498 1982 Basilii
1545 1927 1720 1998 Magni
1758 1927 2118 1983 Hexaemeron

565 2028 621 2082 in
659 2027 897 2097 linguam
923 2023 1168 2078 Latinam
1202 2022 1487 2078 convertit.
1512 2019 1843 2084 Secundum,
1870 2014 2122 2075 ostende-

565 2134 686 2174 mus
739 2125 1012 2171 auctorem
1067 2116 1211 2169 hunc
1239 2123 1509 2178 nostrum,
1531 2112 1779 2183 quisquis
1820 2112 1908 2165 ille
1941 2111 2120 2174 fuerit,

570 2211 742 2265 fuisse
791 2207 1232 2279 antiquissimum
1286 2208 1389 2276 ipsi
1455 2205 1734 2260 Eustatbio
1787 2203 2124 2258 Antiocheuo

564 2315 823 2356 coaevum.
854 2298 918 2352 Et
953 2314 1085 2354 sane
1120 2298 1246 2352 dum
1280 2298 1461 2352 animo
1490 2312 1552 2352 ea
1581 2312 1702 2366 quae
1732 2295 1784 2349 in
1817 2295 1920 2349 hoc
1945 2295 2125 2349 libello

562 2394 933 2454 continentur,
969 2391 1250 2460 agitarem,
1285 2388 1693 2458 inveniremque
1721 2386 1906 2442 Basilii
1943 2384 2124 2456 Magni

564 2485 871 2546 sententiis,
905 2484 1193 2553 verbisque
1238 2497 1402 2552 super
1428 2481 1616 2537 eadem
1652 2480 1879 2534 materia
1913 2479 2125 2554 similli-

565 2598 653 2637 ma
698 2597 819 2653 qua:
868 2581 956 2634 hic
1016 2580 1306 2641 habentur,
1340 2578 1431 2632 diu
1470 2591 1558 2630 me
1587 2576 1745 2629 torsit
1771 2573 2041 2644 quomodo
2069 2573 2124 2628 id

566 2675 682 2730 ﬁeri
729 2674 924 2745 potuit,
961 2680 1020 2726 ut
1069 2672 1153 2726 vel
1198 2671 1432 2726 Basilius
1463 2669 1531 2722 ab
1568 2666 1872 2732 Eustathio,
1904 2666 1986 2720 vel
2017 2665 2124 2720 Eu-

566 2768 798 2824 stathius
837 2782 866 2820 a
896 2765 1118 2829 Basilio,
1153 2777 1381 2832 uterque
1406 2769 1460 2815 ct
1491 2762 1543 2813 in
1590 2759 1822 2814 dicendo
1861 2759 2126 2828 peritissi-

567 2875 708 2924 mus,
730 2873 831 2912 nec
864 2857 1050 2911 aliena:
1076 2855 1400 2910 elocutionis
1434 2851 1677 2906 subsidio
1714 2851 1978 2922 indigens,
2005 2865 2125 2905 eas-

565 2951 687 3006 dem
748 2950 1075 3013 sententias,
1121 2957 1175 3002 et
1225 2948 1421 3010 verba,
1479 2947 1791 3016 luminaque
1858 2945 2123 3000 orationis

565 3041 730 3098 fuerit
761 3048 1055 3096 mutuatus.
1083 3039 1394 3110 Sigebcrtus
1420 3039 1514 3093 lib.
1548 3038 1626 3093 De
1659 3038 1956 3092 illustribus
1988 3039 2122 3092 scri-

565 3135 801 3205 ptoribus
839 3133 1180 3188 ecclesiaticis
1199 3173 1213 3197 ,
1238 3145 1358 3199 cap.
1384 3131 1475 3196 21,
1510 3131 1562 3184 iu
1599 3131 1700 3185 hac
1726 3146 1784 3185 re
1815 3131 1984 3199 magis
2010 3129 2127 3182 ani-

566 3244 712 3282 mum
762 3227 984 3282 dubium
1040 3225 1290 3283 faciebat.
1322 3225 1451 3279 dum
1486 3225 1769 3288 scriberet,
1810 3223 2124 3278 Eustathius

569 3321 845 3375 transtulit
877 3319 940 3374 de
966 3318 1146 3372 Gra’co
1169 3320 1221 3370 in
1251 3316 1497 3369 Latinum
1535 3315 1905 3370 Hexaemeron
1932 3315 2127 3386 Basilii

566 3413 932 3468 Ca'sariensis.
956 3410 1167 3477 Quibus
1199 3408 1529 3464 Possevinus
1552 3405 1606 3459 in
1627 3402 1903 3473 Apparatu
1919 3407 2122 3463 haeret:

567 3503 717 3568 Quod
763 3518 881 3555 vero
930 3498 1225 3568 Sigebertus
1274 3498 1440 3568 inquit
1513 3514 1567 3550 in
1609 3495 1884 3568 Catalogo,
1929 3497 2126 3550 Eusta-

567 3596 732 3648 thium
765 3595 818 3647 in
857 3591 1104 3646 Latinum
1147 3591 1484 3645 transtulisse
1525 3589 1896 3645 Hexaemeron
1933 3590 2123 3644 Basilii

567 3684 926 3748 Caesariensis,
963 3683 1136 3737 nescio
1171 3681 1233 3735 de
1280 3697 1503 3752 quonam
1539 3681 1700 3734 dicat.
1738 3678 2122 3734 Existimabam

567 3772 904 3848 Sigebertum
923 3778 1333 3840 hallucinatum,
1347 3781 1400 3830 et
1422 3773 1760 3829 Eustathium
1781 3773 1959 3842 potius
1976 3787 2124 3826 com-

566 3870 868 3938 pilatorem,
887 3869 999 3923 sive
1015 3867 1420 3936 epitomatorem
1441 3865 1623 3935 operis
1648 3864 1903 3918 Basiliani
1934 3863 2120 3924 fuisse,

564 3975 674 4014 non
702 3959 1069 4029 interpretem.
1095 3959 1294 4014 Verum
1328 3974 1357 4011 a
1391 3956 1659 4012 sententia
1687 3955 1966 4010 detorsere
1991 3955 2124 4010 Cas-

566 4051 818 4108 siodorus
866 4051 960 4106 lib.
1011 4052 1084 4106 De
1133 4053 1460 4106 institutione
1491 4051 1787 4104 divinarum
1818 4047 2122 4116 Scriptura-

2218 1561 2523 1614 maudatam
2579 1563 2796 1625 asserit,
2834 1571 2890 1616 ut
2937 1581 3074 1635 opus
3134 1567 3353 1622 scilicet
3399 1570 3568 1623 sancti
3595 1568 3750 1625 Basilii

2218 1652 2458 1722 episcopi
2506 1651 2694 1709 Graeco
2737 1671 2986 1712 sermone
3012 1660 3397 1729 conscriptum
3430 1665 3751 1719 monumentis

2219 1743 2412 1813 lingua:
2445 1743 2667 1802 Latialis
2703 1747 2985 1813 insereret,
3019 1764 3050 1803 a
3083 1748 3403 1822 Syucletica
3452 1751 3744 1817 diacouissa,

2218 1837 2304 1892 cui
2329 1844 2382 1891 et
2413 1839 2610 1908 paruit,
2641 1847 2696 1895 et
2725 1855 2942 1910 operam
2973 1857 3131 1896 suam
3158 1842 3395 1900 ﬁdeliter
3419 1845 3662 1900 exhibuit.

2289 1931 2515 1999 Quidam
2547 1933 2883 1990 allirmarunt
2898 1936 3061 2006 hujus
3085 1935 3423 2008 Syncleticze
3445 1936 3742 1998 diaconissaa.

2219 2021 2287 2076 ad
2328 2039 2489 2092 quam
2535 2023 2855 2082 Eustathius
2884 2042 3041 2082 suum
3071 2043 3218 2097 opus
3249 2026 3453 2098 dirigit.
3477 2029 3746 2083 meminisse

2223 2111 2524 2179 Sedulium,
2569 2117 2865 2188 multisque
2907 2134 3024 2173 eam
3056 2126 3414 2189 prosecutum
3457 2119 3683 2173 laudibus
3706 2121 3744 2172 in

2221 2207 2538 2277 praefatione
2579 2211 2760 2278 operis
2813 2209 3117 2264 Paschalis.
3168 2209 3303 2276 Quae
3355 2210 3401 2265 si
3464 2226 3580 2265 vera
3625 2219 3743 2270 sunt.

2223 2298 2563 2356 Eustathium
2605 2301 2952 2372 interpretem
3002 2300 3234 2356 Sedulio
3264 2317 3502 2356 cozevum
3545 2309 3746 2369 tempore

2224 2395 2512 2452 Theodosii
2544 2394 2792 2450 floruisse
2836 2393 3155 2450 necessario
3186 2392 3458 2449 fatendum
3479 2400 3574 2455 est,
3603 2393 3741 2446 maxi-

2225 2505 2420 2559 meque
2474 2503 2570 2544 eos
2623 2488 2801 2559 decipi
2852 2488 2943 2558 qui
2998 2486 3275 2542 Junilium
3318 2502 3384 2542 eo
3432 2486 3740 2556 antiquiorem

2223 2585 2580 2646 constituunt,
2629 2595 2753 2636 cum
2798 2577 2988 2634 Junilii
3048 2585 3107 2634 et
3169 2577 3377 2634 Sedulii
3411 2586 3630 2648 tempora
3656 2591 3739 2630 non

2223 2673 2450 2726 multum
2483 2671 2707 2726 distent.

2297 2763 2401 2818 Sed
2445 2765 2512 2819 de
2550 2763 2887 2817 Antiocheno
2913 2767 3142 2816 auctore
3172 2760 3338 2830 hujus
3370 2764 3629 2818 tractatus,
3652 2771 3738 2826 quo

2225 2859 2431 2914 scilicet
2479 2864 2720 2928 tempore
2748 2857 2962 2918 vixerit,
2997 2869 3313 2910 sermonem
3342 2854 3622 2911 instituere,
3641 2863 3737 2903 cum

2224 2958 2562 3022 compertum
2593 2951 2664 3006 sit
2689 2951 2740 3003 in
2771 2949 3022 3012 historia,
3059 2962 3248 3018 operae
3277 2947 3503 3017 pretium
3543 2957 3633 2997 non
3653 2947 3733 2995 est.

2223 3045 2612 3116 Argumentum
2639 3050 2818 3097 tamen
2847 3040 3323 3098 evidentissimum
3359 3039 3497 3092 illius
3521 3035 3670 3091 aetatis
3693 3031 3735 3084 in

2223 3136 2328 3190 hoc
2360 3135 2478 3204 ipso
2501 3148 2662 3203 opere
2694 3131 2955 3186 habemus
2987 3145 3108 3200 pag.
3143 3129 3236 3191 83.
3267 3127 3378 3191 ubi,
3414 3140 3529 3181 cum
3570 3122 3625 3176 de
3653 3120 3733 3173 line

2223 3234 2277 3283 et
2321 3226 2788 3281 consummatione
2819 3223 2980 3292 hujus
3022 3221 3215 3275 mundi
3256 3218 3645 3289 disputationem
3671 3213 3732 3264 in-

2223 3321 2508 3383 stituisset,
2533 3334 2692 3389 quem
2723 3325 2930 3373 tantum
2965 3315 3030 3369 ad
3064 3331 3337 3370 annorqu
3370 3328 3460 3367 sex
3486 3310 3630 3364 millia
3653 3306 3729 3359 du-

2223 3420 2467 3466 raturum
2509 3409 2886 3470 contendebat,
2917 3418 2968 3462 Θῐ
3001 3417 3318 3461 accuratam
3349 3415 3592 3457 annorum
3624 3411 3728 3450 enu-

2223 3501 2574 3555 merationem
2600 3505 3038 3568 prosequeretur,
3072 3503 3137 3549 ut
3167 3495 3259 3565 qui
3288 3493 3612 3564 praeterierat,
3627 3483 3725 3554 quid

2224 3593 2400 3646 adhuc
2420 3589 2657 3644 futurum
2683 3597 2864 3660 posset
2879 3590 3184 3658 exspectari
3209 3585 3403 3657 legenti
3429 3581 3720 3653 signiﬁcaret,

2223 3699 2382 3739 suum
2412 3688 2721 3751 computum
2745 3680 2808 3734 ad
2849 3680 3189 3736 tricesimum
3217 3693 3417 3733 annum
3442 3667 3721 3730 Constantini

2223 3777 2352 3845 imp.
2380 3775 2691 3845 perductum
2724 3773 2858 3835 linit,
2884 3772 3020 3827 alios
3049 3787 3229 3827 annos
3249 3768 3642 3841 praetermittens.
3665 3757 3723 3811 Si-

2221 3882 2384 3936 gnum
2405 3881 2532 3937 ergo
2555 3865 2682 3919 dum
2705 3864 2818 3918 haec
2835 3864 2922 3918 hic
2945 3872 3139 3918 auctor
3168 3865 3446 3923 scriberet,
3461 3871 3612 3911 annos
3629 3865 3720 3905 tan-

2222 3965 2334 4011 tum
2355 3965 2662 4012 numeratos
2687 3974 2785 4011 nec
2803 3957 2985 4026 plures
3009 3956 3178 4012 fuisse
3191 3957 3422 4026 elapsos,
3438 3963 3560 4020 quos
3576 3944 3720 4011 utique

2223 4067 2330 4105 non
2363 4051 2658 4116 tacuisset;
2693 4049 2744 4102 id
2777 4048 2919 4103 enim
2949 4055 3068 4103 erat
3095 4049 3244 4103 illius
3275 4029 3719 4101 institutumllu“d

565 4159 684 4196 rum
709 4157 727 4196 :
758 4141 1030 4204 Geneseos,
1084 4143 1281 4213 inquit,
1334 4142 1593 4210 principia
1622 4151 1834 4194 sanatus
1887 4138 2122 4192 Basilius
2149 4157 2190 4215 α
2224 4144 2353 4197 mihi
2386 4144 2520 4200 satis
2549 4157 2820 4212 superque
2846 4151 2948 4205 est,
2978 4143 3023 4196 si
3052 4143 3267 4197 vivente
3286 4131 3612 4192 Constantino
3632 4126 3716 4178 hac

565 4233 740 4285 Attico
768 4248 999 4285 sermone
1034 4232 1304 4294 lucidavit,
1334 4247 1484 4300 quem
1522 4229 1832 4284 Eustathius
1855 4231 1932 4283 vir
1953 4229 2118 4283 diser-

567 4322 797 4374 tissimus
837 4322 912 4374 ila
956 4321 1222 4375 transtulit
1253 4323 1306 4375 in
1333 4311 1602 4384 Latinum,
1636 4331 1691 4374 ut
1728 4321 1988 4391 ingenium
2027 4321 2123 4373 do-

564 4413 786 4466 ctissimi
812 4413 910 4465 viri
941 4414 1201 4480 facundiae
1222 4430 1332 4466 sua:
1355 4412 1547 4466 viribus
1574 4413 1925 4481 wquiparasse
1944 4412 2120 4465 vidra-
2156 4431 2158 4433 ·

565 4513 653 4558 tur
675 4521 693 4558 :
718 4507 805 4574 qui
834 4522 994 4575 usque
1015 4506 1082 4559 ad
1111 4506 1339 4559 hominis
1373 4505 1721 4572 conditionem
1749 4520 1928 4558 novem
1959 4503 2120 4558 libros

565 4597 778 4653 tetendit
804 4614 824 4662 ;
867 4606 920 4652 et
946 4598 1182 4652 Junilius
1229 4599 1517 4668 episcopus
1545 4597 1858 4661 Africanus,
1885 4597 1998 4651 sive
2026 4611 2123 4666 po-

565 4691 674 4746 tius
728 4689 904 4756 Beda,‘
940 4705 1063 4744 nam
1106 4689 1340 4744 lunilius
1384 4688 1512 4744 Afer
1537 4689 1821 4744 Eustathio
1847 4689 2122 4757 antiquior

565 4778 736 4838 fuisse
760 4783 1078 4852 quibusdam
1111 4783 1260 4838 visus
1289 4790 1394 4846 est,
1426 4784 1479 4836 in
1505 4781 1816 4851 praefatione
1845 4779 2120 4836 Commen-

564 4875 691 4927 tarti
741 4875 794 4926 in
842 4871 1435 4946 Genes.:Deprincipio
1483 4875 1603 4928 libri
1647 4872 1880 4935 Genesis,
1929 4873 1985 4925 in
2018 4888 2120 4941 quo

564 4965 744 5019 mundi
770 4966 924 5035 hujus
955 4969 1151 5020 creatio
1179 4967 1440 5035 deseripta
1469 4977 1567 5030 est,
1600 4967 1751 5020 multi
1779 4966 1945 5020 multa
1971 4967 2120 5020 dixe-

562 5073 638 5118 re,
654 5068 702 5111 et
720 5059 884 5110 multa
904 5061 1124 5126 posteris
1149 5061 1339 5130 ingenii
1367 5061 1450 5114 sui
1481 5069 1814 5114 monumenta
1845 5061 2115 5130 reliquere.

563 5147 665 5204 Sed
696 5151 973 5220 praecipue,
1018 5160 1270 5220 quantum
1321 5163 1500 5206 nostra
1546 5151 1956 5221 pusillanimitas
2007 5151 2119 5205 edi-

558 5257 698 5295 scere
736 5243 923 5307 potuit,
967 5242 1200 5298 Basilius
1228 5243 1591 5310 Caesariensis,
1630 5261 1779 5314 quem
1809 5243 2116 5299 Eustathius

559 5331 814 5401 interpres
859 5333 922 5389 de
958 5333 1138 5390 (ἔνωεο
1178 5335 1301 5405 fecit
1328 5353 1436 5390 esse
1467 5335 1737 5390 Latinum.
1774 5335 2115 5390 Manifestum

559 5422 741 5494 itaque
790 5429 1132 5484 hustatbium
1176 5430 1342 5495 hunc,
1377 5431 1469 5501 qui
1521 5430 1575 5484 in
1621 5430 1878 5484 vertendo
1915 5427 2115 5482 Basilio

560 5514 798 5570 laborem
829 5519 1136 5590 insumpsit,
1157 5523 1320 5574 alium
1351 5538 1471 5576 esse
1497 5521 1566 5575 ab
1587 5520 1871 5575 Eustathio
1893 5521 1996 5573 hoc
2019 5535 2112 5573 no-

560 5615 692 5663 stro.
727 5620 848 5660 cum
875 5617 928 5664 et
959 5612 1102 5666 illius
1135 5614 1380 5669 versibus
1411 5614 1551 5668 edita
1595 5613 1683 5677 sit,
1707 5619 1761 5666 et
1801 5611 2024 5680 ipsemet
2059 5610 2112 5664 iu

559 5695 874 5764 praefatione
915 5715 1026 5756 sua:
1078 5704 1342 5758 versionis
1373 5719 1596 5774 scopum
1643 5719 1820 5769 suum,
1850 5712 1902 5759 et
1939 5702 2112 5758 inten-

2221 4237 2616 4301 scribebantur,
2651 4236 2900 4306 quamvis
2956 4244 3150 4290 auctor
3203 4234 3298 4288 diu
3341 4231 3494 4284 vitam
3537 4220 3715 4277 trahens

2221 4334 2433 4398 tempus
2458 4328 2586 4381 illud
2615 4327 2928 4382 excesserit.

2289 4420 2425 4475 Ibid.
2455 4424 2558 4486 Εἰς
2580 4419 2692 4488 τὴν
2707 4420 3083 4490 Ἐξαήμερον.
3103 4417 3462 4473 Hexaemeron
3483 4403 3628 4462 Graeci
3643 4412 3708 4452 το·

2219 4523 2433 4578 carunt,
2481 4515 2716 4584 spatium
2762 4514 2894 4568 illud
2943 4530 3035 4568 sex
3087 4513 3321 4572 dierum,
3379 4520 3480 4576 quo
3523 4491 3710 4590 mundus

2219 4607 2469 4662 conditus
2526 4617 2580 4662 et
2634 4606 2930 4661 fabricatus
2981 4605 3118 4672 fuit;
3149 4619 3258 4657 non
3323 4596 3458 4670 quod
3503 4594 3710 4654 telﬂl’orls

2220 4699 2394 4769 spatio
2419 4714 2556 4768 opus
2587 4699 2835 4753 habuerit
2859 4697 3127 4760 conditor,
3149 4695 3290 4750 Deus
3312 4691 3447 4747 enim
3468 4697 3561 4739 non
3582 4679 3703 4747 jussu

2218 4799 2448 4854 tantum,
2480 4791 2574 4847 sed
2600 4798 2653 4845 et
2679 4791 2916 4862 cogitatu
2939 4801 3212 4860 operatur,
3234 4783 3325 4844 sed
3355 4778 3581 4851 Quoniam
3600 4779 3702 4836 ⁰Ρ¹¹⁵

2217 4891 2333 4938 erat
2363 4899 2451 4938 res
2493 4883 2667 4938 creari
2710 4882 2943 4952 quodam
2968 4871 3156 4937 ordine
3189 4898 3204 4934 :
3236 4874 3404 4933 ordini
3442 4877 3594 4959 autem

2217 4991 2401 5030 merus
2427 4983 2511 5030 est
2535 4946 2806 5045 proprius.
2837 4973 2993 5030 Philo
3022 4974 3256 5034 Judazus,
3298 4968 3369 5022 De
3405 4957 3564 5017 mundi
3583 4946 3697 5018 (Μ’

2217 5067 2296 5120 €50
2315 5081 2332 5119 ἔ
2350 5065 2447 5130 Ἓξ
2464 5066 2508 5118 δ’
2531 5067 2761 5138 ἡμέραις
2791 5063 3244 5138 δημιουργηθῆναι
3269 5076 3392 5131 φησι
3417 5053 3498 5107 τὸν
3525 5046 3691 5138 Mat-10v,

2214 5158 2313 5211 οὐκ
2341 5157 2525 5227 ἐπειδὴ
2552 5131 2874 5230 -έτρὸσεδεῑτξ
2905 5131 3107 5227 x96an
3148 5131 3348 5226 pullum;
3371 5148 3397 5199 ὁ
3427 5131 3690 5234 ποιῶν,

2215 5249 2323 5320 γὰρ
2352 5249 2481 5320 δρᾷν
2514 5222 2657 5313 eing
2700 5249 2851 5311 Θεὸν,
2997 5222 3566 5320 προσέάὲτοντᾳομόνον.

2215 5313 2307 5392 uai
2347 5313 2736 5410 δέάνοούμενον,
2769 5339 2882 5394 ἀλλ’
2931 5313 3114 5412 Errat-6i;
3163 5341 3270 5399 τοῖς
3310 5313 3578 5400 γεξομένοις
3609 5313 3686 5364 ἔδει

2213 5432 2435 5497 τάξεως,
2469 5430 2617 5494 τάξει
2659 5431 2714 5483 δὲ
2743 5431 2970 5503 ἀριθμὸς
2999 5433 3224 5490 οἰκεῖον,
3265 5433 3316 5481 et
3351 5415 3584 5477 senarium
3601 5415 3682 5505 uti:

2217 5538 2423 5576 merum
2477 5522 2618 5576 inter
2659 5502 2796 5578 alios
2840 5523 2954 5594 lege
3007 5532 3210 5596 uaturge
3262 5530 3374 5572 esse
3413 5502 3684 5596 gener-about

2219 5613 2556 5684 aptissimum
2588 5615 2774 5668 multis
2803 5593 3030 5685 explitat
3075 5593 3283 5671 ibidem.
3315 5593 3685 5685 Quotiescunque

2219 5681 2380 5774 igitur
2405 5703 2672 5772 quispiam
2705 5705 2770 5758 ad
2797 5681 3099 5761 enarranda
3129 5705 3214 5759 illa
3238 5709 3347 5770 quae
3369 5693 3417 5745 in
3441 5685 3518 5741 illo
3541 5681 3680 5748 spallo
