  <div class='ocr_page' id='page_1' title='image "/cluster/home/n/w/nwhite01/storage/ocr_20150623/18/hvd.32044073501207/404.png"; bbox 0 0 1949 3098; ppageno 0'>
   <div class='ocr_carea' id='block_1_1' title="bbox 104 145 151 173">
    <p class='ocr_par' dir='ltr' id='par_1_1' title="bbox 104 145 151 173">
     <span class='ocr_line' id='line_1_1' title="bbox 104 145 151 173; baseline -0.043 0"><span class='ocrx_word' id='word_1_1' title='bbox 104 145 151 173; x_wconf 82' lang='grc'><strong>’197</strong></span> 
     </span>
    </p>
   </div>
   <div class='ocr_carea' id='block_1_2' title="bbox 575 140 1206 170">
    <p class='ocr_par' dir='ltr' id='par_1_2' title="bbox 575 140 1206 170">
     <span class='ocr_line' id='line_1_2' title="bbox 575 140 1206 170; baseline -0.002 0"><span class='ocrx_word' id='word_1_2' title='bbox 575 141 610 169; x_wconf 82' lang='lat' dir='ltr'><strong>IN</strong></span> <span class='ocrx_word' id='word_1_3' title='bbox 627 141 812 170; x_wconf 78' lang='lat' dir='ltr'><strong>EUSTATHII</strong></span> <span class='ocrx_word' id='word_1_4' title='bbox 837 140 1072 170; x_wconf 78' lang='lat' dir='ltr'><strong>HEXAEMEBON</strong></span> <span class='ocrx_word' id='word_1_5' title='bbox 1091 141 1206 170; x_wconf 69' lang='grc' dir='ltr'><strong>ΝΟΤΑΕ.</strong></span> 
     </span>
    </p>
   </div>
   <div class='ocr_carea' id='block_1_3' title="bbox 1647 142 1699 171">
    <p class='ocr_par' dir='ltr' id='par_1_3' title="bbox 1647 142 1699 171">
     <span class='ocr_line' id='line_1_3' title="bbox 1647 142 1699 171; baseline 0.038 -2"><span class='ocrx_word' id='word_1_6' title='bbox 1647 142 1699 171; x_wconf 78' lang='lat'><strong>798</strong></span> 
     </span>
    </p>
   </div>
   <div class='ocr_carea' id='block_1_4' title="bbox 105 198 873 238">
    <p class='ocr_par' dir='ltr' id='par_1_4' title="bbox 105 198 859 234">
     <span class='ocr_line' id='line_1_4' title="bbox 105 198 859 234; baseline -0.003 -4"><span class='ocrx_word' id='word_1_7' title='bbox 105 204 202 231; x_wconf 77' lang='lat' dir='ltr'><strong>luerunt</strong></span> <span class='ocrx_word' id='word_1_8' title='bbox 214 199 294 227; x_wconf 83' lang='lat' dir='ltr'><strong>divina</strong></span> <span class='ocrx_word' id='word_1_9' title='bbox 305 198 432 227; x_wconf 83' lang='lat' dir='ltr'><strong>facultate</strong></span> <span class='ocrx_word' id='word_1_10' title='bbox 446 200 585 234; x_wconf 90' lang='lat' dir='ltr'><strong>producta,</strong></span> <span class='ocrx_word' id='word_1_11' title='bbox 601 201 720 229; x_wconf 88' lang='lat' dir='ltr'><strong>studium</strong></span> <span class='ocrx_word' id='word_1_12' title='bbox 735 200 859 229; x_wconf 79' lang='lat' dir='ltr'><strong>confere-</strong></span> 
     </span>
    </p>
   </div>
   <div class='ocr_carea' id='block_1_5' title="bbox 923 198 1699 238">
    <p class='ocr_par' dir='ltr' id='par_1_5' title="bbox 923 200 1699 238">
     <span class='ocr_line' id='line_1_5' title="bbox 923 200 1699 238; baseline 0 -10"><span class='ocrx_word' id='word_1_13' title='bbox 923 201 1015 236; x_wconf 76' lang='grc' dir='ltr'>;ρόνοις</span> <span class='ocrx_word' id='word_1_14' title='bbox 1036 202 1160 237; x_wconf 75' lang='grc' dir='ltr'><strong>ἀκμάσαι</strong></span> <span class='ocrx_word' id='word_1_15' title='bbox 1183 200 1253 233; x_wconf 81' lang='grc' dir='ltr'>κατὰ</span> <span class='ocrx_word' id='word_1_16' title='bbox 1268 201 1373 235; x_wconf 81' lang='grc' dir='ltr'><strong>Ἴναχον</strong></span> <span class='ocrx_word' id='word_1_17' title='bbox 1393 200 1536 237; x_wconf 75' lang='grc' dir='ltr'><strong>εἰρήκασιν</strong></span> <span class='ocrx_word' id='word_1_18' title='bbox 1553 200 1647 238; x_wconf 79' lang='grc' dir='ltr'>ἄνδρες</span> <span class='ocrx_word' id='word_1_19' title='bbox 1669 202 1699 228; x_wconf 84' lang='grc' dir='ltr'>ὲν</span> 
     </span>
    </p>
   </div>
   <div class='ocr_carea' id='block_1_6' title="bbox 105 245 858 281">
    <p class='ocr_par' dir='ltr' id='par_1_6' title="bbox 105 245 858 281">
     <span class='ocr_line' id='line_1_6' title="bbox 105 245 858 281; baseline -0.003 -6"><span class='ocrx_word' id='word_1_20' title='bbox 105 249 155 279; x_wconf 89' lang='lat' dir='ltr'><strong>bat,</strong></span> <span class='ocrx_word' id='word_1_21' title='bbox 175 247 200 273; x_wconf 87' lang='lat' dir='ltr'><strong>in</strong></span> <span class='ocrx_word' id='word_1_22' title='bbox 224 245 395 272; x_wconf 70' lang='lat' dir='ltr'><strong><em>Hexaemeron</em></strong></span> <span class='ocrx_word' id='word_1_23' title='bbox 422 247 543 274; x_wconf 82' lang='lat' dir='ltr'><strong>scribere</strong></span> <span class='ocrx_word' id='word_1_24' title='bbox 564 247 716 278; x_wconf 83' lang='lat' dir='ltr'><strong>dicebatur,</strong></span> <span class='ocrx_word' id='word_1_25' title='bbox 742 254 858 281; x_wconf 85' lang='lat' dir='ltr'><strong>quorum</strong></span> 
     </span>
    </p>
   </div>
   <div class='ocr_carea' id='block_1_7' title="bbox 107 290 857 328">
    <p class='ocr_par' dir='ltr' id='par_1_7' title="bbox 107 290 857 328">
     <span class='ocr_line' id='line_1_7' title="bbox 107 290 857 328; baseline -0.005 -6"><span class='ocrx_word' id='word_1_26' title='bbox 107 300 199 322; x_wconf 65' lang='lat' dir='ltr'><strong>Summ</strong></span> <span class='ocrx_word' id='word_1_27' title='bbox 221 295 273 318; x_wconf 89' lang='lat' dir='ltr'><strong>toto</strong></span> <span class='ocrx_word' id='word_1_28' title='bbox 296 292 382 325; x_wconf 91' lang='lat' dir='ltr'><strong>primo</strong></span> <span class='ocrx_word' id='word_1_29' title='bbox 410 290 547 320; x_wconf 88' lang='lat' dir='ltr'><strong>Geneseos</strong></span> <span class='ocrx_word' id='word_1_30' title='bbox 564 293 654 328; x_wconf 88' lang='lat' dir='ltr'><strong>capite</strong></span> <span class='ocrx_word' id='word_1_31' title='bbox 675 293 857 324; x_wconf 80' lang='lat' dir='ltr'><strong>concluditur,</strong></span> 
     </span>
    </p>
   </div>
   <div class='ocr_carea' id='block_1_8' title="bbox 107 336 860 373">
    <p class='ocr_par' dir='ltr' id='par_1_8' title="bbox 107 336 860 373">
     <span class='ocr_line' id='line_1_8' title="bbox 107 336 860 373; baseline 0.003 -9"><span class='ocrx_word' id='word_1_32' title='bbox 107 339 176 372; x_wconf 86' lang='lat' dir='ltr'><strong>cujus</strong></span> <span class='ocrx_word' id='word_1_33' title='bbox 188 344 215 364; x_wconf 86' lang='lat' dir='ltr'><strong>ea</strong></span> <span class='ocrx_word' id='word_1_34' title='bbox 228 336 274 363; x_wconf 79' lang='lat' dir='ltr'><strong>fuit</strong></span> <span class='ocrx_word' id='word_1_35' title='bbox 288 337 357 370; x_wconf 91' lang='lat' dir='ltr'><strong>apud</strong></span> <span class='ocrx_word' id='word_1_36' title='bbox 374 344 468 365; x_wconf 91' lang='lat' dir='ltr'><strong>omnes</strong></span> <span class='ocrx_word' id='word_1_37' title='bbox 496 337 652 369; x_wconf 78' lang='lat' dir='ltr'><strong>diﬁicultas.</strong></span> <span class='ocrx_word' id='word_1_38' title='bbox 668 343 698 365; x_wconf 89' lang='lat' dir='ltr'><strong>ut</strong></span> <span class='ocrx_word' id='word_1_39' title='bbox 717 339 793 366; x_wconf 85' lang='lat' dir='ltr'><strong>multi</strong></span> <span class='ocrx_word' id='word_1_40' title='bbox 812 345 860 373; x_wconf 82' lang='lat' dir='ltr'><strong>ag-</strong></span> 
     </span>
    </p>
   </div>
   <div class='ocr_carea' id='block_1_9' title="bbox 108 381 862 419">
    <p class='ocr_par' dir='ltr' id='par_1_9' title="bbox 108 381 862 419">
     <span class='ocr_line' id='line_1_9' title="bbox 108 381 862 419; baseline -0.003 -8"><span class='ocrx_word' id='word_1_41' title='bbox 108 383 180 419; x_wconf 84' lang='lat' dir='ltr'><strong>gressi</strong></span> <span class='ocrx_word' id='word_1_42' title='bbox 198 383 247 409; x_wconf 90' lang='lat' dir='ltr'><strong>sint</strong></span> <span class='ocrx_word' id='word_1_43' title='bbox 268 381 333 409; x_wconf 92' lang='lat' dir='ltr'><strong>illud</strong></span> <span class='ocrx_word' id='word_1_44' title='bbox 355 389 434 413; x_wconf 87' lang='lat' dir='ltr'><strong>onus,</strong></span> <span class='ocrx_word' id='word_1_45' title='bbox 447 383 537 411; x_wconf 89' lang='lat' dir='ltr'><strong>nullus</strong></span> <span class='ocrx_word' id='word_1_46' title='bbox 552 387 642 410; x_wconf 84' lang='lat' dir='ltr'><strong>tamen</strong></span> <span class='ocrx_word' id='word_1_47' title='bbox 664 391 711 418; x_wconf 90' lang='lat' dir='ltr'><strong>pro</strong></span> <span class='ocrx_word' id='word_1_48' title='bbox 731 383 862 419; x_wconf 72' lang='lat' dir='ltr'><strong>dignitate</strong></span> 
     </span>
    </p>
   </div>
   <div class='ocr_carea' id='block_1_10' title="bbox 107 427 862 462">
    <p class='ocr_par' dir='ltr' id='par_1_10' title="bbox 107 427 862 462">
     <span class='ocr_line' id='line_1_10' title="bbox 107 427 862 462; baseline -0.001 -6"><span class='ocrx_word' id='word_1_49' title='bbox 107 427 269 462; x_wconf 83' lang='lat' dir='ltr'><strong>compleverit,</strong></span> <span class='ocrx_word' id='word_1_50' title='bbox 282 427 348 455; x_wconf 85' lang='lat' dir='ltr'><strong>adeo</strong></span> <span class='ocrx_word' id='word_1_51' title='bbox 360 428 450 454; x_wconf 87' lang='lat' dir='ltr'><strong>omnia</strong></span> <span class='ocrx_word' id='word_1_52' title='bbox 469 428 730 455; x_wconf 77' lang='lat' dir='ltr'><strong>suntdil‘licultatum</strong></span> <span class='ocrx_word' id='word_1_53' title='bbox 742 428 862 456; x_wconf 82' lang='lat' dir='ltr'><strong>tenebris</strong></span> 
     </span>
    </p>
   </div>
   <div class='ocr_carea' id='block_1_11' title="bbox 106 472 863 507">
    <p class='ocr_par' dir='ltr' id='par_1_11' title="bbox 106 472 863 507">
     <span class='ocr_line' id='line_1_11' title="bbox 106 472 863 507; baseline 0 -7"><span class='ocrx_word' id='word_1_54' title='bbox 106 474 225 500; x_wconf 80' lang='lat' dir='ltr'><strong>obvoluta.</strong></span> <span class='ocrx_word' id='word_1_55' title='bbox 240 472 401 507; x_wconf 86' lang='lat' dir='ltr'><strong>Theophilus</strong></span> <span class='ocrx_word' id='word_1_56' title='bbox 415 473 599 500; x_wconf 81' lang='lat' dir='ltr'><strong>Antiochenus</strong></span> <span class='ocrx_word' id='word_1_57' title='bbox 616 473 663 501; x_wconf 90' lang='lat' dir='ltr'><strong>lib.</strong></span> <span class='ocrx_word' id='word_1_58' title='bbox 681 481 711 505; x_wconf 85' lang='lat' dir='ltr'><strong>ll,</strong></span> <span class='ocrx_word' id='word_1_59' title='bbox 730 473 763 500; x_wconf 87' lang='lat' dir='ltr'><strong>ad</strong></span> <span class='ocrx_word' id='word_1_60' title='bbox 780 474 863 500; x_wconf 75' lang='lat' dir='ltr'><strong>Auto—</strong></span> 
     </span>
    </p>
   </div>
   <div class='ocr_carea' id='block_1_12' title="bbox 107 516 864 554">
    <p class='ocr_par' dir='ltr' id='par_1_12' title="bbox 107 516 864 554">
     <span class='ocr_line' id='line_1_12' title="bbox 107 516 864 554; baseline 0 -9"><span class='ocrx_word' id='word_1_61' title='bbox 107 520 178 554; x_wconf 77' lang='lat' dir='ltr'><strong>lycum</strong></span> <span class='ocrx_word' id='word_1_62' title='bbox 192 527 200 546; x_wconf 88' lang='lat'><strong><em>:</em></strong></span> <span class='ocrx_word' id='word_1_63' title='bbox 212 519 263 553; x_wconf 84' lang='grc' dir='ltr'><strong>Τῆς</strong></span> <span class='ocrx_word' id='word_1_64' title='bbox 289 518 338 553; x_wconf 72' lang='grc' dir='ltr'>μὲν</span> <span class='ocrx_word' id='word_1_65' title='bbox 357 516 404 545; x_wconf 83' lang='grc' dir='ltr'>οὖν</span> <span class='ocrx_word' id='word_1_66' title='bbox 418 518 600 553; x_wconf 78' lang='grc' dir='ltr'>Ἑξαημέρου</span> <span class='ocrx_word' id='word_1_67' title='bbox 616 519 702 551; x_wconf 76' lang='grc' dir='ltr'>οὐδεὶς</span> <span class='ocrx_word' id='word_1_68' title='bbox 716 519 864 554; x_wconf 82' lang='grc' dir='ltr'>ἀνθρώπων</span> 
     </span>
    </p>
   </div>
   <div class='ocr_carea' id='block_1_13' title="bbox 105 563 865 600">
    <p class='ocr_par' dir='ltr' id='par_1_13' title="bbox 105 563 865 600">
     <span class='ocr_line' id='line_1_13' title="bbox 105 563 865 600; baseline 0.001 -9"><span class='ocrx_word' id='word_1_69' title='bbox 105 564 200 596; x_wconf 80' lang='grc' dir='ltr'>δυνατὸς</span> <span class='ocrx_word' id='word_1_70' title='bbox 209 565 274 591; x_wconf 84' lang='grc' dir='ltr'>κατὰ</span> <span class='ocrx_word' id='word_1_71' title='bbox 288 564 366 596; x_wconf 79' lang='grc' dir='ltr'>ἀξίαν</span> <span class='ocrx_word' id='word_1_72' title='bbox 381 563 431 600; x_wconf 80' lang='grc' dir='ltr'>τὴν</span> <span class='ocrx_word' id='word_1_73' title='bbox 445 564 574 600; x_wconf 78' lang='grc' dir='ltr'><strong>ἐξήγησιν</strong></span> <span class='ocrx_word' id='word_1_74' title='bbox 589 565 635 591; x_wconf 81' lang='grc' dir='ltr'><strong>καὶ</strong></span> <span class='ocrx_word' id='word_1_75' title='bbox 648 565 696 600; x_wconf 85' lang='grc' dir='ltr'>τὴν</span> <span class='ocrx_word' id='word_1_76' title='bbox 711 566 865 600; x_wconf 78' lang='grc' dir='ltr'><strong>οἰκονομίαν</strong></span> 
     </span>
    </p>
   </div>
   <div class='ocr_carea' id='block_1_14' title="bbox 106 609 866 646">
    <p class='ocr_par' dir='ltr' id='par_1_14' title="bbox 106 609 866 646">
     <span class='ocr_line' id='line_1_14' title="bbox 106 609 866 646; baseline 0 -11"><span class='ocrx_word' id='word_1_77' title='bbox 106 611 180 636; x_wconf 77' lang='grc' dir='ltr'>πᾶσαν</span> <span class='ocrx_word' id='word_1_78' title='bbox 194 609 314 642; x_wconf 79' lang='grc' dir='ltr'>ἐξειπεῖν,</span> <span class='ocrx_word' id='word_1_79' title='bbox 329 609 389 636; x_wconf 77' lang='grc' dir='ltr'>οὐδὲ</span> <span class='ocrx_word' id='word_1_80' title='bbox 401 610 425 636; x_wconf 85' lang='grc' dir='ltr'><strong>εἰ</strong></span> <span class='ocrx_word' id='word_1_81' title='bbox 437 610 520 646; x_wconf 87' lang='grc' dir='ltr'>μυρία</span> <span class='ocrx_word' id='word_1_82' title='bbox 535 609 655 645; x_wconf 84' lang='grc' dir='ltr'>στόματα</span> <span class='ocrx_word' id='word_1_83' title='bbox 670 610 735 644; x_wconf 74' lang='grc' dir='ltr'>ἔχοι,</span> <span class='ocrx_word' id='word_1_84' title='bbox 753 610 800 637; x_wconf 77' lang='grc' dir='ltr'>καὶ</span> <span class='ocrx_word' id='word_1_85' title='bbox 817 618 866 645; x_wconf 88' lang='grc' dir='ltr'>μυ-</span> 
     </span>
    </p>
   </div>
   <div class='ocr_carea' id='block_1_15' title="bbox 107 655 866 691">
    <p class='ocr_par' dir='ltr' id='par_1_15' title="bbox 107 655 866 691">
     <span class='ocr_line' id='line_1_15' title="bbox 107 655 866 691; baseline 0 -10"><span class='ocrx_word' id='word_1_86' title='bbox 107 656 156 691; x_wconf 80' lang='grc' dir='ltr'>ρίας</span> <span class='ocrx_word' id='word_1_87' title='bbox 176 655 302 689; x_wconf 83' lang='grc' dir='ltr'><strong>γλώσσας,</strong></span> <span class='ocrx_word' id='word_1_88' title='bbox 319 655 374 682; x_wconf 83' lang='grc' dir='ltr'><strong>ἀλλ’</strong></span> <span class='ocrx_word' id='word_1_89' title='bbox 388 656 447 682; x_wconf 80' lang='grc' dir='ltr'>οὐδὲ</span> <span class='ocrx_word' id='word_1_90' title='bbox 462 656 485 682; x_wconf 89' lang='grc' dir='ltr'><strong>εἰ</strong></span> <span class='ocrx_word' id='word_1_91' title='bbox 501 655 606 691; x_wconf 89' lang='grc' dir='ltr'>μυρίοις</span> <span class='ocrx_word' id='word_1_92' title='bbox 622 655 693 683; x_wconf 74' lang='grc' dir='ltr'>ἔτεσι</span> <span class='ocrx_word' id='word_1_93' title='bbox 709 655 801 690; x_wconf 85' lang='grc' dir='ltr'>βιώσοι</span> <span class='ocrx_word' id='word_1_94' title='bbox 824 664 866 687; x_wconf 83' lang='grc' dir='ltr'><strong>τις</strong></span> 
     </span>
    </p>
   </div>
   <div class='ocr_carea' id='block_1_16' title="bbox 106 700 867 736">
    <p class='ocr_par' dir='ltr' id='par_1_16' title="bbox 106 700 867 736">
     <span class='ocr_line' id='line_1_16' title="bbox 106 700 867 736; baseline -0.001 -9"><span class='ocrx_word' id='word_1_95' title='bbox 106 700 225 736; x_wconf 75' lang='grc' dir='ltr'><strong>ἐπιδημῶν</strong></span> <span class='ocrx_word' id='word_1_96' title='bbox 249 702 277 727; x_wconf 85' lang='grc' dir='ltr'>ἐν</span> <span class='ocrx_word' id='word_1_97' title='bbox 295 701 362 736; x_wconf 83' lang='grc' dir='ltr'>τῷδε</span> <span class='ocrx_word' id='word_1_98' title='bbox 378 701 418 736; x_wconf 89' lang='grc' dir='ltr'>τῷ</span> <span class='ocrx_word' id='word_1_99' title='bbox 437 701 496 736; x_wconf 84' lang='grc' dir='ltr'>βίῳ,</span> <span class='ocrx_word' id='word_1_100' title='bbox 512 701 571 728; x_wconf 75' lang='grc' dir='ltr'>οὐδὲ</span> <span class='ocrx_word' id='word_1_101' title='bbox 586 701 670 732; x_wconf 76' lang='grc' dir='ltr'>οὕτως</span> <span class='ocrx_word' id='word_1_102' title='bbox 686 701 761 727; x_wconf 82' lang='grc' dir='ltr'>ἐσται</span> <span class='ocrx_word' id='word_1_103' title='bbox 778 701 867 732; x_wconf 79' lang='grc' dir='ltr'>ἱκανὸς</span> 
     </span>
    </p>
   </div>
   <div class='ocr_carea' id='block_1_17' title="bbox 105 746 868 783">
    <p class='ocr_par' dir='ltr' id='par_1_17' title="bbox 105 746 868 783">
     <span class='ocr_line' id='line_1_17' title="bbox 105 746 868 783; baseline 0.001 -11"><span class='ocrx_word' id='word_1_104' title='bbox 105 746 160 781; x_wconf 77' lang='grc' dir='ltr'>πρὸς</span> <span class='ocrx_word' id='word_1_105' title='bbox 170 746 249 773; x_wconf 77' lang='grc' dir='ltr'>ταῦτα</span> <span class='ocrx_word' id='word_1_106' title='bbox 265 746 347 778; x_wconf 82' lang='grc' dir='ltr'>ἀξίως</span> <span class='ocrx_word' id='word_1_107' title='bbox 358 755 384 773; x_wconf 91' lang='grc' dir='ltr'><strong>τι</strong></span> <span class='ocrx_word' id='word_1_108' title='bbox 397 749 494 778; x_wconf 77' lang='grc' dir='ltr'>εἰπεῖν,</span> <span class='ocrx_word' id='word_1_109' title='bbox 506 747 549 774; x_wconf 81' lang='grc' dir='ltr'><strong>διὰ</strong></span> <span class='ocrx_word' id='word_1_110' title='bbox 562 747 594 773; x_wconf 83' lang='grc' dir='ltr'><strong>τὺ</strong></span> <span class='ocrx_word' id='word_1_111' title='bbox 610 747 777 783; x_wconf 71' lang='grc' dir='ltr'>ὑπερϐάλλον</span> <span class='ocrx_word' id='word_1_112' title='bbox 792 747 868 782; x_wconf 78' lang='grc' dir='ltr'>μέγε-</span> 
     </span>
    </p>
   </div>
   <div class='ocr_carea' id='block_1_18' title="bbox 106 791 868 828">
    <p class='ocr_par' dir='ltr' id='par_1_18' title="bbox 106 791 868 828">
     <span class='ocr_line' id='line_1_18' title="bbox 106 791 868 828; baseline 0 -10"><span class='ocrx_word' id='word_1_113' title='bbox 106 792 141 823; x_wconf 80' lang='grc' dir='ltr'><strong>θος</strong></span> <span class='ocrx_word' id='word_1_114' title='bbox 153 792 193 818; x_wconf 85' lang='grc' dir='ltr'><strong>καὶ</strong></span> <span class='ocrx_word' id='word_1_115' title='bbox 207 791 250 818; x_wconf 78' lang='grc' dir='ltr'>τὸν</span> <span class='ocrx_word' id='word_1_116' title='bbox 275 792 389 819; x_wconf 80' lang='grc' dir='ltr'>πλοῦτον</span> <span class='ocrx_word' id='word_1_117' title='bbox 405 792 455 828; x_wconf 82' lang='grc' dir='ltr'>τῆς</span> <span class='ocrx_word' id='word_1_118' title='bbox 467 793 561 827; x_wconf 79' lang='grc' dir='ltr'>σοφίας</span> <span class='ocrx_word' id='word_1_119' title='bbox 576 792 622 819; x_wconf 85' lang='grc' dir='ltr'>τοῦ</span> <span class='ocrx_word' id='word_1_120' title='bbox 634 792 712 824; x_wconf 80' lang='grc' dir='ltr'>Θεοῦ,</span> <span class='ocrx_word' id='word_1_121' title='bbox 726 793 775 827; x_wconf 84' lang='grc' dir='ltr'>τῆς</span> <span class='ocrx_word' id='word_1_122' title='bbox 787 792 868 827; x_wconf 75' lang='grc' dir='ltr'>οὔσης</span> 
     </span>
    </p>
   </div>
   <div class='ocr_carea' id='block_1_19' title="bbox 105 838 869 875">
    <p class='ocr_par' dir='ltr' id='par_1_19' title="bbox 105 838 869 875">
     <span class='ocr_line' id='line_1_19' title="bbox 105 838 869 875; baseline 0.003 -12"><span class='ocrx_word' id='word_1_123' title='bbox 105 838 128 863; x_wconf 81' lang='grc' dir='ltr'>ὲν</span> <span class='ocrx_word' id='word_1_124' title='bbox 140 838 214 873; x_wconf 81' lang='grc' dir='ltr'>ταύτῃ</span> <span class='ocrx_word' id='word_1_125' title='bbox 230 839 261 873; x_wconf 83' lang='grc' dir='ltr'><strong>τῇ</strong></span> <span class='ocrx_word' id='word_1_126' title='bbox 274 840 508 875; x_wconf 81' lang='grc' dir='ltr'>προγεγραμμένῃ</span> <span class='ocrx_word' id='word_1_127' title='bbox 528 839 701 874; x_wconf 80' lang='grc' dir='ltr'><strong>Ἐξαημέρῳ·</strong></span> <span class='ocrx_word' id='word_1_128' title='bbox 715 839 807 865; x_wconf 68' lang='grc' dir='ltr'><strong>πολλοὶ¹</strong></span> <span class='ocrx_word' id='word_1_129' title='bbox 821 840 869 875; x_wconf 86' lang='grc' dir='ltr'>μὲν</span> 
     </span>
    </p>
   </div>
   <div class='ocr_carea' id='block_1_20' title="bbox 908 245 1698 281">
    <p class='ocr_par' dir='ltr' id='par_1_20' title="bbox 908 245 1698 281">
     <span class='ocr_line' id='line_1_20' title="bbox 908 245 1698 281; baseline -0.003 -8"><span class='ocrx_word' id='word_1_130' title='bbox 908 246 1048 273; x_wconf 79' lang='grc' dir='ltr'>παιδεύσει</span> <span class='ocrx_word' id='word_1_131' title='bbox 1063 246 1207 281; x_wconf 85' lang='grc' dir='ltr'>γνώριμοι,</span> <span class='ocrx_word' id='word_1_132' title='bbox 1234 245 1361 280; x_wconf 81' lang='grc' dir='ltr'><strong>Κλήμης,</strong></span> <span class='ocrx_word' id='word_1_133' title='bbox 1381 245 1553 281; x_wconf 76' lang='grc' dir='ltr'>Ἀφρικανὸς,</span> <span class='ocrx_word' id='word_1_134' title='bbox 1569 245 1698 277; x_wconf 84' lang='grc' dir='ltr'>Τατιανδς</span> 
     </span>
    </p>
   </div>
   <div class='ocr_carea' id='block_1_21' title="bbox 908 288 1701 326">
    <p class='ocr_par' dir='ltr' id='par_1_21' title="bbox 908 288 1701 326">
     <span class='ocr_line' id='line_1_21' title="bbox 908 288 1701 326; baseline -0.003 -9"><span class='ocrx_word' id='word_1_135' title='bbox 908 291 956 317; x_wconf 84' lang='grc' dir='ltr'>τοῦ</span> <span class='ocrx_word' id='word_1_136' title='bbox 973 291 1033 317; x_wconf 82' lang='grc' dir='ltr'>καθ’</span> <span class='ocrx_word' id='word_1_137' title='bbox 1049 292 1121 326; x_wconf 83' lang='grc' dir='ltr'>ἡμᾶς</span> <span class='ocrx_word' id='word_1_138' title='bbox 1132 291 1223 325; x_wconf 88' lang='grc' dir='ltr'>λόγου,</span> <span class='ocrx_word' id='word_1_139' title='bbox 1240 289 1295 316; x_wconf 86' lang='grc' dir='ltr'><strong>τῶν</strong></span> <span class='ocrx_word' id='word_1_140' title='bbox 1308 298 1337 316; x_wconf 85' lang='grc' dir='ltr'><strong>τε</strong></span> <span class='ocrx_word' id='word_1_141' title='bbox 1354 290 1386 315; x_wconf 81' lang='grc' dir='ltr'>ὲκ</span> <span class='ocrx_word' id='word_1_142' title='bbox 1397 288 1701 325; x_wconf 79' lang='grc' dir='ltr'>περιτομῆς’ἰώσηπος,’</span> 
     </span>
    </p>
   </div>
   <div class='ocr_carea' id='block_1_22' title="bbox 910 334 1698 370">
    <p class='ocr_par' dir='ltr' id='par_1_22' title="bbox 910 334 1698 370">
     <span class='ocr_line' id='line_1_22' title="bbox 910 334 1698 370; baseline -0.001 -7"><span class='ocrx_word' id='word_1_143' title='bbox 910 337 957 363; x_wconf 82' lang='grc' dir='ltr'><strong>καί</strong></span> <span class='ocrx_word' id='word_1_144' title='bbox 976 337 1101 368; x_wconf 74' lang='grc' dir='ltr'>Ἰοῦστος,</span> <span class='ocrx_word' id='word_1_145' title='bbox 1121 336 1192 367; x_wconf 88' lang='grc' dir='ltr'>ἰδίως</span> <span class='ocrx_word' id='word_1_146' title='bbox 1208 335 1318 362; x_wconf 71' lang='grc' dir='ltr'>ἔκαστοι</span> <span class='ocrx_word' id='word_1_147' title='bbox 1328 334 1376 370; x_wconf 82' lang='grc' dir='ltr'>τὴν</span> <span class='ocrx_word' id='word_1_148' title='bbox 1387 334 1523 366; x_wconf 81' lang='grc' dir='ltr'>ἀπόδειξιν</span> <span class='ocrx_word' id='word_1_149' title='bbox 1535 336 1567 361; x_wconf 86' lang='grc' dir='ltr'>ὲκ</span> <span class='ocrx_word' id='word_1_150' title='bbox 1578 335 1698 367; x_wconf 80' lang='grc' dir='ltr'>παλαιᾶς</span> 
     </span>
    </p>
   </div>
   <div class='ocr_carea' id='block_1_23' title="bbox 911 380 1701 417">
    <p class='ocr_par' dir='ltr' id='par_1_23' title="bbox 911 380 1701 417">
     <span class='ocr_line' id='line_1_23' title="bbox 911 380 1701 417; baseline -0.001 -8"><span class='ocrx_word' id='word_1_151' title='bbox 911 382 1074 417; x_wconf 85' lang='grc' dir='ltr'><strong>ὑποσχόντες</strong></span> <span class='ocrx_word' id='word_1_152' title='bbox 1097 382 1227 417; x_wconf 80' lang='grc' dir='ltr'>ἱστορίας.</span> <span class='ocrx_word' id='word_1_153' title='bbox 1244 381 1348 416; x_wconf 83' lang='grc' dir='ltr'>Ἴναχον</span> <span class='ocrx_word' id='word_1_154' title='bbox 1370 380 1398 406; x_wconf 83' lang='grc' dir='ltr'>δὲ</span> <span class='ocrx_word' id='word_1_155' title='bbox 1410 380 1464 406; x_wconf 84' lang='grc' dir='ltr'>τῶν</span> <span class='ocrx_word' id='word_1_156' title='bbox 1487 380 1606 407; x_wconf 82' lang='grc' dir='ltr'>Ἰλιακῶν</span> <span class='ocrx_word' id='word_1_157' title='bbox 1624 381 1701 417; x_wconf 80' lang='grc' dir='ltr'>ἐστη-</span> 
     </span>
    </p>
   </div>
   <div class='ocr_carea' id='block_1_24' title="bbox 913 426 1700 463">
    <p class='ocr_par' dir='ltr' id='par_1_24' title="bbox 913 426 1700 463">
     <span class='ocr_line' id='line_1_24' title="bbox 913 426 1700 463; baseline 0 -8"><span class='ocrx_word' id='word_1_158' title='bbox 913 437 962 455; x_wconf 86' lang='grc' dir='ltr'><strong>σαν</strong></span> <span class='ocrx_word' id='word_1_159' title='bbox 983 428 1157 459; x_wconf 78' lang='grc' dir='ltr'>ἑπτακοσίοις</span> <span class='ocrx_word' id='word_1_160' title='bbox 1179 427 1351 463; x_wconf 76' lang='grc' dir='ltr'>πρεσϐεύειν.</span> <span class='ocrx_word' id='word_1_161' title='bbox 1368 426 1470 452; x_wconf 85' lang='lat' dir='ltr'><strong>Horum</strong></span> <span class='ocrx_word' id='word_1_162' title='bbox 1485 427 1629 454; x_wconf 83' lang='lat' dir='ltr'><strong>verborum</strong></span> <span class='ocrx_word' id='word_1_163' title='bbox 1645 428 1700 462; x_wconf 83' lang='lat' dir='ltr'><strong>pri-</strong></span> 
     </span>
    </p>
   </div>
   <div class='ocr_carea' id='block_1_25' title="bbox 912 471 1702 508">
    <p class='ocr_par' dir='ltr' id='par_1_25' title="bbox 912 471 1702 508">
     <span class='ocr_line' id='line_1_25' title="bbox 912 471 1702 508; baseline -0.003 -7"><span class='ocrx_word' id='word_1_164' title='bbox 912 481 984 502; x_wconf 88' lang='lat' dir='ltr'><strong>mam</strong></span> <span class='ocrx_word' id='word_1_165' title='bbox 1005 477 1107 508; x_wconf 89' lang='lat' dir='ltr'><strong>partem</strong></span> <span class='ocrx_word' id='word_1_166' title='bbox 1123 473 1214 500; x_wconf 88' lang='lat' dir='ltr'><strong>omisit</strong></span> <span class='ocrx_word' id='word_1_167' title='bbox 1235 472 1404 504; x_wconf 82' lang='lat' dir='ltr'><strong>Eustathius,</strong></span> <span class='ocrx_word' id='word_1_168' title='bbox 1417 471 1564 499; x_wconf 84' lang='lat' dir='ltr'><strong>secundam</strong></span> <span class='ocrx_word' id='word_1_169' title='bbox 1579 472 1621 499; x_wconf 89' lang='lat' dir='ltr'><strong>sui</strong></span> <span class='ocrx_word' id='word_1_170' title='bbox 1643 477 1702 499; x_wconf 89' lang='lat' dir='ltr'><strong>tra-</strong></span> 
     </span>
    </p>
   </div>
   <div class='ocr_carea' id='block_1_26' title="bbox 913 514 1703 552">
    <p class='ocr_par' dir='ltr' id='par_1_26' title="bbox 913 514 1703 552">
     <span class='ocr_line' id='line_1_26' title="bbox 913 514 1703 552; baseline -0.003 -6"><span class='ocrx_word' id='word_1_171' title='bbox 913 522 1004 546; x_wconf 84' lang='lat' dir='ltr'><strong>ctatus</strong></span> <span class='ocrx_word' id='word_1_172' title='bbox 1019 518 1129 545; x_wconf 89' lang='lat' dir='ltr'><strong>inilium</strong></span> <span class='ocrx_word' id='word_1_173' title='bbox 1145 525 1207 545; x_wconf 86' lang='lat' dir='ltr'><strong>esse</strong></span> <span class='ocrx_word' id='word_1_174' title='bbox 1222 518 1317 547; x_wconf 88' lang='lat' dir='ltr'><strong>voluit,</strong></span> <span class='ocrx_word' id='word_1_175' title='bbox 1329 517 1444 552; x_wconf 83' lang='grc' dir='ltr'><strong>Κλήμης</strong></span> <span class='ocrx_word' id='word_1_176' title='bbox 1457 516 1505 552; x_wconf 78' lang='grc' dir='ltr'>μὲν</span> <span class='ocrx_word' id='word_1_177' title='bbox 1521 514 1577 548; x_wconf 81' lang='grc' dir='ltr'>οὖν,</span> <span class='ocrx_word' id='word_1_178' title='bbox 1593 525 1647 552; x_wconf 77' lang='lat' dir='ltr'><strong>qua</strong></span> <span class='ocrx_word' id='word_1_179' title='bbox 1660 517 1703 546; x_wconf 87' lang='lat' dir='ltr'><strong>vel</strong></span> 
     </span>
    </p>
   </div>
   <div class='ocr_carea' id='block_1_27' title="bbox 914 561 1702 598">
    <p class='ocr_par' dir='ltr' id='par_1_27' title="bbox 914 561 1702 598">
     <span class='ocr_line' id='line_1_27' title="bbox 914 561 1702 598; baseline -0.003 -7"><span class='ocrx_word' id='word_1_180' title='bbox 914 572 969 591; x_wconf 89' lang='lat' dir='ltr'><strong>una</strong></span> <span class='ocrx_word' id='word_1_181' title='bbox 994 563 1137 598; x_wconf 76' lang='lat' dir='ltr'><strong>particula,</strong></span> <span class='ocrx_word' id='word_1_182' title='bbox 1160 562 1211 590; x_wconf 75' lang='lat' dir='ltr'><strong>etsi</strong></span> <span class='ocrx_word' id='word_1_183' title='bbox 1237 562 1372 589; x_wconf 84' lang='lat' dir='ltr'><strong>sententia</strong></span> <span class='ocrx_word' id='word_1_184' title='bbox 1402 562 1429 589; x_wconf 90' lang='lat' dir='ltr'><strong>in</strong></span> <span class='ocrx_word' id='word_1_185' title='bbox 1458 561 1573 596; x_wconf 88' lang='lat' dir='ltr'><strong>reliquis</strong></span> <span class='ocrx_word' id='word_1_186' title='bbox 1595 563 1631 590; x_wconf 85' lang='lat' dir='ltr'><strong>sit</strong></span> <span class='ocrx_word' id='word_1_187' title='bbox 1650 562 1702 590; x_wconf 90' lang='lat' dir='ltr'><strong>sibi</strong></span> 
     </span>
    </p>
   </div>
   <div class='ocr_carea' id='block_1_28' title="bbox 915 607 1703 643">
    <p class='ocr_par' dir='ltr' id='par_1_28' title="bbox 915 607 1703 643">
     <span class='ocr_line' id='line_1_28' title="bbox 915 607 1703 643; baseline -0.001 -7"><span class='ocrx_word' id='word_1_188' title='bbox 915 612 1045 636; x_wconf 85' lang='lat' dir='ltr'><strong>constans</strong></span> <span class='ocrx_word' id='word_1_189' title='bbox 1064 614 1090 635; x_wconf 82' lang='lat' dir='ltr'><strong>et</strong></span> <span class='ocrx_word' id='word_1_190' title='bbox 1106 607 1319 639; x_wconf 82' lang='lat' dir='ltr'><strong>absolutissima,</strong></span> <span class='ocrx_word' id='word_1_191' title='bbox 1335 607 1454 634; x_wconf 92' lang='lat' dir='ltr'><strong>libellum</strong></span> <span class='ocrx_word' id='word_1_192' title='bbox 1476 607 1548 634; x_wconf 93' lang='lat' dir='ltr'><strong>hunc</strong></span> <span class='ocrx_word' id='word_1_193' title='bbox 1568 608 1703 643; x_wconf 89' lang='lat' dir='ltr'><strong>principio</strong></span> 
     </span>
    </p>
   </div>
   <div class='ocr_carea' id='block_1_29' title="bbox 916 651 1703 687">
    <p class='ocr_par' dir='ltr' id='par_1_29' title="bbox 916 651 1703 687">
     <span class='ocr_line' id='line_1_29' title="bbox 916 651 1703 687; baseline 0 -7"><span class='ocrx_word' id='word_1_194' title='bbox 916 653 1042 680; x_wconf 88' lang='lat' dir='ltr'><strong>mutilum</strong></span> <span class='ocrx_word' id='word_1_195' title='bbox 1064 660 1125 680; x_wconf 88' lang='lat' dir='ltr'><strong>esse</strong></span> <span class='ocrx_word' id='word_1_196' title='bbox 1135 651 1272 679; x_wconf 88' lang='lat' dir='ltr'><strong>dictitant.</strong></span> <span class='ocrx_word' id='word_1_197' title='bbox 1290 651 1337 679; x_wconf 89' lang='lat' dir='ltr'><strong>Est</strong></span> <span class='ocrx_word' id='word_1_198' title='bbox 1357 652 1441 682; x_wconf 88' lang='lat' dir='ltr'><strong>enim,</strong></span> <span class='ocrx_word' id='word_1_199' title='bbox 1463 651 1599 687; x_wconf 91' lang='lat' dir='ltr'><strong>inquiunt,</strong></span> <span class='ocrx_word' id='word_1_200' title='bbox 1621 653 1703 680; x_wconf 92' lang='lat' dir='ltr'><strong>colle-</strong></span> 
     </span>
    </p>
   </div>
   <div class='ocr_carea' id='block_1_30' title="bbox 916 699 1703 735">
    <p class='ocr_par' dir='ltr' id='par_1_30' title="bbox 916 699 1703 735">
     <span class='ocr_line' id='line_1_30' title="bbox 916 699 1703 735; baseline -0.003 -6"><span class='ocrx_word' id='word_1_201' title='bbox 916 701 987 729; x_wconf 88' lang='lat' dir='ltr'><strong>ctiva</strong></span> <span class='ocrx_word' id='word_1_202' title='bbox 1009 703 1036 728; x_wconf 90' lang='lat' dir='ltr'><strong>et</strong></span> <span class='ocrx_word' id='word_1_203' title='bbox 1062 699 1206 728; x_wconf 83' lang='lat' dir='ltr'><strong>rationalis</strong></span> <span class='ocrx_word' id='word_1_204' title='bbox 1218 718 1225 731; x_wconf 93' lang='lat'><strong>,</strong></span> <span class='ocrx_word' id='word_1_205' title='bbox 1253 699 1466 734; x_wconf 82' lang='lat' dir='ltr'><strong>necessarioque</strong></span> <span class='ocrx_word' id='word_1_206' title='bbox 1483 699 1534 725; x_wconf 87' lang='lat' dir='ltr'><strong>alia</strong></span> <span class='ocrx_word' id='word_1_207' title='bbox 1549 707 1703 735; x_wconf 65' lang='lat' dir='ltr'><strong>praesuppo—</strong></span> 
     </span>
    </p>
   </div>
   <div class='ocr_carea' id='block_1_31' title="bbox 917 743 1704 781">
    <p class='ocr_par' dir='ltr' id='par_1_31' title="bbox 917 743 1704 781">
     <span class='ocr_line' id='line_1_31' title="bbox 917 743 1704 781; baseline -0.001 -8"><span class='ocrx_word' id='word_1_208' title='bbox 917 746 968 779; x_wconf 90' lang='lat' dir='ltr'><strong>nit,</strong></span> <span class='ocrx_word' id='word_1_209' title='bbox 977 753 1009 773; x_wconf 82' lang='lat' dir='ltr'><strong>ex</strong></span> <span class='ocrx_word' id='word_1_210' title='bbox 1020 745 1119 781; x_wconf 85' lang='lat' dir='ltr'><strong>quibus</strong></span> <span class='ocrx_word' id='word_1_211' title='bbox 1127 743 1229 771; x_wconf 88' lang='lat' dir='ltr'><strong>dictum</strong></span> <span class='ocrx_word' id='word_1_212' title='bbox 1237 744 1302 772; x_wconf 91' lang='lat' dir='ltr'><strong>illud</strong></span> <span class='ocrx_word' id='word_1_213' title='bbox 1316 744 1431 771; x_wconf 82' lang='lat' dir='ltr'><strong>inl&#39;ertur</strong></span> <span class='ocrx_word' id='word_1_214' title='bbox 1448 753 1454 770; x_wconf 92' lang='lat'><strong>:</strong></span> <span class='ocrx_word' id='word_1_215' title='bbox 1466 744 1588 779; x_wconf 76' lang='lat' dir='ltr'><strong>adeoque</strong></span> <span class='ocrx_word' id='word_1_216' title='bbox 1604 746 1658 773; x_wconf 83' lang='lat' dir='ltr'><strong>illis</strong></span> <span class='ocrx_word' id='word_1_217' title='bbox 1669 746 1704 772; x_wconf 85' lang='lat' dir='ltr'><strong>ab</strong></span> 
     </span>
    </p>
   </div>
   <div class='ocr_carea' id='block_1_32' title="bbox 919 791 1702 827">
    <p class='ocr_par' dir='ltr' id='par_1_32' title="bbox 919 791 1702 827">
     <span class='ocr_line' id='line_1_32' title="bbox 919 791 1702 827; baseline 0 -8"><span class='ocrx_word' id='word_1_218' title='bbox 919 793 963 819; x_wconf 92' lang='lat' dir='ltr'><strong>illa</strong></span> <span class='ocrx_word' id='word_1_219' title='bbox 979 791 1141 827; x_wconf 86' lang='lat' dir='ltr'><strong>principium</strong></span> <span class='ocrx_word' id='word_1_220' title='bbox 1157 791 1288 818; x_wconf 84' lang='lat' dir='ltr'><strong>orationis</strong></span> <span class='ocrx_word' id='word_1_221' title='bbox 1302 791 1402 818; x_wconf 87' lang='lat' dir='ltr'><strong>ducere</strong></span> <span class='ocrx_word' id='word_1_222' title='bbox 1415 799 1521 818; x_wconf 90' lang='lat' dir='ltr'><strong>summa</strong></span> <span class='ocrx_word' id='word_1_223' title='bbox 1541 792 1635 826; x_wconf 83' lang='lat' dir='ltr'><strong>religio</strong></span> <span class='ocrx_word' id='word_1_224' title='bbox 1651 796 1702 819; x_wconf 87' lang='lat' dir='ltr'><strong>cst.</strong></span> 
     </span>
    </p>
   </div>
   <div class='ocr_carea' id='block_1_33' title="bbox 920 836 1704 872">
    <p class='ocr_par' dir='ltr' id='par_1_33' title="bbox 920 836 1704 872">
     <span class='ocr_line' id='line_1_33' title="bbox 920 836 1704 872; baseline 0.001 -8"><span class='ocrx_word' id='word_1_225' title='bbox 920 837 1019 865; x_wconf 85' lang='lat' dir='ltr'><strong>Verum</strong></span> <span class='ocrx_word' id='word_1_226' title='bbox 1033 837 1079 872; x_wconf 90' lang='lat' dir='ltr'><strong>qui</strong></span> <span class='ocrx_word' id='word_1_227' title='bbox 1093 837 1239 872; x_wconf 75' lang='lat' dir='ltr'><strong>gratiarum</strong></span> <span class='ocrx_word' id='word_1_228' title='bbox 1251 836 1402 864; x_wconf 79' lang='lat' dir='ltr'><strong>Atticarum</strong></span> <span class='ocrx_word' id='word_1_229' title='bbox 1418 844 1471 863; x_wconf 89' lang='lat' dir='ltr'><strong>non</strong></span> <span class='ocrx_word' id='word_1_230' title='bbox 1484 837 1608 872; x_wconf 86' lang='lat' dir='ltr'><strong>ignarus.</strong></span> <span class='ocrx_word' id='word_1_231' title='bbox 1623 838 1704 865; x_wconf 83' lang='lat' dir='ltr'><strong>lasci-</strong></span> 
     </span>
    </p>
   </div>
   <div class='ocr_carea' id='block_1_34' title="bbox 105 875 873 921">
    <p class='ocr_par' dir='ltr' id='par_1_34' title="bbox 105 881 869 921">
     <span class='ocr_line' id='line_1_34' title="bbox 105 881 869 921; baseline 0.004 -12"><span class='ocrx_word' id='word_1_232' title='bbox 105 881 142 910; x_wconf 69' lang='grc' dir='ltr'>οὖν</span> <span class='ocrx_word' id='word_1_233' title='bbox 151 883 198 910; x_wconf 84' lang='grc' dir='ltr'><strong>τῶν</strong></span> <span class='ocrx_word' id='word_1_234' title='bbox 211 885 388 920; x_wconf 83' lang='grc' dir='ltr'>συγγραφέων</span> <span class='ocrx_word' id='word_1_235' title='bbox 405 885 583 920; x_wconf 78' lang='grc' dir='ltr'>ἐμιμήσαντο,</span> <span class='ocrx_word' id='word_1_236' title='bbox 597 885 642 912; x_wconf 70' lang='grc' dir='ltr'><strong>καλ¹</strong></span> <span class='ocrx_word' id='word_1_237' title='bbox 656 884 792 921; x_wconf 73' lang='grc' dir='ltr'><strong>ἠθέλησαν</strong></span> <span class='ocrx_word' id='word_1_238' title='bbox 805 885 869 921; x_wconf 78' lang='grc' dir='ltr'><strong>περί</strong></span> 
     </span>
    </p>
   </div>
   <div class='ocr_carea' id='block_1_35' title="bbox 923 875 1705 921">
    <p class='ocr_par' dir='ltr' id='par_1_35' title="bbox 923 882 1705 917">
     <span class='ocr_line' id='line_1_35' title="bbox 923 882 1705 917; baseline 0 -6"><span class='ocrx_word' id='word_1_239' title='bbox 923 885 1026 911; x_wconf 86' lang='lat' dir='ltr'><strong>vientes</strong></span> <span class='ocrx_word' id='word_1_240' title='bbox 1053 883 1198 910; x_wconf 84' lang='lat' dir='ltr'><strong>verborum</strong></span> <span class='ocrx_word' id='word_1_241' title='bbox 1219 882 1355 916; x_wconf 78' lang='lat' dir='ltr'><strong>modulos,</strong></span> <span class='ocrx_word' id='word_1_242' title='bbox 1378 891 1517 917; x_wconf 88' lang='lat' dir='ltr'><strong>novosque</strong></span> <span class='ocrx_word' id='word_1_243' title='bbox 1540 884 1566 910; x_wconf 91' lang='lat' dir='ltr'><strong>in</strong></span> <span class='ocrx_word' id='word_1_244' title='bbox 1583 885 1705 911; x_wconf 80' lang='lat' dir='ltr'><strong>oratione</strong></span> 
     </span>
    </p>
   </div>
   <div class='ocr_carea' id='block_1_36' title="bbox 105 929 870 965">
    <p class='ocr_par' dir='ltr' id='par_1_36' title="bbox 105 929 870 965">
     <span class='ocr_line' id='line_1_36' title="bbox 105 929 870 965; baseline 0.004 -10"><span class='ocrx_word' id='word_1_245' title='bbox 105 929 189 955; x_wconf 81' lang='grc' dir='ltr'>τούτων</span> <span class='ocrx_word' id='word_1_246' title='bbox 202 929 325 965; x_wconf 84' lang='grc' dir='ltr'>διήγησιν</span> <span class='ocrx_word' id='word_1_247' title='bbox 346 930 520 964; x_wconf 85' lang='grc' dir='ltr'>ποιήσασθαι,</span> <span class='ocrx_word' id='word_1_248' title='bbox 534 931 622 957; x_wconf 89' lang='grc' dir='ltr'>καίτοι</span> <span class='ocrx_word' id='word_1_249' title='bbox 639 931 765 963; x_wconf 78' lang='grc' dir='ltr'>λαὸόντες</span> <span class='ocrx_word' id='word_1_250' title='bbox 781 931 870 958; x_wconf 78' lang='grc' dir='ltr'>ἐντεῦ-</span> 
     </span>
    </p>
   </div>
   <div class='ocr_carea' id='block_1_37' title="bbox 107 975 872 1013">
    <p class='ocr_par' dir='ltr' id='par_1_37' title="bbox 107 975 872 1013">
     <span class='ocr_line' id='line_1_37' title="bbox 107 975 872 1013; baseline 0.004 -12"><span class='ocrx_word' id='word_1_251' title='bbox 107 975 143 1001; x_wconf 81' lang='grc' dir='ltr'>θεν</span> <span class='ocrx_word' id='word_1_252' title='bbox 154 975 197 1007; x_wconf 71' lang='grc' dir='ltr'><strong>τὰς</strong></span> <span class='ocrx_word' id='word_1_253' title='bbox 211 976 346 1011; x_wconf 75' lang='grc' dir='ltr'>ἀφορμὰς,</span> <span class='ocrx_word' id='word_1_254' title='bbox 359 976 418 1011; x_wconf 82' lang='grc' dir='ltr'>ἦτοι</span> <span class='ocrx_word' id='word_1_255' title='bbox 436 978 500 1013; x_wconf 83' lang='grc' dir='ltr'><strong>περί</strong></span> <span class='ocrx_word' id='word_1_256' title='bbox 514 977 615 1012; x_wconf 82' lang='grc' dir='ltr'>κόσμου</span> <span class='ocrx_word' id='word_1_257' title='bbox 636 978 760 1009; x_wconf 87' lang='grc' dir='ltr'>κτίσεως,</span> <span class='ocrx_word' id='word_1_258' title='bbox 773 977 790 1013; x_wconf 79' lang='grc' dir='ltr'>ἢ</span> <span class='ocrx_word' id='word_1_259' title='bbox 809 977 872 1012; x_wconf 82' lang='grc' dir='ltr'>περὶ</span> 
     </span>
    </p>
   </div>
   <div class='ocr_carea' id='block_1_38' title="bbox 107 1020 872 1058">
    <p class='ocr_par' dir='ltr' id='par_1_38' title="bbox 107 1020 872 1058">
     <span class='ocr_line' id='line_1_38' title="bbox 107 1020 872 1058; baseline 0.004 -12"><span class='ocrx_word' id='word_1_260' title='bbox 107 1020 194 1054; x_wconf 83' lang='grc' dir='ltr'>φύσεως</span> <span class='ocrx_word' id='word_1_261' title='bbox 209 1020 361 1056; x_wconf 83' lang='grc' dir='ltr'>ἀνθρώπου,</span> <span class='ocrx_word' id='word_1_262' title='bbox 376 1022 423 1048; x_wconf 78' lang='grc' dir='ltr'>καὶ</span> <span class='ocrx_word' id='word_1_263' title='bbox 436 1022 494 1048; x_wconf 78' lang='grc' dir='ltr'>οὐδὲ</span> <span class='ocrx_word' id='word_1_264' title='bbox 507 1022 538 1048; x_wconf 85' lang='grc' dir='ltr'><strong>τὺ</strong></span> <span class='ocrx_word' id='word_1_265' title='bbox 551 1022 632 1057; x_wconf 82' lang='grc' dir='ltr'>τυχὸν</span> <span class='ocrx_word' id='word_1_266' title='bbox 652 1022 775 1058; x_wconf 74' lang='grc' dir='ltr'>ἐναυσμα</span> <span class='ocrx_word' id='word_1_267' title='bbox 799 1023 872 1056; x_wconf 78' lang='grc' dir='ltr'>ἄξιόν</span> 
     </span>
    </p>
   </div>
   <div class='ocr_carea' id='block_1_39' title="bbox 106 1064 872 1102">
    <p class='ocr_par' dir='ltr' id='par_1_39' title="bbox 106 1064 872 1102">
     <span class='ocr_line' id='line_1_39' title="bbox 106 1064 872 1102; baseline 0.007 -12"><span class='ocrx_word' id='word_1_268' title='bbox 106 1073 126 1091; x_wconf 83' lang='grc' dir='ltr'><strong>τι</strong></span> <span class='ocrx_word' id='word_1_269' title='bbox 137 1065 178 1099; x_wconf 77' lang='grc' dir='ltr'>τῆς</span> <span class='ocrx_word' id='word_1_270' title='bbox 197 1065 323 1100; x_wconf 80' lang='grc' dir='ltr'>ἀληθείας</span> <span class='ocrx_word' id='word_1_271' title='bbox 342 1064 457 1098; x_wconf 73' lang='grc' dir='ltr'>ἐξεῖπον.</span> <span class='ocrx_word' id='word_1_272' title='bbox 474 1067 590 1102; x_wconf 86' lang='lat' dir='ltr'><strong>Ideoque</strong></span> <span class='ocrx_word' id='word_1_273' title='bbox 615 1067 717 1095; x_wconf 72' lang='lat' dir='ltr'><strong>Judzeis</strong></span> <span class='ocrx_word' id='word_1_274' title='bbox 737 1068 872 1102; x_wconf 83' lang='lat' dir='ltr'><strong>prohibita</strong></span> 
     </span>
    </p>
   </div>
   <div class='ocr_carea' id='block_1_40' title="bbox 106 1111 873 1150">
    <p class='ocr_par' dir='ltr' id='par_1_40' title="bbox 106 1111 873 1150">
     <span class='ocr_line' id='line_1_40' title="bbox 106 1111 873 1150; baseline 0.007 -13"><span class='ocrx_word' id='word_1_275' title='bbox 106 1111 154 1144; x_wconf 84' lang='lat' dir='ltr'><strong>ejus</strong></span> <span class='ocrx_word' id='word_1_276' title='bbox 176 1111 250 1138; x_wconf 85' lang='lat' dir='ltr'><strong>lectio</strong></span> <span class='ocrx_word' id='word_1_277' title='bbox 277 1116 343 1139; x_wconf 85' lang='lat' dir='ltr'><strong>ante</strong></span> <span class='ocrx_word' id='word_1_278' title='bbox 366 1113 532 1140; x_wconf 89' lang='lat' dir='ltr'><strong>tricesimum</strong></span> <span class='ocrx_word' id='word_1_279' title='bbox 559 1121 672 1142; x_wconf 88' lang='lat' dir='ltr'><strong>annum.</strong></span> <span class='ocrx_word' id='word_1_280' title='bbox 692 1114 873 1150; x_wconf 83' lang='lat' dir='ltr'><strong>Hieronymus</strong></span> 
     </span>
    </p>
   </div>
   <div class='ocr_carea' id='block_1_41' title="bbox 107 1155 873 1191">
    <p class='ocr_par' dir='ltr' id='par_1_41' title="bbox 107 1155 873 1191">
     <span class='ocr_line' id='line_1_41' title="bbox 107 1155 873 1191; baseline 0.007 -9"><span class='ocrx_word' id='word_1_281' title='bbox 107 1155 197 1191; x_wconf 82' lang='lat' dir='ltr'><strong>Prolog.</strong></span> <span class='ocrx_word' id='word_1_282' title='bbox 221 1158 247 1184; x_wconf 86' lang='lat' dir='ltr'><strong>in</strong></span> <span class='ocrx_word' id='word_1_283' title='bbox 273 1157 454 1189; x_wconf 79' lang='lat' dir='ltr'><strong>Ezechielem.</strong></span> <span class='ocrx_word' id='word_1_284' title='bbox 474 1163 500 1186; x_wconf 87' lang='lat' dir='ltr'><strong>et</strong></span> <span class='ocrx_word' id='word_1_285' title='bbox 524 1159 679 1187; x_wconf 86' lang='lat' dir='ltr'><strong>Ludovicus</strong></span> <span class='ocrx_word' id='word_1_286' title='bbox 707 1160 808 1188; x_wconf 73' lang='lat' dir='ltr'><strong>Fidelis</strong></span> <span class='ocrx_word' id='word_1_287' title='bbox 835 1160 873 1187; x_wconf 89' lang='lat' dir='ltr'><strong>De</strong></span> 
     </span>
    </p>
   </div>
   <div class='ocr_carea' id='block_1_42' title="bbox 107 1203 872 1239">
    <p class='ocr_par' dir='ltr' id='par_1_42' title="bbox 107 1203 872 1239">
     <span class='ocr_line' id='line_1_42' title="bbox 107 1203 872 1239; baseline 0.007 -12"><span class='ocrx_word' id='word_1_288' title='bbox 107 1206 220 1228; x_wconf 72' lang='lat' dir='ltr'><strong>structura</strong></span> <span class='ocrx_word' id='word_1_289' title='bbox 232 1203 336 1234; x_wconf 84' lang='lat' dir='ltr'><strong>mundi,</strong></span> <span class='ocrx_word' id='word_1_290' title='bbox 350 1204 377 1231; x_wconf 95' lang='lat' dir='ltr'><strong>in</strong></span> <span class='ocrx_word' id='word_1_291' title='bbox 392 1204 512 1239; x_wconf 86' lang='lat' dir='ltr'><strong>prologo,</strong></span> <span class='ocrx_word' id='word_1_292' title='bbox 526 1204 553 1231; x_wconf 92' lang='lat' dir='ltr'><strong>in</strong></span> <span class='ocrx_word' id='word_1_293' title='bbox 565 1212 620 1239; x_wconf 89' lang='lat' dir='ltr'><strong>quo</strong></span> <span class='ocrx_word' id='word_1_294' title='bbox 634 1209 661 1231; x_wconf 89' lang='lat' dir='ltr'><strong>et</strong></span> <span class='ocrx_word' id='word_1_295' title='bbox 676 1204 872 1236; x_wconf 86' lang='lat' dir='ltr'><strong>dillicultatem,</strong></span> 
     </span>
    </p>
   </div>
   <div class='ocr_carea' id='block_1_43' title="bbox 107 1246 874 1284">
    <p class='ocr_par' dir='ltr' id='par_1_43' title="bbox 107 1246 874 1284">
     <span class='ocr_line' id='line_1_43' title="bbox 107 1246 874 1284; baseline 0.005 -12"><span class='ocrx_word' id='word_1_296' title='bbox 107 1249 129 1272; x_wconf 79' lang='lat' dir='ltr'><strong>et</strong></span> <span class='ocrx_word' id='word_1_297' title='bbox 141 1246 211 1280; x_wconf 88' lang='lat' dir='ltr'><strong>hujus</strong></span> <span class='ocrx_word' id='word_1_298' title='bbox 226 1248 329 1282; x_wconf 30' lang='lat' dir='ltr'><strong>capitis,</strong></span> <span class='ocrx_word' id='word_1_299' title='bbox 339 1249 466 1283; x_wconf 77' lang='lat' dir='ltr'><strong>ambages</strong></span> <span class='ocrx_word' id='word_1_300' title='bbox 482 1251 517 1276; x_wconf 92' lang='lat' dir='ltr'><strong>ita</strong></span> <span class='ocrx_word' id='word_1_301' title='bbox 531 1250 666 1284; x_wconf 75' lang='lat' dir='ltr'><strong>expressit</strong></span> <span class='ocrx_word' id='word_1_302' title='bbox 683 1257 690 1276; x_wconf 91' lang='lat'>:</span> <span class='ocrx_word' id='word_1_303' title='bbox 707 1250 780 1276; x_wconf 79' lang='lat' dir='ltr'><strong>Hanc</strong></span> <span class='ocrx_word' id='word_1_304' title='bbox 792 1249 874 1276; x_wconf 83' lang='lat' dir='ltr'><strong>divini</strong></span> 
     </span>
    </p>
   </div>
   <div class='ocr_carea' id='block_1_44' title="bbox 110 1292 874 1331">
    <p class='ocr_par' dir='ltr' id='par_1_44' title="bbox 110 1292 874 1331">
     <span class='ocr_line' id='line_1_44' title="bbox 110 1292 874 1331; baseline 0.005 -13"><span class='ocrx_word' id='word_1_305' title='bbox 110 1293 165 1318; x_wconf 73' lang='lat' dir='ltr'><strong>ratis</strong></span> <span class='ocrx_word' id='word_1_306' title='bbox 188 1292 317 1325; x_wconf 76' lang='lat' dir='ltr'><strong>Genesim,</strong></span> <span class='ocrx_word' id='word_1_307' title='bbox 350 1303 395 1322; x_wconf 86' lang='lat' dir='ltr'><strong>seu</strong></span> <span class='ocrx_word' id='word_1_308' title='bbox 423 1295 530 1330; x_wconf 86' lang='lat' dir='ltr'><strong>hujusce</strong></span> <span class='ocrx_word' id='word_1_309' title='bbox 553 1296 715 1331; x_wconf 72' lang='lat' dir='ltr'><strong>prwgrandis</strong></span> <span class='ocrx_word' id='word_1_310' title='bbox 735 1295 874 1323; x_wconf 71' lang='lat' dir='ltr'><strong>mundante</strong></span> 
     </span>
    </p>
   </div>
   <div class='ocr_carea' id='block_1_45' title="bbox 108 1338 874 1375">
    <p class='ocr_par' dir='ltr' id='par_1_45' title="bbox 108 1338 874 1375">
     <span class='ocr_line' id='line_1_45' title="bbox 108 1338 874 1375; baseline 0.004 -10"><span class='ocrx_word' id='word_1_311' title='bbox 108 1338 173 1365; x_wconf 72' lang='lat' dir='ltr'><strong>moiis</strong></span> <span class='ocrx_word' id='word_1_312' title='bbox 201 1347 244 1366; x_wconf 71' lang='lat' dir='ltr'><strong>sea:</strong></span> <span class='ocrx_word' id='word_1_313' title='bbox 264 1341 358 1367; x_wconf 83' lang='lat' dir='ltr'><strong>diebus</strong></span> <span class='ocrx_word' id='word_1_314' title='bbox 383 1340 540 1375; x_wconf 81' lang='lat' dir='ltr'><strong>descriptam</strong></span> <span class='ocrx_word' id='word_1_315' title='bbox 561 1347 721 1368; x_wconf 74' lang='lat' dir='ltr'><strong>structuram</strong></span> <span class='ocrx_word' id='word_1_316' title='bbox 735 1342 813 1368; x_wconf 79' lang='lat' dir='ltr'><strong>veluti</strong></span> <span class='ocrx_word' id='word_1_317' title='bbox 827 1342 874 1368; x_wconf 86' lang='lat' dir='ltr'><strong>sil-</strong></span> 
     </span>
    </p>
   </div>
   <div class='ocr_carea' id='block_1_46' title="bbox 107 1387 875 1423">
    <p class='ocr_par' dir='ltr' id='par_1_46' title="bbox 107 1387 875 1423">
     <span class='ocr_line' id='line_1_46' title="bbox 107 1387 875 1423; baseline 0.007 -12"><span class='ocrx_word' id='word_1_318' title='bbox 107 1394 153 1412; x_wconf 68' lang='lat' dir='ltr'><strong>vam</strong></span> <span class='ocrx_word' id='word_1_319' title='bbox 163 1387 300 1421; x_wconf 85' lang='lat' dir='ltr'><strong>quamdam</strong></span> <span class='ocrx_word' id='word_1_320' title='bbox 312 1396 432 1423; x_wconf 81' lang='lat' dir='ltr'><strong>opacam,</strong></span> <span class='ocrx_word' id='word_1_321' title='bbox 446 1389 553 1415; x_wconf 85' lang='lat' dir='ltr'><strong>densam</strong></span> <span class='ocrx_word' id='word_1_322' title='bbox 577 1397 607 1416; x_wconf 90' lang='lat' dir='ltr'><strong>ac</strong></span> <span class='ocrx_word' id='word_1_323' title='bbox 628 1389 799 1421; x_wconf 80' lang='lat' dir='ltr'><strong>tenebrosam,</strong></span> <span class='ocrx_word' id='word_1_324' title='bbox 814 1389 875 1416; x_wconf 88' lang='lat' dir='ltr'><strong>hor-</strong></span> 
     </span>
    </p>
   </div>
   <div class='ocr_carea' id='block_1_47' title="bbox 107 1431 874 1471">
    <p class='ocr_par' dir='ltr' id='par_1_47' title="bbox 107 1431 874 1471">
     <span class='ocr_line' id='line_1_47' title="bbox 107 1431 874 1471; baseline 0.008 -15"><span class='ocrx_word' id='word_1_325' title='bbox 107 1431 178 1458; x_wconf 87' lang='lat' dir='ltr'><strong>ridam</strong></span> <span class='ocrx_word' id='word_1_326' title='bbox 192 1442 306 1464; x_wconf 80' lang='lat' dir='ltr'><strong>accessu,</strong></span> <span class='ocrx_word' id='word_1_327' title='bbox 324 1434 454 1469; x_wconf 69' lang='lat' dir='ltr'><strong>difficilem</strong></span> <span class='ocrx_word' id='word_1_328' title='bbox 480 1434 565 1466; x_wconf 84' lang='lat' dir='ltr'><strong>aditu,</strong></span> <span class='ocrx_word' id='word_1_329' title='bbox 587 1440 611 1462; x_wconf 91' lang='lat' dir='ltr'><strong>et</strong></span> <span class='ocrx_word' id='word_1_330' title='bbox 630 1435 716 1462; x_wconf 86' lang='lat' dir='ltr'><strong>instar</strong></span> <span class='ocrx_word' id='word_1_331' title='bbox 731 1435 874 1471; x_wconf 80' lang='lat' dir='ltr'><strong>labyrinthi</strong></span> 
     </span>
    </p>
   </div>
   <div class='ocr_carea' id='block_1_48' title="bbox 107 1477 873 1515">
    <p class='ocr_par' dir='ltr' id='par_1_48' title="bbox 107 1477 873 1515">
     <span class='ocr_line' id='line_1_48' title="bbox 107 1477 873 1515; baseline 0.008 -13"><span class='ocrx_word' id='word_1_332' title='bbox 107 1477 241 1512; x_wconf 79' lang='lat' dir='ltr'><strong>ambagibus</strong></span> <span class='ocrx_word' id='word_1_333' title='bbox 262 1479 381 1513; x_wconf 86' lang='lat' dir='ltr'><strong>plenam,</strong></span> <span class='ocrx_word' id='word_1_334' title='bbox 394 1485 418 1507; x_wconf 87' lang='lat' dir='ltr'><strong>et</strong></span> <span class='ocrx_word' id='word_1_335' title='bbox 440 1481 521 1507; x_wconf 81' lang='lat' dir='ltr'><strong>maris</strong></span> <span class='ocrx_word' id='word_1_336' title='bbox 546 1481 690 1508; x_wconf 76' lang='lat' dir='ltr'><strong>vastissimi</strong></span> <span class='ocrx_word' id='word_1_337' title='bbox 706 1482 819 1515; x_wconf 82' lang='lat' dir='ltr'><strong>scopulis</strong></span> <span class='ocrx_word' id='word_1_338' title='bbox 832 1490 873 1508; x_wconf 85' lang='lat' dir='ltr'><strong>re-</strong></span> 
     </span>
    </p>
   </div>
   <div class='ocr_carea' id='block_1_49' title="bbox 107 1521 874 1562">
    <p class='ocr_par' dir='ltr' id='par_1_49' title="bbox 107 1521 874 1562">
     <span class='ocr_line' id='line_1_49' title="bbox 107 1521 874 1562; baseline 0.008 -14"><span class='ocrx_word' id='word_1_339' title='bbox 107 1521 268 1557; x_wconf 72' lang='lat' dir='ltr'><strong>fertissimam,</strong></span> <span class='ocrx_word' id='word_1_340' title='bbox 291 1533 393 1559; x_wconf 86' lang='lat' dir='ltr'><strong>semper</strong></span> <span class='ocrx_word' id='word_1_341' title='bbox 410 1526 540 1560; x_wconf 83' lang='lat' dir='ltr'><strong>judicavi.</strong></span> <span class='ocrx_word' id='word_1_342' title='bbox 557 1527 672 1562; x_wconf 86' lang='lat' dir='ltr'><strong>Ingenue</strong></span> <span class='ocrx_word' id='word_1_343' title='bbox 698 1527 793 1561; x_wconf 77' lang='lat' dir='ltr'><strong>fateor,</strong></span> <span class='ocrx_word' id='word_1_344' title='bbox 811 1536 874 1554; x_wconf 81' lang='lat' dir='ltr'><strong>can-</strong></span> 
     </span>
    </p>
   </div>
   <div class='ocr_carea' id='block_1_50' title="bbox 107 1567 876 1605">
    <p class='ocr_par' dir='ltr' id='par_1_50' title="bbox 107 1567 876 1605">
     <span class='ocr_line' id='line_1_50' title="bbox 107 1567 876 1605; baseline 0.008 -12"><span class='ocrx_word' id='word_1_345' title='bbox 107 1567 158 1594; x_wconf 85' lang='lat' dir='ltr'><strong>dide</strong></span> <span class='ocrx_word' id='word_1_346' title='bbox 179 1569 264 1601; x_wconf 76' lang='lat' dir='ltr'><strong>lector,</strong></span> <span class='ocrx_word' id='word_1_347' title='bbox 283 1579 327 1597; x_wconf 85' lang='lat' dir='ltr'><strong>me</strong></span> <span class='ocrx_word' id='word_1_348' title='bbox 349 1571 376 1597; x_wconf 84' lang='lat' dir='ltr'><strong>in</strong></span> <span class='ocrx_word' id='word_1_349' title='bbox 397 1576 452 1598; x_wconf 87' lang='lat' dir='ltr'><strong>tota</strong></span> <span class='ocrx_word' id='word_1_350' title='bbox 467 1571 605 1605; x_wconf 85' lang='lat' dir='ltr'><strong>Scriptura</strong></span> <span class='ocrx_word' id='word_1_351' title='bbox 625 1581 701 1599; x_wconf 88' lang='lat' dir='ltr'><strong>sacra</strong></span> <span class='ocrx_word' id='word_1_352' title='bbox 728 1573 777 1599; x_wconf 86' lang='lat' dir='ltr'><strong>hac</strong></span> <span class='ocrx_word' id='word_1_353' title='bbox 800 1581 876 1599; x_wconf 83' lang='lat' dir='ltr'><strong>utun-</strong></span> 
     </span>
    </p>
   </div>
   <div class='ocr_carea' id='block_1_51' title="bbox 108 1613 875 1653">
    <p class='ocr_par' dir='ltr' id='par_1_51' title="bbox 108 1613 875 1653">
     <span class='ocr_line' id='line_1_51' title="bbox 108 1613 875 1653; baseline 0.005 -12"><span class='ocrx_word' id='word_1_354' title='bbox 108 1613 172 1641; x_wconf 68' lang='lat' dir='ltr'><strong>dam:</strong></span> <span class='ocrx_word' id='word_1_355' title='bbox 191 1617 264 1643; x_wconf 85' lang='lat' dir='ltr'><strong>molis</strong></span> <span class='ocrx_word' id='word_1_356' title='bbox 289 1617 466 1651; x_wconf 78' lang='lat' dir='ltr'><strong>descriptione</strong></span> <span class='ocrx_word' id='word_1_357' title='bbox 489 1618 555 1645; x_wconf 80' lang='lat' dir='ltr'><strong>nihil</strong></span> <span class='ocrx_word' id='word_1_358' title='bbox 582 1620 708 1646; x_wconf 72' lang='lat' dir='ltr'><strong>invenisse</strong></span> <span class='ocrx_word' id='word_1_359' title='bbox 733 1619 875 1653; x_wconf 73' lang='lat' dir='ltr'><strong>difﬁcilius,</strong></span> 
     </span>
    </p>
   </div>
   <div class='ocr_carea' id='block_1_52' title="bbox 109 1660 875 1698">
    <p class='ocr_par' dir='ltr' id='par_1_52' title="bbox 109 1660 875 1698">
     <span class='ocr_line' id='line_1_52' title="bbox 109 1660 875 1698; baseline 0.008 -11"><span class='ocrx_word' id='word_1_360' title='bbox 109 1660 248 1695; x_wconf 72' lang='lat' dir='ltr'><strong>abstrusius,</strong></span> <span class='ocrx_word' id='word_1_361' title='bbox 271 1668 353 1698; x_wconf 86' lang='lat' dir='ltr'><strong>atque</strong></span> <span class='ocrx_word' id='word_1_362' title='bbox 378 1665 515 1697; x_wconf 78' lang='lat' dir='ltr'><strong>occultius,</strong></span> <span class='ocrx_word' id='word_1_363' title='bbox 538 1666 577 1692; x_wconf 82' lang='lat' dir='ltr'><strong>ita</strong></span> <span class='ocrx_word' id='word_1_364' title='bbox 593 1671 621 1692; x_wconf 89' lang='lat' dir='ltr'><strong>ut</strong></span> <span class='ocrx_word' id='word_1_365' title='bbox 649 1666 741 1692; x_wconf 87' lang='lat' dir='ltr'><strong>mirari</strong></span> <span class='ocrx_word' id='word_1_366' title='bbox 768 1673 875 1697; x_wconf 79' lang='lat' dir='ltr'><strong>cessem,</strong></span> 
     </span>
    </p>
   </div>
   <div class='ocr_carea' id='block_1_53' title="bbox 109 1708 876 1741">
    <p class='ocr_par' dir='ltr' id='par_1_53' title="bbox 109 1708 876 1741">
     <span class='ocr_line' id='line_1_53' title="bbox 109 1708 876 1741; baseline 0.009 -10"><span class='ocrx_word' id='word_1_367' title='bbox 109 1708 235 1741; x_wconf 80' lang='lat' dir='ltr'><strong>antiquitus</strong></span> <span class='ocrx_word' id='word_1_368' title='bbox 266 1714 331 1737; x_wconf 85' lang='lat' dir='ltr'><strong>ante</strong></span> <span class='ocrx_word' id='word_1_369' title='bbox 362 1711 521 1738; x_wconf 73' lang='lat' dir='ltr'><strong>triresimum</strong></span> <span class='ocrx_word' id='word_1_370' title='bbox 545 1720 643 1738; x_wconf 85' lang='lat' dir='ltr'><strong>annum</strong></span> <span class='ocrx_word' id='word_1_371' title='bbox 665 1711 731 1738; x_wconf 82' lang='lat' dir='ltr'><strong>hanc</strong></span> <span class='ocrx_word' id='word_1_372' title='bbox 755 1711 876 1738; x_wconf 85' lang='lat' dir='ltr'><strong>Genesim</strong></span> 
     </span>
    </p>
   </div>
   <div class='ocr_carea' id='block_1_54' title="bbox 109 1751 877 1792">
    <p class='ocr_par' dir='ltr' id='par_1_54' title="bbox 109 1751 877 1792">
     <span class='ocr_line' id='line_1_54' title="bbox 109 1751 877 1792; baseline 0.007 -14"><span class='ocrx_word' id='word_1_373' title='bbox 109 1751 177 1786; x_wconf 75' lang='lat' dir='ltr'><strong>legere</strong></span> <span class='ocrx_word' id='word_1_374' title='bbox 203 1762 251 1781; x_wconf 80' lang='lat' dir='ltr'><strong>non</strong></span> <span class='ocrx_word' id='word_1_375' title='bbox 281 1754 399 1783; x_wconf 79' lang='lat' dir='ltr'><strong>licuisse.</strong></span> <span class='ocrx_word' id='word_1_376' title='bbox 415 1755 497 1790; x_wconf 80' lang='lat' dir='ltr'><strong>Cujus</strong></span> <span class='ocrx_word' id='word_1_377' title='bbox 526 1757 670 1792; x_wconf 75' lang='lat' dir='ltr'><strong>ingressum</strong></span> <span class='ocrx_word' id='word_1_378' title='bbox 697 1757 826 1787; x_wconf 83' lang='lat' dir='ltr'><strong>tetricum,</strong></span> <span class='ocrx_word' id='word_1_379' title='bbox 846 1765 877 1783; x_wconf 84' lang='lat' dir='ltr'><strong>at:</strong></span> 
     </span>
    </p>
   </div>
   <div class='ocr_carea' id='block_1_55' title="bbox 109 1799 875 1836">
    <p class='ocr_par' dir='ltr' id='par_1_55' title="bbox 109 1799 875 1836">
     <span class='ocr_line' id='line_1_55' title="bbox 109 1799 875 1836; baseline 0.007 -14"><span class='ocrx_word' id='word_1_380' title='bbox 109 1799 298 1829; x_wconf 72' lang='lat' dir='ltr'><strong>prosecutionem</strong></span> <span class='ocrx_word' id='word_1_381' title='bbox 326 1805 380 1826; x_wconf 90' lang='lat' dir='ltr'><strong>tam</strong></span> <span class='ocrx_word' id='word_1_382' title='bbox 402 1801 525 1832; x_wconf 89' lang='lat' dir='ltr'><strong>arduam,</strong></span> <span class='ocrx_word' id='word_1_383' title='bbox 548 1806 585 1828; x_wconf 91' lang='lat' dir='ltr'><strong>tot</strong></span> <span class='ocrx_word' id='word_1_384' title='bbox 604 1802 732 1836; x_wconf 84' lang='lat' dir='ltr'><strong>tantisque</strong></span> <span class='ocrx_word' id='word_1_385' title='bbox 748 1802 875 1836; x_wconf 84' lang='lat' dir='ltr'><strong>vepribus,</strong></span> 
     </span>
    </p>
   </div>
   <div class='ocr_carea' id='block_1_56' title="bbox 109 1844 877 1882">
    <p class='ocr_par' dir='ltr' id='par_1_56' title="bbox 109 1844 877 1882">
     <span class='ocr_line' id='line_1_56' title="bbox 109 1844 877 1882; baseline 0.008 -13"><span class='ocrx_word' id='word_1_386' title='bbox 109 1844 236 1877; x_wconf 79' lang='lat' dir='ltr'><strong>cuniculis,</strong></span> <span class='ocrx_word' id='word_1_387' title='bbox 251 1846 396 1874; x_wconf 78' lang='lat' dir='ltr'><strong>mwandris</strong></span> <span class='ocrx_word' id='word_1_388' title='bbox 413 1856 443 1874; x_wconf 82' lang='lat' dir='ltr'><strong>ac</strong></span> <span class='ocrx_word' id='word_1_389' title='bbox 460 1848 642 1882; x_wconf 70' lang='lat' dir='ltr'><strong>difficultatum</strong></span> <span class='ocrx_word' id='word_1_390' title='bbox 658 1849 756 1875; x_wconf 79' lang='lat' dir='ltr'><strong>acervis</strong></span> <span class='ocrx_word' id='word_1_391' title='bbox 775 1853 877 1875; x_wconf 83' lang='lat' dir='ltr'><strong>scaten-</strong></span> 
     </span>
    </p>
   </div>
   <div class='ocr_carea' id='block_1_57' title="bbox 109 1890 877 1928">
    <p class='ocr_par' dir='ltr' id='par_1_57' title="bbox 109 1890 877 1928">
     <span class='ocr_line' id='line_1_57' title="bbox 109 1890 877 1928; baseline 0.008 -14"><span class='ocrx_word' id='word_1_392' title='bbox 109 1892 149 1915; x_wconf 80' lang='lat' dir='ltr'><strong>tem</strong></span> <span class='ocrx_word' id='word_1_393' title='bbox 167 1890 258 1922; x_wconf 71' lang='lat' dir='ltr'><strong>inveni,</strong></span> <span class='ocrx_word' id='word_1_394' title='bbox 272 1897 303 1918; x_wconf 84' lang='lat' dir='ltr'><strong>ut</strong></span> <span class='ocrx_word' id='word_1_395' title='bbox 323 1901 374 1918; x_wconf 86' lang='lat' dir='ltr'><strong>una</strong></span> <span class='ocrx_word' id='word_1_396' title='bbox 389 1902 440 1919; x_wconf 84' lang='lat' dir='ltr'><strong>non</strong></span> <span class='ocrx_word' id='word_1_397' title='bbox 452 1893 538 1925; x_wconf 85' lang='lat' dir='ltr'><strong>modo,</strong></span> <span class='ocrx_word' id='word_1_398' title='bbox 558 1899 635 1928; x_wconf 80' lang='lat' dir='ltr'><strong>atque</strong></span> <span class='ocrx_word' id='word_1_399' title='bbox 649 1894 733 1920; x_wconf 85' lang='lat' dir='ltr'><strong>altera</strong></span> <span class='ocrx_word' id='word_1_400' title='bbox 750 1894 812 1925; x_wconf 79' lang='lat' dir='ltr'><strong>vice,</strong></span> <span class='ocrx_word' id='word_1_401' title='bbox 832 1893 877 1920; x_wconf 83' lang='lat' dir='ltr'><strong>sed</strong></span> 
     </span>
    </p>
   </div>
   <div class='ocr_carea' id='block_1_58' title="bbox 110 1937 878 1970">
    <p class='ocr_par' dir='ltr' id='par_1_58' title="bbox 110 1937 878 1970">
     <span class='ocr_line' id='line_1_58' title="bbox 110 1937 878 1970; baseline 0.007 -10"><span class='ocrx_word' id='word_1_402' title='bbox 110 1939 141 1960; x_wconf 79' lang='lat' dir='ltr'><strong>ur</strong></span> <span class='ocrx_word' id='word_1_403' title='bbox 149 1940 284 1970; x_wconf 85' lang='lat' dir='ltr'><strong>quaterque</strong></span> <span class='ocrx_word' id='word_1_404' title='bbox 298 1945 314 1962; x_wconf 88' lang='lat' dir='ltr'><strong>a</strong></span> <span class='ocrx_word' id='word_1_405' title='bbox 326 1937 429 1964; x_wconf 80' lang='lat' dir='ltr'><strong>calamo</strong></span> <span class='ocrx_word' id='word_1_406' title='bbox 449 1938 604 1969; x_wconf 83' lang='lat' dir='ltr'><strong>destiterim,</strong></span> <span class='ocrx_word' id='word_1_407' title='bbox 621 1939 657 1965; x_wconf 85' lang='lat' dir='ltr'><strong>rei</strong></span> <span class='ocrx_word' id='word_1_408' title='bbox 675 1940 770 1965; x_wconf 71' lang='lat' dir='ltr'><strong>veritus</strong></span> <span class='ocrx_word' id='word_1_409' title='bbox 786 1939 878 1965; x_wconf 86' lang='lat' dir='ltr'><strong>ardui-</strong></span> 
     </span>
    </p>
   </div>
   <div class='ocr_carea' id='block_1_59' title="bbox 109 1983 876 2019">
    <p class='ocr_par' dir='ltr' id='par_1_59' title="bbox 109 1983 876 2019">
     <span class='ocr_line' id='line_1_59' title="bbox 109 1983 876 2019; baseline 0.008 -15"><span class='ocrx_word' id='word_1_410' title='bbox 109 1983 186 2012; x_wconf 87' lang='lat' dir='ltr'><strong>tatem,</strong></span> <span class='ocrx_word' id='word_1_411' title='bbox 200 1987 223 2008; x_wconf 85' lang='lat' dir='ltr'><strong>et</strong></span> <span class='ocrx_word' id='word_1_412' title='bbox 238 1983 427 2016; x_wconf 80' lang='lat' dir='ltr'><strong>emergentihus</strong></span> <span class='ocrx_word' id='word_1_413' title='bbox 441 1983 610 2018; x_wconf 83' lang='lat' dir='ltr'><strong>undequaque</strong></span> <span class='ocrx_word' id='word_1_414' title='bbox 624 1984 731 2010; x_wconf 84' lang='lat' dir='ltr'><strong>obrutus</strong></span> <span class='ocrx_word' id='word_1_415' title='bbox 746 1985 876 2019; x_wconf 84' lang='lat' dir='ltr'><strong>ambigui-</strong></span> 
     </span>
    </p>
   </div>
   <div class='ocr_carea' id='block_1_60' title="bbox 109 2026 877 2064">
    <p class='ocr_par' dir='ltr' id='par_1_60' title="bbox 109 2026 877 2064">
     <span class='ocr_line' id='line_1_60' title="bbox 109 2026 877 2064; baseline 0.009 -14"><span class='ocrx_word' id='word_1_416' title='bbox 109 2026 203 2053; x_wconf 80' lang='lat' dir='ltr'><strong>tatibus.</strong></span> <span class='ocrx_word' id='word_1_417' title='bbox 218 2028 271 2055; x_wconf 77' lang='lat' dir='ltr'><strong>Nec</strong></span> <span class='ocrx_word' id='word_1_418' title='bbox 290 2028 436 2061; x_wconf 88' lang='lat' dir='ltr'><strong>immerito,</strong></span> <span class='ocrx_word' id='word_1_419' title='bbox 452 2037 513 2055; x_wconf 91' lang='lat' dir='ltr'><strong>cum</strong></span> <span class='ocrx_word' id='word_1_420' title='bbox 528 2028 622 2056; x_wconf 79' lang='lat' dir='ltr'><strong>Jobius</strong></span> <span class='ocrx_word' id='word_1_421' title='bbox 635 2030 784 2057; x_wconf 84' lang='lat' dir='ltr'><strong>monachus</strong></span> <span class='ocrx_word' id='word_1_422' title='bbox 806 2030 877 2064; x_wconf 91' lang='lat' dir='ltr'><strong>apud</strong></span> 
     </span>
    </p>
   </div>
   <div class='ocr_carea' id='block_1_61' title="bbox 108 2068 876 2108">
    <p class='ocr_par' dir='ltr' id='par_1_61' title="bbox 108 2068 876 2108">
     <span class='ocr_line' id='line_1_61' title="bbox 108 2068 876 2108; baseline 0.005 -10"><span class='ocrx_word' id='word_1_423' title='bbox 108 2068 219 2099; x_wconf 82' lang='lat' dir='ltr'><strong>Photium</strong></span> <span class='ocrx_word' id='word_1_424' title='bbox 230 2074 257 2100; x_wconf 95' lang='lat' dir='ltr'><strong>in</strong></span> <span class='ocrx_word' id='word_1_425' title='bbox 269 2073 433 2100; x_wconf 75' lang='lat' dir='ltr'><strong>Bibliotheca</strong></span> <span class='ocrx_word' id='word_1_426' title='bbox 444 2074 533 2100; x_wconf 87' lang='lat' dir='ltr'><strong>tradat</strong></span> <span class='ocrx_word' id='word_1_427' title='bbox 547 2082 616 2108; x_wconf 88' lang='lat' dir='ltr'><strong>opus</strong></span> <span class='ocrx_word' id='word_1_428' title='bbox 631 2075 682 2102; x_wconf 90' lang='lat' dir='ltr'><strong>hoc</strong></span> <span class='ocrx_word' id='word_1_429' title='bbox 700 2083 745 2103; x_wconf 85' lang='lat' dir='ltr'><strong>sex</strong></span> <span class='ocrx_word' id='word_1_430' title='bbox 760 2075 876 2107; x_wconf 85' lang='lat' dir='ltr'><strong>dierum,</strong></span> 
     </span>
    </p>
   </div>
   <div class='ocr_carea' id='block_1_62' title="bbox 109 2118 879 2156">
    <p class='ocr_par' dir='ltr' id='par_1_62' title="bbox 109 2118 879 2156">
     <span class='ocr_line' id='line_1_62' title="bbox 109 2118 879 2156; baseline 0.006 -13"><span class='ocrx_word' id='word_1_431' title='bbox 109 2118 194 2150; x_wconf 84' lang='lat' dir='ltr'><strong>quibus</strong></span> <span class='ocrx_word' id='word_1_432' title='bbox 209 2120 302 2147; x_wconf 89' lang='lat' dir='ltr'><strong>mundi</strong></span> <span class='ocrx_word' id='word_1_433' title='bbox 320 2121 421 2147; x_wconf 88' lang='lat' dir='ltr'><strong>creatio</strong></span> <span class='ocrx_word' id='word_1_434' title='bbox 436 2120 553 2155; x_wconf 82' lang='lat' dir='ltr'><strong>perlecta</strong></span> <span class='ocrx_word' id='word_1_435' title='bbox 568 2125 619 2151; x_wconf 79' lang='lat' dir='ltr'><strong>est.</strong></span> <span class='ocrx_word' id='word_1_436' title='bbox 631 2129 680 2148; x_wconf 88' lang='lat' dir='ltr'><strong>sua</strong></span> <span class='ocrx_word' id='word_1_437' title='bbox 693 2121 879 2156; x_wconf 75' lang='lat' dir='ltr'><strong>magnitudine</strong></span> 
     </span>
    </p>
   </div>
   <div class='ocr_carea' id='block_1_63' title="bbox 109 2165 877 2202">
    <p class='ocr_par' dir='ltr' id='par_1_63' title="bbox 109 2165 877 2202">
     <span class='ocr_line' id='line_1_63' title="bbox 109 2165 877 2202; baseline 0.008 -14"><span class='ocrx_word' id='word_1_438' title='bbox 109 2170 134 2188; x_wconf 85' lang='lat' dir='ltr'><strong>ac</strong></span> <span class='ocrx_word' id='word_1_439' title='bbox 153 2165 350 2198; x_wconf 85' lang='lat' dir='ltr'><strong>pulchritudine</strong></span> <span class='ocrx_word' id='word_1_440' title='bbox 379 2166 517 2193; x_wconf 84' lang='lat' dir='ltr'><strong>Creatoris</strong></span> <span class='ocrx_word' id='word_1_441' title='bbox 537 2173 597 2194; x_wconf 87' lang='lat' dir='ltr'><strong>esse</strong></span> <span class='ocrx_word' id='word_1_442' title='bbox 623 2168 776 2202; x_wconf 77' lang='lat' dir='ltr'><strong>imaginem,</strong></span> <span class='ocrx_word' id='word_1_443' title='bbox 797 2171 824 2194; x_wconf 88' lang='lat' dir='ltr'><strong>et</strong></span> <span class='ocrx_word' id='word_1_444' title='bbox 843 2167 877 2194; x_wconf 84' lang='lat' dir='ltr'><strong>ad</strong></span> 
     </span>
    </p>
   </div>
   <div class='ocr_carea' id='block_1_64' title="bbox 921 929 1705 963">
    <p class='ocr_par' dir='ltr' id='par_1_64' title="bbox 921 929 1705 963">
     <span class='ocr_line' id='line_1_64' title="bbox 921 929 1705 963; baseline -0.001 -5"><span class='ocrx_word' id='word_1_445' title='bbox 921 930 992 958; x_wconf 87' lang='lat' dir='ltr'><strong>sales</strong></span> <span class='ocrx_word' id='word_1_446' title='bbox 1018 937 1074 957; x_wconf 90' lang='lat' dir='ltr'><strong>non</strong></span> <span class='ocrx_word' id='word_1_447' title='bbox 1100 930 1240 959; x_wconf 85' lang='lat' dir='ltr'><strong>abhorret,</strong></span> <span class='ocrx_word' id='word_1_448' title='bbox 1253 929 1382 956; x_wconf 77' lang='lat' dir='ltr'><strong>fatebitur</strong></span> <span class='ocrx_word' id='word_1_449' title='bbox 1406 929 1433 955; x_wconf 90' lang='lat' dir='ltr'><strong>id</strong></span> <span class='ocrx_word' id='word_1_450' title='bbox 1457 929 1565 963; x_wconf 89' lang='lat' dir='ltr'><strong>quidem</strong></span> <span class='ocrx_word' id='word_1_451' title='bbox 1581 930 1640 957; x_wconf 89' lang='lat' dir='ltr'><strong>sine</strong></span> <span class='ocrx_word' id='word_1_452' title='bbox 1651 931 1705 957; x_wconf 89' lang='lat' dir='ltr'><strong>ulla</strong></span> 
     </span>
    </p>
   </div>
   <div class='ocr_carea' id='block_1_65' title="bbox 921 975 1706 1011">
    <p class='ocr_par' dir='ltr' id='par_1_65' title="bbox 921 975 1706 1011">
     <span class='ocr_line' id='line_1_65' title="bbox 921 975 1706 1011; baseline 0.003 -8"><span class='ocrx_word' id='word_1_453' title='bbox 921 976 1141 1011; x_wconf 88' lang='lat' dir='ltr'><strong>reprehensionis</strong></span> <span class='ocrx_word' id='word_1_454' title='bbox 1156 980 1218 1003; x_wconf 89' lang='lat' dir='ltr'><strong>nota</strong></span> <span class='ocrx_word' id='word_1_455' title='bbox 1234 976 1290 1002; x_wconf 80' lang='lat' dir='ltr'><strong>ﬁeri</strong></span> <span class='ocrx_word' id='word_1_456' title='bbox 1303 975 1483 1010; x_wconf 87' lang='lat' dir='ltr'><strong>posse,idque</strong></span> <span class='ocrx_word' id='word_1_457' title='bbox 1497 977 1632 1004; x_wconf 91' lang='lat' dir='ltr'><strong>sermonis</strong></span> <span class='ocrx_word' id='word_1_458' title='bbox 1645 985 1706 1005; x_wconf 87' lang='lat' dir='ltr'><strong>esse</strong></span> 
     </span>
    </p>
   </div>
   <div class='ocr_carea' id='block_1_66' title="bbox 922 1021 1705 1057">
    <p class='ocr_par' dir='ltr' id='par_1_66' title="bbox 922 1021 1705 1057">
     <span class='ocr_line' id='line_1_66' title="bbox 922 1021 1705 1057; baseline 0.001 -9"><span class='ocrx_word' id='word_1_459' title='bbox 922 1022 1085 1057; x_wconf 84' lang='lat' dir='ltr'><strong>principium</strong></span> <span class='ocrx_word' id='word_1_460' title='bbox 1098 1029 1152 1048; x_wconf 94' lang='lat' dir='ltr'><strong>non</strong></span> <span class='ocrx_word' id='word_1_461' title='bbox 1173 1022 1387 1049; x_wconf 90' lang='lat' dir='ltr'><strong>incommodum.</strong></span> <span class='ocrx_word' id='word_1_462' title='bbox 1403 1021 1457 1049; x_wconf 82' lang='lat' dir='ltr'><strong>Nec</strong></span> <span class='ocrx_word' id='word_1_463' title='bbox 1472 1022 1570 1049; x_wconf 83' lang='lat' dir='ltr'><strong>desunt</strong></span> <span class='ocrx_word' id='word_1_464' title='bbox 1581 1024 1705 1057; x_wconf 75' lang='lat' dir='ltr'><strong>exempla</strong></span> 
     </span>
    </p>
   </div>
   <div class='ocr_carea' id='block_1_67' title="bbox 922 1068 1704 1103">
    <p class='ocr_par' dir='ltr' id='par_1_67' title="bbox 922 1068 1704 1103">
     <span class='ocr_line' id='line_1_67' title="bbox 922 1068 1704 1103; baseline 0.004 -9"><span class='ocrx_word' id='word_1_465' title='bbox 922 1068 993 1102; x_wconf 86' lang='lat' dir='ltr'><strong>apud</strong></span> <span class='ocrx_word' id='word_1_466' title='bbox 1008 1068 1168 1101; x_wconf 87' lang='lat' dir='ltr'><strong>Himerium,</strong></span> <span class='ocrx_word' id='word_1_467' title='bbox 1191 1068 1348 1103; x_wconf 78' lang='lat' dir='ltr'><strong>Gregorium</strong></span> <span class='ocrx_word' id='word_1_468' title='bbox 1363 1068 1561 1096; x_wconf 74' lang='lat' dir='ltr'><strong>Natianzenum</strong></span> <span class='ocrx_word' id='word_1_469' title='bbox 1579 1072 1606 1096; x_wconf 92' lang='lat' dir='ltr'><strong>et</strong></span> <span class='ocrx_word' id='word_1_470' title='bbox 1625 1069 1704 1097; x_wconf 87' lang='lat' dir='ltr'><strong>alios.</strong></span> 
     </span>
    </p>
   </div>
   <div class='ocr_carea' id='block_1_68' title="bbox 922 1114 1705 1151">
    <p class='ocr_par' dir='ltr' id='par_1_68' title="bbox 922 1114 1705 1151">
     <span class='ocr_line' id='line_1_68' title="bbox 922 1114 1705 1151; baseline 0.001 -10"><span class='ocrx_word' id='word_1_471' title='bbox 922 1114 1007 1142; x_wconf 85' lang='lat' dir='ltr'><strong>Porro</strong></span> <span class='ocrx_word' id='word_1_472' title='bbox 1017 1114 1181 1142; x_wconf 87' lang='lat' dir='ltr'><strong>Clementem</strong></span> <span class='ocrx_word' id='word_1_473' title='bbox 1194 1115 1312 1150; x_wconf 86' lang='lat' dir='ltr'><strong>Cyrillus</strong></span> <span class='ocrx_word' id='word_1_474' title='bbox 1327 1114 1527 1142; x_wconf 81' lang='lat' dir='ltr'><strong>Alexandrinus</strong></span> <span class='ocrx_word' id='word_1_475' title='bbox 1540 1114 1621 1151; x_wconf 79' lang='grc' dir='ltr'>ἄνδρα</span> <span class='ocrx_word' id='word_1_476' title='bbox 1633 1115 1705 1142; x_wconf 77' lang='grc' dir='ltr'><strong>ὲ).λὸ-</strong></span> 
     </span>
    </p>
   </div>
   <div class='ocr_carea' id='block_1_69' title="bbox 922 1159 1707 1198">
    <p class='ocr_par' dir='ltr' id='par_1_69' title="bbox 922 1159 1707 1198">
     <span class='ocr_line' id='line_1_69' title="bbox 922 1159 1707 1198; baseline 0.001 -13"><span class='ocrx_word' id='word_1_477' title='bbox 922 1167 1002 1194; x_wconf 88' lang='grc' dir='ltr'>γιμον</span> <span class='ocrx_word' id='word_1_478' title='bbox 1014 1159 1060 1185; x_wconf 76' lang='grc' dir='ltr'>καὶ</span> <span class='ocrx_word' id='word_1_479' title='bbox 1073 1159 1234 1195; x_wconf 76' lang='grc' dir='ltr'>πολυῖστορα</span> <span class='ocrx_word' id='word_1_480' title='bbox 1245 1164 1340 1194; x_wconf 81' lang='lat' dir='ltr'><strong>vocat;</strong></span> <span class='ocrx_word' id='word_1_481' title='bbox 1355 1163 1383 1186; x_wconf 89' lang='lat' dir='ltr'><strong>et</strong></span> <span class='ocrx_word' id='word_1_482' title='bbox 1396 1166 1490 1187; x_wconf 81' lang='lat' dir='ltr'><strong>rursus</strong></span> <span class='ocrx_word' id='word_1_483' title='bbox 1506 1161 1589 1198; x_wconf 78' lang='grc' dir='ltr'>ἄνδρα</span> <span class='ocrx_word' id='word_1_484' title='bbox 1603 1159 1707 1194; x_wconf 78' lang='grc' dir='ltr'>ἐλλόγι-</span> 
     </span>
    </p>
   </div>
   <div class='ocr_carea' id='block_1_70' title="bbox 924 1204 1706 1241">
    <p class='ocr_par' dir='ltr' id='par_1_70' title="bbox 924 1204 1706 1241">
     <span class='ocr_line' id='line_1_70' title="bbox 924 1204 1706 1241; baseline 0.001 -10"><span class='ocrx_word' id='word_1_485' title='bbox 924 1213 983 1240; x_wconf 85' lang='grc' dir='ltr'>μον,</span> <span class='ocrx_word' id='word_1_486' title='bbox 1001 1204 1046 1231; x_wconf 88' lang='grc' dir='ltr'><strong>καί</strong></span> <span class='ocrx_word' id='word_1_487' title='bbox 1072 1204 1218 1240; x_wconf 71' lang='grc' dir='ltr'>φιλομαθῆ,</span> <span class='ocrx_word' id='word_1_488' title='bbox 1237 1205 1281 1231; x_wconf 75' lang='grc' dir='ltr'><strong>καὶ</strong></span> <span class='ocrx_word' id='word_1_489' title='bbox 1306 1206 1525 1241; x_wconf 83' lang='grc' dir='ltr'>ἀναγνωσμάτων</span> <span class='ocrx_word' id='word_1_490' title='bbox 1546 1205 1706 1241; x_wconf 85' lang='grc' dir='ltr'>Ἑλληνικῶν</span> 
     </span>
    </p>
   </div>
   <div class='ocr_carea' id='block_1_71' title="bbox 923 1250 1708 1287">
    <p class='ocr_par' dir='ltr' id='par_1_71' title="bbox 923 1250 1708 1287">
     <span class='ocr_line' id='line_1_71' title="bbox 923 1250 1708 1287; baseline 0 -10"><span class='ocrx_word' id='word_1_491' title='bbox 923 1250 1221 1287; x_wconf 81' lang='grc' dir='ltr'>πολυπραγμονήσαντα</span> <span class='ocrx_word' id='word_1_492' title='bbox 1237 1251 1318 1286; x_wconf 79' lang='grc' dir='ltr'>βάθος</span> <span class='ocrx_word' id='word_1_493' title='bbox 1335 1251 1372 1283; x_wconf 84' lang='grc' dir='ltr'>ὡς</span> <span class='ocrx_word' id='word_1_494' title='bbox 1390 1251 1474 1286; x_wconf 84' lang='grc' dir='ltr'>ὀλίγοι</span> <span class='ocrx_word' id='word_1_495' title='bbox 1489 1252 1559 1286; x_wconf 86' lang='grc' dir='ltr'>τάχα</span> <span class='ocrx_word' id='word_1_496' title='bbox 1580 1260 1629 1277; x_wconf 88' lang='grc' dir='ltr'><strong>που</strong></span> <span class='ocrx_word' id='word_1_497' title='bbox 1655 1251 1708 1277; x_wconf 84' lang='grc' dir='ltr'>τῶν</span> 
     </span>
    </p>
   </div>
   <div class='ocr_carea' id='block_1_72' title="bbox 923 1296 1710 1332">
    <p class='ocr_par' dir='ltr' id='par_1_72' title="bbox 923 1296 1710 1332">
     <span class='ocr_line' id='line_1_72' title="bbox 923 1296 1710 1332; baseline 0.001 -10"><span class='ocrx_word' id='word_1_498' title='bbox 923 1297 976 1332; x_wconf 83' lang='grc' dir='ltr'><strong>πρὸ</strong></span> <span class='ocrx_word' id='word_1_499' title='bbox 988 1297 1080 1323; x_wconf 80' lang='grc' dir='ltr'>αὑτοῦ.</span> <span class='ocrx_word' id='word_1_500' title='bbox 1095 1297 1177 1324; x_wconf 85' lang='lat' dir='ltr'><strong>Plura</strong></span> <span class='ocrx_word' id='word_1_501' title='bbox 1197 1297 1230 1324; x_wconf 90' lang='lat' dir='ltr'><strong>de</strong></span> <span class='ocrx_word' id='word_1_502' title='bbox 1248 1296 1396 1329; x_wconf 84' lang='lat' dir='ltr'><strong>Clemente,</strong></span> <span class='ocrx_word' id='word_1_503' title='bbox 1417 1301 1444 1325; x_wconf 90' lang='lat' dir='ltr'><strong>et</strong></span> <span class='ocrx_word' id='word_1_504' title='bbox 1458 1298 1518 1332; x_wconf 85' lang='lat' dir='ltr'><strong>ejus</strong></span> <span class='ocrx_word' id='word_1_505' title='bbox 1533 1298 1641 1332; x_wconf 89' lang='lat' dir='ltr'><strong>scriptis</strong></span> <span class='ocrx_word' id='word_1_506' title='bbox 1655 1297 1710 1323; x_wconf 59' lang='lat' dir='ltr'><strong>Eu-</strong></span> 
     </span>
    </p>
   </div>
   <div class='ocr_carea' id='block_1_73' title="bbox 922 1342 1709 1378">
    <p class='ocr_par' dir='ltr' id='par_1_73' title="bbox 922 1342 1709 1378">
     <span class='ocr_line' id='line_1_73' title="bbox 922 1342 1709 1378; baseline -0.001 -8"><span class='ocrx_word' id='word_1_507' title='bbox 922 1344 1014 1371; x_wconf 86' lang='lat' dir='ltr'><strong>sebius</strong></span> <span class='ocrx_word' id='word_1_508' title='bbox 1031 1342 1068 1370; x_wconf 78' lang='lat' dir='ltr'><strong>De</strong></span> <span class='ocrx_word' id='word_1_509' title='bbox 1095 1343 1286 1377; x_wconf 74' lang='lat' dir='ltr'><strong>pra&#39;pttratione</strong></span> <span class='ocrx_word' id='word_1_510' title='bbox 1302 1344 1459 1378; x_wconf 83' lang='lat' dir='ltr'><strong>evangelica,</strong></span> <span class='ocrx_word' id='word_1_511' title='bbox 1487 1343 1534 1371; x_wconf 89' lang='lat' dir='ltr'><strong>lib.</strong></span> <span class='ocrx_word' id='word_1_512' title='bbox 1556 1350 1596 1375; x_wconf 79' lang='lat' dir='ltr'><strong>ti;</strong></span> <span class='ocrx_word' id='word_1_513' title='bbox 1616 1342 1709 1369; x_wconf 78' lang='lat' dir='ltr'><strong>Eccle-</strong></span> 
     </span>
    </p>
   </div>
   <div class='ocr_carea' id='block_1_74' title="bbox 923 1389 1710 1425">
    <p class='ocr_par' dir='ltr' id='par_1_74' title="bbox 923 1389 1710 1425">
     <span class='ocr_line' id='line_1_74' title="bbox 923 1389 1710 1425; baseline 0.003 -10"><span class='ocrx_word' id='word_1_514' title='bbox 923 1389 999 1416; x_wconf 82' lang='lat' dir='ltr'><strong>siast.</strong></span> <span class='ocrx_word' id='word_1_515' title='bbox 1017 1389 1123 1421; x_wconf 83' lang='lat' dir='ltr'><strong>histor.,</strong></span> <span class='ocrx_word' id='word_1_516' title='bbox 1138 1389 1186 1416; x_wconf 91' lang='lat' dir='ltr'><strong>lib.</strong></span> <span class='ocrx_word' id='word_1_517' title='bbox 1212 1397 1254 1421; x_wconf 86' lang='lat' dir='ltr'><strong>Ill,</strong></span> <span class='ocrx_word' id='word_1_518' title='bbox 1270 1397 1329 1424; x_wconf 76' lang='lat' dir='ltr'><strong>cap.</strong></span> <span class='ocrx_word' id='word_1_519' title='bbox 1346 1390 1389 1422; x_wconf 83' lang='lat' dir='ltr'><strong>ll,</strong></span> <span class='ocrx_word' id='word_1_520' title='bbox 1402 1394 1429 1417; x_wconf 89' lang='lat' dir='ltr'><strong>et</strong></span> <span class='ocrx_word' id='word_1_521' title='bbox 1449 1390 1496 1417; x_wconf 90' lang='lat' dir='ltr'><strong>lib.</strong></span> <span class='ocrx_word' id='word_1_522' title='bbox 1511 1398 1548 1420; x_wconf 76' lang='lat' dir='ltr'><strong>v1,</strong></span> <span class='ocrx_word' id='word_1_523' title='bbox 1566 1398 1627 1425; x_wconf 82' lang='lat' dir='ltr'><strong>cap.</strong></span> <span class='ocrx_word' id='word_1_524' title='bbox 1640 1391 1657 1418; x_wconf 82' lang='lat'><strong>5</strong></span> <span class='ocrx_word' id='word_1_525' title='bbox 1683 1395 1710 1417; x_wconf 75' lang='lat' dir='ltr'><strong>et</strong></span> 
     </span>
    </p>
   </div>
   <div class='ocr_carea' id='block_1_75' title="bbox 924 1435 1709 1471">
    <p class='ocr_par' dir='ltr' id='par_1_75' title="bbox 924 1435 1709 1471">
     <span class='ocr_line' id='line_1_75' title="bbox 924 1435 1709 1471; baseline 0.001 -9"><span class='ocrx_word' id='word_1_526' title='bbox 924 1443 984 1470; x_wconf 87' lang='lat' dir='ltr'><strong>cap.</strong></span> <span class='ocrx_word' id='word_1_527' title='bbox 1000 1435 1030 1462; x_wconf 81' lang='grc' dir='ltr'>Η</span> <span class='ocrx_word' id='word_1_528' title='bbox 1042 1444 1049 1468; x_wconf 92' lang='grc'><strong>;</strong></span> <span class='ocrx_word' id='word_1_529' title='bbox 1062 1435 1242 1471; x_wconf 86' lang='lat' dir='ltr'><strong>Hieronymus</strong></span> <span class='ocrx_word' id='word_1_530' title='bbox 1265 1436 1291 1462; x_wconf 91' lang='lat' dir='ltr'><strong>in</strong></span> <span class='ocrx_word' id='word_1_531' title='bbox 1306 1435 1432 1471; x_wconf 86' lang='lat' dir='ltr'><strong>Catalogo</strong></span> <span class='ocrx_word' id='word_1_532' title='bbox 1449 1437 1540 1471; x_wconf 83' lang='lat' dir='ltr'><strong>script.</strong></span> <span class='ocrx_word' id='word_1_533' title='bbox 1550 1436 1709 1469; x_wconf 80' lang='lat' dir='ltr'><strong>ecclesiast.;</strong></span> 
     </span>
    </p>
   </div>
   <div class='ocr_carea' id='block_1_76' title="bbox 924 1481 1708 1517">
    <p class='ocr_par' dir='ltr' id='par_1_76' title="bbox 924 1481 1708 1517">
     <span class='ocr_line' id='line_1_76' title="bbox 924 1481 1708 1517; baseline 0 -9"><span class='ocrx_word' id='word_1_534' title='bbox 924 1481 1104 1509; x_wconf 78' lang='lat' dir='ltr'><strong>Cassiodorus</strong></span> <span class='ocrx_word' id='word_1_535' title='bbox 1125 1481 1171 1508; x_wconf 83' lang='lat' dir='ltr'><strong>lib.</strong></span> <span class='ocrx_word' id='word_1_536' title='bbox 1199 1489 1207 1508; x_wconf 94' lang='lat' dir='ltr'><strong>l</strong></span> <span class='ocrx_word' id='word_1_537' title='bbox 1239 1481 1332 1509; x_wconf 75' lang='lat' dir='ltr'><strong>Dicin.</strong></span> <span class='ocrx_word' id='word_1_538' title='bbox 1352 1482 1570 1514; x_wconf 81' lang='lat' dir='ltr'><strong>institutionum;</strong></span> <span class='ocrx_word' id='word_1_539' title='bbox 1594 1482 1708 1517; x_wconf 85' lang='lat' dir='ltr'><strong>Epipha-</strong></span> 
     </span>
    </p>
   </div>
   <div class='ocr_carea' id='block_1_77' title="bbox 926 1527 1711 1564">
    <p class='ocr_par' dir='ltr' id='par_1_77' title="bbox 926 1527 1711 1564">
     <span class='ocr_line' id='line_1_77' title="bbox 926 1527 1711 1564; baseline 0 -9"><span class='ocrx_word' id='word_1_540' title='bbox 926 1529 988 1556; x_wconf 87' lang='lat' dir='ltr'><strong>nius</strong></span> <span class='ocrx_word' id='word_1_541' title='bbox 1013 1528 1108 1556; x_wconf 70' lang='lat' dir='ltr'><strong>hseresi</strong></span> <span class='ocrx_word' id='word_1_542' title='bbox 1135 1528 1179 1561; x_wconf 71' lang='lat'><strong>52,</strong></span> <span class='ocrx_word' id='word_1_543' title='bbox 1210 1528 1310 1555; x_wconf 81' lang='lat' dir='ltr'><strong>Contra</strong></span> <span class='ocrx_word' id='word_1_544' title='bbox 1334 1527 1524 1560; x_wconf 84' lang='lat' dir='ltr'><strong>Secundiauos,</strong></span> <span class='ocrx_word' id='word_1_545' title='bbox 1554 1529 1601 1564; x_wconf 93' lang='lat' dir='ltr'><strong>qui</strong></span> <span class='ocrx_word' id='word_1_546' title='bbox 1629 1529 1711 1556; x_wconf 79' lang='lat' dir='ltr'><strong>refert</strong></span> 
     </span>
    </p>
   </div>
   <div class='ocr_carea' id='block_1_78' title="bbox 927 1574 1711 1609">
    <p class='ocr_par' dir='ltr' id='par_1_78' title="bbox 927 1574 1711 1609">
     <span class='ocr_line' id='line_1_78' title="bbox 927 1574 1711 1609; baseline 0.003 -9"><span class='ocrx_word' id='word_1_547' title='bbox 927 1574 1059 1609; x_wconf 85' lang='lat' dir='ltr'><strong>quosdam</strong></span> <span class='ocrx_word' id='word_1_548' title='bbox 1085 1574 1309 1606; x_wconf 79' lang='lat' dir='ltr'><strong>Alexandrinum,</strong></span> <span class='ocrx_word' id='word_1_549' title='bbox 1325 1575 1392 1602; x_wconf 88' lang='lat' dir='ltr'><strong>alios</strong></span> <span class='ocrx_word' id='word_1_550' title='bbox 1410 1575 1603 1602; x_wconf 84' lang='lat' dir='ltr'><strong>Atheniensem</strong></span> <span class='ocrx_word' id='word_1_551' title='bbox 1627 1576 1711 1603; x_wconf 77' lang='lat' dir='ltr'><strong>fuisse</strong></span> 
     </span>
    </p>
   </div>
   <div class='ocr_carea' id='block_1_79' title="bbox 926 1621 1709 1657">
    <p class='ocr_par' dir='ltr' id='par_1_79' title="bbox 926 1621 1709 1657">
     <span class='ocr_line' id='line_1_79' title="bbox 926 1621 1709 1657; baseline 0.003 -10"><span class='ocrx_word' id='word_1_552' title='bbox 926 1621 1087 1652; x_wconf 82' lang='lat' dir='ltr'><strong>tradidisse;</strong></span> <span class='ocrx_word' id='word_1_553' title='bbox 1114 1621 1228 1648; x_wconf 89' lang='lat' dir='ltr'><strong>Photius</strong></span> <span class='ocrx_word' id='word_1_554' title='bbox 1254 1621 1280 1648; x_wconf 93' lang='lat' dir='ltr'><strong>in</strong></span> <span class='ocrx_word' id='word_1_555' title='bbox 1302 1621 1484 1653; x_wconf 78' lang='lat' dir='ltr'><strong>Bibliotheca;</strong></span> <span class='ocrx_word' id='word_1_556' title='bbox 1498 1621 1668 1657; x_wconf 81' lang='lat' dir='ltr'><strong>Nicephorus</strong></span> <span class='ocrx_word' id='word_1_557' title='bbox 1683 1623 1709 1649; x_wconf 77' lang='lat' dir='ltr'><strong>in</strong></span> 
     </span>
    </p>
   </div>
   <div class='ocr_carea' id='block_1_80' title="bbox 928 1666 1711 1703">
    <p class='ocr_par' dir='ltr' id='par_1_80' title="bbox 928 1666 1711 1703">
     <span class='ocr_line' id='line_1_80' title="bbox 928 1666 1711 1703; baseline 0.004 -11"><span class='ocrx_word' id='word_1_558' title='bbox 928 1666 999 1693; x_wconf 84' lang='lat' dir='ltr'><strong>Hist.</strong></span> <span class='ocrx_word' id='word_1_559' title='bbox 1015 1666 1062 1694; x_wconf 92' lang='lat' dir='ltr'><strong>lib.</strong></span> <span class='ocrx_word' id='word_1_560' title='bbox 1072 1674 1108 1698; x_wconf 82' lang='grc' dir='ltr'><strong>ιν,</strong></span> <span class='ocrx_word' id='word_1_561' title='bbox 1122 1674 1182 1701; x_wconf 87' lang='lat' dir='ltr'><strong>cap.</strong></span> <span class='ocrx_word' id='word_1_562' title='bbox 1195 1666 1240 1699; x_wconf 78' lang='lat'><strong>53,</strong></span> <span class='ocrx_word' id='word_1_563' title='bbox 1256 1670 1282 1693; x_wconf 90' lang='lat' dir='ltr'><strong>et</strong></span> <span class='ocrx_word' id='word_1_564' title='bbox 1293 1666 1357 1699; x_wconf 84' lang='lat' dir='ltr'><strong>alii;</strong></span> <span class='ocrx_word' id='word_1_565' title='bbox 1371 1666 1488 1703; x_wconf 84' lang='lat' dir='ltr'><strong>Moysem</strong></span> <span class='ocrx_word' id='word_1_566' title='bbox 1503 1675 1566 1694; x_wconf 79' lang='lat' dir='ltr'><strong>vero</strong></span> <span class='ocrx_word' id='word_1_567' title='bbox 1585 1668 1711 1695; x_wconf 91' lang='lat' dir='ltr'><strong>omnibus</strong></span> 
     </span>
    </p>
   </div>
   <div class='ocr_carea' id='block_1_81' title="bbox 926 1712 1710 1747">
    <p class='ocr_par' dir='ltr' id='par_1_81' title="bbox 926 1712 1710 1747">
     <span class='ocr_line' id='line_1_81' title="bbox 926 1712 1710 1747; baseline 0.001 -8"><span class='ocrx_word' id='word_1_568' title='bbox 926 1712 1036 1739; x_wconf 66' lang='lat' dir='ltr'><strong>Graecia:</strong></span> <span class='ocrx_word' id='word_1_569' title='bbox 1051 1712 1218 1746; x_wconf 88' lang='lat' dir='ltr'><strong>sapientibus</strong></span> <span class='ocrx_word' id='word_1_570' title='bbox 1234 1712 1415 1747; x_wconf 87' lang='lat' dir='ltr'><strong>antiquiorem</strong></span> <span class='ocrx_word' id='word_1_571' title='bbox 1433 1717 1460 1740; x_wconf 87' lang='lat' dir='ltr'><strong>et</strong></span> <span class='ocrx_word' id='word_1_572' title='bbox 1483 1712 1574 1740; x_wconf 85' lang='lat' dir='ltr'><strong>Inachi</strong></span> <span class='ocrx_word' id='word_1_573' title='bbox 1590 1721 1710 1741; x_wconf 62' lang='lat' dir='ltr'><strong>coaevum</strong></span> 
     </span>
    </p>
   </div>
   <div class='ocr_carea' id='block_1_82' title="bbox 927 1758 1710 1792">
    <p class='ocr_par' dir='ltr' id='par_1_82' title="bbox 927 1758 1710 1792">
     <span class='ocr_line' id='line_1_82' title="bbox 927 1758 1710 1792; baseline 0.003 -8"><span class='ocrx_word' id='word_1_574' title='bbox 927 1758 1011 1785; x_wconf 74' lang='lat' dir='ltr'><strong>fuisse</strong></span> <span class='ocrx_word' id='word_1_575' title='bbox 1039 1758 1208 1785; x_wconf 88' lang='lat' dir='ltr'><strong>demonstrat</strong></span> <span class='ocrx_word' id='word_1_576' title='bbox 1231 1758 1300 1785; x_wconf 93' lang='lat' dir='ltr'><strong>libro</strong></span> <span class='ocrx_word' id='word_1_577' title='bbox 1332 1766 1443 1785; x_wconf 90' lang='lat' dir='ltr'><strong>suorum</strong></span> <span class='ocrx_word' id='word_1_578' title='bbox 1467 1759 1666 1792; x_wconf 82' lang='lat' dir='ltr'><strong>Stromatumi,</strong></span> <span class='ocrx_word' id='word_1_579' title='bbox 1683 1760 1710 1787; x_wconf 90' lang='lat' dir='ltr'><strong>in</strong></span> 
     </span>
    </p>
   </div>
   <div class='ocr_carea' id='block_1_83' title="bbox 926 1802 1708 1839">
    <p class='ocr_par' dir='ltr' id='par_1_83' title="bbox 926 1802 1708 1839">
     <span class='ocr_line' id='line_1_83' title="bbox 926 1802 1708 1839; baseline 0 -9"><span class='ocrx_word' id='word_1_580' title='bbox 926 1811 980 1839; x_wconf 92' lang='lat' dir='ltr'><strong>quo</strong></span> <span class='ocrx_word' id='word_1_581' title='bbox 1002 1807 1029 1831; x_wconf 88' lang='lat' dir='ltr'><strong>et</strong></span> <span class='ocrx_word' id='word_1_582' title='bbox 1047 1803 1172 1831; x_wconf 74' lang='lat' dir='ltr'><strong>Cassiani</strong></span> <span class='ocrx_word' id='word_1_583' title='bbox 1188 1802 1328 1837; x_wconf 90' lang='lat' dir='ltr'><strong>cujusdam</strong></span> <span class='ocrx_word' id='word_1_584' title='bbox 1341 1804 1546 1839; x_wconf 75' lang='grc' dir='ltr'>Χρονογραφίας</span> <span class='ocrx_word' id='word_1_585' title='bbox 1563 1804 1685 1831; x_wconf 89' lang='lat' dir='ltr'><strong>meminit</strong></span> <span class='ocrx_word' id='word_1_586' title='bbox 1701 1814 1708 1831; x_wconf 85' lang='lat'><strong><em>:</em></strong></span> 
     </span>
    </p>
   </div>
   <div class='ocr_carea' id='block_1_84' title="bbox 928 1848 1713 1885">
    <p class='ocr_par' dir='ltr' id='par_1_84' title="bbox 928 1848 1713 1885">
     <span class='ocr_line' id='line_1_84' title="bbox 928 1848 1713 1885; baseline 0.001 -9"><span class='ocrx_word' id='word_1_587' title='bbox 928 1857 1034 1877; x_wconf 88' lang='lat' dir='ltr'><strong>necnon</strong></span> <span class='ocrx_word' id='word_1_588' title='bbox 1063 1853 1090 1877; x_wconf 89' lang='lat' dir='ltr'><strong>et</strong></span> <span class='ocrx_word' id='word_1_589' title='bbox 1111 1849 1144 1876; x_wconf 89' lang='lat' dir='ltr'><strong>de</strong></span> <span class='ocrx_word' id='word_1_590' title='bbox 1153 1849 1255 1876; x_wconf 73' lang='lat' dir='ltr'><strong>Judzeis</strong></span> <span class='ocrx_word' id='word_1_591' title='bbox 1267 1849 1452 1877; x_wconf 86' lang='lat' dir='ltr'><strong>Aristobulum</strong></span> <span class='ocrx_word' id='word_1_592' title='bbox 1466 1850 1609 1885; x_wconf 87' lang='lat' dir='ltr'><strong>quemdam</strong></span> <span class='ocrx_word' id='word_1_593' title='bbox 1624 1854 1651 1876; x_wconf 87' lang='lat' dir='ltr'><strong>et</strong></span> <span class='ocrx_word' id='word_1_594' title='bbox 1664 1848 1713 1877; x_wconf 81' lang='lat' dir='ltr'><strong>De-</strong></span> 
     </span>
    </p>
   </div>
   <div class='ocr_carea' id='block_1_85' title="bbox 928 1895 1711 1930">
    <p class='ocr_par' dir='ltr' id='par_1_85' title="bbox 928 1895 1711 1930">
     <span class='ocr_line' id='line_1_85' title="bbox 928 1895 1711 1930; baseline 0.003 -9"><span class='ocrx_word' id='word_1_595' title='bbox 928 1895 1065 1926; x_wconf 90' lang='lat' dir='ltr'><strong>metrium,</strong></span> <span class='ocrx_word' id='word_1_596' title='bbox 1081 1899 1107 1922; x_wconf 88' lang='lat' dir='ltr'><strong>et</strong></span> <span class='ocrx_word' id='word_1_597' title='bbox 1119 1895 1295 1929; x_wconf 89' lang='lat' dir='ltr'><strong>Eupolemum</strong></span> <span class='ocrx_word' id='word_1_598' title='bbox 1307 1896 1455 1930; x_wconf 85' lang='lat' dir='ltr'><strong>scriptores</strong></span> <span class='ocrx_word' id='word_1_599' title='bbox 1476 1895 1607 1922; x_wconf 83' lang='lat' dir='ltr'><strong>adversus</strong></span> <span class='ocrx_word' id='word_1_600' title='bbox 1617 1899 1711 1930; x_wconf 83' lang='lat' dir='ltr'><strong>gentes</strong></span> 
     </span>
    </p>
   </div>
   <div class='ocr_carea' id='block_1_86' title="bbox 928 1940 1709 1977">
    <p class='ocr_par' dir='ltr' id='par_1_86' title="bbox 928 1940 1709 1977">
     <span class='ocr_line' id='line_1_86' title="bbox 928 1940 1709 1977; baseline 0 -10"><span class='ocrx_word' id='word_1_601' title='bbox 928 1940 1077 1975; x_wconf 85' lang='lat' dir='ltr'><strong>relert,qui</strong></span> <span class='ocrx_word' id='word_1_602' title='bbox 1098 1941 1125 1967; x_wconf 94' lang='lat' dir='ltr'><strong>in</strong></span> <span class='ocrx_word' id='word_1_603' title='bbox 1145 1941 1348 1968; x_wconf 89' lang='lat' dir='ltr'><strong>similitudinem</strong></span> <span class='ocrx_word' id='word_1_604' title='bbox 1360 1941 1473 1975; x_wconf 71' lang='lat' dir='ltr'><strong>Josephi</strong></span> <span class='ocrx_word' id='word_1_605' title='bbox 1496 1941 1709 1977; x_wconf 85' lang='grc' dir='ltr'>Ἀρχαιογονίας,</span> 
     </span>
    </p>
   </div>
   <div class='ocr_carea' id='block_1_87' title="bbox 928 1985 1709 2021">
    <p class='ocr_par' dir='ltr' id='par_1_87' title="bbox 928 1985 1709 2021">
     <span class='ocr_line' id='line_1_87' title="bbox 928 1985 1709 2021; baseline 0.001 -8"><span class='ocrx_word' id='word_1_606' title='bbox 928 1985 1028 2021; x_wconf 83' lang='lat' dir='ltr'><strong>Moysis</strong></span> <span class='ocrx_word' id='word_1_607' title='bbox 1041 1985 1191 2013; x_wconf 71' lang='lat' dir='ltr'><strong>etJudaicae</strong></span> <span class='ocrx_word' id='word_1_608' title='bbox 1201 1986 1288 2021; x_wconf 87' lang='lat' dir='ltr'><strong>gentis</strong></span> <span class='ocrx_word' id='word_1_609' title='bbox 1300 1986 1488 2021; x_wconf 83' lang='lat' dir='ltr'><strong>antiquitatem</strong></span> <span class='ocrx_word' id='word_1_610' title='bbox 1501 1991 1709 2014; x_wconf 86' lang='lat' dir='ltr'><strong>asseverarunt:</strong></span> 
     </span>
    </p>
   </div>
   <div class='ocr_carea' id='block_1_88' title="bbox 928 2030 1708 2066">
    <p class='ocr_par' dir='ltr' id='par_1_88' title="bbox 928 2030 1708 2066">
     <span class='ocr_line' id='line_1_88' title="bbox 928 2030 1708 2066; baseline 0 -9"><span class='ocrx_word' id='word_1_611' title='bbox 928 2031 951 2059; x_wconf 91' lang='lat' dir='ltr'><strong>is</strong></span> <span class='ocrx_word' id='word_1_612' title='bbox 965 2031 1035 2058; x_wconf 84' lang='lat' dir='ltr'><strong>inter</strong></span> <span class='ocrx_word' id='word_1_613' title='bbox 1050 2035 1146 2058; x_wconf 59' lang='lat' dir='ltr'><strong>castera</strong></span> <span class='ocrx_word' id='word_1_614' title='bbox 1155 2031 1251 2058; x_wconf 88' lang='lat' dir='ltr'><strong>habet:</strong></span> <span class='ocrx_word' id='word_1_615' title='bbox 1262 2032 1362 2057; x_wconf 82' lang='grc' dir='ltr'>Ἀπίων</span> <span class='ocrx_word' id='word_1_616' title='bbox 1374 2030 1462 2057; x_wconf 84' lang='grc' dir='ltr'>τοίνυν</span> <span class='ocrx_word' id='word_1_617' title='bbox 1478 2032 1492 2057; x_wconf 86' lang='grc' dir='ltr'><strong>ό</strong></span> <span class='ocrx_word' id='word_1_618' title='bbox 1507 2031 1708 2066; x_wconf 77' lang='grc' dir='ltr'>γραμματικὸς,</span> 
     </span>
    </p>
   </div>
   <div class='ocr_carea' id='block_1_89' title="bbox 927 2077 1712 2113">
    <p class='ocr_par' dir='ltr' id='par_1_89' title="bbox 927 2077 1712 2113">
     <span class='ocr_line' id='line_1_89' title="bbox 927 2077 1712 2113; baseline 0 -9"><span class='ocrx_word' id='word_1_619' title='bbox 927 2078 942 2104; x_wconf 82' lang='grc' dir='ltr'><strong>ὁ</strong></span> <span class='ocrx_word' id='word_1_620' title='bbox 954 2077 1140 2112; x_wconf 84' lang='grc' dir='ltr'>πλειστονίκης</span> <span class='ocrx_word' id='word_1_621' title='bbox 1154 2077 1308 2112; x_wconf 76' lang='grc' dir='ltr'>ἐπικληθεὶς</span> <span class='ocrx_word' id='word_1_622' title='bbox 1329 2078 1357 2103; x_wconf 83' lang='grc' dir='ltr'>ὲν</span> <span class='ocrx_word' id='word_1_623' title='bbox 1375 2078 1407 2112; x_wconf 81' lang='grc' dir='ltr'>τῇ</span> <span class='ocrx_word' id='word_1_624' title='bbox 1428 2077 1543 2113; x_wconf 83' lang='grc' dir='ltr'>τετάρτῃ</span> <span class='ocrx_word' id='word_1_625' title='bbox 1556 2077 1609 2104; x_wconf 84' lang='grc' dir='ltr'>τῶν</span> <span class='ocrx_word' id='word_1_626' title='bbox 1622 2079 1712 2112; x_wconf 77' lang='grc' dir='ltr'>Λίγυ-</span> 
     </span>
    </p>
   </div>
   <div class='ocr_carea' id='block_1_90' title="bbox 928 2123 1713 2159">
    <p class='ocr_par' dir='ltr' id='par_1_90' title="bbox 928 2123 1713 2159">
     <span class='ocr_line' id='line_1_90' title="bbox 928 2123 1713 2159; baseline 0 -9"><span class='ocrx_word' id='word_1_627' title='bbox 928 2123 1061 2151; x_wconf 80' lang='grc' dir='ltr'>πτιακῶν</span> <span class='ocrx_word' id='word_1_628' title='bbox 1084 2123 1231 2159; x_wconf 74' lang='grc' dir='ltr'>ἱστοριῶν,</span> <span class='ocrx_word' id='word_1_629' title='bbox 1259 2123 1347 2149; x_wconf 85' lang='grc' dir='ltr'>καίτοι</span> <span class='ocrx_word' id='word_1_630' title='bbox 1376 2123 1617 2159; x_wconf 80' lang='grc' dir='ltr'>φιλαπεχθημένως</span> <span class='ocrx_word' id='word_1_631' title='bbox 1646 2123 1713 2159; x_wconf 70' lang='grc' dir='ltr'>πρὸς</span> 
     </span>
    </p>
   </div>
   <div class='ocr_carea' id='block_1_91' title="bbox 933 2169 1713 2206">
    <p class='ocr_par' dir='ltr' id='par_1_91' title="bbox 933 2169 1713 2206">
     <span class='ocr_line' id='line_1_91' title="bbox 933 2169 1713 2206; baseline 0 -10"><span class='ocrx_word' id='word_1_632' title='bbox 933 2170 1074 2206; x_wconf 77' lang='grc' dir='ltr'>Ἑϐραίους</span> <span class='ocrx_word' id='word_1_633' title='bbox 1096 2170 1275 2205; x_wconf 84' lang='grc' dir='ltr'>διακείμενος,</span> <span class='ocrx_word' id='word_1_634' title='bbox 1291 2170 1338 2196; x_wconf 75' lang='grc' dir='ltr'>ἅτε</span> <span class='ocrx_word' id='word_1_635' title='bbox 1364 2169 1510 2204; x_wconf 80' lang='grc' dir='ltr'>Αἰγύπτιος</span> <span class='ocrx_word' id='word_1_636' title='bbox 1531 2170 1560 2196; x_wconf 83' lang='grc' dir='ltr'>τὸ</span> <span class='ocrx_word' id='word_1_637' title='bbox 1576 2170 1662 2203; x_wconf 86' lang='grc' dir='ltr'>γένος,</span> <span class='ocrx_word' id='word_1_638' title='bbox 1675 2170 1713 2201; x_wconf 82' lang='grc' dir='ltr'>ὡς</span> 
     </span>
    </p>
   </div>
   <div class='ocr_carea' id='block_1_92' title="bbox 109 2211 873 2250">
    <p class='ocr_par' dir='ltr' id='par_1_92' title="bbox 109 2211 873 2247">
     <span class='ocr_line' id='line_1_92' title="bbox 109 2211 873 2247; baseline 0.004 -10"><span class='ocrx_word' id='word_1_639' title='bbox 109 2211 369 2243; x_wconf 73' lang='lat' dir='ltr'><strong>mysteriiTrinitatis</strong></span> <span class='ocrx_word' id='word_1_640' title='bbox 385 2213 566 2247; x_wconf 82' lang='lat' dir='ltr'><strong>cognitionem</strong></span> <span class='ocrx_word' id='word_1_641' title='bbox 580 2213 696 2240; x_wconf 75' lang='lat' dir='ltr'><strong>maxime</strong></span> <span class='ocrx_word' id='word_1_642' title='bbox 713 2213 873 2247; x_wconf 81' lang='lat' dir='ltr'><strong>conducere,</strong></span> 
     </span>
    </p>
   </div>
   <div class='ocr_carea' id='block_1_93' title="bbox 923 2211 1712 2250">
    <p class='ocr_par' dir='ltr' id='par_1_93' title="bbox 931 2215 1712 2250">
     <span class='ocr_line' id='line_1_93' title="bbox 931 2215 1712 2250; baseline -0.001 -8"><span class='ocrx_word' id='word_1_643' title='bbox 931 2216 977 2242; x_wconf 73' lang='grc' dir='ltr'>καὶ</span> <span class='ocrx_word' id='word_1_644' title='bbox 994 2216 1065 2243; x_wconf 82' lang='grc' dir='ltr'>κατὰ</span> <span class='ocrx_word' id='word_1_645' title='bbox 1086 2215 1218 2242; x_wconf 82' lang='grc' dir='ltr'>Ἰουδαίων</span> <span class='ocrx_word' id='word_1_646' title='bbox 1239 2215 1367 2248; x_wconf 81' lang='grc' dir='ltr'>συντάξαι</span> <span class='ocrx_word' id='word_1_647' title='bbox 1385 2215 1494 2250; x_wconf 72' lang='grc' dir='ltr'>βιῧλίον,</span> <span class='ocrx_word' id='word_1_648' title='bbox 1515 2216 1647 2250; x_wconf 78' lang='grc' dir='ltr'>Ἀμώσιος</span> <span class='ocrx_word' id='word_1_649' title='bbox 1666 2215 1712 2241; x_wconf 81' lang='grc' dir='ltr'>τοῦ</span> 
     </span>
    </p>
   </div>
   <div class='ocr_carea' id='block_1_94' title="bbox 108 2256 876 2294">
    <p class='ocr_par' dir='ltr' id='par_1_94' title="bbox 108 2256 876 2294">
     <span class='ocr_line' id='line_1_94' title="bbox 108 2256 876 2294; baseline 0.008 -13"><span class='ocrx_word' id='word_1_650' title='bbox 108 2259 128 2280; x_wconf 72' lang='grc' dir='ltr'><strong>εἰ</strong></span> <span class='ocrx_word' id='word_1_651' title='bbox 143 2263 186 2288; x_wconf 90' lang='lat' dir='ltr'><strong>per</strong></span> <span class='ocrx_word' id='word_1_652' title='bbox 204 2256 274 2283; x_wconf 89' lang='lat' dir='ltr'><strong>hanc</strong></span> <span class='ocrx_word' id='word_1_653' title='bbox 297 2258 475 2291; x_wconf 83' lang='lat' dir='ltr'><strong>Inaterialem,</strong></span> <span class='ocrx_word' id='word_1_654' title='bbox 492 2262 571 2292; x_wconf 87' lang='lat' dir='ltr'><strong>atque</strong></span> <span class='ocrx_word' id='word_1_655' title='bbox 586 2260 764 2293; x_wconf 86' lang='lat' dir='ltr'><strong>compositam</strong></span> <span class='ocrx_word' id='word_1_656' title='bbox 782 2260 876 2294; x_wconf 85' lang='lat' dir='ltr'><strong>cogni-</strong></span> 
     </span>
    </p>
   </div>
   <div class='ocr_carea' id='block_1_95' title="bbox 108 2299 877 2341">
    <p class='ocr_par' dir='ltr' id='par_1_95' title="bbox 108 2299 877 2341">
     <span class='ocr_line' id='line_1_95' title="bbox 108 2299 877 2341; baseline 0.012 -16"><span class='ocrx_word' id='word_1_657' title='bbox 108 2299 209 2334; x_wconf 83' lang='lat' dir='ltr'><strong>tionem,</strong></span> <span class='ocrx_word' id='word_1_658' title='bbox 233 2305 367 2339; x_wconf 86' lang='lat' dir='ltr'><strong>simplicis</strong></span> <span class='ocrx_word' id='word_1_659' title='bbox 389 2308 469 2340; x_wconf 86' lang='lat' dir='ltr'><strong>atque</strong></span> <span class='ocrx_word' id='word_1_660' title='bbox 493 2306 678 2341; x_wconf 64' lang='lat' dir='ltr'><strong>incompositae</strong></span> <span class='ocrx_word' id='word_1_661' title='bbox 693 2311 797 2334; x_wconf 71' lang='lat' dir='ltr'><strong>naturae</strong></span> <span class='ocrx_word' id='word_1_662' title='bbox 811 2308 877 2335; x_wconf 89' lang='lat' dir='ltr'><strong>sub-</strong></span> 
     </span>
    </p>
   </div>
   <div class='ocr_carea' id='block_1_96' title="bbox 109 2347 879 2386">
    <p class='ocr_par' dir='ltr' id='par_1_96' title="bbox 109 2347 879 2386">
     <span class='ocr_line' id='line_1_96' title="bbox 109 2347 879 2386; baseline 0.012 -16"><span class='ocrx_word' id='word_1_663' title='bbox 109 2347 256 2382; x_wconf 62' lang='lat' dir='ltr'><strong>stantiaque</strong></span> <span class='ocrx_word' id='word_1_664' title='bbox 288 2350 411 2376; x_wconf 89' lang='lat' dir='ltr'><strong>notitiam</strong></span> <span class='ocrx_word' id='word_1_665' title='bbox 441 2350 578 2382; x_wconf 85' lang='lat' dir='ltr'><strong>advenire,</strong></span> <span class='ocrx_word' id='word_1_666' title='bbox 594 2352 674 2386; x_wconf 73' lang='lat' dir='ltr'><strong>iilque</strong></span> <span class='ocrx_word' id='word_1_667' title='bbox 698 2359 783 2379; x_wconf 70' lang='lat' dir='ltr'><strong>sacra:</strong></span> <span class='ocrx_word' id='word_1_668' title='bbox 805 2352 879 2379; x_wconf 86' lang='lat' dir='ltr'><strong>Scri-</strong></span> 
     </span>
    </p>
   </div>
   <div class='ocr_carea' id='block_1_97' title="bbox 111 2394 879 2425">
    <p class='ocr_par' dir='ltr' id='par_1_97' title="bbox 111 2394 879 2425">
     <span class='ocr_line' id='line_1_97' title="bbox 111 2394 879 2425; baseline 0.009 -8"><span class='ocrx_word' id='word_1_669' title='bbox 111 2394 186 2424; x_wconf 59' lang='lat' dir='ltr'><strong>ptura:</strong></span> <span class='ocrx_word' id='word_1_670' title='bbox 203 2395 366 2423; x_wconf 82' lang='lat' dir='ltr'><strong>testimoniis</strong></span> <span class='ocrx_word' id='word_1_671' title='bbox 377 2396 530 2423; x_wconf 82' lang='lat' dir='ltr'><strong>conﬁrmat.</strong></span> <span class='ocrx_word' id='word_1_672' title='bbox 549 2398 623 2424; x_wconf 87' lang='lat' dir='ltr'><strong>Multi</strong></span> <span class='ocrx_word' id='word_1_673' title='bbox 643 2403 732 2424; x_wconf 87' lang='lat' dir='ltr'><strong>tamen</strong></span> <span class='ocrx_word' id='word_1_674' title='bbox 748 2406 801 2424; x_wconf 92' lang='lat' dir='ltr'><strong>non</strong></span> <span class='ocrx_word' id='word_1_675' title='bbox 818 2403 879 2425; x_wconf 87' lang='lat' dir='ltr'><strong>lan-</strong></span> 
     </span>
    </p>
   </div>
   <div class='ocr_carea' id='block_1_98' title="bbox 111 2439 878 2477">
    <p class='ocr_par' dir='ltr' id='par_1_98' title="bbox 111 2439 878 2477">
     <span class='ocr_line' id='line_1_98' title="bbox 111 2439 878 2477; baseline 0.009 -13"><span class='ocrx_word' id='word_1_676' title='bbox 111 2439 159 2464; x_wconf 91' lang='lat' dir='ltr'><strong>lum</strong></span> <span class='ocrx_word' id='word_1_677' title='bbox 179 2447 211 2466; x_wconf 75' lang='lat' dir='ltr'><strong>ex</strong></span> <span class='ocrx_word' id='word_1_678' title='bbox 233 2441 434 2475; x_wconf 84' lang='lat' dir='ltr'><strong>antiquioribus</strong></span> <span class='ocrx_word' id='word_1_679' title='bbox 446 2443 612 2477; x_wconf 88' lang='lat' dir='ltr'><strong>provinciam</strong></span> <span class='ocrx_word' id='word_1_680' title='bbox 637 2444 708 2471; x_wconf 89' lang='lat' dir='ltr'><strong>hanc</strong></span> <span class='ocrx_word' id='word_1_681' title='bbox 725 2444 878 2477; x_wconf 88' lang='lat' dir='ltr'><strong>subierunt,</strong></span> 
     </span>
    </p>
   </div>
   <div class='ocr_carea' id='block_1_99' title="bbox 111 2483 880 2526">
    <p class='ocr_par' dir='ltr' id='par_1_99' title="bbox 111 2483 880 2526">
     <span class='ocr_line' id='line_1_99' title="bbox 111 2483 880 2526; baseline 0.008 -14"><span class='ocrx_word' id='word_1_682' title='bbox 111 2483 151 2510; x_wconf 76' lang='lat' dir='ltr'><strong>sed</strong></span> <span class='ocrx_word' id='word_1_683' title='bbox 164 2493 194 2512; x_wconf 79' lang='lat' dir='ltr'><strong>ex</strong></span> <span class='ocrx_word' id='word_1_684' title='bbox 213 2488 410 2516; x_wconf 86' lang='lat' dir='ltr'><strong>recentioribus</strong></span> <span class='ocrx_word' id='word_1_685' title='bbox 423 2489 560 2517; x_wconf 79' lang='lat' dir='ltr'><strong>Vicentius</strong></span> <span class='ocrx_word' id='word_1_686' title='bbox 578 2490 761 2518; x_wconf 80' lang='lat' dir='ltr'><strong>Belluacensis</strong></span> <span class='ocrx_word' id='word_1_687' title='bbox 773 2491 880 2526; x_wconf 90' lang='lat' dir='ltr'><strong>episco-</strong></span> 
     </span>
    </p>
   </div>
   <div class='ocr_carea' id='block_1_100' title="bbox 111 2533 880 2572">
    <p class='ocr_par' dir='ltr' id='par_1_100' title="bbox 111 2533 880 2572">
     <span class='ocr_line' id='line_1_100' title="bbox 111 2533 880 2572; baseline 0.013 -17"><span class='ocrx_word' id='word_1_688' title='bbox 111 2535 155 2561; x_wconf 82' lang='lat' dir='ltr'><strong>pus</strong></span> <span class='ocrx_word' id='word_1_689' title='bbox 164 2533 250 2558; x_wconf 87' lang='lat' dir='ltr'><strong>omnia</strong></span> <span class='ocrx_word' id='word_1_690' title='bbox 265 2533 365 2568; x_wconf 75' lang='lat' dir='ltr'><strong>ingenti</strong></span> <span class='ocrx_word' id='word_1_691' title='bbox 377 2535 523 2567; x_wconf 89' lang='lat' dir='ltr'><strong>volumine,</strong></span> <span class='ocrx_word' id='word_1_692' title='bbox 532 2536 643 2569; x_wconf 76' lang='lat' dir='ltr'><strong>triginta</strong></span> <span class='ocrx_word' id='word_1_693' title='bbox 657 2537 762 2565; x_wconf 89' lang='lat' dir='ltr'><strong>duobus</strong></span> <span class='ocrx_word' id='word_1_694' title='bbox 775 2539 880 2572; x_wconf 81' lang='lat' dir='ltr'><strong>magnis</strong></span> 
     </span>
    </p>
   </div>
   <div class='ocr_carea' id='block_1_101' title="bbox 112 2573 879 2614">
    <p class='ocr_par' dir='ltr' id='par_1_101' title="bbox 112 2573 879 2614">
     <span class='ocr_line' id='line_1_101' title="bbox 112 2573 879 2614; baseline 0.014 -14"><span class='ocrx_word' id='word_1_695' title='bbox 112 2573 179 2602; x_wconf 88' lang='lat' dir='ltr'><strong>libris</strong></span> <span class='ocrx_word' id='word_1_696' title='bbox 199 2577 297 2611; x_wconf 85' lang='lat' dir='ltr'><strong>diviso,</strong></span> <span class='ocrx_word' id='word_1_697' title='bbox 315 2580 367 2607; x_wconf 90' lang='lat' dir='ltr'><strong>sub</strong></span> <span class='ocrx_word' id='word_1_698' title='bbox 392 2580 498 2614; x_wconf 81' lang='lat' dir='ltr'><strong>Speculi</strong></span> <span class='ocrx_word' id='word_1_699' title='bbox 520 2582 651 2609; x_wconf 85' lang='lat' dir='ltr'><strong>naturalis</strong></span> <span class='ocrx_word' id='word_1_700' title='bbox 667 2583 776 2611; x_wconf 88' lang='lat' dir='ltr'><strong>nomine</strong></span> <span class='ocrx_word' id='word_1_701' title='bbox 803 2591 879 2611; x_wconf 91' lang='lat' dir='ltr'><strong>com—</strong></span> 
     </span>
    </p>
   </div>
   <div class='ocr_carea' id='block_1_102' title="bbox 111 2619 386 2653">
    <p class='ocr_par' dir='ltr' id='par_1_102' title="bbox 111 2619 386 2653">
     <span class='ocr_line' id='line_1_102' title="bbox 111 2619 386 2653; baseline -0.011 1"><span class='ocrx_word' id='word_1_702' title='bbox 111 2619 195 2653; x_wconf 72' lang='lat' dir='ltr'><strong>Plexus</strong></span> <span class='ocrx_word' id='word_1_703' title='bbox 208 2627 259 2650; x_wconf 86' lang='lat' dir='ltr'><strong>est.</strong></span> <span class='ocrx_word' id='word_1_704' title='bbox 380 2639 386 2645; x_wconf 88' lang='lat'><strong>-</strong></span> 
     </span>
    </p>
   </div>
   <div class='ocr_carea' id='block_1_103' title="bbox 141 2666 881 2708">
    <p class='ocr_par' dir='ltr' id='par_1_103' title="bbox 141 2666 881 2708">
     <span class='ocr_line' id='line_1_103' title="bbox 141 2666 881 2708; baseline 0.012 -15"><span class='ocrx_word' id='word_1_705' title='bbox 141 2666 195 2695; x_wconf 86' lang='lat' dir='ltr'><strong>Col.</strong></span> <span class='ocrx_word' id='word_1_706' title='bbox 216 2669 339 2702; x_wconf 81' lang='lat' dir='ltr'><strong>708,!in.</strong></span> <span class='ocrx_word' id='word_1_707' title='bbox 357 2672 382 2698; x_wconf 83' lang='lat' dir='ltr'><strong>l.</strong></span> <span class='ocrx_word' id='word_1_708' title='bbox 408 2673 534 2708; x_wconf 75' lang='grc' dir='ltr'><strong>Κλήμης</strong></span> <span class='ocrx_word' id='word_1_709' title='bbox 550 2674 609 2708; x_wconf 79' lang='grc' dir='ltr'><strong>μὲν</strong></span> <span class='ocrx_word' id='word_1_710' title='bbox 621 2673 688 2703; x_wconf 82' lang='grc' dir='ltr'><strong>οὖν.</strong></span> <span class='ocrx_word' id='word_1_711' title='bbox 704 2675 837 2703; x_wconf 87' lang='lat' dir='ltr'><strong>Eusebius</strong></span> <span class='ocrx_word' id='word_1_712' title='bbox 854 2676 881 2702; x_wconf 96' lang='lat' dir='ltr'><strong>in</strong></span> 
     </span>
    </p>
   </div>
   <div class='ocr_carea' id='block_1_104' title="bbox 111 2709 881 2756">
    <p class='ocr_par' dir='ltr' id='par_1_104' title="bbox 111 2709 881 2756">
     <span class='ocr_line' id='line_1_104' title="bbox 111 2709 881 2756; baseline 0.013 -20"><span class='ocrx_word' id='word_1_713' title='bbox 111 2709 241 2744; x_wconf 79' lang='lat' dir='ltr'><strong>Chronico.</strong></span> <span class='ocrx_word' id='word_1_714' title='bbox 250 2716 366 2744; x_wconf 81' lang='grc' dir='ltr'>Μωῦσέα</span> <span class='ocrx_word' id='word_1_715' title='bbox 379 2719 454 2751; x_wconf 83' lang='grc' dir='ltr'>γένος</span> <span class='ocrx_word' id='word_1_716' title='bbox 462 2720 585 2754; x_wconf 78' lang='grc' dir='ltr'>Ἐϐραῐον</span> <span class='ocrx_word' id='word_1_717' title='bbox 598 2721 743 2756; x_wconf 86' lang='grc' dir='ltr'>προφητῶν</span> <span class='ocrx_word' id='word_1_718' title='bbox 755 2721 881 2748; x_wconf 78' lang='grc' dir='ltr'>ἁπάντων</span> 
     </span>
    </p>
   </div>
   <div class='ocr_carea' id='block_1_105' title="bbox 111 2757 881 2801">
    <p class='ocr_par' dir='ltr' id='par_1_105' title="bbox 111 2757 881 2801">
     <span class='ocr_line' id='line_1_105' title="bbox 111 2757 881 2801; baseline 0.012 -19"><span class='ocrx_word' id='word_1_719' title='bbox 111 2757 208 2791; x_wconf 65' lang='grc' dir='ltr'>πρῶτον</span> <span class='ocrx_word' id='word_1_720' title='bbox 225 2760 294 2795; x_wconf 75' lang='grc' dir='ltr'>ἀμφὶ</span> <span class='ocrx_word' id='word_1_721' title='bbox 306 2763 352 2789; x_wconf 78' lang='grc' dir='ltr'>τοῦ</span> <span class='ocrx_word' id='word_1_722' title='bbox 369 2764 493 2800; x_wconf 78' lang='grc' dir='ltr'>Σωτῆρος</span> <span class='ocrx_word' id='word_1_723' title='bbox 508 2766 523 2799; x_wconf 85' lang='grc' dir='ltr'><strong>ἡ</strong></span> <span class='ocrx_word' id='word_1_724' title='bbox 529 2766 597 2800; x_wconf 82' lang='grc' dir='ltr'>μῶν,</span> <span class='ocrx_word' id='word_1_725' title='bbox 615 2766 687 2801; x_wconf 76' lang='grc' dir='ltr'>λέγω</span> <span class='ocrx_word' id='word_1_726' title='bbox 702 2766 731 2793; x_wconf 84' lang='grc' dir='ltr'>δὲ</span> <span class='ocrx_word' id='word_1_727' title='bbox 746 2767 792 2792; x_wconf 79' lang='grc' dir='ltr'>τοῦ</span> <span class='ocrx_word' id='word_1_728' title='bbox 814 2767 881 2800; x_wconf 82' lang='grc' dir='ltr'>Χρι-</span> 
     </span>
    </p>
   </div>
   <div class='ocr_carea' id='block_1_106' title="bbox 111 2802 882 2845">
    <p class='ocr_par' dir='ltr' id='par_1_106' title="bbox 111 2802 882 2845">
     <span class='ocr_line' id='line_1_106' title="bbox 111 2802 882 2845; baseline 0.012 -18"><span class='ocrx_word' id='word_1_729' title='bbox 111 2802 177 2835; x_wconf 74' lang='grc' dir='ltr'>στοῦ,</span> <span class='ocrx_word' id='word_1_730' title='bbox 193 2805 263 2840; x_wconf 81' lang='grc' dir='ltr'>ἀμφί</span> <span class='ocrx_word' id='word_1_731' title='bbox 287 2816 315 2834; x_wconf 78' lang='grc' dir='ltr'><strong>τε</strong></span> <span class='ocrx_word' id='word_1_732' title='bbox 343 2811 391 2844; x_wconf 83' lang='grc' dir='ltr'>τῆς</span> <span class='ocrx_word' id='word_1_733' title='bbox 406 2810 458 2836; x_wconf 79' lang='grc' dir='ltr'>τῶν</span> <span class='ocrx_word' id='word_1_734' title='bbox 478 2811 561 2837; x_wconf 78' lang='grc' dir='ltr'>ἐθνῶν</span> <span class='ocrx_word' id='word_1_735' title='bbox 577 2812 610 2838; x_wconf 77' lang='grc' dir='ltr'><strong>δι’</strong></span> <span class='ocrx_word' id='word_1_736' title='bbox 626 2813 707 2838; x_wconf 79' lang='grc' dir='ltr'>αὑτὸν</span> <span class='ocrx_word' id='word_1_737' title='bbox 720 2812 882 2845; x_wconf 86' lang='grc' dir='ltr'>θεογνωσίας</span> 
     </span>
    </p>
   </div>
   <div class='ocr_carea' id='block_1_107' title="bbox 112 2852 881 2894">
    <p class='ocr_par' dir='ltr' id='par_1_107' title="bbox 112 2852 881 2894">
     <span class='ocr_line' id='line_1_107' title="bbox 112 2852 881 2894; baseline 0.004 -14"><span class='ocrx_word' id='word_1_738' title='bbox 112 2852 241 2885; x_wconf 68' lang='grc' dir='ltr'>Χρησμοὺς</span> <span class='ocrx_word' id='word_1_739' title='bbox 258 2854 302 2880; x_wconf 77' lang='grc' dir='ltr'>καὶ</span> <span class='ocrx_word' id='word_1_740' title='bbox 314 2855 390 2889; x_wconf 84' lang='grc' dir='ltr'>λόγια</span> <span class='ocrx_word' id='word_1_741' title='bbox 406 2855 465 2892; x_wconf 79' lang='grc' dir='ltr'>Θείᾳ</span> <span class='ocrx_word' id='word_1_742' title='bbox 483 2857 574 2893; x_wconf 76' lang='grc' dir='ltr'>Γραφῇ</span> <span class='ocrx_word' id='word_1_743' title='bbox 594 2858 810 2894; x_wconf 79' lang='grc' dir='ltr'>παραδεδωκότα,</span> <span class='ocrx_word' id='word_1_744' title='bbox 827 2858 881 2889; x_wconf 83' lang='grc' dir='ltr'>τοῖς</span> 
     </span>
    </p>
   </div>
   <div class='ocr_carea' id='block_1_108' title="bbox 927 2261 1712 2297">
    <p class='ocr_par' dir='ltr' id='par_1_108' title="bbox 927 2261 1712 2297">
     <span class='ocr_line' id='line_1_108' title="bbox 927 2261 1712 2297; baseline -0.003 -8"><span class='ocrx_word' id='word_1_745' title='bbox 927 2262 1082 2296; x_wconf 78' lang='grc' dir='ltr'>Αἰγυπτίων</span> <span class='ocrx_word' id='word_1_746' title='bbox 1096 2261 1227 2297; x_wconf 82' lang='grc' dir='ltr'>βασιλέως</span> <span class='ocrx_word' id='word_1_747' title='bbox 1239 2261 1421 2297; x_wconf 80' lang='grc' dir='ltr'>μεμνημένος.</span> <span class='ocrx_word' id='word_1_748' title='bbox 1433 2262 1479 2288; x_wconf 81' lang='grc' dir='ltr'>καὶ</span> <span class='ocrx_word' id='word_1_749' title='bbox 1493 2262 1546 2288; x_wconf 84' lang='grc' dir='ltr'>τῶν</span> <span class='ocrx_word' id='word_1_750' title='bbox 1560 2262 1619 2288; x_wconf 87' lang='grc' dir='ltr'>κατ’</span> <span class='ocrx_word' id='word_1_751' title='bbox 1632 2261 1712 2287; x_wconf 85' lang='grc' dir='ltr'>αὑτὸν</span> 
     </span>
    </p>
   </div>
   <div class='ocr_carea' id='block_1_109' title="bbox 928 2307 1712 2344">
    <p class='ocr_par' dir='ltr' id='par_1_109' title="bbox 928 2307 1712 2344">
     <span class='ocr_line' id='line_1_109' title="bbox 928 2307 1712 2344; baseline -0.004 -9"><span class='ocrx_word' id='word_1_752' title='bbox 928 2307 1062 2344; x_wconf 77' lang='grc' dir='ltr'>πράξεων,</span> <span class='ocrx_word' id='word_1_753' title='bbox 1072 2308 1196 2344; x_wconf 87' lang='grc' dir='ltr'>μάρτυρα</span> <span class='ocrx_word' id='word_1_754' title='bbox 1204 2307 1396 2344; x_wconf 74' lang='grc' dir='ltr'>παρατίθεσθαι</span> <span class='ocrx_word' id='word_1_755' title='bbox 1411 2307 1573 2341; x_wconf 86' lang='grc' dir='ltr'>Πτολεμαῖον</span> <span class='ocrx_word' id='word_1_756' title='bbox 1585 2307 1630 2333; x_wconf 82' lang='grc' dir='ltr'>τὸν</span> <span class='ocrx_word' id='word_1_757' title='bbox 1641 2307 1712 2332; x_wconf 88' lang='grc' dir='ltr'>Μεν-</span> 
     </span>
    </p>
   </div>
   <div class='ocr_carea' id='block_1_110' title="bbox 927 2350 1711 2389">
    <p class='ocr_par' dir='ltr' id='par_1_110' title="bbox 927 2350 1711 2389">
     <span class='ocr_line' id='line_1_110' title="bbox 927 2350 1711 2389; baseline -0.003 -9"><span class='ocrx_word' id='word_1_758' title='bbox 927 2354 1028 2389; x_wconf 87' lang='grc' dir='ltr'>δήσιον,</span> <span class='ocrx_word' id='word_1_759' title='bbox 1054 2355 1100 2380; x_wconf 81' lang='grc' dir='ltr'><strong>καί</strong></span> <span class='ocrx_word' id='word_1_760' title='bbox 1128 2354 1163 2381; x_wconf 83' lang='grc' dir='ltr'>τὰ</span> <span class='ocrx_word' id='word_1_761' title='bbox 1183 2354 1234 2389; x_wconf 81' lang='grc' dir='ltr'>τῆς</span> <span class='ocrx_word' id='word_1_762' title='bbox 1258 2353 1355 2385; x_wconf 78' lang='grc' dir='ltr'>λέξεως</span> <span class='ocrx_word' id='word_1_763' title='bbox 1378 2353 1459 2379; x_wconf 80' lang='grc' dir='ltr'>αὑτοῦ</span> <span class='ocrx_word' id='word_1_764' title='bbox 1485 2350 1536 2379; x_wconf 79' lang='grc' dir='ltr'>ὦδε</span> <span class='ocrx_word' id='word_1_765' title='bbox 1558 2353 1623 2387; x_wconf 77' lang='grc' dir='ltr'>ἔχει·</span> <span class='ocrx_word' id='word_1_766' title='bbox 1637 2353 1711 2379; x_wconf 85' lang='grc' dir='ltr'>Κατ-</span> 
     </span>
    </p>
   </div>
   <div class='ocr_carea' id='block_1_111' title="bbox 929 2397 1712 2434">
    <p class='ocr_par' dir='ltr' id='par_1_111' title="bbox 929 2397 1712 2434">
     <span class='ocr_line' id='line_1_111' title="bbox 929 2397 1712 2434; baseline -0.003 -9"><span class='ocrx_word' id='word_1_767' title='bbox 929 2398 1030 2433; x_wconf 74' lang='grc' dir='ltr'>ἑσκαψε</span> <span class='ocrx_word' id='word_1_768' title='bbox 1044 2399 1072 2425; x_wconf 82' lang='grc' dir='ltr'>δὲ</span> <span class='ocrx_word' id='word_1_769' title='bbox 1086 2398 1134 2434; x_wconf 86' lang='grc' dir='ltr'>τὴν</span> <span class='ocrx_word' id='word_1_770' title='bbox 1152 2398 1276 2433; x_wconf 80' lang='grc' dir='ltr'>Ἀουρίαν</span> <span class='ocrx_word' id='word_1_771' title='bbox 1290 2399 1421 2432; x_wconf 79' lang='grc' dir='ltr'>Ἀμωσις,</span> <span class='ocrx_word' id='word_1_772' title='bbox 1443 2397 1512 2424; x_wconf 82' lang='grc' dir='ltr'>κατὰ</span> <span class='ocrx_word' id='word_1_773' title='bbox 1528 2397 1572 2424; x_wconf 78' lang='grc' dir='ltr'><strong>τὸν</strong></span> <span class='ocrx_word' id='word_1_774' title='bbox 1593 2398 1712 2432; x_wconf 72' lang='grc' dir='ltr'>’Λργεῖον</span> 
     </span>
    </p>
   </div>
   <div class='ocr_carea' id='block_1_112' title="bbox 929 2443 1713 2480">
    <p class='ocr_par' dir='ltr' id='par_1_112' title="bbox 929 2443 1713 2480">
     <span class='ocr_line' id='line_1_112' title="bbox 929 2443 1713 2480; baseline -0.001 -10"><span class='ocrx_word' id='word_1_775' title='bbox 929 2445 1073 2479; x_wconf 85' lang='grc' dir='ltr'>γενόμενος</span> <span class='ocrx_word' id='word_1_776' title='bbox 1096 2446 1210 2480; x_wconf 85' lang='grc' dir='ltr'>Ἴναχον,</span> <span class='ocrx_word' id='word_1_777' title='bbox 1232 2445 1269 2476; x_wconf 86' lang='grc' dir='ltr'>ὡς</span> <span class='ocrx_word' id='word_1_778' title='bbox 1287 2446 1315 2471; x_wconf 80' lang='grc' dir='ltr'>ὲν</span> <span class='ocrx_word' id='word_1_779' title='bbox 1339 2446 1394 2476; x_wconf 87' lang='grc' dir='ltr'>τοῖς</span> <span class='ocrx_word' id='word_1_780' title='bbox 1417 2444 1521 2479; x_wconf 85' lang='grc' dir='ltr'>χρόνοις</span> <span class='ocrx_word' id='word_1_781' title='bbox 1533 2443 1684 2479; x_wconf 75' lang='grc' dir='ltr'>ἀνέγραψεν</span> <span class='ocrx_word' id='word_1_782' title='bbox 1698 2444 1713 2469; x_wconf 80' lang='grc' dir='ltr'>ὁ</span> 
     </span>
    </p>
   </div>
   <div class='ocr_carea' id='block_1_113' title="bbox 929 2487 1713 2526">
    <p class='ocr_par' dir='ltr' id='par_1_113' title="bbox 929 2487 1713 2526">
     <span class='ocr_line' id='line_1_113' title="bbox 929 2487 1713 2526; baseline -0.003 -9"><span class='ocrx_word' id='word_1_783' title='bbox 929 2490 1076 2525; x_wconf 88' lang='grc' dir='ltr'>Μενδήσιος</span> <span class='ocrx_word' id='word_1_784' title='bbox 1102 2491 1275 2526; x_wconf 86' lang='grc' dir='ltr'>Πτολεμαῖος.</span> <span class='ocrx_word' id='word_1_785' title='bbox 1297 2490 1325 2516; x_wconf 92' lang='lat'><strong>&#39;0</strong></span> <span class='ocrx_word' id='word_1_786' title='bbox 1346 2490 1374 2516; x_wconf 80' lang='grc' dir='ltr'>δὲ</span> <span class='ocrx_word' id='word_1_787' title='bbox 1397 2489 1561 2524; x_wconf 86' lang='grc' dir='ltr'>Πτολεμαῖος</span> <span class='ocrx_word' id='word_1_788' title='bbox 1581 2487 1657 2520; x_wconf 73' lang='grc' dir='ltr'>οὗτος</span> <span class='ocrx_word' id='word_1_789' title='bbox 1677 2490 1713 2515; x_wconf 90' lang='grc' dir='ltr'>ἰε-</span> 
     </span>
    </p>
   </div>
   <div class='ocr_carea' id='block_1_114' title="bbox 930 2534 1712 2572">
    <p class='ocr_par' dir='ltr' id='par_1_114' title="bbox 930 2534 1712 2572">
     <span class='ocr_line' id='line_1_114' title="bbox 930 2534 1712 2572; baseline -0.003 -9"><span class='ocrx_word' id='word_1_790' title='bbox 930 2537 993 2572; x_wconf 82' lang='grc' dir='ltr'>ρεὺς</span> <span class='ocrx_word' id='word_1_791' title='bbox 1008 2537 1055 2572; x_wconf 86' lang='grc' dir='ltr'>μὲν</span> <span class='ocrx_word' id='word_1_792' title='bbox 1071 2534 1104 2571; x_wconf 87' lang='grc' dir='ltr'>ἦν</span> <span class='ocrx_word' id='word_1_793' title='bbox 1113 2545 1119 2551; x_wconf 90' lang='grc'><strong>·</strong></span> <span class='ocrx_word' id='word_1_794' title='bbox 1132 2536 1180 2568; x_wconf 76' lang='grc' dir='ltr'><strong>τὰς</strong></span> <span class='ocrx_word' id='word_1_795' title='bbox 1190 2537 1218 2563; x_wconf 78' lang='grc' dir='ltr'>δὲ</span> <span class='ocrx_word' id='word_1_796' title='bbox 1231 2536 1285 2563; x_wconf 82' lang='grc' dir='ltr'>τῶν</span> <span class='ocrx_word' id='word_1_797' title='bbox 1296 2536 1450 2570; x_wconf 81' lang='grc' dir='ltr'>Αἰγυπτίων</span> <span class='ocrx_word' id='word_1_798' title='bbox 1460 2535 1590 2569; x_wconf 82' lang='grc' dir='ltr'>βασιλέων</span> <span class='ocrx_word' id='word_1_799' title='bbox 1601 2534 1712 2570; x_wconf 78' lang='grc' dir='ltr'>πράξεις</span> 
     </span>
    </p>
   </div>
   <div class='ocr_carea' id='block_1_115' title="bbox 930 2580 1710 2617">
    <p class='ocr_par' dir='ltr' id='par_1_115' title="bbox 930 2580 1710 2617">
     <span class='ocr_line' id='line_1_115' title="bbox 930 2580 1710 2617; baseline -0.003 -9"><span class='ocrx_word' id='word_1_800' title='bbox 930 2582 958 2608; x_wconf 84' lang='grc' dir='ltr'>ὲν</span> <span class='ocrx_word' id='word_1_801' title='bbox 966 2582 1052 2617; x_wconf 86' lang='grc' dir='ltr'>τρισὶν</span> <span class='ocrx_word' id='word_1_802' title='bbox 1060 2582 1132 2613; x_wconf 82' lang='grc' dir='ltr'>ὅλαις</span> <span class='ocrx_word' id='word_1_803' title='bbox 1140 2582 1283 2616; x_wconf 74' lang='grc' dir='ltr'>ἐκθέμενος</span> <span class='ocrx_word' id='word_1_804' title='bbox 1294 2581 1403 2616; x_wconf 77' lang='grc' dir='ltr'>βίϐλοις,</span> <span class='ocrx_word' id='word_1_805' title='bbox 1415 2581 1484 2607; x_wconf 85' lang='grc' dir='ltr'>κατὰ</span> <span class='ocrx_word' id='word_1_806' title='bbox 1491 2580 1611 2615; x_wconf 82' lang='grc' dir='ltr'>Ἀμωσίν</span> <span class='ocrx_word' id='word_1_807' title='bbox 1620 2589 1710 2616; x_wconf 81' lang='grc' dir='ltr'>φησιν,</span> 
     </span>
    </p>
   </div>
   <div class='ocr_carea' id='block_1_116' title="bbox 930 2626 1711 2662">
    <p class='ocr_par' dir='ltr' id='par_1_116' title="bbox 930 2626 1711 2662">
     <span class='ocr_line' id='line_1_116' title="bbox 930 2626 1711 2662; baseline 0 -9"><span class='ocrx_word' id='word_1_808' title='bbox 930 2627 1067 2661; x_wconf 74' lang='grc' dir='ltr'>Αἰγύπτου</span> <span class='ocrx_word' id='word_1_809' title='bbox 1099 2627 1219 2662; x_wconf 84' lang='grc' dir='ltr'>βασιλέα,</span> <span class='ocrx_word' id='word_1_810' title='bbox 1242 2627 1379 2657; x_wconf 78' lang='grc' dir='ltr'>Μωῡσέως</span> <span class='ocrx_word' id='word_1_811' title='bbox 1402 2626 1551 2661; x_wconf 82' lang='grc' dir='ltr'>ἡγουμένου</span> <span class='ocrx_word' id='word_1_812' title='bbox 1575 2626 1711 2660; x_wconf 83' lang='grc' dir='ltr'>γεγονέναι</span> 
     </span>
    </p>
   </div>
   <div class='ocr_carea' id='block_1_117' title="bbox 937 2667 1711 2708">
    <p class='ocr_par' dir='ltr' id='par_1_117' title="bbox 937 2667 1711 2708">
     <span class='ocr_line' id='line_1_117' title="bbox 937 2667 1711 2708; baseline -0.003 -9"><span class='ocrx_word' id='word_1_813' title='bbox 937 2673 1072 2704; x_wconf 83' lang='grc' dir='ltr'>Ἰουδαίοις</span> <span class='ocrx_word' id='word_1_814' title='bbox 1083 2673 1132 2708; x_wconf 87' lang='grc' dir='ltr'>τὴν</span> <span class='ocrx_word' id='word_1_815' title='bbox 1147 2673 1176 2705; x_wconf 74' lang='grc' dir='ltr'><strong>ἐξ</strong></span> <span class='ocrx_word' id='word_1_816' title='bbox 1187 2673 1324 2707; x_wconf 79' lang='grc' dir='ltr'>Αἰγύπτου</span> <span class='ocrx_word' id='word_1_817' title='bbox 1339 2672 1459 2708; x_wconf 62' lang='grc' dir='ltr'>πορείαν</span> <span class='ocrx_word' id='word_1_818' title='bbox 1475 2671 1504 2704; x_wconf 78' lang='grc' dir='ltr'>ἐξ</span> <span class='ocrx_word' id='word_1_819' title='bbox 1521 2667 1557 2698; x_wconf 88' lang='grc' dir='ltr'>ὧν</span> <span class='ocrx_word' id='word_1_820' title='bbox 1575 2672 1711 2698; x_wconf 84' lang='grc' dir='ltr'>συνῶπται</span> 
     </span>
    </p>
   </div>
   <div class='ocr_carea' id='block_1_118' title="bbox 931 2716 1713 2753">
    <p class='ocr_par' dir='ltr' id='par_1_118' title="bbox 931 2716 1713 2753">
     <span class='ocr_line' id='line_1_118' title="bbox 931 2716 1713 2753; baseline -0.003 -8"><span class='ocrx_word' id='word_1_821' title='bbox 931 2718 1002 2745; x_wconf 81' lang='grc' dir='ltr'>κατὰ</span> <span class='ocrx_word' id='word_1_822' title='bbox 1019 2718 1122 2752; x_wconf 86' lang='grc' dir='ltr'>Ἴναχον</span> <span class='ocrx_word' id='word_1_823' title='bbox 1145 2718 1298 2753; x_wconf 80' lang='grc' dir='ltr'>ἠκμακέναι</span> <span class='ocrx_word' id='word_1_824' title='bbox 1317 2717 1362 2744; x_wconf 80' lang='grc' dir='ltr'>τὸν</span> <span class='ocrx_word' id='word_1_825' title='bbox 1381 2717 1491 2744; x_wconf 81' lang='grc' dir='ltr'>Μωσέα.</span> <span class='ocrx_word' id='word_1_826' title='bbox 1507 2716 1627 2744; x_wconf 87' lang='lat' dir='ltr'><strong>Firmum</strong></span> <span class='ocrx_word' id='word_1_827' title='bbox 1653 2725 1713 2752; x_wconf 87' lang='lat' dir='ltr'><strong>pro-</strong></span> 
     </span>
    </p>
   </div>
   <div class='ocr_carea' id='block_1_119' title="bbox 933 2764 1712 2798">
    <p class='ocr_par' dir='ltr' id='par_1_119' title="bbox 933 2764 1712 2798">
     <span class='ocr_line' id='line_1_119' title="bbox 933 2764 1712 2798; baseline -0.003 -7"><span class='ocrx_word' id='word_1_828' title='bbox 933 2764 1003 2791; x_wconf 79' lang='lat' dir='ltr'><strong>iecto</strong></span> <span class='ocrx_word' id='word_1_829' title='bbox 1017 2769 1204 2798; x_wconf 72' lang='lat' dir='ltr'><strong>argumentum</strong></span> <span class='ocrx_word' id='word_1_830' title='bbox 1219 2764 1251 2790; x_wconf 77' lang='lat' dir='ltr'><strong>ax]</strong></span> <span class='ocrx_word' id='word_1_831' title='bbox 1268 2764 1483 2798; x_wconf 78' lang='lat' dir='ltr'><strong>probamlum,ct</strong></span> <span class='ocrx_word' id='word_1_832' title='bbox 1499 2772 1529 2790; x_wconf 78' lang='lat' dir='ltr'><strong>ex</strong></span> <span class='ocrx_word' id='word_1_833' title='bbox 1546 2764 1604 2798; x_wconf 87' lang='lat' dir='ltr'><strong>ipso</strong></span> <span class='ocrx_word' id='word_1_834' title='bbox 1620 2764 1712 2790; x_wconf 82' lang='lat' dir='ltr'><strong>adver—</strong></span> 
     </span>
    </p>
   </div>
   <div class='ocr_carea' id='block_1_120' title="bbox 931 2809 1711 2844">
    <p class='ocr_par' dir='ltr' id='par_1_120' title="bbox 931 2809 1711 2844">
     <span class='ocr_line' id='line_1_120' title="bbox 931 2809 1711 2844; baseline 0.001 -8"><span class='ocrx_word' id='word_1_835' title='bbox 931 2810 1004 2838; x_wconf 82' lang='lat' dir='ltr'><strong>sario</strong></span> <span class='ocrx_word' id='word_1_836' title='bbox 1027 2809 1148 2837; x_wconf 90' lang='lat' dir='ltr'><strong>ductum.</strong></span> <span class='ocrx_word' id='word_1_837' title='bbox 1173 2810 1279 2837; x_wconf 79' lang='lat' dir='ltr'><strong>Atnosis</strong></span> <span class='ocrx_word' id='word_1_838' title='bbox 1316 2814 1436 2844; x_wconf 88' lang='lat' dir='ltr'><strong>tempore</strong></span> <span class='ocrx_word' id='word_1_839' title='bbox 1469 2809 1559 2837; x_wconf 79' lang='lat' dir='ltr'><strong>Inachi</strong></span> <span class='ocrx_word' id='word_1_840' title='bbox 1589 2810 1711 2841; x_wconf 81' lang='lat' dir='ltr'><strong>vivebat;</strong></span> 
     </span>
    </p>
   </div>
   <div class='ocr_carea' id='block_1_121' title="bbox 924 2855 1715 2893">
    <p class='ocr_par' dir='ltr' id='par_1_121' title="bbox 924 2855 1715 2893">
     <span class='ocr_line' id='line_1_121' title="bbox 924 2855 1715 2893; baseline -0.004 -8"><span class='ocrx_word' id='word_1_841' title='bbox 924 2855 1038 2893; x_wconf 76' lang='lat' dir='ltr'><strong>Moyses</strong></span> <span class='ocrx_word' id='word_1_842' title='bbox 1060 2861 1180 2891; x_wconf 78' lang='lat' dir='ltr'><strong>tempore</strong></span> <span class='ocrx_word' id='word_1_843' title='bbox 1206 2855 1353 2884; x_wconf 78' lang='lat' dir='ltr'><strong>Amosidis.</strong></span> <span class='ocrx_word' id='word_1_844' title='bbox 1369 2855 1435 2889; x_wconf 80' lang='lat' dir='ltr'><strong>Quis</strong></span> <span class='ocrx_word' id='word_1_845' title='bbox 1453 2855 1506 2884; x_wconf 90' lang='lat' dir='ltr'><strong>nisi</strong></span> <span class='ocrx_word' id='word_1_846' title='bbox 1528 2855 1639 2883; x_wconf 84' lang='lat' dir='ltr'><strong>demens</strong></span> <span class='ocrx_word' id='word_1_847' title='bbox 1655 2855 1715 2882; x_wconf 79' lang='lat' dir='ltr'><strong>lna-</strong></span> 
     </span>
    </p>
   </div>
  </div>
