3924 6968
581 260 692 332 τ’εὸ

1927 273 2171 332 ιεοΝιε
2199 271 2495 329 ΑιιΑτιι·
3672 280 3748 336 δυο

580 397 744 448 chum
790 401 845 449 et
897 390 1134 462 Moysem
1174 391 1368 448 iisdem
1406 393 1745 465 temporibus
1774 394 2027 451 ﬂoruisse
2056 411 2156 452 ne-
2181 403 2226 458 Α
2256 394 2310 446 in
2337 391 2600 454 Tacticis,
2638 389 2743 446 nisi
2778 387 2942 444 semel
2970 403 3091 443 cum
3118 387 3241 458 ejus
3268 388 3436 458 carpit
3463 396 3746 456 sententiam,

580 485 732 558 καίνει
757 486 794 538 ἳ-

652 572 784 631 Ibid.
819 575 924 628 Kal
965 577 1332 644 Ἀφρικανός.
1373 576 1450 632 De
1477 577 1755 643 Africano,
1794 579 1917 636 vide
1960 579 2154 637 Hiero-

579 683 824 735 nymum,
859 665 1204 730 Trit'emium,
1270 669 1515 733 Suidam,
1544 670 1754 724 Sixtum
1784 671 2076 727 Senensem
2100 681 2154 728 et

579 760 747 814 alios:
768 759 932 811 multa
956 774 1018 812 ac
1039 760 1186 813 varia
1213 760 1413 830 ingenii
1434 763 1514 816 sui
1542 769 1888 816 monumenta
1917 767 2153 820 maximo

579 851 942 906 litteratorum
989 852 1274 906 commodo
1326 853 1587 923 reliquit;
1652 872 1882 925 quortun
1947 857 2149 926 passim

578 943 784 995 mentio
812 943 950 1010 apud
984 950 1240 996 auctores
1268 940 1485 998 Graecos
1532 955 1585 998 et
1622 943 1866 998 Latinos.
1901 945 2152 1014 Legatio-

578 1046 699 1084 nem
733 1047 828 1101 pro
855 1035 1251 1088 instauratione
1286 1037 1436 1090 urbis
1465 1035 1718 1091 Emmaus
1751 1040 2151 1107 suscepitque

577 1133 762 1193 postea
788 1123 1062 1194 Nicoriolis
1092 1128 1358 1195 appezlata
1381 1139 1484 1189 est.
1511 1140 1564 1182 et
1587 1128 1840 1182 obtinuit.
1880 1129 2147 1184 Eusebius

575 1214 628 1269 In
649 1213 928 1278 Chronico,
953 1218 1311 1289 Παλαιστίνης
1344 1218 1634 1284 Νικόπολις
1665 1223 1696 1293 ή
1735 1224 1994 1294 πρότερον
2028 1223 2152 1292 Ἐμ-

577 1311 745 1378 μαοὺς
779 1309 998 1380 ἐκτίσθη
1044 1311 1216 1376 πόλις,
1253 1311 1646 1382 πρεσὸεύοντος
1691 1315 1830 1384 ὑπὲρ
1863 1315 2030 1384 αὐτῆς
2055 1313 2146 1368 καὶ

573 1402 967 1472 προῖσταμὲνου
1037 1403 1251 1456 Ἰουλίου
1315 1404 1639 1475 Ἀφρικανοῦ
1691 1405 1858 1458 ταῦτα
1891 1407 2147 1475 Χρονικὰ

573 1495 1002 1566 συγγράψαντος.
1039 1494 1150 1548 Sub
1186 1497 1509 1566 imperatore
1563 1496 1744 1551 Marco
1780 1498 1999 1552 Aurelio
2032 1499 2146 1552 An-

573 1587 782 1649 tonino,
813 1587 905 1656 qui
949 1585 1187 1640 Macrino
1224 1597 1586 1642 successerat.
1632 1587 1883 1657 Quinque
1917 1589 1982 1642 de
2007 1595 2143 1641 tem-

572 1676 797 1744 poribus
821 1676 1092 1728 volumina
1125 1677 1473 1746 conscripsil;
1513 1677 1701 1746 incipit
1725 1693 1754 1730 a
1786 1678 1970 1731 mundi
1995 1693 2143 1732 crea-

2254 483 2466 555 Optima
2502 482 2686 538 Dionis
2712 481 2982 537 sententia
3028 481 3270 536 oratione
3311 479 3585 544 Rhodiaca,
3624 485 3684 538 To
3707 488 3746 546 δι

2253 578 2364 631 τῶν
2411 576 2648 647 ἀρίστων
2697 573 2907 644 ἀνδρῶν
2953 572 3405 634 ἐπιλανθάνεσθαι,
3457 575 3543 626 καὶ
3583 575 3641 629 τὰ
3678 579 3745 646 τῆς

2255 670 2456 741 ἀρετῆς
2502 665 2641 721 ἆθλα
2682 667 3001 736 ἀποστερεῖν
3049 666 3146 718 οὑκ
3198 665 3278 718 ἔνι
3310 665 3577 734 τυγχάνειν
3636 669 3745 722 οὐδε.

2258 763 2385 833 μιᾶς
2417 759 2705 830 εὐπρεπῶς
2732 759 3071 828 προφάσεως,
3105 757 3232 809 ἀλλ’
3265 757 3556 826 ἀχαριστία,
3588 758 3750 827 φθόνος,

2255 852 2572 924 μικρολογία
2623 851 2794 904 ἅπασι
2836 851 2948 910 τοῖς
2998 847 3295 917 αἰσχίστοις
3353 847 3549 918 ἀνάγκη
3593 854 3750 921 πρωή.

2253 958 2386 998 κειν.
2424 943 2608 1014 Neque
2643 943 2822 995 minus
2853 941 2938 996 fur
2967 949 3070 1002 est,
3105 941 3196 1010 qui
3229 940 3368 993 bona
3399 940 3606 994 aliorum
3626 944 3753 996 surri-

2253 1039 2349 1109 pit,
2382 1053 2543 1108 quam
2567 1037 2658 1106 qui
2690 1035 2888 1089 mentis
2922 1033 3274 1092 monimenta,
3303 1040 3356 1086 et
3384 1033 3593 1086 aliorum
3615 1035 3752 1089 studia

2251 1130 2569 1189 suti'uratur,
2594 1134 2648 1179 et
2679 1136 2953 1180 auctorem
2991 1123 3210 1178 silentio
3238 1125 3486 1192 punierit.
3524 1122 3588 1177 De
3613 1127 3753 1192 quosi

2249 1223 2372 1293 quis
2415 1221 2569 1290 plura
2604 1217 2899 1277 desiderat,
2938 1215 3094 1269 adeat
3127 1222 3344 1268 nostros
3381 1214 3432 1267 in
3466 1213 3665 1286 Longini
3693 1216 3750 1272 De

2247 1313 2461 1366 sublimi
2526 1325 2712 1379 genere
2745 1306 2998 1360 orationis
3057 1305 3298 1358 libellum
3365 1303 3752 1361 Commentarios.

2246 1404 2641 1460 Chronicorum
2674 1399 2916 1452 Africani
2961 1395 3389 1466 άποσπασμάτια
3432 1396 3649 1464 quaedam
3672 1413 3754 1452 una

2245 1514 2368 1552 cum
2398 1493 2706 1550 Eusebiano
2737 1491 2993 1546 Chronico
3027 1488 3172 1543 edita
3214 1496 3341 1543 sunt
3374 1503 3402 1541 a
3428 1483 3638 1557 Josepho
3659 1487 3758 1543 Sca-

2245 1591 2431 1660 iigero.
2461 1587 2632 1640 Porro
2658 1585 2818 1638 verba
2844 1581 3104 1644 Africani,
3131 1581 3332 1650 quibus
3356 1578 3570 1650 Moysen]
3595 1581 3755 1636 Inacho

2245 1698 2488 1737 coaevum
2525 1679 2739 1738 scribit.
2777 1676 2942 1731 habes
2968 1675 3106 1745 apud
3136 1674 3424 1728 Eusebium
3451 1676 3500 1727 in
3527 1672 3752 1742 Chronico,

572 1765 719 1818 tione
762 1765 901 1835 apud
937 1764 1193 1834 Moysen),
1230 1767 1585 1834 pervenitque
1620 1779 1791 1834 usque
1833 1766 1896 1817 ad
1940 1762 2139 1818 Christi
2178 1759 2216 1813 Β
2245 1777 2381 1830 [nn-0
2446 1773 2634 1844 priori,
2697 1769 2808 1826 Nec
2875 1769 3006 1823 illud
3063 1767 3287 1821 silentio
3345 1769 3750 1836 praetereundum,

570 1855 882 1919 adventum,
922 1857 1201 1913 succim-te
1235 1874 1450 1927 quoque
1481 1866 1630 1928 gesta
1665 1873 1692 1910 a
1737 1857 1939 1912 Christi
1985 1864 2141 1912 aetate

569 1965 742 2019 usque
773 1949 838 2003 ad
871 1949 1093 2004 Macriui
1122 1949 1462 2020 imperatoris
1493 1960 1734 2020 tempora
1767 1951 2134 2020 prosequitur,

569 2041 643 2092 ita
675 2048 852 2094 tamen
889 2051 943 2092 ut
977 2042 1184 2095 nullum
1231 2045 1597 2098 necessarium
1646 2045 1868 2114 coguitu
1901 2044 2133 2095 omittat.

569 2130 790 2184 Photius
835 2132 886 2185 in
911 2131 1202 2188 Biblioth.:
1235 2134 1572 2204 Ἀνεγνώσθη
1620 2133 1945 2205 Ἀφρικανοῦ
1983 2135 2138 2185 ἱστο-

567 2223 737 2293 ρικόν.
775 2219 942 2287 Οὗτός
974 2226 1122 2278 ἐστιν
1149 2228 1178 2279 ὁ
1209 2227 1303 2279 καὶ
1338 2229 1462 2290 τοὺς
1509 2227 1833 2296 λεγομένους
1867 2225 2136 2290 Κεστοὺς

563 2318 619 2368 ὲν
645 2316 821 2384 λόγοις
851 2317 1115 2381 συντάξας
1150 2317 1209 2370 ιδ’
1217 2361 1229 2372 .
1258 2319 1412 2371 Ἔστι
1441 2318 1496 2370 δὲ
1548 2319 1806 2388 σύντομος
1847 2318 1962 2388 μὲν,
2001 2317 2134 2371 ἀλλὰ

565 2409 729 2478 μηδὲν
769 2409 875 2463 τῶν
933 2410 1241 2478 ἀναγκαίων
1287 2411 1633 2480 ἱστορηθῆναι
1681 2409 2126 2480 παραλιμπάνων.

563 2502 821 2572 Ἀρχεται
861 2500 917 2553 δὲ
969 2501 1075 2556 ἀπὸ
1114 2502 1212 2571 τῆς
1263 2503 1560 2570 Μωσαῖκῆς
1611 2502 1988 2571 κοσμογονίας,
2039 2501 2132 2553 καὶ

558 2594 802 2647 κάτεισιν
831 2593 935 2654 ἕως
979 2594 1077 2662 τῆς
1118 2594 1351 2664 Χριστοῦ
1383 2595 1698 2664 παρουσίας.
1744 2594 2130 2664 Ἐπιτροχάδην

557 2686 610 2738 δὲ
638 2685 989 2755 διαλαμϐάνει
1032 2686 1122 2738 καὶ
1166 2684 1234 2737 τὰ
1275 2686 1380 2738 ἀπὸ
1418 2685 1651 2756 Χριστοῦ
1686 2685 1846 2755 μέχρι
1873 2685 1972 2754 τῆς
2009 2687 2130 2738 Μα-

556 2777 740 2848 κρίνου
773 2777 866 2830 τοῦ
909 2779 1193 2848 Ῥωμαίων
1227 2777 1487 2847 βασιλέως
1514 2777 1808 2846 βασιλείας,
1838 2778 1926 2830 ὅτε
1954 2777 2124 2850 αὐτῷ,

553 2867 630 2931 ὥς
686 2885 848 2938 φησι,
913 2868 1007 2920 καὶ
1056 2869 1150 2939 ἥδε
1199 2871 1231 2938 ὴ
1283 2869 1570 2939 συγγραφὴ
1619 2869 1948 2921 συνετελεῖτο
1989 2869 2125 2923 ἐτῶν

551 2958 683 3014 οὖσα
717 2961 901 3030 ,εψκγ’.
939 2961 1116 3032 Τεύχη
1162 2962 1217 3016 δὲ
1247 2961 1338 3014 τοῦ
1377 2961 1580 3030 βιϐλίου
1611 2963 1796 3016 πέντε.
1839 2963 1898 3016 In
1931 2964 2034 3028 his,
2065 2971 2123 3017 ut

551 3053 771 3123 quidam
799 3053 1040 3118 tradunt,
1060 3056 1238 3108 omnia
1263 3069 1572 3126 regnorum,
1604 3057 1904 3120 nationum,
1937 3071 2117 3109 rerum

551 3144 890 3214 publicarum
943 3145 1096 3198 initia
1144 3160 1173 3197 a
1208 3148 1384 3214 capite
1435 3146 1659 3215 repetita
1709 3145 1775 3198 ad
1825 3145 1982 3199 linem
2027 3145 2120 3198 de-

548 3236 703 3289 duxit
749 3255 763 3289 :
807 3237 1002 3292 deinde
1058 3253 1154 3307 per
1211 3246 1358 3292 certa
1405 3239 1726 3301 intervalla,
1793 3253 1932 3308 quas
1985 3238 2121 3308 ὁμά-

546 3325 643 3388 δας
677 3335 893 3386 vocant.
927 3342 989 3381 ea
1042 3327 1182 3381 inter
1212 3342 1271 3381 se
1301 3329 1676 3396 comparavit;
1718 3337 1990 3396 postremo
2028 3342 2122 3379 eo-

551 3434 670 3471 rum
705 3418 936 3473 indicem
966 3417 1185 3487 adjecit,
1222 3434 1380 3488 quem
1403 3417 1628 3472 Cauona
1659 3419 1894 3479 vocavit,
1932 3419 1983 3470 in
2012 3433 2120 3487 quo

545 3520 670 3574 quae
721 3504 843 3559 καθ’
891 3505 1080 3575 ὁμάδα·
1113 3507 1166 3560 in
1223 3508 1598 3576 superioribus
1657 3508 1810 3561 libris
1862 3515 2118 3576 congesta

544 3605 723 3658 erant,
761 3612 854 3666 per
903 3613 1078 3652 annos
1127 3613 1417 3666 expansos,
1449 3614 1570 3668 quae
1613 3598 1785 3652 Graeci
1834 3599 1980 3652 ἀπλᾶ
2023 3599 2118 3670 ἐτη

545 3697 887 3758 nuncupant.
921 3690 1167 3758 digessit,
1202 3705 1342 3760 quos
1389 3691 1522 3753 falli,
1571 3705 1703 3759 pace
1732 3691 2118 3744 tantorum'vi-

543 3793 730 3833 t'orum
759 3780 1012 3846 dixerim,
1066 3782 1274 3836 nemini
1317 3781 1544 3836 dubium
1574 3797 1700 3836 esse
1729 3782 1923 3844 debet;
1972 3783 2116 3836 aliud

541 3873 688 3926 cnim
712 3880 796 3927 est
823 3888 998 3926 canon
1019 3875 1070 3926 in
1093 3874 1400 3939 Chronicis,
1420 3882 1471 3927 et
1490 3869 1636 3927 aliud
1663 3874 1843 3937 index,
1873 3891 1971 3929 nec
1988 3877 2119 3946 ὁμά-

541 3963 631 4016 δαι
663 3979 740 4020 ea:
769 3974 896 4019 sunt
925 3980 1063 4034 quas
1093 3966 1195 4035 ipsi
1228 3967 1440 4028 dicunt,
1488 3967 1581 4020 sed
1614 3975 1823 4020 tantum
1860 3966 2117 4038 pleraque

541 4071 651 4110 non
681 4056 755 4110 ita
790 4058 1120 4120 necessaria,
1157 4073 1508 4126 neequorum
1556 4066 1704 4132 certa
1740 4061 2000 4129 temporis
2029 4077 2118 4113 ra-

539 4149 620 4201 tio
666 4149 841 4218 potuit
891 4149 1079 4204 haberi
1135 4151 1239 4204 su'b
1283 4141 1463 4220 aliqua
1495 4151 1637 4205 serie
1696 4159 2000 4221 temporum
2059 4155 2113 4206 in

533 4245 708 4295 'unum
757 4252 1037 4313 congesta,
1069 4244 1246 4314 ὁμάδα
1293 4244 1472 4299 facere
1522 4245 1678 4300 facile
1707 4247 2110 4310 existimarint,

537 4335 1002 4404 quemadmodum
1029 4344 1157 4392 sunt
1200 4353 1321 4407 qua:
1353 4338 1404 4390 iu
1449 4338 1709 4392 Chronico
1760 4339 2112 4394 Eustathiano

2239 1867 2458 1938 quando
2487 1867 2553 1920 de
2587 1863 2832 1919 historiis
2869 1861 2936 1915 ab
2975 1859 3237 1913 Africano
3265 1860 3477 1928 seriptis
3499 1874 3748 1913 sermonem

2241 1959 2524 2018 habemus,
2547 1953 2808 2008 Jacobum
2831 1951 3303 2020 archiepiscopum
3327 1947 3656 2011 Genuensem,
3678 1949 3747 2003 lib.

2238 2049 2547 2101 Annuarum
2628 2045 3052 2104 solemuitatum,
3096 2050 3155 2096 et
3219 2039 3430 2096 Petrum
3487 2043 3745 2111 episcopum

2237 2138 2572 2208 Equilinum.
2631 2136 2726 2191 lib.
2779 2149 2837 2188 ιι·
2903 2131 3156 2202 Catalogi
3201 2142 3513 2194 sanctorum,
3569 2133 3745 2189 referre.

2234 2231 2461 2284 Abdiam
2510 2229 2742 2299 primum
2780 2225 3070 2297 Babylonis
3099 2225 3439 2294 episcopum,
3473 2234 3522 2278 et
3549 2224 3608 2276 ab
3645 2225 3748 2292 ipsis

2235 2323 2498 2392 apostolis
2544 2321 2877 2375 ordinatum.
2907 2318 3048 2371 vitas
3095 2317 3388 2371 duodecim
3438 2316 3746 2386 apostolorum

2235 2414 2546 2482 scripsisse,
2572 2425 2710 2479 quas
2740 2409 3031 2477 Eutropius
3051 2407 3242 2461 Abdiae
3261 2406 3747 2476 discipulustranstu-

2232 2505 2294 2557 lit
2326 2521 2388 2558 ex
2412 2503 2636 2557 Hebraeo
2669 2502 2723 2554 in
2748 2499 3016 2561 Grarcum,
3035 2508 3084 2553 et
3101 2498 3286 2553 Jufius
3303 2498 3574 2552 Africanus
3599 2499 3644 2550 in
3669 2497 3746 2550 La-

2232 2595 2406 2647 tinum
2443 2613 2455 2648 :
2489 2605 2541 2647 et
2575 2593 2678 2647 sub
2707 2591 2864 2645 titulo
2896 2591 3058 2658 hujus
3088 2590 3283 2643 Abdiae
3315 2591 3489 2644 emissi
3522 2598 3631 2643 sunt
3667 2588 3742 2642 Ba-

2231 2685 2378 2739 siticze
2408 2699 2572 2755 Opera
2601 2682 2870 2752 Wolfangi
2905 2680 3049 2734 Lazii
3085 2683 3160 2734 ab
3189 2681 3425 2751 Oporino
3453 2682 3563 2736 libri
3597 2683 3741 2737 decem

2229 2775 2547 2828 certaminis
2563 2772 2869 2843 apostolici,
2886 2786 3024 2840 ques
3043 2779 3101 2823 ut
3137 2772 3242 2826 tide
3262 2771 3522 2842 indignos,
3539 2771 3742 2841 quemad-

2223 2868 2447 2920 modum
2469 2865 2634 2921 refert
2657 2865 2841 2920 Sixtus
2873 2862 3140 2917 Senensis
3159 2865 3214 2918 in
3233 2865 3559 2927 Bibliotheca,
3584 2865 3660 2917 lib.
3686 2878 3738 2921 ιι.

2224 2958 2427 3014 Paulus
2473 2975 2610 3031 papa
2659 2957 2750 3023 iV,
2791 2959 2932 3012 inter
2975 2957 3188 3026 scripta
3249 2973 3280 3012 a
3344 2973 3402 3013 se
3429 2959 3651 3012 damnata
3676 2972 3740 3011 re-

2220 3052 2373 3122 jecil.

2292 3144 2425 3198 lbid.
2490 3144 2600 3196 Καὶ
2662 3143 2813 3212 πρὸς
2867 3146 3098 3211 τούτοις
3173 3145 3465 3208 Τατιανός.
3535 3139 3738 3195 Clemens

2222 3235 2624 3290 Alexandrinus
2672 3236 2764 3288 lib.
2803 3233 3038 3291 tSlrom.
3073 3247 3091 3286 :
3125 3237 3395 3308 Πρότερον
3427 3233 3480 3286 δὲ
3504 3234 3621 3302 amp
3641 3230 3739 3282 ἀκό-

2220 3327 2406 3381 λουθον
2438 3323 2506 3398 ἦν
2531 3328 2660 3397 περὶ
2682 3328 2788 3382 τῶν
2811 3329 2948 3382 κατὰ
2978 3329 3186 3383 Μωσέα
3211 3329 3413 3400 χρόνων
3437 3327 3528 3397 ἥδη
3549 3324 3734 3383 λεκτέον,

2219 3419 2284 3472 δι’
2313 3413 2388 3472 ὧν
2429 3418 2768 3490 δειχθήσεται
2803 3418 3236 3490 ἀναμφηρίστως
3265 3419 3440 3487 πάσης
3482 3415 3642 3481 σοφίας
3662 3413 3735 3480 ἁρ-

2211 3511 2476 3580 χαιοτὰτη
2509 3513 2541 3580 ἡ
2575 3510 2714 3562 κατὰ
2761 3510 3043 3581 Ἐϐραίους
3074 3508 3384 3578 φιλοσοφία.
3429 3505 3627 3576 Εἴρηται
3661 3501 3733 3570 μὲν

2218 3600 2309 3656 οὖν
2342 3605 2466 3673 περὶ
2489 3603 2692 3655 τούτων
2717 3602 2957 3674 ἀκριϐῶς
2997 3600 3252 3671 Τατιανῷ
3283 3603 3338 3652 ὲν
3373 3599 3448 3669 τῷ
3473 3596 3606 3664 πρὸς
3626 3595 3730 3644 Ἐλ-

2217 3701 2430 3764 ληναςυ
2469 3694 2683 3766 εἴρηται
2703 3694 2758 3746 δὲ
2793 3695 2884 3746 καὶ
2901 3693 3241 3762 Κασιανῴὲν
3271 3690 3464 3763 πρώτῳ
3484 3687 3579 3740 τῶν
3608 3683 3730 3749 Ἐξη-

2216 3785 2505 3856 γητικῶν·
2539 3782 2762 3840 ἀπαιτεῖ
2799 3786 2853 3838 δὲ
2897 3787 3046 3855 ὅμως
3078 3785 3143 3838 τὸ
3182 3785 3472 3854 ὑπόμνημα
3509 3777 3731 3847 καὶηὴμᾶς

2217 3880 2535 3950 ἐπιδραμεῖν
2554 3879 2620 3931 τὰ
2649 3878 2786 3931 κατὰ
2813 3878 2903 3930 τὸν
2929 3878 3092 3930 τόπον
3137 3876 3420 3948 εἰρημένα.
3451 3871 3729 3927 Seuteutiant

2216 3973 2283 4026 de
2313 3980 2470 4026 :etate
2498 3971 2696 4042 Moysis
2718 3970 2978 4023 Tatiauus
3011 3977 3311 4038 pertractat
3340 3969 3392 4020 in
3420 3957 3711 4020 Oratiouead

2208 4081 2392 4118 versus
2421 4064 2626 4120 Gentes.
2660 4065 2727 4118 de
2761 4080 2866 4134 qua
2905 4063 3156 4118 inferius.
3208 4062 3282 4116 De
3309 4061 3544 4118 Tatiano.
3572 4066 3614 4110 et
3637 4053 3729 4120 ejus

2216 4156 2408 4209 luet-esi
2452 4164 2504 4209 et
2544 4155 2762 4223 scriptis
2815 4155 2965 4223 plura
2999 4152 3363 4222 Hieronymus
3397 4151 3445 4202 iu
3486 4145 3728 4212 Catalogoi

2215 4247 2470 4310 lreuzeus,
2519 4246 2613 4300 lib.
2663 4261 2702 4306 ι.
2737 4260 2857 4312 cap.
2886 4245 2987 4311 5|;
3041 4243 3332 4303 Eusebius.
3371 4241 3460 4295 lib.
3503 4255 3570 4299 vr,
3614 4233 3726 4288 Hist.

2212 4341 2372 4392 ercles
2405 4379 2418 4402 ,
2455 4349 2576 4407 ca‘p.‘
2633 4331 2716 4398 16,
2775 4339 2865 4400 l7,
2902 4338 3001 4400 i9;
3057 4335 3395 4405 Epiphanius
3437 4335 3610 4386 haeres.
3646 4325 3724 4388 4θὶ

533 4427 696 4481 titulo
739 4429 1012 4499 σποράδην
1059 4431 1420 4498 explicantur.
1455 4417 1740 4498 Quidquid
1788 4438 1966 4483 tamen
2020 4431 2112 4494 sit,
2149 4449 2188 4502 ι)
2222 4431 2542 4501 Rodiginus,
2597 4432 2687 4485 lib.
2730 4447 2810 4492 ιιι,
2838 4445 2955 4498 cap.
2991 4429 3088 4493 l0;
3121 4428 3436 4482 Chrouirum
3462 4416 3727 4478 Alexandri-

535 4515 901 4570 certissimum
931 4525 1015 4572 est
1041 4518 1335 4572 Eusebium
1361 4522 1542 4573 omnia
1576 4511 1819 4574 Africani
1865 4521 1918 4574 in
1949 4537 2106 4575 suum

533 4605 850 4663 CItronicum
903 4613 1356 4681 transcripsisse,
1407 4613 1476 4666 ab
1521 4627 1694 4681 eoque
1743 4614 1926 4666 omnia
1974 4613 2109 4666 hau-

535 4699 694 4755 sisse.
716 4700 896 4766 Quare
915 4701 1081 4770 hujus
1097 4703 1462 4774 cbronologici
1488 4707 1668 4774 operis
1682 4705 1968 4774 potissiiua
1991 4705 2108 4759 laus

531 4789 790 4846 Africano
821 4791 1068 4856 debetur,
1106 4793 1264 4863 cujus
1311 4803 1364 4850 et
1395 4796 1567 4860 labor,
1603 4812 1708 4850 non
1744 4795 1979 4850 Eusebio
2007 4797 2108 4849 tri-

531 4882 781 4949 buenda;
819 4899 993 4954 neque
1024 4885 1317 4940 defuerunt
1358 4888 1451 4956 qui
1491 4888 1780 4942 Eusebium
1809 4887 2105 4957 reprehen-

531 4975 742 5038 derent.
778 4977 921 5046 quod
965 4985 1112 5031 tanta
1161 4981 1458 5034 securitate
1503 4981 1737 5035 alienam
1773 4980 2100 5034 industriam

529 5069 637 5122 sibi
686 5068 1007 5126 vindicaret.
1042 5085 1220 5140 neque
1267 5071 1477 5125 crimen
1527 5071 1722 5142 ingrati
1760 5071 1926 5124 animi
1978 5071 2104 5123 hor--

528 5161 722 5225 ruerit,
757 5176 889 5215 cum
920 5161 1008 5216 vix
1041 5163 1187 5218 illius
1217 5164 1548 5226 meminerit,
1581 5165 1682 5219 nisi
1720 5163 1772 5216 in
1808 5164 1874 5218 iis
1903 5164 1955 5216 in
1989 5162 2106 5233 qui-

527 5253 630 5308 bus
653 5255 721 5308 ab
749 5252 868 5322 ejus
903 5247 1171 5310 sententia
1201 5255 1452 5318 discedit,
1479 5256 1612 5324 quin
1644 5263 1698 5310 et
1726 5255 1933 5325 optimo
1965 5257 2103 5309 scri—

525 5343 670 5411 ptori
697 5342 941 5400 fraudem
975 5344 1192 5410 fecisse,
1226 5360 1350 5399 cum
1381 5346 1543 5400 verba
1583 5345 1828 5399 Africani
1861 5346 2103 5414 interpo-

529 5433 691 5488 lando
740 5435 989 5494 invertat.
1033 5436 1284 5492 Solemne
1318 5439 1507 5492 vitium
1543 5439 1645 5492 hoc
1689 5439 1936 5508 pluribus
1978 5438 2098 5502 fuit,

523 5533 960 5600 magnorumque
1011 5532 1252 5584 virorum
1307 5531 1517 5587 animos
1568 5532 1762 5602 tetigit,
1817 5531 1959 5586 inter
2004 5546 2100 5586 eos

527 5614 727 5673 Leonis
764 5619 1106 5690 imperatoris
1147 5623 1238 5693 qui
1283 5621 1592 5679 Onosandri
1637 5639 1852 5687 nomen,
1909 5639 1938 5677 a
1991 5639 2100 5689 quo

527 5709 756 5764 multum
807 5710 1134 5780 profecerat,
1172 5713 1385 5784 ingrato
1412 5730 1627 5785 semper
1654 5716 1836 5771 obruit
1880 5716 2099 5771 silentio

2213 4541 2357 4586 nunt,
2389 4541 2507 4593 pag.
2541 4523 2645 4577 6l0
2670 4532 2721 4577 et
2750 4523 2888 4588 (ile;
2919 4521 3284 4591 Nieephorus,
3323 4523 3413 4576 lib.
3448 4535 3515 4579 Iv,
3543 4529 3645 4582 cap.
3668 4507 3722 4570 Η

2205 4615 2606 4675 ’I‘heodoretus.
2638 4615 2728 4668 lib.
2758 4613 3170 4679 t;I’hilastrius,
3201 4613 3550 4667 Dauiascenus
3571 4597 3720 4656 elam-

2209 4707 2365 4761 ll-unc
2404 4707 2622 4777 quidam
2667 4712 2956 4768 vocarunt,
3005 4701 3185 4776 inepte
3232 4689 3722 4766 tamen,Alexandri-

2207 4818 2370 4866 num;
2429 4801 2520 4853 alii
2562 4800 2879 4870 Assyrium;
2933 4797 3128 4869 Syrum
3184 4797 3354 4852 fuisse
3399 4793 3597 4848 tradunt
3630 4783 3720 4837 Cle-

2206 4908 2360 4946 mens
2387 4891 2786 4945 Alexandriuus
2816 4891 2910 4943 lib.
2951 4905 3009 4942 ιιι
3043 4888 3326 4949 Stromat.,
3358 4896 3409 4940 et
3437 4875 3714 4952 Epiphanius

2204 4985 2294 5053 qui
2349 4985 2460 5036 haec
2508 4981 2704 5036 addit:
2745 4981 2997 5034 Scholam
3038 4996 3192 5033 suam
3262 4978 3425 5033 erexit
3473 4975 3535 5026 ab
3593 4965 3711 5053 iniliu

2205 5052 2257 5126 in
2293 5072 2674 5141 Mesopotamia
2709 5073 2853 5125 circa
2891 5084 2964 5122 xu
3008 5071 3119 5124 fere
3149 5084 3349 5122 annum
3395 5058 3625 5120 Antonini
3649 5052 3708 5108 Pii

2203 5166 2458 5226 Caesaris,
2471 5195 2474 5202 -
2489 5165 2778 5218 maximam
2796 5177 2924 5216 vero
2941 5172 3141 5231 partem
3171 5157 3552 5230 praedicationis
3563 5164 3652 5207 sua
3667 5146 3706 5197 in

2203 5256 2509 5318 Antiochia,
2557 5271 2677 5325 qua:
2721 5256 2785 5310 ad
2831 5255 3109 5324 Daphnem
3145 5258 3248 5308 sita
3289 5262 3391 5314 est.
3429 5250 3560 5308 fecit,
3589 5251 3632 5300 et
3665 5240 3705 5292 in

2201 5347 2426 5402 Cilicum
2461 5348 2722 5417 partibus,
2749 5348 2976 5400 multum
3009 5355 3186 5399 autem
3221 5353 3275 5398 et
3318 5345 3369 5397 in
3396 5338 3594 5394 Pisidia.
3620 5328 3707 5390 ubi.

2201 5450 2324 5488 cum
2361 5443 2604 5503 tempora
2641 5435 2843 5504 quibus
2873 5435 3005 5489 vixit
3039 5434 3305 5504 signiﬁcat
3338 5431 3436 5485 sub
3458 5423 3704 5482 Antonino.

2201 5543 2428 5582 necesse
2467 5534 2552 5580 est
2597 5527 2851 5581 mendum
2884 5543 3007 5582 esse
3036 5529 3088 5582 in
3133 5527 3416 5580 Philastrio
3444 5518 3583 5578 illud.
3606 5513 3708 5566 P0“

2200 5622 2348 5676 Decii
2417 5623 2861 5688 persecutionem.
2931 5637 3030 5691 pro
3089 5637 3198 5691 quo
3265 5619 3396 5672 forte
3463 5607 3706 5681 legendum

2201 5716 2447 5781 Adriani,
2479 5729 2604 5771 nam
2644 5715 2747 5771 sub
2780 5717 2870 5770 illo
2903 5731 3124 5785 passum
3162 5711 3424 5768 Justinum
3454 5704 3703 5770 Martyres:
