3952 6204
231 234 313 290 801
329 244 332 248 ’
1177 227 1245 282 ΙΝ
1284 228 1656 286 ΕυεΤΑτιιιι
1693 228 1724 284 ll

1825 227 2166 298 LAEMERON
2203 230 2432 289 NOTAE.

230 345 365 406 testis
391 347 465 398 est
497 345 682 410 praeter
720 337 858 394 alios
901 337 1272 411 Epiphanius;
1307 340 1493 414 Name
1540 343 1739 398 mirum
1768 350 1817 407 Α
1841 341 2002 398 detur
2025 359 2171 410 esse,
2217 347 2263 400 si
2298 361 2471 416 pauca
2512 347 2580 404 de
2611 348 3041 418 eo-edisseram,
3069 359 3132 407 ut
3173 358 3415 410 maxime

226 438 379 495 videri
409 435 544 490 debet
576 445 737 484 unum
761 440 814 486 et
832 433 1084 488 eumdem
1114 442 1418 500 auctorem,
1448 436 1610 491 modo
1632 436 1735 492 As-

227 531 426 602 syrium,
463 523 603 579 modo
645 519 840 593 Syrum
872 529 1200 594 nuncupari.
1233 523 1370 579 Nam
1399 526 1622 597 Assyria
1680 533 1734 580 et

228 622 360 694 Syria
403 627 562 688 partes
606 613 749 669 Asiae
802 614 938 670 adeo
973 617 1115 671 inter
1153 633 1212 673 se
1261 625 1391 673 sunt
1438 618 1631 672 vicinae
1674 624 1735 670 ut

225 729 345 782 saepe
376 707 776 771 confundantur,
819 710 962 762 unde
1005 707 1330 773 Herodotus,
1379 711 1470 764 Iili.
1515 726 1590 764 vn
1625 729 1636 765 :
1671 709 1734 762 Οἳ

221 803 306 857 ὑπὸ
337 799 574 868 Ἑλλήνων
607 797 886 852 ἐκαλέοντο
931 799 1132 869 Σύριοι,
1165 802 1268 854 ὑπὸ
1302 802 1409 855 τῶν
1448 801 1734 872 βαρϐάρων

229 891 461 962 Ἀσσύριοι
491 889 809 959 ἐκλήθησαν,
865 906 1024 960 quem
1087 891 1263 944 locum
1316 893 1497 946 laudat
1546 891 1736 945 Eusta-

218 985 337 1039 thius
355 984 401 1035 in
420 980 711 1051 Dionysium
735 996 754 1034 :
783 983 901 1034 Ὅτι
931 982 987 1034 δὲ
1019 982 1164 1036 ἄλλοι
1187 983 1335 1054 παρὰ
1359 984 1484 1046 τοὺς
1511 983 1734 1054 Συρίους

215 1078 253 1129 οι
287 1073 546 1144 ’Δσσύριοι,
589 1073 739 1143 δηλοῖ
782 1076 874 1128 καὶ
917 1075 1164 1143 Ξενοεῶν
1206 1077 1262 1127 ὲν
1308 1078 1418 1140 τοῖς
1460 1077 1730 1141 Ἐλληνι-

213 1167 333 1233 κοῖς.
373 1166 635 1237 Ἡρόδοτος
658 1166 713 1221 δὲ
739 1165 884 1219 δοκεῖ
916 1167 1067 1234 ἄγειν
1094 1168 1290 1231 αὐτοὺς
1331 1170 1410 1231 είς
1447 1167 1642 1220 ταύτὸν
1675 1167 1733 1219 ὲν

213 1255 275 1325 οἷς
301 1276 462 1330 φησιν,
486 1260 565 1313 ὅτι
610 1258 901 1330 ’Λσσύριοι,
925 1271 1055 1322 etc.,
1079 1269 1133 1316 et
1159 1258 1408 1315 Justinus
1445 1260 1539 1313 lib.
1576 1274 1614 1322 ι,
1638 1259 1730 1329 qui

211 1369 234 1407 ιι
272 1353 487 1407 barbaris
517 1352 747 1422 Assyrii,
777 1368 806 1406 a
851 1351 1056 1406 Graecis
1094 1353 1238 1423 Syri,
1282 1361 1338 1407 et
1379 1361 1437 1406 ut
1486 1353 1733 1407 scribunt

212 1445 375 1506 Acron,
415 1450 466 1498 et
507 1442 842 1513 Porphyrius
894 1459 1058 1513 super
1115 1443 1220 1498 0.1.
1275 1443 1344 1497 1‘2
1394 1442 1633 1510 Horatii,
1676 1453 1731 1500 et

209 1536 479 1591 Ammianus
510 1533 856 1590 Marcellinus
887 1536 979 1589 lib.
1022 1551 1180 1598 mu,
1225 1534 1356 1600 Quae
1383 1552 1519 1589 nunc
1551 1535 1728 1605 Syria,

209 1630 309 1683 olim
329 1628 531 1698 Assyria
563 1628 870 1682 vocabatur.
902 1627 1146 1698 Hyginus
1177 1627 1353 1682 fabula
1386 1627 1514 1694 9.75,
1557 1625 1728 1682 Semi-l

1835 435 2146 501 dillicultas,
2177 454 2298 508 qua:
2342 440 2485 494 inter
2509 449 2763 498 auctores
2791 443 3014 498 maximi
3057 445 3298 501 nominis
3326 456 3416 503 est

1833 528 2077 583 tollatur.
2105 527 2162 582 In
2188 529 2521 584 Bibliotheca
2549 531 2766 587 Patrum
2790 533 2920 588 editi
2945 536 3254 591 suntlibelli
3277 537 3410 604 duo,

1835 635 1977 676 unus
2010 621 2389 687 inscriptione,
2419 621 2734 677 Sanctorum
2753 633 2981 694 quatuor
2999 623 3408 696 Evangeliarum

1833 716 2110 769 harmonia
2137 716 2364 771 Tatiano
2386 717 2748 772 Alexandrino
2785 727 3019 784 auctore;
3045 719 3202 784 alter,
3234 717 3412 773 Evanq

1831 804 2087 874 geliorum
2141 814 2369 874 quatuor
2412 807 2648 860 narratio
2697 807 2974 860 Ammonio
3021 807 3412 872 Alexandrino,

1833 903 1940 949 etc.
1979 894 2329 950 Harmoniam
2366 894 2554 950 Victor
2589 898 2883 968 Capuanus
2926 900 3259 967 coniecturis
3284 901 3409 971 qui-

1833 987 2061 1042 busdam
2109 987 2310 1042 tribuit.
2359 987 2607 1053 Tatiano,
2656 998 2710 1045 et
2753 1006 2862 1044 non
2907 990 3215 1058 Ammonio,
3243 1009 3413 1064 quem

1833 1080 2068 1132 maxime
2092 1079 2219 1144 labi,
2245 1087 2297 1133 ct
2320 1080 2372 1132 in
2406 1096 2463 1134 re
2491 1090 2675 1150 aperta
2704 1083 2956 1138 caecutire
2981 1084 3134 1153 plura
3161 1093 3290 1139 sunt
3317 1099 3408 1139 ar-

1832 1178 2110 1241 gumento,
2150 1179 2204 1226 et
2247 1170 2326 1229 in-,
2347 1172 2450 1227 hoc
2499 1188 2715 1228 errasse
2739 1172 3010 1229 Victorem
3056 1175 3403 1231 manifestum

1830 1269 1935 1327 est,
1962 1278 2067 1315 non
2102 1265 2227 1332 quia
2255 1278 2394 1334 opus
2450 1263 2526 1318 De
2550 1267 2836 1320 canonibus
2909 1267 3215 1334 euangelicis
3241 1268 3407 1322 ascri-

1833 1354 2002 1423 pserit
2034 1353 2284 1420 Tatiano,
2320 1356 2463 1424 quod
2498 1357 2633 1412 falso
2662 1357 2737 1411 illi
2774 1357 3004 1428 imputat
3049 1356 3402 1425 Possevinus,

1831 1461 2100 1515 nusquam
2133 1447 2264 1500 illud
2291 1447 2593 1503 allirmante
2621 1447 2859 1513 Victore,
2905 1450 3015 1502 imo
3043 1451 3401 1515 contrarium,

1831 1536 1877 1590 si
1907 1545 2054 1591 recte
2083 1542 2245 1591 verba
2275 1538 2421 1594 illius
2443 1539 2858 1594 considerantur
2877 1557 2891 1604 ;
2911 1540 2993 1593 ait
3019 1541 3165 1594 enim
3203 1541 3255 1594 in
3273 1539 3408 1594 Prae-

1833 1625 2067 1680 fatione:
2094 1625 2228 1680 Dum
2261 1627 2480 1695 fortuito
2500 1629 2553 1680 in
2581 1645 2768 1682 manus
2805 1645 2946 1682 meas
2981 1626 3408 1682 incideretunum

209 1723 338 1774 ramis
383 1694 604 1775 Dercetis
645 1721 761 1790 ﬁlia
807 1721 860 1774 in
908 1694 1070 1791 syria
1103 1720 1424 1790 Babylonem
1469 1720 1724 1774 condidit.
1759 1694 1804 1752 Β
1832 1733 1895 1771 ea:
1915 1728 2146 1788 quatuor
2174 1717 2512 1790 Evangelium
2543 1721 2975 1789 compositum,et
3006 1719 3217 1774 absente
3249 1719 3406 1774 titulo

207 1813 516 1884 llieronymus
534 1811 690 1868 Isaiae
716 1829 806 1878 xx,
824 1812 966 1880 Quos
983 1823 1173 1868 veteres
1188 1814 1458 1884 Assyrios,
1478 1829 1616 1866 nunc
1634 1830 1730 1868 nos

205 1910 402 1961 voramus
423 1905 598 1977 Syros.
629 1905 957 1965 Transmisit
983 1907 1071 1961 hic
1096 1908 1262 1976 multa
1281 1908 1586 1976 posteritati
1621 1923 1714 1962 vo-

204 1999 462 2062 luinina,ex
482 1999 685 2070 quibus
720 1997 948 2070 insignls
981 1999 1166 2054 ille‘Ad
1194 2009 1366 2069 gentes
1399 1999 1536 2054 liber
1568 1999 1741 2070 quem’

202 2087 313 2157 apud
353 2090 536 2144 inultos
599 2090 839 2143 maximo
878 2090 1054 2144 fuisse
1102 2091 1156 2144 in
1205 2091 1378 2160 pretio
1423 2100 1476 2144 et
1523 2090 1735 2144 honore

201 2181 519 2235 monumentis
561 2181 823 2235 traditum
858 2188 964 2243 est,
1012 2180 1069 2234 in
1100 2196 1210 2250 quo
1241 2182 1310 2237 de
1354 2181 1553 2252 Moysis
1593 2183 1735 2236 autiJ

199 2270 367 2336 quilate
401 2273 561 2326 multa
597 2272 846 2326 disserit.
881 2270 1178 2326 Chronicon
1207 2271 1625 2326 Alexandrinum
1659 2287 1732 2326 ex

198 2357 374 2415 Eusebii
406 2361 477 2416 De
509 2363 637 2417 hist.
664 2363 957 2417 ecclesiast.
990 2363 1064 2418 lib
1095 2378 1170 2429 tv,
1201 2378 1321 2433 cap.
1354 2363 1424 2417 27
1453 2365 1730 2418 εΚαταλέ-

197 2448 315 2502 intra
349 2453 398 2506 δὲ
433 2447 581 2517 οὗτος
633 2454 767 2508 πολύ
811 2472 860 2507 τι
902 2453 1103 2526 πλῆθος
1148 2453 1614 2526 συγγραμμάτων,
1652 2450 1727 2510 ὧν

196 2540 386 2608 μάλιστα
414 2546 560 2615 παρὰ
595 2545 811 2615 πολλοῖς
839 2545 1235 2617 μνημονεύεται
1253 2546 1533 2618 διαϐόητος
1563 2547 1726 2602 αὑτοῦ

195 2632 313 2702 λόγος
335 2637 361 2688 ό
396 2639 876 2708 πρόςἝλλην-ας,
915 2642 971 2693 ὲν
995 2634 1038 2708 ᾧ
1059 2641 1152 2694 καὶ
1181 2639 1290 2693 τῶν
1313 2641 1571 2694 ἀνέκαθεν
1602 2641 1730 2713 χρό-Ι

192 2740 274 2775 νων
316 2731 720 2798 μνημονεύσας,
747 2731 872 2784 ’τῶν
931 2734 1060 2803 παρ’
1114 2732 1371 2802 Ἕλλησιν
1420 2733 1724 2803 εὐδοκίμων

193 2815 399 2871 ἁπάντων
446 2821 654 2874 Μωσέα
703 2837 764 2874 τε
806 2821 901 2874 καὶ
945 2823 1073 2886 τοὺς
1132 2821 1396 2894 Ἐὕραίων
1437 2825 1727 2894 προφήτας

189 2908 388 2978 ἀπέφηνε
432 2912 924 2985 προγενεστέρους’
953 2915 1012 2977 ὃς
1039 2913 1102 2984 δὴ
1140 2916 1232 2968 καὶ
1267 2915 1419 2968 δοκεῖ
1449 2915 1558 2968 τῶν
1589 2929 1725 2983 συγ-·

187 3003 478 3072 γραμμάτων
506 3005 678 3061 αὑτοῦ
711 3007 927 3061 πάντων
960 3007 1190 3062 καλλίων
1217 3025 1278 3062 τε
1307 3009 1397 3062 καὶ
1429 3008 1719 3080 ὠφελιμὼ-

185 3104 310 3154 caro;
334 3093 612 3166 ὑπάρχειν.
645 3093 702 3150 ιιι
730 3110 795 3151 eo
819 3112 942 3151 cum
960 3106 1120 3152 'retro
1148 3107 1269 3151 acta
1297 3101 1539 3169 tempora
1571 3115 1722 3154 com-

186 3195 515 3252 memorasset,
565 3189 829 3243 omnibus
867 3189 1010 3260 apud
1053 3187 1272 3245 Graecos
1312 3192 1566 3256 laudatis,
1601 3208 1726 3263 pro-

189 3270 396 3346 batisque
417 3279 508 3350 (ita
534 3280 689 3335 enim
713 3289 886 3346 verto,
915 3297 1023 3336 non
1052 3291 1114 3336 ut
1153 3281 1719 3355 interpres)'Moysem

183 3371 223 3414 et
255 3363 583 3424 Hebraeorum
617 3383 774 3426 vates
813 3373 1144 3430 vetustiores
1191 3376 1450 3432 ostendit.
1489 3377 1722 3448 Scripsit

183 3451 443 3514 Orationem
475 3463 546 3516 nd
586 3462 802 3529 Gentes,
853 3467 943 3535 qui
977 3466 1115 3522 liber
1159 3468 1334 3538 ipsius
1363 3486 1427 3524 ex
1465 3471 1720 3526 omnibus

179 3561 288 3614 quos
324 3555 539 3625 scripsit
587 3559 749 3627 longe
801 3559 1201 3628 pulcherrimus
1247 3569 1350 3626 est,
1400 3570 1453 3616 et
1499 3563 1723 3616 utilissi-

177 3654 292 3707 mus,
323 3657 370 3699 et
400 3647 488 3701 hic
516 3649 661 3703 liber
686 3649 824 3703 idem
851 3660 903 3706 et
927 3668 1069 3708 unus
1101 3660 1203 3716 est,
1235 3669 1344 3706 non
1377 3654 1627 3708 diversus
1660 3661 1719 3707 ut

175 3735 462 3800 opinabatur
497 3739 861 3805 Possevinus,
896 3758 1020 3797 cum
1069 3744 1160 3797 illo
1185 3752 1418 3798 tractatu
1454 3746 1718 3802 adversus

174 3830 672 3902 eosdem,qui‘ﬁnit:
704 3833 889 3888 Ταῦτα
910 3835 1029 3905 μὲν,
1065 3828 1110 3888 ὧ
1138 3834 1330 3906 ἄνδρες
1361 3837 1640 3908 Ἓλληνες,
1690 3837 1719 3890 ὁ

174 3919 284 3973 κατά
309 3921 614 3998 βαρϐάρους
646 3926 948 3997 φιλοσοφῶν
975 3928 1232 3992 Τατιανὺς
1266 3929 1548 3995 συνέταξα,
1591 3946 1715 3998 γεν-

172 4009 320 4078 νηθεὶς
351 4018 446 4086 μὲν
473 4021 532 4072 ὲν
553 4021 624 4091 τῇ
645 4020 771 4073 τῶνθ
792 4020 1090 4091 Ἀσσυρίων
1116 4023 1207 4092 γῇ,
1238 4020 1546 4084 παιδευθεὶς
1568 4021 1719 4092 πρῶει

169 4115 239 4153 τσν
265 4107 353 4174 μὲν
377 4110 447 4162 τὰ
476 4111 748 4183 ὑμέτερα,
780 4111 1007 4181 δεύτερα
1043 4111 1099 4165 δὲ
1133 4113 1288 4166 ἅτινα
1317 4112 1413 4166 νῦν
1453 4113 1716 4184 κρύπτειν

171 4192 291 4258 (ίοΓι.
326 4203 640 4274 κηρύττειν)
672 4205 1094 4275 ἐπαγγέλλομαι.
1131 4205 1419 4260 Γινώσκων
1454 4208 1511 4260 δὲ
1533 4207 1716 4261 λοιπὸν

167 4287 230 4350 τίς
249 4292 434 4359 ὁΘεδς,
459 4299 556 4351 καὶ
585 4297 672 4361 τίς
697 4299 836 4351 κατὰ
862 4300 1022 4352 αὑτὸν
1055 4301 1290 4371 ποίησις,
1319 4301 1534 4372 ἕτοιμον
1556 4303 1719 4372 ἐμαυ-

1834 1827 1936 1863 non
1974 1811 2257 1876 invenirem
2292 1829 2477 1865 nomen
2517 1812 2776 1873 auctoris,
2817 1810 3096 1880 diligenter
3135 1810 3405 1880 inquirens

1830 1903 2092 1974 quigesta
2114 1905 2191 1958 vel
2213 1907 2355 1960 dicta
2387 1904 2601 1958 Domini
2639 1915 2687 1958 et
2711 1903 3009 1959 Saluatoris
3031 1904 3199 1956 nostri
3249 1919 3406 1956 evan-

1828 1994 1997 2065 gelica
2034 1997 2248 2050 lectione
2279 1997 2526 2058 discreta.
2579 1999 2631 2052 in
2667 1997 2902 2050 ordinem
2933 2013 3036 2067 quo
3074 2013 3129 2050 se
3160 1995 3407 2065 consequi

1829 2087 2159 2147 videbantur,
2195 2089 2554 2144 non.minimo
2598 2088 2763 2142 studii
2797 2089 2976 2142 labore
3005 2086 3280 2157 redegerit,
3320 2104 3402 2142 re-

1827 2179 1937 2247 peri
1975 2180 2312 2232 Ammonium
2340 2181 2618 2250 quemdam
2659 2179 3100 2244 Alexandrinum,
3121 2181 3212 2251 qui
3236 2194 3405 2235 cmo-

1828 2285 1935 2334 Mil
1962 2286 2169 2333 quoque
2225 2287 2511 2326 EVANGELII
2569 2287 2779 2326 remus
2813 2287 3111 2335 Invsn'ron,
3156 2271 3403 2326 Mattha’i

1829 2359 2115 2430 Evangelio
2156 2364 2478 2432 reliquorum
2508 2364 2667 2416 trium
2697 2375 2936 2432 excerpta
2954 2364 3220 2432 junxisse,
3254 2380 3316 2418 ac
3344 2365 3402 2417 iis

1828 2468 1988 2506 unam
2035 2455 2224 2508 seriem
2266 2453 2610 2525 Evangelium
2654 2459 2918 2517 nexuisse,
2962 2466 3099 2509 sicut
3140 2455 3402 2511 Eusebius

1826 2546 2100 2613 episcopus
2151 2544 2422 2614 Carpiano
2467 2545 2680 2598 cuidam
2726 2545 2956 2599 scribens
2996 2549 3051 2598 in
3089 2546 3401 2614 prwfationo
3443 2616 3454 2627 ⁸

1825 2635 2073 2689 editionis
2095 2654 2227 2702 sum,
2259 2655 2362 2708 qua
2405 2654 2628 2696 canones
2667 2639 2944 2690 memorati
2986 2636 3259 2708 Evangelii
3287 2638 3400 2696 edi-~

1825 2729 1925 2788 dit,
1964 2730 2254 2798 supradicti
2287 2732 2383 2785 viri
2415 2732 2655 2784 imitatus
2683 2729 2948 2795 studium,
2983 2730 3142 2800 refert
3172 2731 3224 2783 in
3261 2729 3401 2784 hunc

1826 2821 2399 2878 modunn/immanius
2422 2825 2636 2894 quidam
2663 2824 3314 2889 Alexandrinus,multum
3343 2832 3402 2882 ut

1826 2909 2288 2976 qrbitrorlaboris
2321 2921 2370 2966 et
2407 2915 2574 2969 studii
2609 2916 2935 2983 impendens,
2977 2929 3138 2967 unum
3180 2929 3245 2967 ea:
3276 2930 3403 2983 qua-

1827 3013 1947 3055 tuor
1990 3002 2139 3058 nobis
2179 3003 2389 3074 reliquit
2419 3004 2764 3074 Evangelium
2793 3022 2898 3071 μετ
2938 3006 3164 3059 historia
3200 3018 3403 3076 quoque

1822 3095 1936 3164 ejus
1970 3098 2220 3166 comperi,
2251 3109 2354 3152 etc.
2383 3095 2571 3152 Graaca
2614 3098 2833 3155 Eusebii
2877 3101 3044 3154 verba
3088 3096 3178 3152 illa
3224 3105 3397 3154 sunt:

1835 3185 2142 3256 ’Δμμώνιος
2184 3188 2283 3258 μὲν
2335 3191 2364 3241 ὁ
2400 3188 2801 3261 Ἀλεξανδρεὺς,
2841 3189 3061 3258 πολλὴν,
3107 3189 3184 3252 ὡς
3229 3187 3398 3252 εἰκὸς,

1823 3275 2135 3344 φιλοπονίαν
2160 3277 2513 3348 καὶσπουδήν
2543 3277 2902 3350 εἰσαγηοχὼς,
2924 3279 2983 3331 τὸ
3006 3277 3093 3331 διὰ
3119 3277 3400 3349 τεσσάρων

1822 3369 1952 3441 ἡμῖν
1982 3371 2366 3429 καταλέλοιπεν
2416 3373 2767 3441 Εὑαγγέλιον,
2805 3371 2884 3442 τῷ
2932 3371 3071 3424 κατὰ
3122 3369 3399 3433 Ματθαίον

1819 3463 1919 3527 τὰς
1943 3461 2259 3534 ὁμοφώνους
2288 3464 2396 3517 τῶν
2425 3465 2625 3518 λοιπῶν
2666 3462 3066 3532 εὑαγγελιστῶν
3096 3461 3400 3533 περικοπὰς

1821 3555 2110 3627 παραθεὶς.
2140 3556 2216 3621 ὡς
2247 3557 2305 3622 ἐξ
2337 3557 2581 3628 ἀνάγκης
2623 3556 2895 3627 συμϐῆναι
2937 3556 3028 3610 τὸν
3052 3554 3152 3624 τῆς
3177 3553 3402 3612 ἀκολου-

1822 3647 1942 3711 οίας
1978 3649 2164 3724 εἱρμὸν
2196 3649 2304 3701 τῶν
2328 3649 2494 3721 τριῶν
2516 3649 2879 3720 διαφθαρῆναι
2903 3649 3024 3701 ὅσον
3050 3647 3141 3700 ἐπὶ
3166 3644 3244 3714 τῷ
3271 3643 3398 3712 ὕφει

1818 3741 1917 3810 τῆς
1947 3740 2326 3809 ἀναγνώσεως,
2363 3750 2416 3797 et
2450 3741 2681 3815 inferius
2719 3742 2862 3795 idem
2907 3738 3113 3801 Victor,
3141 3737 3394 3804 Arbitror

1817 3835 1956 3910 enim
1985 3845 2256 3902 propterea
2281 3852 2383 3888 non
2411 3835 2717 3901 Ammonii,
2743 3833 2833 3888 sed
2875 3833 3030 3902 hujus
3061 3847 3174 3886 esse
3214 3829 3400 3884 editio:-

1821 3943 1938 3982 nem
1970 3929 2246 3980 nteriiorati
2292 3929 2594 3992 voluminis,
2634 3927 2774 3996 quod
2809 3927 3118 3980 Ammonius
3155 3921 3398 3977 Matt/arei

1817 4016 1990 4085 fertur
2022 4019 2297 4080 relationi,
2335 4019 2771 4089 evangelistarum
2829 4019 3148 4086 reliquorum
3180 4016 3398 4069 relatio-

1818 4125 1941 4168 num
1978 4109 2232 4176 discretos
2263 4111 2577 4164 annexuisse
2603 4127 2886 4165 sermones.
2927 4109 3032 4162 Hic
3070 4126 3190 4162 vero
3227 4107 3398 4164 sancti

1818 4201 1976 4259 Luca:
2014 4203 2275 4272 principia
2323 4216 2622 4272 assumpta,
2668 4207 2993 4275 reliquorum
3045 4204 3203 4256 trium
3252 4201 3397 4254 dicta

1818 4295 2147 4364 coniunxerit
2176 4305 2231 4348 ut
2244 4296 2370 4364 jure
2397 4296 2595 4366 ambigi
2617 4298 2782 4365 possit
2814 4307 2990 4349 utrum
3015 4295 3301 4354 Ammonii,
3325 4310 3396 4352 an

167 4378 239 4430 τὸν
277 4384 399 4468 ήμζν
444 4389 585 4458 πρὸς
621 4389 721 4459 τὴν
774 4389 1057 4460 ἀνάκρισιν
1111 4390 1220 4442 τῶν
1269 4390 1554 4461 δογμάτων
1583 4408 1722 4462 παρ-

1825 4386 2036 4440 Tatiani
2082 4389 2309 4443 inventio
2367 4388 2602 4458 ejusdem
2644 4391 2813 4458 operis
2871 4388 3054 4445 debeat
3117 4386 3392 4442 arstimari.

168 4469 344 4543 ἱστημι,
411 4480 686 4550 μενούσης
733 4497 822 4550 μοι
861 4481 1001 4533 κατὰ
1031 4480 1163 4533 Θεὸν
1190 4481 1467 4546 πολιτείας
1504 4481 1724 4554 ἀνεξαρ-

166 4561 316 4630 νήτου.
353 4564 594 4638 Scripsit
622 4579 676 4624 et
705 4569 852 4622 aliud
893 4585 1032 4639 opus
1054 4571 1196 4640 quod
1254 4561 1588 4627 Dialessaron
1627 4583 1722 4642 ap-

165 4655 373 4722 pellavit,
405 4675 470 4716 ex
505 4670 750 4731 quatuor
791 4661 1152 4733 Evangelistis
1180 4664 1468 4717 collectum
1498 4679 1512 4727 ;
1545 4663 1612 4717 de
1656 4671 1722 4717 eo

165 4741 256 4799 lucc
291 4748 448 4806 habet
472 4754 774 4808 Chronicon
812 4753 1226 4808 Alexandrinum
1256 4771 1320 4810 ex
1353 4754 1585 4808 Eusebio
1617 4772 1630 4808 :
1661 4755 1717 4808 '0

164 4837 383 4909 μέντοιγε
435 4846 708 4917 πρότερος
748 4847 924 4899 αὐτῶν
972 4847 1234 4910 Τατιανὸς
1282 4846 1573 4914 συνάφειάν
1600 4864 1720 4900 τινα

163 4929 240 4981 καὶ
269 4938 611 5009 συναγωγὴν,
638 4940 737 4993 οὐκ
761 4937 857 4993 οἶδ’
875 4941 1042 5004 ὅπως,
1067 4940 1174 4993 τῶν
1198 4938 1542 5008 Εὐαγγελίων
1565 4957 1722 5010 ποιη-

161 5022 387 5091 σάμενος,
425 5029 489 5082 τὸ
530 5031 635 5084 Διὰ
673 5030 984 5098 τεσσάρων
1029 5032 1185 5085 τοῦτο
1213 5033 1663 5102 προσωνόμασεν,
1692 5034 1720 5086 6

161 5117 288 5184 παρά
313 5135 452 5189 τισιν
490 5125 664 5176 εἰσέτι
707 5125 800 5177 καὶ
839 5124 935 5179 νῦν
988 5124 1231 5194 φέρεται.
1268 5128 1399 5190 Quae
1433 5126 1507 5178 ita
1554 5126 1717 5180 verti-

159 5218 261 5261 mus
316 5229 330 5264 :
400 5212 700 5270 Enimvero
751 5217 837 5271 his
891 5215 1168 5286 antiquior
1216 5201 1480 5271 Talia-nus
1532 5219 1718 5272 nescio

161 5310 245 5363 qua
286 5301 711 5375 Evangeliorum
741 5311 1088 5371 cohaerentia,
1140 5313 1194 5365 et
1245 5311 1565 5366 collectione
1595 5307 1718 5382 pef-

161 5389 294 5452 lccta,
321 5407 512 5460 quam,
532 5404 781 5456 ctc.,non
801 5400 1156 5469 confusionem
1187 5413 1236 5456 et
1266 5400 1620 5474 Synaqogam,
1659 5412 1716 5456 ut

161 5490 256 5545 t"ius
282 5487 686 5560 intcrpres,scd
719 5510 841 5546 cum
881 5499 1085 5550 mentio
1115 5496 1188 5550 sit
1215 5495 1283 5549 de
1311 5496 1449 5550 libro
1479 5496 1580 5550 huc
1610 5495 1717 5548 Ta-

157 5573 267 5631 tiaui
302 5599 464 5648 quem
500 5586 900 5657 Διατεσσάρων,
945 5602 1053 5640 non
1087 5596 1144 5640 ut
1189 5589 1355 5642 rcl'ert
1392 5586 1576 5642 Victor
1610 5588 1715 5642 Ca-

161 5675 390 5741 l'ulnus,‘
416 5664 706 5747 Diaponte,
733 5679 1050 5750 inscripsit,
1079 5696 1185 5736 non
1221 5681 1318 5736 abs
1346 5697 1404 5737 re
1451 5681 1588 5736 mihi
1612 5681 1715 5736 ivi—

1822 4479 2016 4534 Nullus
2045 4481 2244 4536 es.his
2290 4479 2533 4537 Victoris
2584 4498 2739 4538 error
2771 4481 3238 4552 deprehenditur,
3271 4495 3395 4538 cum

1820 4587 1958 4642 opus
1984 4572 2399 4632 Decanonibus
2442 4577 2772 4643 apostolicis,
2805 4575 2950 4646 quod
2995 4575 3163 4633 fuisse
3216 4573 3396 4630 diver-

1821 4681 1940 4718 sum
1971 4666 2040 4724 ab
2071 4682 2235 4736 opere
2270 4678 2323 4722 et
2357 4667 2651 4723 Harmonia
2695 4670 2944 4736 ejitsdcm
2990 4667 3396 4738 Erangelioruns

1823 4773 2048 4813 necesse
2079 4758 2201 4821 luit.
2231 4776 2339 4814 non
2372 4769 2525 4830 putat
2550 4778 2672 4816 esse
2699 4760 2918 4815 Tatiani
2959 4760 3052 4816 sed
3099 4759 3393 4813 Ammonii.

1821 4847 1928 4902 Sed
1957 4866 2113 4904 error
2144 4853 2291 4907 illius
2333 4861 2416 4907 est
2445 4869 2606 4923 quem
2645 4869 2752 4908 non
2785 4863 2870 4908 est
2903 4853 3164 4908 odoratus
3202 4850 3396 4906 Posse-

1819 4939 2000 5002 vinus,
2033 4942 2286 5010 quamvis
2335 4943 2474 4997 alios
2522 4944 2772 4998 habuerit
2825 4950 2952 4998 ante
2997 4951 3270 5003 auctores,
3300 4939 3393 5010 qui

1821 5028 2333 5092 illum-adnotarint,
2369 5031 2515 5101 quod
2556 5032 2908 5086 Harmoniam
2959 5031 3386 5102 Evangeliorum,

1820 5137 1942 5191 quae
1964 5133 2080 5177 erat
2123 5124 2425 5192 legitimum
2470 5140 2610 5195 opus
2644 5126 2943 5187 Ammonii,
2976 5124 3210 5180 Tal-iano
3257 5124 3394 5180 falso

1818 5214 2160 5284 ascripserit.
2214 5214 2500 5270 Consimili
2553 5216 2792 5272 Victoris
2841 5232 3030 5270 errore
3081 5217 3215 5286 lapsi
3266 5223 3394 5271 sunt

1817 5305 2116 5375 Gregorius
2149 5306 2357 5362 Edcrus
2393 5309 2486 5363 lib.
2523 5324 2583 5362 ιιι
2639 5307 2976 5363 (Ετοηοηιίω
2993 5309 3310 5376 Bibliorurn,
3341 5318 3392 5365 et

1819 5406 2007 5460 Sixtus
2031 5405 2293 5462 Senensis
2318 5408 2412 5462 lib.
2444 5423 2496 5460 Iv
2543 5407 2883 5463 Bibliotheca:
2914 5409 2967 5462 in
2998 5408 3288 5462 Ammouio
3335 5417 3389 5464 et

1818 5496 2066 5553 Tal-iano.
2121 5498 2422 5554 Reddimus
2467 5501 2650 5570 itaque
2693 5500 2932 5570 genuino
2965 5500 3177 5571 parenti
3232 5501 3394 5555 suum

1817 5588 2008 5652 fetum,
2040 5599 2092 5644 et
2117 5592 2343 5646 mutatis
2378 5591 2431 5644 in
2459 5591 2814 5660 inscriptione
2860 5591 3198 5654 nominibus,
3237 5590 3395 5645 libel-

1817 5683 1928 5738 lum
1959 5684 2073 5740 sive
2101 5681 2516 5754 Evangeliorum
2558 5683 3034 5751 concordantiam,
3074 5692 3143 5747 ει,
3166 5683 3379 5739 "arma
