3952 6204
622 260 730 318 803

1959 263 2208 320 LEONIS
2241 263 2518 319 ALLATII
3651 285 3725 340 και

618 380 783 444 niam,
809 395 930 450 quae
955 380 1060 434 sub
1085 379 1299 437 Tatiani
1329 383 1550 439 nomine
1581 382 1988 449 circumfertur,
2013 395 2070 440 et
2099 387 2184 440 in-
2211 391 2257 447 Α
2287 385 2497 450 sebius,
2521 385 2724 442 Eccles.
2756 388 2880 446 hist.
2911 390 3007 446 lib.
3027 407 3105 456 nr,
3135 408 3250 464 cap.
3274 395 3336 463 9;
3366 393 3724 472 Hieronymus,in

618 475 768 543 cipit,
799 473 1062 539 Quoniam
1083 472 1292 542 quidem
1315 475 1470 528 multi
1507 477 1686 529 conati
1724 487 1867 539 sunt,
1901 493 2063 548 quam
2098 477 2182 532 Vi-

620 571 740 616 ctor
767 561 1015 625 Tatiano,
1059 570 1114 616 et
1155 579 1280 618 cum
1310 580 1375 620 eo
1404 567 1588 635 plures
1611 568 1716 622 alii
1765 569 2028 632 referunt,
2053 569 2182 622 Am-

620 653 804 707 monio
851 654 1221 709 Alexandrino
1252 658 1328 710 uti
1375 660 1672 727 genuinum
1721 660 1888 716 fetum
1933 663 2180 718 restitui-

619 745 1002 807 mus,alteram
1047 763 1197 814 vero,
1237 765 1357 818 quae
1399 752 1615 820 praefert
1646 769 1844 808 nomen
1884 754 2178 819 Ammonii,

617 833 850 889 Tatiano
881 837 1075 907 dequo
1100 840 1258 894 nobis
1287 849 1372 896 est
1401 858 1601 906 sermo,
1634 852 1687 898 et
1707 846 1917 916 incipit,
1955 846 2015 900 In
2035 849 2185 916 prin-

618 925 752 992 cipio
785 935 901 978 erat
927 927 1169 984 Verbum.
1202 929 1414 986 Etenim
1470 949 1590 1002 quae
1623 933 1914 1000 Eusebius,
1959 938 2180 994 Chroni-

616 1033 735 1070 cum
779 1019 1221 1089 Alexandrinum,
1265 1023 1672 1092 Theodoretus,
1719 1029 1786 1084 de
1836 1031 2181 1090 Diatessaron

618 1109 832 1166 Tatiani
859 1113 1145 1182 prodidere
1161 1117 1287 1172 huic
1305 1121 1656 1176 conveniunt.
1687 1121 1975 1192 Eusebius,
2002 1126 2098 1182 lib.
2133 1141 2187 1179 Iv

620 1202 764 1257 Hist.
799 1205 1007 1270 eccles.,
1039 1222 1160 1277 cap.
1193 1208 1282 1271 27,
1316 1210 1390 1264 ita
1426 1214 1656 1270 scribit:
1693 1215 1950 1273 Tatianus
1977 1219 2068 1274 ille
2092 1220 2182 1291 qui

617 1302 731 1346 erat
753 1296 955 1362 primus
988 1313 1166 1352 eorum
1184 1310 1388 1366 auctor,
1419 1311 1470 1356 et
1500 1307 1739 1376 princeps
1767 1310 2180 1378 conjunctionem

617 1387 923 1456 quamdam,
951 1391 1111 1443 etiam
1161 1393 1519 1449 collectionem
1566 1396 1970 1470 anngeliorum
2010 1405 2181 1459 nescio

618 1474 878 1542 quomodo
922 1482 1232 1546 composuit,
1267 1483 1500 1554 illudque
1525 1502 1652 1556 opus
1693 1490 1796 1543 Διὰ
1827 1491 2140 1562 τεσσάρων
2163 1534 2180 1560 ,

619 1561 674 1615 id
702 1573 800 1628 est,
843 1563 1016 1619 Unum
1039 1568 1378 1640 Evangelium
1403 1591 1468 1628 ea:
1492 1588 1721 1646 quatuor
1749 1561 2024 1636 collectum
2049 1601 2183 1638 nun-

616 1658 844 1725 cupavit,
878 1659 1016 1727 quod
1055 1663 1217 1716 etiam
1267 1665 1439 1720 adhuc
1471 1672 1822 1738 quorumdam
1868 1675 2090 1730 habetur
2127 1680 2180 1732 in

616 1748 882 1804 manibus.
922 1752 1000 1806 Ex
1034 1751 1268 1812 Eusebio
1308 1758 1485 1814 locum
1518 1762 1660 1818 hunc
1684 1772 1855 1819 totum
1891 1767 2182 1840 descripsit

614 1837 933 1896 Chronicum
969 1845 1377 1904 Alexandrinum
1416 1862 1468 1907 et
1505 1853 1862 1927 Nicephorus,
1887 1859 2028 1916 Hist.
2052 1837 2178 1918 eccl.

614 1929 652 1983 l.
691 1947 763 1989 iv.
795 1948 845 1987 c.
881 1935 936 1999 4,
968 1936 1023 1990 in
1052 1954 1160 2009 quo
1207 1957 1339 1998 sane
1378 1944 1530 2013 illud,
1563 1945 1756 2003 Nescio
1779 1953 2055 2021 quomodo,
2082 1956 2182 2008 οὐκ

613 2017 708 2076 οἷδ’
738 2025 906 2092 ὅπως,
946 2032 1400 2090 considerandum
1430 2047 1550 2105 est;
1580 2039 1729 2098 fraus
1764 2017 1908 2098 enim
1953 2017 2048 2100 vel,
2083 2049 2181 2102 do-

614 2115 699 2172 lus
761 2117 995 2176 haaretici
1059 2127 1296 2182 auctoris
1360 2129 1614 2188 indecore
1665 2141 1720 2188 et
1777 2150 1916 2201 non,
1960 2144 2019 2191 ut
2085 2153 2183 2208 par

612 2215 764 2275 erat,
817 2225 955 2280 opus
1001 2213 1134 2270 illud
1179 2219 1564 2277 concinnantis
1617 2224 1778 2279 nobis
1821 2226 2178 2297 signiﬁcatur,

612 2300 758 2369 quod
807 2299 1184 2363 Theodoretus
1237 2311 1414 2378 palam
1456 2317 1698 2384 exponit,
1743 2318 1837 2374 lib.
1889 2335 1907 2372 ι
1978 2319 2176 2375 Παντεῖ.

614 2391 807 2460 fabul.,
840 2395 925 2452 his
953 2399 1133 2455 verbis
1168 2402 1455 2460 :Tatianus
1488 2412 1779 2478 composuit
1817 2414 1974 2467 etiam
2006 2412 2181 2469 Evan-

611 2487 807 2554 gelium
837 2491 978 2558 quod
1024 2493 1220 2547 dicitur
1255 2499 1358 2550 Διὰ
1400 2501 1729 2570 τεσσάρων,
1771 2507 2059 2574 amputatis
2101 2525 2184 2578 ge-

614 2578 868 2648 nealogiis
903 2592 952 2634 et
1000 2583 1144 2648 aliis,
1192 2602 1510 2660 quwcunque
1561 2595 1842 2650 ostendunt
1896 2597 2179 2652 Dominum

613 2681 798 2724 natum
837 2689 948 2727 esse
984 2691 1047 2728 ea:
1097 2677 1265 2733 David
1292 2685 1579 2739 secundum
1622 2704 1851 2746 carnem.
1891 2691 1969 2746 Eo
2005 2703 2180 2748 autem

613 2763 699 2815 usi
722 2775 864 2827 sunt,
898 2781 1000 2819 non
1023 2767 1061 2820 ii
1089 2770 1190 2822 sali
1221 2774 1310 2839 qui
1337 2790 1457 2828 sunt
1485 2777 1631 2831 illius
1647 2791 1823 2843 sectce,
1847 2784 1936 2834 sed
1958 2783 1996 2834 ii
2021 2785 2180 2838 etiam

612 2855 702 2924 qui
731 2855 978 2926 dogmata
999 2863 1288 2928 apostolica
1305 2881 1592 2937 sequuntur
1609 2874 2000 2942 compositionis
2024 2877 2180 2945 frau-

615 2945 731 2999 dem
776 2965 879 3002 non
915 2966 1300 3021 cognoscentes,
1343 2959 1434 3012 sed
1478 2964 1771 3032 simplicius
1817 2983 1876 3020 eo
1927 2976 2179 3038 tanquam

617 3039 751 3094 libro
799 3047 1163 3112 compendioso
1202 3059 1421 3108 utentes.
1455 3051 1568 3124 Ego
1594 3072 1794 3128 quoque
1833 3060 2004 3114 inveni
2033 3061 2178 3130 plus-

613 3149 769 3203 quam
793 3134 1044 3192 ducentos
1075 3139 1376 3209 hujusmodi
1399 3144 1582 3210 libros,
1609 3148 1776 3218 quiin
1800 3150 1993 3206 honore
2017 3154 2177 3208 habe-

616 3225 807 3281 bantur
844 3230 897 3284 in
935 3234 1132 3288 nostris
1169 3233 1442 3304 Ecclesiis,
1481 3256 1610 3310 quos
1642 3257 1760 3294 cum
1804 3257 1979 3298 omnes
2018 3244 2177 3299 simul

615 3322 911 3390 coegissem,
961 3324 1200 3394 deposui,
1227 3340 1278 3384 et
1309 3331 1422 3384 loco
1469 3327 1650 3387 eorum
1701 3337 1906 3403 reposui
1951 3350 2179 3408 quatuor

613 3415 1051 3482 evangelistarum
1074 3419 1380 3491 Evangelia.
1405 3423 1510 3479 Sed
1543 3425 1597 3480 in
1627 3426 1728 3481 hoc
1751 3428 1992 3483 secundo
2016 3445 2178 3500 opere

615 3512 799 3573 aperte
829 3508 1032 3563 recisas
1057 3513 1402 3583 genealogias
1424 3530 1614 3572 omnes
1636 3515 1874 3584 Domini,
1900 3535 2022 3589 quae
2051 3535 2176 3576 eum

613 3608 680 3648 ex
733 3593 900 3651 David
930 3602 1228 3656 secundum
1269 3619 1488 3660 carnem
1523 3608 1764 3677 genitum
1800 3610 2177 3667 demonstrant

613 3691 981 3758 comperimus
1028 3701 1082 3748 et
1122 3695 1229 3749 alia
1273 3700 1458 3753 omnia
1513 3700 1832 3758 detruncata
1859 3747 1874 3772 ,
1924 3715 1978 3762 et
2035 3722 2176 3762 nova

614 3777 787 3832 forma
817 3792 1199 3857 structuraque
1223 3791 1487 3850 orationis
1509 3807 1792 3860 conversa,
1823 3812 1932 3852 non
1961 3798 2088 3854 item
2119 3801 2175 3854 in

613 3871 811 3942 primo,
837 3877 892 3928 in
917 3891 1024 3945 quo
1052 3880 1233 3934 omnia
1263 3891 1494 3951 quatuor
1525 3887 1980 3957 evangelistarum
2007 3890 2172 3958 dicta,

613 3963 762 4017 nullo
797 3965 908 4020 fere
937 3971 1302 4036 praetermisso
1345 3974 1411 4028 ad
1450 3976 1673 4030 verbum
1718 3979 1993 4051 descripta
2023 3998 2177 4053 repe-

615 4057 845 4112 riuntur.
879 4057 1080 4116 Deinde
1120 4063 1353 4131 primum
1395 4081 1534 4134 opus
1564 4083 1686 4122 cum
1727 4072 1886 4126 titulo
1916 4089 2025 4142 quo
2070 4075 2177 4129 cir-

611 4149 932 4216 cumfertur,
955 4151 1250 4209 Harmonia
1279 4157 1507 4223 scilicet,
1540 4176 1607 4214 ex
1640 4164 1914 4231 expressis
1944 4165 2177 4237 Evange-

613 4240 809 4294 liorum
840 4243 1023 4299 verbis
1051 4247 1437 4302 concinnatum
1473 4251 1604 4305 illud
1647 4268 1769 4308 esse
1815 4254 2177 4324 deprehendi¢

611 4338 702 4384 tur
727 4333 999 4387 Ammonii
1041 4335 1416 4403 Alexandrini,
1450 4342 1592 4410 quod
1621 4341 1912 4399 Zacharias
1939 4345 2176 4418 Chryso-

612 4422 887 4492 politanus
910 4425 1200 4497 episcopus
1229 4437 1354 4484 ante
1376 4433 1704 4502 quingentos
1736 4450 1907 4492 annos
1931 4439 2176 4495 illustra-
2205 4451 2251 4506 ι)

611 4515 689 4568 vit
729 4521 1173 4584 commentariis,
1218 4538 1358 4592 quos
1402 4540 1467 4580 ex
1511 4530 1801 4585 sententiis
1856 4541 2172 4589 sanctorum

611 4602 832 4659 Patrum
857 4609 912 4662 in
942 4625 1104 4664 unam
1129 4620 1376 4667 catenam
1394 4619 1662 4673 contextis
1691 4619 1921 4688 pulchro
1943 4623 2174 4679 artiﬁcio

611 4699 904 4766 coaptavit.
939 4699 1208 4756 Praeterea
1255 4705 1380 4772 quis
1409 4708 1582 4761 nescit
1625 4707 1915 4765 Tatianum
1975 4712 2172 4784 Syrum

613 4789 695 4842 vel
728 4789 1032 4861 Assyrium,
1073 4808 1182 4847 non
1218 4803 1398 4850 autem
1447 4797 1894 4867 Alexandrinum,
1954 4805 2177 4861 Ammo-

613 4881 763 4934 ninm
793 4897 921 4936 vero
950 4883 1372 4938 Alexandrinum
1411 4885 1620 4943 fuisse?
1651 4888 2024 4948 Restituamus
2045 4911 2176 4964 ergo

613 4972 802 5026 titulos
851 4972 1035 5037 libris,
1080 4974 1250 5029 libros
1304 4978 1643 5046 parentibus,
1691 4989 1751 5034 ut
1801 4985 2177 5054 unusquisque

615 5079 744 5118 suos
800 5063 943 5120 fetus
1004 5073 1298 5136 agnoscat,
1355 5068 1825 5140 inscribamusque
1875 5074 1928 5126 in
1974 5075 2173 5143 primo,

616 5152 934 5217 Sanctorum
963 5166 1191 5224 quatuor
1216 5155 1616 5226 Evangeliorum
1648 5159 1942 5216 Harmonia
1969 5168 2178 5220 Ammo-

616 5244 702 5297 nio
727 5244 1087 5300 Alexandrino
1122 5256 1364 5312 auctore;
1393 5249 1446 5301 in
1487 5251 1750 5317 secundo,
1776 5250 2178 5323 Evangeliorum

615 5334 961 5392 Diatessaron
995 5338 1220 5392 Tatiano
1256 5340 1476 5410 Assyrio
1506 5352 1738 5397 auctore.
1781 5342 1837 5398 Si
1869 5346 1990 5414 quis
2021 5349 2178 5416 plura

615 5427 888 5482 desiderat
918 5430 1075 5484 adeat
1115 5429 1383 5487 Caesarem
1409 5433 1726 5499 Baronium,
1754 5443 1901 5492 tomo
1943 5439 1986 5492 ll
2006 5477 2020 5499 ,
2050 5457 2175 5495 ann.

617 5517 740 5581 m,
767 5520 855 5572 ubi
887 5533 1138 5578 accurate
1166 5527 1396 5594 plurima
1419 5527 1487 5582 de
1507 5543 1748 5598 eoopere
1775 5530 2176 5586 animadvertit.

683 5610 800 5663 Col.
834 5612 956 5677 708,
981 5615 1148 5670 lin.2.
1189 5617 1311 5669 Τῶν
1337 5618 1488 5672 δὲέκ
1523 5621 1842 5691 περιτομῆς
1880 5623 2174 5691 Ἰώσηπος.

611 5699 688 5758 De
710 5698 944 5769 Josepho
971 5703 1269 5774 historico;
1284 5709 1404 5779 ejus
1421 5710 1529 5764 vita
1559 5721 1612 5767 et
1643 5715 1862 5783 scriptis
1885 5715 2036 5784 plura
2073 5714 2178 5771 Eu:-

2293 475 2386 530 lib.
2413 476 2492 531 De
2517 479 2864 547 scriptoribus
2909 483 3108 547 eccles.,
3137 496 3190 542 et
3216 484 3432 554 Epistola
3455 491 3725 567 adllagnum,

2288 575 2559 622 oratorem
2579 568 2907 637 Romanum;
2933 572 3274 641 Sozomenus,
3296 579 3379 633 lib.
3404 597 3436 643 ι,
3455 597 3556 651 eap.
3575 586 3614 649 l;
3635 585 3727 641 Eva-

2291 661 2462 730 grius,
2500 663 2594 717 lib.
2623 681 2674 727 ν,
2706 680 2827 734 cap.
2858 665 2957 732 24;
2984 667 3219 733 Photius,
3251 671 3300 724 in
3321 670 3631 736 Bibliotheca;
3650 676 3731 733 Sui-

2291 751 2411 815 das,
2444 753 2560 822 ipse
2587 754 2656 809 de
2686 770 2744 810 se
2760 758 3007 826 pluribus
3025 760 3076 813 in
3105 761 3268 826 locis;
3295 759 3535 834 Iosephus
3559 765 3734 840 Scaliger

2289 841 2342 895 in
2367 841 2670 914 Prolegom.
2697 849 2752 901 in
2786 849 2879 902 lib.
2913 849 2990 904 De
3005 852 3351 908 emendatione
3381 865 3642 924 temporum,
3677 864 3735 915 vi-

2288 949 2408 987 rum
2436 935 2582 990 hunc
2614 955 2958 1009 summopere
3005 943 3204 1008 laudat,
3243 945 3585 1016 historicisque
3612 953 3737 1005 omni-

2289 1025 2392 1080 bus
2428 1026 2631 1082 Graecis
2698 1040 2753 1084 et
2790 1030 2998 1088 Latinis
3039 1037 3328 1106 anteponit.
3359 1037 3739 1109 Diligentissima,

2287 1114 2482 1184 inquit,
2513 1119 2606 1170 καὶ
2645 1119 3096 1191 φιλαληθέστατος
3130 1128 3355 1180 omnium
3385 1132 3651 1199 scriptorum
3674 1133 3740 1189 Ιο-

2289 1207 2496 1275 sephus,
2534 1210 2598 1263 de
2634 1229 2734 1281 quo
2765 1231 2860 1267 nos
2900 1217 3152 1271 audacter
3181 1220 3410 1286 dicimus,
3441 1240 3529 1276 non
3554 1226 3686 1278 solum
3706 1230 3742 1281 is

2289 1298 2440 1354 rebus
2463 1300 2731 1369 Judaicis,
2757 1306 2846 1360 sed
2867 1309 3026 1362 etiam
3049 1311 3102 1363 in
3130 1314 3348 1367 externis
3371 1317 3515 1368 tutius
3541 1316 3606 1369 illi
3626 1320 3741 1382 credi,

2292 1406 2451 1460 quam
2487 1395 2728 1449 omnibus
2777 1395 2974 1454 Graecis
3039 1410 3088 1455 et
3129 1401 3330 1458 Latinis
3364 1421 3382 1459 :
3413 1408 3564 1477 itaque
3597 1409 3745 1464 desinat

2289 1484 2477 1537 mirari
2506 1485 2690 1540 doctus
2724 1488 2802 1542 cir
2825 1531 2838 1552 ,
2873 1507 2963 1544 cur
2994 1501 3072 1545 tot
3115 1495 3307 1549 eruditi
3329 1508 3375 1550 et
3401 1515 3485 1552 nos
3507 1517 3666 1568 quoque
3685 1505 3745 1570 qui

2290 1588 2395 1626 non
2425 1575 2480 1626 in
2525 1576 2634 1631 illis
2673 1580 2920 1644 eruditis,
2957 1583 3046 1636 sed
3091 1585 3244 1656 hujus
3296 1590 3546 1656 scriptoris
3590 1590 3747 1645 lectione

2288 1665 2545 1734 peregrini
2573 1684 2676 1721 non
2719 1687 2923 1735 sumus,
2958 1683 3166 1729 tantum
3200 1679 3280 1731 illi
3323 1679 3604 1748 deferamus,
3641 1699 3746 1751 cujus

2213 1749 2253 1804 Β
2288 1752 2416 1820 fides
2443 1764 2493 1808 et
2521 1758 2752 1813 eruditio
2797 1762 2853 1814 in
2879 1765 3122 1820 omnibus
3165 1768 3348 1822 elucet.
3389 1768 3582 1826 Gaudeo
3615 1749 3744 1828 laudes

2287 1843 2451 1902 hasce
2488 1845 2728 1919 Josepho
2767 1853 3086 1912 decantatas
3121 1859 3371 1915 audacter
3409 1861 3562 1917 dictas
3590 1865 3745 1918 esseab

2280 1939 2398 2007 ipso
2437 1941 2599 1994 etiam
2637 1943 2924 2000 laudatore
2965 1951 3252 2018 cognosci.
3282 1950 3411 2016 Quis
3451 1968 3585 2023 aequo
3622 1953 3745 2006 animo

2276 2024 2443 2080 ferret
2471 2027 2767 2094 hominem,
2808 2033 2902 2102 qui
2938 2037 3153 2090 nesciat
3193 2038 3294 2091 sibi
3335 2038 3589 2107 imperare,
3619 2054 3668 2090 ne
3693 2039 3744 2090 di-

2282 2123 2371 2170 cat
2391 2118 2535 2187 quod
2573 2129 2766 2201 contra
2803 2139 3019 2194 aequum
3053 2141 3219 2182 omne
3242 2144 3359 2183 esse
3396 2129 3603 2183 fatetur:
3632 2128 3745 2182 auda-

2281 2205 2418 2261 citer
2444 2209 2648 2266 dicitur
2670 2253 2684 2277 ,
2726 2230 2854 2285 ergo
2900 2233 3092 2272 verum
3147 2234 3253 2273 non
3297 2228 3393 2282 est,
3419 2235 3531 2290 ergo
3557 2220 3631 2290 qui
3659 2220 3746 2274 dicit

2282 2295 2571 2369 decipitur,
2604 2303 2651 2358 si
2691 2305 2967 2362 Aristoteli
3023 2310 3306 2366 credimus
3345 2311 3597 2366 Moralium
3627 2310 3747 2365 Eude-

2283 2389 2508 2444 miorum
2537 2393 2630 2449 lib.
2661 2413 2742 2460 Ill,
2771 2413 2890 2468 cap.
2925 2400 2988 2465 5;
3026 2417 3121 2456 res
3169 2403 3309 2456 enim
3340 2406 3482 2459 aliter
3505 2419 3561 2458 ac
3583 2413 3680 2459 sunt
3697 2405 3749 2456 vi-

2283 2479 2499 2539 dentur.
2543 2483 2728 2541 Tutius
2767 2489 2850 2542 illi
2898 2492 3040 2545 credi
3083 2511 3248 2562 quam
3282 2497 3500 2550 omnibus
3538 2495 3690 2550 Grecis
3716 2504 3747 2548 et

2283 2569 2513 2642 Latinis,
2543 2593 2819 2649 nunquam
2870 2583 3278 2640 existimassem
3333 2589 3575 2642 hominem
3602 2590 3658 2642 ita
3685 2602 3748 2640 au-

2282 2666 2472 2722 dacter
2498 2669 2679 2726 dicere
2711 2689 2891 2742 posse,
2921 2685 2976 2729 et
3003 2676 3301 2733 humanam
3331 2679 3664 2743 historiam,ah
3683 2680 3747 2732 ho-

2286 2761 2436 2816 mine
2465 2772 2518 2816 et
2556 2762 2804 2822 fortassis
2843 2769 3085 2837 pessimo
3131 2773 3484 2844 conscriptam
3515 2773 3670 2828 divinae
3687 2787 3748 2826 sa-

2283 2863 2496 2921 craeque
2525 2853 2784 2922 praeferri.
2813 2855 3004 2914 Tutius
3019 2861 3208 2917 credis
3235 2861 3458 2931 Josepho
3474 2877 3606 2930 quam
3629 2859 3749 2912 Eran-

2282 2943 2464 3012 gelio?
2526 2947 2698 3003 tutius
2751 2948 2978 3013 homini,
3014 2967 3183 3021 quam
3235 2954 3375 3010 Deo?
3409 2954 3545 3010 Dices
3583 2952 3653 3009 sed
3689 2965 3750 3004 au-

2284 3035 2471 3092 dacter
2518 3039 2698 3104 dices,
2750 3043 2894 3111 quod
2944 3045 3113 3099 etiam
3167 3050 3320 3118 prius
3369 3047 3530 3101 animo
3565 3043 3746 3098 audacter

2283 3136 2606 3199 conceplum
2633 3133 2890 3190 audacter
2913 3143 2966 3188 et
2991 3139 3228 3201 evomis,
3265 3154 3414 3195 sacra
3441 3137 3564 3193 omni
3591 3132 3745 3189 historia

2284 3220 2536 3273 tutiorem
2565 3235 2690 3276 esse
2732 3221 2972 3294 Josephi,
3002 3227 3092 3281 vis
3123 3228 3304 3283 dicam
3333 3244 3436 3282 uno
3467 3225 3626 3281 verba?
3651 3224 3682 3278 si
3707 3228 3746 3272 ιιι

2279 3327 2442 3368 verus
2474 3321 2558 3368 est
2598 3313 2652 3369 in
2681 3315 2908 3372 historia
2937 3317 3238 3389 Joscphus,
3266 3323 3338 3376 ita
3365 3329 3417 3377 et
3436 3332 3485 3375 tu
3506 3321 3549 3374 in
3567 3313 3746 3372 emenda-

2280 3402 2426 3458 tione
2477 3412 2802 3475 temporum,
2851 3417 3010 3463 ruent
3060 3419 3334 3481 tempora.
3395 3412 3557 3466 Multos
3584 3404 3741 3472 lose?hi

2282 3510 2498 3551 errores
2529 3498 2584 3550 in
2613 3497 2862 3561 historia,
2898 3509 2952 3555 et
2980 3501 3438 3560 hallucinationes
3479 3495 3740 3574 prudentissiv

2281 3601 2368 3642 me
2389 3590 2567 3659 magni
2596 3591 2699 3644 viri
2717 3591 3102 3656 observarunt.
3128 3604 3184 3650 et
3207 3602 3551 3656 correxerunt,
3568 3593 3743 3644 intereos

2280 3677 2464 3733 Caesar
2503 3677 2803 3745 Baronius,
2847 3682 2901 3736 in
2938 3683 3271 3752 Annalibus;
3312 3685 3554 3749 Pererius,
3580 3682 3622 3736 in
3640 3676 3740 3737 Gal;

2283 3769 2620 3842 Hegesippus
2664 3782 2718 3828 et
2755 3775 2869 3828 alii.
2913 3773 2979 3830 Et
3030 3791 3172 3833 sane
3241 3779 3449 3833 etiamsi
3484 3773 3741 3831 concederem

2281 3861 2577 3934 Josephum
2605 3865 3058 3937 φιλαληθέστατον
3099 3870 3160 3924 in
3193 3871 3380 3936 rebus,
3407 3885 3527 3941 quas
3549 3871 3636 3938 ipse
3651 3859 3742 3915 vide-

2283 3956 2376 4021 rit,
2405 3973 2684 4029 nunquam
2711 3966 2894 4015 tamen
2943 3961 3144 4018 adduci
3195 3980 3412 4034 possum
3442 3971 3494 4018 ut
3518 3958 3682 4015 credam
3709 3953 3743 4004 ill

2281 4058 2432 4104 tanta
2463 4052 2796 4106 obscuritate
2825 4053 3186 4124 scriptorum,
3233 4059 3483 4113 varietate
3507 4058 3743 4121 temporum,

2283 4143 2597 4199 diversitate
2625 4146 3042 4213 sententiarum,
3087 4165 3361 4205 annorum
3407 4149 3530 4205 serie
3546 4145 3743 4200 γετίιεῑαη

2282 4236 2340 4290 in
2385 4237 2640 4292 omnibus
2687 4239 3053 4310 κατορθῶσαι,
3121 4243 3340 4298 etiamsi
3400 4232 3745 4312 diligentissimus

2286 4325 2468 4380 fuerit.
2506 4325 2640 4382 lllud
2667 4337 2928 4397 praeterea
2973 4328 3172 4384 addam
3212 4330 3357 4400 quod
3385 4331 3485 4398 jam
3515 4319 3746 4380 oiimJoan-

2285 4431 2384 4470 nes
2418 4413 2580 4470 Picus
2610 4416 2840 4485 epistola
2884 4415 3119 4487 quadam
3151 4418 3220 4472 ad
3252 4421 3480 4490 ignotum
3505 4414 3682 4468 amicum
3701 4401 3746 4456 de

2281 4504 2521 4572 Joscpho
2575 4505 3058 4562 animadverterat.
3107 4508 3267 4573 Quod
3319 4509 3441 4576 petis
3489 4504 3542 4557 de
3571 4493 3741 4593 Iosephi.

2280 4595 2419 4649 scias
2449 4595 2656 4663 justum
2685 4593 2970 4665 Josephum
3016 4600 3157 4662 apud
3196 4597 3440 4651 Hebra'os
3462 4610 3545 4647 non
3579 4597 3742 4656 reprim,
3775 4595 3785 4612 ‘

2281 4687 2370 4741 sed
2409 4686 2623 4756 Iosephi
2667 4689 2944 4757 epitomen,
2987 4689 3041 4742 id
3068 4699 3170 4752 est,
3202 4689 3501 4744 breviarium
3540 4676 3741 4752 quoddam,

2282 4779 2336 4833 in
2360 4795 2460 4848 quo
2494 4788 2544 4833 et
2572 4779 2742 4833 multa
2778 4790 2898 4834 sunt
2930 4783 3314 4842 commentitia,
3341 4793 3388 4834 et
3416 4795 3516 4850 qua
3552 4769 3737 4864 £164wa

2285 4870 2524 4924 tribubus
2555 4870 2627 4924 ibi
2660 4871 2923 4940 leguntur,
2954 4889 3071 4942 qua:
3095 4884 3214 4942 post
3233 4872 3570 4942 Babylonicum
3590 4867 3738 4925 εαρητι·

2285 4975 2447 5018 tatem
2499 4965 2824 5034 postliminio
2858 4982 2960 5019 non
2997 4966 3291 5029 redierunt,
3333 4983 3392 5020 ea
3427 4977 3523 5018 esse
3556 4953 3665 5010 notha
3697 4952 3734 4996 tl

2285 5053 2610 5120 aduﬂcrina,
2655 5071 2720 5108 ea:
2755 5055 2991 5110 Hebra’is
3031 5057 3160 5109 mihi
3207 5056 3382 5124 plures
3433 5045 3734 5132 confessi

2283 5156 2598 5215 quapropter
2628 5147 2839 5200 illorum
2869 5146 3097 5217 Josepho
3120 5149 3274 5201 nulla
3307 5147 3500 5200 omnino
3523 5139 3620 5209 ﬁdes
3635 5127 3736 5183 σάω·

2287 5238 2472 5292 bendo.
2506 5239 2570 5292 ln
2594 5237 2820 5308 Josepho
2856 5236 3035 5295 Grazco
3062 5241 3172 5294 scio
3205 5255 3318 5294 esse
3353 5235 3578 5308 quadam,
3599 5237 3679 5294 qua
3694 5217 3736 5266 dt

2287 5329 2498 5385 Christo
2528 5341 2578 5385 et
2607 5330 2784 5400 fidem,
2815 5342 2864 5385 et
2894 5332 3239 5399 honorificam
3271 5331 3461 5400 faciant
3499 5319 3734 5415 mentionem.

2287 5426 2374 5477 sed
2412 5423 2592 5476 eadem
2624 5439 2735 5476 esse
2767 5425 2972 5492 penitus
3005 5440 3120 5476 cum
3152 5423 3257 5483 his,
3289 5437 3399 5491 qua:
3436 5421 3481 5471 in
3509 5410 3740 5505 Latinitas

2288 5515 2490 5568 dicibus
2523 5515 2766 5584 leguntur
2796 5533 2900 5570 non
2946 5531 3232 5569 assererem
3268 5514 3367 5566 nisi
3401 5508 3624 5574 exemplar
3641 5492 3745 5547 θ’θ’

2289 5621 2428 5670 cum,
2457 5605 2606 5673 cujus
2637 5605 2719 5658 hic
2757 5606 2885 5659 mihi
2915 5606 3062 5659 nulla
3091 5614 3172 5658 est
3194 5605 3361 5673 copia,
3389 5613 3540 5655 recens
3569 5593 3746 5694 legat-'1'.-

2359 5697 2492 5753 lbid.
2525 5697 2632 5750 Καὶ
2679 5697 2968 5764 Ἰοῦστος.
3011 5697 3186 5768 Hujus
3235 5701 3487 5766 parentes,
3527 5687 3747 5739 πολιτειανε
