3952 6204
213 256 329 311 805

1255 255 1322 311 IN
1351 253 1723 312 EUSTATHH
1763 253 2231 310 HEXAEMERON
2274 253 2507 312 ΝΟΤᾹΞ.

3355 259 3464 314 800

218 377 533 440 historiam,
567 385 621 431 et
663 376 862 447 stylum
901 376 1171 448 expressit
1218 377 1448 433 Photius
1498 376 1554 430 in
1600 375 1791 430 Biblio-
1829 381 1874 436 Δ
1905 375 2092 432 sebius
2124 376 2195 430 de
2231 375 2530 445 semetipso
2559 375 2614 429 in
2658 375 2885 445 prologo
2941 374 3197 432 Historiae
3223 375 3475 432 ecclesia-

221 465 398 520 tlteca.
427 464 636 534 Oppido
658 463 1016 528 Tiberiensis,
1043 471 1267 534 parente
1286 463 1436 518 Pisto
1470 462 1690 516 homine
1709 475 1798 514 ne-

221 557 517 627 quissimo,
569 557 617 611 si
665 554 904 626 Josepho
951 557 1252 620 credimus,
1305 570 1504 626 genere
1552 551 1796 617 Judaaus,

224 653 543 720 auspicatus
583 656 668 704 est
698 649 980 704 historiam
1013 664 1042 702 a
1079 649 1286 719 Moyse,
1325 645 1686 718 perduxitque
1728 644 1798 698 ad

222 742 432 796 exitum
472 755 646 810 usque
676 740 931 810 Agrippae
964 741 1180 810 septimi
1215 755 1246 794 e
1291 738 1496 793 familia
1543 736 1795 798 Herodis.

220 841 276 887 et
325 830 682 885 Judaicorum
736 847 924 901 regum
985 831 1284 901 postremi;
1336 831 1510 902 stylus
1565 829 1800 884 maxime

219 925 506 988 concisus,
529 931 584 978 et
627 925 882 993 pleraque
908 925 1079 978 relatu
1108 940 1230 979 cum
1266 924 1460 993 primis
1493 922 1798 976 neccharia

220 1015 591 1083 praetermisit.
616 1014 810 1070 Adesis
836 1013 1222 1086 Hieronymum
1254 1016 1306 1068 in
1337 1015 1612 1084 Catalogo,
1642 1013 1799 1068 lose-

222 1105 391 1174 phum
414 1104 469 1158 in
508 1103 627 1159 Vita
645 1120 766 1167 sua,
793 1103 1036 1160 Suidam.
1058 1105 1380 1175 Stephanus
1402 1107 1527 1160 item
1558 1105 1625 1160 de
1653 1105 1802 1159 urbi-

223 1199 332 1252 bus
364 1196 481 1250 haec
509 1195 576 1251 de
601 1213 667 1252 eo
693 1217 705 1252 :
744 1195 838 1250 Ἐκ
853 1196 1053 1268 ταύτης
1069 1196 1187 1269 [τῆς
1216 1196 1552 1269 Τιϐερίαδος]
1585 1192 1652 1268 ἦν
1676 1196 1803 1250 Ἰοῦ-

222 1307 350 1352 στος
379 1289 408 1340 ὀ
431 1288 521 1340 τὸν
538 1288 825 1342 Ἰουδαϊκὸν
850 1289 1082 1361 πόλεμον
1103 1289 1192 1342 τὸν
1231 1289 1373 1342 κατὰ
1398 1287 1801 1342 Οὐεσπασιανοῦ

221 1382 540 1452 ἱστορήσας.
581 1378 780 1434 Verum
805 1395 914 1434 non
949 1389 1159 1434 tantum
1193 1379 1261 1433 de
1287 1378 1443 1435 Justo
1472 1379 1596 1443 hoc,
1631 1379 1726 1434 sed
1751 1388 1804 1434 et

219 1473 290 1528 de
333 1471 575 1542 Josepho
604 1469 814 1538 Judaao,
868 1471 1123 1538 Tatiano,
1163 1472 1446 1535 Africano,
1498 1469 1802 1535 Clemente,

219 1564 488 1623 Eusebio.
545 1580 760 1619 necnon
803 1573 859 1619 et
901 1565 1026 1620 aliis
1062 1563 1444 1633 scriptoribus,
1479 1577 1711 1632 quorum
1748 1563 1802 1616 in

220 1656 332 1711 boc
366 1661 608 1710 tractatu
642 1653 700 1708 fit
726 1655 954 1719 mentio,
984 1663 1038 1710 et
1062 1669 1250 1709 eorum
1294 1653 1516 1724 scriptis
1543 1653 1719 1709 fusius
1748 1653 1801 1708 in

221 1758 419 1804 nostra
479 1748 548 1803 de
616 1747 976 1818 scriptoribus
1043 1746 1428 1802 ecclesiasticis
1479 1745 1802 1800 Bibliotheca

220 1857 395 1911 quam
437 1841 760 1910 jamdudum
805 1855 1084 1910 paramus.
1127 1838 1326 1893 Hic-ea
1373 1846 1588 1892 tantum
1631 1839 1806 1910 tetigi-

224 1948 357 1988 mus
383 1948 509 2003 qua:
537 1933 606 1987 ad
644 1948 758 1988 rem
793 1932 974 1986 facere
1006 1930 1348 1986 videbantur.

298 2026 419 2081 Col.
457 2025 583 2090 708,
619 2025 716 2079 lin.
765 2023 817 2078 6.
855 2022 977 2079 Τῶν
1019 2023 1084 2076 δὲ
1133 2023 1318 2092 ἁγίων
1353 2039 1464 2088 τις.
1512 2020 1804 2076 Eusebium

223 2135 354 2177 esse
394 2120 532 2173 nulli
563 2118 812 2183 dubium,
854 2132 1014 2188 quem
1049 2117 1218 2172 tacito
1270 2116 1492 2170 nomine
1541 2113 1802 2186 praiterit,

227 2207 398 2278 idque
435 2208 564 2262 odio
591 2217 644 2262 et
694 2207 972 2263 simultate
995 2207 1232 2277 quadam
1263 2205 1505 2260 offensus
1551 2204 1807 2260 consulto

226 2301 365 2370 agit.
397 2297 576 2353 Homo
603 2299 918 2370 apostolicae
967 2299 1216 2352 veritatis
1258 2304 1530 2368 rectusque
1560 2295 1684 2352 fidei
1719 2311 1807 2351 se-

225 2401 430 2459 ctator,
453 2399 689 2446 tutorem
715 2407 779 2446 ac
810 2391 1079 2446 vindicem
1104 2390 1323 2444 Arianae
1362 2390 1657 2454 haereseos,
1697 2388 1808 2442 vul-

224 2492 419 2555 gatum
446 2492 502 2539 et
546 2491 738 2538 notum
776 2484 1030 2538 omnibus
1062 2482 1282 2537 Eusebii
1331 2482 1646 2552 negotium:
1682 2481 1808 2536 illu-

227 2578 366 2632 stris
417 2577 472 2631 in
505 2577 607 2631 fide
628 2576 1004 2633 conservanda
1037 2575 1306 2629 Eustathii
1344 2573 1623 2644 provincia
1644 2589 1811 2644 syno-

226 2671 334 2724 dus
368 2669 463 2723 illa
507 2668 723 2722 Nictena
756 2669 780 2721 1
850 2677 904 2723 et
939 2667 995 2730 2,
1027 2667 1282 2737 dictaque
1311 2676 1552 2722 veterum
1584 2667 1810 2723 histori-

226 2776 430 2816 corum
479 2761 810 2814 confirmant
859 2760 990 2829 ipsa:
1038 2757 1257 2813 Eusebii
1311 2759 1660 2828 scriptiones.
1713 2757 1810 2812 Pio

231 2862 544 2922 sanctoque
565 2852 747 2906 animo
771 2849 839 2905 ad
863 2849 1278 2920 concipiendum
1310 2847 1492 2903 odium
1515 2863 1679 2904 causa
1697 2849 1810 2904 haec

233 2945 364 3016 plus
381 2944 548 2998 etiam
576 2943 732 2998 satis.
767 2941 941 3011 Hujus
970 2944 1133 2996 etiam
1158 2939 1373 2996 dissidii
1406 2940 1667 3010 Origenes
1696 2942 1811 3010 ipse

237 3052 416 3093 causa
451 3039 621 3091 altera
653 3044 708 3091 et
763 3034 1078 3106 singularis.
1113 3033 1384 3088 Eusebius
1422 3041 1570 3088 totus
1621 3040 1706 3087 est
1755 3033 1809 3086 in

231 3129 478 3198 Origene
527 3127 898 3192 defendendo;
949 3141 1109 3181 suum
1175 3125 1415 3181 studium
1481 3133 1536 3180 et
1589 3139 1807 3195 operam

235 3218 514 3290 impendit
543 3222 596 3271 in
626 3217 878 3280 historia;
913 3217 1079 3269 etiam
1105 3215 1490 3284 Apologeticos
1524 3227 1554 3266 a
1587 3228 1645 3268 se
1674 3212 1812 3268 scri-

234 3318 387 3380 ptos,
427 3315 486 3362 ut
521 3309 599 3363 eis
631 3307 793 3361 addat
825 3316 878 3362 et
912 3307 1080 3360 robur
1139 3315 1192 3360 et
1222 3303 1432 3374 pondus
1463 3304 1812 3360 sanctissimo

232 3400 527 3470 Pamphilo
581 3397 804 3470 martyri
863 3398 1108 3452 ascribit.
1160 3395 1374 3466 Susque
1426 3396 1600 3466 deque
1653 3402 1815 3450 ruant

236 3493 451 3559 omnia,
482 3501 692 3547 tantum
729 3491 805 3545 illi
834 3491 986 3546 solus
1027 3497 1275 3546 servetur
1311 3489 1602 3543 incolumis
1631 3487 1817 3559 Orige-

243 3601 364 3651 nes,
390 3585 462 3638 ab
497 3584 941 3640 accusationibus
1002 3590 1056 3638 et
1081 3597 1112 3636 a
1139 3581 1352 3637 delictis
1391 3580 1544 3635 liber.
1580 3579 1813 3634 Tantum

245 3678 546 3739 hominem,
581 3684 635 3731 et
665 3683 874 3731 tantum
905 3675 1067 3730 heroa
1091 3676 1145 3727 in
1169 3672 1408 3727 Ecclesia
1435 3671 1644 3742 (quidni
1667 3671 1812 3725 enim

241 3769 492 3824 dubitem
529 3769 610 3823 sic
656 3766 945 3836 Origenem
979 3764 1272 3835 appellare,
1308 3763 1603 3816 multorum
1636 3770 1689 3816 et
1725 3776 1814 3816 ve-

242 3862 705 3927 tustissimorum,
746 3873 1043 3928 eorumque
1095 3856 1567 3913 sanctissimorum
1593 3854 1813 3910 Patrum

244 3954 567 4010 testimonio
621 3952 814 4023 fultus)
847 3967 877 4006 a
907 3949 1200 4006 calumniis
1251 3949 1586 4004 vindicatum
1625 3947 1815 4003 defen-

245 4050 379 4104 dere
409 4050 560 4119 pium
597 4056 701 4111 est,
726 4045 992 4114 amicique
1022 4044 1206 4105 animi,
1233 4043 1327 4098 sed
1373 4042 1426 4096 in
1451 4041 1697 4097 criminis
1725 4041 1818 4096 de-

245 4143 540 4206 fensione,
597 4148 651 4195 et
691 4137 976 4208 dignitatis
1039 4133 1472 4206 pr0pugnatione
1531 4134 1818 4188 veritatem

243 4235 558 4296 obvertere,
583 4239 637 4287 et
676 4230 876 4284 malum
914 4227 1056 4281 malo
1082 4225 1301 4280 trudere
1344 4223 1537 4294 pejori,
1585 4222 1818 4279 Eusebio

241 4333 485 4386 tantum,
529 4331 583 4378 et
633 4321 780 4376 illius
823 4320 1011 4373 farinae
1062 4315 1376 4370 hominibus
1430 4315 1815 4370 concedamus.

1897 471 2062 530 sticw,
2099 467 2236 538 Ἤδη
2266 468 2364 538 μὲν
2400 463 2495 520 οὖν
2523 467 2727 520 τούτων
2770 467 2864 520 καὶ
2893 467 3154 538 πρότερον
3178 470 3235 521 ὲν
3259 460 3339 530 οἷς
3368 467 3476 521 διε-

1895 558 2237 629 τυπωσάμην
2281 560 2554 630 χρονικοῖς
2596 558 2813 611 κανόσιν
2845 558 3111 629 ἐπιτομὴν
3140 556 3477 627 κατεστησά-

1900 667 2026 721 μην·
2044 651 2424 722 πληρεστάτην
2450 651 2495 703 δ’
2514 647 2606 704 οὖν
2627 651 2776 721 ὅμως
2797 649 2973 704 αὐτῶν
2993 651 3084 702 ἐπὶ
3097 649 3189 703 τοῦ
3211 649 3477 722 παρόντος

1895 740 2158 812 ὡρμήθην
2189 741 2287 812 τὴν
2311 742 2585 812 ἀφήγησιν
2636 741 2986 812 ποιήσασθαι.
3013 740 3206 796 Mirum
3237 755 3368 795 sane
3393 745 3480 793 est

1899 843 1958 887 ut
1987 833 2256 904 Josephus
2288 832 2532 904 Scaliger
2561 833 2615 887 in
2671 833 2866 888 horum
2909 833 3202 889 verborum
3283 847 3472 901 perce-

1899 927 2084 998 ptione
2111 927 2380 990 caacutiat,
2401 937 2454 982 et
2485 926 2716 980 aliorum
2753 927 2998 981 omnium
3049 941 3251 981 censor
3283 925 3338 978 in
3384 923 3474 978 bis

1899 1015 2226 1070 clarissimis
2257 1015 2438 1070 verbis
2472 1017 2712 1088 indigeat
2751 1033 2981 1074 censore
3005 1037 3020 1085 ;
3046 1019 3122 1072 ait
3143 1032 3377 1088 namque
3415 1017 3471 1071 in

1901 1103 2470 1160 animadversionibus
2515 1111 2583 1159 ad
2633 1105 2966 1171 Eusebium,
3021 1122 3144 1160 cum
3198 1105 3266 1160 de
3324 1105 3472 1160 illius

1902 1196 2082 1266 operis
2133 1196 2290 1250 titulo
2345 1204 2564 1263 tractat,
2625 1195 2881 1252 Eusebius
2923 1197 3170 1266 praemio
3218 1193 3474 1250 Historia:

1901 1287 2272 1341 ecclesiastica:
2299 1287 2628 1356 simpliciter,
2660 1305 2722 1341 ac
2745 1288 2800 1342 in
2835 1301 3014 1356 genere
3033 1285 3272 1358 Κρονικά
3294 1287 3473 1356 appel-

1905 1383 2012 1447 lat,
2079 1397 2359 1452 eorumque
2423 1399 2535 1436 sese
2582 1383 2842 1450 epitomen
2897 1383 3267 1450 conscripsisse
3320 1379 3473 1435 dicit.

1901 1473 2179 1544 Nusquam
2203 1473 2317 1527 haec
2344 1473 2612 1538 sententia
2639 1475 2693 1527 in
2730 1472 2948 1527 Eusebii
2977 1471 3178 1534 verbis,
3207 1487 3476 1540 nusquam

1903 1565 2302 1619 Chronicorum
2338 1563 2604 1632 Epitome.
2639 1561 2743 1617 Sed
2774 1563 2843 1618 de
2867 1571 3050 1616 mente
3079 1561 3302 1616 Eusebii
3335 1558 3477 1614 infe-

1904 1656 2043 1710 rius.
2073 1655 2286 1722 Quibus
2319 1653 2540 1710 Eusebii
2569 1655 2770 1719 verbis,
2821 1670 2944 1709 cum
2975 1669 3085 1707 non
3128 1652 3476 1706 animadver-

1903 1749 2063 1803 tisset
2096 1746 2317 1806 Suidas.
2351 1746 2456 1802 sibi
2489 1746 2723 1815 aliisque
2758 1745 3028 1814 pluribus,
3062 1743 3202 1796 forte
3226 1742 3390 1797 etiam
3420 1746 3477 1794 et

1907 1837 2182 1908 Scaligero
2213 1837 2362 1890 varia
2394 1835 2799 1890 commentandi
2828 1843 3019 1888 auctor
3047 1833 3182 1900 fuit;
3209 1830 3478 1904 χρονικῶν

1904 1929 2144 1982 κανόνων
2174 1927 2522 1998 παντοδαπῆς
2571 1927 2830 1998 ἱστορίας,
2867 1926 2962 1979 καὶ
2989 1924 3193 1978 τούτων
3224 1923 3477 1994 ἐπιτομὴ.

1976 2020 2155 2075 Unum
2190 2036 2328 2090 opus
2358 2019 2656 2090 perfectum
2697 2006 3119 2088 abSolutumque
3169 2017 3222 2070 iu
3254 2017 3362 2070 duo
3391 2031 3482 2071 se-

1902 2112 2152 2184 junctum
2201 2113 2410 2174 divisit.
2444 2127 2676 2182 quorum
2712 2112 2943 2166 alterum
2992 2114 3138 2164 esset
3186 2106 3481 2162 Chronicon

1909 2209 2015 2262 late
2045 2213 2259 2277 patens,
2291 2205 2521 2269 alterum
2551 2204 2741 2260 eadem
2767 2219 2887 2274 quas
2920 2211 2974 2258 et
3001 2200 3263 2272 primum,
3283 2196 3481 2252 decur-

1907 2309 2017 2354 tata
2043 2307 2246 2361 tamen,
2265 2304 2318 2352 et
2347 2297 2398 2350 in
2427 2296 2700 2367 epitomen
2721 2296 2940 2352 redacta
2964 2287 3479 2348 contineretJoam

1908 2409 2006 2448 nes
2037 2392 2322 2447 Curterius
2357 2391 2411 2444 iu
2446 2391 2675 2462 epistola
2703 2406 2866 2461 quam
2901 2388 3129 2460 praefixit
3160 2385 3480 2457 fragmentis

1908 2485 2128 2540 Eusebii
2176 2485 2228 2537 in
2272 2483 2510 2538 editione
2557 2483 2824 2538 librorum
2883 2481 3023 2536 Hist.
3071 2478 3478 2542 ecclesiasticae,

1909 2575 2107 2631 asserit
2151 2575 2323 2628 solam
2369 2575 2642 2644 epitomen
2691 2574 2849 2628 nobis
2889 2587 3200 2644 superesse,
3238 2583 3482 2626 canones

1910 2677 2090 2723 autem
2141 2667 2436 2721 chronicos
2474 2665 2768 2728 excidisse,
2800 2677 3121 2735 argumento
3161 2670 3381 2734 sumpto
3408 2675 3480 2716 ex

1910 2763 2019 2818 illis
2051 2759 2372 2832 fragmentis
2408 2775 2528 2830 qua:
2549 2759 2786 2815 citantur
2809 2759 2878 2813 ab
2906 2758 3194 2813 Anastasio
3223 2759 3485 2826 episcopo

1910 2853 2160 2921 Nicano,
2213 2849 2329 2905 Lib.
2371 2857 2555 2918 qua’st.
2597 2849 2653 2902 iu
2687 2847 2748 2904 S.
2773 2844 3108 2916 Scripturam
3156 2864 3220 2902 ex-
3252 2848 3477 2904 Eusebio

1910 2949 1966 3002 in
1986 2947 2280 3008 Chronicis,
2332 2942 2452 3010 Quae
2478 2947 2659 2994 tamen
2685 2954 2793 2992 non
2829 2937 3102 2992 habentur
3131 2938 3186 2991 in
3214 2937 3483 2993 Eusebia-

1913 3039 1998 3092 nis
2036 3033 2326 3090 Chronicis
2357 3047 2478 3101 qum
2525 3030 3008 3086 circumferuntur.
3054 3028 3194 3084 Huic
3238 3029 3482 3100 opinioni

1914 3127 2126 3183 videtur
2150 3125 2330 3178 favere
2355 3121 2709 3185 Trithemius,
2735 3121 2888 3183 dum,
2905 3121 3001 3176 lib.
3037 3119 3115 3175 De
3141 3121 3482 3190 scriptoribus

1911 3216 2281 3272 ecclesiasticis
2317 3213 2536 3268 Eusebii
2566 3228 2732 3284 Opera
2783 3228 3136 3278 enumerans,
3187 3224 3346 3268 vocat
3377 3214 3483 3269 hoc

1911 3310 2088 3379 ipsum
2133 3322 2272 3377 opus
2310 3304 2530 3359 Eusebii
2575 3322 2682 3360 non
2735 3303 3055 3368 Chronicon,
3093 3305 3186 3360 sed
3212 3303 3487 3374 Epitomen

1909 3401 2230 3460 Chronica:
2265 3400 2344 3454 sic
2380 3398 2526 3453 enim
2564 3398 2674 3458 ille,
2722 3395 2990 3466 Epitomes
3035 3395 3309 3449 Chronica:
3355 3393 3488 3448 liber

1913 3509 2047 3547 unus
2080 3506 2198 3543 cum
2223 3488 2320 3542 hoc
2351 3487 2506 3541 initio
2532 3501 2551 3538 :
2574 3484 2808 3556 Moysem
2842 3486 3009 3555 gentis
3044 3482 3341 3537 Hebraicis.
3379 3481 3488 3536 Alii

1912 3584 2294 3639 existimarunt
2315 3577 2636 3632 Chronicum
2659 3574 2805 3645 quod
2840 3583 3015 3629 exstat
3041 3589 3149 3627 non
3191 3589 3312 3628 esse
3339 3573 3484 3625 illam

1914 3677 1980 3730 ab
2013 3673 2248 3728 Eusebio
2277 3669 2583 3726 confectam
2615 3667 2923 3738 Epitomen,
2956 3679 3054 3719 nec
3091 3664 3484 3732 Hieronymum

1914 3769 2061 3824 illam
2090 3765 2317 3821 vertisse
2351 3783 2365 3818 :
2403 3762 2496 3818 scd
2527 3777 2651 3817 esse
2687 3775 2879 3814 verum
2911 3757 3220 3814 Chronicon
3248 3753 3490 3810 historia:

1915 3859 2118 3914 factum
2165 3857 2234 3911 ab
2276 3854 2532 3918 Eusebio,
2569 3862 2623 3908 et
2663 3852 2987 3906 translatum
3039 3849 3108 3902 ab
3132 3847 3487 3917 Hieronymo,

1913 3954 2040 4010 licet
2072 3951 2127 4005 in
2147 3950 2308 4004 aliam
2342 3948 2568 4002 formam
2615 3945 2896 4001 redactum
2943 3953 2996 3998 et
3023 3941 3348 3996 mutilatum.
3381 3937 3494 3992 Lu-

1915 4043 2142 4099 dovicus
2180 4037 2342 4092 Vives
2388 4036 2442 4090 in
2473 4036 2708 4106 August.
2740 4033 2836 4088 lib.
2881 4047 3036 4095 xvm,
3076 4029 3150 4085 De
3192 4030 3334 4083 civit.
3369 4028 3488 4093 Dei,

1916 4149 2038 4203 cap.
2073 4132 2126 4196 8,
2171 4140 2224 4186 et
2252 4128 2533 4183 Arnoldus
2578 4125 2856 4182 Pontacus
2898 4124 3144 4180 sentiunt
3196 4129 3491 4192 utrumque

1917 4233 2133 4280 exstare
2174 4230 2228 4278 et
2272 4221 2595 4284 Cltrouicon,
2639 4226 2694 4273 et
2741 4216 3036 4286 Epitomen.
3078 4225 3133 4271 et
3161 4215 3265 4271 hoc
3308 4215 3490 4285 ipsum

1919 4331 2042 4370 esse
2085 4313 2217 4368 illud
2258 4329 2398 4383 opus
2443 4310 2590 4381 quod
2630 4309 2899 4364 habemus
2942 4323 3054 4379 prae
3101 4305 3384 4370 manibus,
3436 4312 3492 4359 et

245 4413 423 4484 Egre
451 4414 552 4469 fert
581 4414 683 4467 hoc
713 4413 982 4482 ingenuus
1010 4408 1281 4462 Eustathii
1305 4407 1706 4476 candor,etpro
1729 4421 1822 4460 ve-
1856 4429 1897 4483 ο
1923 4407 2067 4476 quod
2095 4414 2324 4460 vocatur
2354 4420 2383 4458 a
2418 4403 2751 4473 Hieronymo
2779 4409 2836 4455 et
2859 4400 2982 4453 aliis
3027 4397 3243 4452 Eusebii
3271 4395 3495 4452 Chroni-

251 4514 444 4575 ritate,
474 4509 620 4580 quod
644 4509 818 4573 aiunt,
845 4508 1024 4577 γυμνῇ
1055 4503 1262 4574 κεφαλῇ
1297 4519 1420 4556 cutn
1453 4502 1689 4572 Origene
1710 4517 1826 4558 ces-

252 4614 445 4659 tamen
467 4603 606 4656 init:
641 4599 925 4672 palamque
961 4607 1013 4652 et
1051 4611 1204 4660 voce,
1252 4603 1308 4650 et
1345 4594 1567 4664 scriptis
1608 4609 1825 4651 errores

249 4699 408 4753 illius
457 4695 756 4764 impugnat,
794 4697 848 4746 et
888 4699 1130 4760 apertam
1161 4687 1411 4742 veritatis
1460 4686 1673 4751 faciem,
1717 4701 1826 4740 non

254 4787 586 4858 ambagibus
635 4792 689 4840 et
736 4784 877 4839 dolis
924 4789 1233 4852 suspectam
1284 4779 1622 4834 amatoribus
1670 4793 1830 4848 expo-

250 4886 358 4947 nit,
391 4879 808 4948 volentibusque
822 4876 1089 4946 judicium
1107 4873 1418 4927 committit.
1455 4869 1831 4939 ldeoquequo-

247 4992 376 5032 rum
421 4974 624 5044 scripta
656 4973 759 5027 sibi
798 4969 1048 5030 molesta,
1093 4974 1147 5022 et
1178 4965 1398 5020 nomina
1435 4965 1623 5018 odiosa
1654 4962 1825 5016 ducit.

250 5070 330 5125 Ne
354 5079 536 5122 tamen
553 5067 774 5120 omnino
792 5064 948 5118 fama:
968 5062 1254 5116 detrahere
1275 5060 1548 5114 videretur
1566 5057 1831 5115 illius.co-

251 5172 530 5232 natusque
558 5175 666 5214 non
696 5161 989 5217 aestimare,
1013 5156 1116 5209 hoc
1145 5169 1267 5209 eutn
1299 5151 1498 5222 elogio.
1526 5149 1634 5203 τῶν
1659 5148 1829 5217 ἁγίων

248 5271 360 5316 τις,
395 5268 507 5322 quo
539 5261 591 5306 et
621 5248 1122 5319 perniciosissimus
1161 5243 1412 5298 homines
1455 5247 1712 5310 exceptos
1753 5239 1831 5291 lc.-

250 5349 460 5418 gitnus,
499 5343 796 5398 decoravit.

318 5439 461 5493 Ibid.
507 5433 958 5506 Ἀκριόεστάτην
985 5431 1104 5485 τῶν
1128 5430 1380 5499 χρόνων.
1401 5423 1665 5493 Georgius
1690 5420 1832 5492 Syn-

249 5535 456 5596 cellus,
500 5533 558 5584 Ὀ
587 5532 771 5602 μέντοι
791 5525 1071 5589 Εὐσέὸιος,
1097 5524 1298 5594 καίπερ
1359 5518 1742 5592 πραγματείαν
1770 5515 1829 5568 οὺ

249 5630 350 5700 τὴν
377 5625 650 5696 τυχοῦσαν
692 5621 1078 5691 συλλεξάμενος
1139 5616 1460 5687 φιλοπόνως,
1494 5612 1591 5665 καὶ
1628 5609 1832 5680 vatiam;

248 5724 347 5798 τὴν
367 5719 563 5776 ἑαυτοῦ
583 5717 837 5791 χρονικὴν
856 5711 1174 5786 συγγραφὴν
1191 5705 1618 5778 κατασεμνύνας.
1639 5702 1702 5758 Ει
1724 5701 1833 5756 Eu-
1884 5773 1889 5777 _

1924 4514 2040 4553 con.
2067 4496 2274 4552 Horum
2311 4495 2491 4551 varias
2519 4493 2762 4548 rationes
2785 4501 2838 4545 et
2867 4490 3261 4560 explicationes
3294 4489 3340 4544 si
3368 4490 3493 4558 quis

1925 4589 2222 4653 desiderat,
2250 4589 2392 4660 legat
2422 4583 3061 4658 ApparatumPontaciiu
3095 4590 3254 4638 notas
3290 4581 3355 4636 ad
3380 4580 3492 4634 Eu-

1928 4683 2065 4739 sebii
2098 4681 2412 4738 Chronicon.
2431 4679 2505 4734 lbi
2531 4679 2699 4741 enim,
2725 4676 2853 4731 dum
2886 4676 2984 4731 has
3008 4690 3145 4745 quas
3174 4675 3494 4745 scripsimus

1927 4774 2216 4846 opiniones
2253 4771 2471 4832 refellit,
2515 4784 2670 4824 suam
2707 4768 2922 4838 probat,
2963 4775 3017 4821 et
3058 4774 3118 4821 ut
3163 4766 3282 4835 ipse
3306 4765 3495 4819 existi-

1930 4871 2042 4918 mat
2073 4861 2426 4918 validissimis
2466 4859 2770 4914 rationibus
2786 4858 3109 4912 conﬁrmare
3139 4856 3355 4920 nititur,
3387 4871 3494 4908 non

1930 4955 2076 5028 quod
2125 4956 2227 5011 sibi
2269 4959 2652 5026 proposuerat,
2689 4951 2787 5006 sed
2819 4951 2966 5005 aliud
3000 4957 3196 5020 praeter
3239 4963 3390 5018 spem
3443 4958 3497 5001 et

1929 5047 2394 5118 exspectationem
2427 5043 2796 5107 demonstrat;
2834 5043 2909 5096 ait
2940 5053 3200 5108 namque:
3243 5038 3497 5093 Eusebius

1931 5145 2070 5199 enim
2087 5143 2364 5212 distinguit
2389 5139 2550 5193 libros
2570 5137 2824 5194 Historia).
2839 5135 3226 5192 ecclesiastica:
3274 5150 3304 5186 a
3333 5132 3501 5189 Chro-

1931 5238 2078 5300 nico,
2126 5235 2350 5304 quodin
2392 5233 2504 5287 illis
2546 5233 2776 5301 plenius,
2811 5231 2865 5285 in
2899 5231 2994 5283 hoc
3035 5229 3260 5290 brevius,
3293 5228 3346 5280 in
3390 5226 3501 5280 illis

1934 5328 2272 5399 singillatim,
2304 5328 2357 5380 in
2383 5326 2477 5378 hoc
2501 5326 2826 5384 summatim,
2857 5331 2906 5376 et
2935 5332 2990 5374 ut
3007 5323 3117 5390 ipse
3135 5321 3381 5390 loquitur.
3410 5333 3504 5387 per

1930 5423 2209 5490 epitomen,
2239 5428 2287 5472 et
2318 5420 2394 5471 ita
2420 5415 2706 5471 Chronicos
2735 5431 2960 5468 canones
2992 5423 3040 5466 et
3073 5414 3326 5481 epitomen
3364 5409 3502 5463 idem

1933 5527 2061 5580 opus
2088 5525 2203 5563 esse
2235 5493 2383 5561 docet
2415 5506 2879 5574 manifestissime;
2914 5518 3035 5572 quae
3061 5517 3184 5556 cum
3208 5516 3335 5557 vera
3365 5499 3500 5564 sint,

1933 5621 2042 5658 non
2079 5611 2261 5657 tamen
2298 5601 2638 5678 propositum
2672 5598 2819 5656 illius
2862 5597 3136 5667 probant:
3169 5594 3313 5650 aliud
3354 5595 3503 5649 enim

1934 5709 2020 5758 est
2074 5714 2184 5756 una
2225 5713 2350 5754 cum
2403 5695 2682 5753 Ludovico
2726 5691 2891 5749 Vives
2937 5693 3163 5756 sentire,
3211 5696 3508 5761 utrumque
