3952 6204
604 257 710 316 801

1942 260 2189 317 LEOle
2227 262 2500 324 ALLATII
3639 285 3710 342 808

604 375 821 433 Eusebii
841 391 1000 446 opus,
1035 383 1091 430 et
1112 373 1412 431 Chronicon
1452 384 1505 430 et
1536 374 1815 445 Epitomen
1849 388 2084 442 exstare,
2120 387 2173 432 et
2200 386 2247 441 Α
2277 399 2406 439 suas
2437 394 2618 450 notas,
2647 386 2958 457 multosque
2971 387 3094 443 dum
3121 389 3250 446 alios
3263 393 3526 464 corrigunt,
3549 400 3712 453 retexa-

605 469 749 522 aliud
807 467 1103 522 Eusebium
1145 469 1318 523 libros
1359 483 1472 522 sua:
1516 467 1778 524 Historite
1819 486 1850 523 a
1909 467 2172 524 Chronico

603 557 937 622 distinxisse,
983 567 1038 612 et
1084 559 1140 612 in
1187 559 1279 611 illa
1334 560 1550 628 plenius
1625 569 1678 614 et
1725 560 2068 629 singillatim,
2117 561 2174 614 in

603 649 862 704 Chronico
887 650 1106 705 brevius
1125 657 1178 704 et
1207 651 1518 705 summatim
1536 691 1550 714 ,
1582 667 1670 706 res
1698 661 1903 721 gestas,
1929 661 1982 706 et
2007 668 2176 707 anno-

603 754 723 792 rum
753 740 951 793 seriem
984 756 1294 795 enarrasse.
1331 739 1641 795 Ridiculum
1675 745 1801 796 item
1850 751 1996 798 esset
2023 759 2175 799 asse-

604 829 909 898 rere,quod
932 831 1150 899 quidam
1173 831 1574 893 existimarunt.
1602 835 1676 886 ita
1699 849 1840 902 opus
1872 834 1973 888 hoc
2006 833 2174 889 Chro-

602 920 754 972 nicon
779 921 832 974 in
861 921 1010 975 duas-
1030 931 1212 990 partes
1257 923 1575 992 digessisse,
1609 934 1664 978 ut
1693 926 1747 979 in
1775 927 1941 995 priori
1987 937 2173 982 essent

602 1015 738 1066 certi
769 1027 1010 1066 canones
1045 1029 1138 1066 seu
1171 1015 1395 1070 ordines
1435 1024 1529 1069 aut
1562 1018 1849 1080 columnae,
1883 1019 1934 1070 in
1972 1019 2171 1088 quibus

605 1103 739 1156 nihil
779 1102 924 1156 aliud
967 1105 1314 1166 cernebatur,
1354 1120 1515 1173 quam
1551 1122 1747 1160 nomen
1781 1107 1945 1176 regis,
1985 1116 2038 1161 et
2069 1124 2172 1160 nuo

603 1193 738 1246 meri
758 1207 1023 1245 annorum
1051 1193 1250 1262 ipsius;
1276 1193 1326 1245 in
1353 1195 1642 1261 posteriori
1667 1197 2082 1252 continerentur
2105 1214 2170 1254 ea

603 1286 804 1347 omnia,
829 1299 948 1354 quae
977 1284 1041 1337 ad
1071 1285 1354 1338 historiam
1382 1285 1734 1353 pertinerent,
1769 1304 1995 1358 qumque
2024 1306 2168 1344 nunc

603 1375 851 1430 diversas
883 1376 981 1429 has
1009 1376 1291 1430 columnas
1321 1387 1608 1447 occupant.
1656 1377 1786 1432 Rem
1829 1381 1990 1450 igitur
2030 1382 2168 1437 hanc

601 1467 789 1520 multis
811 1466 1218 1521 diillcultatibus
1258 1468 1617 1532 obstructam,
1659 1471 1744 1524 vel
1775 1486 1842 1525 ex
1889 1474 2000 1525 sola
2045 1489 2168 1526 ver-

601 1555 792 1610 borum
829 1555 1042 1611 Eusebii
1072 1559 1536 1627 interpretatione,
1571 1561 1941 1630 planissimam
1971 1563 2169 1620 ellicie-

601 1662 744 1711 mus,
777 1651 822 1702 si
863 1664 983 1718 quae
1009 1649 1121 1717 jam
1165 1651 1407 1720 prtedicti
1449 1661 1701 1706 auctores
1731 1653 1784 1706 iu
1820 1653 2053 1710 Eusebio
2082 1657 2167 1710 di-

600 1733 811 1792 vidunt.
840 1742 894 1788 et
934 1737 1009 1788 uti
1049 1736 1186 1791 duos
1225 1745 1490 1792 tractatus
1528 1749 1868 1809 agnoscunt,
1908 1760 2073 1799 unum
2107 1755 2152 1800 el

2193 1745 2234 1800 Β
2265 1759 2408 1829 ρίαις
2435 1760 2688 1825 παλαιαῖς

598 1821 848 1875 eumdem
880 1838 1002 1878 esse
1031 1826 1416 1880 existimarint.
1452 1826 1662 1882 Etenim
1689 1828 1955 1887 Eusebius
1985 1848 2161 1887 rerum

600 1914 996 1982 praeteritarum
1030 1917 1414 1984 peritissimus,
1444 1919 1500 1971 in
1531 1917 1775 1973 Historia
1810 1923 2164 1977 ecclesiastica

600 2018 780 2058 rerum
815 2006 996 2061 varios
1029 2018 1258 2062 eventus
1296 2010 1524 2078 prolixe,
1558 2018 1612 2064 et
1647 2017 1705 2064 ut
1738 2011 2004 2068 historico
2039 2031 2160 2069 mu-

597 2095 715 2150 neri
758 2097 1442 2165 iueumbcbat,enariavit,
1489 2101 1623 2156 nulli
1669 2102 1983 2166 verborum,
2028 2106 2160 2159 nulli

597 2198 825 2252 parcens
849 2187 1242 2242 sententiarum
1269 2199 1577 2245 structurae.
1608 2190 1730 2245 llaec
1754 2194 1936 2246 omnia
1963 2202 2021 2248 ut
2046 2212 2162 2250 nie-

598 2273 705 2328 lius
738 2275 951 2339 lectori,
984 2278 1308 2348 faciliusque
1349 2289 1573 2350 possent
1607 2297 1920 2348 occurrere,
1971 2300 2163 2354 super-

596 2362 720 2434 ﬂuis
775 2366 1039 2422 detractis
1080 2370 1374 2440 minusque
1425 2374 1752 2428 necessariis
1805 2375 2158 2440 detruncatis,

597 2467 882 2528 antequam
905 2459 1604 2528 Historiamconscriberet,
1637 2466 1799 2520 veluti
1831 2468 1886 2520 in
1920 2469 2161 2536 epitome

597 2551 653 2603 in
695 2565 796 2604 suo
831 2549 1086 2605 Chronico
1113 2553 1436 2622 digesserat.
1475 2551 1589 2607 Hoc
1637 2556 1782 2608 enim
1835 2559 1996 2610 verba
2042 2557 2158 2625 ipsa

599 2639 815 2695 Eusebii
839 2643 996 2696 nobis
1027 2643 1279 2707 innuunt,
1307 2661 1428 2714 quae
1465 2647 1606 2700 male
1636 2648 1991 2716 interpretum
2026 2651 2159 2701 Vitio

593 2746 843 2805 excerpta
879 2739 1009 2792 viris
1048 2738 1438 2796 eruditissimis
1495 2756 1705 2811 magnze
1740 2742 1890 2798 fuere
1937 2743 2161 2798 dillicul-

594 2828 713 2882 tati.
762 2827 1039 2882 Sententia
1083 2830 1284 2901 quippe
1331 2831 1550 2886 illorum
1597 2833 1888 2887 verborum
1939 2844 2084 2889 recte
2125 2851 2157 2889 a

593 2916 804 2972 Rullino
844 2933 1102 2988 expressa
1135 2935 1196 2975 ea
1227 2927 1350 2976 est:
1387 2921 1640 2988 Quamvis
1661 2923 1780 2992 jam
1823 2925 1888 2977 de
1926 2924 2006 2978 his
2026 2926 2156 2994 ipsis

591 3009 845 3064 nonnulla
869 3011 1028 3070 etiam
1053 3013 1104 3064 in
1137 3009 1413 3066 Chronicis
1448 3011 1524 3081 (id
1554 3022 1653 3076 est,
1682 3015 1733 3066 in
1754 3030 1812 3066 eo
1847 3029 1997 3082 opere
2018 3018 2153 3086 quod

589 3098 654 3152 de
687 3109 974 3168 temporum
1004 3103 1209 3155 ratione
1233 3104 1660 3173 conscripsimus)
1691 3104 1911 3158 breviter
1945 3109 2150 3160 succin-
2179 3079 2222 3136 α

588 3200 764 3261 cteque
782 3193 1197 3258 perstrinxerim,
1219 3196 1422 3262 plenius
1453 3203 1625 3248 tamen
1657 3197 1708 3248 in
1730 3199 1977 3264 prtesenti
2000 3214 2149 3267 opere

587 3283 914 3354 singulorum
937 3286 1293 3340 narrationem
1317 3288 1517 3354 aperire
1540 3287 1874 3342 tentabimus.
1903 3289 2150 3360 Epitome

590 3374 772 3443 itaque
799 3391 961 3444 quam
982 3375 1070 3429 hic
1097 3376 1280 3431 laudat
1303 3376 1591 3444 Eusebius,
1625 3395 1735 3434 non
1763 3390 1846 3436 est
1868 3383 1952 3436 sui
1983 3382 2150 3438 Chro-

590 3463 695 3517 nici
721 3465 975 3533 epitome,
1003 3478 1060 3516 ut
1096 3464 1205 3518 fere
1243 3479 1434 3520 omnes
1474 3467 1682 3536 opinati
1725 3475 1854 3521 sunt
1885 3467 1953 3520 ad
2003 3468 2147 3522 hunc

586 3553 750 3618 diem,
780 3555 874 3609 sed
898 3564 981 3610 est
1007 3557 1241 3625 epitome
1271 3572 1472 3619 rerum,
1502 3573 1636 3627 quas
1667 3559 1898 3627 plenius,
1935 3567 1988 3614 et
2023 3576 2146 3628 pro-

588 3643 766 3698 lixiori
801 3646 1084 3700 verborum
1115 3655 1168 3701 et
1194 3648 1586 3722 sententiarum
1629 3650 1834 3704 ambitu
1871 3655 1923 3704 in
1961 3651 2142 3705 Histo-

588 3737 670 3788 ria
696 3735 872 3789 luerat
901 3744 1242 3805 prosecutus.
1278 3736 1468 3808 Neque
1513 3738 1734 3794 Suidam
1767 3742 1813 3796 sl
1863 3743 2143 3798 minimam

585 3829 872 3881 verborum
902 3831 1096 3883 seriem
1131 3831 1390 3895 invertas,
1434 3831 1502 3885 ab
1530 3833 1629 3886 hac
1659 3846 1843 3888 nostra
1873 3839 2142 3890 sententia

584 3918 850 3975 dissidere
894 3924 974 3976 vel
1025 3923 1342 3978 discordare
1389 3926 1732 3995 comperies;
1767 3928 1844 3981 ait
1881 3932 2026 3983 enim
2075 3930 2142 3985 de

584 4008 1027 4081 Ensebio,etejns
1041 4017 1256 4089 scriptis
1275 4039 1288 4074 :
1321 4019 2143 4092 Ἐκκλησιαστικῆςίστορίας

583 4095 731 4171 λόγοι
757 4101 809 4168 ι’,
846 4103 1122 4173 Χρονικῶν
1194 4108 1430 4162 κανόνων
1477 4113 1822 4184 παντοδαπῆς
1879 4117 2139 4187 ἱστορίας,

585 4197 677 4250 καὶ
709 4195 908 4250 τούτων
930 4195 1274 4268 ὲπιτομή.Τυ
1294 4198 1573 4271 italegito:
1607 4203 2150 4272 Ἐκκλησιαστικῆς

582 4277 846 4344 ἱστορίας
861 4283 1004 4352 λόγοι
1039 4285 1088 4356 ι’,
1117 4288 1210 4340 καὶ
1241 4289 1442 4344 τούτων
1471 4294 1702 4364 ἐπιτομὴ
1731 4297 2006 4368 Χρονικῶν
2041 4316 2139 4354 κα-

581 4369 746 4423 νόνων
789 4374 1134 4445 παντοδαπῆς
1176 4377 1457 4449 ἱστορίαςε
1496 4398 1690 4452 nempe
1738 4384 2137 4444 Ecelesiastieae

582 4459 822 4515 historia:
847 4463 968 4516 libri
994 4464 1186 4526 decem.
1204 4479 1252 4520 et
1277 4469 1460 4522 horum
1487 4470 1729 4540 Epitome
1761 4475 2136 4533 Chronicorum

581 4569 839 4606 canonum
871 4556 1184 4610 omnimodw
1213 4559 1469 4623 historiw,
1497 4571 1652 4631 quasi
1703 4565 1928 4632 diceret,
1962 4571 2138 4626 Cano-

580 4659 680 4699 nes
711 4646 1036 4700 omnimoda:
1065 4646 1312 4702 historia:
1348 4651 1612 4706 librorum
1657 4654 1865 4721 decem,
1885 4655 2136 4714 Historia:

581 4734 951 4791 ecclesiastica:
1027 4747 1156 4793 sunt
1228 4743 1483 4811 epitome.
1547 4743 1887 4818 Conscripsit
1951 4752 2135 4822 itaque

575 4824 869 4878 Chronicon
922 4825 1187 4884 Eusebius
1237 4834 1383 4900 quod
1428 4845 1511 4889 est
1541 4839 1702 4891 veluti
1749 4845 2129 4910 compendium

575 4929 756 4969 rerum
793 4932 824 4969 a
855 4933 913 4972 se
947 4919 1274 4989 scriptarum
1308 4925 1361 4977 in
1399 4925 1638 4981 Historia
1671 4932 2046 4999 ecclesiastica,
2079 4949 2132 4991 et

572 5023 678 5062 non
710 5009 1038 5074 Chronicon,
1067 5021 1120 5067 et
1160 5015 1550 5088 Compendium
1579 5023 1821 5080 chronici
1841 5067 1856 5092 ,
1888 5039 1946 5083 ut
1975 5033 2127 5086 multi

572 5108 771 5156 temere
802 5103 1010 5172 Opinati
1043 5115 1194 5162 sunt.

643 5192 760 5288 Col.
796 5193 918 5288 70S,
957 5197 1051 5251 lin.
1175 5202 1302 5267 Τοῖς
1319 5207 1558 5276 χρόνοις
1600 5212 1830 5281 Ἰνάχου
1854 5215 1959 5270 τὸν
1985 5194 2134 5288 per:

567 5273 856 5334 Eusebium
882 5283 935 5337 in
962 5301 1061 5340 suo
1085 5287 1342 5346 Chronico
1376 5297 1430 5349 in
1459 5300 1646 5355 multis
1676 5318 1798 5358 esse
1829 5273 2128 5363 hallucina-

568 5374 679 5460 t_nni
712 5375 910 5442 reperit
939 5376 1210 5449 lose-phus
1245 5383 1511 5458 Scaliger,
1559 5401 1613 5446 et
1647 5396 1759 5460 alii,
1795 5407 1847 5453 et
1882 5411 2007 5456 ante
2031 5419 2127 5460 eos

565 5457 827 5532 Georgius
864 5466 1171 5538 Syneellus.
1229 5476 1339 5533 Nec
1376 5483 1574 5540 mirum
1627 5497 1710 5541 est
1757 5491 2031 5549 hominem
2071 5498 2126 5552 in

566 5558 713 5656 tanta
748 5571 928 5612 rerum
955 5564 1315 5629 obscuritate.
1348 5589 1411 5626 ac
1443 5577 1784 5646 ignoratione
1830 5587 2124 5656 aliquando

564 5640 774 5708 lapsura
807 5650 992 5711 fuisse.
1027 5657 1236 5716 llabcnt
1269 5673 1322 5719 et
1350 5640 1542 5740 reliqui
1582 5689 1774 5734 omnes
1824 5640 2121 5754 scriptores

2273 477 2465 544 gitant,
2494 493 2722 547 peccare
2755 487 2808 534 et
2840 478 3130 536 fmdissime
3157 483 3510 552 deprehensum
3525 499 3620 553 est;
3639 492 3714 545 llo-

2273 570 2438 622 mines
2471 586 2676 632 sumus,
2723 571 2905 627 aiebat
2950 573 3057 636 ille,
3093 591 3189 628 non
3221 577 3310 630 dii.
3349 577 3465 632 Illud
3495 589 3638 636 tamen
3660 595 3716 639 est

2271 661 2452 728 aliqua
2487 663 2929 719 consideratione
2970 681 3074 719 non
3127 667 3384 737 indignum
3408 686 3422 723 :
3446 688 3553 726 num
3581 675 3718 731 videli-

2270 759 2356 804 cet
2403 752 2668 809 Eusebius
2701 756 2898 825 dignus
2931 772 3027 810 sua
3061 759 3210 814 laude
3231 761 3315 823 sit,
3341 762 3455 816 dum
3488 775 3634 833 spreta
3665 778 3719 822 tot

2271 842 2602 912 scriptorum
2649 844 2960 900 Judaaorum
3007 859 3060 902 et
3105 849 3502 907 Christianorum
3533 857 3587 911 de
3607 867 3720 916 aetate

2271 931 2473 1004 Moysis
2505 939 2795 1003 sententia,
2819 940 2884 991 ad
2911 955 3045 993 nova
3077 943 3306 1011 quaedam
3326 957 3511 1014 reperta
3531 951 3717 1008 recurrit.

2272 1025 2414 1081 Sane
2437 1031 2746 1083 veneranda
2780 1031 3100 1100 antiquitas,
3131 1042 3183 1087 et
3210 1036 3485 1105 sapientum
3509 1037 3720 1096 hominum

2269 1120 2563 1174 sententiae
2588 1122 2766 1190 dignae
2817 1131 2965 1185 sunt,
2989 1140 3139 1194 quas
3169 1136 3219 1181 et
3250 1128 3561 1189 admiremur.
3585 1143 3628 1185 et
3657 1134 3722 1186 bo-

2267 1224 2546 1274 noremus,
2565 1219 2620 1265 et
2653 1224 2804 1266 extra
2823 1229 2916 1268 eas
2937 1215 3116 1285 vagari
3142 1217 3295 1273 nimis
3319 1216 3630 1288 periculosum
3651 1231 3723 1278 est.

2267 1302 2447 1367 Quare
2477 1302 2740 1375 Georgius
2773 1305 3062 1376 Syncellus
3091 1309 3279 1363 mirum
3310 1312 3358 1364 in
3387 1314 3574 1367 modum
3604 1313 3724 1370 Euse-

2267 1394 2338 1448 bii
2369 1396 2658 1449 consilium
2677 1399 2915 1468 exagitat
2948 1400 3035 1455 bis
3058 1402 3236 1457 verbis
3269 1422 3282 1457 :
3310 1403 3422 1457 Ὅτι
3448 1405 3531 1474 μὲν
3559 1403 3633 1460 οὖν
3653 1409 3722 1462 αὺ-

2265 1486 2356 1550 τδς
2404 1487 2579 1558 ἑαυτῷ
2629 1489 2726 1559 τὴν
2779 1491 3009 1545 ἀτοπίαν
3055 1493 3146 1546 τοῦ
3196 1493 3344 1562 λόγου
3391 1499 3725 1571 μεμαρτύρηκεν

2266 1577 2545 1641 Εὐσέϐιος,
2564 1581 2725 1649 ἀρκεῖ
2754 1581 2890 1650 πρὸς
2913 1585 3233 1654 κατανόησιν
3259 1589 3364 1649 τοῖς
3389 1604 3444 1655 γε
3460 1590 3608 1652 ποσῶς
3633 1609 3723 1660 μετ-

2264 1669 2521 1739 εσχηκόσι
2580 1671 2934 1735 παιδεύσεως,
2978 1675 3142 1747 ἄλλης
3194 1693 3251 1729 τε
3293 1678 3380 1730 καὶ
3424 1681 3510 1750 τῆς
3546 1682 3594 1734 ὲν
3627 1684 3725 1735 ἱστο-

2738 1765 3189 1838 όμολογουμένης.
3230 1769 3319 1822 Ἓν
3356 1769 3453 1841 γὰρ
3485 1772 3607 1842 αὐτῷ
3631 1774 3725 1844 apti;

2263 1850 2570 1920 ἀνατροπὴν
2623 1851 2730 1904 τῶν
2785 1856 3280 1925 συγγεγραμμένων
3323 1857 3466 1928 ἤρκει
3503 1858 3724 1918 toﬁ-:0,st

2265 1939 2422 2009 μόνον
2439 1942 2496 1994 τὸ
2523 1945 2641 2006 ταῖς
2664 1944 2952 2006 τοσαύταις
2970 1945 3295 2016 τηλικούτων
3321 1948 3482 2014 δόξαις
3492 1950 3658 2020 ἀνδρῶν
3671 1967 3724 2018 φιι

2261 2030 2502 2100 λοσόιρων
2556 2034 2883 2101 ἁντιπεσεῐν,
2936 2039 3249 2111 ἀμάρτυρον
3277 2057 3332 2092 τε
3361 2042 3451 2110 τὴν
3489 2041 3721 2111 παράὑτοῦ

2261 2128 2711 2194 παρεισαγαγεῖν.
2747 2127 2827 2180 Τὰ
2858 2127 2966 2198 γὰρ
2998 2133 3122 2193 ταῖς
3147 2129 3252 2182 τῶν
3280 2131 3488 2193 πολλῶν,
3517 2131 3723 2202 μᾶλλονδὲ

2258 2214 2367 2266 τῶν
2395 2216 2607 2270 πάντων
2623 2217 2802 2283 δόξαις
2821 2221 3248 2292 ἁντεισαγόμενα
3269 2223 3411 2294 μόλις
3426 2223 3499 2287 ἂν,
3529 2223 3603 2275 καὶ
3633 2223 3724 2292 μετὰ

2261 2303 2461 2374 πολλῆς
2487 2307 2864 2378 προσδεχθεῖεν
2892 2309 2958 2363 ἂν
2990 2311 3314 2374 ἀποδείξεως
3340 2313 3475 2383 παρὰ
3499 2315 3591 2376 τοῖς
3613 2307 3656 2365 εὖ
3676 2315 3724 2364 εἰς

2257 2391 2370 2445 δόσι
2402 2393 2574 2448 ταῦτα
2607 2397 2830 2466 κρίνειν.
2855 2395 3132 2466 Iosephus
3165 2397 3394 2470 Scaliger
3419 2400 3661 2454 Eusebium
3680 2401 3724 2452 ali

2261 2485 2362 2540 hac
2413 2485 2631 2557 Georgii
2680 2491 3122 2557 expostulatione
3176 2493 3420 2547 vindicat.
3476 2491 3595 2545 Nam
3631 2490 3723 2559 quod

2259 2580 2489 2632 omnium
2519 2595 2770 2634 consensu
2806 2593 3182 2649 receptumest,
3209 2595 3256 2638 et
3285 2597 3491 2652 tempore
3508 2585 3649 2654 ﬁdem,
3667 2594 3724 2636 at-

2256 2686 2355 2741 que
2386 2675 2754 2725 auctoritatem
2788 2677 2998 2740 meruit,
3043 2693 3149 2730 nou
3181 2678 3405 2746 sequitur
3422 2677 3724 2732 necessariaia-

2259 2777 2374 2814 rum
2426 2780 2557 2817 ese.
2619 2763 2766 2818 Bona
2822 2767 2984 2830 ratio,
3041 2769 3230 2823 nescio
3261 2785 3328 2823 an
3371 2785 3398 2823 a
3429 2780 3556 2824 recta
3579 2775 3722 2823 mente.

2257 2853 2465 2908 Nollem
2499 2855 2836 2928 Scaligerum
2869 2860 2974 2915 hoc
3024 2864 3249 2918 nomine
3284 2874 3508 2916 veterum
3562 2860 3723 2914 Patrum

2256 2945 2644 3016 catholicaeqne
2692 2947 2947 3005 Ecclesiae
2975 2965 3006 3004 a
3038 2967 3142 3006 suo
3193 2951 3409 3006 exordio
3458 2951 3723 3006 continuam

2258 3041 2560 3094 sententias
2599 3044 3038 3112 auctoritateque
3070 3045 3280 3098 ﬁrmata
3310 3044 3535 3113 dogmata
3583 3041 3721 3108 rejici:-

2254 3145 2312 3184 re
2334 3169 2349 3196 ,
2398 3130 2727 3188 intrudendo
2758 3149 2894 3186 nova
2924 3152 2938 3188 :
2970 3135 3102 3203 quia
3131 3152 3233 3189 non
3265 3136 3482 3204 sequitur
3503 3132 3720 3188 necessaria

2254 3238 2376 3275 vera
2399 3239 2531 3278 esse.
2558 3223 2921 3282 Novatoribus
2936 3225 3085 3282 l‘avet
3108 3227 3226 3298 ipse
3245 3236 3476 3282 novatur.
3495 3223 3718 3279 Sciatnova

2254 3315 2437 3369 omnia
2473 3328 2725 3386 suspecta
2762 3333 2902 3374 esse.

2325 3408 2484 3471 lbid.,
2521 3409 2615 3462 lin.
2643 3411 2694 3464 9.
2725 3411 3015 3479 Χρονικοῦ
3045 3415 3324 3478 κανόνος.
3351 3408 3630 3466 Ex'Eusebio.
3654 3402 3711 3454 Ἐν

2251 3498 2306 3551 δὲ
2331 3498 2410 3570 τῷ
2439 3500 2663 3569 παρόντι
2696 3502 2788 3554 ἐπὶ
2811 3502 2872 3556 τὸ
2898 3503 3030 3556 αὐτὸ
3065 3505 3193 3568 τοὺς
3221 3504 3434 3576 χρόνους
3461 3495 3706 3569 συναγαγὼν,

2250 3592 2638 3663 ἀντιπαραθεὶς
2665 3594 2730 3646 ἐκ
2760 3595 3106 3666 παραλλήλου
3143 3595 3234 3649 τὸν
3261 3594 3574 3668 παρ’ἑκάστῳ
3615 3589 3710 3641 ἔθνει

2248 3681 2356 3735 τῶν
2381 3682 2516 3735 ὲτῶν
2547 3685 2795 3755 ἀριθμὸν,
2827 3687 3079 3757 χρονικοῦ
3108 3689 3330 3751 κανόνος
3353 3685 3566 3749 σύνταξιν
3586 3683 3712 3747 ἑποιη·

2252 3773 2449 3844 σάμην.
2473 3772 2623 3845 Opus
2647 3775 2746 3828 hoc
2785 3775 3005 3830 Eusebii
3034 3779 3207 3833 variis
3239 3779 3419 3839 titulis,
3447 3790 3527 3830 seu
3549 3768 3711 3825 nomini-

2249 3859 2350 3915 bus
2405 3863 2724 3934 insignitur;
2773 3866 3106 3934 quibusdam
3142 3868 3289 3922 enim
3317 3867 3498 3922 dicitur
3523 3857 3709 3917 Chroniﬂ

2248 3952 2303 4005 in
2337 3954 2600 4024 singulari
2647 3956 2926 4019 feminino,
2961 3957 3088 4012 aliis
3111 3956 3399 4018 Chronica,
3425 3957 3528 4010 aliis
3551 3948 3708 4006 Chroni-

2246 4061 2383 4104 cum,
2415 4047 2536 4100 aliis
2573 4045 2841 4112 Chmuici,
2874 4049 2998 4104 aliis
3029 4050 3318 4113 Chronica,
3350 4049 3460 4102 aliis
3491 4042 3704 4100 Chronico-

2244 4151 2361 4188 rum
2394 4137 2536 4198 libri,
2569 4139 2691 4194 aliis
2723 4139 2949 4193 historia
2991 4140 3278 4202 Chronica,
3323 4139 3535 4193 Historia
3569 4143 3707 4195 teuP0'

2244 4243 2380 4293 rum,
2414 4228 2658 4282 Historia
2689 4231 3094 4299 Chronicorum,
3130 4235 3380 4295 Annales,
3409 4230 3542 4286 Liber
3571 4236 3705 4288 tentlo’

2243 4335 2382 4384 rum,
2451 4319 2829 4378 Chronicorum
2889 4324 3167 4380 Canonum
3218 4327 3476 4394 multiplex
3521 4316 3705 4372 historia.

2167 4432 2211 4488 ι)
2242 4409 2536 4466 Chronicon
2587 4415 2900 4469 omnimodae
2953 4417 3213 4472 historiw.
3271 4417 3455 4472 Verum
3492 4421 3540 4466 ut
3563 4407 3704 4464 clarius

2239 4504 2420 4556 omnia
2477 4503 2591 4558 luee
2641 4507 3008 4571 innotescant,
3063 4525 3136 4564 ne
3177 4511 3342 4564 variis
3372 4507 3608 4561 titulisres
3631 4509 3704 4550 una

2235 4596 2536 4664 eademque
2553 4599 2899 4664 obscuretur,
2923 4615 3100 4669 opera:
3124 4604 3356 4672 pretium
3380 4594 3700 4666 eriterplit‘ﬂl'eu

2234 4687 2485 4755 quisnam
2545 4687 2708 4743 fuerit
2737 4691 2826 4745 hic
2869 4690 3089 4746 Eusebii
3141 4703 3420 4751 tractatus.
3458 4699 3503 4745 et
3541 4688 3581 4740 in
3619 4691 3701 4749 ίιηε

2234 4780 2474 4832 membra
2499 4780 2727 4847 divisus,
2758 4790 2812 4837 et
2846 4785 2971 4852 quis
3001 4787 3308 4856 praecipuus
3339 4772 3694 4856 primusqueejus

2232 4884 2452 4937 scopus.
2523 4869 2698 4926 Unum
2778 4872 2964 4942 itaque
3023 4877 3317 4944 perfectum
3373 4871 3693 4929 absolutumque

2232 4961 2333 5014 fuit
2363 4960 2578 5016 Eusebii
2611 4961 2923 5023 Chronicon.
2946 4967 3116 5032 Quod,
3150 4975 3207 5021 ut
3239 4967 3551 5021 Marcellinus
3567 4963 3693 5011 comes

2231 5053 2284 5105 in
2323 5053 2638 5121 prii-latione
2663 5059 2747 5110 sui
2778 5056 3027 5113 Chronici
3062 5061 3278 5123 asserit,
3315 5077 3346 5111 a
3377 5056 3534 5112 mundi
3552 5047 3692 5120 fabrica

2229 5159 2390 5213 usque
2442 5145 2510 5197 ad
2567 5143 2972 5202 Constantinum
3028 5153 3312 5219 principem
3369 5145 3584 5202 Eusebius
3615 5133 3691 5189 Ct"

2227 5238 2478 5292 sariensis
2502 5239 2657 5308 hujus
2686 5242 2868 5295 sa’culi
2891 5244 3165 5312 originem,
3199 5255 3436 5312 tempora,
3468 5249 3613 5292 annos,
3638 5241 3690 5278 η’

2228 5345 2350 5396 gna,
2383 5332 2696 5401 virtutesque
2726 5336 3050 5399 mortalium,
3087 5346 3135 5388 et
3163 5337 3420 5388 variarum
3458 5328 3613 5381 artium
3635 5331 3690 5369 η’

2226 5429 2479 5484 pertorcs,
2508 5424 2839 5493 omniumque
2865 5442 2992 5494 pene
3029 5429 3400 5493 provinciarum
3439 5419 3690 5475 monumenta

2228 5506 2408 5559 (ἐνατεο
2433 5508 2594 5562 edidit
2623 5517 2781 5582 style,
2820 5528 3093 5588 nosterque
3126 5518 3457 5587 Hieronymus
3486 5501 3690 5563 transtuli!

2224 5599 2275 5652 in
2303 5595 2571 5660 Latinum.
2599 5614 2648 5656 et
2682 5622 2841 5675 usque
2867 5610 2919 5662 in
2959 5610 3220 5664 Valentem
3250 5611 3484 5665 Cursarem
3513 5602 3692 5654 [totum

2227 5689 2415 5758 adjecrt
2471 5690 2698 5760 eloquio.
2754 5697 2930 5768 Igitur
2972 5710 3181 5771 uterque
3219 5701 3364 5769 hujus
3387 5694 3529 5764 operis
3552 5693 3692 5740 auctor
