1976 3102
115 139 159 166 809

612 134 644 162 IN
665 131 849 161 EUSTATHII
867 128 1102 158 HEXAEMERON
1121 128 1234 156 NOTAE.

1656 124 1709 154 810

115 201 276 224 vuuuxxvnl
294 200 422 221 annorum
442 193 511 220 hum:
527 193 653 219 mundam
665 197 726 218 tunc
742 192 798 225 fore
811 191 878 217 miro
894 195 917 223 Α
930 194 956 217 ct
968 189 1005 216 rei
1020 185 1239 215 demonstranda
1253 185 1424 221 propositum
1438 186 1527 219 potius
1542 184 1568 211 id
1580 192 1714 219 exposce-

117 242 259 276 computat'it
282 241 395 275 ingenio.
425 239 511 274 Hujus
548 239 705 266 excellentis
735 242 762 265 et
795 237 879 264 unius

118 289 195 325 operis
215 291 305 323 partes
323 287 392 314 duas
405 290 500 314 auctor
519 286 600 313 fecit:
620 286 737 320 priorem
760 284 881 315 Κανόνας

118 331 276 366 παντοδαπῆς
300 330 418 366 ἱστορίας
431 339 438 346 υ
463 332 649 365 posteriorem,
665 329 771 356 Κανόνα
790 337 881 364 χρονι-

116 377 156 403 κόν
168 375 351 411 inscripsit.ln
367 376 483 410 priorem
497 377 617 402 omnium
634 375 765 410 gentium,
785 382 882 410 regno-

114 430 176 452 rum,
193 422 344 453 civitatum,
368 422 513 452 cunabula,
545 421 674 455 origines,
705 421 882 455 antiquitates

113 468 257 495 contulerat
270 476 278 496 ι
291 467 318 494 in
332 466 477 494 secundam
487 467 575 494 solum
588 468 683 493 seriem
694 474 881 499 numerorum,

115 521 157 541 seu
166 520 297 540 annorum
315 512 519 546 imperatorum,
533 515 559 538 et
573 511 702 537 nonnulla
716 511 778 537 alia.
790 510 882 538 Prima

115 567 171 595 pars
192 559 324 594 prolixior
353 566 387 585 ex
411 557 494 584 variis
525 557 682 584 auctoribus
710 557 881 589 concinnata,

114 605 185 640 quasi
208 604 316 635 diﬂ‘usa,
339 607 366 630 et
387 610 455 637 pene
484 602 636 629 communis
655 601 688 628 ad
707 609 884 636 quascunque

112 652 173 678 alias
188 651 307 677 rationes
323 653 475 683 temporum
489 648 567 675 nobis
584 647 757 683 proponitur.
780 647 884 674 Secun-

113 697 145 724 da
159 696 278 724 strictior
290 699 317 722 et
331 695 452 730 pressior
473 695 524 722 soli
539 693 763 721 demonstrationi
778 693 880 725 dedita,

113 750 194 769 annos
212 748 360 776 eorumque
387 740 486 768 seriem
512 748 559 774 per
583 740 681 775 strigas
708 744 735 767 et
765 739 885 773 virgulas

113 787 278 820 manifestat;
295 787 379 814 multa
400 794 460 821 qua:
487 786 515 812 in
536 786 619 820 priori
647 789 722 821 parte
750 785 881 817 confusa,

111 835 139 862 in
175 833 293 861 secunda
325 832 453 860 distincta
493 835 643 859 cernuntur
671 840 678 858 :
715 831 741 858 in
778 830 886 858 Cannae

931 235 996 262 bant
1012 238 1040 261 ut
1053 234 1087 261 ab
1109 234 1205 264 Atiam,
1220 232 1261 259 vel
1278 232 1302 259 si
1328 239 1343 258 a
1367 231 1476 266 regibus
1497 239 1512 257 a
1538 230 1612 262 Belo,
1631 230 1670 257 vel
1695 236 1715 258 a

933 282 1060 312 Saturno,
1074 280 1117 308 vel
1129 279 1190 307 aliis
1203 278 1406 313 antiquioribus
1426 277 1532 304 initium
1548 277 1655 304 dicendi
1673 276 1715 304 fa-

932 333 1015 356 ceret.
1038 327 1099 362 lpse
1120 334 1186 354 vero
1217 333 1231 352 a
1249 325 1318 352 Nino
1334 333 1381 352 seu
1411 324 1545 351 Abraham
1562 324 1713 352 exorditur.

932 374 1066 401 Caeterum
1083 372 1211 404 Eusebio,
1228 372 1354 406 aliisque.
1376 371 1422 405 qui
1437 378 1486 405 pro
1502 370 1673 404 antiquitate,
1688 374 1714 396 et

932 420 1054 447 veritatis
1070 419 1202 453 religione
1219 426 1280 445 cum
1295 418 1421 453 gentibus
1435 417 1587 448 certabant,
1602 423 1715 443 necesse

933 470 1006 499 erat,
1022 470 1053 492 ut
1069 473 1101 492 ex
1129 465 1210 492 rebus
1225 465 1294 499 apud
1316 464 1377 490 illos
1393 464 1475 494 notis,
1508 462 1629 496 nullique
1646 469 1714 489 con-

933 512 1064 539 troversis
1075 512 1174 546 scripta
1182 514 1383 545 componerent.
1395 509 1515 536 Ethnicis
1527 513 1616 535 autem
1627 508 1715 535 histo-

934 558 1098 593 riographis.
1125 562 1179 585 tam
1207 557 1308 584 Graecis
1334 564 1415 591 quam
1447 555 1550 582 Latinis
1572 561 1716 581 commune

935 604 996 636 fuit.
1013 609 1041 632 ut
1056 608 1172 631 testatur
1186 603 1288 630 Paulus
1306 602 1430 633 Orosius.
1447 606 1476 628 ut
1497 601 1608 628 annales
1622 608 1687 627 suos
1699 608 1715 627 a

934 650 1004 678 Nino
1017 650 1177 685 inciperent.
1190 657 1251 676 cum
1264 649 1355 675 omnia
1372 652 1434 674 ante
1444 655 1505 674 eum
1523 647 1629 681 penitus
1641 647 1718 680 igno-

936 700 1037 726 rarent.
1052 703 1102 722 nec
1118 695 1245 729 gentilem
1266 694 1349 721 ullam
1369 694 1498 720 haberent
1515 692 1665 719 historiam.
1685 691 1718 718 Et

936 742 995 776 ipse
1013 740 1145 768 Eusebius
1162 740 1189 767 in
1210 739 1367 774 praefatione
1384 748 1391 765 :
1409 738 1452 764 'Ev
1466 734 1506 768 οἷς
1531 736 1605 762 οὐδὲν
1623 736 1717 771 ἐπίση-

939 797 986 824 μον
1003 786 1112 822 γεγονὸς
1131 787 1275 822 ἱστορεῖται
1297 786 1361 821 παρ’
1372 785 1509 820 Ἕλλησιν.
1523 783 1591 810 Hinc
1611 783 1721 810 Tertul-

938 834 1026 867 lianus
1052 833 1098 859 lib.
1127 832 1165 858 De
1185 831 1294 866 pallio:
1323 831 1398 864 I’iget
1424 830 1512 856 tristia
1539 837 1589 855 non
1620 828 1718 858 minus.

110 880 179 908 enim
212 879 333 906 chronica
372 877 564 905 consideratur
596 882 623 904 et
656 877 741 905 series
774 881 801 904 et
839 884 880 903 re-
901 878 921 904 Β
935 887 1013 913 quam
1032 887 1169 913 regnorum
1192 879 1256 905 vires
1276 885 1416 904 recensere.
1436 876 1543 909 Quoties
1557 880 1581 901 et
1597 875 1649 901 ista
1664 882 1722 900 mu-

111 931 168 953 ειυς
196 926 265 953 Ol'dO
301 932 475 951 numerorum
516 931 564 951 Seu
597 931 751 954 annorum,
781 931 886 950 necnon

111 971 263 999 earumdem
281 971 416 1006 oppositio
433 971 602 998 diversorum
625 969 761 996 ordinum.
788 969 885 995 Arnal-

109 1018 159 1044 dus
176 1017 312 1044 Pontacus
336 1021 412 1051 putat
433 1016 559 1043 Canones
588 1015 733 1042 chronicos
750 1015 787 1041 nil
812 1015 885 1041 aliud

109 1071 178 1094 esse,
192 1070 273 1098 quam
289 1062 395 1089 tabulas
407 1062 523 1096 aliquas,
545 1060 570 1087 id
586 1064 637 1091 est.
669 1061 777 1087 diversa
798 1060 885 1093 spatia

108 1108 230 1135 dimensa
248 1108 327 1134 lineis
341 1115 373 1133 ac
385 1107 534 1137 laterculis,
559 1113 619 1140 qua:
632 1105 774 1132 continent
791 1112 886 1132 mune-

107 1160 153 1180 ros
167 1153 219 1180 sibi
239 1153 377 1187 oppositos
395 1159 427 1179 ex
451 1151 576 1183 advorso,
607 1151 707 1185 quibus
732 1150 886 1176 iudicantur

107 1203 230 1233 tempora
246 1205 293 1225 seu
307 1197 370 1224 anni
390 1197 559 1223 diversorum
577 1203 670 1230 regum
688 1195 802 1222 invicem
821 1202 887 1221 con-

106 1248 260 1274 currentes,
275 1250 322 1270 seu
344 1241 552 1272 concordantes,
578 1245 605 1266 et
618 1248 649 1267 ex
674 1248 788 1275 quorum
803 1239 888 1266 colla-

106 1290 193 1320 tione,
205 1296 252 1316 seu
266 1288 476 1322 computatione,
488 1286 624 1322 colligitur
634 1286 773 1317 canonica,
784 1292 831 1312 seu
844 1292 888 1311 re-

104 1336 211 1372 gularis
225 1339 252 1362 et
266 1338 341 1361 certa
354 1339 505 1368 temporum
525 1332 690 1367 supputatio,
707 1336 733 1359 et
751 1331 886 1358 collectio.

103 1380 225 1416 Ideoque
240 1380 314 1413 uuio.
337 1388 384 1407 seu
400 1378 546 1406 concordia
570 1382 687 1412 quatuor
710 1377 889 1412 evangelista-

103 1435 181 1458 rum,
201 1434 261 1462 quae
279 1426 312 1453 ab
331 1425 447 1452 Eusebio
467 1424 641 1454 describitur,
668 1431 715 1458 per
733 1422 888 1457 bujustnodi

103 1473 199 1500 lineas
223 1477 312 1499 rectas
337 1476 364 1499 et
387 1475 570 1501 transversas,
596 1478 656 1504 qua:
672 1469 889 1503 complectuntur

103 1523 202 1546 certos
223 1522 250 1545 et
265 1519 387 1545 diversus
403 1524 532 1543 numeros
543 1516 658 1542 invicem
672 1514 723 1541 sibi
736 1515 886 1549 oppositos,

102 1565 211 1600 quibus
242 1563 396 1590 indicantur
423 1562 530 1588 diversa
556 1561 644 1596 capita
672 1561 699 1587 in
718 1561 816 1594 quibus
835 1560 888 1594 ipsi

101 1609 283 1644 evangelista:
296 1609 472 1638 conveniunt.
497 1607 615 1634 Curiones
632 1607 771 1641 evangelici
791 1606 888 1633 dicun-

101 1661 162 1684 tur.
180 1656 235 1683 Setl
249 1655 313 1690 quid
328 1655 416 1682 verbis
430 1661 578 1689 opus,cum
593 1653 636 1679 hic
650 1654 706 1688 ipse
721 1653 888 1683 Eustathius,

101 1703 238 1737 quisnam
261 1701 341 1728 fuerit
358 1700 502 1728 Chronicus
518 1708 600 1726 canon
617 1699 725 1726 Eusebii
740 1698 891 1726 clarissime

101 1741 248 1784 explicet?
262 1747 393 1782 Χρονικυῦ
410 1747 464 1783 γὰρ
481 1746 591 1777 κανόνος
607 1745 730 1777 σύνταξιν
747 1745 890 1780 ἐπινοήσας

103 1796 139 1822 ἐκ
154 1794 328 1830 ⁴ιοαροιλλήλου
344 1793 542 1828 ἀντιπαρέθηκε
558 1792 602 1818 τὸν
618 1792 681 1826 παρ’
697 1791 802 1825 ἑκάστῳ
821 1790 891 1816 ἔθνει

101 1840 314 1867 δυναστεύοντα.
331 1839 457 1867 Omnium
475 1838 575 1873 optime
588 1838 614 1864 id
626 1838 745 1864 declarat
758 1836 891 1863 Eusebius

103 1885 132 1912 in
148 1885 286 1920 prooemio
298 1883 424 1911 secundze
435 1883 530 1917 partis,
547 1883 572 1908 in
588 1889 642 1917 quo
653 1881 717 1916 quid
732 1881 816 1915 prima
829 1888 892 1915 pars

108 1939 123 1957 ει
147 1930 273 1958 secunda
288 1929 394 1956 diﬂ‘erat
407 1929 481 1955 hisce
492 1928 602 1962 exponit
619 1926 702 1960 εἙγὼ
715 1926 742 1953 δὲ
754 1926 817 1961 περὶ
827 1926 892 1952 πολ-

103 1975 154 2002 λοῦ
165 1975 214 2002 τὸν
228 1975 313 2010 ἀληθῆ
329 1975 406 2008 λόγον
421 1974 583 2010 τιμώμενος,
606 1974 652 2000 καὶ
667 1973 696 2000 τὸ
713 1972 824 2009 ἀκριεὲς
837 1974 894 1999 ἀνι-

105 2022 223 2057 χνεῦσαι
239 2022 283 2048 διὰ
294 2022 410 2057 σπουδῆς
424 2022 590 2058 προύθέμην.
605 2021 699 2048 Ἔνθεν
711 2021 851 2057 ὁρμηθεὶς,
865 2022 893 2047 ὲν

109 2069 160 2102 μὲν
178 2069 214 2103 τῇ
229 2068 280 2103 πρὸ
296 2068 397 2103 ταύτης
409 2068 532 2100 συντάξει
547 2067 611 2099 ὒλας
626 2067 776 2103 ἐκπορίζων
786 2067 894 2102 ἐμαυτῷ

109 2113 215 2148 ιρΰνων
234 2112 393 2147 ἀναγραφὰς
410 2112 602 2147 συνελεξάμην,
616 2113 742 2144 παντοίας
760 2112 895 2147 βασιλείας

109 2159 165 2185 τῶν
172 2159 322 2191 Χαλδαίων,
332 2159 490 2195 Ἀσσυρίων,
497 2159 605 2193 Μήδων,
616 2159 736 2194 Περσῶν,
745 2159 846 2190 Λυδῶν,
854 2160 896 2188 Ἐ-

938 926 1058 955 laverint,
1071 924 1124 956 iam
1139 924 1198 951 inde
1224 933 1240 950 a
1263 922 1334 949 Nino
1353 922 1408 949 Beli
1431 921 1571 956 progenie!
1595 922 1618 948 si
1633 925 1721 947 tamen

938 970 1024 997 Ninus
1038 971 1153 1004 regnauit
1168 970 1280 1004 primus.
1300 973 1328 994 ut
1344 972 1465 994 aulumat
1481 968 1643 1001 superiorum
1657 975 1721 1001 pro-

938 1017 1047 1050 fanitas,
1068 1017 1197 1050 [ermequ
1217 1014 1286 1049 apud
1309 1023 1351 1041 vos
1378 1014 1450 1040 ultra
1476 1014 1560 1048 stylus
1591 1021 1641 1039 non
1659 1020 1721 1046 pro-

937 1063 1062 1097 greditur.
1077 1062 1108 1088 Et
1120 1062 1246 1088 Albertus
1263 1062 1346 1088 abbas
1360 1060 1501 1087 Stadensis
1519 1060 1546 1085 in
1563 1058 1694 1086 Chronico
1709 1065 1720 1084 :

938 1107 957 1133 Α
972 1108 1057 1140 primo
1077 1112 1183 1141 parente
1209 1107 1343 1133 hominum
1366 1114 1446 1141 usque
1461 1105 1494 1131 ad
1518 1104 1618 1131 Ninum
1633 1103 1720 1131 nullo:

938 1157 1011 1179 actus
1030 1161 1117 1179 rerum
1129 1152 1292 1179 mundalium
1307 1151 1511 1186 liisloriograplti
1523 1151 1632 1186 posteris
1647 1155 1720 1176 altu—

940 1199 1034 1226 lerunt.
1052 1199 1164 1234 Ideoque
1180 1199 1211 1225 ab
1232 1200 1288 1232 ipso
1310 1204 1453 1232 coeperunt,
1468 1198 1529 1233 quia
1549 1198 1602 1232 ipse
1619 1198 1720 1231 primus

939 1245 1025 1272 aliena
1042 1245 1166 1271 invadens
1183 1245 1289 1272 minimc
1303 1245 1357 1271 suis
1373 1245 1489 1271 terminis
1506 1248 1562 1270 erat
1573 1247 1719 1270 contentus.

939 1290 995 1318 llac
1009 1292 1100 1326 itaque
1122 1291 1226 1318 ratione
1244 1291 1320 1317 ducti
1344 1298 1449 1320 omnes.
1466 1295 1491 1317 et
1510 1290 1567 1324 ipse
1585 1288 1720 1316 Eusebius

939 1343 955 1362 a
972 1335 1041 1363 Nino
1056 1335 1172 1363 orditur.
1189 1335 1256 1363 Vide
1285 1335 1434 1367 Iustinum,
1470 1334 1629 1367 Diodorum,
1652 1334 1722 1362 Uro-

940 1382 1021 1412 sium.
1031 1382 1226 1410 Cassiodorum
1240 1386 1265 1408 et
1279 1382 1357 1409 alios.

975 1428 1033 1456 Col.
1051 1428 1112 1459 708,
1129 1428 1176 1455 lin.
1191 1428 1234 1455 II.
1258 1428 1412 1462 Συνήγαγε
1426 1426 1459 1453 δὲ
1475 1427 1612 1461 χρόνους.
1634 1425 1723 1453 Verba

941 1478 1005 1502 sunt
1022 1474 1129 1501 Eusebii
1150 1474 1177 1500 in
1198 1474 1331 1508 prooemio
1354 1473 1396 1500 sui
1412 1472 1535 1500 C/tronici
1555 1473 1680 1504 canonis,
1696 1477 1723 1499 (ιι

942 1528 956 1546 a
973 1520 1051 1547 nobis
1077 1521 1202 1554 superius
1223 1520 1346 1546 recitata.
1377 1519 1415 1545 Ex
1439 1519 1538 1553 quibus
1562 1519 1653 1553 regnis
1669 1518 1723 1546 duo

940 1566 1098 1592 exciderunt
1114 1566 1140 1591 in
1157 1564 1278 1596 Canone,
1294 1564 1470 1592 Chaldaicum
1483 1569 1511 1591 et
1524 1564 1722 1592 Thessalicum.

942 1610 994 1638 Sed
1008 1611 1196 1637 Chaldaeorum
1208 1618 1321 1645 regnum
1337 1611 1442 1638 salvum
1455 1610 1543 1637 adhuc
1555 1617 1679 1645 superest
1695 1611 1723 1638 in

941 1657 1063 1691 reliquiis
1078 1655 1179 1683 Gratcis
1192 1656 1290 1690 prioris
1303 1656 1376 1687 libri,
1386 1655 1580 1683 Thessalorum
1597 1657 1723 1684 neutrubi

941 1707 1040 1730 CXSIIIL

977 1748 1056 1779 lbid.,
1075 1748 1124 1774 lin.
1145 1746 1188 1774 16.
1221 1746 1275 1774 Καὶ
1294 1747 1406 1773 τούτων
1428 1746 1498 1780 τοὺς
1525 1748 1662 1781 χρόνους.
1686 1747 1725 1775 Ita
1770 1738 1775 1741 ι

942 1799 1006 1829 puto
1027 1794 1218 1829 supplendum,
1245 1794 1299 1820 Kal
1313 1793 1414 1820 τούτων
1430 1796 1493 1825 τοὺς
1510 1794 1621 1829 χρόνους
1637 1795 1681 1821 ἐπὶ
1695 1795 1726 1821 τὸ

941 1841 1007 1867 αὐτὸ
1038 1840 1214 1876 συναθροίσας
1246 1840 1358 1866 ἑκάστου
1391 1840 1483 1872 ἔθνους
1511 1840 1564 1867 τῶν
1595 1841 1725 1876 βασιλέων

943 1887 1128 1920 συνεξελέξατο
1138 1886 1257 1922 χρόνους,
1274 1889 1319 1912 aut
1336 1886 1400 1921 quid
1417 1886 1516 1914 simile.

978 1933 1058 1963 lbid.,
1073 1933 1120 1960 lin.
1134 1932 1179 1959 20.
1195 1932 1275 1959 Κατὰ
1296 1932 1351 1966 γὰρ
1370 1932 1427 1966 τὴν
1441 1933 1610 1967 Σεμίραμιν.
1643 1932 1728 1960 Euse-

942 1979 1004 2006 bius
1021 1988 1027 2006 ;
1042 1978 1115 2013 Πλὴν
1136 1977 1204 2005 ἀλλὰ
1227 1979 1273 2004 καὶ
1291 1977 1377 2009 οὕτως
1402 1977 1472 2004 κατὰ
1501 1978 1549 2013 μὲν
1565 1979 1680 2014 Ἴναχον,
1696 1978 1726 2005 ὃν

944 2023 1051 2060 πρῶτον
1076 2023 1205 2058 ’Έλληνες
1233 2023 1350 2058 Ἄργους
1381 2021 1536 2057 βασιλεῦσαί
1564 2031 1643 2057 φασι,
1681 2024 1728 2050 τὸν

950 2070 1081 2106 Ἐϐραίων
1095 2070 1254 2105 προπάτορα
1269 2069 1376 2105 Ἰσραὴλ
1391 2068 1534 2104 γενόμενον
1550 2067 1637 2105 εὗρον,
1655 2070 1683 2103 ἐξ
1695 2065 1727 2096 οὗ

944 2115 974 2141 τὺ
982 2114 1167 2150 δωδεκάφυλον
1184 2114 1230 2141 τοῦ
1245 2114 1378 2140 Ἰουδαίων
1393 2114 1485 2146 ἔθνους
1500 2114 1549 2148 τῆς
1561 2114 1607 2140 τοῦ
1621 2113 1729 2150 Ἰσραὴλ

946 2161 1102 2195 ἐπωνυμίας
1116 2160 1226 2196 ἠξιώθη,
1237 2160 1306 2187 κατὰ
1322 2161 1350 2186 δὲ
1362 2160 1512 2196 Σεμίραμιν
1530 2160 1576 2187 τὸν
1592 2160 1726 2196 Ἀϐραὰμ,

112 2204 566 2241 δραίων,Δίγυπτίων,Ἀθηναίων,
576 2205 715 2240 Ἀργείων,
731 2205 893 2236 Σικυωνίων,
911 2214 931 2241 D
946 2205 1078 2232 Χαλδαῐον
1097 2205 1144 2241 μὲν
1165 2205 1195 2232 τὸ
1211 2205 1393 2239 γένος,ἇλλως
1408 2214 1439 2240 γε
1456 2206 1539 2241 ἄνδρα
1554 2205 1727 2241 θεοφιλῆ,καὶ

112 2252 342 2287 Λακεδαιμονίων,
370 2250 528 2287 Κορινθίων,
554 2250 705 2282 Θετταλῶν,
724 2251 893 2283 Μακεδόνων,

113 2297 245 2330 Λατίνων,
252 2295 292 2329 οἷς
301 2297 362 2324 ibo-:5
366 2306 411 2333 ρον
419 2297 527 2332 γέγονεν
535 2298 646 2334 ἐπίκλην
657 2298 741 2334 ὄνομα
752 2299 879 2333 Ῥωμαῖοι
886 2307 893 2312 ·

112 2341 181 2376 ὁμοῦ
191 2343 310 2377 γίνονται
327 2347 355 2369 ιε’
364 2352 370 2358 '
387 2344 416 2370 ὲν
430 2344 458 2370 δὲ
475 2343 512 2378 τῷ
524 2344 646 2379 παρόντι,
658 2345 703 2370 ἐπὶ
718 2344 748 2370 τὸ
759 2344 823 2370 αὐτὸ
834 2344 896 2376 τοὺς

114 2388 227 2422 χρόνους
240 2388 410 2423 συναγαγὼν,
419 2390 465 2416 καὶ
478 2390 670 2424 ἀντιπαραθεὶς
683 2390 714 2416 ἐκ
726 2389 896 2425 παραλλήλου

113 2432 160 2458 τὸν
175 2434 356 2469 παρ’ὲκάστῳ
380 2434 450 2460 ἔθνει
468 2434 520 2460 τῶν
540 2434 608 2460 ἐτῶν
624 2434 749 2469 ἀριθμὸν,
772 2434 896 2470 χρονικοῦ

113 2479 227 2512 κανόνος
243 2480 368 2513 σύνταξιν
386 2480 569 2515 ἐποιησάμην.
585 2480 624 2507 En
641 2480 721 2507 unius
731 2481 821 2514 operis
838 2487 893 2514 pcr-

113 2523 179 2552 I'ceti
196 2533 228 2553 ex
244 2526 303 2561 ipso
319 2531 430 2554 auctore
445 2527 499 2554 duo
513 2526 632 2553 membra
648 2526 787 2555 distincta.
802 2530 829 2553 et
842 2534 898 2552 am-

112 2570 212 2598 borum
229 2580 354 2607 scopum.
380 2577 461 2607 atque
477 2573 658 2607 propositum,
684 2572 783 2607 quibus
798 2572 898 2607 optime

108 2618 194 2646 nobis
206 2620 269 2653 quis
284 2619 320 2646 sit
333 2619 465 2654 Χρονικὸς
479 2618 567 2645 κανών
583 2618 740 2645 innotescit.

144 2664 209 2692 Col.
229 2664 291 2695 708.
313 2665 360 2692 lin.
380 2666 423 2692 10.
446 2666 492 2691 Ἐκ
514 2664 712 2699 παραλλήλου
740 2664 898 2698 ἀντιπαρέ-

104 2710 194 2743 θηκε.
226 2710 333 2745 Optime
349 2715 440 2738 noster
464 2710 623 2738 Eustathius
650 2711 742 2738 verbis
771 2712 856 2741 hisce.
884 2718 899 2738 a

106 2763 235 2787 quonam
246 2757 288 2783 vel
301 2757 373 2784 unde
387 2757 428 2783 sui
445 2756 572 2783 Cbronici
587 2757 700 2783 canonis
715 2757 820 2783 initium
841 2757 899 2783 fue-

114 2800 143 2827 rit
158 2802 327 2838 auspicatus
343 2803 465 2836 exponit.
483 2802 609 2830 videlicet
632 2804 664 2828 ἐκ
685 2803 735 2837 τῆς
748 2803 899 2837 ἀντιπαρα-

117 2844 227 2880 θέσεως
244 2848 331 2874 series
348 2847 418 2873 enim
443 2851 607 2881 temporum,
629 2847 734 2874 ratione
752 2854 897 2879 annorum,

279 2895 414 2926 Ρηιιοι..
433 2892 490 2923 Gn.
512 2892 625 2931 XVIII.

945 2251 1051 2288 πρῶτον
1065 2251 1118 2278 τῶν
1141 2253 1205 2287 παρ’
1225 2252 1360 2287 Ἑϐραίοις
1381 2252 1525 2287 προφητῶν
1549 2250 1618 2279 εἶναι
1645 2261 1728 2279 πεπι-

946 2297 1100 2332 στευμένον.
1119 2296 1151 2322 Ει
1161 2295 1280 2323 .loannes
1291 2296 1476 2323 Antiochenus
1488 2297 1515 2323 in
1525 2296 1707 2331 Archwologia
1717 2305 1727 2324 :

946 2342 1007 2369 ’Ὁτι
1033 2342 1103 2368 κατὰ
1118 2343 1181 2374 τοὺς
1201 2341 1326 2378 Ἀϐραὰμ.
1346 2343 1455 2378 χρόνους
1477 2343 1567 2375 Νίνος,
1588 2343 1635 2370 καὶ
1647 2343 1729 2379 Σεμί-

948 2397 1031 2424 ραμις
1045 2388 1209 2414 ἐϐασίλευον.

982 2433 1061 2465 lbid.,
1076 2434 1122 2460 lin.
1135 2433 1179 2460 25.
1206 2433 1335 2468 Μωῦσῆς
1351 2434 1385 2460 δὲ
1401 2434 1475 2461 κατὰ
1490 2435 1634 2468 Κέκροπα.
1646 2436 1730 2464 Euse—

947 2479 1027 2507 bius:
1045 2479 1151 2506 Τούτων
1167 2480 1221 2516 γὰρ
1243 2481 1370 2507 ἁπάντων
1388 2481 1438 2516 τὴν
1456 2481 1573 2517 ἱστορίαν
1595 2482 1730 2518 νεωτέραν

947 2526 997 2560 τῆς
1014 2526 1157 2562 Κέκροπος
1184 2527 1291 2561 ἡλικίας
1315 2528 1407 2559 παῖδες
1432 2527 1563 2563 Ἑλλήνων
1578 2528 1731 2565 παραδεδώο

947 2579 1020 2598 κασι.
1037 2572 1155 2599 Μωῦσὲα
1174 2572 1202 2598 δὲ
1220 2574 1236 2608 ἡ
1260 2572 1385 2608 παροῦσα
1407 2573 1528 2606 ἐξέτασις
1549 2574 1602 2601 τῶν
1628 2575 1731 2611 χρόνων

948 2618 1073 2653 γενέσθαι
1092 2618 1162 2645 κατὰ
1178 2620 1308 2654 Κέκροπα
1331 2620 1375 2646 τὸν
1389 2620 1480 2655 διφυῆ,
1498 2621 1526 2647 ὃν
1544 2621 1650 2656 πρῶτόν
1666 2630 1732 2656 φασι

947 2664 996 2699 τῆς
1011 2664 1134 2699 Ἀττικῆς
1158 2664 1324 2699 βασιλεῦσαι,
1344 2666 1481 2701 συνίστησι
1510 2667 1561 2702 πρὸ
1579 2667 1631 2693 τῶν
1654 2667 1733 2694 Ἰλια-

948 2709 1002 2736 κῶν
1019 2710 1089 2744 ἀμφὶ
1121 2713 1158 2735 τν⁷
1185 2709 1243 2745 ἔτη.
1271 2710 1310 2736 Ex
1338 2712 1437 2745 quilius
1461 2711 1609 2746 supplenda
1636 2713 1733 2740 laeui-ia

949 2757 976 2783 in
999 2760 1093 2782 nostro
1115 2755 1257 2782 Eustathio
1276 2765 1282 2783 :
1299 2757 1347 2783 Ὃν
1375 2757 1427 2792 πρὸ
1443 2757 1495 2783 τῶν
1518 2758 1638 2784 Ἰλιακων
1661 2759 1735 2785 ἔτεσι

949 2801 1112 2838 τριακοσίοις
1139 2802 1308 2836 πεντήκοντα
1338 2801 1546 2837 παραδεδώκασι
1579 2803 1735 2837 βασιλεῦσαι

950 2847 1057 2883 πρῶτον
1073 2856 1121 2882 της
1136 2847 1260 2879 Ἀττικῆς
1280 2847 1414 2882 Ἑλλήνων
1435 2848 1537 2879 παῖδες.
1565 2849 1619 2876 lmo
1636 2854 1737 2876 utrum-

1556 2896 1595 2925 96
