3952 6204
586 275 686 329 ’811

1929 275 2176 333 LEONIS
2205 276 2479 332 ALLATII
3612 281 3688 341 811

581 415 698 469 que
739 400 1114 470 cerrigamus:
1175 397 1374 453 misere
1417 399 1562 454 enim
1614 399 1669 454 in
1701 397 1958 462 Eusebio,
1991 414 2020 453 a
2045 416 2154 471 quo
2181 408 2227 464 Α
2257 401 2510 471 placent;
2545 399 2677 472 quid
2729 399 2922 454 mirum
2944 399 2965 453 τ
2990 399 3245 470 displicuit
3282 406 3415 454 antea
3452 408 3498 454 et
3535 401 3691 458 divino-

591 501 798 555 noster,
836 506 942 545 non
969 498 1179 551 tantum
1209 491 1264 545 in
1293 492 1476 556 editis,
1526 493 1620 547 sed
1663 492 1716 546 in
1747 493 2005 548 omnibus
2045 493 2158 549 fere

589 583 974 653 manuscriptis
1005 583 1239 654 positum
1265 591 1350 638 est
1379 592 1451 638 τν¹
1472 600 1621 649 cccc,
1644 600 1742 656 pro
1764 599 2033 652 cccuxv;
2063 586 2157 641 sed

588 677 872 748 castigatio
898 677 1009 732 haec
1040 678 1175 732 inita
1217 680 1602 749 supputatione
1643 678 1910 734 firmatur.
1942 678 2074 733 Nam
2109 681 2157 735 si

581 784 735 823 anno
774 782 972 822 ccccnx
1024 768 1093 823 ab
1118 767 1394 824 Abraham
1433 769 1486 824 in
1534 785 1694 840 quem
1747 769 1936 824 incidit
1981 785 2156 826 annus

588 870 729 912 xxxv
786 856 1005 928 Moysis,
1059 864 1110 912 et
1176 857 1386 927 primus
1439 858 1722 930 Cecropis,
1776 860 2155 930 aggregaveris

585 952 842 1013 ccc'exxv,
887 948 1125 1018 reperies
1152 961 1326 1004 annos
1371 963 1666 1011 occcxxxv.
1702 965 1811 1020 quo
1856 948 2153 1019 Trojanum

583 1039 815 1112 contigit
841 1038 1136 1104 excidium,
1164 1047 1218 1095 et
1252 1039 1340 1095 hic
1367 1057 1487 1112 qua:
1513 1041 1708 1096 scribit
1734 1039 2004 1097 Eusebius
2035 1040 2155 1112 ipse

581 1131 729 1186 circa
762 1147 966 1186 annum
1007 1133 1076 1186 ab
1104 1131 1376 1186 Abraham
1415 1143 1711 1187 nccuxxxv.
1744 1131 1899 1199 Quod
1932 1144 1988 1187 ut
2021 1132 2153 1186 faci-

581 1223 689 1277 lius
734 1223 952 1279 credam
995 1222 1121 1278 facit
1153 1223 1396 1278 Africani
1449 1225 1748 1279 auctoritas
1785 1224 1838 1278 in
1869 1222 2148 1290 Chronico,

532 1349 534 1352 -
580 1317 670 1370 ubi
702 1316 778 1370 ait
807 1336 821 1372 :
872 1317 1002 1370 ’Λπὺ
1032 1317 1320 1388 Κέκροπος
1361 1318 1453 1370 ἐπὶ
1486 1317 1582 1388 τὴν
1615 1317 1772 1370 Ἰλίου
1802 1307 2001 1370 ἅλωσιν
2029 1334 2153 1369 συν-

579 1409 800 1476 ἁγονται
837 1408 1016 1480 μικρῷ
1049 1409 1238 1462 δέοντα
1277 1409 1370 1478 ἐτη
1404 1413 1470 1462 υ’.

647 1502 764 1556 Col.
797 1501 920 1563 708,
940 1502 1033 1556 lin.
1064 1501 1155 1556 24.
1173 1500 1268 1566 Ὠς
1287 1497 1437 1554 εἶναι
1465 1497 1582 1552 τῶν
1615 1498 1749 1567 παρ’
1770 1499 2049 1566 Ἕλλησι.
2073 1497 2147 1552 Ex

577 1591 844 1647 Eusebio:
873 1591 1108 1644 Μωῦσέα
1139 1592 1216 1655 δὲ,
1250 1590 1554 1662 φιλαλήθως
1591 1593 1784 1654 εἰπεῖν,
1807 1591 2011 1644 τούτων
2049 1591 2150 1662 μὲν

575 1683 857 1755 νεώτερον,
890 1682 1002 1736 τῶν
1045 1683 1101 1735 δὲ
1143 1683 1269 1754 παρ’
1310 1681 1564 1752 Ἕλλησιν
1615 1681 2147 1753 ἀρχαιολογουμένων

575 1776 964 1848 πρεσϐύτατον,
995 1776 1230 1846 Ὀμήρου
1260 1773 1422 1842 λέγω,
1440 1775 1534 1827 καὶ
1559 1775 1825 1836 Ἡσιόδου,
1853 1775 1943 1827 καὶ
1968 1773 2146 1827 αὐτῶν
2179 1756 2222 1810 Β

572 1869 682 1923 τῶν
726 1868 1020 1940 Τρωῖκῶν,
1070 1868 1164 1921 καὶ
1220 1866 1298 1920 ἔτι
1354 1868 1690 1938 Διοσκούρων
1716 1908 1730 1932 ,
1783 1867 2144 1937 Ἀσκληπιοῦ,

572 1960 846 2023 Διονύσου,
865 1959 1060 2031 ἡρώων
1086 1977 1144 2012 τε
1173 1959 1626 2031 πάντων,⁹Ερμοῠ
1666 1977 1726 2011 τε
1751 1959 1845 2012 καὶ⁸
1881 1958 2145 2011 Ἀπόλλω-

571 2070 679 2116 νος,
719 2051 827 2105 τῶν
868 2069 925 2104 τε
967 2050 1167 2104 λοιπῶν
1214 2053 1341 2122 παρ’
1368 2051 1590 2121 Ἕλλησι
1626 2051 1782 2112 Θεῶν,
1831 2050 2146 2122 μυστηρίων

567 2161 650 2206 τε,
688 2145 782 2198 καὶ
825 2144 1075 2208 τελετῶν,
1100 2145 1218 2207 Διός
1261 2162 1319 2197 τε
1364 2142 1526 2196 αὐτοῦ
1578 2141 1826 2215 πράξεων
1864 2143 1972 2196 τῶν
2015 2143 2142 2213 παρ’

570 2237 794 2308 Ἕλλησι
819 2236 1340 2308 μνημονευομένων.
1390 2235 1454 2289 Et
1495 2235 1759 2291 inferius:
1792 2236 2003 2290 Γίνεται
2035 2234 2142 2308 γὰρ

571 2330 711 2400 μετὰ
740 2330 1000 2402 Κέκροπα
1024 2331 1052 2383 ὁ
1080 2330 1219 2384 κατὰ
1245 2331 1586 2383 Δευκαλίωνα
1617 2317 2018 2399 κατακλυσμὸς,
2047 2328 2143 2381 καὶ

567 2421 603 2493 ἡ
633 2423 724 2474 ἐπὶ
754 2423 1042 2485 Φαέθοντος
1069 2423 1396 2493 ἐκπύρωσις,
1431 2421 1762 2493 Ἐριχθονίου
1805 2438 1863 2473 τε
1909 2421 2138 2489 γένεσις,

568 2517 661 2568 καὶ
691 2517 723 2585 ή
755 2514 858 2566 ὑπὸ
885 2515 1156 2587 Δαρδάνου
1190 2515 1288 2584 τῆς
1331 2515 1625 2586 Δαρδανίας
1669 2512 1862 2575 κτίσις,
1899 2513 1956 2565 ὃν
2003 2513 2141 2584 πρῶ-

565 2621 657 2661 ¹πον
697 2607 860 2677 φησιν
885 2607 1031 2678 Ὀμη
1042 2624 1152 2678 ρος,

639 2735 655 2750 .
733 2739 748 2749 .
827 2730 844 2748 .~
921 2736 936 2751 .
1017 2697 1217 2750 Τέκετο
1246 2693 1674 2765 νεφεληγερέτα
1700 2695 1877 2759 Ζεύς’

565 2788 748 2860 Κόρης
771 2805 829 2843 τε
857 2788 1097 2859 ἁρπαγὴ,
1125 2791 1218 2840 καὶ
1261 2789 1545 2859 Δήμητρος
1573 2788 1868 2857 μυστήρια,
1901 2794 2003 2840 etc.
2034 2785 2138 2852 Qui

564 2882 717 2937 locus
749 2882 965 2938 Eusebii
1003 2898 1068 2937 ex
1106 2883 1208 2936 hoc
1259 2888 1448 2937 nostro
1481 2880 1767 2935 Eustathio
1811 2880 2139 2952 Hieronymo

563 2975 703 3030 duce
746 2975 1081 3046 supplendus
1141 2982 1264 3038 est,
1319 2973 1645 3045 Ἐριχθονίου
1712 2989 1771 3024 τε
1809 2972 2019 3040 γένεσις
2079 2973 2138 3039 ἐξ

574 3059 864 3135 Ἡφαίστου
919 3068 1010 3120 καὶ
1055 3067 1195 3137 Γῆς,
1229 3082 1349 3136 qua:
1394 3065 1775 3122 desiderantur
1821 3067 1876 3121 in
1924 3065 2136 3122 Graeco.-

567 3156 708 3212 Idem
740 3155 1005 3213 Eusebius
1035 3157 1088 3212 in
1121 3158 1223 3212 hoc
1251 3157 1440 3213 eodem
1466 3155 1728 3212 Chronico
1751 3167 1902 3227 parte
1920 3159 2128 3228 prima:

561 3251 719 3303 Πᾶσα
766 3250 892 3320 παρ’
935 3249 1159 3320 Ἕλλησι
1209 3249 1596 3320 Θαυμαζομὲνη
1647 3248 1845 3320 πρᾶξις
1882 3251 1989 3303 ἀπὸ
2028 3250 2134 3303 τῶν

574 3339 776 3410 Ἰνάχου
829 3340 1068 3409 χρόνων,
1113 3341 1206 3393 καὶ
1248 3341 1538 3411 Φορωνέω
1582 3342 1662 3402 είς
1701 3341 1790 3392 τὸν
1842 3340 2134 3411 μετέπειτα

561 3431 803 3502 φέρεται.
847 3431 936 3484 Διὸ
963 3431 1054 3484 καὶ
1092 3431 1313 3485 Πλάτων
1345 3433 1403 3483 ὲν
1433 3432 1646 3500 Τιμαίῳ
1678 3431 1758 3501 τῷ
1781 3431 2008 3503 διαλόγῳ
2041 3431 2133 3485 τοῦ

559 3521 846 3592 Φορωνέως
890 3523 1254 3592 ἐπιμέμνηται
1295 3522 1521 3592 χρόνων,
1563 3522 1638 3584 ὡς
1686 3522 1824 3574 πάνυ
1869 3523 2131 3589 παλαιῶν,

561 3614 655 3667 καὶ
677 3613 899 3684 Νιόϐης,
924 3615 1016 3666 καὶ
1044 3611 1137 3665 τοῦ
1170 3612 1288 3666 κατ’
1325 3611 1548 3681 Ὠγύγου
1586 3613 1940 3684 ἀρχαιοτάτου
1965 3632 2133 3668 κατα-

559 3706 822 3775 κλυσμοῦ,
845 3706 920 3769 ὡς
951 3705 1187 3774 λέγεται.

629 3797 790 3862 lbid.,
807 3799 900 3853 lin.
919 3797 1007 3852 25.
1026 3799 1273 3867 Ὀμήρου
1299 3800 1492 3869 λέγω·
1511 3798 1607 3852 καὶ
1636 3799 1926 3854 Ἠσιόδου.
1951 3799 2024 3855 De
2047 3801 2132 3856 his

559 3897 614 3943 et
653 3888 775 3943 aliis
814 3890 1130 3943 auctoribus
1169 3891 1237 3944 ab
1283 3888 1566 3945 Eustathio
1600 3893 2044 3948 commemoratis
2076 3893 2134 3946 in

502 3987 509 3993 '
561 3987 748 4035 nostra
801 3980 868 4034 de
916 3982 1273 4050 scriptoribus
1320 3983 1565 4053 profanis
1616 3981 1941 4038 Bibliotheca
1978 3985 2133 4054 plura

559 4068 825 4125 dicemus.
851 4068 969 4123 Non
1003 4071 1147 4124 enim
1189 4071 1405 4125 videtur
1433 4074 1715 4142 praesentis
1747 4073 1947 4145 negotii
1977 4074 2136 4144 plura

561 4160 628 4216 de
653 4159 760 4216 illis
791 4160 1015 4223 referre,
1052 4161 1507 4230 quemadmodum
1540 4171 1594 4217 et
1625 4165 1693 4218 de
1720 4164 1842 4219 aliis
1873 4164 2133 4219 fabulosis

559 4267 792 4322 quorum
843 4251 929 4306 hic
976 4252 1032 4306 lit
1079 4253 1302 4309 intentio.
1333 4252 1475 4324 Lege
1515 4255 1561 4308 si
1609 4255 1783 4324 placet
1843 4256 2133 4325 Apollodo-

559 4359 703 4411 rum,
735 4345 1094 4410 Phornutum,
1140 4344 1462 4411 Palefatum,
1497 4346 1765 4416 Hygimtm
1797 4355 2132 4418 casterosque

2257 508 2378 547 rum
2423 493 2697 546 hominum
2747 505 2868 546 acre
2918 491 3329 561 inculpatumque
3375 489 3624 559 judicium;
3657 507 3693 550 et

2255 585 2420 656 quod,
2456 585 2660 639 utinam
2694 584 2838 639 bono
2867 598 2965 639 suo
2995 583 3178 638 falsum
3195 583 3290 637 sit!
3317 597 3440 639 verae
3463 583 3693 642 catholicae-

2255 693 2362 749 que
2405 677 2686 742 veritatis;
2722 675 2816 732 sed
2868 676 2936 730 ad
2972 675 3086 745 ejus
3113 675 3244 730 sicut
3285 684 3333 731 et
3370 684 3626 731 ceterorum
3657 679 3695 734 in

2255 769 2548 826 Homerum
2573 778 2805 824 conatus
2843 776 2898 824 et
2935 769 3176 826 rationes.
3208 768 3258 821 in
3295 767 3496 823 Homero
3521 775 3694 823 nostro:

2254 863 2543 919 calumniis
2571 862 2869 928 vindicato,
2900 868 2957 914 ut
2986 860 3176 915 veritas
3215 874 3376 914 causa:
3419 860 3615 930 exposcit
3634 876 3694 914 rc-

2254 954 2601 1026 spondemus.
2633 951 2708 1008 De
2746 951 2964 1007 Homeri
3007 960 3059 1006 et
3087 949 3288 1005 Hesiodi
3316 951 3599 1020 temporibus
3619 952 3697 1005 hac

2252 1045 2414 1101 habet
2449 1043 2686 1099 Joannes
2731 1042 3118 1106 Antiochenus,
3148 1043 3199 1096 in
3226 1041 3542 1113 Archtcologia
3570 1043 3700 1098 :Oact

2251 1153 2392 1200 τινες
2423 1135 2569 1207 Ὅμη
2580 1152 2668 1204 ρον
2703 1135 2797 1188 καὶ
2830 1134 3064 1187 Ἡσίοδον
3082 1132 3233 1186 Δασιδ
3255 1135 3580 1204 συνακμάσαι,
3607 1134 3643 1185 οἱ
3663 1133 3700 1186 δὲ

2249 1229 2416 1300 ὀλίγῳ
2457 1230 2738 1301 πρότερον,
2775 1230 2822 1280 οἱ
2844 1228 2899 1280 δὲ
2935 1227 3068 1298 μετὰ
3093 1209 3262 1280 ’ταῦτα
3294 1226 3527 1296 γενέσθαι.

2319 1321 2480 1384 lbid.,
2515 1321 2612 1375 lin.
2655 1320 2745 1373 27.
2775 1320 2901 1372 Ἔτι
2939 1335 3004 1372 τε
3031 1319 3322 1385 Χείρωνος.
3352 1316 3578 1386 Josephus
3609 1316 3701 1373 Sca-

2249 1414 2384 1486 liger
2407 1411 2782 1468 Animadvers.
2823 1410 2878 1465 in
2908 1409 3124 1466 Eusebii
3155 1409 3461 1471 Chronicum,
3491 1410 3645 1463 acriter
3665 1410 3703 1463 in

2247 1505 2634 1578 Hieronymum
2679 1504 2974 1569 invehitur,
3030 1502 3310 1571 multisque
3353 1517 3460 1554 cum
3504 1502 3701 1570 exagitat,

2247 1599 2388 1669 quod
2421 1599 2590 1652 multa
2629 1599 2683 1651 in
2714 1596 2804 1650 illa
2841 1593 3274 1664 interpretatione
3320 1592 3584 1647 necessaria
3613 1591 3706 1645 omi-

2246 1691 2398 1754 serit,
2450 1691 2605 1760 plura
2646 1689 2713 1744 de
2761 1702 2861 1744 suo
2894 1685 3179 1753 addiderit,
3210 1686 3261 1740 in
3291 1685 3458 1740 multis
3480 1685 3610 1738 etiam
3631 1697 3704 1736 non

2247 1785 2316 1839 sit
2348 1782 2567 1839 Eusebii
2614 1790 2850 1837 mentem
2899 1787 3183 1836 assecutus
3217 1797 3232 1834 :
3271 1776 3346 1833 sic
3386 1776 3530 1832 etiam
3561 1775 3639 1828 hoc
3669 1775 3706 1827 in

2246 1872 2364 1926 loco
2411 1870 2478 1926 de
2525 1869 2748 1925 Chirone
2785 1871 2860 1924 ait
2893 1881 3094 1924 nomen
3150 1868 3246 1922 hoc
3295 1867 3354 1920 de
3396 1883 3480 1920 suo
3515 1863 3706 1918 addidisse

2245 1965 2638 2033 Hieronymum,
2673 1978 2832 2030 neque
2857 1963 3163 2032 per-omnia
3196 1961 3412 2014 auctoris
3451 1959 3522 2013 sui
3544 1957 3706 2026 uestigii:

2244 2057 2519 2110 institisse.
2551 2055 2710 2110 Aliud
2746 2064 2826 2110 est
2857 2055 3132 2111 infensum
3173 2069 3289 2109 esse
3317 2052 3498 2106 nomini
3526 2050 3705 2117 alicujus.

2245 2143 2391 2197 aliud
2414 2143 2692 2198 veritatem
2717 2159 2837 2212 qua:
2868 2145 2923 2198 in
2958 2145 3179 2214 scriptis
3207 2152 3288 2198 est
3316 2143 3568 2213 indagare;
3595 2141 3711 2193 multa

2243 2251 2476 2306 namque
2533 2237 2668 2292 forte
2716 2238 2770 2291 in
2807 2237 2996 2292 codice
3031 2254 3192 2308 quem
3241 2236 3561 2306 Hieronymus
3595 2233 3714 2286 inter-

2243 2329 2561 2400 pretabatur
2608 2329 2768 2383 aliter
2810 2330 2912 2399 legi
2966 2337 3239 2400 poterant,
3280 2343 3390 2398 qua
3429 2327 3528 2397 ipse
3567 2324 3712 2378 Latinis

2242 2421 2407 2486 dedit,
2461 2420 2564 2475 etsi
2609 2420 2768 2474 modo
2800 2419 2855 2474 in
2905 2427 3060 2474 textu
3100 2436 3260 2492 quem
3295 2434 3396 2490 prae
3421 2417 3625 2471 manibus
3648 2414 3714 2467 hac

2242 2515 2434 2568 bemus
2479 2511 2561 2566 vel
2607 2526 2885 2582 superare,
2916 2512 3001 2566 vel
3031 2509 3260 2566 deiicere
3286 2515 3576 2572 cernuntur;
3602 2505 3713 2574 idque

2239 2622 2306 2661 ex
2349 2605 2452 2660 hoc
2506 2604 2725 2660 nomine
2768 2595 3030 2659 Chironis
3070 2611 3238 2673 patet,
3278 2601 3411 2673 quod
3454 2602 3490 2654 si
3532 2600 3575 2652 in
3610 2604 3714 2650 textu

2242 2697 2546 2752 Eusebiano
2577 2713 2685 2751 non
2714 2694 2925 2760 fuisset,
2957 2711 3242 2766 nunquam
3274 2694 3551 2750 Eustathius
3574 2691 3616 2746 in
3635 2687 3715 2744 suis

2241 2789 2460 2859 scriptis
2499 2790 2794 2844 retulisset.
2838 2787 2929 2842 Sic
2975 2789 3216 2843 dicimus
3256 2796 3306 2843 et
3341 2789 3394 2842 in
3435 2785 3553 2840 aliis.
3596 2783 3648 2836 At
3676 2779 3712 2832 in

2242 2883 2424 2938 multis
2457 2882 2658 2936 erravit
2692 2881 3078 2952 Hieronymus,
3125 2897 3225 2937 nec
3276 2880 3436 2935 fidelis
3478 2872 3717 2944 interpretis

2241 2987 2483 3037 munere,
2516 2973 2591 3026 uti
2623 2981 2721 3042 pa‘r
2750 2979 2888 3038 erat,
2923 2972 3150 3028 functus
3195 2976 3296 3028 est.
3341 2971 3503 3024 Dicam
3542 2965 3714 3031 Scaliger

2239 3062 2382 3131 quod
2443 3063 2637 3116 sentio.
2689 3063 2879 3116 Errata
2936 3063 3466 3133 prmclarissimorum
3509 3053 3712 3111 hominum

2239 3163 2539 3224 stuporem,
2575 3171 2682 3210 non
2715 3163 3090 3226 cantemptum
3114 3160 3477 3214 commovent;
3501 3152 3563 3205 sic
3587 3149 3625 3200 in
3653 3159 3712 3196 ro-

2235 3245 2397 3300 busto
2423 3246 2643 3301 homine
2674 3247 2893 3318 gravior
2920 3247 3173 3310 morbus,
3205 3254 3258 3300 et
3285 3259 3420 3299 mors
3442 3241 3612 3312 inopina
3633 3249 3711 3288 me-

2235 3343 2349 3391 tum
2379 3337 2592 3403 incutit,
2628 3337 2879 3393 humana:
2916 3338 3236 3409 fragilitatis
3281 3353 3383 3393 non
3419 3337 3563 3391 minus
3585 3331 3709 3381 valen-

2235 3438 2336 3492 tes,
2367 3429 2459 3485 sed
2490 3441 2543 3485 et
2567 3431 2985 3486 robustissimos
3013 3431 3276 3485 admonet
3303 3438 3353 3485 et
3385 3426 3595 3483 cautiores
3617 3417 3704 3472 reda

2233 3524 2329 3579 dit.
2355 3521 2457 3590 Qui
2494 3523 2754 3577 Catonem
2794 3523 3008 3576 ebrium
3057 3523 3344 3585 viderunt,
3393 3536 3486 3580 non
3521 3517 3705 3574 riseruntt

2235 3613 2332 3670 sed
2367 3614 2720 3669 erubuerunt.
2776 3612 3010 3684 Ideoque
3059 3617 3266 3686 optime
3311 3613 3512 3672 dictum,
3546 3620 3626 3662 non
3660 3601 3709 3654 ab

2233 3707 2340 3762 illis
2363 3704 2644 3771 Catonem,
2677 3705 2771 3760 sed
2806 3706 2929 3761 illos
2958 3721 2988 3759 a
3026 3705 3246 3762 Catone
3278 3703 3607 3776 deprehensos.
3633 3693 3706 3748 Nec

2233 3800 2413 3853 minus
2451 3813 2603 3868 aeque
2650 3795 2856 3852 Seneca
2900 3798 2995 3852 lib.
3051 3798 3134 3852 De
3189 3795 3537 3867 tranquillitate
3576 3786 3701 3841 animi.

2233 3905 2351 3960 cap.
2389 3889 2455 3944 15
2475 3910 2487 3944 :
2509 3888 2700 3943 Catoni
2723 3889 2948 3943 ebrietas
2979 3889 3190 3955 obiecta
3219 3902 3311 3946 est.
3344 3891 3406 3942 At
3435 3884 3605 3956 {acilius
3627 3875 3705 3944 efﬁ-

2233 3985 2328 4038 ciet
2360 3983 2594 4052 quisquis
2635 3980 2879 4050 objecerit
2937 3980 3036 4035 hoc
3084 3985 3285 4036 crimen
3334 3980 3708 4039 honestum,th-

2233 4084 2432 4144 turpem
2470 4072 2741 4126 Catonem.
2774 4071 3150 4129 Humanitatis
3193 4082 3277 4129 est
3310 4069 3555 4125 hominem
3581 4058 3631 4113 de
3653 4070 3712 4108 τε·

2234 4166 2468 4236 publica,
2498 4165 2565 4219 de
2600 4165 2814 4225 litteris.
2856 4164 2923 4218 de
2964 4165 3204 4219 historia
3225 4205 3240 4228 ,
3274 4164 3338 4218 de
3381 4157 3594 4214 omnibus
3620 4149 3709 4203 bele

2232 4256 2505 4318 meritum,
2537 4264 2592 4311 et
2635 4256 2908 4327 praecipue
2948 4255 3362 4328 Hieronymum,
3392 4251 3434 4307 si
3459 4237 3711 4320 quandode-

2235 4347 2365 4412 ficit,
2400 4347 2665 4402 venerari.
2711 4345 2818 4403 Sed
2867 4348 3182 4402 machinam
3235 4335 3707 4418 aperi-am.Existimal

561 4437 868 4493 fabularum
921 4439 1234 4509 scriptores.
1280 4437 1398 4492 Non
1444 4441 1648 4509 patitur
1695 4438 2129 4499 tamen,Homeri
2163 4450 2205 4506 ι)
2236 4435 2495 4510 Scaliger,
2535 4447 2594 4492 nt
2633 4446 2688 4494 et
2730 4439 2823 4493 alii
2855 4439 3036 4503 multi,
3074 4440 3122 4495 si
3163 4435 3595 4509 interpretationes
3627 4423 3711 4478 Ηίθ-

558 4531 794 4601 dignitas
833 4529 907 4584 ita
935 4531 1081 4585 sicce
1113 4529 1412 4600 praeteriri;
1448 4544 1618 4599 quare
1646 4546 1765 4599 qua:
1793 4530 1860 4585 de
1887 4545 1951 4586 eo
1989 4532 2129 4586 scri-

560 4625 665 4693 ptis
703 4623 926 4676 tradidit
957 4621 1200 4677 Velleius
1231 4621 1318 4675 hic
1345 4621 1708 4675 transcribam
1729 4619 2128 4676 :Clarissimam

557 4713 743 4768 deinde
781 4713 1000 4767 Homeri
1034 4713 1213 4765 illuxit
1264 4712 1531 4782 ingenium
1556 4712 1667 4766 sine
1689 4711 1922 4781 exemplo
1958 4713 2129 4766 maxi-

558 4823 701 4859 mum
732 4821 751 4859 :
781 4807 869 4874 qui
921 4803 1283 4873 magnitudine
1308 4819 1518 4871 operum
1539 4843 1553 4866 ,
1600 4812 1652 4857 et
1696 4803 1900 4873 fulgore
1933 4803 2130 4856 carmi-

555 4916 682 4953 num
712 4898 855 4952 solus
884 4897 1137 4964 appellari
1162 4906 1315 4964 poeta
1360 4899 1571 4952 meruit.
1610 4894 1677 4949 In
1706 4911 1804 4966 quo
1836 4895 1932 4950 Iwc
1964 4897 2130 4950 maxi-

556 5009 700 5046 mum
729 5001 826 5053 est,
857 4989 994 5061 quod
1022 5005 1183 5059 neque
1225 4999 1344 5044 ante
1370 4989 1544 5052 illum,
1583 5001 1729 5058 quem
1776 4989 1862 5042 ille
1889 4989 2121 5042 imitare-

559 5091 663 5147 tur,
696 5097 856 5152 neque
895 5091 1012 5149 post
1047 5080 1221 5145 illum,
1254 5082 1346 5149 qui
1373 5098 1490 5135 eum
1514 5081 1714 5134 imitari
1744 5081 1906 5148 possit
1948 5081 2126 5134 incen-

559 5181 640 5227 tuc
670 5183 783 5230 est:
814 5189 973 5244 neque
991 5189 1300 5244 quemquam
1331 5171 1519 5239 alium,
1552 5173 1702 5241 cujus
1731 5172 1899 5242 operis
1925 5173 2125 5241 primus

557 5275 744 5316 auctor
788 5265 965 5333 fuerit,
1009 5265 1066 5317 in
1099 5278 1159 5317 eo
1197 5263 1654 5332 perfectissimum,
1701 5273 1892 5330 prtcter
1932 5261 2127 5316 Home-

557 5370 674 5406 rum
707 5365 756 5409 et
786 5358 1152 5412 Archilochum
1190 5357 1519 5425 reperiemus.
1557 5354 1657 5408 llic
1690 5356 1894 5425 longius
1933 5373 1965 5408 a
1998 5366 2128 5408 tem-

554 5446 766 5510 poribus
798 5447 918 5502 belli
961 5449 1098 5518 quod
1139 5449 1448 5516 composuit,
1472 5509 1476 5513 _
1502 5445 1696 5509 Troici,
1723 5463 1880 5514 quant
1911 5446 2124 5513 quidam

554 5546 758 5598 rentur,
791 5537 996 5606 abfuit;
1036 5557 1158 5594 nam
1206 5541 1385 5608 ferme,
1424 5548 1530 5596 etc.
1569 5538 1641 5594 De
1689 5539 1808 5608 ejus
1851 5547 2026 5604 aetate,
2072 5544 2126 5592 et

555 5625 842 5683 excellenti
877 5638 1067 5684 natura
1096 5630 1389 5698 divinaque
1415 5669 1429 5692 ,
1466 5630 1589 5684 vide
1631 5628 1771 5684 Justi
1808 5627 1978 5698 Lipsii
2007 5629 2124 5681 ani-

558 5713 961 5773 madversiones
1009 5715 1229 5772 ibidem.
1285 5717 1407 5770 Haec
1463 5715 1606 5772 Julio
1666 5719 1945 5789 Scaligero
2008 5733 2120 5773 non

2230 4531 2448 4603 ronymi
2493 4531 2817 4601 exagitando
2858 4529 3136 4593 refellant,
3182 4531 3331 4586 illius
3372 4528 3462 4582 viri
3493 4518 3708 4578 auctorilae

2229 4630 2336 4677 tem
2369 4622 2635 4685 minuere,
2667 4631 2721 4677 et
2757 4624 2810 4676 in
2844 4621 2964 4692 ejus
2995 4623 3345 4678 versionibus
3388 4618 3523 4674 fidem
3559 4603 3710 4665 deside'

2229 4727 2392 4766 rare:
2425 4725 2594 4782 quare
2616 4719 2802 4781 postea
2848 4711 3182 4767 concludant
3220 4720 3276 4769 et
3319 4711 3556 4780 vulgatam
3591 4705 3708 4753 sam

2230 4803 2525 4874 Scriptum:
2575 4803 2866 4860 editionem
2913 4820 3023 4859 non
3063 4820 3190 4861 esse
3262 4805 3406 4859 illius
3442 4790 3632 4872 ponderis
3665 4788 3702 4835 ⁸⁸

2229 4891 2542 4964 dignitatis.
2597 4901 2758 4964 prout
2807 4895 2954 4949 illam
2986 4895 3148 4949 habet
3197 4894 3455 4950 catholica
3505 4874 3700 4937 Ecclesia;

2227 5001 2397 5055 quare
2436 5001 2603 5041 novas
2643 4986 2752 5056 ipsi
2790 4987 3086 5040 moliantur
3122 4982 3575 5056 interpretationes.
3597 4978 3706 5023 κη’

2227 5093 2331 5149 que
2359 5078 2609 5148 dogmata
2641 5077 2753 5146 jam
2785 5077 2879 5132 diu
2913 5077 3237 5132 conﬁrmata
3267 5093 3328 5132 ea
3365 5067 3644 5130 conturbent.
3666 5061 3704 5107 υι

2228 5184 2364 5223 nova
2393 5183 2490 5225 sua
2522 5167 2948 5237 simplicioribus
2978 5169 3415 5224 communicent:
3448 5160 3527 5219 sed
3549 5151 3704 5213 slab'm‘

2225 5259 2414 5326 quales
2469 5257 2656 5328 quales
2715 5268 2844 5314 sunt
2903 5258 3216 5331 Hieronymi
3281 5252 3700 5326 interpretationes;

2229 5349 2482 5419 Scaligeri
2515 5350 2559 5404 si
2589 5366 2708 5420 quae
2736 5359 2863 5406 sunt
2903 5353 3156 5423 perbellae
3179 5362 3233 5408 et
3260 5349 3592 5422 elegantes,el
3612 5334 3704 5389 ὥθ’

2227 5457 2346 5494 rum
2379 5442 2639 5496 similium
2672 5443 2890 5498 cadent.

2293 5532 2409 5588 Col.
2458 5534 2576 5600 709,
2620 5536 2718 5591 lin.
2759 5537 2811 5590 3.
2866 5532 3052 5602 Οὗτος
3082 5537 3306 5589 τοίνυν.
3354 5528 3573 5584 Justinus
3607 5515 3708 5570 Mill"

2225 5638 2308 5697 lyr
2363 5624 2736 5682 Cohortatione
2780 5629 2849 5682 ad
2886 5627 3094 5682 ercos
3126 5667 3142 5692 ,
3204 5626 3270 5679 dc
3311 5622 3481 5678 eodem
3526 5613 3706 5706 Moyse:

2225 5715 2406 5788 Τούτῳ
2450 5716 2662 5788 πρῶτον
2713 5720 2742 5773 ὁ
2793 5719 2966 5783 Θεὺςν
2995 5719 3084 5772 καὶ
3135 5716 3233 5786 τὴν
3280 5710 3460 5769 ἄνωθεν
3503 5701 3582 5756 ἐπὶ
3614 5701 3708 5750 πῖιῖ

3839 5097 3841 5124 l

3839 5133 3841 5170 l
