1962 3484
96 100 154 139 διε

593 95 626 132 ΙΝ
646 103 831 132 EUSTATHII
853 102 1088 131 HEXAEMERON
1107 103 1222 132 ΝΟΤᾹΞ.

1662 110 1717 140 ειι

98 169 193 205 ἆγίους
204 167 302 203 ἄνδρας
322 167 395 194 θείαν
414 165 460 193 καὶ
478 165 646 200 προφητικὴν
663 164 813 200 τηνικαῦτα
833 171 880 189 κα-

933 162 1086 190 cellentiam
1113 163 1213 199 Moyst
1238 163 1436 192 demonstrant.
1463 163 1501 191 De
1526 164 1626 202 Moysis
1649 175 1715 201 vero

98 216 208 244 τιοῦσαν
222 215 372 250 παρέσχετο
390 213 502 249 δωρεὰν,
518 213 564 239 καὶ
589 212 695 248 πρῶτον
715 211 765 246 τῆς
791 210 882 237 θεοσε-

99 263 176 294 ﬁcia;
188 261 262 297 ἡμῶν
276 259 431 288 διδάσκαλον
445 259 570 294 γενέσθαι
589 257 791 294 παρεσκεύασεν
802 265 808 271 ·
824 254 883 283 εἶτα

100 308 160 343 μετ’
174 306 254 333 αὑτὸν
265 306 328 337 τοὺς
341 305 449 336 λοιποὺς
468 305 617 339 προφήτας,
636 303 698 334 τοὺς
720 302 766 329 καὶ
784 301 882 332 αὐτοὺς

97 352 147 387 τῆς
159 351 243 385 αὐτῆς
258 349 332 385 αὐτῷ
346 349 475 384 τυχόντας
494 348 608 383 δωρεᾶς,
624 348 670 374 καὶ
684 347 718 373 τὰ
736 346 805 373 αὐτὰ
820 345 883 381 περὶ

96 393 151 420 τῶν
165 392 254 419 αὐτῶν
267 392 422 424 διδάξαντας
435 391 519 426 ἡμᾶς.
536 390 581 417 Sic
605 390 668 417 item
689 389 806 417 Basilius
825 388 883 414 Ma<

95 447 166 478 guns
183 447 198 466 a
211 438 311 474 Moysis
332 437 487 465 laudatione
499 444 563 465 suas
576 438 602 464 in
619 436 797 464 Hexaemeron
810 434 884 467 ordi_

95 489 142 513 tur
158 485 374 520 explanationes.

131 532 190 560 Col.
205 531 264 563 709,
277 531 323 558 lin.
336 531 361 558 5.
375 530 434 565 Τὴν
444 530 497 566 γὰρ
507 531 567 558 τῶν
576 532 754 566 Αἰγυπτίων.
766 529 883 560 Basilius

92 577 191 604 homil.
217 577 230 603 Ι
258 577 284 602 in
312 571 439 603 "eadem.
461 584 470 602 :
489 577 536 602 Ὃν
559 577 762 611 εἰσεποιήσαντο
789 577 837 612 μὲν
866 578 883 612 ὴ

93 622 218 658 θυγάτηρ
239 621 285 648 τοῦ
304 621 417 657 Φαραὼ,
437 620 564 656 ἐξέθρεψε
582 621 609 647 δὲ
631 620 792 656 βασιλικῶς,
820 622 883 654 τοὺς

94 669 195 702 σοροὺς
211 668 264 694 τῶν
287 668 442 702 Αἰγυπτίων
466 667 640 699 διδασκάλους
659 668 732 702 αὑτῷ
749 668 797 704 τῆς
821 676 884 695 παι-

91 715 213 747 δεύσεως
237 715 414 751 ὲπιστὴσασα.
438 714 565 742 Pluribus
594 714 652 742 haec
677 715 770 742 eadem
799 714 847 742 lib.
874 721 882 741 l

91 762 195 789 Strom.
211 761 336 789 Clemens
362 761 572 794 Alexandrinus,
599 766 625 788 et
649 769 774 797 quaenam
803 761 884 789 fuerit

90 807 284 844 (Egyptiorum
308 806 445 839 doctrina,
466 807 584 836 laudatis
608 806 722 834 Philone
742 810 769 834 et
789 806 879 842 Eupo~

933 209 1101 243 parentibus,
1113 217 1221 244 genere,
1235 210 1333 244 patria,
1346 210 1417 237 infra
1433 210 1536 246 aliquid
1548 220 1581 239 ex
1594 218 1716 242 veterum

932 255 1041 289 scriptis
1061 255 1252 283 delibabimus.

968 300 1045 332 lbid.,
1062 301 1110 328 lin.
1135 301 1159 327 ’1.
1185 302 1243 328 'l‘z‘
1266 302 1359 329 αὑτοῦ
1383 302 1532 336 δηλονότι.
1560 302 1622 331 Ιίωο
1644 305 1716 332 enim

931 354 993 373 cum
1022 347 1207 375 occultissima
1224 354 1327 380 essent,
1348 354 1375 376 et
1394 357 1502 376 omnem
1530 349 1655 378 humanae
1674 351 1717 378 in-

932 392 1087 427 telligentia:
1099 397 1207 428 captum
1223 394 1397 427 excederent,
1420 402 1474 421 non
1494 399 1599 430 poterat
1615 405 1718 432 cogno-

932 443 1009 465 scere
1022 438 1073 465 nisi
1087 438 1188 466 lumine
1201 440 1359 474 prophelico
1379 440 1542 469 illustratus.
1558 441 1617 469 Non
1632 442 1719 473 defuit

932 487 1022 511 tamen
1041 487 1067 511 et
1087 484 1204 511 humana
1225 485 1370 519 industria,
1392 491 1419 514 et
1444 487 1530 515 solers
1546 489 1718 525 prudensque

932 531 1002 557 tanti
1016 530 1066 557 viri
1082 531 1226 558 consilium
1240 540 1247 563 ;
1269 532 1368 559 etenim
1386 541 1446 568 quae
1466 534 1614 569 scripserat
1631 537 1718 570 potuit

933 583 947 602 a
962 576 1024 603 ﬁliis
1042 576 1083 603 vel
1107 577 1251 611 nepotibus
1270 576 1379 613 Josephi
1401 580 1561 614 patriarchae
1582 583 1717 616 excipere,

932 628 993 648 cum
1017 621 1087 649 inter
1109 621 1220 657 Iosephi
1247 628 1359 651 mortem
1380 629 1407 652 et
1424 629 1515 652 ortum
1532 626 1631 662 Moysis
1654 629 1719 656 anni

932 675 986 694 non
1009 669 1101 703 plures
1122 674 1238 703 quatuor
1265 674 1292 697 ct
1315 671 1455 706 sexaginta
1478 672 1720 702 interfuerintJo—

931 713 1032 748 sephus
1057 714 1151 741 habuit
1174 722 1189 741 a
1213 719 1290 750 patre
1317 724 1367 744 suo
1390 716 1503 748 Jacobo,
1535 716 1654 747 Jacobus
1683 720 1719 747 ah

932 759 1035 793 Isaaco,
1051 761 1160 790 lsaacus
1184 763 1218 790 ab
1242 764 1388 796 Abraham,
1408 765 1545 792 Abraham
1568 773 1583 792 a
1605 765 1666 794 Sem
1692 771 1720 795 et.

932 805 999 839 Noe,
1021 806 1077 835 Noe
1100 808 1134 835 ab
1155 816 1206 836 avo
1228 816 1277 837 suo
1299 809 1474 838 Mathusalem
1493 812 1538 846 qui
1559 812 1640 839 simul
1656 820 1719 840 cum

91 842 176 887 lenio,
197 854 322 888 explicat,
347 861 438 888 quem,
464 853 487 881 si
518 854 593 886 libet,
612 853 674 886 adi;
696 858 723 881 et
743 855 785 881 his
808 842 1015 881 antLBAdam
1041 854 1172 882 ducentos
1200 859 1226 883 et
1253 855 1430 892 quadraginta
1455 842 1511 885 tres
1536 865 1623 886 annos
1640 860 1718 891 vixit,

90 899 175 935 quior
197 898 323 926 Justinus
348 898 534 926 Cohortatione
556 900 589 926 ad
615 904 726 934 gentes:
743 901 811 936 Hap’
827 898 878 933 οἷς,

91 945 230 981 ,λεεγριῑίε
245 945 360 978 scilicet,
376 945 426 972 οὐκ
447 945 543 981 ἐτέχθη
571 945 692 981 Μωΰσῆς
708 946 797 980 μόνον,
812 945 879 972 ἀλλὰ

90 991 141 1017 καὶ
169 990 258 1025 πάσης
289 990 337 1026 τῆς
366 990 520 1024 Αἰγυπτίων
545 990 709 1022 παιδεύσεως
736 992 879 1026 μετασχεῖν

89 1036 196 1072 ἠξιώθη
221 1036 266 1063 διὰ
288 1036 319 1062 τὸ
340 1036 391 1063 ὑπὸ
411 1036 543 1073 θυγατρὸς
566 1037 695 1072 βασιλέως
722 1038 760 1068 εἰς
786 1037 880 1068 παιδὸς

89 1082 247 1118 ᾠκειῶσθαι
270 1081 370 1118 χώραν,
388 1083 435 1109 καὶ
458 1082 502 1109 διὰ
525 1082 573 1118 τὴν
596 1083 794 1118 προειρημένην
814 1083 880 1119 πρό-

91 1137 177 1163 φασιν
199 1128 297 1163 πολλῆς
317 1127 448 1163 ἠξιῶσθαι
473 1129 599 1163 σπουδῆς,
622 1129 659 1160 ὡς
685 1128 833 1165 ἱστοροῦσιν
855 1130 879 1155 οἱ

92 1175 243 1209 σοφώτατοι
256 1174 308 1200 τῶν
329 1175 551 1210 ἱστοριογράφων,
567 1176 590 1201 οἱ
609 1175 711 1201 καὶτὸν
728 1174 784 1209 βίον
797 1174 879 1201 αὑτοῦ

89 1221 141 1247 καὶ
154 1220 202 1252 τὰς
219 1220 341 1256 πράξεις,
357 1221 404 1247 καὶ
418 1221 448 1247 τὸ
463 1221 508 1247 τοῦ
525 1221 619 1256 γένους
637 1221 743 1257 ἀξίωμα
762 1221 881 1257 ἀναγρά-

91 1265 195 1301 ψασθαι
213 1265 396 1301 προελόμενοι,
411 1265 496 1291 Φίλων
519 1274 548 1292 τε
571 1266 616 1292 καὶ
635 1265 773 1301 Ἰώσηπος.
790 1266 881 1294 Philo-

93 1312 138 1340 nis
151 1312 227 1339 locus
240 1316 281 1339 est
298 1313 316 1339 1.
334 1320 342 1339 ι
359 1312 397 1339 De
410 1313 462 1339 vita
478 1312 588 1347 Moysis,
602 1321 663 1348 pag.
677 1313 749 1346 410;
769 1311 880 1347 .lnsephi

94 1357 112 1384 l.
129 1365 148 1384 ιι
164 1357 293 1385 Arclnzol.
312 1358 433 1390 Judaic.,
447 1367 473 1386 c.
488 1359 504 1386 5
520 1369 526 1386 ι
541 1363 566 1386 et
583 1359 652 1394 Aug.
669 1360 686 1386 l.
709 1367 776 1386 mn
791 1359 829 1386 De
843 1359 882 1386 ci-

94 1405 139 1432 rit.
159 1403 218 1436 Dei,
231 1412 255 1431 c.
271 1404 304 1432 57
319 1413 327 1432 :
347 1404 441 1432 Verum
454 1405 523 1440 quod
542 1406 677 1439 fatendum
692 1409 741 1438 est,
757 1414 807 1433 non
826 1406 882 1440 qui-

95 1451 153 1478 dem
167 1452 196 1478 in
215 1449 328 1484 Grazcia,
350 1451 394 1478 sed
418 1452 446 1478 in
469 1451 590 1478 barbaris
614 1451 744 1487 gentibus,
761 1452 829 1478 sicut
854 1451 881 1478 in

95 1497 222 1533 ﬂgypto,
227 1498 286 1532 jam
295 1498 383 1532 fuerat
398 1503 458 1525 ante
473 1497 590 1533 Jluysem
606 1498 733 1525 nonnulla
747 1492 878 1530 doctrina,

95 1552 153 1578 qui:
169 1543 277 1570 illorum
295 1544 425 1578 sapientia
447 1536 722 1579 diceretur;alioquin
741 1552 793 1571 non
811 1544 880 1571 scri-

95 1594 167 1624 ptum
189 1594 256 1617 esset
273 1590 300 1617 in
313 1589 387 1616 libris
408 1590 506 1617 sanctis
522 1589 639 1625 Moysen:
655 1591 787 1616 eruditum
800 1589 881 1625 fuisse

96 1638 166 1665 omni
187 1637 315 1671 sapientia
327 1636 524 1671 zEgyptiorum,
541 1641 602 1663 tunc
621 1637 709 1671 utique
727 1636 831 1671 quando
846 1636 882 1663 ibi

95 1689 173 1711 natus
189 1688 239 1715 est,
251 1687 275 1710 et
291 1691 308 1709 a
329 1682 387 1717 ﬁlia
406 1682 556 1710 Pharaonis
574 1681 725 1716 adoptatus,
741 1687 817 1717 atque
836 1690 882 1709 nu-

92 1730 174 1757 tritus
186 1729 265 1756 etiam
279 1729 423 1756 liberaliter
434 1728 560 1755 educatus
582 1733 631 1756 est.
648 1729 687 1755 Ex
707 1729 806 1763 quibus
819 1732 881 1755 Ver-

92 1777 146 1809 bis,
159 1776 232 1804 sicut
245 1776 327 1803 etiam
339 1779 366 1802 et
385 1783 416 1803 ex
434 1775 467 1802 iis
482 1782 542 1810 qua:
558 1782 640 1809 supra
655 1782 704 1809 pro
719 1775 881 1809 antiquitate

91 1822 198 1858 Moysis
213 1822 294 1849 allata
309 1825 381 1854 sunt,
398 1821 559 1849 manifestus
582 1829 659 1849 error
682 1820 805 1849 Philonis
821 1822 881 1848 loco

88 1871 149 1905 jam
165 1870 249 1902 dicto,
259 1869 306 1904 qui
322 1870 355 1896 ad
368 1868 545 1896 erudiendum
564 1867 682 1903 Moysem
700 1874 880 1903 prmeeptores

91 1924 151 1944 non
177 1920 282 1943 tantum
306 1923 321 1943 e
340 1915 509 1950 praefecturis
536 1913 645 1950 IEgypti
666 1915 808 1948 proximis,
833 1915 881 1942 sed

91 1963 178 1990 etiam
200 1962 306 1997 magnis
328 1962 447 1996 praemiis
474 1969 489 1989 e
509 1960 612 1988 Graecia
636 1960 720 1988 fuisse
732 1961 880 1988 invitatos:

90 2008 253 2035 Διδάσκαλοι
266 2007 289 2034 δ’
303 2007 382 2039 εὐθὺς
396 2006 540 2042 ἀλλαχόθεν
554 2006 627 2033 ἄλλοι
642 2007 777 2042 παρῆσαν,
793 2007 815 2032 οι
833 2007 881 2041 μὲν

92 2055 148 2081 ἀτῶ
162 2054 217 2081 τῶν
231 2053 434 2089 πλησιοχώρων,
451 2052 560 2079 καὶτῶν
571 2053 631 2079 κατ’
644 2053 778 2086 Αἴγυπτον
792 2052 882 2088 νομῶν

91 2100 311 2132 αὐτοκέλευστοι,
322 2099 346 2126 oi
365 2100 387 2126 δ’
405 2098 459 2126 ἀπὸ
479 2099 529 2135 τῆς
545 2094 666 2131 Ἑλλάδος
686 2100 732 2126 ἐπὶ
751 2099 881 2134 μεγάλαις

91 2147 209 2183 δωρεαῖς
236 2146 483 2182 μεταπεμφθέντες.
507 2145 540 2172 Ει
564 2145 677 2173 inferius
697 2155 703 2172 :
738 2145 881 2181 Ἀριθμοὺς

929 907 1009 934 quem
1027 907 1212 935 saepenumero
1233 905 1260 928 et
1285 902 1350 929 vidit
1376 907 1548 936 prmsentem,
1561 908 1588 930 el;
1606 904 1720 939 loquen-

931 953 984 978 tem
1007 946 1127 977 audivit,
1153 947 1323 982 plurimaque
1350 948 1384 975 ab
1403 956 1435 976 eo
1459 949 1493 977 de
1514 950 1597 977 rebus
1619 950 1719 979 divinis

929 991 1044 1019 edoctus
1060 995 1111 1019 est.
1132 990 1224 1019 Potuit
1242 1001 1306 1028 ergo
1325 993 1430 1029 Moyses
1457 994 1514 1021 haec
1530 996 1654 1030 quamvis
1675 996 1719 1023 di-

930 1038 992 1064 vina
1011 1037 1127 1064 humana
1143 1039 1248 1065 ratione
1265 1040 1414 1074 percipere,
1427 1044 1453 1066 et
1469 1039 1657 1076 :Egyptiorum
1675 1041 1721 1069 do-

930 1083 1017 1109 ctrina
1032 1083 1172 1117 explorata
1192 1083 1335 1111 verissima
1358 1088 1383 1111 et
1409 1084 1562 1111 certissima
1585 1085 1646 1112 aliis
1663 1088 1720 1112 tra-

930 1129 1004 1156 dere.

965 1174 1045 1207 lbid.,
1061 1174 1107 1203 lin.
1137 1175 1180 1201 10.
1203 1174 1258 1201 Καὶ
1281 1175 1389 1202 πολλοὶ
1414 1174 1471 1202 τῶν
1494 1174 1561 1210 παρ’
1577 1177 1718 1211 Ἕλλησι.

933 1219 1029 1247 Eadem
1040 1219 1143 1247 ratione
1157 1224 1183 1247 et
1194 1212 1359 1255 Theophilus
1373 1220 1405 1247 ad
1418 1221 1573 1256 Autolycum
1584 1222 1603 1248 l.
1616 1229 1646 1254 ιι,
1657 1222 1720 1256 plli-

933 1265 1108 1300 losophorum
1136 1273 1168 1293 ac
1195 1270 1335 1301 poetarum
1360 1273 1443 1301 super
1466 1274 1556 1294 rerum
1581 1268 1721 1296 creatione

932 1312 1029 1346 placita
1043 1319 1133 1339 meras
1157 1320 1217 1339 esse
1242 1320 1338 1347 nugas,
1362 1317 1442 1347 atque
1463 1313 1635 1347 garrulitates
1653 1313 1721 1342 fate-

930 1361 985 1389 tur,
1005 1357 1031 1385 in
1051 1358 1150 1392 quibus
1171 1365 1258 1393 neque
1280 1358 1442 1394 particulam
1463 1358 1584 1386 veritatis
1607 1366 1720 1388 cernere

931 1405 992 1440 quis
1007 1408 1105 1439 potest,
1127 1404 1209 1440 idque
1223 1405 1348 1432 venenati
1372 1412 1403 1431 ac
1423 1404 1557 1432 mortiferi
1580 1405 1720 1440 pharmaci

931 1451 1053 1486 exemplo
1069 1451 1221 1478 conﬁrmat.
1239 1451 1316 1478 Δοκεῖ
1329 1451 1356 1477 δὲ
1371 1450 1403 1477 τὰ
1418 1448 1470 1477 ὑπὸ
1488 1451 1542 1477 τῶν
1558 1450 1718 1487 φιλοσόφων,

932 1497 948 1532 ἢ
963 1496 1151 1533 συγγραφέων,
1167 1497 1213 1523 καὶ
1232 1496 1350 1532 ποιητῶν
1365 1497 1498 1532 εἰρημένα
1512 1496 1656 1530 ἀξιόπιστα
1670 1497 1719 1533 μὲν

931 1540 1011 1575 εἶναι,
1028 1542 1105 1578 παρὰ
1121 1541 1151 1569 τὸ
1167 1542 1265 1577 φράσει
1279 1542 1509 1569 κεκαλλωπίσθαι·
1529 1542 1618 1578 μωρὸς
1630 1542 1657 1570 δὲ
1672 1542 1720 1569 καὶ

932 1587 1009 1618 κενὸς
1024 1588 1038 1614 ὁ
1057 1586 1134 1621 λόγος
1149 1588 1236 1613 αὐτῶν
1251 1587 1403 1614 δείκνυται·
1427 1588 1468 1614 ὃτι
1489 1588 1572 1623 πολλὴ
1593 1589 1641 1623 μὲν
1656 1589 1720 1623 πλη⁴

932 1632 980 1665 θὺς
992 1633 1042 1668 τῆς
1061 1632 1193 1668 φλυαρίας
1210 1633 1298 1659 αὐτῶν
1321 1633 1389 1664 ἐστι,
1404 1633 1434 1660 τὸ
1449 1633 1527 1669 τυχὸν
1547 1633 1574 1660 δὲ
1589 1634 1639 1669 τῆς
1654 1634 1720 1670 ἀλη-

931 1678 1005 1710 θείας
1019 1680 1046 1705 ὲν
1065 1679 1155 1710 αὐτοῖς
1171 1679 1219 1713 οὐχ
1239 1679 1404 1714 εὑρίσκεται.
1429 1680 1483 1706 Καὶ
1494 1680 1547 1715 γὰρ
1562 1680 1589 1706 εἴ
1605 1689 1631 1706 τι
1647 1680 1720 1707 δοκεῖ

932 1725 1029 1761 ἀληθὲς
1043 1725 1075 1751 δι’
1091 1725 1178 1751 αὑτῶν
1201 1725 1421 1760 ἐκπεςωνῆσθαι,
1438 1725 1588 1762 σύγκρασιν
1610 1726 1665 1762 ἔχει
1684 1728 1719 1763 τῇ

932 1771 1029 1807 πλάνῃ.
1048 1771 1178 1808 Καθάπερ
1194 1771 1248 1806 γὰρ
1268 1772 1412 1807 φάρμακόν
1431 1781 1455 1799 τι
1480 1772 1641 1808 δηλητήριον
1657 1781 1721 1807 συγ-

931 1816 1031 1852 κραθὲν
1052 1816 1149 1852 μέλιτι,
1167 1816 1183 1852 ἢ
1201 1818 1274 1852 οἴνῳ,
1294 1817 1310 1853 ἢ
1337 1818 1422 1854 ἑτέρῳ
1439 1818 1502 1849 τινὶ,
1527 1818 1556 1845 τὸ
1574 1820 1627 1846 πᾶν
1650 1818 1721 1845 ποιετ

933 1863 1061 1899 βλαϐερὸν
1081 1864 1127 1889 καὶ
1141 1864 1286 1899 ἄχρηστον,
1301 1864 1371 1891 οὕτω
1393 1862 1440 1890 καὶ
1462 1866 1478 1899 ὴ
1494 1865 1523 1891 ἐν
1538 1865 1628 1896 αὺτοῖς
1643 1864 1721 1892 πολυ-

931 1910 1007 1945 λογία
1021 1911 1176 1946 εὑρίσκεται
1192 1911 1380 1946 ματαιοπόνια,
1392 1912 1438 1938 καὶ
1452 1911 1536 1947 βλάϐη
1552 1911 1653 1947 μᾶλλον
1663 1912 1720 1943 τοῖς

932 1956 1101 1991 πειθομένοις
1115 1956 1193 1992 αὐτῇ.
1210 1956 1393 1984 Dili‘erentiam
1412 1958 1488 1990 item,
1502 1965 1563 1993 qua:
1585 1961 1627 1985 est
1649 1957 1721 1985 inter

932 2003 1121 2038 philosophum
1142 2004 1279 2031 ethnicum
1304 2004 1388 2031 omni‘
1403 2004 1495 2031 divino
1519 2004 1620 2032 lumine
1636 2004 1722 2032 desti-

931 2053 1031 2080 tutum,
1056 2053 1082 2077 et
1107 2050 1298 2085 philosophum
1324 2050 1384 2078 tidei
1403 2050 1588 2078 fundamentis
1609 2051 1719 2083 l'ultum,

931 2097 1012 2123 etiam
1030 2096 1057 2123 in
1074 2096 1219 2124 Muralibus
1237 2097 1439 2132 elegantissime
1461 2098 1597 2132 expressit
1613 2097 1720 2125 Probus

930 2142 1259 2177 Constantinopolitanns,
1277 2143 1362 2177 Epist.
1381 2143 1415 2170 ad
1432 2143 1581 2176 Armenios,
1599 2144 1632 2171 de
1646 2143 1718 2172 ﬁde:

93 2194 145 2229 μὲν
158 2191 205 2220 οὖν
221 2193 269 2219 καὶ
283 2191 467 2228 γεωμετρίαν,
492 2192 541 2227 τήν
562 2199 591 2218 τε
607 2190 751 2227 ῥυθμικὴν,
767 2191 812 2217 καὶ
831 2191 880 2225 ἁρ-
895 2191 917 2218 D
930 2190 1070 2225 Διαφόρως
1081 2189 1109 2216 δὲ
1122 2189 1254 2225 ὡρίσαντο
1272 2190 1335 2225 περὶ
1345 2190 1447 2226 ταύτης
1467 2191 1495 2217 οἵ
1510 2200 1539 2217 τε
1552 2191 1604 2217 ὑπὸ
1616 2191 1721 2226 πλάνης

94 2239 221 2274 μανικὴν,
237 2239 285 2266 καὶ
306 2238 436 2275 μετρικὴν
454 2237 579 2273 θεωρίαν,
603 2237 651 2263 καὶ
677 2236 807 2271 μουσικὴν
829 2235 879 2270 τὴν

93 2285 242 2320 σύμπασαν
255 2285 300 2311 διά
316 2293 346 2311 τε
362 2285 484 2320 χρήσεως
508 2283 640 2319 ὀργάνων,
656 2283 703 2310 καὶ
723 2282 807 2315 λόγων
825 2280 879 2307 τῶν

91 2331 123 2358 ἐν
150 2332 210 2362 ταῖς
228 2330 347 2366 τέχναις,
370 2330 415 2356 καὶ
438 2329 561 2361 διεξόδοις
584 2327 778 2363 τοπικωτέραις
796 2327 880 2361 Λίγυ-

92 2376 181 2402 πτίων
193 2376 217 2402 οἱ
231 2375 314 2409 λόγιοι
329 2374 489 2409 παρέδοσαν,
505 2374 552 2400 καὶ
567 2372 678 2408 προσέτι
692 2371 739 2407 τὴν
753 2370 796 2398 διὰ
813 2380 880 2406 συμ-

93 2422 182 2450 ϐόλων
196 2421 361 2456 φιλοσοφίαν,
370 2421 403 2456 ἠν
417 2421 445 2446 ὲν
459 2421 514 2450 τοῖς
527 2418 681 2454 λεγομένοις
697 2418 777 2453 ίεροῖς
791 2418 880 2452 γράμ-

94 2475 180 2503 μασιν
198 2465 402 2497 ἐπιδείκνυνται,
418 2465 464 2491 καὶ
489 2463 532 2490 διὰ
553 2464 601 2498 τῆς
623 2463 676 2489 τῶν
695 2462 770 2494 ζώων
784 2461 880 2488 ἀποδο-

92 2510 158 2546 χῆς,
183 2509 200 2536 ἃ
225 2510 270 2536 καὶ
291 2509 359 2536 θεῶν
381 2510 472 2544 τιμαῖς
497 2508 673 2543 γεραίρουσι·
688 2507 736 2543 τὴν
758 2507 780 2533 δ’
797 2507 879 2542 ἄλλην

93 2556 238 2590 ἱγκύκλιον
251 2556 372 2583 παιδείαν
386 2555 512 2590 ’Έλληνες
526 2554 675 2581 ἐδίδασκον·
696 2555 719 2580 οἱ
734 2553 761 2581 δὲ
774 2555 806 2581 ἐκ
825 2554 879 2581 τῶν

94 2601 290 2638 πλησιοχώρων
313 2602 348 2628 τά
370 2610 398 2628 τε
415 2597 544 2637 ’Λσσύρια
568 2601 736 2636 γράμματα,
760 2601 807 2627 καὶ
830 2600 879 2636 τὴν

92 2647 149 2673 τῶν
179 2647 308 2682 οὐρανίων
337 2646 489 2682 Χαλδαῖκὴν
515 2647 678 2682 ἐπιστήμην.
706 2645 784 2673 Nulla
817 2651 879 2673 ante

95 2691 216 2729 Moysem
232 2693 258 2721 in
273 2693 378 2721 Graecia
392 2694 525 2726 doctrina,
542 2694 623 2721 nullze
640 2694 800 2729 disciplinae.
818 2701 879 2726 quae

95 2740 116 2766 si
131 2739 256 2772 fuissent,
271 2740 364 2775 utique
380 2740 484 2776 Moyses
496 2748 550 2767 non
566 2741 692 2767 omnibus
709 2739 818 2767 Gracia:
834 2747 880 2767 sa-

96 2786 234 2819 pientibus
247 2786 381 2821 antiquior
394 2796 401 2820 ;
417 2787 511 2822 sicque
530 2789 641 2813 rubrent
659 2787 749 2813 omnia
762 2786 878 2813 chrono-

95 2832 260 2867 graphorum
275 2837 443 2868 argumenta,
457 2834 556 2869 quibus
579 2833 766 2868 antiquitatem
790 2837 817 2860 et
831 2840 878 2860 ex-

932 2236 1076 2271 ἀγχόμενοι
1090 2235 1220 2270 Ἕλληνες
1236 2257 1243 2269 ,
1256 2236 1303 2263 καὶ
1323 2235 1353 2262 τὸ
1367 2236 1479 2272 ἀκριϐὲς
1495 2237 1546 2272 τῆς
1558 2237 1720 2273 διακρίσεως

933 2281 985 2309 ὑπὸ
1003 2283 1052 2318 τῆς
1069 2282 1134 2318 περὶ
1153 2282 1183 2309 τὸ
1206 2282 1283 2309 Θετον
1305 2282 1415 2317 ἀγνοίας
1429 2282 1659 2319 ὲπισκοτούμενοι,
1672 2283 1720 2309 καὶ

931 2329 956 2354 οἱ
972 2328 1015 2354 διὰ
1028 2328 1144 2360 πίστεως
1158 2329 1220 2360 τοὺς
1235 2328 1388 2363 ὀφθαλμοὺς
1400 2329 1449 2364 τῆς
1470 2329 1586 2361 διανοίας
1602 2338 1721 2364 πεφωτι-

934 2373 1025 2408 σμένοι
1049 2374 1226 2409 Χριστιανοὶ,
1246 2375 1293 2400 καὶ
1313 2373 1380 2409 πρὸς
1404 2374 1448 2400 τὸν
1472 2374 1521 2409 τῆς
1548 2374 1720 2410 δικαιοσύνης

932 2417 1006 2454 ἥλιον
1022 2419 1126 2454 τρανῶς
1140 2419 1184 2446 διὰ
1197 2420 1246 2455 τῆς
1267 2419 1410 2454 ὁμολογίας
1422 2419 1553 2451 ἀτενίζειν
1564 2420 1717 2455 δυνάμενοι.

933 2466 964 2492 Οἱ
982 2465 1030 2500 μὲν
1044 2465 1098 2501 γὰρ
1112 2467 1168 2497 τοῖς
1182 2465 1292 2497 οἰκείοις
1313 2465 1452 2501 λογισμοῖς
1471 2465 1564 2502 ὥσπερ
1579 2467 1608 2493 ὲν
1628 2467 1718 2493 σκότει

933 2511 1154 2547 προσπταίοντες,
1170 2511 1217 2537 καὶ
1233 2511 1448 2545 ἀνηγεμόνευτον
1462 2511 1568 2546 ἔχοντες
1587 2510 1639 2538 ὑπὸ
1656 2520 1720 2547 προ-

931 2556 1036 2592 λήψεως
1050 2552 1095 2582 τδν
1114 2555 1175 2582 νοῦν
1187 2556 1341 2590 ἐπισφαλῶς
1355 2556 1475 2582 ὁδεύουσι
1494 2558 1549 2588 τοῖς
1567 2556 1717 2592 λογισμοῖς,

934 2598 1016 2637 μόνην
1031 2602 1060 2627 ὲν
1075 2599 1115 2633 οἷς
1131 2601 1320 2637 δογματίζουσι
1341 2601 1518 2637 ψηλαφῶντες
1537 2603 1585 2638 τὴν
1603 2603 1717 2640 ῥέουσαν

932 2649 977 2676 καὶ
991 2648 1104 2675 ἄστατον
1119 2648 1172 2675 τῶν
1186 2648 1330 2685 ὁρωμένων
1343 2647 1437 2683 φύσιν·
1452 2649 1482 2675 τὸ
1497 2650 1525 2676 δὲ
1539 2650 1588 2683 τῆς
1601 2650 1717 2685 ἀληθοῦς

932 2695 1047 2732 θεωρίας
1062 2695 1147 2731 ὃμμα,
1168 2694 1184 2731 ἢ
1201 2694 1419 2730 ἀμϐλυώττοντες
1436 2695 1488 2723 ὑπὸ
1507 2696 1610 2731 χρόνου,
1629 2697 1645 2732 ἢ
1665 2706 1718 2734 πη-

933 2741 1062 2777 ρωθέντες
1079 2740 1132 2767 ὑπὸ
1160 2740 1274 2775 πλάνης,
1289 2740 1441 2767 ἀπώλεσαν.
1461 2741 1584 2776 Legenda
1605 2743 1717 2771 omnino

931 2792 974 2815 est
988 2787 1155 2822 lepidissima
1180 2786 1430 2822 facundissimaque
1454 2787 1572 2818 Hcrmizn,
1595 2790 1717 2824 philoso-

933 2834 978 2869 phi
995 2827 1219 2869 philosophorum
1235 2833 1377 2869 gentilium
1396 2833 1498 2867 irrisio,
1512 2834 1540 2862 in
1560 2843 1613 2870 qua
1632 2835 1717 2863 multa
