3952 6204
577 312 683 369 815

1905 304 2150 362 ιιιικηεῐε
2191 303 2463 358 ΑιιΑτιι

3624 311 3699 371 816

579 433 819 484 enarrat,
864 428 920 475 ut
967 419 1408 474 contrarietatem
1465 437 1584 490 qua
1632 421 1687 474 in
1718 435 1907 476 eorum
1951 421 2156 492 opinio-
2184 424 2229 480 Α
2255 417 2497 483 Pererio,
2527 423 2573 477 si
2624 423 2904 477 sententia
2932 421 3150 478 Joannis
3175 421 3281 476 Pici
3312 423 3376 476 ita
3407 423 3647 482 elaborata
3665 422 3704 482 ei

579 517 742 574 anus
771 521 853 569 est
884 511 1192 582 patefaciat.
1231 521 1284 567 et
1320 512 1727 582 inquisitionem
1773 525 1956 568 rerum
1988 528 2152 584 quam

579 601 886 670 suscipiunt
935 599 989 652 in
1035 598 1307 653 infinitum
1345 599 1566 669 vagari,
1609 609 1664 655 et
1712 601 1863 655 nullo
1924 601 2154 655 termino

577 692 864 754 contineri,
885 707 1180 761 eorumque
1205 691 1364 747 linem
1389 707 1511 747 esse
1536 691 1963 762 inexplicabilem
1993 701 2153 762 atque

577 784 845 844 inutilem,
881 783 1080 853 quippe
1111 784 1254 852 quod
1302 783 1448 836 nulla
1483 798 1541 838 re
1568 785 1824 848 evidenti,
1861 792 1915 838 et
1945 786 2156 840 ratione

577 874 864 946 perspicua
896 874 1270 929 confirmetur.
1304 874 1406 939 Qui
1451 890 1558 928 non
1587 881 1796 930 tantum
1825 892 2004 930 rerum
2044 882 2156 931 sta.

579 979 692 1023 tum
724 967 1052 1036 modumque
1093 981 1201 1021 non
1233 975 1624 1036 cognoverunt,
1658 968 1751 1022 sed
1796 969 2032 1022 maxima
2072 969 2156 1022 in-

577 1059 736 1116 scitia
779 1060 1051 1129 stultaque
1097 1058 1260 1112 animi
1293 1059 1638 1114 contentione
1669 1059 1946 1114 veritatem
1982 1060 2155 1130 ipsam

578 1166 893 1222 oppugnare
943 1166 1152 1206 summa
1199 1166 1302 1220 ope
1348 1151 1529 1205 conati
1581 1159 1742 1214 sunt,
1801 1151 2153 1223 Porphyrius.

580 1243 844 1306 Proclus,
891 1242 1200 1311 Eunapius.
1235 1241 1507 1307 Zosimus,
1554 1245 1904 1313 sexcentique
1948 1244 2038 1297 alii
2087 1243 2156 1299 de

579 1336 779 1406 quibus
811 1337 864 1388 in
898 1334 1124 1388 historia
1157 1348 1436 1389 sermones
1462 1335 1679 1406 prolixi.

652 1428 770 1481 Col.
792 1426 914 1488 709,
940 1427 1036 1480 lin.
1067 1424 1152 1480 12.
1187 1423 1261 1480 Τὰ
1286 1424 1395 1495 γὰρ
1431 1425 1499 1490 ἐξ
1525 1426 1924 1495 ἀνθρωπίνης.
1949 1424 2155 1481 Tamen

581 1519 1019 1592 quandocunque
1054 1517 1502 1587 philosophorum
1535 1519 1733 1588 placita
1769 1527 1930 1588 atque
1949 1519 2158 1573 doctri-

581 1627 664 1665 na
692 1626 720 1662 a
753 1611 978 1664 veritate
1011 1625 1120 1662 non
1150 1610 1424 1674 vacillant,
1448 1611 1538 1665 ubi
1573 1612 1711 1664 ratio
1742 1626 1930 1666 eorum
1965 1612 2156 1665 mani—

581 1706 720 1760 festa
761 1711 866 1767 est,
913 1712 1230 1772 certumque
1283 1705 1736 1773 experimentum,
1795 1719 1918 1758 cum
1982 1705 2154 1759 sacris

582 1796 780 1850 litteris
815 1795 1036 1848 minime
1061 1795 1350 1850 contraria
1381 1796 1510 1859 sint,
1559 1809 1667 1849 non
1713 1803 1799 1850 est
1842 1813 1942 1850 cur
1973 1797 2040 1851 ab
2072 1798 2152 1851 eis

582 1887 974 1941 abhorreamus
1019 1901 1032 1934 :
1084 1886 1284 1939 veritas
1318 1886 1462 1940 enim
1513 1897 1795 1942 Sacrarum
1848 1889 2150 1942 litterarum

581 1993 851 2048 nusquam
883 1977 1134 2031 humanis
1162 1978 1465 2032 rationibus
1495 1986 1549 2033 et
1600 1980 1987 2049 experimentis
2025 1996 2154 2034 con-

582 2071 750 2125 traria
780 2077 884 2126 est.
935 2067 1073 2122 Tuta
1105 2077 1189 2124 est
1215 2085 1378 2140 super
1409 2070 1510 2124 hoc
1534 2070 1821 2140 Angustlni
1864 2073 2151 2133 sententia,

583 2165 677 2222 lib.
704 2181 720 2217 ι
749 2166 802 2218 in
831 2163 1011 2220 Cenes.
1049 2165 1115 2218 ad
1139 2165 1322 2228 litter.,
1361 2179 1480 2234 cap.
1509 2165 1569 2217 21
1614 2188 1625 2218 :
1666 2164 1778 2218 lloc
1802 2165 2156 2219 indubitanter

585 2256 861 2311 tenendum
891 2267 988 2321 est,
1020 2267 1076 2310 ut
1108 2255 1360 2328 quidquid
1388 2259 1645 2325 sapientes
1680 2258 1840 2328 hujus
1886 2262 2068 2313 mundi
2093 2262 2155 2315 de

583 2359 778 2404 natura
806 2365 980 2403 rerum
1008 2352 1260 2402 ueraciter
1281 2349 1642 2404 demonstrare
1663 2354 1946 2420 potuerint,
1979 2364 2156 2408 osten-

585 2441 776 2495 damus
808 2443 1002 2494 nostris
1028 2442 1212 2494 litteris
1241 2457 1343 2494 non
1369 2458 1480 2495 esse
1507 2445 1830 2496 contrarium
1856 2463 1878 2509 ;
1906 2445 2155 2516 quidquid

587 2544 762 2587 autem
785 2533 867 2587 illi
897 2535 950 2586 in
982 2534 1094 2586 suis
1131 2532 1480 2587 voluminibus
1514 2537 1840 2588 contrarium
1879 2538 2046 2590 sacris
2070 2538 2158 2589 lit-

586 2627 712 2680 teris
739 2625 1073 2692 docenl,sine
1100 2625 1212 2677 ulla
1238 2623 1562 2678 dubitatione
1580 2628 1852 2680 credamus
1879 2625 1932 2680 id
1961 2629 2156 2696 falsum

584 2731 718 2779 esse,
759 2725 808 2769 et
846 2731 1051 2785 quoquo
1096 2714 1247 2769 modo
1279 2732 1554 2784 possumus
1588 2719 1745 2771 etiam
1772 2719 2103 2773 ostendamus
2135 2737 2156 2776 :

587 2815 742 2875 atque
787 2806 863 2858 ita
888 2814 1150 2859 teneamus
1177 2806 1333 2874 ﬁdem
1356 2805 1570 2860 Domini
1593 2809 1782 2868 nostri,
1814 2809 1870 2861 in
1907 2825 2008 2878 quo
2033 2804 2157 2863 suu‘

587 2897 883 2952 absconditi
911 2914 1088 2950 omnes
1120 2898 1352 2952 thesauri
1385 2901 1676 2967 sapientior,
1717 2912 1774 2955 ut
1811 2919 1971 2972 neque
2003 2904 2157 2973 [alsia

585 2987 927 3057 pltilosOpItia:
974 2987 1292 3057 loquacitate
1347 2990 1660 3046 seducamur
1691 3009 1852 3064 neque
1895 2996 2158 3052 simulata:

2187 1770 2228 1824 Β

2255 514 2534 582 explicata
2561 512 2848 568 dissonant
2893 529 2924 568 a
2958 514 3232 568 sententiis
3264 512 3461 585 Moysis,
3483 524 3707 590 textusquo

2254 604 2400 658 illius
2431 604 2781 660 discordant?
2813 605 2858 661 si
2893 604 3222 669 discordant,
3254 620 3364 675 qua
3398 614 3473 661 est
3513 607 3607 662 hac
3629 609 3709 666 dis-

2254 697 2572 751 cordantia?
2603 696 2858 760 fateatur,
2915 695 3108 751 deinde
3140 695 3520 752 animadvertat.
3574 696 3619 752 Si
3651 700 3711 756 itt-

2254 791 2462 844 harent
2495 790 2777 845 sententia
2802 789 3022 860 Moysis,
3049 796 3104 843 et
3137 788 3310 843 verbis
3334 798 3446 842 sunt
3473 803 3710 845 accommo-

2255 881 2417 946 data,
2455 890 2509 936 et
2553 889 2886 952 congruunt,
2930 895 3030 935 nec
3061 896 3089 934 a
3119 879 3386 934 Catholica
3415 881 3620 943 veritate,
3639 897 3712 934 nec

2255 981 2566 1028 sanctorum
2600 972 2820 1026 Patrum
2852 973 3015 1027 dictis
3043 972 3345 1027 abhorrent.
3388 971 3558 1040 utquid
3583 971 3714 1043 culpat

2256 1063 2628 1134 inculpatum?
2677 1063 3024 1119 Tentandum
3056 1071 3139 1119 est
3189 1064 3383 1133 aliquid
3424 1062 3634 1117 maximis
3654 1062 3716 1116 in.

2253 1156 2450 1226 geniis,
2480 1171 2600 1225 qua
2631 1154 2783 1210 frena
2818 1157 2928 1226 pati
2961 1157 3212 1211 nesciunt
3243 1196 3256 1220 ,
3284 1155 3505 1209 laxanda
3533 1161 3634 1208 sunt
3654 1152 3717 1208 in-

2253 1248 2398 1320 genii
2421 1249 2582 1311 vires,
2609 1263 2709 1304 nec
2750 1250 3143 1319 angustissimo
3168 1249 3494 1319 antiquorum
3530 1261 3634 1318 gyro
3656 1261 3721 1302 co-

2255 1355 2373 1394 rum
2416 1340 2647 1409 impetus
2681 1339 3032 1411 refringendi.
3089 1339 3210 1394 Hac
3245 1340 3395 1395 sicuti
3429 1336 3582 1397 laudo,
3610 1336 3723 1390 sicet

2254 1429 2500 1499 Cajetani
2562 1431 2886 1484 sententiam
2936 1430 3096 1484 initio
3130 1429 3606 1484 Commentariorum
3632 1439 3724 1480 suo-

2255 1535 2373 1573 rum
2425 1521 2479 1572 in
2538 1517 2779 1572 Genesim
2855 1518 3156 1582 accusavi;
3200 1534 3260 1572 ea
3311 1526 3476 1572 autem
3524 1526 3594 1570 est
3637 1511 3724 1569 :Si

2253 1611 2461 1680 quando
2499 1611 2784 1664 occurrerit
2845 1610 3036 1679 aliquis
3093 1625 3270 1662 sensus
3319 1607 3470 1662 textui
3511 1622 3723 1665 consonus.

2253 1702 2488 1772 quamvis
2518 1719 2551 1755 a
2585 1710 2812 1755 torrente
2856 1700 3134 1754 doctorum
3164 1699 3381 1762 alienus,
3408 1699 3548 1751 lector
3575 1713 3724 1764 aquam

2254 1810 2307 1847 sc
2342 1793 2570 1863 prabeat
2603 1810 2889 1858 censorem,
2917 1793 3197 1862 nullusque
3217 1791 3498 1852 detestetur,
3518 1788 3628 1858 quod
3648 1787 3726 1839 dis-

2254 1895 2399 1940 sonet
2433 1903 2463 1938 a
2486 1887 2670 1954 priscis
2703 1885 3027 1939 doctoribus.
3070 1883 3197 1938 Non
3237 1885 3368 1937 enim
3392 1881 3600 1951 alligavit
3629 1877 3724 1931 Dein

2253 1981 2628 2048 expositionem
2650 1979 2937 2046 Scriptura
2956 1981 3254 2047 priscorum
3271 1975 3518 2028 doctorum
3538 1970 3726 2030 sensibus,

2256 2073 2490 2143 alioquin
2521 2089 2633 2141 spes
2669 2073 2815 2126 nobis
2852 2073 3130 2125 tolleretur
3153 2070 3429 2139 exponendi
3456 2067 3726 2132 Scriptorum,

2257 2165 2358 2218 nisi
2407 2164 2790 2233 transferendo,
2838 2172 2895 2216 ut
2929 2165 3107 2225 aiunt,
3139 2163 3200 2214 de
3232 2159 3358 2214 libro
3387 2160 3437 2212 in
3457 2155 3729 2228 quinternuta.

2258 2252 2486 2310 Textum
2523 2265 2704 2310 autem
2739 2255 3006 2309 Eustathii
3052 2253 3303 2308 Gracum
3330 2252 3397 2304 ita
3430 2249 3622 2304 restituo
3649 2244 3729 2296 :Ti

2257 2349 2366 2420 γὰρ
2393 2349 2450 2414 ἐξ
2486 2347 2826 2420 ἀνθρωπίνης
2860 2347 3103 2410 διανοίας
3146 2343 3520 2416 περιφερόμενα
3555 2339 3732 2407 δόγματα

2259 2442 2441 2511 ἀσαφῆ
2471 2442 2726 2510 τυγχάνει
2754 2441 2848 2493 καὶ
2877 2441 3276 2510 ἀνερμάτιστα.
3325 2437 3550 2492 Consona
3574 2430 3730 2484 tandem

2260 2543 2388 2588 sunt
2422 2536 2583 2588 verba
2618 2532 2803 2588 Basilii
2861 2532 2916 2586 in
2947 2531 3327 2602 philosophos,
3360 2529 3492 2582 hom.
3523 2527 3540 2579 l
3570 2544 3581 2577 :
3609 2519 3731 2575 Πολλὰ

2259 2625 2388 2697 περὶ
2415 2624 2629 2694 φύσεως
2662 2623 3193 2696 ἐπραγματεύσαντο
3231 2623 3280 2674 οἱ
3305 2621 3407 2674 τῶν
3433 2619 3651 2686 Ἑλλήνων
3671 2628 3730 2664 oo-

2259 2717 2369 2785 φοὶ,
2396 2717 2490 2770 καὶ
2522 2715 2639 2768 οὐδὲ
2673 2711 2753 2778 εἷς
2781 2715 2910 2786 τὲαρ’
2936 2715 3123 2777 αὐτοῖς
3149 2705 3304 2780 λόγος
3324 2711 3528 2779 ἕστηκεν
3552 2705 3733 2773 ἀκίνητος

2259 2809 2352 2864 καὶ
2378 2811 2693 2875 ἀσάλευτος,
2710 2811 2796 2863 ἀεὶ
2821 2808 2914 2862 τοῦ
2939 2809 3202 2880 δευτέρου
3230 2809 3320 2864 τὸν
3339 2808 3436 2878 πρὸ
3463 2801 3597 2858 αὐτοῦ
3619 2813 3734 2852 uara-

2259 2901 2543 2966 ϐάλλοντος
2569 2920 2582 2933 ·
2607 2891 2746 2954 ὥστε
2775 2902 2906 2972 ἡμῖν
2949 2898 3119 2971 μηδὲν
3148 2897 3307 2970 ἔργον
3338 2893 3463 2950 εἶναι
3486 2894 3545 2946 τὰ
3575 2887 3734 2944 ἐκείναιν

2260 2995 2532 3066 ἐλέγχεινο
2572 2993 2798 3066 ἀρκοῦσι
2840 2993 2946 3065 γὰρ
2993 2993 3250 3064 ἀλλήλοις
3303 2992 3430 3062 πῴς
3471 2987 3553 3058 τὴν
3590 2980 3732 3036 οἰκείαν

587 3080 858 3151 religionis
890 3081 1261 3150 superstitione
1285 3091 1595 3140 terreamur.
1624 3084 1690 3138 Et
1723 3096 1784 3142 ut
1819 3088 1872 3142 in
1908 3103 1967 3142 re
1995 3090 2148 3146 nimis

2185 3107 2227 3164 (ε
2260 3089 2592 3161 ἀνατροπὴν.
2629 3087 2691 3141 Et
2725 3089 2870 3143 hom.
2913 3087 2948 3141 ὅ
2978 3103 2991 3138 :
3021 3087 3138 3142 Kal.
3169 3086 3222 3140 τί
3251 3087 3330 3140 δεῖ
3367 3084 3610 3156 πράγματα
3634 3075 3729 3145 ἔχειν

589 3175 788 3246 agitata
815 3183 868 3230 et
893 3183 1262 3240 controversa,
1291 3173 1466 3230 dicam
1495 3176 1638 3246 quod
1665 3179 1896 3234 sentiam
1932 3181 2098 3236 libere
2140 3197 2156 3234 :

590 3269 819 3340 Semper
852 3269 975 3322 illos
1003 3266 1362 3322 stultissimos
1395 3267 1724 3331 existimavi,
1779 3270 1873 3339 qui
1929 3271 2002 3324 ita
2036 3278 2164 3325 sunt

589 3361 949 3433 philosophia
994 3368 1049 3414 et
1071 3359 1396 3413 cultioribus
1431 3359 1626 3414 litteris
1649 3359 1866 3424 infensi,
1893 3370 1950 3415 ut
1978 3379 2043 3417 ne
2068 3378 2165 3417 au-

589 3455 760 3510 ditum
794 3454 1010 3525 quidem
1037 3469 1223 3508 earum
1257 3455 1592 3522 permittant.
1622 3455 1736 3509 Alia
1760 3456 1938 3509 omnia
1967 3457 2034 3512 ab
2057 3457 2164 3514 illis

589 3547 812 3603 habent.
848 3545 1251 3615 Scripturaque
1290 3545 1453 3598 verba
1484 3545 1556 3599 ita
1598 3546 1922 3616 detorquent
1967 3557 2026 3601 ut
2053 3566 2162 3605 non

591 3638 742 3694 illius
773 3638 1125 3702 sententiam,
1151 3637 1244 3692 sed
1273 3637 1402 3707 quid
1433 3637 1607 3692 exteri
1644 3640 1916 3694 senserint
1944 3642 2163 3697 curiose

591 3730 929 3800 perquirant,
962 3735 1015 3782 et
1040 3728 1111 3781 ita
1145 3728 1359 3782 illorum
1390 3731 1671 3785 sententia
1695 3729 2032 3801 Scripturam
2065 3749 2159 3788 ac-

593 3821 965 3878 commodant.
1001 3819 1092 3875 Na
1122 3837 1336 3891 semper
1358 3822 1434 3876 uti
1465 3824 1920 3892 prudentissimos
1947 3826 2158 3880 laudavi

592 3930 687 3969 eos
717 3915 808 3984 qui
834 3915 1078 3969 rationes
1108 3914 1376 3969 lmmanas
1424 3931 1660 3986 veraque
1692 3919 2061 3988 experimenta
2088 3922 2160 3974 ita

592 4006 888 4076 explicant,
914 4015 973 4059 ut
1009 4005 1150 4060 idem
1185 4019 1308 4059 cum
1336 4006 1536 4062 divinis
1583 4008 1782 4064 litteris
1817 4013 2017 4068 sentire
2047 4015 2161 4068 cla-

592 4099 811 4154 rissime
841 4098 1238 4160 demonstrent,
1274 4107 1327 4153 et
1359 4107 1592 4156 mentem
1635 4101 1847 4156 illorum
1877 4121 1999 4158 cum
2034 4123 2162 4161 vero

595 4191 895 4260 Scriptura
943 4205 1108 4245 sensu
1159 4205 1459 4261 congruere
1502 4192 1875 4250 elliracissimc
1905 4199 2157 4265 probant.

593 4280 855 4346 Quamvis
901 4281 1044 4334 enim
1085 4282 1283 4336 divina
1336 4283 1528 4338 littera
1561 4287 1708 4339 nullo
1752 4286 2024 4357 indigeant
2065 4304 2154 4342 ex-

593 4380 754 4426 terno
783 4373 1045 4439 subsidio,
1084 4374 1176 4428 sed
1204 4385 1416 4428 suomet
1449 4375 1633 4430 divino
1661 4379 1853 4447 spiritu
1895 4379 2044 4434 fulta
2072 4397 2154 4436 ve-

593 4465 810 4518 ritatem
848 4464 980 4518 nulli
1039 4463 1257 4518 dubiam
1302 4466 1556 4519 omnibus
1609 4468 1960 4523 manifestam
2003 4490 2016 4525 :
2051 4489 2159 4527 non
2193 4455 2242 4515 υ

593 4565 678 4610 est
708 4564 886 4611 tamen
919 4556 988 4611 ab
1013 4571 1199 4610 earum
1233 4557 1515 4624 majestate
1534 4565 1588 4611 et
1611 4559 1874 4628 dignitate
1924 4563 2160 4618 alienum

592 4657 647 4703 et
688 4647 1026 4709 indecorum,
1069 4648 1114 4701 si
1168 4647 1313 4702 illius
1349 4648 1590 4703 veritatis
1643 4658 1849 4705 tantam
1891 4668 2011 4708 esse
2053 4655 2162 4709 vim

592 4756 992 4813 cognoscamus
1019 4742 1089 4794 ita
1137 4749 1192 4794 nt
1222 4749 1275 4794 et
1308 4740 1430 4794 aliis
1459 4742 1592 4796 satis
1626 4751 1816 4812 patens
1847 4744 2009 4800 fuerit
2043 4762 2162 4801 ma-

595 4833 873 4890 nifestata.
896 4832 1172 4887 Immerito
1203 4832 1384 4901 itaque
1405 4833 1459 4885 in
1489 4831 1697 4899 Genes.,
1717 4835 1812 4890 lib.
1842 4852 1879 4897 ι.
1912 4837 2163 4893 Pererius

595 4923 944 4994 reprehendit
1001 4922 1263 4978 Joannem
1318 4921 1504 4978 Picum
1563 4925 2020 4993 Mirandulanum,
2070 4933 2162 5001 qui

595 5033 763 5087 super
791 5023 954 5085 caput
1010 5017 1241 5086 primum
1285 5017 1559 5073 Geneseos
1596 5019 1911 5087 Ileplaplum
1944 5037 2166 5094 compo-

597 5115 804 5173 suerat,
837 5115 890 5162 et
919 5117 1124 5177 septem
1161 5123 1329 5162 novas
1375 5110 1766 5180 expositiones,
1799 5112 2165 5185 doctrinaque

598 5199 798 5272 Moysis
830 5199 896 5254 de
951 5201 1209 5268 operibus
1243 5215 1334 5254 sex
1393 5199 1603 5254 dierum
1640 5217 1667 5255 a
1720 5203 1870 5257 nullo
1922 5207 2163 5274 priorum

597 5294 925 5364 scriptorum
963 5301 1220 5355 tentatas,
1257 5306 1286 5343 a
1320 5306 1379 5345 se
1421 5304 1602 5347 autem
1662 5294 1838 5364 primo
1875 5297 2162 5367 cogitatas,

598 5383 868 5444 iuventas.
894 5386 1221 5447 elaboratas,
1261 5387 1638 5455 perfectasque
1671 5389 2046 5458 pertractavit,
2100 5389 2166 5442 li-

599 5473 864 5544 brumque
897 5476 1044 5529 illum
1083 5490 1272 5546 parum
1312 5476 1376 5530 ad
1397 5476 1701 5531 doctrinam
1736 5476 1936 5548 Moysis
1964 5478 2164 5530 intelli-

599 5563 828 5633 gendam
879 5567 1200 5622 conducere.
1256 5569 1584 5633 Quasissem
1637 5569 1824 5638 utique
1868 5570 2098 5623 libenter
2131 5585 2159 5622 a

610 5757 618 5782 ι
681 5740 702 5776 ⁸
734 5737 881 5796 Psal.
919 5747 1120 5810 τηυξ.
1198 5749 1217 5780 ⁸
1246 5749 1272 5801 1
1314 5749 1445 5803 Tim.
1466 5767 1539 5814 vi,-
1568 5752 1649 5806 l6.
1725 5749 1925 5806 'Joan.
1963 5751 2166 5814 xvu,5.

2264 3181 2410 3254 ἡμᾶς
2451 3180 2511 3233 τὸ
2552 3179 2742 3249 ψευδὲς
2792 3179 2969 3232 αὐτῶν
3016 3178 3414 3249 διελέγχοντας,
3457 3169 3524 3237 οἷς
3563 3165 3730 3238 ἐξαρκεῖ.

2262 3272 2361 3336 τὰς
2380 3270 2559 3324 αὐτῶν
2583 3271 2804 3323 ἐκείνων
2827 3269 3036 3340 βίϐλους
3058 3269 3321 3338 ἀλλήλαις
3349 3259 3728 3332 ἀντιπαραθέντιςο

2263 3365 2320 3419 ὲν
2336 3365 2535 3436 ἡσυχίᾳ
2559 3363 2726 3433 πολλῇ
2747 3361 2942 3424 θεατὰς
2963 3360 3145 3415 αὐτῶν
3163 3360 3256 3413 τοῦ
3284 3359 3499 3428 πολέμου
3515 3349 3726 3421 καθῆσθαεῖ

2263 3455 2399 3511 Οὔτε
2451 3456 2558 3527 γὰρ
2603 3454 2820 3526 ἀριθμῷ
2865 3453 3142 3517 ἐλάττους,
3197 3453 3318 3506 οὕτε
3372 3448 3580 3516 ἀξιώματι
3612 3443 3722 3508 '3?“—

2267 3551 2435 3620 μένοι,
2461 3548 2772 3620 πολυφωνίᾳ
2793 3545 2848 3600 δὲ
2872 3548 2964 3600 καὶ
2985 3548 3138 3618 παρὰ
3166 3547 3302 3601 πολὺ
3331 3545 3606 3613 διαφέροντες
3626 3532 3724 3604 πρὸς

2261 3639 2321 3691 τὸ
2352 3637 2589 3691 ἐναντίον
2623 3637 2806 3698 αὐτοῖς
2841 3634 3322 3688 ἀντικαθίστανται
3352 3632 3505 3698 λόγον.

2332 3733 2493 3796 lbid.,
2525 3731 2620 3785 lin.
2671 3729 2752 3783 l9.
2814 3723 3136 3792 Ἐποίησεν
3167 3730 3201 3780 ὀ
3236 3725 3375 3790 Θεὸς
3413 3723 3502 3776 τὸν
3531 3712 3724 3784 οἰῬανδν-

2262 3827 2419 3881 Circa
2469 3825 2631 3894 hujus
2688 3823 2791 3876 loci
2848 3820 3251 3892 expositionem
3291 3835 3319 3872 a
3358 3811 3622 3886 quibusdam
3655 3804 3725 3854 Au-

2263 3919 2515 3990 gustinus
2572 3915 2886 3986 Eugubinus
2945 3913 3142 3967 acerbe
3201 3910 3475 3966 admodum
3519 3900 3725 3990 reprehen-

2263 3987 2431 4075 ditur,
2463 4016 2517 4062 rt
2561 4009 2680 4075 e;us
2713 4006 2984 4076 expositio
3016 4006 3184 4060 veluti
3230 4005 3360 4058 falsa
3391 4011 3438 4056 et
3467 3987 3723 4068 perabsurda.

2263 4113 2312 4158 et
2357 4120 2384 4157 a
2431 4102 2737 4157 Christiana
2788 4100 3079 4171 disciplina
3131 4099 3427 4153 abhorrens
3467 4108 3556 4147 non
3591 4088 3724 4142 solum.

2263 4197 2356 4251 sed
2388 4195 2645 4262 tanquam
2687 4205 2998 4262 perversum
3039 4201 3092 4245 et
3137 4191 3361 4261 impium
3413 4187 3575 4256 dogma
3601 4173 3724 4262 cipit)-

2263 4290 2432 4344 ditur.
2465 4260 2565 4340 Hic
2605 4260 2838 4354 namque
2866 4285 2920 4337 in
2962 4299 3060 4338 sua
3093 4260 3433 4350 Cosmoptria,
3459 4286 3503 4332 et
3531 4279 3650 4328 tract.
3677 4260 3727 4316 ll!

2265 4381 2468 4434 naturis
2515 4379 2854 4445 incorporcis,
2887 4375 3078 4429 scribit
3124 4375 3322 4428 calum
3368 4369 3724 4438 empyreumesso

2267 4467 2544 4537 quidpiam
2595 4477 2855 4519 aternum
2902 4473 2956 4518 et
3021 4465 3346 4525 increatum,
3393 4460 3482 4514 hoc
3528 4461 3608 4517 est,
3645 4458 3725 4537 Mt

2268 4535 2464 4622 lucem,
2511 4567 2564 4612 et
2611 4556 2912 4611 claritatem
2954 4555 3245 4624 quamdam
3294 4558 3566 4608 manantem
3596 4558 3642 4596 ex
3665 4535 3723 4590 Dii

2267 4649 2523 4710 essentia,
2571 4648 2624 4701 in
2668 4661 2772 4716 qua
2815 4645 2958 4700 Deus
2999 4655 3103 4709 est,
3145 4653 3201 4700 et
3238 4645 3303 4699 ad
3342 4643 3487 4713 cujus
3522 4631 3726 4709 participa-

2268 4743 2470 4796 tionem
2522 4749 2684 4810 atque
2736 4737 3049 4793 fruitionem
3095 4744 3208 4791 tam
3263 4737 3387 4790 boni
3430 4728 3572 4800 angeli
3609 4729 3721 4810 qu‘f“

2266 4835 2365 4890 viri
2407 4835 2539 4904 justi
2579 4807 2959 4888 admittuntur.
3015 4829 3138 4885 llac
3185 4829 3332 4883 enim
3361 4833 3456 4888 cst,
3492 4807 3720 4912 inquitpilla

2267 4936 2468 4983 aterna
2495 4927 2584 4980 lux
2616 4935 2669 4980 et
2699 4925 2925 4979 claritas
2959 4923 3072 4982 Dei.
3107 4937 3229 4992 qua
3272 4921 3325 4974 in
3357 4918 3586 4985 Scriptuga
3608 4909 3723 5000 loli?!

2265 5019 2428 5091 justis
2474 5017 2785 5072 hominibus
2821 5029 2921 5086 pro
2968 5012 3218 5068 mercede
3268 5010 3495 5064 laborum
3535 4997 3723 5091 promdll'

2269 5083 2390 5167 tur:
2425 5113 2492 5168 de
2511 5127 2617 5183 qua
2645 5083 3052 5181 intelligendum
3086 5114 3237 5177 putat
3277 5101 3400 5157 illud
3427 5095 3546 5168 quod
3572 5093 3620 5145 de

2270 5209 2324 5262 in
2345 5206 2479 5277 psal.
2499 5220 2592 5258 CIII
2639 5203 2787 5257 canit
2809 5201 2998 5265 David,
3035 5200 3272 5253 Amictus
3295 5196 3473 5250 lumine
3491 5191 3597 5244 sicut
3620 5186 3716 5234 κείν

2269 5308 2440 5354 mento
2475 5301 2489 5329 '
2517 5318 2530 5362 ;
2562 5306 2616 5352 et
2647 5295 2776 5350 illud
2807 5294 2960 5347 Pauli
2984 5312 2995 5346 :
3019 5292 3119 5358 Qui
3145 5291 3308 5344 lucem
3354 5287 3533 5340 habitat
3560 5280 3719 5362 insuti-

2269 5391 2467 5444 sibilent
2496 5359 2550 5456 ’,ς
2581 5398 2632 5443 et
2661 5388 2788 5443 illud
2823 5386 3032 5440 Domini
3069 5385 3206 5454 apud
3243 5381 3516 5437 Joannem:
3545 5359 3722 5428 Clonii“

2270 5497 2379 5541 me,
2445 5491 2498 5532 tu
2563 5479 2755 5544 Pater,
2811 5477 3054 5529 claritate
3101 5489 3255 5544 quam
3306 5468 3454 5522 habui
3500 5460 3721 5554 priiuttttnl|

2271 5575 2494 5628 mundus
2541 5573 2708 5641 ﬁeret,
2759 5569 2898 5639 apud
2942 5579 2988 5622 te
3023 5564 3330 5636 ’.l~‘.jusdem
3368 5558 3491 5614 luris
3524 5553 3724 5623 sptcimen
