1962 3484
144 134 197 163 817

636 131 670 158 IN
690 130 875 159 EUSTATHII
897 128 1131 157 HEXAEMERON
1148 128 1263 157 N018.

144 191 282 229 quoddam
308 190 400 217 datum
428 193 469 217 est
494 189 522 217 ln
549 188 790 224 transﬁguratione
817 187 926 214 Domini
940 192 963 218 Α
977 186 1099 215 Platonis
1123 187 1196 213 varie
1214 185 1342 221 explicat,
1361 191 1388 212 et
1409 185 1529 212 ratione:
1550 184 1636 220 aperit
1651 184 1765 214 Proetus

146 237 243 269 nostri,
251 241 277 264 et
284 236 311 263 in
321 236 388 263 rubo
399 235 542 271 Moysis,et
555 235 580 262 in
592 234 651 269 ejus
660 234 734 263 vultu
742 241 774 262 ex
782 234 927 268 coll0quio.

148 288 175 310 et
192 281 387 310 consuetudine
406 289 468 308 cum
489 280 542 308 Deo
560 281 652 308 habita
675 288 758 315 supra
779 280 928 308 humanum

147 328 272 356 obtutum
299 327 505 362 resplendente;
530 330 556 353 et
580 326 650 354 hanc
674 333 751 354 suam
773 326 928 361 opinionem

145 373 290 400 confirmat
311 372 467 400 testimonio
493 371 586 399 Basilii
614 371 714 406 Magni.
737 372 782 406 qui
813 371 886 399 hom.
912 371 930 397 2

145 425 226 451 super
251 416 370 444 Genesim
394 417 477 444 tradit
492 417 586 444 eadem
608 417 699 444 omnia
722 417 818 445 iisdem
838 417 930 444 verbis

146 471 211 499 qua
229 467 256 491 et
278 467 372 491 noster
390 462 550 490 Eustathius
567 470 629 498 pag.
647 462 691 490 50.
707 462 782 490 Hanc
797 462 930 498 Eugubini

146 509 310 537 sententiam
325 509 349 537 si
361 509 421 544 quis
435 509 499 536 velit
512 509 667 541 defendere,
677 509 752 536 omni
767 509 824 544 ipse
840 508 931 537 defen-

146 555 226 582 sione
246 554 375 589 indignus
398 554 460 582 erit.
477 553 583 581 leum
606 561 761 589 empyreum
785 553 855 581 Deus
876 562 931 581 non

147 603 202 632 est,
216 599 353 635 quomodo
371 608 435 636 ergo
449 603 592 632 aternum,
611 600 746 635 quomodo
762 600 931 628 increatum'!

146 644 208 672 Lux
233 644 291 672 haec
315 649 407 671 manat
432 652 465 672 ex
488 644 536 672 Dei
558 644 687 675 essentia,
706 643 842 678 quomodo
867 650 932 678 ergo

146 691 248 718 caelum
270 691 448 726 empyreum?
471 694 497 717 et
522 691 545 718 si
563 690 662 718 coelum
685 697 842 725 empyreum
861 688 932 716 Deus

146 740 203 768 est,
221 736 356 771 quomodo
372 735 513 771 Scriptura
528 744 583 764 non
597 736 698 763 insanit
718 735 751 762 de
766 736 812 763 illo
826 736 931 767 dicens,

149 784 183 811 In
200 784 328 818 principio
347 784 442 810 creavit
463 782 531 816 Deus
546 783 638 810 calum
653 783 664 799 ⁸
675 783 686 809 ?
699 791 838 818 nunquam
859 783 933 809 dice-

150 837 210 858 rem
225 837 282 857 rem
297 829 418 865 ejusdem
433 836 494 856 cum
505 828 696 857 Deoessentiae
707 836 760 855 non
769 836 829 856 esse
838 827 930 855 Deum.

979 232 1101 261 Commen
1105 237 1155 261 tor.
1165 234 1191 260 in
1202 232 1341 265 Timarum,
1347 235 1373 259 et
1381 231 1476 259 Cicero
1480 234 1560 259 etiam
1568 239 1587 258 ιι
1597 230 1634 258 De
1640 235 1696 258 nat.
1704 230 1766 258 deo-

979 287 1048 310 rum.
1057 279 1137 313 Quid,
1145 279 1244 314 inquit,
1253 277 1389 312 pulchrius
1395 285 1426 304 ea
1435 277 1531 312 ﬁgura.
1543 284 1600 312 qua
1610 276 1668 303 sola
1678 285 1765 304 omnes

982 328 1050 355 alias
1059 328 1159 362 ﬁguras
1170 325 1304 358 complexa
1315 324 1553 359 continet,qquue
1563 322 1628 350 nihil
1637 324 1767 358 asperita-

982 375 1016 402 tis
1023 373 1127 404 habere,
1139 371 1203 401 nihil
1215 370 1367 406 offensionis
1384 369 1674 405 patest,nihilincisum
1688 376 1768 404 angu-

982 421 1026 453 lis,
1039 417 1288 452 nihilanfractibus,
1299 416 1365 443 nihil
1377 416 1504 447 eminens,
1516 414 1582 441 nihil
1595 414 1767 442 lacunosum?

981 465 1127 494 Alcinoriaa
1150 464 1353 491 lntroductione
1372 462 1399 489 in
1415 461 1539 488 Platonis
1556 461 1766 496 philosophiam.

981 512 1077 548 Σχῆμα
1087 511 1109 538 δ’
1117 509 1190 545 αὐτῷ
1198 508 1343 545 περιέθηκε
1349 508 1379 534 τὺ
1386 507 1562 543 σφαιροειδὲς,
1571 506 1770 542 εὐμορφότατον

983 557 1139 593 σχημάτων,
1149 556 1195 582 καὶ
1203 555 1310 590 πολυχω
1314 553 1424 589 ρὸτατον
1430 552 1478 580 καὶ
1483 552 1696 587 εὐκινητότατον.
1705 551 1770 585 Qua

982 611 1037 631 non
1055 609 1207 638 repugnare
1227 600 1330 628 divinis
1353 599 1462 630 litteris,
1479 598 1545 633 quin
1570 598 1633 625 inde
1652 606 1706 625 non
1721 598 1770 625 ob-

984 657 1063 677 scure
1077 648 1181 683 colligi,
1205 646 1363 674 confirmari
1385 649 1475 680 potest
1491 652 1524 671 ex
1542 644 1596 671 illis
1613 644 1703 671 verbis
1718 644 1771 670 ini-

983 696 1022 722 tio
1038 694 1237 722 Ecclesiastes:
1254 693 1302 720 Sol
1319 692 1425 723 occidit,
1441 696 1465 718 et
1487 692 1512 718 in
1534 690 1620 717 lacum
1640 698 1715 717 suum
1730 699 1771 717 re-

984 741 1104 772 vertitur,
1115 739 1200 774 ibique
1211 747 1349 766 renascens
1363 743 1441 774 gyro!
1455 745 1500 771 per
1524 736 1660 763 meridiem
1675 741 1699 763 et
1722 737 1770 770 fle—

985 788 1065 814 ctitur
1088 786 1121 813 ad
1139 785 1307 821 aquilonem:
1324 785 1441 811 lustrans
1465 784 1586 810 universa
1611 783 1637 809 in
1661 783 1773 809 circuitu

984 833 1068 868 pergit
1079 832 1200 866 spiritus,
1216 836 1240 858 et
1252 832 1279 858 in
1292 830 1405 858 circulos
1421 838 1482 857 suos
1496 829 1634 856 revertitur
1648 829 1669 856 '.
1686 828 1773 861 Quare

147 875 211 903 Lux
233 882 296 911 ergo
317 874 374 902 haec
393 878 450 908 tua,
464 878 491 902 et
511 874 609 902 coelum
624 882 779 910 empyreum
797 874 875 902 Deus
883 878 935 908 est,

990 879 1167 915 Hieronymus
1190 879 1217 906 in
1238 877 1338 905 Comm.
1356 884 1416 912 cap.
1430 885 1446 903 v
1469 875 1555 911 Epist.
1581 874 1616 902 ad
1647 874 1772 909 Ephesios

147 925 177 948 et
200 926 316 953 creator,
331 925 357 948 et
370 928 479 949 rursum
494 920 634 949 diversum
656 928 670 947 a
690 920 743 948 Deo
759 926 785 948 et
799 924 934 947 creatura.

148 966 243 1002 Neque
267 967 398 995 sententia
426 966 560 994 Eustathii
584 970 611 994 et
638 966 741 1000 Basilii,
764 975 832 1001 quos
854 968 937 994 etiam

148 1013 258 1040 videtur
272 1016 383 1040 secutus
397 1012 586 1040 Theodoretus
602 1012 630 1039 in
648 1012 778 1044 Genesim,
797 1016 823 1040 et
838 1012 938 1040 Metho-

148 1059 233 1091 dius,
252 1058 310 1087 sive
332 1057 495 1086 Timotheus
517 1060 659 1094 presbyter
678 1058 937 1094 llierosolymitanus

148 1105 274 1132 oratione
288 1105 315 1130 in
331 1105 526 1139 Hypapanlcm,
544 1105 618 1132 illius
626 1106 789 1132 sententiam
809 1106 936 1140 probant,

149 1157 203 1177 nec
228 1149 335 1185 pondus
361 1149 476 1183 addunt,
504 1158 554 1178 nec
583 1150 749 1179 ﬁrmitatem.
779 1149 885 1178 Etenim
910 1149 938 1177 hi

150 1193 248 1222 Patres
269 1195 356 1223 lucem
376 1195 449 1222 illam
480 1196 512 1231 et}
525 1196 676 1224 claritatem
692 1204 771 1232 quam
790 1197 938 1224 increatam

150 1243 286 1272 statuunt,
312 1239 447 1267 diversam
471 1240 505 1268 ab
529 1248 561 1268 ea
583 1248 644 1276 quas
666 1249 718 1268 una
736 1250 796 1268 cum
815 1241 895 1273 cmlo,
911 1245 939 1268 et
965 1259 969 1263 -

149 1290 239 1317 terra,
255 1290 282 1313 et
300 1286 394 1313 eadem
414 1287 519 1314 ratione
540 1295 594 1321 qua
616 1287 715 1314 coelum
730 1291 758 1314 et
781 1291 853 1314 terra
873 1294 939 1322 pro-

148 1332 236 1360 ducta
258 1336 312 1365 est,
344 1333 469 1368 quamvis
499 1333 581 1360 nullis
611 1333 750 1366 tenebris,
777 1333 844 1360 nulli
875 1341 938 1360 cor--

149 1378 284 1413 ruptioni.
302 1378 371 1405 nulli
393 1378 509 1413 tempori
528 1378 646 1406 obnoxia
663 1378 708 1410 sit,
732 1386 786 1405 non
806 1378 939 1405 allirmant

148 1430 215 1451 esse
236 1424 334 1451 caelum
357 1431 525 1459 empyreum,
548 1431 598 1451 nec
620 1424 718 1451 coelum
741 1424 807 1451 illud
829 1424 862 1452 de
885 1432 939 1459 quo

151 1469 273 1501 dicitur,
289 1468 321 1496 In
341 1469 467 1504 principio
484 1469 582 1496 creavit-
596 1468 666 1496 Deus
684 1469 776 1496 calum
790 1474 814 1496 et
830 1474 937 1497 terram.

152 1513 210 1542 Sed
236 1515 270 1542 de
293 1515 344 1543 hac
370 1515 482 1542 Patrum
512 1515 647 1542 sententia
676 1515 742 1550 quid
766 1516 938 1543 sentiendum

152 1561 202 1594 ait,
220 1564 246 1588 et
260 1568 294 1588 an
314 1561 350 1589 sit
371 1561 442 1589 inter
462 1560 660 1594 memorabilia,
679 1565 706 1587 et
725 1561 861 1596 paradoxa
875 1561 940 1596 reji-

154 1607 265 1640 cienda,
284 1607 311 1635 in
332 1607 458 1643 praesenti
471 1615 524 1634 non
537 1607 632 1642 judico
648 1617 654 1633 2
672 1607 784 1636 inferius
798 1609 870 1635 enim
886 1617 939 1636 una

153 1660 219 1680 cum
233 1652 375 1680 Eustathio
389 1661 449 1689 pag.
459 1649 513 1693 '60,
525 1653 647 1681 dicemus
669 1654 769 1688 aliqua,
786 1659 941 1682 reverenter

154 1703 258 1726 tamen.
269 1698 392 1726 Veneror
402 1707 519 1734 namque
532 1699 602 1727 dicta
611 1699 721 1726 Patrum
733 1700 939 1732 catholicorum,

155 1747 183 1770 et
198 1750 292 1770 verum
308 1744 407 1776 dicam,
426 1744 519 1771 adoro.

195 1790 254 1818 Col.
263 1790 325 1822 709,
335 1790 382 1817 lin.
391 1790 435 1817 20.
452 1790 482 1816 '0
490 1790 607 1824 στήσας
615 1791 668 1818 τὸν
678 1791 816 1825 οἰφανόν.
826 1790 942 1818 Basilius

156 1838 232 1864 hom.
259 1836 270 1863 ι
297 1836 324 1862 in
352 1835 531 1863 Hexaemeron
547 1837 620 1863 :Kai.
650 1837 713 1872 περὶ
735 1836 781 1863 τοῦ
806 1838 941 1873 σχήματος

156 1884 186 1910 δὲ
203 1883 283 1909 ἱκανὰ
301 1884 366 1918 ἡμῖν
383 1882 417 1909 τὰ
435 1883 500 1919 παρ’
523 1883 607 1910 αὐτοῦ
621 1884 742 1915 εἰπόντος
763 1885 792 1910 ἐν
807 1884 942 1919 δοξολογίᾳ

155 1928 237 1962 Θεοῦ,
258 1929 289 1955 ὐ
313 1927 431 1961 στήσας
447 1928 499 1954 τὸν
518 1928 646 1962 οὐρανὸν
661 1928 731 1955 ὡσεὶ
744 1928 888 1963 καμάραν.
903 1929 943 1955 Τὰ

156 1975 230 2003 αὐτὰ
244 1975 272 2001 δὲ
288 1975 374 2002 ταῦτα
389 1976 435 2002 καὶ
450 1975 571 2011 περὶτῆς
584 1975 635 2011 γῆς
654 1975 871 2010 συμϐουλεύομεν
881 1976 944 2002 ἑαυ-

154 2024 225 2053 τοῖς,
243 2021 280 2057 μὴ
297 2021 533 2058 πολυπραγμονεῖν
548 2022 632 2057 αὐτῆς
646 2022 694 2058 τὴν
708 2022 799 2049 οὐσίαν
808 2022 869 2058 ἥτις
879 2022 943 2049 ποτέ

156 2069 245 2094 ἐστιν.
263 2066 301 2094 De
326 2067 412 2102 figura
430 2067 493 2094 caeli
512 2067 583 2102 apud
605 2071 711 2095 veteres
730 2067 877 2095 maximum
894 2068 945 2095 fuit

158 2112 321 2145 dissidium;
339 2120 432 2139 eorum
455 2113 552 2147 placita
575 2117 673 2148 prmter
694 2113 762 2141 alios
777 2113 861 2141 refert
880 2112 945 2140 Plu-

157 2158 284 2190 tarchus,
297 2158 344 2185 lih.
356 2166 374 2185 n
386 2158 421 2185 De
430 2159 518 2193 placit.
528 2159 887 2194 plu'losoph.;Theodoretus,
896 2160 943 2186 lib.

159 2205 201 2231 De
215 2210 312 2251 natura
325 2210 350 2232 et
372 2205 488 2237 mundo;
510 2206 680 2238 Aristoteles,
695 2206 742 2233 lib.
768 2214 786 2233 ιι
805 2206 843 2234 De
870 2206 943 2238 caelo,
961 2224 983 2251 Β

160 2258 220 2285 cap.
238 2251 271 2283 4;
288 2250 459 2283 Ptolemaeus,
477 2252 524 2280 lib.
548 2260 566 2284 ι,
586 2260 611 2279 c.
630 2252 646 2279 5
662 2252 789 2279 editionis
810 2259 892 2286 mag.,
918 2256 945 2278 et

160 2297 223 2331 ejus
235 2302 431 2325 commentator
445 2297 537 2325 Theon
556 2297 771 2331 Alexandrinus;
788 2297 945 2325 Cleomedcs

162 2342 191 2369 in
206 2341 317 2369 Meteor.
332 2343 379 2370 lib.
392 2351 411 2375 ι,
424 2348 451 2371 et
465 2344 509 2370 alii
525 2344 618 2371 multis
630 2344 783 2371 rationibus
798 2347 825 2372 et
837 2345 945 2380 experi-

162 2388 264 2415 mentis
281 2388 443 2423 sphzericum
459 2397 520 2417 esse
532 2389 659 2424 probant.
675 2388 751 2417 Plato
767 2398 798 2417 ea
817 2390 851 2418 de
865 2398 895 2417 re
908 2390 944 2417 ita

162 2433 274 2468 scripsit
292 2434 320 2460 in
335 2434 433 2461 Timaeo
446 2441 455 2460 :
469 2434 513 2469 Τῷ
526 2434 580 2469 γὰρ
600 2433 635 2460 τὰ
647 2434 735 2461 πάντα
755 2435 784 2460 ἐν
803 2434 877 2470 αὐτῷ
889 2435 946 2467 ζῶα

162 2479 298 2516 περιέχειν
311 2480 432 2515 μέλλοντι
449 2479 510 2515 ζώῳ
533 2480 635 2515 πρέπον
651 2480 684 2507 ἂν
697 2480 740 2516 εἴη
753 2482 843 2516 σχῆμα
856 2481 887 2507 τὸ
899 2490 947 2508 πε-

166 2524 302 2560 ριειληφὸς
319 2526 347 2551 ὲν
372 2525 446 2561 αὐτῷ
463 2526 550 2553 πάντα
572 2527 657 2553 ὁπόσα
676 2527 814 2561 σχήματα·
836 2526 876 2552 διὸ
900 2527 946 2553 καὶ

163 2570 332 2605 σφαιροειδὲς
350 2571 382 2597 ὲκ
398 2571 480 2607 μέσον
500 2572 587 2607 πάντη
604 2572 672 2607 πρὸς
688 2572 736 2603 τὰς
751 2572 878 2603 τελευτὰς
893 2573 948 2599 ἴσον

165 2617 267 2652 ἀπέχον
279 2617 439 2653 κυκλοτερὲς
455 2618 519 2644 αὐτὸ
535 2618 710 2653 ὲτορνεὺσατο
725 2618 833 2645 πάντων
853 2618 950 2645 τελειό-

162 2670 256 2694 τατον,
273 2662 428 2697 ὁμοιότατον
441 2671 472 2689 τε
485 2662 549 2689 αὐτὸ
561 2662 648 2698 ἐαυτῷ
666 2663 823 2699 σχημάτων,
837 2664 949 2698 νομίσας

165 2709 257 2744 μυρίῳ
271 2708 377 2735 κάλλιον
390 2709 481 2744 ὅμοιον
504 2709 629 2744 ἀνομοίου
638 2718 644 2724 ’
659 2708 729 2735 λεῖον
741 2709 769 2735 δὲ
789 2709 880 2744 κύκλῳ
895 2710 948 2735 πᾶν

164 2755 265 2788 εξωθεν
280 2754 344 2781 αὐτὸ
360 2754 544 2790 ἀπηκριϐοὔτο
557 2755 660 2781 πολλῶν
671 2756 760 2791 χάριν.
783 2755 845 2783 Haec
868 2756 948 2783 verba

203 2832 214 2849 ⁸
235 2832 299 2859 Gen.
319 2841 345 2866 ι,
370 2833 393 2860 i.
431 2833 440 2848 '
464 2833 548 2859 Errlc.
570 2841 595 2863 ι,
616 2833 643 2866 5,
663 2834 688 2859 ﬁ.

988 925 1107 960 graviter
1125 931 1172 951 eos
1189 924 1322 958 increpat,
1338 923 1386 957 qui
1409 923 1507 951 ctelum
1522 930 1576 949 non
1591 921 1710 955 undique
1728 928 1773 947 ro-

989 970 1113 1002 tundum,
1127 969 1174 996 sed
1185 968 1298 996 fornicis
1315 968 1395 995 modo
1409 971 1553 994 curvatum
1565 966 1678 993 faciunt.
1696 965 1773 998 Quod

988 1018 1099 1045 omnino
1114 1019 1217 1043 certum
1230 1019 1272 1043 est
1281 1023 1343 1042 cum
1354 1022 1410 1042 non
1420 1013 1574 1040 rationibus
1588 1016 1694 1040 tantum
1708 1019 1774 1038 con-

988 1063 1125 1093 vincatur,
1147 1061 1194 1089 sed
1217 1061 1404 1095 experimento
1426 1060 1508 1087 etiam
1536 1064 1705 1093 compertum
1727 1058 1773 1089 sit,

989 1108 1088 1142 duplex
1113 1107 1165 1134 hoc
1186 1105 1405 1140 hemisphaerium
1423 1113 1495 1136 esse,
1516 1109 1543 1131 et
1565 1104 1708 1140 antipodas
1727 1103 1775 1130 ad-

989 1161 1066 1181 versa
1082 1153 1161 1180 nobis
1186 1152 1302 1188 vestigia
1318 1159 1451 1187 premere,
1478 1152 1512 1178 de
1529 1150 1630 1185 quibus
1649 1149 1774 1177 Manilius

990 1206 1016 1233 in
1033 1207 1202 1233 Astronom.:

1026 1251 1081 1279 Nec
1093 1252 1178 1284 minor
1193 1256 1231 1278 est
1246 1251 1298 1277 illis
1316 1250 1439 1282 mundus,
1454 1258 1498 1276 nec
1512 1249 1611 1276 lumine
1624 1248 1697 1284 pejor
1710 1256 1720 1280 ;

1026 1286 1082 1314 Nec
1094 1295 1231 1313 numerosa
1247 1287 1332 1313 minus
1346 1290 1491 1313 nascuntur
1504 1285 1593 1312 sidera
1608 1285 1634 1310 in
1654 1283 1715 1311 orbe
1730 1290 1740 1310 :

989 1342 1016 1365 et
1037 1337 1081 1365 alii
1097 1344 1213 1372 quorum
1228 1336 1348 1363 rationes
1367 1335 1439 1370 leges
1459 1334 1487 1361 in
1506 1334 1575 1362 locis
1588 1341 1603 1360 a
1616 1331 1775 1360 nobis-lau-

990 1383 1071 1411 datis.
1085 1382 1147 1410 ch
1165 1390 1276 1417 namque
1290 1382 1387 1417 ﬁgura,
1399 1385 1429 1408 ut
1439 1380 1478 1407 ait
1485 1379 1591 1406 Plinius
1604 1379 1650 1405 lib.
1662 1385 1692 1410 ιι,
1711 1385 1736 1405 c.
1746 1378 1775 1410 εἰ,

990 1430 1111 1457 omnibus
1126 1429 1181 1455 suis
1197 1428 1315 1463 partibus
1330 1427 1410 1461 tergit
1428 1427 1455 1454 in
1471 1434 1537 1458 sese,
1556 1433 1588 1452 ac
1598 1424 1647 1451 sibi
1657 1425 1716 1457 ipsa
1736 1427 1777 1451 to-

990 1475 1101 1504 leranda
1125 1479 1175 1507 est,
1195 1483 1272 1509 seque
1299 1473 1421 1510 includit,
1442 1477 1468 1500 et
1495 1472 1621 1504 continet,
1640 1470 1777 1497 nullarum

991 1530 1066 1558 egens
1081 1521 1275 1557 compaginum.
1303 1511 1358 1547 Nec
1380 1520 1458 1555 finem
1478 1524 1525 1545 aut
1542 1518 1700 1553 principium
1714 1515 1776 1543 ullis

991 1568 1046 1596 suis
1054 1568 1174 1602 partibus
1194 1568 1319 1598 sentiens,
1335 1574 1380 1592 nec
1394 1566 1456 1601 quia
1468 1564 1504 1592 ad
1518 1569 1627 1595 motum,
1644 1571 1694 1598 quo
1713 1562 1776 1590 sub-

991 1613 1050 1641 inde
1063 1614 1128 1640 uerti
1153 1613 1255 1643 debeat,
1267 1617 1295 1639 ut
1310 1619 1371 1638 mox
1391 1605 1536 1645 apparebit,
1556 1610 1618 1637 talis
1637 1609 1777 1644 aptissima

990 1663 1039 1691 est,
1056 1658 1101 1686 sed
1116 1658 1252 1686 oculorum
1272 1665 1372 1693 quoque
1385 1656 1538 1690 probatione
1550 1654 1618 1690 quod
1637 1662 1776 1686 convexus,

992 1705 1143 1740 mediusque
1167 1711 1320 1739 quacunque
1344 1707 1477 1733 cernatur,
1495 1709 1554 1727 cum
1576 1701 1603 1727 id
1622 1701 1738 1728 accidere
1749 1701 1778 1727 in

993 1751 1047 1779 alia
1072 1743 1125 1778 non
1151 1751 1234 1783 possit
1250 1750 1347 1785 ﬁgura.
1370 1748 1402 1776 Et
1426 1747 1586 1775 Theodorus
1610 1746 1778 1774 Prodromus

992 1797 1095 1832 Dialog.
1115 1796 1149 1823 de
1164 1796 1245 1823 amic.
1263 1795 1355 1822 exsule
1373 1805 1381 1822 ιν
1397 1795 1431 1821 Ἢ
1448 1794 1488 1825 τίς
1506 1793 1551 1819 τὸν
1563 1793 1645 1827 εὐρὺν
1667 1791 1779 1827 οὐρανὸν

993 1841 1040 1868 καὶ
1060 1842 1106 1868 τὸν
1123 1841 1209 1876 μέγαν
1232 1841 1375 1875 ἄκαμπτον
1398 1838 1461 1865 ὄντα
1485 1839 1514 1864 τὸ
1534 1840 1598 1873 πρὶν
1617 1836 1778 1872 εὐθυωρίαν,

993 1888 1064 1923 ἀρχῇ
1083 1887 1214 1913 πυθέσθαι
1230 1886 1275 1912 τοῦ
1299 1886 1388 1920 λόγοις
1399 1884 1445 1912 τοῦ
1460 1884 1580 1920 φαμένου
1601 1883 1723 1919 ἔκαμψεν
1740 1884 1780 1915 εἰς

993 1932 1041 1967 τὴν
1059 1933 1176 1967 σφαῖραν
1196 1932 1220 1957 εί
1234 1931 1270 1966 μὴ
1285 1930 1374 1965 φιλίας
1392 1928 1447 1957 οἷον
1462 1930 1516 1965 γὰρ
1530 1931 1617 1956 εἰπεῖν
1637 1929 1675 1960 ὡς
1696 1928 1779 1955 καλοῦ

994 1978 1041 2004 καὶ
1056 1977 1170 2012 κοσμίου
1190 1977 1260 2013 ἐρῶν
1281 1976 1376 2003 ἑαυτοῦ
1394 1976 1462 2012 πρὸς
1484 1976 1582 2002 κύκλον
1597 1975 1779 2010 συνεστράφη,

995 2021 1089 2048 ἑαυτὸν
1115 2020 1189 2056 αὐτῷ
1216 2021 1309 2056 φιλιῶν
1349 2020 1516 2055 πανταχόθεν
1551 2020 1597 2047 καὶ
1625 2020 1780 2046 navatam.

996 2066 1239 2103 συμπερισφίγγων
1256 2067 1336 2101 μέρη.
1352 2066 1379 2093 In
1391 2066 1462 2093 hanc
1477 2065 1639 2093 sententiam
1655 2065 1706 2099 legi
1719 2072 1782 2099 pos-

996 2116 1061 2140 sunt
1078 2117 1104 2140 et
1119 2120 1180 2147 qua:
1194 2112 1274 2139 habet
1288 2112 1414 2139 Clemens
1434 2111 1584 2142 Ronmnus,
1598 2110 1645 2138 lib.
1658 2117 1706 2137 vnl
1731 2110 1782 2136 Re-

996 2159 1094 2194 cognit.
1109 2158 1210 2186 Verum
1235 2159 1356 2192 antiquis
1376 2157 1505 2184 Patribus
1526 2157 1611 2184 mirus
1626 2156 1653 2183 in
1666 2156 1717 2182 hoc
1731 2156 1781 2182 fuit

997 2213 1160 2237 consensus,
1181 2205 1280 2232 ccelum
1303 2205 1409 2232 scilicet
1423 2211 1477 2231 non
1496 2211 1558 2231 esse
1574 2203 1718 2231 rotundum
1734 2202 1781 2229 sed

998 2252 1086 2278 instar
1095 2250 1218 2281 fornicis,
1230 2254 1259 2277 ut
1272 2250 1404 2277 habemus
1416 2249 1461 2276 hic
1470 2257 1503 2276 ex
1518 2252 1612 2276 nostro
1627 2247 1782 2279 Eustathic.

998 2296 1115 2328 Basilio,
1144 2295 1340 2331 Chrysostomo
1372 2295 1444 2322 hom.
1479 2285 1519 2321 μ’
1543 2298 1570 2322 et
1600 2294 1633 2320 17
1661 2294 1696 2320 ad
1726 2293 1781 2320 lle-

999 2342 1093 2373 lmeos,
1114 2341 1279 2376 Augustino,
1293 2341 1310 2367 Ι.
1328 2348 1348 2367 ιι
1372 2341 1414 2367 De
1429 2339 1522 2368 Cenes.
1542 2339 1576 2366 ad
1591 2340 1717 2371 litteram,
1734 2339 1781 2374 qui

998 2392 1025 2416 et
1042 2388 1108 2416 alibi
1125 2388 1162 2415 ait
1177 2396 1207 2415 se
1223 2388 1357 2419 dubitare,
1374 2388 1415 2414 An
1428 2393 1499 2414 terra
1521 2386 1583 2414 calo
1603 2385 1715 2422 undique
1733 2386 1784 2412 cir-

999 2434 1119 2469 cumfuso
1132 2434 1306 2461 contineatur.
1321 2432 1449 2468 Ejusdem
1463 2433 1605 2461 sententiae
1621 2432 1672 2459 fuit
1687 2435 1782 2459 auctor

998 2481 1060 2508 libri
1085 2480 1304 2508 Christianorum
1326 2479 1486 2513 nuncupati,
1514 2483 1544 2505 ut
1566 2478 1649 2505 refert
1670 2477 1782 2505 Photius

997 2526 1024 2552 in
1041 2525 1167 2552 Biblioth.
1184 2525 1261 2552 ;”οτι
1277 2524 1291 2550 ὸ
1304 2523 1536 2560 οὐρανὸςοὺκξστι
1554 2522 1707 2559 σῳαιρικὸς,
1722 2521 1782 2549 οὐδὲ

998 2573 1013 2606 ἡ
1027 2572 1074 2607 γῆ,
1092 2571 1149 2598 ἀλλ’
1161 2572 1175 2598 ὁ
1193 2571 1243 2606 μὲν
1257 2570 1324 2597 ὡσεὶ
1338 2570 1463 2606 καμάρα,
1480 2570 1527 2604 ἡδὲ
1539 2569 1718 2605 ἑτερομήκης,
1736 2567 1782 2594 καὶ

997 2617 1157 2653 κεκόλληται
1177 2617 1213 2644 τὰ
1227 2617 1333 2652 πέρατα
1344 2616 1391 2643 τοῦ
1410 2615 1524 2652 οὐρανοῦ
1541 2615 1609 2651 πρὸς
1622 2615 1656 2642 τὰ
1676 2614 1788 2651 πέρατα.
1820 2629 1824 2645 ι

996 2665 1046 2699 τῆς
1056 2664 1117 2699 γῆς.
1134 2663 1294 2691 Theodorus
1307 2663 1369 2690 item
1383 2662 1531 2697 episcopus
1557 2660 1701 2688 Tarsensis
1717 2660 1733 2687 l.
1750 2668 1781 2687 ιιι

996 2708 1097 2737 Contra
1123 2710 1206 2736 fatum
1225 2709 1317 2736 multis
1337 2708 1389 2735 hoc
1408 2707 1480 2734 idem
1503 2707 1638 2742 capitibus
1657 2706 1784 2741 essequi-

998 2760 1052 2788 tur,
1065 2759 1094 2782 ut
1111 2756 1225 2785 habetur
1241 2755 1310 2790 apud
1327 2755 1449 2782 Photinm
1461 2763 1467 2781 :
1477 2755 1519 2781 Ἑν
1534 2753 1561 2780 δὶ
1572 2753 1610 2789 τῷ
1625 2753 1707 2788 τρίτῳ
1723 2761 1783 2780 πιισ

978 3109 1072 3121 \
1955 3100 1956 3103 η

1229 3097 1956 3476 -
