3952 6204
582 293 706 353 ’819
1934 286 2143 363 LEONI;

2128 285 2180 342 lS
2215 286 2492 362 ALLATtl
3616 289 3689 368 sit

603 414 763 488 ρᾶται
797 404 893 482 μὲν
917 409 1004 463 διά
1027 425 1086 462 τε
1114 407 1210 461 τοῦ
1249 415 1334 460 κε’
1367 408 1518 462 κάτω
1546 409 1638 462 καὶ
1673 408 1765 462 τοῦ
1803 406 1908 478 κβ’,
1936 408 2029 474 καὶ
2057 408 2161 480 μὴν
2190 413 2238 470 Α
2264 406 2478 476 Eleuchi
2494 413 2676 463 contra
2693 408 2876 461 lateres.
2899 404 3202 474 εΓεγονέναι
3223 406 3295 470 δὲ,
3312 406 3372 460 τὰ
3396 408 3542 478 ἄστρα
3559 410 3608 463 ὲκ
3621 413 3694 482 γῆς

599 504 694 559 καὶ
727 503 818 556 τοῦ
862 502 1046 573 τρίτου
1077 502 1172 554 καὶ
1205 501 1473 567 εἰκοστοῦ,
1515 502 1607 554 καὶ
1645 507 1692 554 κ’
1729 500 1824 554 καὶ
1851 501 1892 554 δ’
1925 501 2165 571 ἐλέγχειν
2265 499 2351 554 διὰ
2378 499 2437 553 τὸ
2458 499 2555 571 τὴν
2581 500 2779 571 ἰκμάδα
2808 500 2874 554 ὲκ
2909 498 3096 570 ταύτης
3124 498 3418 563 ἐνίστασθαι,
3451 497 3508 571 ἧς
3537 501 3695 569 aputu».

597 598 721 659 τοὺς
748 596 839 648 τὸν
875 593 1104 665 οὐρανὸν
1137 594 1423 664 σφαιρικὸν
1465 593 1900 664 ὑποτιθεμένους.
1933 593 2006 647 Οὐ
2042 593 2166 664 μέν-
2268 593 2432 664 μένης
2458 591 2518 644 τὸ
2544 592 2656 663 πῦρ
2685 592 2956 661 γίνεσθαι·
2985 593 3047 645 ὲκ
3079 591 3132 644 δὲ
3161 589 3247 643 τοῦ
3279 590 3425 660 πυρὸς
3453 591 3696 663 μετεωριζοο

591 702 738 754 τοιγε
765 684 852 738 διὰ
893 685 999 738 τῶν
1035 687 1186 755 ἰσχὺν
1226 686 1455 756 ἐχόντων
1497 688 1544 738 οἱ
1584 686 1790 756 ἔλεγχοι
1824 685 2054 756 πρόεισι.
2092 685 2164 738 Τὸ
2266 685 2426 755 μένου
2463 685 2588 748 τοὺς
2620 685 2850 756 ἀστέρας
2885 681 3232 754 συνίστασθαι.
3259 677 3395 735 Εἶναι
3423 681 3471 733 δὲ
3499 684 3574 735 καὶ
3605 684 3698 752 γεώ-

592 777 877 848 σφαιρικὸν
891 777 947 830 δὲ
979 779 1038 830 οὐ
1071 777 1311 847 βούλεται
1339 781 1636 848 συγχωρεῖν
1661 777 1736 845 τῷ
1769 777 1999 849 οὐρανῷ·
2031 778 2160 831 διότι
2260 777 2371 840 δεις
2403 775 2590 847 φύσεις
2618 776 2674 828 έν
2718 775 2796 847 τῷ
2823 775 2968 845 τόπῳ
2989 774 3092 828 τῶν
3117 773 3340 845 ἀστέρων
3373 775 3698 846 συμφερομένη

588 866 799 938 νομίζει
830 869 926 940 τὴν
973 870 1312 940 εἱμαρμένην
1341 871 1404 922 ὲκ
1439 871 1534 940 τῆς
1573 870 1821 944 τοιαύτης
1848 869 2149 938 εἰσάγεσθαι

2138 889 2159 923 ι
2261 869 2505 932 ἐκείνοις.
2535 866 2687 922 Hanc
2708 867 2975 923 Eustatbii
3001 866 3306 922 sententiam
3333 874 3493 920 tuetur
3511 875 3556 921 et
3575 866 3699 938 Olym-

589 958 808 1023 θέσεως.
847 959 1110 1026 Quamvis
1162 961 1325 1028 hujus
1359 961 1626 1015 rationem
1671 961 1745 1014 uti
1787 961 1998 1016 minimi
2042 977 2160 1016 mo-

585 1051 753 1104 menti
782 1051 994 1106 refellat
1025 1053 1162 1106 idem
1194 1051 1423 1106 Photius
1445 1052 1641 1106 ibidem
1676 1071 1689 1106 :
1723 1053 1913 1107 Καίτοι
1935 1053 2157 1124 οὐδεμία

581 1142 742 1195 τοῦτο
773 1144 1040 1208 ἀπόδειξις
1070 1144 1408 1208 ὲκϐιάζεταιξ
1440 1147 1500 1198 οὐ
1544 1145 1672 1216 γὰρ,
1706 1144 1759 1198 εἴ
1787 1163 1848 1214 γε
1877 1146 2158 1216 σφαιρικὸς

583 1235 613 1299 ῤ
640 1234 886 1304 οὐρανὸς,
927 1237 1020 1288 καὶ
1050 1237 1109 1289 τὸ
1136 1238 1236 1306 τῆς
1276 1236 1617 1307 εἱμαρμένης
1669 1236 1726 1303 ἐξ
1755 1237 1997 1308 ἀνάγκης
2033 1255 2156 1290 συν·

587 1322 820 1378 (σταται.
856 1323 1174 1380 Lactantius
1199 1325 1234 1378 Ι.
1269 1340 1302 1376 v
1336 1324 1512 1380 Dicin.
1553 1326 1703 1396 ἔριδι..
1744 1341 1794 1380 c.
1821 1325 1912 1391 24,
1945 1325 2154 1382 deridet

2260 959 2519 1031 piodorus
2546 960 2599 1014 in
2613 957 2715 1013 Job
2730 974 2894 1028 super
2916 957 3023 1012 illis
3049 957 3220 1013 verbis
3239 972 3350 1027 cap.
3369 956 3700 1025 xxxvtu,Diﬂu-

2257 1068 2374 1104 sum
2405 1062 2578 1105 autem
2605 1059 2683 1106 est
2725 1051 2860 1105 sicut
2894 1057 3045 1104 terra:
3081 1050 3208 1114 cinis
3235 1049 3275 1102 ⁸.
3300 1047 3515 1102 Notanda
3537 1047 3702 1104 Joannis

2255 1139 2636 1211 Chrysostomi
2676 1142 2967 1208 sententia,
3013 1143 3128 1196 Ὅτι
3182 1142 3273 1212 μὲν
3313 1140 3532 1212 καμάρας
3571 1138 3703 1194 εἰκόνα

2254 1230 2526 1298 διασώζει,
2557 1232 2740 1304 ἴσμεν·
2761 1233 2846 1296 τίς
2882 1233 2941 1286 δέ
2982 1235 3095 1287 ἐστι
3124 1233 3217 1307 τὴν
3235 1233 3423 1298 οὐσίαν,
3461 1234 3702 1305 ἀγνοοῦμεν.

2256 1318 2652 1381 Stolidissimus
2679 1325 3017 1394 Mobametus
3051 1322 3268 1377 allirmat
3296 1337 3454 1378 aerem
3477 1322 3639 1377 factum
3659 1339 3706 1398 ex

579 1429 677 1470 eos
701 1417 795 1485 qui
825 1416 1021 1471 ccelum
1080 1415 1401 1485 rotundum,
1431 1428 1484 1474 et
1516 1418 1571 1472 in
1617 1433 1807 1475 omnes
1838 1428 2022 1489 partes
2053 1420 2152 1474 de-
2252 1412 2422 1478 fumo,
2458 1413 2666 1470 fumum
2706 1433 2772 1476 ex
2815 1431 3017 1488 vapore
3063 1422 3157 1470 aut
3201 1414 3511 1482 ειιιειειῐοιιθ
3536 1416 3705 1470 marina-

576 1520 777 1560 vexum
827 1506 1198 1564 crediderunt.
1232 1508 1534 1580 Procopius
1581 1525 1702 1566 eam
1750 1511 2032 1568 mordicus
2077 1511 2151 1566 ita
2250 1501 2491 1558 Primum
2521 1506 2718 1576 cmlum
2754 1522 2820 1561 ex
2850 1520 2992 1575 aqua
3012 1504 3169 1560 viridi
3198 1513 3451 1568 constare.
3480 1503 3706 1560 secundum

576 1597 822 1653 defendit
851 1597 1057 1657 Comm.
1091 1601 1144 1654 in
1171 1599 1326 1668 Gem,
1361 1610 1422 1656 ut
1450 1617 1640 1658 eorum
1670 1603 2022 1666 sententiam,
2053 1603 2149 1672 qui
2249 1609 2314 1649 ex
2345 1609 2487 1665 aqua
2530 1596 2698 1661 Clara:
2730 1596 2954 1682 ιθτῑίυω
2991 1611 3059 1651 εἰ
3104 1596 3398 1665 smaragdo.
3427 1603 3709 1690 quam”?
3803 1676 3811 1690 .

575 1688 776 1745 caelum
811 1690 1110 1760 praedicant
1139 1694 1456 1758 rotundum,
1490 1709 1520 1748 a
1564 1694 1833 1749 catholica
1863 1694 2148 1766 disciplina
2249 1699 2401 1750 aurO.
2446 1687 2696 1757 quintum
2736 1703 2804 1744 ex
2833 1687 3148 1759 hiacyntho,
3177 1699 3376 1742 sextum
3400 1703 3458 1742 ex
3488 1686 3632 1740 tabula
3651 1684 3708 1737 lu-

571 1793 730 1838 vocet
762 1783 1032 1850 alienam;
1063 1786 1138 1840 ait
1175 1787 1318 1840 enim
1349 1804 1363 1841 :
1398 1788 1646 1842 Assertio
1689 1786 1984 1842 dicentium
2035 1801 2146 1841 εαξ-
2177 1771 2219 1827 B
2247 1778 2390 1842 Cida.
2416 1780 2703 1848 septimum
2735 1796 2803 1836 ex
2850 1781 3104 1835 claritate
3132 1781 3286 1855 ignis.
3314 1787 3366 1834 ct
3404 1778 3463 1834 de
3491 1793 3579 1832 uno
3611 1778 3708 1832 00310

570 1876 684 1930 lum
726 1891 849 1932 esse
880 1877 1063 1948 figurae
1109 1880 1408 1948 sphmricm,
1445 1888 1500 1935 et
1541 1880 1796 1934 circulari
1826 1886 1974 1932 motu
2010 1893 2142 1933 con-

568 1968 728 2033 verti,
764 1984 873 2029 non
905 1970 1200 2031 concordat
1243 1971 1556 2026 orthodoxa:
1594 1970 1833 2036 veritati,
1877 1971 1968 2025 sed
2010 1986 2141 2024 con-

567 2057 787 2111 tradicit
832 2058 1024 2129 Moysi,
1072 2061 1370 2130 praphetis,
1418 2060 1605 2125 Paulo,
1653 2070 1706 2116 et
1753 2061 1996 2126 Christo,
2045 2061 2139 2131 qui

563 2147 708 2229 hanc
738 2151 1049 2220 opinionem
1083 2153 1285 2222 ubique
1330 2155 1385 2208 in
1413 2153 1615 2209 divinis
1649 2151 1946 2224 Scripturis
1978 2154 2139 2209 refel-

564 2232 700 2295 lunt.
757 2234 1018 2291 docentes
1055 2238 1279 2298 malum.
1321 2253 1498 2308 neque
1526 2239 1733 2295 circulo
1780 2238 1930 2308 ferri,
1963 2254 2139 2308 neque

563 2323 887 2392 sphaericam
933 2325 1165 2382 formam
1202 2328 1424 2391 habere.
1451 2327 1547 2384 sed
1585 2327 1865 2384 immobile
1908 2345 2136 2400 prorsus

563 2430 708 2471 esse.
739 2418 918 2487 Atque
939 2419 1080 2473 idem
1112 2420 1215 2475 hoc
1246 2421 1441 2490 repetit
1475 2419 1639 2484 infra,
1665 2435 1785 2490 cap.
1817 2420 1868 2487 7,
1903 2429 1958 2476 et
1986 2421 2136 2476 vide-

465 2551 469 2556 τ
563 2517 654 2562 tur
680 2519 961 2584 mutuatus
990 2528 1018 2566 a
1048 2511 1462 2584 Chrysostomo,
1496 2529 1526 2568 a
1557 2530 1665 2584 quo
1697 2514 1824 2569 item
1871 2529 1970 2569 sua
2000 2513 2138 2568 hau-

561 2611 754 2655 serunt
803 2601 1239 2673 TheOphylactus
1288 2611 1342 2658 et
1385 2603 1776 2661 Theodoretus.
1837 2604 1972 2662 Vide
2023 2605 2133 2660 Da-

558 2706 878 2748 mascenum
914 2695 1010 2750 lib.
1047 2709 1082 2749 ιι
1130 2693 1283 2756 Fidei
1334 2695 1567 2759 πειραὶ..
1609 2711 1729 2766 cap.
1763 2697 1816 2752 6.
1858 2696 1936 2752 Ita
1972 2698 2133 2753 indu-

557 2786 824 2840 cebantur
859 2795 916 2840 ut
951 2787 1264 2854 crederent,
1307 2789 1619 2844 testimonio
1647 2790 1794 2854 ducti
1831 2789 2131 2860 Scriptura:

558 2879 698 2946 psal.
730 2894 846 2943 cm,
882 2878 1181 2947 Extende»;
1229 2881 1412 2941 ccelum
1433 2882 1569 2953 sicut
1593 2881 1776 2952 pellem
1801 2881 1927 2945 “,et
1957 2881 2128 2949 Isaia,

557 2967 829 3038 Expandit
853 2971 1007 3025 cmlos
1033 2973 1171 3025 sicut
1202 2971 1562 3027 habitaculum
1607 2972 1674 3026 ad
1708 2973 2054 3033 habitandum
2084 2975 2127 3028 ⁷.

627 3061 742 3119 Col.
763 3064 886 3124 709.
909 3065 1002 3118 lin.
1025 3064 1111 3119 l5.
1130 3065 1326 3119 Αὑτοῦ
1342 3065 1592 3131 λεπτὴν.
1616 3065 1844 3120 Basilius
1859 3065 2128 3122 homJin

2248 1870 2316 1925 ad
2350 1871 2496 1925 aliud
2535 1887 2656 1927 esse
2684 1870 3001 1927 distantiam
3032 1870 3615 1942 itinerisquingentorum
3644 1883 3709 1920 an-

2246 1977 2463 2018 norum.
2485 1960 2616 2028 Quis
2633 1978 2740 2018 non
2753 1963 2983 2019 miretur
3009 1961 3243 2018 hominis
3264 1961 3531 2032 ingenium,
3559 1958 3710 2013 inlus-

2245 2064 2415 2120 ceque
2459 2048 2834 2109 describendis
2862 2052 3223 2123 patientiam?
3259 2060 3314 2105 ut
3340 2051 3558 2105 oculatus
3573 2058 3637 2103 est
3653 2049 3710 2102 vir

2244 2143 2387 2199 istel
2422 2152 2482 2198 ut
2524 2145 2694 2200 multa
2724 2145 2904 2201 videt!
2951 2147 3166 2202 Abeant
3193 2161 3316 2216 ergo
3343 2143 3650 2215 mathematici
3675 2149 3712 2214 et

2243 2242 2534 2306 geometrae
2577 2252 2700 2291 cum
2745 2237 2862 2292 suis
2903 2239 3184 2296 mensuris
3235 2246 3288 2292 et
3333 2237 3560 2291 numeris.
3597 2234 3709 2288 Solus

2241 2327 2379 2382 vidit
2401 2326 2718 2383 distantiam
2763 2344 2926 2400 quam
2956 2345 3070 2384 non
3109 2331 3299 2400 reliqui
3327 2343 3496 2384 omnes
3529 2326 3712 2398 homines

2242 2436 2345 2475 nec
2379 2430 2570 2476 auctor
2599 2422 2715 2492 ipse
2743 2430 2974 2483 naturae.

2311 2512 2472 2578 lbid.,
2521 2514 2618 2568 lin.
2661 2514 2752 2577 23.
2797 2514 2914 2583 Τὴν
2946 2514 3018 2568 δὲ
3049 2512 3166 2584 γῆν
3192 2514 3418 2585 φάσκει.
3442 2511 3631 2567 Basilius
3651 2515 3709 2563 ta-

2240 2623 2364 2664 men
2408 2608 2484 2662 ait
2523 2608 2671 2666 hom.
2713 2608 2764 2673 Ι,
2805 2615 2964 2663 terrae
2995 2606 3348 2664 fundamenta
3386 2614 3562 2658 natura
3587 2599 3711 2655 homi-

2240 2713 2370 2753 num
2401 2713 2523 2755 esse
2551 2697 2847 2769 incognita.
2874 2706 2928 2752 et
2956 2699 3142 2752 locum
3174 2695 3361 2758 Palmi,
3393 2708 3532 2763 quem
3557 2693 3626 2744 hic
3645 2686 3710 2742 adc

2238 2789 2388 2846 ducit
2419 2790 2758 2854 Eustathius,
2789 2789 3044 2860 explicat.
3071 2788 3146 2842 Τὸ
3180 2787 3306 2858 γὰρ,
3321 2787 3436 2840 Ἐπὶ
3466 2779 3711 2838 θαλασσῶ

2237 2883 2629 2952 ἐθεμελίωσεν
2666 2880 2880 2951 αὐτὴν,
2927 2882 2978 2934 τί
3023 2881 3178 2951 δηλοῖ
3211 2880 3243 2949 ἢ
3275 2879 3331 2932 τὸ
3359 2875 3579 2931 πάντοθεν
3601 2887 3707 2941 πρι-

2237 2971 2496 3042 κεχύσθαι
2518 2973 2582 3042 τῇ
2616 2973 2686 3041 γῇ
2719 2971 2816 3040 τὴν
2845 2970 2938 3023 τοῦ
2969 2969 3166 3033 ὓδατος
3192 2969 3382 3040 (pastu;
3417 2967 3521 3027 Πῶς
3537 2958 3621 3024 οὖν,
3645 2964 3706 3030 ῥυ-

2233 3064 2325 3119 τὸν
2357 3064 2600 3135 ὑπάρχον
2641 3063 2701 3116 τὸ
2738 3061 2904 3132 ὕδωρ,
2949 3061 3047 3123 καὶ
3095 3061 3190 3114 ἐπὶ
3227 3061 3286 3112 τὸ
3325 3057 3503 3129 πρανὲς
3535 3049 3706 3120 πεφυκὸς

555 3155 810 3211 Hexaem.
829 3171 848 3210 :
865 3155 1022 3208 Ἀλλὰ
1038 3157 1164 3226 περὶ
1181 3157 1275 3226 μὲν
1290 3157 1388 3224 τῆς
1397 3157 1581 3220 οὐσίας
1591 3156 1683 3210 τοῦ
1700 3157 1925 3232 οὐρανοῦ
1937 3157 2134 3230 ἀρκοὺ-
2161 3145 2206 3206 C
2237 3155 2615 3220 καταπίπτειν,
2645 3154 2792 3231 μένει
2809 3152 3062 3222 ἀπεωρού
3071 3169 3255 3223 μενον,
3278 3152 3365 3206 καὶ
3383 3145 3578 3217 οὐδαμοῦ
3592 3143 3706 3211 ἀπορ-

557 3246 696 3318 μεοα
710 3251 821 3310 τοῖς
838 3249 984 3319 παρὰ
999 3248 1090 3300 τοῦ
1121 3248 1337 3311 Ἡσαΐου
1362 3266 1385 3300 ε
1396 3249 1481 3319 ἱρη
1491 3249 1686 3318 μένοις,
1703 3249 1760 3313 ὃς
1775 3251 1829 3302 έν
1849 3249 2131 3316 ἰδιωτικοῖς

556 3330 792 3408 ῥήμασιν
825 3339 1011 3410 ἱκανὴν
1043 3342 1176 3412 ἡμῖν
1199 3339 1298 3409 τῆς
1330 3339 1546 3408 φύσεως
1571 3341 1731 3394 αὐτοῦ
1760 3342 1859 3414 τὴν
1891 3341 2128 3397 διάνοιαν

551 3431 897 3502 ἐνεποίησεν,
951 3432 1149 3486 εἰπών·
1206 3433 1268 3484 '0
1326 3431 1662 3500 στερεώσας
1709 3433 1815 3488 τὸν
1871 3434 2130 3502 οίῬανόν

551 3521 692 3579 ὡσεὶ
728 3524 984 3588 καπνὸν,
1024 3524 1268 3581 τουτέστι
1306 3523 1508 3596 λεπτὴν
1553 3524 1739 3592 φύσιν·
1796 3525 1890 3579 καὶ
1912 3527 1972 3588 οὐ
2006 3544 2126 3579 στε-

556 3613 703 3684 ρεὰν,
749 3615 870 3667 οὐδὲ
933 3618 1160 3684 παχεῖαν
1195 3616 1252 3679 ἐς
1285 3616 1385 3687 τὴν
1438 3615 1532 3674 τοῦ
1579 3615 1808 3687 οὐρανοῦ
1868 3618 2124 3672 σύστασιν

550 3706 836 3769 οὑσιώσας.
867 3707 941 3760 Ex
973 3709 1132 3775 cujus
1161 3710 1344 3765 verbis
1377 3711 1556 3764 locum
1584 3710 1728 3764 hunc
1751 3710 1825 3763 ita
1853 3709 2120 3787 restituo;

549 3799 659 3866 Τὴν
677 3797 734 3850 δὲ
759 3799 946 3852 οὐσίαν
977 3800 1160 3868 αὑτοῦ,
1188 3803 1271 3857 vel
1310 3801 1406 3873 τὴν
1437 3801 1632 3870 φύσιν;
1671 3802 1726 3858 in
1768 3801 1970 3872 quibus
1997 3801 2121 3854 illu-

548 3899 715 3945 strcm
747 3891 893 3945 illam
939 3897 1367 3950 controversiam
1416 3895 1764 3960 determinat,
1807 3895 1930 3950 (ιωιί
1973 3895 2123 3950 vitle-

546 3980 672 4035 licet
713 3982 1075 4052 substantiam
1107 3999 1213 4040 non
1243 4000 1366 4042 esse
1397 3987 1636 4049 mislam,
1669 3987 1764 4046 sed
1792 3986 2115 4056 simplicem,

547 4071 614 4126 de
640 4088 747 4142 qua
774 4077 941 4132 multa
992 4076 1152 4133 nobis
1194 4085 1249 4146 et
1279 4075 1529 4132 Plotinus
1575 4076 1653 4132 De
1681 4079 1895 4142 mundo,
1928 4087 1983 4134 et
2028 4078 2118 4132 alii

549 4164 912 4221 tradiderunt.
940 4165 1169 4232 Quidam
1193 4168 1338 4224 enim
1378 4169 1577 4224 coelum
1611 4171 1853 4238 ejusdem
1877 4187 2000 4226 esse
2030 4185 2120 4224 na-

546 4263 684 4312 tura:
732 4273 858 4321 cum
909 4259 1191 4313 elementis
1245 4260 1494 4314 arbitrati
1542 4269 1689 4323 sunt,
1746 4261 1893 4328 quod
1951 4260 2118 4318 refert

545 4343 920 4404 Theodoretus
951 4349 1027 4403 De
1057 4351 1281 4403 materia
1310 4361 1360 4404 et
1389 4352 1606 4414 munda,
1636 4361 1688 4405 et
1717 4350 1868 4406 Philo
1899 4351 2117 4407 Iudaeus

540 4434 620 4491 De
651 4455 855 4511 somno,
893 4447 946 4493 et
985 4439 1336 4504 Plutarchus.
1372 4439 1475 4494 Alii
1519 4440 1688 4510 igneae
1716 4457 1840 4508 esse
1882 4452 2111 4506 naturae,

539 4529 700 4597 cujus
735 4531 1010 4599 Opiniouis
1043 4539 1298 4598 auctores
1341 4531 1507 4585 tradit
1540 4531 1828 4608 (Egyptios
1856 4535 2112 4604 Albertus

540 4621 767 4693 Magnus
813 4631 969 4679 tract.
1017 4621 1154 4677 l'De
1205 4626 1355 4689 caelo,
1400 4641 1520 4694 cap.
1560 4625 1614 4679 4.
1676 4624 1920 4682 Platonis
1965 4629 2114 4697 circa

537 4715 642 4783 hoc
673 4716 985 4784 opinionem
1027 4716 1196 4772 habes
1219 4717 1272 4771 in
1320 4716 1576 4782 Alcinoo;
1611 4717 1886 4772 Macrobio
1932 4719 2025 4774 lib.
2060 4720 2114 4773 in

537 4805 720 4881 Somn.
775 4808 1044 4877 Scipion.;
1081 4808 1405 4882 Augustino.
1447 4825 1545 4864 vm
1599 4809 1679 4882 De
1733 4811 1942 4864 civitate
1993 4811 2111 4887 Dei,

535 4913 657 4970 (ap.
685 4901 782 4967 ll;
817 4900 1115 4971 Philopono
1161 4900 1226 4953 all
1252 4917 1302 4956 vt
1339 4909 1391 4956 et
1417 4917 1514 4960 xm
1539 4899 1738 4975 Procli.
1767 4899 1872 4956 Sed
1908 4900 1978 4955 de
2013 4901 2115 4956 hoc

536 4975 694 5061 plura
724 4991 952 5053 inferius
995 5000 1184 5048 noster
1215 4991 1534 5069 Eustathius
1575 5009 1643 5048 ex
1677 4993 1879 5063 quibus
1909 4994 2108 5048 etelum

534 5092 852 5140 concretum
875 5085 946 5155 sit
969 5086 1092 5141 aliis
1126 5085 1514 5141 declarandum
1563 5087 1897 5160 relinquens,
1927 5086 2108 5157 verbis

532 5175 689 5233 Isaiae
724 5176 844 5246 ejus
894 5186 1148 5250 naturam
1195 5187 1433 5254 tenuem,
1481 5194 1588 5252 non
1638 5179 1888 5239 solidam.
1932 5193 2107 5247 neque

533 5282 777 5324 crassam
801 5287 926 5327 esse
947 5273 1132 5335 tradit,
1162 5287 1353 5329 eorum
1379 5271 1695 5342 opinionem
1727 5272 1980 5327 refellens
2011 5271 2101 5341 qui

532 5358 734 5414 coelum
799 5363 1034 5418 solidum
1077 5363 1244 5419 veluti
1311 5365 1630 5435 crystallum
1686 5365 1999 5435 ponebant,
2049 5370 2104 5434 et

533 5461 723 5504 eorum
757 5453 850 5507 aui
877 5461 1139 5518 terreum,
1162 5471 1512 5527 gravemque,
1542 5463 1596 5510 et
1624 5455 1979 5520 Anaximenis
2009 5455 2102 5524 qui

536 5534 673 5594 illud
703 5557 734 5597 e
779 5555 924 5600 terra
968 5545 1354 5614 fabricaverat,
1389 5549 1458 5604 de
1503 5564 1612 5618 quo
1655 5548 1918 5619 Origenes
1961 5547 2101 5602 lib.t

607 5700 628 5732 '
667 5698 818 5756 Psal.
855 5717 980 5767 cm,
1013 5705 1071 5760 2.
1141 5702 1164 5759 ε
1206 5705 1316 5762 ιτα.
1352 5723 1453 5773 xc,
1493 5707 1581 5762 22.
1659 5709 1679 5740 ⁸
1716 5706 1819 5785 1ορ
1849 5723 2075 5775 xxxvm,
2113 5708 2197 5764 58.

2234 3248 2353 3319 ῥέον
2374 3265 2387 3312 ;
2413 3248 2486 3300 Σὺ
2513 3247 2571 3300 δὲ
2598 3247 2658 3300 οὐ
2684 3244 2905 3314 λογίζει,
2932 3245 3014 3297 ὅτι
3035 3245 3136 3315 τὴν
3159 3244 3346 3314 αὐτὴν,
3365 3242 3448 3294 καὶ
3468 3240 3531 3291 ἑτι
3550 3234 3703 3289 πλείονα

2230 3336 2459 3408 ἀπορίαν
2499 3336 2576 3407 τῷ
2607 3335 2747 3406 λόγῳ
2787 3335 3016 3406 παρέχει
3047 3337 3082 3406 ή
3113 3334 3187 3404 γῆ
3222 3333 3340 3408 καθ’
3372 3329 3535 3400 ἑαυτὴν
3555 3339 3700 3395 retur

2233 3429 2366 3500 μένη
2404 3427 2677 3499 βαρυτέρα
2702 3427 2800 3497 τὴν
2835 3426 2996 3495 φύσιν
3026 3423 3186 3480 οὖσα.
3227 3424 3541 3478 Externorum
3565 3425 3692 3468 tamen

2228 3521 2672 3592 philosophorum
2709 3521 2892 3590 opinio
2921 3529 3007 3576 est
3035 3519 3214 3591 magis
3241 3525 3448 3588 recepta
3473 3509 3694 3569 :Fundasse

2227 3611 2396 3668 Deum
2436 3621 2637 3673 terram
2683 3613 2737 3666 in
2784 3611 3029 3682 sphaerae,
3076 3626 3200 3681 qua:
3254 3609 3492 3663 mundum
3529 3598 3697 3666 undique

2225 3706 2621 3776 complectitur,
2670 3712 2880 3769 centro,
2939 3704 3148 3774 quippe
3198 3719 3320 3774 quae
3375 3709 3558 3770 pt-Opter
3589 3702 3699 3745 suum

2222 3797 2584 3868 tequilibrium
2629 3812 2693 3852 cx
2740 3795 2887 3850 omni
2937 3783 3097 3865 parte
3159 3792 3476 3857 tantumdem
3521 3785 3646 3839 distat
3678 3792 3698 3829 ι

2222 3891 2384 3956 coelo,
2419 3896 2478 3944 ut
2515 3889 2588 3944 ob
2626 3888 2680 3944 id
2711 3889 2887 3961 ipsum
2921 3895 2975 3942 et
3005 3886 3223 3948 ﬁrmam
3256 3885 3430 3957 sedem
3461 3870 3698 3936 obtinuerit.

2221 3989 2275 4048 et
2309 3982 2531 4036 immota
2560 3983 2787 4045 nitatur,
2821 3988 2876 4034 et
2902 3980 3064 4034 lixam
3094 3980 3168 4034 sit
3198 3989 3354 4033 nacta
3379 3963 3698 4034 basim;etho¢

2222 4091 2262 4131 ll
2309 4075 2380 4130 De
2407 4078 2532 4130 ca’to
2566 4091 2691 4146 cap.
2739 4075 2805 4151 14
2856 4073 3219 4130 validissimis
3268 4067 3540 4126 rationibus
3567 4056 3700 4151 probat

2219 4167 2562 4233 Aristoteles,
2596 4175 2651 4230 et
2701 4148 2833 4222 sane
2877 4165 3269 4237 despicaciori,
3303 4173 3355 4218 et
3384 4153 3598 4216 deteriori
3621 4148 3695 4202 δίε·

2217 4268 2421 4326 mento,
2451 4261 2672 4316 infimus
2702 4261 2854 4323 locus
2875 4259 3198 4322 debebatur,
3224 4267 3378 4323 tet-rte
3397 4252 3696 4309 elementorum

2217 4351 2542 4417 deterrimae,
2571 4351 2725 4418 locus
2748 4352 2841 4422 qui
2867 4351 3103 4405 maxime
3137 4365 3166 4403 a
3199 4348 3338 4403 caelo
3361 4347 3504 4402 distat
3521 4336 3693 4434 inﬁmu's-

2217 4442 2474 4500 Centrum
2511 4445 2698 4499 mundi
2733 4444 2969 4515 maxime
3001 4459 3030 4497 a
3065 4444 3213 4498 caalo
3249 4443 3429 4502 distat,
3459 4435 3696 4501 ideoque“!

2216 4551 2282 4592 eo
2314 4547 2429 4596 erat
2462 4535 2780 4604 collocanda
2817 4551 2917 4594 sua
2960 4543 3185 4604 natura,
3229 4533 3372 4604 unde
3405 4541 3528 4588 terra
3558 4531 3692 4590 ηυδε»

2215 4643 2324 4682 non
2365 4644 2395 4682 e
2435 4628 2716 4682 contrario
2754 4635 2956 4689 terram
2992 4642 3147 4696 aqua:
3197 4628 3506 4688 sustentant.
3538 4613 3595 4668 En
3624 4623 3694 4663 no—

2215 4738 2338 4782 vam
2377 4721 2672 4778 Nebulonis
2711 4720 3126 4796 physiologiam.
3164 4717 3358 4791 Terra,
3397 4717 3464 4768 ait
3495 4709 3690 4796 Hellanic-

2216 4823 2326 4879 tus,
2368 4815 2668 4878 sustinetur
2693 4791 2726 4866 a
2756 4791 2952 4885 magno
2979 4812 3114 4866 bove
3147 4811 3309 4880 cujus
3343 4814 3491 4886 caput
3515 4791 3686 4856 extendi-

2217 4915 2307 4960 tur
2328 4906 2382 4959 in
2404 4907 2693 4969 orientem,
2722 4906 2895 4962 cauda
2927 4906 2981 4959 in
3004 4904 3370 4975 occidentem,
3390 4905 3576 4970 quatuor
3594 4894 3684 4975 vero

2213 4998 2380 5071 pedes
2431 4998 2740 5063 innituntur
2787 4997 2952 5068 lapidi
2998 4973 3254 5056 candido.
3297 4993 3354 5047 In
3388 4989 3542 5059 calme

2212 5090 2568 5161 quadraginta
2595 5104 2825 5152 cornua,
2855 5104 3088 5160 quorum
3116 5102 3287 5152 unum
3317 5085 3384 5158 ab
3411 5083 3552 5153 altero
3573 5071 3688 5161 distat

2209 5159 2406 5239 itinere
2431 5159 2596 5238 vmille
2641 5198 2931 5256 annorum.
2983 5180 3188 5238 Subtus
3242 5177 3461 5250 lapidem
3503 5159 3686 5256 vero-e5t

2210 5291 2370 5336 mons
2412 5251 2698 5343 infernalis
2751 5251 2930 5330 dictus
2985 5274 3143 5349 Zoth,
3195 5288 3352 5343 quem
3401 5251 3686 5349 conscendite

2209 5377 2480 5437 COSUMUt‘
2510 5378 2846 5439 peccatores,
2875 5376 2929 5423 et
2957 5368 3046 5424 ubi
3083 5347 3220 5421 bene
3254 5368 3496 5418 oneratus
3524 5335 3687 5443 "stoc-tl

2210 5436 2458 5518 labascit,
2480 5436 2684 5527 eosque
2715 5459 3030 5517 submersos
3055 5457 3107 5511 in
3133 5455 3401 5514 infernum
3423 5436 3686 5518 ρτεείρίυίί

2211 5547 2312 5604 sub
2343 5547 2445 5603 hoc
2478 5559 2659 5606 monte
2687 5559 2829 5606 terra
2861 5557 2943 5606 est
2975 5559 3028 5604 et
3063 5557 3248 5619 postea
3285 5554 3445 5604 mare,
3475 5539 3521 5589 et
3545 5527 3690 5589 mrsu!
