1962 3484
114 175 161 203 821

606 176 639 203 ΙΝ
659 176 844 204 EUSTATHII
864 175 1098 203 IIEXAEMERON
1118 175 1234 203 ΝΟΤᾸΕ.

1667 175 1722 205 822

114 237 185 261 terra
199 232 326 268 aliudque
341 241 415 261 mare
434 242 520 269 usque
540 234 572 261 ad
593 238 695 270 septem
712 239 844 262 lenrarum
862 239 882 262 el

939 233 989 269 τῆς
1003 233 1143 265 εὐσεϐείας
1161 232 1303 268 χαρακτὴρ
1320 231 1434 264 ὲνιζάνει
1449 230 1537 257 αὐτῶν
1549 233 1602 263 τοῖς
1617 232 1720 268 ἦθεσιν,

116 278 226 306 marium
242 285 395 304 numerum.
413 277 511 305 Ultima
532 286 596 306 vero
617 283 750 307 terrarum
769 284 811 307 est
829 280 890 307 alba

118 328 145 350 ut
159 324 208 355 lac,
226 322 315 350 mollis
324 326 353 350 ut
363 330 470 356 crocus,
487 324 570 351 odora
583 329 612 351 ut
628 325 766 358 moschus,
778 329 805 352 et
817 326 890 352 clara

116 372 145 396 ut
158 368 231 400 luna,
246 368 316 396 infra
338 376 397 396 eam
421 377 537 405 magnus
558 370 641 405 piscis
659 371 738 405 cujus
760 375 842 406 caput
862 372 889 398 in

113 416 253 448 orientem,
268 415 352 443 cauda
365 423 461 443 versus
479 416 647 444 occidentem
666 417 824 452 porrigitur,
841 426 890 445 su-

112 467 160 494 per
177 459 256 494 cujus
274 460 356 488 dorso
373 460 521 488 fundantur
534 469 565 488 ac
583 462 674 497 jacent
688 466 778 494 terrae,
793 463 888 494 maria,

112 512 168 537 aer,
185 513 271 540 usque
286 505 320 533 ad
338 505 417 533 finem
434 506 538 534 mundi.
554 505 657 534 Subtus
676 507 776 542 piscem
793 513 889 535 ventus

112 555 163 583 est,
176 551 221 587 qui
237 559 299 578 eum
316 552 443 585 sustinet,
462 552 559 580 subtus
578 553 649 581 hunc
663 553 776 586 tonitru,
793 561 890 581 rursus

111 598 162 625 sub
183 598 234 626 boc
256 605 330 625 mare
351 598 509 630 obscurum,
535 600 706 634 postmodum
730 599 833 633 laudes,
855 599 889 627 ab

111 642 185 670 hisce
206 642 303 678 gloria,
329 643 458 678 deinceps
480 643 607 677 thronus,
632 651 693 680 post
716 653 777 673 eum
798 645 888 674 tabula

110 689 192 723 picta,
207 692 234 716 et
248 696 348 723 penna.
362 693 388 717 et
403 689 515 718 inferius
529 698 626 726 magna
638 690 683 718 Dei
698 685 807 718 nomina
824 701 832 725 :V
841 690 888 718 sed

109 735 180 772 piget
196 735 369 770 ineptiarum,
383 744 500 771 quarum
515 737 608 764 nullus
621 737 718 765 modus
730 738 801 773 apud
817 737 888 765 hunc

109 785 267 816 nugatorem
272 801 278 807 .

145 825 273 854 Col.709.
290 826 337 853 lin.
354 826 397 854 26.
412 828 465 855 Καὶ
481 827 513 855 τὸ
532 828 594 861 πῶς
611 828 647 855 οὺ
662 827 710 855 δεῖ
729 830 817 856 πολύ.
836 829 888 860 Ubi

110 879 228 906 namque
238 871 304 900 fides
319 872 469 901 humanum
480 874 646 903 intellectum
656 873 852 908 informaverit,
861 878 888 904 et

941 279 1126 315 ἁναζωπυρῶν
1138 278 1167 305 τὸ
1182 279 1213 305 ὲκ
1228 278 1277 313 τῆς
1289 277 1415 312 τοιαύτης
1430 276 1571 311 συνηθείας
1583 278 1722 314 συνειλημ-

942 326 1020 361 μένον
1034 323 1109 361 ἦθος,
1122 325 1168 352 καὶ
1181 325 1241 351 κατ’
1254 323 1342 357 ὀλίγον
1356 324 1395 354 εἰς
1409 323 1459 358 τὴν
1473 322 1518 349 τοῦ
1531 322 1613 349 καλοῦ
1624 324 1721 356 αὐτοὺς

940 371 1028 407 δρεξιν
1044 370 1158 407 ὁδηγῶν.
1176 370 1223 400 Εἰς
1239 369 1352 395 πλεῖστα
1370 368 1397 395 δὲ
1412 369 1514 404 ταύτης
1529 369 1581 395 ὑπὸ
1595 369 1649 396 τῶν
1663 370 1724 396 tm—

940 417 1094 452 γενομένων
1113 415 1298 451 μερισθείσης,
1314 415 1441 450 ζητήσεις
1454 415 1619 450 συνέστησαν
1633 415 1723 442 πλείο-

940 470 994 493 νες,
1007 461 1132 496 καθάπερ
1145 462 1173 487 ὲν
1189 462 1244 492 τοῖς
1259 460 1413 495 ἐριστικοῖς,
1434 459 1480 493 ἀφ’
1501 456 1538 486 ὧν
1550 460 1721 494 ὲντρεχεστέ-

941 515 1004 541 ρους
1027 506 1076 542 μὲν
1098 506 1193 537 ἄλλους
1209 505 1309 541 ἑτέρων
1328 504 1436 540 μᾶλλον,
1452 504 1499 531 καὶ
1515 503 1721 540 ξητικωτέρους,

939 552 978 584 ὡς
991 551 1023 578 ἄν
1037 560 1080 583 τις
1092 551 1174 583 εἴποι,
1190 550 1330 585 γεγονέναι
1348 550 1514 587 συμϐέϐηκε,
1532 550 1579 576 καί
1589 558 1660 581 τινες
1671 550 1720 586 ἥδη

940 598 986 625 καὶ
1000 597 1132 633 αἱρέσεων
1146 596 1328 632 προῦστησαν,
1351 597 1396 631 ἀφ’
1418 593 1454 622 ὧν
1477 597 1493 631 ἡ
1517 596 1586 622 κατὰ
1606 596 1637 622 τὸ
1656 594 1722 631 ἦθος

939 643 1035 678 ἄδηλος
1051 641 1204 677 κατασκευὴ
1219 642 1380 677 ἐμαραίνετο
1390 649 1396 656 ·
1411 641 1459 676 τῆς
1478 641 1526 676 μὲν
1540 641 1610 667 κατὰ
1624 642 1670 668 τὸν
1678 641 1722 667 λό-

939 696 985 721 γον
1005 687 1145 723 ἀκριϐείας
1166 687 1215 713 οὐκ
1241 685 1440 720 ἐφικνουμένων
1462 684 1571 716 τούτων,
1592 685 1649 711 ὅσοι
1667 685 1722 711 τῶν

939 733 1069 769 αἱρέσεων
1095 732 1220 767 ἡγεῖσθαι
1242 732 1343 766 ἠξίουν,
1357 730 1403 757 τοῦ
1428 730 1455 756 δὲ
1481 730 1576 756 πολλοῦ
1605 730 1722 765 πλήθους

940 778 1198 814 στασιαστικῶτερον
1221 778 1288 813 πρὸς
1313 777 1378 804 αὐτὸ
1406 776 1582 808 διατεθέντας,
1613 777 1722 808 κανόνος

939 825 967 853 δὲ
978 825 1084 856 οὐδενὸς
1101 824 1234 856 εἰπόντος,
1256 824 1316 850 οὐδὲ
1332 823 1429 859 νόμων,
1448 822 1493 856 ἀφ’
1510 819 1547 848 ὧν
1566 822 1619 848 τῶν
1639 821 1721 858 ζητή-

940 880 1008 903 σεῳν
1021 870 1182 907 πορίσασθαι
1196 869 1281 896 λύσιν.
1297 869 1429 903 Καθάπερ
1443 868 1471 895 δὲ
1491 869 1519 895 ἐν
1534 870 1589 900 τοῖς
1604 868 1692 900 ἄλλοις
1705 869 1721 904 ἡ

109 918 228 946 rationes
244 919 369 947 humana:
384 925 410 947 et
420 920 605 955 experimenta
619 920 702 947 veluti
717 920 819 948 nullius
831 928 882 949 mo‘

939 916 1088 951 φιλοτιμία.
1104 916 1144 947 είς
1157 914 1309 951 ὑπερϐολὰς
1323 914 1502 946 ἐκπίπτουσα,
1519 913 1568 940 οὐκ
1584 912 1656 939 ἐστιν
1672 913 1722 939 ὅτι

112 963 193 991 menti
205 965 280 997 rejici
293 964 401 995 debent,
416 966 442 993 in
457 973 510 1001 qua
526 966 601 993 nulla
614 966 718 1000 opinio,
733 966 806 993 nulla
818 967 889 994 veri-

108 1008 265 1041 similitudo,
279 1010 352 1037 nulla
364 1009 479 1042 fallacia,
492 1010 566 1042 nulla
576 1010 721 1043 haesitatio,
733 1011 807 1038 nulla
817 1013 888 1042 inest

110 1053 252 1087 dubitatio,
271 1056 318 1083 sed
340 1055 367 1083 in
381 1057 546 1088 obscuritate
559 1057 678 1092 patentia
692 1058 793 1089 omnia,
807 1062 888 1092 atque

108 1104 202 1134 aperta
222 1100 399 1136 intelligendo
420 1101 532 1129 firmiter
552 1106 645 1136 tenet;
659 1106 685 1129 et
698 1110 758 1139 qua:
775 1110 828 1130 non
845 1103 885 1130 vi-

109 1147 164 1179 det,
177 1148 215 1175 uti
232 1148 383 1176 certissima
400 1149 486 1181 credit
498 1149 673 1178 Christianus
688 1154 714 1177 et
728 1150 782 1177 illis
794 1157 888 1178 assen-

107 1192 182 1219 titur.
200 1192 281 1221 Fides
296 1193 487 1230 hate-qualibet
510 1194 743 1222 demonstratione
763 1195 887 1229 superi0r

105 1242 158 1269 est,
173 1239 294 1273 qualibet
306 1238 469 1266 certitudine
484 1240 593 1273 certior,
607 1239 727 1275 qualibet
741 1239 885 1274 disciplina

106 1284 249 1311 excelsior.
276 1284 365 1317 Quare
387 1284 507 1313 Joannes
530 1285 613 1312 Picus
636 1285 835 1320 sapientissime
857 1285 885 1312 in

104 1330 325 1358 conclusionibus
340 1330 504 1358 allirmabat:
520 1330 604 1363 Sicuti
618 1332 693 1366 ﬁdes,
707 1339 764 1365 quae
778 1336 816 1358 est
831 1339 885 1358 cre-

102 1375 214 1407 dulitas,
230 1381 269 1403 est
283 1376 354 1411 infra
372 1377 525 1408 scientiam;
539 1377 577 1403 ita
595 1376 671 1411 fides,
692 1385 750 1412 qua:
769 1381 808 1404 est
829 1385 885 1404 rare

101 1417 180 1452 (idea,
194 1422 232 1445 est
245 1418 535 1453 supersubatanlialiler
553 1427 632 1453 supra
649 1420 787 1453 scientiam
798 1424 823 1447 et
836 1421 884 1447 in—

102 1455 234 1490 tellectum
253 1471 299 1490 nos
317 1463 370 1491 Deo
386 1463 537 1491 immediate
554 1464 721 1500 conjungens.
737 1464 825 1493 Furor
843 1470 884 1493 est

101 1509 201 1536 divinae
219 1510 345 1544 potentia:
362 1518 444 1545 opera
461 1511 497 1537 ita
512 1511 638 1544 scrutari,
654 1515 685 1538 ut
699 1517 792 1540 noster
808 1512 884 1540 intel-

99 1555 187 1589 lectus
207 1556 243 1583 sit
262 1556 322 1591 ejus
338 1564 483 1589 mensura;
502 1557 578 1585 furor
592 1562 634 1585 est
647 1558 766 1591 humana
780 1562 882 1591 mente,

101 1601 194 1628 divina
210 1602 266 1634 illa,
284 1606 311 1629 et
327 1611 387 1637 qua:
404 1604 523 1631 mundus
543 1611 597 1631 non
615 1605 689 1639 capit
706 1605 834 1639 agitasse,
855 1609 883 1632 et

102 1647 206 1674 incerta
227 1647 332 1675 modica
346 1647 490 1684 fragilique
505 1649 662 1683 conjectura
678 1649 823 1682 immensa,
838 1657 882 1677 sa-

101 1701 159 1722 cra.
173 1698 285 1725 eterna,
301 1694 515 1729 admirandaque
530 1694 670 1730 indagare.
708 1696 710 1700 ’

136 1739 216 1771 lbid.,
230 1739 278 1767 lin.
291 1740 336 1766 27.
357 1740 392 1767 Τὸ
405 1740 458 1775 γὰρ
473 1740 590 1768 ἁπλοῦν
604 1741 660 1775 τῆς
675 1742 812 1775 πίστεως.
828 1741 881 1768 Ba-

103 1787 180 1814 silius
194 1786 267 1813 bom.
283 1787 308 1819 l,
325 1787 356 1813 Et
369 1787 397 1813 δὲ
413 1787 460 1822 μὴ,
478 1786 545 1815 ἀλλὰ
559 1787 590 1814 τό
607 1796 639 1823 γε
657 1788 758 1815 ἁπλοῦν
773 1789 823 1823 τῆς
837 1789 881 1815 πί-

102 1839 186 1862 στεως
209 1831 380 1868 ίσχυρότερον
402 1832 471 1858 ἔστω
493 1832 546 1859 τῶν
570 1832 684 1867 λογικῶν
710 1833 879 1866 ἀποδείξεων.

100 1877 317 1905 Christianorum
331 1878 529 1914 philosophiam
542 1879 693 1914 simplicem
706 1883 732 1909 et
743 1879 802 1914 ejus
813 1887 880 1906 cau-

101 1931 160 1952 sam
183 1923 388 1954 eruditissimus.
410 1929 437 1952 et
460 1925 705 1960 φιλοσοφικώτατος
730 1925 881 1953 Alexander

99 1968 257 2004 Lycopolita
284 1969 376 1995 libello
403 1976 467 1996 vere
490 1977 574 1997 aureo
597 1973 692 1997 contra
716 1969 880 1998 Manichaeos

99 2014 287 2042 disertissimis
307 2014 397 2042 verbis
419 2015 546 2050 explicat,
577 2023 658 2051 quem
675 2015 730 2050 jam
752 2024 880 2052 paramus

99 2060 289 2088 commoditati
315 2061 429 2095 publica:
451 2061 596 2088 edendum.
624 2061 689 2096 Ejus
710 2062 793 2090 verba
816 2071 880 2097 cum

98 2114 153 2134 non
170 2107 225 2133 sint
244 2106 317 2141 quod
338 2113 389 2143 ego
410 2106 493 2133 sciam
511 2106 544 2133 ad
565 2106 642 2137 hanc,
655 2106 726 2135 diem
742 2108 813 2135 edita
829 2116 879 2136 nec

97 2152 201 2185 Graece,
214 2159 264 2179 nec
279 2151 384 2184 Latine,
403 2160 455 2179 non
473 2152 607 2187 gravabor
627 2153 672 2180 hic
689 2153 782 2181 Graeca
795 2161 879 2189 appo-

96 2206 175 2230 nere,
190 2202 218 2225 ut
239 2197 302 2233 quis
317 2198 353 2226 sit
371 2202 475 2231 auctor,
495 2199 683 2234 unusquisque
698 2203 826 2235 tanquam
844 2208 876 2229 ex

938 963 968 989 οὺ
980 962 1150 997 λυμαίνεται,
1166 960 1236 987 οὕτω
1248 961 1275 986 δὲ
1289 960 1336 986 καὶ
1350 959 1396 986 ἐπὶ
1411 959 1522 990 τούτων,
1537 960 1568 994 τῇ
1584 959 1721 994 καινότητι

937 1007 991 1033 τῶν
1006 1006 1090 1040 δοξῶν
1115 1006 1243 1042 ἑκάτερος
1266 1005 1311 1032 τὸν
1332 1005 1385 1041 πρὸ
1405 1004 1487 1031 αὑτοῦ
1507 1004 1721 1040 ὑπερϐάλλεσθαι

939 1052 1105 1086 σπουδάζων,
1122 1053 1161 1084 είς
1181 1052 1309 1087 ἀνήνυτον
1329 1052 1444 1086 πρᾶγμα
1460 1050 1508 1084 τὴν
1524 1050 1607 1085 αὐτὴν
1620 1050 1721 1085 ταύτην

937 1099 1121 1134 ὲμϐεϐλήκασι
1138 1098 1305 1133 φιλοσοφίαν·
1324 1097 1417 1132 ὥσπερ
1435 1097 1448 1123 ὁ
1468 1096 1612 1131 λεγόμενος
1636 1096 1721 1122 Μανι-

937 1147 1023 1181 χαῖος,
1040 1146 1068 1177 ὃς
1084 1145 1192 1180 Πέρσης
1206 1144 1255 1180 μέν
1270 1144 1312 1176 τίς
1327 1145 1383 1170 ἐστι
1398 1143 1428 1170 τὸ
1440 1143 1527 1177 γένος,
1543 1142 1613 1169 κατά
1626 1151 1657 1175 γε
1672 1143 1720 1178 τὴν

936 1191 1006 1228 ἐμὴν
1023 1191 1111 1223 δόξαν,
1126 1191 1229 1222 πάντας
1246 1188 1406 1225 ὑπερϐαλὼν
1422 1189 1452 1215 τὸ
1469 1188 1606 1223 θαυμάσια
1620 1188 1719 1222 λέγειν.

936 1237 991 1264 Καὶ
1007 1237 1036 1263 οὺ
1056 1237 1138 1263 πάλαι
1156 1236 1205 1271 μὲν
1224 1235 1390 1261 ἐπεπόλασεν
1404 1235 1421 1269 ή
1440 1233 1535 1260 τούτου
1551 1232 1718 1268 καινοτομία.
1742 1246 1750 1249 κ

936 1283 1047 1319 Πρῶτός
1060 1281 1092 1317 γέ
1104 1291 1144 1314 τις
1159 1281 1252 1313 Πάπος
1264 1280 1392 1315 τοῦνομα,
1409 1283 1462 1307 etc.

971 1329 1051 1360 Ibid,
1083 1329 1131 1356 lin.
1161 1328 1207 1355 ‘28.
1240 1328 1393 1361 Ἂνέφικτα
1415 1324 1481 1360 γάρ.
1511 1323 1720 1357 Elegantissime

935 1376 1110 1412 prosequitur
1127 1374 1288 1402 sententiam
1310 1373 1381 1402 hanc
1403 1370 1535 1407 Georgius
1556 1369 1665 1397 Pisidas
1680 1368 1719 1396 De

936 1423 1025 1450 mundi
1043 1422 1147 1457 api/icio
1166 1428 1214 1456 per
1227 1424 1324 1451 totum,
1340 1426 1421 1453 quem
1438 1417 1510 1445 vide.

970 1466 1050 1498 lbid.,
1070 1466 1116 1493 lin.
1139 1466 1183 1492 55.
1205 1464 1260 1492 Kal
1284 1463 1317 1491 τὸ
1339 1462 1412 1498 φῶς.
1440 1462 1498 1490 Hoc
1523 1462 1613 1488 lumen
1634 1460 1719 1488 fuisse

934 1513 1070 1549 quoddam
1087 1512 1252 1539 luminosum
1273 1518 1321 1545 per
1340 1513 1424 1537 totam
1447 1508 1541 1536 mundi
1563 1507 1718 1536 machinam

934 1559 1062 1587 ditl'usum
1081 1558 1198 1586 Basilius
1222 1557 1296 1583 hom.
1321 1556 1338 1583 6
1358 1556 1385 1582 in
1410 1554 1538 1581 Ilexaem.
1569 1553 1718 1587 Gregorius

934 1605 1122 1632 Nazianzenus
1135 1605 1161 1630 in
1178 1611 1272 1631 novam
1285 1602 1463 1634 Dominicnm,
1478 1600 1525 1635 qui
1542 1607 1595 1635 qua
1612 1600 1718 1628 ratione

934 1651 1047 1686 intelligi
1072 1651 1169 1679 debeat
1192 1649 1310 1684 explicat
1334 1647 1452 1675 Nicetas.
1475 1646 1548 1673 idem
1569 1649 1717 1673 tenuerunt

933 1697 977 1725 alii
987 1695 1083 1730 Graeci,
1096 1695 1283 1723 Theodoretus
1296 1697 1391 1729 quaest.
1407 1692 1439 1719 16
1449 1696 1476 1719 et
1492 1691 1716 1724 16;Athanasius

932 1747 1030 1778 quaest.
1044 1743 1087 1776 7i;
1103 1741 1266 1769 Anastasius
1282 1740 1466 1767 Antiocbcnus
1480 1739 1507 1765 in
1526 1737 1652 1764 "exuent.
1668 1737 1714 1763 lih.

933 1797 974 1822 tv;
990 1788 1155 1823 Procopius,
1174 1788 1199 1814 in
1220 1786 1354 1817 Genesim;
1373 1784 1568 1814 Damascenus,
1583 1783 1629 1810 lib.
1646 1790 1666 1809 Il
1679 1782 1718 1809 De

932 1834 985 1867 [ide
1005 1833 1122 1865 ortltod.,
1145 1841 1206 1868 cap.
1227 1833 1259 1866 7;
1277 1832 1407 1867 Didymus
1428 1837 1456 1859 et
1479 1831 1665 1867 Apollinarius
1688 1831 1716 1857 in

931 1880 1043 1912 Catena,
1063 1880 1135 1914 quod
1159 1883 1251 1914 pOstea
1270 1883 1367 1913 quarto
1383 1878 1427 1906 die
1444 1877 1559 1905 inditum
1577 1881 1619 1905 cst
1633 1876 1714 1904 lumi-

931 1925 1043 1952 naribus
1057 1925 1129 1952 cmli.
1147 1924 1199 1952 Sed
1218 1924 1250 1951 de
1265 1924 1316 1950 hoc
1329 1923 1459 1951 nonnulla
1476 1922 1601 1950 inferius.

966 1970 1034 1997 ibid.
1062 1970 1116 2001 Kal
1141 1970 1239 1997 πάντα
1264 1969 1356 2004 ὀξείᾳ.
1391 1969 1510 1996 Basilius
1544 1970 1617 1996 hom.
1645 1969 1662 1995 2
1688 1969 1715 1995 in

931 2015 1057 2046 Hexaem.
1074 2025 1086 2044 :-
1099 2017 1143 2043 ‘Ev
1161 2016 1189 2042 δὲ
1204 2016 1242 2051 τῷ
1256 2016 1350 2042 πλάτει
1366 2015 1453 2042 πάντα
1466 2014 1499 2042 τὰ
1520 2015 1588 2050 μέρη
1603 2014 1648 2041 τοῦ
1669 2015 1714 2041 κό-

931 2071 1009 2098 σμου,
1020 2063 1112 2098 βόρεια
1124 2071 1164 2094 τε,
1182 2063 1228 2089 καὶ
1242 2062 1326 2094 νότια,
1339 2063 1385 2089 καὶ
1400 2061 1464 2099 ἑῷα,
1482 2062 1528 2088 καὶ
1542 2062 1575 2088 τὰ
1586 2062 1713 2098 ἑσπέρια,

929 2109 958 2135 ὲν
972 2108 1045 2143 ὀξείᾳ
1057 2107 1153 2143 καιροῦ
1167 2108 1237 2143 ῥοπῇ
1251 2106 1429 2141 κατεφώτιζε,
1444 2106 1524 2141 cujus
1535 2107 1616 2133 etiam
1633 2114 1714 2133 usum

928 2157 955 2181 et
979 2154 1113 2181 rationem
1141 2153 1239 2185 reddit,
1272 2161 1354 2189 quam
1378 2155 1401 2181 si
1423 2153 1489 2181 libet
1520 2153 1611 2188 legito.
1645 2151 1715 2178 Mira

929 2197 1003 2226 illius
1025 2199 1172 2233 praeconia,
1192 2202 1220 2225 et
1241 2198 1385 2234 plusquam
1402 2199 1513 2234 triginta
1528 2198 1711 2233 proprietates

94 2251 188 2278 ungue
203 2243 307 2270 leonem
327 2243 413 2278 possit
429 2244 579 2277 conjicere:
604 2244 637 2270 Ἠ
649 2244 819 2280 Χριστιανῶν
832 2254 877 2280 φι-
892 2253 915 2281 D
930 2244 1012 2274 refert
1034 2244 1180 2281 Dionysius
1203 2244 1367 2280 Areopagita
1394 2246 1484 2280 capite
1506 2245 1524 2274 4
1547 2244 1583 2272 De
1615 2244 1711 2274 diuinis

93 2289 209 2323 Αοσοφία
226 2288 297 2323 ἁπλῆ
314 2288 444 2316 καλεῖται·
468 2290 536 2326 αὑτὴ
557 2290 585 2316 δὲ
605 2290 651 2316 ἐπὶ
663 2291 713 2326 τὴν
732 2291 777 2317 τοῦ
798 2291 878 2327 ἤθους

92 2333 268 2369 κατασκευὴν
285 2333 334 2368 τὴν
350 2333 478 2370 πλείστην
490 2334 647 2370 ἐπιμέλειαν
665 2337 780 2364 ποιεῖται
795 2337 878 2363 αἰνιτ-

91 2379 196 2415 τομένη
211 2379 275 2415 περὶ
291 2379 345 2405 τῶν
360 2380 560 2416 ἀκριϐεστέρων
574 2380 661 2415 λόγων
671 2382 734 2417 περὶ
745 2382 822 2415 Θεοῦ,
840 2379 878 2410 ὦν

90 2426 123 2452 τὺ
144 2426 291 2460 κεφάλαιον
308 2425 357 2460 τῆς
378 2427 441 2462 περὶ
464 2426 551 2453 ταῦτα
574 2427 692 2461 σπουδῆς
713 2428 824 2460 εἰκότως
844 2428 878 2455 ἂν

90 2473 214 2503 ἅπαντες
228 2471 411 2504 ἀποδέξαιντο.
430 2472 514 2499 Ἔνθα
535 2473 565 2499 τὸ
582 2474 727 2508 ποιητικὸν.
738 2474 822 2501 αἴτιον
839 2484 877 2501 τι-

91 2517 229 2552 μιώτατον
252 2518 379 2549 τίθενται,
409 2519 456 2551 καὶ
478 2519 677 2555 πρεσϐύτατον,
701 2520 748 2547 καὶ
770 2520 877 2548 πάντων

88 2564 180 2591 αἴτιον
193 2564 247 2591 τῶν
262 2565 356 2592 ὅντων.
377 2565 453 2592 Ἐπεὶ
474 2566 522 2596 καὶ
542 2567 598 2598 τοῖς
614 2565 717 2601 ἠθικοῖς
735 2566 770 2594 τὰ
788 2567 877 2603 ὲργω-

87 2610 208 2646 δέστερα
229 2611 452 2647 παραλείποντες,
462 2623 464 2626 ·
476 2608 531 2638 οἷόν
546 2612 588 2644 τίς
602 2621 632 2639 τε
652 2613 669 2648 ἡ
684 2612 766 2649 ἠθικὴ
781 2614 874 2650 ἀρετὴ,

87 2655 140 2681 καὶ
154 2655 261 2691 λογικὴ,
278 2656 325 2682 καὶ
344 2656 393 2682 ὅσα
415 2656 523 2690 λέγεται
541 2657 604 2693 περὶ
622 2657 695 2689 ἠθῶν
711 2659 758 2685 καὶ
771 2659 874 2692 παθῶν,

85 2701 156 2736 περὶ
173 2701 220 2727 τὸν
234 2701 391 2728 ὑποθετικὸν
405 2702 571 2738 διατρίϐουσι
585 2703 675 2730 τόπον·
694 2706 813 2739 στοιχεῖα
825 2705 875 2740 μὲν

83 2746 160 2782 πρὸς
173 2747 291 2782 ἑκάστης
303 2748 401 2783 ἀρετῆς
414 2748 546 2783 ἀνάληψιν
559 2748 608 2774 οὐκ
617 2749 797 2781 ἀποδιδόντες,
807 2758 875 2784 παρ-

82 2792 251 2828 αγγέλματα
270 2793 298 2820 δὲ
317 2794 464 2830 παχύτερα,
480 2795 517 2827 ὡς
529 2795 685 2830 ἐτύγχανεν,
700 2796 874 2832 ἐπισωρεύον-

80 2846 144 2869 τες,
168 2835 207 2865 ὦν
230 2840 244 2865 ὁ
265 2839 348 2871 πολὺς
369 2840 452 2875 δῆμος
473 2840 588 2872 ἀκούων,
609 2840 646 2872 ὡς
664 2841 697 2867 ἐκ
712 2841 760 2876 τῆς
777 2841 873 2876 πείρας

80 2885 146 2911 ἐστὶ
172 2884 276 2922 μαθεῖν,
304 2885 405 2924 σφόδρα
424 2886 575 2914 ἐπιδίδωσιν
593 2887 632 2918 είς
651 2886 809 2920 ἐπιείκειαν,
825 2887 871 2913 καὶ

928 2291 1040 2322 ηουιὶη..
1065 2295 1092 2318 et
1121 2298 1180 2327 cap.
1206 2291 1240 2318 15
1262 2291 1299 2317 De
1324 2291 1421 2318 caelesti
1454 2291 1612 2318 hieran/tia.
1639 2290 1712 2320 Nihil

927 2337 999 2364 enim
1018 2337 1051 2364 ad
1074 2337 1168 2364 mundi
1191 2337 1316 2364 decorem
1333 2341 1360 2364 et
1375 2340 1501 2364 ornatum
1517 2337 1623 2371 aptius;
1639 2336 1712 2363 unde

927 2382 1005 2419 [iugo
1027 2383 1060 2410 de
1084 2382 1184 2410 Sancto
1200 2382 1319 2415 Victore,
1338 2382 1407 2415 Quid
1423 2383 1557 2418 pulchrius
1566 2383 1641 2410 luce?
1652 2390 1711 2417 quae

926 2438 984 2456 cum
1006 2430 1037 2461 in
1053 2438 1080 2456 se
1093 2429 1205 2456 colorem
1221 2438 1271 2457 mm
1284 2429 1370 2461 habet,
1385 2430 1501 2457 omnium
1520 2434 1605 2459 tamen
1623 2436 1711 2456 rerum

927 2476 1025 2503 colores
1037 2476 1095 2510 ipsa
1109 2475 1301 2511 quodantmodo
1316 2476 1427 2503 colorat.
1445 2476 1509 2504 llaec
1523 2476 1587 2503 item
1604 2483 1666 2502 cum
1680 2475 1711 2503 in

927 2529 1021 2551 omnes
1045 2525 1139 2557 partes
1164 2529 1193 2549 se
1217 2521 1302 2549 etl'use
1327 2522 1523 2555 communicat,
1543 2522 1709 2557 praecipuum

926 2568 1027 2599 dicitur
1054 2567 1278 2598 instrumentum,
1302 2574 1358 2602 quo
1383 2568 1506 2596 cmicstia
1532 2574 1647 2602 corpora
1666 2567 1709 2594 in-

925 2612 1010 2645 fluant
1030 2613 1057 2639 in
1076 2612 1218 2643 inferiora,
1236 2620 1324 2647 eoque
1348 2612 1462 2641 vehente
1486 2612 1519 2639 ad
1539 2620 1591 2640 nos
1607 2620 1623 2640 a
1637 2613 1707 2639 ccelo

925 2658 1097 2693 perveniunt.
1115 2657 1193 2693 Quod
1211 2658 1348 2687 Avicenna
1368 2666 1477 2693 quoque
1493 2658 1571 2690 dixit,
1587 2658 1634 2686 lib.
1650 2657 1708 2685 Mea

925 2708 1001 2735 teor.,
1019 2704 1111 2734 lumen
1129 2711 1232 2731 vocans
1248 2704 1403 2735 vehiculum
1428 2703 1559 2731 virtutum
1584 2705 1707 2732 omnium

924 2749 1088 2781 caelestium,
1103 2754 1130 2777 et
1144 2749 1273 2777 Albertus
1293 2749 1405 2785 Magnus
1427 2750 1473 2777 lib.
1490 2749 1527 2777 De
1540 2759 1607 2777 tam.
1629 2755 1653 2778 et
1665 2759 1705 2778 m-

923 2795 969 2830 ρει.
981 2794 1135 2823 confirmat.
1150 2795 1240 2828 Quare
1254 2795 1284 2822 D.
1299 2795 1462 2823 Ambrosius
1479 2795 1526 2823 lib.
1543 2804 1550 2823 ι
1564 2795 1707 2831 ﬂexum,

923 2849 984 2876 cap.
1001 2841 1029 2873 9,
1041 2841 1162 2877 scripsit,
1178 2842 1260 2870 unius
1277 2846 1401 2869 naturam
1417 2849 1471 2870 non
1486 2842 1632 2875 immerito,
1649 2851 1705 2870 non

923 2888 950 2916 in
972 2895 1111 2922 mensura,
1136 2896 1190 2916 non
1215 2888 1241 2916 in
1261 2888 1381 2924 pondere
1400 2896 1470 2921 esse,
1488 2891 1516 2915 ut
1532 2896 1574 2917 res
1590 2893 1712 2922 caeteras,

735 3147 818 3157 η.
885 3148 897 3166 τ
930 3152 949 3155 ‘
955 3156 976 3159 κγ
1867 3154 1879 3159 ,
1902 3154 1910 3158 _.

738 3176 744 3204 ι1
961 3181 972 3195 ⁸

730 3252 732 3262 Ι

700 3344 704 3362 l
904 3361 906 3363 ,
915 3363 929 3365 _
976 3354 984 3360 Α
992 3352 1022 3368 ι-ι

706 3368 708 3372 .
888 3368 898 3374 ,.
978 3368 984 3376 η
1024 3368 1036 3376 ._

708 3376 716 3392 ι.
888 3378 902 3396 ..Ἰ
978 3378 984 3388 Γ
1036 3376 1066 3396 -._~
