3952 6204
542 319 652 378 825

1885 323 2133 380 LEONIS
2169 323 2451 381 ALLATll
3603 326 3683 385 ﬁt

544 456 575 493 a
618 438 729 496 Deo
774 444 1007 492 creatas.
1040 434 1196 502 Quod
1247 444 1427 494 tamen
1477 440 1714 511 explicat
1761 439 1825 497 υ.
1873 440 2113 497 Thomas
2141 447 2189 505 Αι
2217 453 2299 500 tes
2345 444 2513 499 hasce
2560 444 2815 501 tenebras
2859 459 2997 510 esse,
3027 444 3273 515 quoniam
3318 442 3393 498 lue
3429 443 3596 499 elucis
3624 461 3688 501 re-

543 533 718 601 prima
747 537 912 599 part.,
960 536 1155 597 quzest.
1198 529 1250 594 5,
1292 537 1347 585 et
1389 530 1542 586 alibi.
1580 529 1783 586 Verum
1831 531 1975 588 hanc
2011 531 2121 587 Eu-

545 622 734 677 stathii
790 621 1121 676 sententiam
1190 623 1257 679 de
1304 624 1590 679 celerrima
1634 640 1700 679 ac
1739 635 2120 683 momentanea

544 714 686 769 lucis
740 713 976 779 actione,
1009 730 1117 784 qua
1166 731 1288 771 sese
1333 717 1571 787 explicat
1604 718 1891 773 conﬁrmat
1928 728 2123 790 praeter

545 803 807 859 Basilium
842 812 896 861 et
944 806 1338 872 Ambrosium,.
1368 808 1539 864 Arist.
1580 809 1678 865 lib.
1720 826 1760 866 ll
1811 809 1890 865 De
1929 814 2119 878 anim.,

545 905 656 951 tex.
701 896 789 961 70,
836 897 1069 968 aliisque
1117 907 1309 955 contra
1361 899 1767 971 Empedoclem,
1812 904 1905 974 qui
1945 905 2122 959 lucem

545 989 753 1043 moveri
783 989 984 1045 aiebat.
1019 988 1154 1044 Nam
1183 993 1227 1047 si
1256 992 1508 1063 trajectio
1543 994 1634 1046 illa
1670 1009 1778 1048 non
1809 994 1960 1051 fieret
1986 1012 2124 1069 pun-

544 1093 638 1138 cto
660 1084 946 1153 temporis,
978 1084 1160 1139 saltim
1190 1099 1343 1140 mora
1373 1085 1430 1139 in
1465 1100 1665 1156 magno
1695 1085 1916 1156 quidem
1945 1089 2123 1158 spatio

546 1176 1070 1248 deprehenderetur.
1105 1178 1261 1244 Quod
1302 1179 1468 1234 etiam
1510 1179 1711 1234 rationi
1741 1182 1997 1236 convenit
2027 1198 2125 1236 na-

545 1279 794 1342 turaeque
824 1271 998 1341 ipsius
1028 1271 1191 1335 lucis,
1219 1287 1343 1326 cum
1376 1273 1465 1327 lux
1504 1274 1841 1328 contrarium
1891 1290 1999 1329 non
2030 1275 2128 1330 ha-

547 1361 673 1417 beat
714 1381 729 1417 :
768 1377 893 1417 nam
933 1370 989 1418 et
1039 1364 1364 1419 substantiae
1392 1365 1530 1419 nihil
1559 1373 1644 1421 est
1671 1367 2027 1432 contrarium,
2072 1375 2129 1422 et

550 1455 679 1524 quia
730 1454 805 1509 ita
836 1453 1135 1511 ell‘unditur
1185 1463 1247 1509 ut
1290 1473 1399 1511 non
1430 1456 1621 1513 eadem
1665 1457 1805 1514 lucis
1842 1459 2020 1529 portio
2059 1459 2128 1513 ab

550 1563 660 1604 una
685 1556 835 1619 parte
859 1548 916 1603 in
945 1549 1105 1604 aliam
1132 1555 1395 1613 transeat,
1429 1549 1590 1605 sicuti
1621 1551 1821 1607 accidit
1845 1552 1924 1607 rei
1949 1552 2128 1609 locum

551 1638 809 1699 mutanti.
851 1655 973 1709 quae
1024 1655 1131 1695 una
1177 1647 1341 1709 atque
1391 1641 1583 1696 eadem
1656 1642 1902 1714 singulas
1944 1651 2128 1714 partes

552 1732 715 1801 spatii
749 1732 1014 1794 decurrit,
1046 1733 1236 1804 eisque
1264 1735 1565 1789 secundum
1589 1752 1648 1791 se
1667 1735 1994 1807 respondet;
2022 1751 2130 1807 quo

2222 552 2380 592 cessu
2415 535 2744 601 efﬁciuntur,
2772 545 2827 592 et
2864 552 2983 591 cum
3020 551 3202 592 eorum
3233 542 3409 589 natura
3437 534 3487 588 in
3517 535 3689 592 luminis

2225 628 2529 699 privatione
2558 628 2662 683 sita
2692 629 2764 684 sit
2791 628 3007 699 proprie
3033 627 3331 684 eﬂ'ectorem
3364 625 3513 681 Deum
3538 627 3691 683 habere

2223 734 2330 773 non
2376 728 2695 791 potuerunt,
2747 734 2875 775 cum
2922 718 3063 775 Deus
3105 734 3210 774 non
3251 719 3587 789 privationem,
3623 718 3693 773 sed

2224 826 2406 867 rerum
2441 826 2562 881 qua:
2597 827 2723 867 vere
2752 813 3025 867 exsistunt
3054 822 3238 879 auctor
3272 811 3358 875 sit,
3386 826 3493 880 qua:
3527 810 3695 880 quidem

2226 903 2463 959 tenebrae
2488 905 2801 973 Spectabilis
2821 905 2983 973 hujus
3013 904 3150 958 lucis
3182 903 3518 957 conditionem
3544 886 3568 955 ὲ
3590 898 3699 956 Gm-

2225 1008 2414 1049 corum
2459 993 2678 1049 Patrmn
2705 995 2973 1050 sententia
3008 1000 3419 1069 antecesserunt.
3453 990 3594 1048 Verba
3621 991 3700 1047 lle

2226 1086 2396 1142 thodii
2425 1097 2584 1144 sunt:
2611 1089 2762 1159 Ἐμοὶ
2788 1089 3128 1158 φιλονεικείς,
3145 1087 3236 1139 καὶ
3262 1086 3389 1157 πρὸς
3416 1085 3501 1156 ἐμὲ
3519 1085 3701 1148 iaceant,

2226 1181 2319 1234 καὶ
2345 1184 2458 1245 τοῖς
2490 1183 2643 1252 ἐμοῖς
2671 1180 2930 1251 ἀθληταῖς
2959 1177 3310 1249 ἀνταγωνίζῃ.
3343 1176 3455 1231 Ποῦ
3478 1176 3535 1230 δὲ
3549 1172 3609 1246 ἧς
3634 1176 3705 1247 ὅτε

2226 1272 2340 1343 ἐγὼ
2361 1273 2475 1341 τὴν
2502 1271 2622 1344 γῆν
2655 1271 3040 1344 είργαζόμηγς
3062 1271 3144 1333 τις
3169 1266 3235 1341 ἧς
3252 1270 3397 1333 τότε;
3431 1269 3567 1338 Ἤδη,
3591 1269 3705 1339 φησὶ,

2228 1365 2557 1429 πετπώκεις.
2607 1367 2718 1419 Καὶ
2750 1367 2859 1438 γὰρ
2901 1367 2956 1420 ὲν
2986 1367 3054 1436 τῇ
3095 1364 3232 1436 ἀρχῇ
3274 1364 3366 1433 τῆς
3406 1361 3707 1433 κοσμοποιίας,

2229 1460 2453 1525 Σκότος
2480 1454 2577 1529 ἦν,
2624 1458 2821 1531 φησὶν,
2868 1454 3071 1511 ἐπάνω
3108 1455 3217 1524 τῆς
3260 1456 3528 1516 ἀϐύσσου,
3571 1453 3709 1519 σκότος

2228 1550 2385 1604 τοῦτο
2408 1551 2469 1622 οὐ
2495 1550 2713 1603 κτισθὲν
2739 1550 2947 1614 σκότος,
2985 1548 3124 1602 ἀλλὰ
3150 1544 3516 1619 προαιρετικῶς
3537 1543 3711 1616 ἀρξάμε-

2230 1660 2320 1698 νον
2387 1641 2577 1705 σκότος
2628 1644 2693 1713 τῇ
2753 1640 2848 1694 τοῦ
2913 1639 3094 1709 φωτὸς
3142 1641 3404 1710 στερήσει.
3444 1636 3510 1690 Ex
3564 1635 3711 1706 quibus

2231 1734 2412 1791 verbis
2485 1733 2760 1805 quomodo
2830 1732 3138 1789 Comitolus
3208 1731 3384 1787 eliciat
3438 1743 3541 1785 eam
3589 1726 3715 1782 fuisse

654 1833 711 1888 ut
753 1840 897 1889 nunc
931 1824 1029 1880 has
1064 1843 1207 1902 nunc
1244 1828 1365 1888 illas
1408 1830 1760 1885 successione
1784 1829 2129 1887 decurrendo
2159 1818 2202 1874 Β
2232 1826 2487 1884 Methodii
2519 1830 2844 1883 sententiam
2888 1841 3056 1896 quam
3102 1825 3217 1895 ipse.
3243 1822 3401 1878 refert
3426 1821 3626 1876 nondum
3656 1817 3711 1872 vi-

552 1931 737 1981 moras
769 1917 971 1981 trahat,
1011 1926 1065 1975 et
1107 1928 1325 1989 tempus
1356 1928 1665 1983 consumat.
1712 1921 1893 1988 Quare
1926 1923 2129 1993 optime

554 2006 876 2063 Aristoteles
904 2008 1217 2078 opinionem
1246 2012 1578 2066 contrariam
1600 2012 1673 2067 ita
1698 2012 1996 2068 refellendo
2020 2014 2123 2069 ait;

551 2096 723 2152 Τοῦτο
749 2099 857 2171 γάρ
887 2084 1001 2153 ἐστι
1041 2102 1135 2155 καὶ
1178 2102 1326 2175 παρὰ
1361 2102 1458 2176 τὴν
1488 2104 1545 2156 ὲν
1581 2102 1659 2194 τῷ
1686 2103 1829 2173 λόγῳ
1873 2104 2129 2176 ἀλήθειαν

554 2191 648 2249 καὶ
687 2192 837 2263 παρὰ
870 2192 937 2245 τὰ
966 2194 1285 2264 φαινόμενα.
1334 2194 1449 2251 Hoc
1494 2191 1643 2250 idem
1681 2197 1921 2264 voluisse
1961 2195 2130 2251 Ploti-

553 2299 709 2346 num,
743 2285 836 2349 lib.
871 2302 941 2349 tv,
975 2285 1213 2343 Ennead.
1241 2288 1306 2352 6,
1354 2288 1632 2353 existimo,
1661 2304 1785 2343 cum
1824 2290 1891 2345 de
1926 2289 2131 2351 lumine

552 2377 720 2435 verba
766 2375 974 2434 faciens
1023 2380 1212 2434 multis
1260 2380 1567 2437 rationibus
1610 2380 1910 2441 declaravit
1947 2382 2129 2438 lumen

551 2484 661 2524 non
696 2486 819 2526 esse.
848 2470 1143 2540 divisibile,
1189 2482 1283 2527 aut
1323 2475 1605 2545 multiplex
1636 2487 1856 2547 propter
1884 2475 2130 2541 diversas

552 2568 763 2631 partes,
802 2560 897 2635 sed
929 2576 1052 2622 esse
1089 2572 1259 2616 totum
1302 2563 1356 2618 in
1393 2564 1634 2633 qualibet
1667 2573 1841 2637 parte,
1872 2563 2132 2635 quemad-

552 2652 775 2727 modum
816 2662 871 2726 ct
896 2655 1072 2727 virtus
1117 2656 1319 2711 rectrix
1348 2665 1461 2713 tota
1492 2666 1577 2727 est
1610 2658 1665 2712 in
1699 2657 1939 2728 qualibet
1978 2665 2132 2728 parte

554 2744 839 2816 ponderis,
880 2754 935 2801 et
977 2748 1159 2802 anima
1204 2749 1472 2831 corporis.
1522 2748 1678 2831 Quod
1713 2748 1858 2825 enim
1892 2749 2129 2829 partium

556 2838 908 2895 successione
938 2854 1044 2892 non
1078 2839 1409 2904 extenditur,
1434 2855 1616 2910 neque
1643 2840 1994 2895 successione
2018 2856 2133 2897 mo-

553 2936 667 2994 tus,
704 2929 799 2985 sed
834 2938 1038 3003 puncto
1066 2932 1333 3002 temporis
1366 2947 1463 3004 per
1496 2947 1688 2988 omnes
1720 2941 1905 3005 partes
1933 2932 2131 3009 diﬂ'un-

552 3020 724 3093 ditur.

626 3111 879 3177 Col.709,
899 3112 998 3169 lin.
1017 3114 1109 3171 35.
1125 3114 1247 3183 Πρὸ
1263 3119 1372 3185 γὰρ
1387 3117 1625 3171 τούτου.
1644 3114 1881 3171 Basilius
1895 3114 2044 3173 hom.
2060 3113 2130 3171 ξε

540 3207 630 3277 ,Τδ
650 3206 760 3280 γὰρ
788 3207 974 3273 σκότος
1001 3210 1099 3281 οὐχ
1127 3211 1203 3273 ὡς
1228 3210 1465 3280 πέφυκεν
1487 3210 1828 3283 ἐξηγοῦνται,
1855 3210 1992 3281 ἀέρα,
2015 3209 2136 3263 τινὰ

540 3301 882 3397 ,ἀφώτιστοῃ
928 3301 961 3373 ἢ
1004 3303 1167 3377 τόπον
1209 3302 1267 3369 ἐξ
1315 3302 1685 3375 ἀντιφράξεως
1719 3301 1970 3373 σώματος
2002 3303 2136 3357 ἀπο-

540 3393 937 3475 ζσκιαζόμενον,
985 3395 1017 3468 ἢ
1067 3395 1203 3460 ὅλως
1246 3396 1368 3449 καθ’
1412 3395 1696 3450 ὁποιανοῦν
1747 3396 1924 3455 αἰτίαν
1974 3395 2135 3448 τόπον

541 3488 735 3558 ⁴τρωτὸς
762 3488 1145 3562 ἐστερημένον,
1179 3488 1314 3542 ἀλλὰ
1350 3488 1576 3560 δύναμιν
1610 3487 1806 3561 κακὴν,
1848 3488 2047 3559 μᾶλλον
2079 3488 2137 3542 δὲ

541 3563 690 3635 ἒαὐτὸ
722 3581 783 3634 τὸ
805 3581 972 3645 κακὸν
1001 3582 1133 3653 παρ’
1163 3579 1356 3634 ἑαυτοῦ
1394 3581 1491 3652 τὴν
1520 3579 1694 3653 ἀρχὴν
1729 3579 1872 3651 ἔχον,
1909 3590 2045 3647 elc.;
2083 3587 2136 3634 et

555 3670 790 3727 inferius
826 3692 839 3727 :
881 3672 1033 3727 Ἐπεὶ
1077 3667 1171 3741 οὖν
1202 3671 1418 3745 ἐγένετο
1447 3670 1692 3744 οὐρανὸς,
1730 3670 2133 3742 προστάγματι,

555 3763 692 3817 Θεοῦ
728 3763 939 3837 ἀθρόως
972 3764 1288 3835 περιταοεὶς
1319 3769 1430 3831 τοῖς
1465 3764 1615 3827 ἐντὸς
1656 3763 1759 3817 ὑπὸ
1795 3763 1893 3833 τῆς
1931 3762 2134 3828 οἰκείας

556 3855 723 3911 αὐτοῦ
767 3856 1119 3928 περιφερείας
1168 3855 1617 3931 ἀπειλημμένοις,
1659 3856 1817 3927 σῶμα
1853 3855 1975 3928 ἕχον
2014 3874 2137 3911 συν-

540 3947 679 4025 Ιεχὲς
715 3949 895 4002 ἰκανὸν
923 3948 1027 4003 τῶν
1066 3948 1171 4015 ἔξω
1206 3948 1495 4023 διαστῆσαι,
1522 3948 1592 4001 τὰ
1620 3946 1783 4008 ἔνδον.
1824 3948 2135 4018 ἀναγκαίως

557 4040 650 4093 τὸν
676 4040 1131 4111 ὲναπδλειςροέντα
1170 4040 1317 4112 α)τῷ
1355 4040 1519 4095 τόπον
1556 4041 1769 4111 Erasini}
1802 4042 2127 4111 κατέστησε,

556 4134 656 4207 τὴν
685 4133 882 4199 ἔξωθεν
909 4135 1081 4207 αὐγὴν
1102 4136 1384 4206 διακόψας.
1412 4134 1552 4206 Τρία
1578 4135 1688 4207 γὰρ
1708 4135 1789 4195 δεῖ
1814 4134 2135 4205 συνδραμεῖν

556 4229 651 4283 ἐπὶ
682 4231 780 4299 τῆς
808 4231 983 4294 σκιᾶς,
1016 4229 1076 4282 τὸ
1110 4229 1247 4303 φῶς,
1280 4230 1341 4282 τὸ
1378 4230 1554 4300 σῶμα,
1581 4229 1672 4283 τὸν
1698 4228 1925 4299 ἀλαμπῆ
1949 4228 2134 4280 τόπον.

539 4322 633 4401 ιΤὸ
680 4323 857 4376 τοίνυν
909 4321 1199 4392 ὲγκόσμιον
1247 4321 1434 4386 σκότος
1477 4323 1542 4391 τῇ
1586 4320 1714 4391 σκιᾷ
1754 4318 1845 4373 τοῦ
1885 4318 2134 4390 οὐρανίου

560 4411 810 4484 σώματος
854 4412 1198 4487 παρυπὲστη.
1240 4410 1335 4467 llis
1366 4426 1607 4465 consona
1648 4417 1774 4464 sunt
1817 4423 1936 4477 quae
1973 4407 2135 4462 habet

2229 1920 2353 1985 deo,
2386 1935 2509 1975 cum
2542 1919 2707 1975 verba
2742 1916 3003 1972 Methodii
3047 1904 3195 1970 aliud
3242 1914 3477 1977 innuant,
3506 1925 3589 1965 nec
3624 1923 3709 1979 per-

2231 2012 2409 2082 plexe.
2447 2009 2662 2065 Etenim
2709 2009 2951 2064 tenebras
3002 2008 3111 2062 illa:
3160 2021 3319 2077 super
3367 2004 3605 2074 abyssum,
3637 2013 3711 2053 non

2229 2112 2386 2159 erant
2436 2112 2633 2157 creata:
2677 2101 2937 2164 tenebrae,
2983 2098 3083 2156 sed
3128 2098 3306 2153 liberte
3349 2096 3467 2166 ipsae
3500 2095 3714 2167 coiperunt

2230 2213 2354 2254 esse
2384 2197 2621 2252 tenebrae
2654 2196 2793 2252 lucis
2823 2197 3153 2267 privatione.
3190 2190 3339 2247 Unde
3375 2204 3490 2259 ergo
3524 2194 3606 2249 est,
3630 2183 3715 2236 illas

2233 2291 2439 2371 primas
2471 2289 2732 2345 tenebras
2780 2295 3062 2343 nostrates
3094 2286 3197 2340 has
3245 2281 3393 2338 esse?
3421 2278 3553 2334 Unde
3578 2290 3716 2331 eorum

2231 2381 2545 2438 effectorem
2580 2380 2750 2436 Deum
2783 2394 2893 2434 non
2924 2378 3138 2434 fuisse?
3168 2374 3321 2431 Unde
3351 2372 3501 2427 Deum
3529 2384 3617 2423 non
3632 2381 3717 2421 esse

2232 2474 2634 2544 privationunt,
2684 2471 2781 2527 sed
2830 2486 3016 2526 rerum
3061 2485 3187 2540 qua:
3232 2472 3437 2523 exstant
3477 2455 3720 2516 auctorem?

2231 2550 2315 2642 Att
2347 2582 2476 2641 vero
2510 2566 2598 2639 hic
2648 2564 2958 2621 Methodius
3013 2579 3128 2618 una
3162 2577 3286 2617 cum
3325 2557 3566 2614 Ludovico
3595 2550 3717 2607 Fideli

2233 2658 2437 2725 sentiat
2466 2658 2522 2712 in
2554 2656 2702 2712 notis
2745 2656 2814 2711 ad
2863 2655 3045 2727 ipsum
3094 2652 3417 2710 Methodium
3459 2646 3633 2720 planius
3651 2657 3718 2697 ex-

2234 2750 2595 2823 plicabimus;
2630 2756 2684 2822 et
2711 2764 2780 2823 an
2813 2748 2957 2804 idem
3001 2747 3254 2803 videatur
3291 2742 3509 2801 sensisse
3543 2737 3716 2792 Joannes

2234 2829 2363 2895 Pius
2392 2820 2451 2895 in
2502 2820 2785 2913 llepmplo,
2822 2839 2918 2907 lib.
2970 2855 3073 2903 vn,
3118 2839 3282 2908 capit.
3314 2836 3339 2889 1
3375 2851 3389 2887 :
3426 2832 3564 2887 Terra
3591 2835 3717 2881 autem

2233 2942 2347 2989 erat
2375 2933 2550 2987 inanis
2589 2943 2639 2987 et
2662 2948 2851 3007 vacua,
2882 2940 2932 2985 et
2965 2929 3194 2986 tenebrae
3234 2935 3386 2983 erant
3424 2938 3555 2992 super
3580 2919 3715 2989 [πίω

2235 3009 2411 3096 abyssi
2433 3024 2571 3079 ‘°.—
2584 3021 2705 3077 Non
2725 3031 2866 3087 creat
2886 3021 3028 3094 Deus
3047 3021 3375 3081 inanitatem,
3389 3033 3480 3070 non
3492 3021 3603 3067 creat
3616 3019 3714 3075 lgne-

2237 3117 2381 3179 bras,
2414 3117 2503 3189 sed
2528 3137 2545 3168 t
2571 3126 2730 3180 terra.
2750 3118 2939 3188 inquit,
2958 3116 3136 3187 inanis
3152 3112 3429 3169 ettenebra:
3453 3116 3574 3163 erant
3585 3121 3600 3168 ;
3617 3116 3710 3156 nm

2239 3210 2367 3266 dicit
2399 3211 2509 3266 lucc
2539 3210 2701 3278 fuisse
2732 3220 2933 3273 creata,
2972 3209 3065 3264 sed
3105 3208 3289 3279 fuisse.
3323 3205 3383 3259 Et
3415 3201 3569 3274 paucis
3591 3198 3708 3249 inter-

2235 3287 2420 3374 j‘eclis,
2457 3301 2639 3373 Neque
2678 3302 2788 3357 hwc
2833 3302 2958 3372 fecit
2989 3299 3158 3369 Deus,
3208 3298 3296 3354 sed
3323 3296 3522 3352 hominis
3548 3288 3703 3345 malitia,

2239 3395 2330 3468 qui
2352 3395 2525 3449 volens
2560 3411 2623 3461 ac
2662 3393 2742 3448 his
2787 3394 2937 3464 bonis
2967 3394 3215 3462 privavit,
3246 3390 3425 3462 quibus
3467 3387 3577 3439 illum
3604 3378 3700 3478 Deut

2239 3487 2519 3542 ditaverat.
2570 3484 2708 3540 Sunt
2734 3488 2825 3556 qui
2881 3484 2985 3538 hoc
3036 3485 3160 3539 loco
3199 3482 3519 3554 tenebrarum
3552 3480 3699 3526 nomine

2239 3595 2380 3652 quos
2426 3577 2737 3643 Ludovicus
2798 3578 3002 3645 Fidelis
3041 3577 3143 3631 lib.
3178 3591 3218 3632 tt
3259 3575 3333 3648 De
3378 3568 3532 3643 mundi
3559 3569 3702 3619 structa

2240 3688 2364 3744 cap.
2402 3673 2431 3724 7
2463 3680 2517 3726 et
2548 3671 2600 3733 8,
2632 3688 2738 3725 non
2782 3670 3076 3740 improbat,
3120 3684 3300 3733 aerem
3336 3663 3629 3735 caliginosum
3650 3653 3705 3750 lu:

2240 3742 2387 3834 mine
2437 3764 2757 3831 destitutum
2821 3763 3049 3833 intelligi
3102 3762 3301 3823 velint,
3356 3774 3415 3813 ex
3461 3767 3549 3824 qth
3587 3742 3705 3814 anile“

2238 3872 2395 3911 suum
2418 3855 2595 3910 sortiti
2627 3863 2755 3910 sunt
2783 3862 2984 3916 ortum,
3010 3870 3137 3922 nam
3172 3861 3232 3921 ut
3254 3868 3317 3908 ex
3342 3851 3457 3905 limo
3485 3854 3608 3919 terra
3627 3846 3706 3890 1³η·

2239 3965 2398 4018 quam
2435 3948 2759 4027 prmjacente
2787 3947 3011 4020 materia
3031 3946 3330 4010 hominem,
3367 3942 3439 3996 sic.
3460 3954 3516 3993 ex
3541 3946 3632 3988 aere
3646 3940 3704 4027 ξε·

2240 4021 2475 4115 Ιίεἰηοεο,
2530 4043 2694 4117 veluti
2757 4042 3077 4111 subjacentc
3131 4034 3507 4095 substerniculo
3552 4021 3703 4095 δηεείοε

2239 4136 2409 4190 Deum
2470 4134 2784 4195 condidisse
2832 4134 3208 4199 arbitrantur,
3256 4129 3398 4203 Pauli
3445 4119 3704 4212 fundamento

2238 4226 2434 4292 innixi,
2467 4227 2736 4281 dicentis:
2763 4225 3026 4292 Quoniam
3052 4223 3215 4289 Dens,
3233 4224 3319 4294 qui
3339 4220 3461 4274 dixit
3484 4205 3701 4305 deterritis

2239 4321 2406 4374 lucem
2454 4319 2838 4388 splendescere,
2885 4320 2994 4387 ipse
3036 4316 3217 4372 illuxit
3246 4318 3299 4369 in
3328 4310 3538 4379 cordibus
3569 4308 3701 4398 nostri!

2238 4414 2307 4467 ad
2355 4412 2794 4467 illuminationem
2835 4413 3068 4466 scientiae
3115 4409 3372 4475 claritatis
3413 4403 3497 4458 Dei
3532 4400 3572 4451 il
3613 4391 3701 4461 Ῑαίίθ

556 4479 794 4565 Joannes
816 4479 1232 4571 Philoponus'in
1266 4501 1519 4556 Hexaem.
1555 4499 1825 4555 referente
1854 4497 2049 4569 Photio
2080 4498 2133 4551 in
2169 4526 2211 4579 Β
2241 4504 2441 4559 Christi
2489 4503 2616 4569 Jesq
2661 4505 2725 4557 ιι,
2777 4502 2918 4559 Deus
2952 4502 3119 4569 enim,
3147 4502 3241 4572 qui
3275 4499 3405 4574 dixit
3441 4495 3496 4549 de
3532 4479 3700 4579 tenebris

557 4594 851 4650 Biblioth.:
881 4593 991 4648 Καὶ
1019 4595 1237 4662 σκότος
1268 4592 1468 4666 eadm)
1496 4590 1605 4659 τῆς
1619 4592 1915 4662 ἀϐύσσου·
1946 4588 2007 4642 τὸ
2037 4588 2136 4662 μὲν

558 4689 704 4761 ὕδωρ
732 4687 966 4760 ἄϐυσσον
1008 4684 1196 4755 εἰπὼν,
1241 4684 1302 4737 τὸ
1341 4683 1397 4736 δὲ
1448 4683 1638 4746 σκότος
1688 4681 1778 4735 τὸν
1830 4679 2133 4756 ἀφώτιστον

557 4782 714 4853 ἀέρα.
765 4781 876 4836 Καὶ
923 4778 1031 4851 γᾲρ
1075 4777 1276 4851 κυρίως
1322 4775 1511 4843 σκότος
1555 4774 1703 4828 ἐστὶν
1751 4774 1785 4845 ἡ
1821 4772 1915 4827 τοῦ
1958 4774 2134 4849 φωτὸς

557 4872 813 4928 ἀπουσία.
868 4871 979 4926 Καὶ
1037 4868 1293 4940 συνήθεια
1343 4867 1401 4921 δὲ
1452 4866 1642 4936 σκότος
1690 4866 1779 4920 τὸν
1830 4865 2131 4937 ἀφώτιστον

555 4966 704 5036 λέγει
750 4964 909 5038 ἀέρα,
961 4964 1079 5035 ἢτοι
1127 4961 1188 5016 τὸ
1239 4960 1548 5035 νυκτερινὸν
1606 4957 1699 5013 τοῦ
1754 4959 1915 5031 ἀέρος
1959 4959 2132 5035 κατά-

559 5077 782 5132 στημα,
812 5042 872 5131 ,ἢ
924 5058 1019 5112 καὶ
1074 5054 1136 5110 τὸ
1192 5055 1367 5120 ἄλλως
1421 5053 1539 5118 πῶς
1600 5053 1913 5128 συμϐαῖνον.
1975 5053 2136 5118 Certe

556 5153 801 5209 notanda
854 5159 940 5208 est
984 5150 1258 5208 sententia
1317 5148 1576 5203 llletliodii
1630 5163 1796 5219 super
1844 5148 1955 5211 illis
2009 5163 2135 5202 ver-

556 5246 646 5301 bis
700 5244 823 5313 Job,
879 5243 979 5301 Ubi
1034 5259 1329 5309 eras,cum
1379 5241 1660 5311 funderent
1713 5258 1805 5312 ego
1862 5240 2139 5309 terram'?

559 5339 664 5406 Qui
724 5349 904 5412 negat,
950 5349 1011 5395 ut
1066 5340 1345 5397 existimat
1388 5336 1591 5394 Paulus
1649 5336 1974 5409 Comitolus,
2035 5336 2137 5397 bas

556 5414 816 5488 tenebras
869 5432 1120 5489 conditas
1182 5432 1376 5496 fuisse,
1438 5440 1494 5485 et
1566 5431 1823 5501 tenebras
1884 5445 2003 5501 quae
2062 5429 2140 5484 illi

553 5525 795 5581 horridae
841 5534 1001 5597 atque
1049 5528 1338 5594 incompta:
1383 5539 1569 5578 rerum
1624 5524 1869 5589 omnium
1904 5522 2031 5587 moli
2083 5521 2139 5575 in

559 5616 735 5693 prima
778 5617 963 5670 mundi
997 5617 1406 5682 constitutione,
1437 5623 1592 5673 erant
1618 5615 1887 5680 obducta},
1925 5620 2140 5670 nostra-

636 5799 657 5833 ο
702 5791 802 5860 Jul;
838 5807 1075 5856 xxxvnt,
1115 5793 1168 5852 4.
1249 5794 1289 5825 ¹⁰
1332 5793 1456 5848 Cen.
1495 5809 1546 5858 Ι,
1578 5794 1632 5846 9-

1719 5796 1757 5825 ”
1802 5791 1842 5847 ll
1883 5792 2007 5849 Cor.
2051 5810 2122 5863 tv,
2162 5792 2217 5852 6,
2298 5795 2335 5825 ιε
2379 5790 2506 5850 Cen.
2545 5809 2591 5861 1,
2628 5792 2680 5847 5.

2244 4597 2421 4652 lucem
2456 4594 2857 4667 splendescere,
2892 4596 2939 4651 is
2967 4606 3072 4661 est,
3117 4597 3209 4664 qui
3249 4594 3316 4648 de
3357 4585 3561 4646 tenebris
3581 4573 3697 4633 dixit,

2244 4689 2375 4745 Fiat
2409 4693 2523 4753 tux,
2547 4699 2596 4755 et
2629 4689 2773 4754 facta
2793 4700 2871 4747 est
2890 4690 2955 4742 ι’.
2973 4689 3030 4743 1d
3051 4688 3226 4744 autem
3242 4682 3449 4754 intelligi
3475 4693 3559 4733 non
3578 4670 3695 4741 ροιεεί

2242 4785 2310 4840 de
2337 4783 2573 4855 simplici
2608 4784 2831 4840 luminis
2870 4783 3136 4843 carentia,
3166 4779 3410 4851 quoniam
3452 4789 3507 4827 ex
3538 4768 3688 4855 lgoc‘ne’

2242 4878 2361 4950 ειυῑι
2393 4851 2688 4948 (ιιῖὶιιιιιιειιιι
2724 4877 2881 4940 oriri,
2918 4886 2972 4933 et
2998 4874 3229 4946 proinde
3256 4886 3373 4927 cum
3396 4868 3520 4924 dicat
3541 4851 3687 4950 Paulus.

2240 4945 2306 5026 de
2365 4945 2586 5026 tenebris
2635 4969 2801 5043 lucem
2851 4945 3238 5039 splendescere,
3283 4965 3475 5035 Oportet
3520 4945 3691 5046 tenebta‘s

2240 5066 2390 5139 il’sas
2444 5066 2593 5121 unde
2646 5037 2738 5133 10x:
2797 5033 3025 5139 prodeat
3080 5058 3281 5132 aliquid
3319 5033 3459 5112 esse.
3503 5048 3557 5102 At
3588 5033 3689 5139 quid:

2242 5176 2450 5232 quaso,
2480 5160 2785 5227 existimas,
2815 5157 3192 5232 hujuscemodi
3224 5151 3458 5210 tenebras
3491 5152 3597 5205 055.9:
3620 5139 3687 5184 ¹¹¹⁶¹

2237 5231 2415 5308 aerem
2448 5252 2627 5322 ipsum
2667 5249 2913 5316 tenebris
2934 5250 3190 5316 obsitum,
3222 5245 3313 5302 sed
3351 5234 3539 5297 luminis
3557 5231 3687 5322 ξιιξοὲ.

2236 5317 2486 5414 ptivum‘l
2505 5342 2648 5413 quod
2681 5341 3005 5412 perpulchte
3044 5340 3129 5395 his
3149 5336 3318 5393 verbis
3338 5329 3541 5387 insinuat
3556 5317 3682 5414 lsaitti

2237 5399 2648 5505 inquiens,.E90
2674 5399 2959 5496 hominum,
2989 5442 3162 5499 etnon
3185 5436 3259 5483 est
3285 5424 3408 5479 alter
3426 5419 3609 5505 forata"
3832 5399 3838 5505 ς

2239 5499 2411 5579 cernet
2435 5499 2619 5579 creatis
2646 5524 2883 5579 tenebras
2912 5523 2987 5584 ης
3018 5522 3230 5587 nomine
3249 5522 3407 5571 autem
3431 5499 3684 5589 tenebrat:1m

2241 5613 2357 5669 hoe“
2380 5614 2502 5667 loco
2532 5613 2743 5684 aliquid
2777 5613 3073 5686 positivum
3110 5583 3475 5680 intelligendum
3496 5599 3579 5650 est.
3606 5583 3693 5642 N011

2763 5793 2803 5824 ’³
2850 5789 2960 5849 ιτα.
2998 5808 3118 5857 ην,
3156 5789 3203 5843 7.
