1962 3484
70 159 127 187 325

568 159 600 186 ΙΝ
617 159 805 188 EUSTATHII
824 160 1063 188 HEXAEMERON
1084 160 1198 188 KOTE.

1642 159 1695 188 826

69 217 148 246 enim
163 216 272 243 luminis
293 215 441 243 carentiam
464 215 568 244 creavit
588 216 670 244 Deus.
689 216 752 245 llaec
769 222 859 244 tamen

925 218 971 245 dou
994 219 1173 253 γενησόμενον
1198 217 1356 252 ὑπερόριον,
1385 217 1485 252 μηδένα
1506 217 1533 243 δὲ
1558 217 1603 243 τὸν
1626 218 1696 253 μετὰ

69 263 168 299 opinio
191 261 301 289 minime
323 261 463 296 probanda
489 262 608 295 videtur,
633 263 676 291 vel
697 271 731 291 ex
753 271 786 290 eo
803 264 861 290 solo

71 308 149 344 quod
166 307 279 342 angelis,
299 306 345 341 qui
361 311 425 333 sunt
445 306 506 341 puri
521 307 636 341 spiritus
654 308 729 335 nullo
748 315 862 342 corpore

72 353 216 382 obstricti,
246 350 388 378 materiale
412 350 576 386 principium
605 353 717 385 tribuat,
745 353 862 387 indeque

70 405 274 432 coscorporeos
288 397 494 432 materialesque
507 398 616 425 efficiat.
628 397 713 430 ΑΜ...
730 398 796 425 hinc
808 406 861 425 non

72 442 156 469 simul
172 449 234 469 cum
252 442 323 469 coelo
348 445 375 469 et
391 446 465 469 terra
480 442 568 477 angeli
593 442 721 477 producti
738 442 863 470 referun-

71 494 129 519 tur.
146 489 193 516 sed
208 492 269 523 post
285 488 345 516 caeli
359 493 385 515 et
397 492 476 515 terrae
490 489 667 516 creationem.

109 535 169 563 Col.
185 535 247 568 709,
264 534 311 562 lin.
326 534 370 561 38.
393 533 521 566 Ἒξωθεν
535 534 569 560 δὲ
586 534 638 561 τοῦ
650 534 791 568 οὐρανοῦ.
807 535 864 562 Me-

72 582 188 609 tliodius
205 580 346 616 presbyter
364 580 639 616 Hierosolymitantts,
664 585 733 608 orat.
758 581 785 607 in
806 579 864 615 Hy-

70 632 228 661 papantem,
245 627 303 654 sive
325 625 487 653 Timotheus
509 626 560 653 sub
579 626 658 660 cujus
675 625 784 652 nomine
807 625 864 652 haec

71 674 164 701 oratio
185 674 330 709 praeteritis
356 673 437 700 annis
457 673 536 700 initio
559 673 655 700 mutila
679 679 778 700 excusa
811 677 863 705 est,

71 727 156 755 quam
169 720 299 754 integram
308 718 419 753 suisque
430 719 552 753 partibus
567 718 720 745 absolutam
732 718 791 750 tibi,
807 718 865 745 lec-

72 770 127 796 tor.
147 771 202 791 una
219 772 281 791 cum
300 764 361 791 aliis
377 763 577 791 Methodiorum
591 762 742 798 opusculis,
752 767 779 790 et
794 762 865 797 frag-

72 811 186 842 mentis,
195 810 250 838 Deo
258 810 348 843 dante,
360 818 440 845 quam
449 810 567 845 primum
575 809 702 837 dabimus
724 818 730 836 :
742 809 766 836 is
775 808 866 844 itaque

72 858 108 885 de
118 857 173 884 hoc
181 856 276 884 eodem
287 856 390 884 lumine
399 863 552 883 sermonem
561 862 645 891 agens
654 855 692 882 ita
701 854 842 882 exorditur
857 864 864 881 :

911 264 997 290 ταῦτα
1022 264 1173 299 ἀνθρώπων
1193 262 1323 299 μέλλοντα
1347 263 1428 290 πάλιν
1451 264 1570 298 οἰκήσειν
1596 264 1694 295 αὺτόν;

912 310 943 335 El
959 309 1013 344 γὰρ
1028 310 1142 341 ἕκαστος
1165 309 1212 336 καὶ¹
1228 308 1281 336 τῶν
1303 308 1421 340 εὐσεϐῶς
1445 308 1623 344 βεϐιωκότων,
1650 310 1696 336 καὶ

912 354 966 380 τῶν
979 354 1116 385 δυσσεϐῶς
1133 353 1378 389 πολιτευσαμένων,
1398 352 1466 388 μετὰ
1479 353 1509 380 τὸ
1526 353 1633 380 στάδιον
1648 353 1696 380 τοῦ

913 400 1045 435 παρόντος
1059 400 1116 435 βίου
1134 400 1202 436 πρὸς
1220 400 1251 426 τὸ
1267 400 1304 435 μὴ
1327 399 1356 426 δν
1372 399 1527 433 ἀναλύεται,
1547 400 1593 426 καὶ
1606 400 1696 432 οὐδεὶς

912 447 962 473 οὑκ
975 446 1015 473 ἔτι
1030 447 1162 482 διαμένει,
1177 446 1247 473 ὥστε
1264 446 1311 473 καὶ
1327 446 1488 482 παράδεισον
1509 446 1696 481 κληρονομεῖν,

914 494 960 520 καὶ
973 493 1023 528 τῆς
1042 493 1070 519 ὲν
1091 492 1164 528 αὑτῷ
1179 492 1284 528 τρυφῆς
1306 491 1452 518 ἀπολαύειν
1475 491 1568 527 ίερᾶς”
1587 490 1645 522 πῶς
1666 491 1697 517 οὐ

915 532 1008 573 μάτην
1029 537 1110 564 αὐτὸν
1133 536 1295 572 γεγενῆσθαι
1323 537 1340 571 ὴ
1365 536 1473 571 τοιαύτη
1497 535 1631 571 ἀγνώμων
1652 535 1700 562 καὶ

913 583 1045 619 δυσσεϐὴς
1055 583 1189 618 ὑπόληψις
1204 583 1348 617 ἀποφανεῖ,
1365 583 1411 609 καὶ
1425 582 1469 609 διὰ
1478 581 1529 616 τῆς
1545 582 1585 613 εἰς
1599 582 1700 608 ἐκεῖνον

915 630 1019 666 ὕϐρεως
1026 630 1071 656 τὸν
1084 630 1172 656 κοινὸν
1179 629 1313 664 ὲξυϐρίσει
1321 628 1352 664 δη
1357 627 1498 663 μιουργὺν,
1508 628 1601 654 ἐκεῖνα
1611 627 1699 663 πράτ-

914 685 972 704 τειν
991 677 1162 712 κατηγορῶν,
1181 675 1199 703 ἃ
1217 677 1284 712 μηδὲ
1305 676 1413 711 μέτριος
1435 675 1468 702 ἄν
1477 683 1520 706 τις
1529 674 1702 710 διαπράξοιτο

914 723 984 758 ἀνήρ
999 731 1006 755 ;
1026 722 1078 750 Sed
1088 722 1247 749 Eustathius
1256 729 1359 757 magna:
1369 721 1498 748 Ecclesia:
1506 720 1648 755 presbyter
1657 727 1703 746 eo-

916 767 977 795 dem
989 766 1085 794 Pholio
1095 767 1227 794 referente
1235 774 1284 801 pro
1293 766 1405 793 veritate
1413 769 1520 800 sumpta
1530 764 1704 792 contentione

917 813 1052 848 probavit,
1067 813 1128 839 Ὂτι
1141 815 1210 848 μετὰ
1223 812 1272 847 τὴν
1287 811 1447 846 ἀπαλλαγὴν
1461 810 1508 837 τοῦ
1522 811 1647 846 σώματος
1656 809 1706 836 αὐ-

916 859 981 887 τίκα
1003 859 1161 894 εὑεργοῦσιν
1183 857 1281 885 αἰτῶν
1302 857 1389 892 ἁγίων
1402 857 1497 891 ψυχαί.
1523 857 1559 883 Οὐ
1586 855 1705 891 μόνονδὶ

71 903 164 935 Μόνος
171 904 199 930 ὲν
204 902 252 929 ἀνθ
258 902 357 938 ρώποις
362 902 462 934 τέλειος
471 901 612 937 ἅνθρωπος
620 902 634 928 ό
642 901 690 937 τῆς
697 900 867 935 δικαιοσύνης
882 901 903 928 Β
917 905 971 932 τῶν
985 905 1080 939 ἁγίων,
1097 904 1165 931 ἀλλὰ
1180 904 1227 931 καὶ
1237 903 1331 935 ἁπλῶς
1341 903 1412 930 κατὰ
1427 903 1476 938 τὴν
1487 902 1589 929 οἰκείαν
1602 902 1705 937 ἑκάστῃ

73 950 140 986 περὶ
166 949 262 976 πολλοῦ
278 949 417 984 τιθέμενος
443 948 546 984 κτῆμα.
571 947 717 983 Ἀείφωτον
734 948 789 984 γὰρ
811 949 867 979 τοῖς

71 994 302 1030 δικαιοπραγοῦσι
326 995 356 1021 τὸ
371 994 421 1030 τῆς
439 993 613 1030 δικαιοσύνης
630 995 724 1030 κτῆμα
746 994 816 1021 κατὰ
838 994 869 1021 τὸ

72 1040 181 1075 φάσκον
205 1040 276 1067 θεῖον
304 1040 401 1076 ῥητόν
426 1039 491 1073 Φῶς
510 1039 638 1072 δικαίοις
668 1039 717 1067 διὰ
745 1042 867 1073 παντός.

72 1086 156 1113 Ποῖον
171 1086 246 1121 φῶςς
264 1087 301 1113 υὺ
317 1086 347 1113 τὸ
365 1086 442 1113 νυκτὶ
458 1086 668 1121 διαμαχόμενον,
684 1086 731 1112 καὶ
742 1086 870 1121 ἡλιακαῖς

72 1134 167 1160 ἀκτῖσι
195 1132 335 1160 διπλάσιον
369 1132 580 1168 εὑρισκόμενον,
609 1131 656 1158 καὶ
685 1131 724 1167 τῷ
757 1133 869 1167 παρόντι

73 1179 155 1206 αἰῶνι
178 1179 216 1211 ὡς
236 1179 396 1215 προσκαίρῳ
412 1178 630 1214 συντριϐόμενον.
654 1177 720 1211 Φῶς
746 1177 870 1212 δικαίοις

74 1226 125 1252 διὰ
143 1226 263 1259 παντός.
283 1226 362 1252 Ποῖον
381 1225 456 1260 φῶς
481 1225 517 1252 Τὸ
537 1225 666 1252 ἐπέκεινα
680 1226 734 1252 τῶν
748 1225 869 1261 οὐρανῶν

74 1271 264 1307 αὑλιξόμενον,
278 1273 326 1299 καὶ
344 1271 375 1298 τὸ
386 1270 538 1306 δεσποτικῷ
554 1270 641 1306 θρόνῳ
657 1272 869 1307 παριστάμενον.

76 1320 168 1354 Ὅπερ
191 1320 205 1345 ὁ
225 1318 328 1350 δίκαιος
346 1318 470 1353 Ἀϐραὰμ
485 1317 615 1352 ἐννοήσας
634 1318 697 1349 τοὺς
713 1317 787 1353 αὐτῷ
806 1326 870 1353 προ-

76 1364 239 1400 δεχομένους
263 1364 456 1400 προσδέχεται,
478 1364 542 1396 τοὺς
561 1363 590 1390 δὲ
612 1364 649 1400 μὴ
674 1363 812 1395 τοιούτους
832 1363 872 1398 τῷ

77 1411 196 1445 ἁφεγγεῖ
206 1411 256 1446 τῆς
271 1409 377 1441 δικαίας
397 1409 546 1446 καταδίκης
565 1410 658 1447 χωρίῳ
678 1409 870 1447 παραπέμπει.

79 1456 128 1482 Διὰ
141 1455 223 1483 τοῦτο
246 1456 380 1492 κέκραγεν
395 1457 409 1482 ό
434 1456 543 1492 κράζων
557 1465 565 1472 ⁸
595 1456 660 1490 Φῶς
672 1455 798 1489 δικαίοις
824 1454 874 1482 διὰ

80 1503 205 1535 παντός.
232 1502 296 1536 Φῶς
311 1502 345 1529 δὲ
361 1501 479 1529 ἀσεϐῶν
496 1503 669 1530 σϐέννυται.

114 1549 198 1581 lbid.,
212 1550 257 1575 lin.
275 1549 319 1576 Μ.
329 1550 381 1582 Εἰς
393 1549 408 1575 ὃ
423 1548 470 1576 καὶ
482 1550 508 1576 οὶ
515 1547 874 1584 καλῶςβιώσαντεςλνεο

82 1595 176 1623 statim
192 1601 255 1630 post
269 1596 350 1630 hujus
365 1596 427 1623 vitae
440 1596 588 1623 terminum
602 1599 760 1624 sanctorum
776 1595 873 1623 anima:

81 1642 108 1670 in
136 1642 310 1677 sempiterute
331 1641 400 1669 lucis
420 1642 572 1669 claritatem
588 1641 694 1673 delatae,
717 1641 802 1677 gloria
820 1641 873 1669 sibi

80 1687 176 1716 debita
198 1686 377 1722 perfruuntur
396 1686 579 1722 felicitateque
603 1687 737 1715 immensa
761 1687 872 1722 potiun-

82 1739 138 1761 tur.
157 1733 217 1761 Hoc
232 1734 306 1761 enim
329 1738 450 1769 tempore
465 1733 512 1769 qui
536 1733 606 1760 bene
627 1737 776 1768 sancteque
790 1733 873 1760 vitam

82 1781 224 1807 duxerunt
240 1779 274 1806 ab
288 1786 320 1806 ea
336 1779 465 1806 illustrati
489 1779 647 1814 quiescunt,
673 1786 722 1805 nec
740 1777 814 1805 aliud
827 1786 875 1805 ex-

83 1830 224 1861 spectant.
241 1825 319 1858 Quod
332 1824 556 1852 manifestissime
573 1824 712 1858 colligitur
727 1831 760 1850 ex
785 1823 875 1851 verbis

83 1871 118 1897 ad
136 1878 197 1906 quae
210 1869 398 1897 confirmanda
416 1876 470 1896 non
492 1872 535 1896 est
552 1876 620 1903 opus
638 1868 683 1895 hic
705 1868 875 1903 reliquorum

82 1916 197 1943 Patrum
224 1915 376 1943 sententias
407 1915 541 1943 intexere.
569 1914 758 1942 Theodoretus
779 1915 826 1942 lib.
848 1922 876 1941 tx

84 1963 125 1991 De
143 1962 231 1997 affect.
250 1961 347 1994 (Ima,
366 1961 393 1988 in
409 1961 472 1994 fine,
496 1962 545 1988 Ἐν
561 1961 601 1994 τῷ
612 1962 716 1996 κόσμῳ
731 1962 797 1996 γὰρ,
811 1961 874 1997 ἔφη,

85 2009 193 2043 θλίψιν
206 2008 300 2043 ἔχετε,
315 2008 365 2035 καὶ
384 2007 525 2042 μακάριοί
539 2008 621 2040 ἐστε,
633 2007 706 2035 ὅταν
726 2007 877 2034 ὀνειδίσω-

85 2066 140 2085 σιν
152 2056 240 2092 ὑμᾶς,
259 2057 308 2084 καὶ
323 2056 461 2089 διώξωσι,
479 2056 529 2083 καὶ
550 2057 657 2083 εἴπωσι
670 2056 731 2085 πᾶν
744 2057 878 2090 πονηρὸν

81 2103 167 2138 ῥῆμα
190 2104 253 2130 καθ’
264 2103 349 2137 ὑμῶν
360 2103 464 2130 ἕνεκεν
476 2103 558 2138 ἐμοῦ.
574 2103 706 2137 Χαίρετε,
722 2103 771 2130 καὶ
786 2104 878 2137 ἀγαλ-

85 2148 204 2178 λιᾶσθε,
214 2148 257 2174 ὅτι
270 2150 287 2174 ό
292 2148 401 2182 μισθὸς
408 2148 490 2183 ὑμῶν
500 2148 597 2180 πολὺς
607 2149 642 2175 ἐν
654 2149 716 2182 τοῖς
728 2148 875 2183 οὐρανοῖς.

86 2195 143 2221 Καὶ
163 2194 227 2226 τοὺς
243 2195 291 2229 μὲν
306 2194 467 2225 πόνους-καὶ
489 2193 627 2225 κινδύνους
642 2193 779 2226 ὑπέδειξεν
798 2193 832 2220 τὰ
849 2193 877 2219 δὲ

918 951 1029 984 ἀξίωσιν
1052 951 1126 978 πᾶσα
1141 950 1298 986 ἀνθρωπίνη
1313 950 1395 986 ψυχὴ.
1414 949 1500 984 Cujus
1516 949 1560 976 hic
1576 949 1658 976 verba
1672 948 1706 974 li-

919 997 1081 1024 bentissime
1101 996 1325 1027 transcriberem.
1350 996 1373 1023 si
1389 995 1473 1022 libelli
1495 995 1572 1030 copia
1595 994 1664 1022 foret
1677 997 1707 1021 ut

919 1050 1013 1071 eorum
1034 1043 1217 1078 pervicaciam
1248 1043 1468 1077 comprimerem,
1495 1042 1541 1077 qui
1561 1041 1588 1068 in
1616 1046 1708 1076 aperta

920 1093 947 1117 et
961 1097 991 1116 re
1013 1089 1157 1116 manifesta
1183 1089 1218 1116 ita
1233 1089 1392 1120 czecutiunt,
1410 1094 1440 1115 ut
1453 1092 1480 1115 et
1503 1087 1564 1115 aliis
1579 1087 1707 1114 tenebras

921 1135 1062 1163 oﬂundere
1080 1134 1253 1170 impudenter
1270 1134 1405 1162 nitantur.
1421 1133 1488 1167 Quis
1498 1133 1569 1161 enim
1581 1136 1707 1168 portenta

921 1182 995 1210 circa
1012 1181 1064 1208 hoc
1081 1181 1264 1216 pessimorum
1278 1180 1417 1207 hominum
1434 1179 1506 1207 ferre
1521 1179 1634 1214 posset?
1649 1179 1708 1206 Ma-

921 1227 1011 1255 lorum
1023 1226 1129 1254 scilicet
1146 1225 1253 1253 animas
1267 1226 1294 1253 in
1310 1225 1449 1253 daemonas
1461 1226 1594 1257 converti.
1609 1225 1637 1251 in
1651 1224 1709 1252 leo-

921 1281 982 1306 nes,
998 1273 1089 1308 lupos,
1108 1271 1230 1307 aliasque
1246 1272 1361 1304 bestias,
1378 1272 1450 1299 sicut
1466 1275 1493 1299 et
1504 1271 1642 1305 justorum
1658 1270 1710 1297 mi-

924 1327 1013 1355 grare.
1044 1318 1224 1351 Paradisum,
1253 1325 1455 1353 supernamque
1483 1317 1652 1345 Hierusalem
1681 1316 1710 1344 in

923 1365 1003 1393 tertio
1018 1365 1088 1392 cmlo
1105 1365 1188 1393 sitam
1204 1372 1275 1398 esse,
1293 1364 1360 1399 quin
1380 1371 1469 1399 neque
1484 1364 1511 1391 in
1528 1363 1608 1395 ccelo,
1622 1371 1711 1398 neque

923 1411 952 1439 in
966 1412 1058 1439 terris.
1077 1410 1131 1439 Sed
1153 1411 1252 1438 horum
1269 1410 1357 1445 magis
1372 1413 1527 1438 accuratam
1548 1408 1711 1444 explicatio-

924 1464 986 1485 nem
999 1457 1027 1484 in
1042 1460 1161 1484 tractatu
1185 1463 1266 1491 quem
1285 1455 1319 1483 de
1337 1454 1500 1483 differentiis
1515 1453 1672 1481 Graecorum
1685 1458 1713 1481 et

924 1502 1085 1535 Latinorum
1108 1502 1270 1536 scribimus,
1296 1501 1448 1529 trademus.
1475 1499 1554 1528 Nunc
1583 1501 1636 1529 ista
1656 1500 1713 1528 sint

926 1550 1004 1579 satis.

963 1596 1044 1627 lbid.,
1060 1596 1107 1623 lin.
1130 1596 1174 1623 L2.
1195 1595 1324 1628 Νοήσεις
1345 1594 1378 1621 δὲ
1396 1594 1503 1621 τούτου
1525 1593 1582 1627 τὴν
1596 1594 1713 1620 οἰκονο-

922 1643 1005 1678 μίαν.
1021 1642 1139 1669 Basilius
1156 1642 1229 1669 hom.
1247 1641 1264 1667 2
1290 1642 1317 1668 in
1337 1640 1484 1667 Hexaem.:
1499 1640 1603 1675 Νόησον
1625 1638 1653 1665 δέ
1669 1647 1713 1673 μοι

924 1689 979 1716 ἀπὸ
998 1687 1219 1724 παραδείγματος
1233 1686 1366 1723 ἐναργοῦς
1382 1687 1412 1713 τδ
1426 1687 1582 1721 λεγόμενον,
1600 1686 1629 1711 ὲν
1649 1694 1713 1711 στα-

926 1735 996 1770 θηρᾷ
1012 1733 1171 1769 μεσημϐρίᾳ
1189 1733 1291 1768 σκηνήν
1310 1741 1371 1759 τινα
1384 1732 1416 1758 ὲκ
1433 1731 1538 1765 πυκνῆς
1554 1730 1601 1756 καὶ
1618 1738 1716 1764 στεγα-

925 1782 973 1816 νῆς
995 1780 1060 1815 ὕλης
1085 1779 1174 1815 ἑαυτῴ
1198 1779 1421 1815 παραστήσαντα,
1437 1777 1485 1804 καὶ
1503 1777 1532 1803 ὲν
1554 1776 1641 1811 σκότῳ
1667 1776 1716 1802 αὑ-

926 1827 1053 1862 τοσχεδίῳ
1072 1826 1167 1853 ἑαυτὸν
1184 1824 1391 1860 καθειργοῦντα.

961 1874 1041 1906 lbid.,
1054 1874 1101 1901 lin.
1116 1874 1159 1901 49.
1171 1873 1252 1900 Οὕτω
1260 1872 1395 1899 τοιοῦτον
1409 1870 1628 1898 ἀνυπόστατον.
1641 1868 1717 1896 Basi-

926 1919 979 1947 lius
989 1919 1107 1954 explicat
1115 1919 1188 1945 hom.
1200 1918 1218 1944 2
1232 1928 1238 1945 :
1249 1917 1371 1953 Λέγομεν
1381 1916 1470 1943 τοίνυν
1479 1914 1607 1942 καὶτοῦτο
1615 1915 1645 1941 τὸ
1659 1914 1719 1941 σκό-

926 1973 972 1997 τος
989 1963 1026 2000 μὴ
1052 1963 1123 1990 κατὰ
1137 1963 1230 1990 οὐσίαν
1254 1962 1448 1998 ὑφεστηκέναι,
1474 1961 1521 1988 καὶ¹
1544 1960 1630 1992 πάθος
1647 1957 1718 1987 εἴναι

928 2012 990 2047 περὶ
1005 2011 1050 2037 τὸν
1064 2010 1133 2045 ἀέρα
1150 2010 1276 2045 στερήσει
1285 2008 1373 2044 φωτὸς
1384 2008 1583 2043 ἑπιγινόμενον.
1597 2006 1630 2034 Ει
1646 2007 1717 2034 infe-

927 2057 986 2084 rius
1005 2065 1011 2084 :
1028 2055 1154 2082 Τοιοῦτον
1176 2053 1222 2081 οὖν
1250 2055 1360 2081 κάκεῖνο
1384 2053 1415 2080 τὸ
1443 2053 1538 2085 σκότος
1560 2052 1660 2079 ὑπόθου
1686 2053 1718 2079 οὐ

927 2101 1140 2139 προηγουμένως
1168 2101 1329 2136 ὑφεστηκὸς,
1351 2100 1409 2127 ἀλλ’
1427 2099 1647 2134 ἐπακολουθῆσαν
1666 2098 1721 2125 ἑτέ-

929 2158 995 2186 ροις.
1007 2148 1039 2175 Ει
1054 2148 1111 2176 haec
1121 2149 1193 2176 dicta
1209 2151 1273 2176 sunt
1286 2138 1381 2174 contra
1396 2154 1483 2181 nugas
1490 2145 1717 2177 Manichaeorum,

929 2198 1110 2225 asscrcntium
1135 2195 1263 2222 tenebras
1287 2201 1347 2221 esse
1372 2192 1519 2228 quamdam
1537 2191 1718 2219 substantiam

89 2239 204 2275 βραδεῖα
221 2239 344 2270 καὶτοὺς
359 2238 507 2273 στεφάνους
522 2237 591 2273 μετὰ
613 2238 642 2264 τὸ
663 2237 710 2264 τοῦ
728 2237 785 2273 βίου
801 2236 872 2268 τέλος

929 2247 1069 2273 πίοι-ηοω,
1091 2245 1118 2270 et
1143 2240 1307 2277 principium
1330 2246 1422 2266 rerum
1447 2245 1502 2265 non
1530 2237 1620 2264 minus
1637 2243 1719 2271 quam

88 2285 239 2312 ἀποδώσειν
261 2284 385 2320 ὑπέχετο.
402 2284 454 2311 Sed
471 2284 512 2311 his
529 2283 634 2310 diutius
651 2282 792 2310 immorari
806 2286 879 2309 esset

89 2332 139 2363 soli
156 2332 249 2359 lumen
263 2330 363 2358 addere
381 2340 387 2357 :
406 2330 464 2357 haec
480 2334 570 2357 tamen
590 2337 635 2357 res
649 2338 664 2356 a
679 2329 803 2364 pluribus
813 2336 880 2356 con-

89 2383 214 2406 troversa
228 2377 324 2404 habuit
347 2384 412 2404 suos
431 2376 592 2404 defensores
609 2381 635 2403 et
652 2378 878 2410 propugnatores.

88 2424 215 2452 Andreas
227 2423 405 2451 Caesariensis
421 2423 448 2449 in
461 2422 660 2457 Apocalypsim.
675 2429 757 2449 serm.
772 2420 817 2452 15,
833 2427 880 2447 ca-

88 2472 141 2507 pit.
159 2470 211 2502 45;
225 2475 252 2497 et
267 2477 349 2498 serm.
368 2468 394 2501 6,
408 2476 469 2504 cap.
486 2468 537 2501 i7;
554 2472 581 2495 et
597 2475 680 2495 serm.
699 2467 743 2499 Η,
756 2475 817 2501 cap.
834 2466 879 2497 5'5,

88 2516 259 2548 existimavit
280 2516 417 2550 justorum
440 2514 547 2542 animas
564 2514 685 2542 nondum
702 2514 795 2548 gloriae
811 2512 882 2540 divi-

89 2570 134 2589 me
149 2561 295 2596 participes
305 2560 387 2595 hujus
398 2560 492 2587 mundi
505 2559 771 2587 consummationem
786 2566 883 2593 exspe—

91 2612 179 2635 ctare.
194 2606 224 2635 S.
237 2607 367 2642 Eulogius
385 2607 411 2633 in
431 2607 559 2641 paradiso
573 2606 694 2633 terrestri
710 2612 756 2632 eas
765 2604 881 2637 deferri;

93 2654 198 2681 frustra
219 2654 291 2681 enim
308 2653 406 2680 hortus
430 2652 475 2680 ille
495 2644 657 2680 deliciarum
674 2655 784 2678 creatus
799 2654 881 2681 esset.

91 2699 145 2726 nisi
161 2699 218 2733 jam
235 2701 392 2725 sanctorum
408 2698 561 2724 animorum
575 2699 649 2724 esset
669 2696 882 2730 receptaculum.

93 2744 162 2785 Ejus
179 2744 262 2771 verba
275 2743 370 2771 'refert
390 2743 505 2771 Photius
527 2743 555 2770 in
572 2742 698 2769 Biblioth.
715 2741 765 2768 :Tt
788 2741 817 2768 δὲ
828 2741 885 2775 [καὶ

94 2791 142 2827 τόν
169 2790 241 2817 κατὰ
265 2789 396 2822 ἀνατολὰς
425 2789 588 2824 παράδεισον
622 2787 754 2822 ἐφύτευσε
783 2787 828 2813 τὸν
856 2787 884 2813 ὲν

102 2836 195 2871 Ἐδέμ,
217 2836 246 2861 ὲν
263 2831 286 2869 ᾧ
309 2834 355 2862 τὸν
371 2834 525 2870 ἄνθρωπον,
541 2834 569 2861 ὃν
595 2832 720 2865 ἔπλασεν,
747 2832 832 2863 ἔθετο,
861 2833 884 2858 εἰ

98 2883 200 2908 iri/0';
227 2882 274 2915 μὲν
297 2881 375 2912 εὐθὺς
398 2880 602 2917 παραϐήσεσθαι
621 2880 687 2914 ᾔδει,
708 2879 753 2904 καῖ
770 2879 815 2905 τοῦ
832 2888 883 2913 χωρ

930 2291 1028 2319 lucem.
1047 2290 1199 2318 Alexander
1215 2287 1370 2324 Lycopolita
1386 2290 1479 2312 contra
1489 2282 1721 2311 Manichreos:Tb

930 2337 959 2363 δὲ
971 2336 1160 2373 λαμπρὸν,κα“ι
1170 2335 1200 2362 τὺ
1218 2334 1286 2369 φῶς,
1295 2334 1341 2360 καὶ
1357 2333 1387 2360 τὸ
1399 2333 1465 2364 ἄνω,
1474 2331 1562 2358 πάντα
1570 2329 1657 2357 ταῦτα
1672 2328 1721 2355 σὺν

930 2382 969 2418 τῷ
976 2382 1035 2417 Θεῷ
1045 2380 1124 2408 εἶναι·
1136 2381 1165 2407 τὺ
1175 2380 1294 2416 ἀμυδρὸν
1303 2379 1332 2406 δὲ
1346 2378 1431 2406 καὶτὸ
1442 2378 1546 2409 σκότος,
1553 2375 1637 2403 καὶτὸ
1646 2374 1721 2401 κάτω

933 2429 981 2455 σὺν
993 2430 1025 2463 τῇ
1036 2427 1097 2464 ὕλῃ.
1111 2426 1143 2453 Ει
1154 2426 1251 2453 iterum
1263 2435 1269 2452 :
1280 2425 1335 2460 Τῆς
1350 2422 1396 2451 οὖν
1411 2424 1477 2459 ὕλης
1487 2420 1522 2459 ἦς
1535 2421 1721 2457 ἀπεκρίθησαν

930 2474 1006 2509 ἥλιος
1022 2474 1069 2500 καὶ
1084 2473 1183 2507 σελήνη
1200 2472 1231 2498 τὸ
1248 2471 1331 2507 μέρος
1348 2470 1426 2501 ἐκτός
1440 2469 1487 2496 τοῦ
1503 2468 1606 2502 κόσμου
1622 2466 1722 2501 ἀπελη-

931 2519 1040 2551 λάισθαι,
1058 2518 1105 2545 καὶ
1125 2516 1196 2544 εἶναι
1210 2518 1299 2544 ἐκεῖνο
1315 2516 1370 2551 πῦρ
1383 2514 1530 2542 καυστικὸν
1548 2513 1607 2549 μὲν,
1624 2511 1723 2539 σκοτῶ-

932 2566 976 2597 δες
988 2565 1016 2591 δὲ
1031 2564 1078 2591 καὶ
1092 2563 1213 2599 ἀφεγγὲς
1228 2563 1305 2590 νυκτὶ
1317 2561 1489 2597 προσόμοιον.
1502 2559 1570 2587 Vide
1579 2558 1720 2594 Didymum

933 2616 1025 2640 contra
1039 2610 1213 2642 Μαηὶείιαιοι,
1228 2613 1256 2637 ει
1267 2609 1346 2636 alios.

968 2657 1050 2690 lbid.,
1072 2657 1120 2684 lin.
1144 2656 1188 2684 52.
1216 2654 1435 2690 Ἀναχεομένου
1460 2653 1516 2688 γὰρ
1538 2652 1591 2679 τοῦ
1614 2652 1720 2687 φωτός.

934 2703 1051 2731 Basilius
1072 2703 1147 2730 hom.
1159 2702 1178 2729 2
1194 2710 1201 2729 :
1218 2702 1285 2728 Τότε
1301 2701 1330 2728 δὲ
1343 2700 1373 2726 οὐ
1388 2699 1460 2727 κατὰ
1473 2699 1582 2735 κίνησιν
1597 2696 1721 2734 ἡλιακὴν,

934 2749 991 2776 ἀλλ’
1004 2748 1185 2784 ἁναχεομένου
1197 2747 1244 2774 τοῦ
1256 2746 1364 2784 πρώτου
1379 2745 1467 2781 φωτὸς
1480 2745 1597 2777 ἐκείνου,
1612 2744 1660 2771 κα)⁵
1673 2743 1724 2770 πά-

934 2795 975 2822 λιν
1003 2795 1213 2830 συστελλομένου
1237 2793 1308 2820 κατὰ
1332 2793 1363 2820 τδ
1387 2792 1493 2828 ὁρισθὲν
1524 2792 1621 2828 μέτρον
1648 2789 1725 2826 παρὰ

935 2840 1002 2868 Θεοῦ
1022 2840 1113 2876 ἡμέρα
1131 2840 1249 2875 ἐγένετο,
1269 2839 1316 2866 καὶ
1336 2838 1384 2872 νὺξ
1398 2838 1537 2874 ἀντεπῄει.
1563 2838 1651 2871 Quare
1667 2843 1723 2863 non

938 2886 1072 2914 immerito
1090 2886 1164 2913 illum
1181 2885 1251 2913 diem
1268 2885 1412 2913 Africanus
1426 2885 1529 2912 vocavit
1547 2884 1643 2919 νοητὴν
1655 2881 1723 2916 ὴμέ-

3 3134 1508 3357 "“v
