3952 6204
154 322 261 380 829
1147 320 1213 375 IN
1255 321 1629 378 EUSTATHH
1667 323 1748 378 HE

1861 325 2142 383 EMERON
2180 325 2411 384 NOTxE.
3293 328 3396 384 850

153 441 305 494 mine
343 436 666 492 firmamenti
704 436 1038 508 intelligatur
1081 438 1277 493 coelum
1306 440 1578 500 stellatum
1623 456 1720 500 su-
1753 447 1797 502 Δ
1827 443 1954 509 lius,
1991 445 2137 500 hom.
2166 446 2200 501 3
2243 447 2299 500 in
2333 444 2623 507 Παταριιά
2657 443 2991 516 Epiphanius
3024 445 3078 499 in
3126 445 3295 514 Epist.
3328 444 3399 500 ad

154 545 263 602 pra
287 528 436 601 quod
457 527 811 598 perhibentur
828 543 952 584 esse
974 544 1148 600 aquae,
1172 530 1227 585 id
1249 539 1335 586 est
1355 547 1533 588 nonus
1561 543 1614 588 et
1630 533 1723 588 de-
1823 535 2080 591 Joannem
2103 537 2647 607 Hierosolymitanum
2667 553 2687 602 ,°
2707 537 3155 608 Chrysostmnus,
3175 539 3322 593 hom.
3341 539 3399 607 4,

159 624 342 678 cimus
382 621 531 676 orbis
572 636 728 692 aqua:
779 621 1194 678 similitudinem
1247 622 1572 692 referentes,
1629 626 1722 696 qui
1822 635 1875 682 et
1902 628 1958 680 in
1985 627 2127 697 psal.
2151 641 2388 695 chvut;
2427 627 2669 699 Cyrillus
2705 625 3255 698 Hierosolymitanus,
3294 627 3402 688 Ca-

163 715 405 784 undique
434 712 759 768 translucidi
791 722 942 779 sunt,
980 729 1080 769 nec
1118 715 1284 770 ullam
1319 715 1374 770 in
1416 732 1475 772 se
1513 717 1723 773 stellam
1825 718 1955 773 tech.
1989 720 2060 788 9;
2111 717 2487 775 Theodoretus
2534 719 2588 774 in
2637 716 2788 784 Gen.,
2836 725 3029 789 quast.
3063 719 3158 790 ii;
3202 718 3402 774 Proco-

160 807 389 873 habent;
434 805 523 864 vel
575 806 652 860 ita
711 814 770 862 ut
821 822 919 877 per
967 806 1372 864 firmamentum
1405 809 1727 881 designetur
1825 811 1949 882 pius
1979 813 2034 865 in
2063 809 2275 875 (ἕρπει,
2300 825 2421 882 cap.
2459 812 2523 877 1;
2555 809 2880 882 Hippolytus
2910 817 2963 865 et
2995 809 3321 866 Severianus
3344 812 3399 866 in

159 911 274 963 aer,
309 911 484 967 aquas
509 911 640 952 vero
668 911 763 952 eas
800 897 1004 964 vocari,
1041 913 1162 968 quae
1193 899 1430 968 pluendo
1466 899 1726 961 decidunt
1825 913 2039 968 catena,
2093 902 2415 973 Euthymius
2459 903 2515 955 in
2552 902 2690 970 psat.
2720 917 2846 966 CIII;
2896 893 3136 960 Hilarius
3186 903 3239 954 in
3258 901 3397 968 psal.

159 988 216 1044 in
236 997 466 1053 terram,
504 989 736 1060 illasque
764 989 834 1043 ab
856 990 958 1054 his,
992 1007 1114 1060 qum
1143 1007 1311 1063 supra
1344 999 1548 1047 terram
1573 999 1724 1056 sunt,
1827 1009 2058 1058 cxxxvt;
2110 993 2456 1056 Ambrosius,
2483 993 2577 1047 lib.
2631 1008 2670 1047 ιι
2706 991 2989 1058 ﬂamen,
3024 1007 3144 1062 cap.
3190 992 3225 1046 5
3254 999 3308 1046 et
3335 993 3402 1060 ις

158 1077 406 1154 separari
434 1078 596 1141 ccelo,
634 1079 734 1133 hoc
789 1087 874 1144 est
905 1095 1050 1134 aere.
1084 1079 1150 1135 Et
1186 1081 1290 1137 hoc
1329 1081 1582 1138 videntur
1612 1098 1730 1136 am-
1829 1081 2192 1153 Hieronymus
2222 1081 2392 1151 Epist.
2429 1082 2498 1137 ad
2533 1081 2832 1147 Oceanum;
2857 1083 3112 1153 August.,
3138 1082 3230 1136 lib.
3257 1098 3294 1136 ιι
3329 1081 3406 1138 De

158 1171 327 1241 plecti
357 1170 705 1241 Augustinus
739 1171 833 1230 lib,
865 1185 905 1225 ιι
940 1169 1012 1225 De
1041 1169 1228 1226 Genesi
1259 1173 1327 1227 ad
1353 1175 1484 1242 Iitt.,
1511 1189 1632 1245 cap.
1659 1175 1726 1240 ις
1831 1173 1959 1231 Gen.
2015 1174 2084 1229 ad
2146 1176 2275 1239 litt.,
2319 1190 2439 1245 cap.
2494 1175 2548 1237 5,
2604 1181 2662 1229 et
2699 1174 2793 1228 lib.
2830 1189 2884 1228 ιι
2923 1172 3000 1227 De
3045 1173 3252 1227 civitate
3285 1172 3403 1238 Dei,

160 1260 529 1353 Hieronymus
558 1261 711 1353 epist.
730 1262 819 1353 8S,
845 1261 913 1314 ad
936 1259 1226 1327 Oceanum,
1254 1263 1523 1320 refellitur
1547 1274 1730 1323 tamen
1830 1284 1952 1340 cap.
1979 1269 2192 1335 ultimo,
2225 1277 2278 1324 et
2308 1268 2364 1322 in
2384 1267 2522 1338 psal.
2552 1281 2684 1333 cm;
2741 1264 3082 1320 Dracontius
3111 1265 3405 1336 Hispanus,

158 1369 189 1408 a
223 1352 528 1410 Francisco
562 1352 778 1410 Valesio
805 1354 880 1409 De
909 1373 1066 1410 sacra
1097 1356 1449 1442 philosophia.
1475 1360 1638 1430 capit.
1675 1360 1728 1416 1.
1833 1362 2038 1418 Marius
2072 1361 2263 1417 Victor
2289 1361 2363 1417 De
2391 1375 2543 1430 opere
2573 1375 2665 1414 sea:
2694 1358 2933 1423 dierum;
2958 1357 3261 1428 Drepanius
3285 1357 3409 1414 Flo-

158 1444 450 1520 Origenes,
486 1453 546 1502 ut
585 1445 752 1502 refert
786 1446 1125 1519 Epiphanius
1149 1448 1322 1519 Epist.
1356 1451 1425 1504 ad
1470 1450 1732 1507 Joannem
1832 1471 1958 1520 rus,
2009 1456 2066 1510 in
2126 1452 2347 1525 Hymno
2409 1451 2576 1507 trium
2632 1464 2964 1520 puerorum;
3023 1447 3407 1511 Cassiodorus,

158 1537 732 1609 Hierosolymitanum,
759 1547 813 1596 et
834 1538 1198 1612 Hieronymus
1219 1543 1372 1610 epist.
1391 1542 1460 1596 ad
1485 1541 1734 1597 Pamma—
1833 1545 2062 1618 Haymo,
2089 1545 2296 1610 Bruno,
2318 1552 2372 1600 et
2394 1545 2483 1598 alii
2517 1558 2658 1614 quos
2683 1541 2870 1596 laudat
2898 1540 3165 1596 Martinus
3195 1541 3411 1596 Delrius

157 1629 360 1696 chium,
409 1629 547 1697 dixit
571 1644 763 1701 aquas,
787 1646 908 1701 quae
949 1648 1116 1703 super
1149 1631 1542 1688 firmamentdm
1578 1643 1729 1700 sunt,
1834 1633 1888 1688 in
1919 1648 2041 1702 cap.
2083 1647 2099 1685 ι
2139 1630 2336 1686 Cenes.
2382 1629 2763 1701 Ἀμαθέστατα
2799 1627 2966 1699 igitur
3003 1625 3262 1682 Calvinus
3291 1625 3411 1680 bla-

157 1737 270 1776 non
329 1736 456 1778 esse
506 1736 699 1792 aquas,
731 1723 826 1779 sed
855 1739 980 1780 esse
1024 1724 1247 1796 angelos
1273 1735 1528 1790 sanctos;
1561 1741 1733 1797 aquas
1771 1793 1800 1797 η
1834 1735 1972 1782 terat
2015 1727 2155 1780 hanc
2201 1726 2528 1784 sententiam
2582 1740 2726 1790 esse,
2757 1731 2812 1780 et
2851 1739 2881 1786 a
2925 1738 3091 1780 sensu
3136 1721 3413 1777 communi

156 1829 290 1870 vero
322 1829 445 1886 qua!
469 1815 572 1871 sub
602 1814 942 1871 firmamento
966 1793 1245 1874 suntvcsse
1265 1816 1538 1873 dmmones
1563 1793 1735 1890 malos
1770 1793 1809 1849 Β
1835 1819 2088 1879 alienam,
2115 1832 2238 1872 cum
2269 1831 2300 1868 a
2323 1825 2401 1870 tot
2429 1815 2707 1879 Patrihus,
2739 1815 2916 1885 iisque
2950 1811 3308 1880 doctissimis,
3343 1813 3416 1867 sit

155 1921 189 1962 e
221 1906 370 1961 coelo
419 1906 622 1978 lapsos.
675 1909 736 1962 In
775 1907 917 1963 hanc
945 1909 1273 1964 sententiam
1310 1925 1473 1980 quam
1500 1910 1736 1981 Epipba-
1837 1927 1946 1966 uno
1989 1925 2083 1964 ore
2125 1917 2380 1980 recepta;
2412 1915 2466 1971 et
2494 1923 2724 1978 prorsus
2755 1906 3154 1970 incredibilem,
3177 1919 3300 1959 cum
3328 1919 3416 1959 sa-

155 1998 290 2053 nius
313 2005 372 2053 et
391 1995 754 2070 Hieronymus
811 1999 1163 2064 damnarunt,
1200 2001 1436 2058 Basilius
1491 2002 1638 2059 hom.
1678 2003 1734 2066 5,
1837 2017 1931 2057 cra
1956 1999 2239 2070 Scriptura
2265 2001 2316 2055 id
2348 1999 2714 2070 apertissimis
2740 1998 3015 2062 verbis,et
3039 1996 3169 2050 alibi
3199 1995 3415 2058 innuat,

155 2089 214 2142 in
262 2088 544 2155 ﬂexum,
587 2105 883 2160 suppresso
911 2089 1162 2163 Origenis
1192 2091 1434 2156 nomine,
1462 2091 1577 2146 haec
1611 2107 1738 2163 pro-
1835 2095 1986 2164 cujus
2035 2094 2208 2162 major
2239 2103 2316 2148 est
2375 2093 2690 2156 auctoritas,
2753 2105 2822 2146 ex
2881 2089 3210 2160 Augustino,
3256 2103 3418 2158 quam

155 2179 242 2233 dit
264 2198 278 2233 :
305 2179 468 2250 Ἡμῖν
494 2181 552 2234 δὲ
581 2182 676 2236 καὶ
701 2181 836 2253 πρὸς
856 2183 983 2248 τοὺς
1018 2183 1126 2238 ἀπὸ
1152 2183 1592 2254 τῆςἙκκλησίας
1625 2183 1740 2238 ἔστι

153 2285 245 2333 τις
297 2269 455 2338 λόγος
505 2272 632 2342 περὶ
681 2271 789 2325 τῶν
827 2272 1207 2344 διακριθέντων
1251 2274 1474 2336 ὑδάτων,
1519 2275 1568 2330 οἳ
1609 2291 1740 2352 προ-

155 2363 329 2432 φάσει
361 2363 648 2435 ἀναγωγῆς
677 2367 770 2417 καὶ
795 2364 1078 2436 νοημάτων
1105 2366 1450 2438 ὑψηλοτέρων
1477 2367 1556 2432 εἰς
1579 2367 1742 2440 ἀλλη-

154 2453 360 2523 γορίας
391 2453 716 2524 κατέφυγον,
766 2456 1020 2527 δυνάμεις
1065 2456 1315 2527 λέγοντες
1366 2459 1741 2530 πνευματικὰς

155 2547 267 2600 καὶ
305 2547 624 2617 ἀσωμάτους
661 2549 934 2620 τροπικῶς
983 2552 1048 2603 ὲκ
1095 2549 1203 2603 τῶν
1233 2550 1440 2605 ὑδάτων
1487 2553 1741 2624 σημαίνε-

159 2636 297 2691 σθαι
315 2654 330 2668 ·
365 2639 454 2690 καὶ
487 2640 598 2693 ἄνω
632 2638 733 2710 μὲν
757 2639 849 2692 ἐπὶ
866 2639 958 2693 τοῦ
982 2639 1357 2712 στερεώματος
1382 2641 1742 2714 μεμενηκέναι

157 2726 268 2802 τὰς
306 2729 642 2798 κρείττονας,
667 2730 816 2805 κάτω
858 2730 915 2784 δὲ
943 2734 1054 2796 τοῖς
1090 2733 1383 2804 περιγείοις
1415 2734 1508 2786 καὶ
1541 2733 1741 2798 ὑλικοῖς

157 2820 356 2883 τόποις
379 2824 810 2896 προσαπομεῖναι
831 2820 928 2885 τὰς
945 2823 1206 2892 πονηράς.
1227 2823 1327 2877 Διὰ
1348 2823 1506 2876 τοῦτο
1528 2823 1584 2876 δέ
1611 2841 1743 2893 φασι

160 2910 266 2964 καὶ
311 2909 384 2962 τὰ
432 2910 614 2985 ἐπάνω
646 2909 751 2964 τῶν
779 2911 1022 2984 οὐρανῶν
1065 2911 1232 2966 ὕδατα
1277 2915 1444 2971 αἰνεῖν
1472 2913 1560 2966 τὸν
1589 2913 1741 2979 Θεὸν,

158 3001 420 3054 τουτέστι
453 3001 552 3063 τὰς
585 3001 792 3070 ἀγαθὰς
822 3001 1075 3072 δυνάμεις
1098 3001 1253 3069 ἀξίας
1280 3001 1441 3065 οὔσας
1461 3001 1547 3055 διὰ
1573 3001 1744 3056 καθα-

163 3094 377 3166 ράτητα
418 3093 515 3147 τοῦ
560 3094 886 3165 ἡγεμονικοῦ
915 3093 1004 3146 τὸν
1034 3093 1314 3165 πρέποντα
1352 3094 1520 3166 ὕμνον
1555 3095 1741 3149 ἀποδι-
1769 3136 1812 3194 c

161 3187 317 3243 δόναι
351 3187 429 3258 τῷ
463 3187 706 3242 κτίσαντι
723 3204 736 3218 ⁸
770 3187 840 3241 τὰ
862 3187 918 3241 δὲ
941 3188 1195 3260 ὑποκάτω
1215 3188 1323 3244 τῶν
1349 3189 1592 3261 οὐρανῶν
1621 3189 1743 3244 ὓδα-

163 3296 239 3337 τα
267 3279 618 3350 πνευματικά
636 3274 774 3333 εἶναι
798 3283 895 3350 τῆς
924 3279 1186 3350 πονηρίας
1216 3279 1325 3332 ἀπὸ
1357 3279 1448 3333 τοῦ
1479 3280 1618 3334 κατὰ
1647 3279 1744 3349 φύ-

168 3391 255 3429 σιν
281 3374 552 3451 ῦψουςτίς
574 3373 633 3425 τὸ
661 3373 759 3443 τῆς
783 3372 978 3436 κακίας
1005 3371 1166 3442 βάθος
1192 3373 1587 3437 καταπεσόντα,
1603 3373 1744 3443 ἅπερ

167 3464 247 3530 ὡς
277 3465 574 3538 ταραχώδη
603 3464 752 3530 ὅντα,
774 3464 868 3518 καὶ
916 3464 1294 3529 στασιαστικὰ,
1317 3465 1411 3517 καὶ
1444 3467 1555 3528 τοῖς
1584 3463 1746 3534 θορύ-

169 3560 291 3623 6οις
319 3557 430 3611 τῶν
463 3555 648 3610 παθῶν
691 3554 1085 3626 κυμαινόμενα,
1111 3554 1380 3608 θάλασσαν
1411 3553 1747 3624 ὠνομάσθαι,

172 3649 264 3703 διὰ
295 3648 358 3701 τὸ
400 3645 699 3718 μετάδητον
737 3646 829 3698 καὶ
854 3644 1084 3698 ἄστατον
1116 3644 1223 3698 τῶν
1255 3643 1397 3698 κατὰ
1429 3645 1744 3717 προαίρεσιν

172 3740 514 3810 κινημάτων.
547 3738 684 3801 Τοὺς
726 3737 789 3808 δὴ
830 3736 1102 3800 τοιούτους
1129 3736 1320 3804 λόγους
1347 3735 1423 3800 ὡς
1456 3737 1745 3808 ὀνειράτων

175 3831 521 3903 συγκρίσεις,
550 3830 643 3884 καὶ
667 3827 929 3900 γραώδεις
966 3827 1165 3899 μύθους
1191 3826 1666 3898 ἀποπεμψάμενοι,
1687 3828 1748 3880 τὸ

176 3923 323 3996 ὕδωρ
351 3922 495 3994 ὕδωρ
521 3921 820 3992 νοήσωμεν,
849 3920 942 3973 καὶ
974 3919 1071 3992 τὴν
1093 3919 1364 3994 διάκρισιν
1397 3918 1492 3990 τὴν
1525 3919 1628 3974 ὑπὸ
1653 3919 1747 3973 τοῦ

173 4013 560 4087 περεὼματος
589 4012 884 4082 γενομένην
915 4011 1056 4064 κατὰ
1076 4009 1175 4082 τὴν
1204 4009 1554 4066 ἀποδοθεῖσαν
1571 4009 1750 4063 αἰτίαν

165 4107 479 4178 δεξώμεθα.
508 4104 761 4160 Valesius
788 4103 908 4158 loco
933 4103 1046 4174 jam
1072 4103 1220 4158 dicto
1245 4103 1340 4171 ait,
1367 4102 1562 4156 cmlum
1595 4101 1748 4166 illud,

166 4199 327 4270 quod
395 4197 612 4268 plurimi
662 4196 802 4252 hanc
864 4195 934 4258 ob
984 4210 1203 4260 causam
1252 4202 1449 4265 vocant
1485 4193 1752 4264 crystalli-

170 4306 340 4354 num,
367 4304 600 4360 aqueum
629 4303 748 4346 esse
781 4303 920 4358 aqua
948 4287 1180 4358 quadam
1208 4286 1416 4343 caelesti
1455 4300 1574 4356 qua:
1601 4285 1752 4354 puri-

171 4392 297 4442 tate
327 4398 524 4452 aquam
550 4382 770 4448 referat,
794 4397 904 4436 non
937 4388 1115 4436 tamen
1145 4379 1362 4451 frigore,
1382 4387 1476 4434 aut
1503 4379 1747 4441 humore,

169 4473 643 4548 quemadmodum
695 4473 918 4536 malum.
967 4480 1022 4528 ει
1072 4480 1220 4527 astra
1270 4472 1429 4543 ignea
1471 4486 1592 4527 esse
1627 4471 1748 4544 igne
1779 4477 1822 4534 D
1852 4484 2053 4556 ciatum
2087 4481 2421 4546 dissolvant;
2461 4478 2628 4546 Beda,
2648 4478 2714 4532 ad
2743 4475 3152 4547 temperandum
3189 4474 3426 4529 calorem
3525 4551 3530 4556 '

167 4567 420 4640 quodam
449 4566 679 4632 caelesti,
701 4565 793 4638 qui
824 4565 1237 4638 praestantioris,
1267 4580 1429 4635 quam
1456 4565 1751 4630 elementa-

170 4662 265 4731 ris
313 4666 403 4714 est
445 4668 671 4722 naturae,
707 4657 916 4729 fulgore
964 4657 1139 4714 solum
1173 4656 1616 4722 referensjllum,
1641 4671 1750 4726 non

171 4752 353 4808 etiam
404 4751 584 4806 calore
629 4758 685 4805 et
739 4751 1004 4813 siccitate.
1050 4751 1238 4822 Itaque
1274 4764 1472 4805 nomen
1501 4748 1662 4820 ignis,
1699 4757 1753 4812 et

170 4857 342 4918 aqua
393 4860 499 4900 non
557 4847 774 4914 proprie
819 4844 927 4899 dici
973 4843 1040 4899 de
1077 4844 1340 4914 utrisque,
1377 4843 1472 4899 sed
1505 4843 1752 4914 analogia

169 4939 445 5012 quadam,
476 4943 536 5006 ut
564 4937 637 4993 sit
663 4936 860 5006 duplex
901 4935 1042 5006 ignis
1068 4942 1122 4990 et
1151 4935 1347 5005 duplex
1381 4949 1522 5007 aqua
1554 4950 1753 4991 secun-

170 5031 317 5087 dum
368 5028 694 5100 analogiam,
718 5027 1066 5085 elementaris
1116 5027 1325 5083 scilicet
1375 5035 1431 5083 et
1493 5027 1750 5102 cmlestis.

173 5120 483 5178 Multorum
516 5127 698 5176 tamen
753 5119 978 5185 Patrum
1006 5119 1457 5190 quemadmodum
1481 5125 1536 5184 et
1561 5117 1755 5175 Eusta-

171 5213 286 5272 thii
311 5210 412 5267 fuit
437 5213 727 5277 sententia,
758 5225 854 5269 eas
878 5225 1050 5282 aquas
1071 5225 1197 5267 esse
1220 5225 1375 5266 veras
1403 5225 1594 5281 aquas,
1611 5209 1757 5280 ejus-

170 5306 422 5376 demque
471 5303 688 5376 generis
743 5309 798 5371 et
857 5301 1046 5358 forma:
1090 5314 1216 5356 eum
1259 5300 1345 5357 his
1383 5299 1751 5369 inferioribus.

173 5395 423 5466 Ideoque
450 5396 549 5452 has
571 5411 742 5467 aquas
771 5410 801 5450 a
832 5394 944 5453 Deo
975 5409 1141 5466 supra
1170 5393 1367 5456 cmlum
1389 5393 1596 5464 positas
1623 5408 1756 5449 cen-

173 5500 328 5555 sent,
383 5500 439 5546 ut
498 5489 656 5546 insiti
710 5489 910 5560 algoris
938 5485 1376 5558 propinquitate,
1405 5484 1581 5556 ignem
1611 5483 1757 5542 side-

177 5600 366 5648 reum,
392 5583 768 5653 fervoremque
802 5581 920 5636 axis
939 5578 1161 5636 aetherei
1188 5579 1517 5643 minuerent,
1537 5591 1601 5633 ac
1620 5587 1758 5633 tem-

179 5685 464 5747 perarent.
505 5673 584 5729 Ita
622 5673 871 5729 Clemens
903 5671 1182 5728 Romanus
1217 5670 1313 5726 lib.
1356 5685 1394 5725 ιι
1454 5668 1753 5740 Recognit.;

177 5767 441 5826 Justinus
490 5773 718 5838 martyr,
747 5771 939 5837 quaest.
973 5761 1060 5831 93,
1109 5761 1177 5820 ad
1212 5759 1580 5826 Orthodoxos;
1607 5759 1756 5819 Basi-

1837 2188 2007 2258 omnis
2034 2187 2226 2256 ingenii
2244 2186 2461 2239 humani
2475 2184 2767 2252 capacitas.
2784 2181 2852 2236 Et
2871 2179 3324 2252 quemadmodum
3360 2177 3417 2232 in

1838 2277 1924 2334 his
1955 2277 2101 2345 fatue
2117 2277 2333 2342 delirat,
2358 2278 2432 2331 ita
2456 2286 2510 2332 et
2534 2276 2668 2332 fides
2689 2275 2808 2345 ejus
2832 2281 3148 2339 accusatur,
3171 2279 3226 2328 et
3247 2270 3417 2326 veluti

1839 2372 2124 2442 impostor,
2196 2371 2538 2440 mendaxque
2595 2367 2890 2428 refellitur,
2946 2381 3072 2420 cum
3129 2361 3419 2418 manifeste

1838 2465 2104 2519 mentitur
2149 2464 2420 2527 scribens,
2451 2461 2766 2516 Catholicos
2789 2459 2928 2515 velle
2965 2473 3066 2530 pro
3094 2457 3198 2512 fide
3231 2466 3421 2512 tenen-

1840 2556 1992 2620 dum,
2043 2556 2142 2610 has
2204 2571 2378 2625 aquas
2433 2569 2596 2624 supra
2647 2552 2818 2607 cmlos
2856 2566 3014 2606 veras
3061 2564 3232 2620 aquas
3273 2562 3419 2610 esse,

1841 2660 1967 2701 cum
1997 2645 2156 2698 aliam
2204 2643 2532 2700 sententiam
2563 2658 2684 2713 qua:
2717 2656 2842 2696 cum
2885 2640 2990 2695 ista
3025 2638 3248 2692 minime
3285 2651 3422 2690 con-

1843 2738 2012 2801 venit,
2038 2736 2304 2791 Catholici
2344 2736 2470 2807 viri,
2498 2735 2858 2804 maximaeque
2885 2729 3208 2787 eruditionis
3233 2727 3424 2797 vulga-

1845 2830 1954 2883 rint
1984 2828 2220 2900 publice,
2264 2835 2320 2883 et
2370 2828 2548 2898 palam
2582 2825 2740 2881 tutati
2782 2825 2909 2878 sint.
2949 2820 3336 2876 Haereticorum
3373 2817 3422 2872 is

1843 2934 1962 2975 mos
1998 2928 2102 2988 est,
2141 2927 2195 2974 et
2227 2917 2520 2989 dementia,
2551 2923 2610 2969 ut
2660 2929 2781 2984 quae
2807 2912 3012 2967 dixeris
3054 2915 3334 2975 accusent,
3367 2912 3424 2961 et

1844 3012 2095 3070 refellent
2141 3011 2356 3066 etiamsi
2414 3009 2700 3065 verissima
2744 3006 2876 3069 sint,
2916 3020 3038 3074 quas
3077 3017 3184 3056 non
3216 2999 3422 3054 dixeris

1845 3107 2149 3175 imponant,
2174 3111 2233 3157 ut
2264 3103 2485 3167 iterum,
2517 3109 2571 3156 et
2603 3097 2978 3159 accusationis
3025 3104 3080 3150 et
3127 3093 3423 3164 reprehen-

1845 3193 2018 3250 sionis
2057 3207 2248 3256 ansam
2279 3190 2568 3260 arripiant.

1912 3284 2030 3340 Col.
2078 3283 2200 3346 712,
2237 3282 2334 3336 lin.
2366 3281 2457 3338 14.
2483 3281 2665 3334 Ὥστε
2696 3278 2797 3335 καὶ
2834 3277 3034 3332 ἐπάνω
3070 3273 3242 3332 εἶναι.
3280 3274 3426 3331 Con-

1845 3376 2121 3434 stantinus
2155 3371 2435 3427 Manasses
2468 3370 2520 3424 in
2548 3369 2747 3430 Annal.
2769 3382 2789 3421 :

1851 3504 1987 3557 Τότε
2010 3500 2109 3556 καὶ
2135 3499 2249 3566 τὴν
2275 3482 2654 3566 παντόξιτον
2687 3494 2884 3566 φύσιν.
2904 3493 3019 3558 τὴν
3046 3492 3298 3566 alvearia?

1845 3575 1953 3628 Kal
1968 3571 2074 3638 τὰς
2089 3563 2401 3634 ἀϐύσσους
2416 3563 2650 3628 διελὼν,
2672 3565 2768 3638 καὶ
2787 3564 3013 3616 τούτων
3027 3563 3144 3638 μὲν
3167 3563 3424 3630 ἀρίστην

1847 3644 2004 3713 Πρὸς
2042 3633 2601 3713 ῧψοςῌάνενιρὸῃτον
2628 3636 2865 3713 κούφως
2889 3633 3249 3713 μετεωρίσεις

1854 3701 1922 3768 Τό
1943 3701 2011 3767 δὲ
2034 3701 2130 3767 ei!
2163 3701 2275 3782 γῆς
2305 3701 2617 3765 ἀπολιπὼν
2641 3701 2866 3772 ἔστησε
2894 3704 3108 3758 τούτων
3136 3701 3351 3770 μέσον.

1917 3837 2020 3889 Τὸν
2055 3833 2283 3905 οὐρανὸν
2311 3830 2500 3901 ῶσπερ
2526 3827 2800 3900 φραγμὸν,
2827 3825 3015 3896 ὥσπερ
3062 3822 3286 3896 στερρὸν
3313 3839 3424 3876 τει-

1851 3928 1984 4000 χίον.
2019 3928 2078 3982 In
2108 3940 2270 3982 versu
2302 3921 2544 3980 secundo
2567 3918 2888 3986 καὶτούτων
2915 3918 3013 3988 μὲν
3048 3917 3277 3988 ἀρίστην
3293 3915 3422 3986 quid

1850 4024 1923 4080 sit
1971 4037 2077 4078 non
2130 4019 2307 4090 capio.
2337 4016 2564 4087 ϐοιτίεο
2597 4015 2691 4068 καὶ
2732 4013 2940 4066 τούτων
2965 4013 3028 4065 τὸ
3056 4012 3154 4082 μὲν
3183 4013 3313 4066 ἄνω.
3347 4010 3424 4064 Ita

1849 4114 1994 4170 enim
2045 4122 2099 4168 et
2131 4112 2414 4167 veritatem
2464 4108 2580 4171 Dei,
2619 4116 2675 4163 ct
2715 4105 2958 4162 auctoris
2992 4113 3229 4158 mentem
3267 4117 3426 4158 asse-

1852 4221 2102 4277 quemur.
2141 4202 2248 4258 Sed
2291 4203 2360 4257 ad
2405 4200 2540 4273 quid
2575 4215 2731 4271 aqua:
2758 4199 2866 4253 illa:
2891 4212 3014 4268 qua:
3051 4211 3216 4266 supra
3254 4195 3426 4251 cmlos

1851 4296 2012 4353 sunt?
2061 4293 2358 4364 Procopius
2415 4300 2469 4348 et
2518 4289 2917 4352 Theodoretus,
2949 4303 3018 4343 ne
3049 4287 3152 4353 sol,
3192 4287 3323 4342 luna
3369 4294 3426 4342 et

1853 4397 2000 4444 astra
2034 4395 2219 4459 utpote
2253 4386 2444 4458 ignita,
2501 4385 2701 4440 coelum
2737 4399 2806 4439 ex
2835 4381 2992 4453 aquis
3023 4382 3178 4452 quasi
3204 4379 3428 4451 congla-

1853 4591 1920 4642 ex
1948 4575 2001 4630 vi
2033 4581 2088 4630 et
2128 4581 2278 4629 motu
2329 4572 2568 4628 siderum
2593 4577 2810 4637 ortum;
2841 4566 3116 4636 Justinus,
3143 4566 3210 4621 ad
3243 4564 3428 4635 depri-

1853 4664 2107 4720 mendum
2159 4663 2581 4726 llrmamentum,
2607 4675 2677 4716 ne
2718 4673 2940 4720 sursum
2963 4656 3205 4723 feratur;
3236 4654 3429 4710 Hiero-

1854 4772 2052 4829 nymus
2098 4754 2366 4819 Oleaster,
2395 4761 2458 4808 ut
2510 4753 2567 4808 in
2617 4751 2824 4809 diluvio
2852 4749 2965 4807 Noe
2991 4766 3088 4822 per
3119 4755 3428 4805 cataractas

1853 4849 2067 4918 emissae
2089 4856 2290 4918 terram
2312 4847 2628 4914 obruerent.
2642 4845 2746 4900 Alii
2769 4852 2829 4899 ut
2850 4843 2984 4900 solis
3008 4851 3062 4899 et
3082 4843 3224 4898 lunae
3244 4839 3427 4896 radios

1855 4941 2201 4997 reverberent
2250 4955 2455 5010 eosque
2503 4939 2761 4994 deorsum
2796 4935 2866 4992 ad
2894 4946 3097 4993 terram
3137 4933 3422 5005 repellant.

1853 5033 1960 5092 Alii
1994 5031 2065 5088 ad
2103 5037 2359 5088 ornatum
2390 5030 2653 5095 universi,
2683 5038 2796 5084 tum
2837 5035 2898 5084 ut
2930 5027 3127 5082 matrix
3159 5026 3276 5081 hac
3309 5037 3425 5079 cm-

1855 5123 2032 5180 lorum
2083 5121 2381 5178 creationis
2437 5119 2602 5176 index
2647 5125 2911 5190 exstaret,
2943 5133 3107 5190 quam
3155 5130 3323 5186 supra
3366 5129 3428 5170 se

1856 5212 1983 5280 cmli
2016 5226 2234 5282 semper
2282 5211 2646 5274 intuerentur,
2677 5216 2792 5263 tum
2826 5208 2892 5263 ad
2922 5209 3256 5278 voluptatem
3298 5220 3428 5262 san-

1855 5314 2092 5372 ctorum,
2137 5316 2199 5362 ut
2247 5307 2403 5377 aquis
2459 5305 2611 5361 hisce
2649 5301 2981 5375 crystallinis
3024 5300 3168 5355 oculi
3197 5313 3427 5371 pascan-

1855 5407 1966 5456 tur.
1998 5397 2098 5456 νει
2127 5406 2188 5454 ιιι
2231 5399 2376 5466 sicut
2429 5413 2571 5470 aqua
2617 5397 2732 5452 hmo
2781 5394 2894 5450 aeri
2929 5401 3140 5457 nostro,
3172 5391 3245 5447 ita
3272 5403 3429 5462 aqua

1857 5489 1961 5545 illae
2007 5487 2609 5552 subservirentaetberi,
2632 5484 2728 5558 qui
2757 5491 2841 5541 est
2868 5483 2926 5539 in
2963 5482 3104 5538 caelo
3147 5495 3424 5554 empyreo.

1858 5579 2012 5638 Mitto
2037 5595 2212 5652 nugas
2238 5580 2491 5636 aliorum.

1932 5666 2094 5730 lbid.,
2133 5666 2230 5722 lin.
2265 5665 2354 5721 18.
2399 5666 2464 5720 '0
2526 5664 2594 5719 ss
2647 5663 2823 5733 αἰθὴρ
2861 5660 3155 5732 πυρώδης.
3191 5657 3430 5715 Basilius

1858 5761 2008 5818 hom.
2041 5761 2074 5815 5
2101 5779 2114 5817 :
2149 5758 2252 5813 Τὺν
2291 5757 2348 5812 δὲ
2381 5757 2575 5833 αἰθέρα
2596 5773 2681 5820 τις
2709 5756 3038 5827 ἀμφιϐάλλει
3073 5753 3146 5826 μὴ
3173 5751 3294 5823 οὐχὶ
3331 5765 3426 5801 πυ-
