3924 6968
629 291 736 348 855

1961 289 2210 348 LEONIS
2245 289 2519 346 ALLATll
3688 298 3764 354 ιω

625 413 838 477 aspectu
877 400 1220 476 percipiebam
1265 419 1286 458 :
1326 413 1378 458 et
1434 402 1733 460 excellentis
1785 409 1849 458 a'c
1905 404 2192 475 singularis
2221 410 2264 467 Α
2293 404 2403 460 duo
2424 402 2570 475 globi
2597 401 2957 466 elﬁcerentur,
2992 402 3082 458 sed
3104 402 3182 457 ita
3205 399 3420 457 fuerunt
3443 401 3608 456 omnia
3625 402 3763 476 dispo-

621 499 854 552 scientite
898 507 1086 560 artem,
1131 499 1179 550 si
1207 513 1293 550 ars
1327 497 1435 551 ltwc
1467 496 1698 552 vocanda
1738 505 1835 552 est.
1881 494 2087 551 Etenim
2131 505 2188 550 ut

626 587 921 642 Homericis
952 587 1063 642 illis
1089 587 1321 643 versibus
1339 588 1562 642 relatum
1585 598 1662 642 est
1681 603 1699 640 :

693 719 842 774 Sicut
870 733 1044 776 autem
1073 723 1208 777 venti
1225 723 1328 776 duo
1352 733 1567 790 pontum
1584 731 1903 778 commovent
1923 723 2185 791 piscosunt

687 791 889 863 βου-θος
918 802 966 848 et
995 791 1286 863 Zephyrus,
1315 795 1404 862 qui
1431 812 1458 848 e
1494 794 1718 848 Thracia
1751 795 1959 863 spirant

689 860 914 933 [luentes
945 860 1175 932 repente,
1208 860 1368 916 simul
1399 881 1515 917 vero
1544 874 1594 917 et
1621 864 1762 932 unda
1779 860 1942 933 'nigra
2037 932 2042 933 ν
2171 924 2174 928 ι

687 931 986 996 Attollitur,
1008 934 1327 1001 multamque
1356 945 1507 987 extra
1538 949 1680 988 mare
1713 931 1886 1004 algam
1913 932 2182 1001 fundunt:

617 1045 697 1098 ita
748 1045 875 1098 mihi
906 1045 1017 1100 heri
1045 1047 1327 1116 contigisse
1361 1046 1562 1100 videtur
1590 1045 2013 1101 :summitatibus
2043 1046 2185 1099 enim

620 1138 875 1190 montium
896 1137 1094 1191 similes
1123 1138 1439 1206 aspiciebam
1472 1136 1661 1201 undas,
1688 1153 1805 1208 quae
1829 1138 1874 1190 si
1903 1137 2073 1191 dicere
2099 1136 2184 1206 fas

615 1239 717 1293 est,
749 1231 920 1299 ipsum
954 1231 1137 1284 caelum
1171 1234 1485 1301 tangebant;
1524 1231 1660 1284 unde
1690 1231 1808 1283 ltinc
1849 1239 2050 1282 tantum
2088 1229 2184 1284 hoc

616 1324 1006 1392 exspectabam,
1037 1325 1333 1376 universam
1363 1326 1561 1377 scilicet
1603 1330 1795 1378 terram
1834 1323 2184 1394 submergen-

616 1415 778 1476 dam;
803 1428 850 1468 et
873 1415 998 1468 mihi
1025 1415 1193 1468 laeum
1220 1417 1273 1469 in
1301 1433 1400 1486 quo
1428 1433 1506 1470 me
1529 1417 1656 1487 fuga
1682 1417 1978 1485 reciperem,
2007 1418 2182 1469 animo

617 1507 897 1576 ﬁngebam,
929 1517 978 1560 et
1016 1506 1252 1561 Noeticaz
1282 1515 1420 1562 arca:
1461 1511 1728 1576 exentplar
1761 1509 2178 1563 considerabam.

627 1597 1165 1667 Verutmexspectatio
1196 1616 1308 1652 mea
1339 1599 1600 1668 frustrata
1623 1612 1723 1654 est.
1754 1599 1926 1654 Simul
1954 1600 2090 1652 enim
2120 1615 2182 1651 ac

617 1706 761 1743 mare
786 1691 1055 1753 intumuit,
1091 1692 1281 1748 iterum
1306 1692 1412 1745 vice
1439 1709 1588 1746 versa
1625 1692 1855 1762 fractum
1888 1708 2030 1744 mare
2057 1691 2184 1744 dis-

614 1779 932 1844 solvebatur,
969 1780 1111 1834 ultra
1141 1783 1412 1851 proprium
1447 1785 1616 1836 locum
1642 1797 1745 1838 non
1774 1786 2076 1846 concedens,
2103 1782 2186 1837 di-
2213 1770 2256 1826 Β

616 1873 733 1924 uino
778 1872 1028 1942 quodam,
1079 1883 1136 1926 ut
1181 1875 1486 1928 summatim
1515 1875 1711 1938 dicam,
1740 1875 1897 1946 jussu
1929 1875 2182 1946 perterri-

611 1970 745 2018 tum.
797 1963 865 2017 Et
894 1965 1334 2034 quemadmodum
1372 1968 1562 2034 sa'pius
1598 1984 1774 2022 servus
1816 1968 2098 2038 quispiam,
2135 1966 2184 2022 si

619 2049 814 2111 invitus
849 2073 882 2110 a
919 2058 1132 2111 domino
1160 2058 1227 2111 ad
1257 2075 1384 2126 opus
1418 2059 1782 2128 compellatur,
1808 2061 2023 2128 imperio
2051 2061 2184 2130 qui-

613 2148 729 2204 dem
752 2151 937 2204 timore
958 2150 1146 2205 ductus
1183 2152 1354 2218 audit,
1393 2162 1446 2205 at
1479 2153 1616 2223 quod
1647 2153 1808 2216 subit,
1847 2170 1964 2206 cum
1999 2153 2179 2208 nolens

613 2250 758 2309 agat,
795 2240 975 2308 palam
1003 2242 1158 2311 eﬂ'ari
1190 2258 1292 2294 non
1329 2259 1492 2296 ausus
1522 2242 1615 2296 sub
1649 2243 1832 2313 lingua
1858 2243 2185 2296 immurmu—

613 2341 722 2396 rat,
764 2333 1042 2385 iracundia
1086 2330 1386 2389 exardens:
1433 2335 1507 2388 sic
1547 2333 1674 2388 mihi
1711 2332 2093 2402 quodammodo
2129 2342 2180 2390 et

613 2437 760 2477 mare
788 2422 1095 2487 videbatur;
1127 2425 1228 2479 etsi
1257 2425 1394 2478 enim
1441 2425 1523 2478 ira
1563 2423 1894 2495 elferbuerat,
1928 2426 1984 2480 in
2021 2433 2180 2481 semet

613 2513 751 2568 iram
815 2517 1114 2570 continebat
1156 2516 1257 2570 sibi
1309 2517 1484 2586 frenos
1530 2519 1790 2583 iniiciens,
1846 2527 1896 2571 et
1948 2517 2178 2586 furorem

611 2618 765 2661 suum
808 2605 1033 2659 Domino
1084 2606 1423 2675 manifestare
1478 2621 1678 2663 notens.
1739 2605 1967 2677 Reliqua
2015 2607 2178 2674 hujus

611 2697 877 2752 orationis
935 2697 1122 2752 Graeca
1183 2706 1236 2752 et
1297 2696 1489 2751 Latina
1549 2714 1671 2752 cum
1737 2706 1924 2752 nostro
1973 2684 2178 2754 Metho-

613 2788 701 2841 dio
750 2788 912 2843 dabo.
971 2787 1104 2843 Vide
1158 2796 1417 2858 prmterea
1473 2789 1762 2857 Georgium
1816 2787 2049 2844 l’isidem
2101 2789 2178 2844 De

613 2880 796 2933 mundi
844 2881 1076 2949 opiﬁcio,
1123 2888 1176 2935 et
1220 2879 1484 2935 Joannem
1528 2880 1977 2952 Chrysostomum
2013 2898 2177 2954 super

611 2969 746 3024 illud
792 2968 1034 3025 llierem.
1068 2984 1191 3040 cap.
1243 2985 1296 3033 v,
1329 2985 1470 3024 vers.
1511 2968 1600 3031 22,
1631 2969 1734 3036 Qui
1769 2969 1920 3038 posui
1959 2985 2175 3022 arenam

613 3061 896 3115 terminum
923 3061 1079 3124 mari,
1104 3061 1160 3114 in
1192 3069 1384 3115 catena
1413 3076 1532 3130 qua:
1557 3077 1588 3114 ιι
1622 3060 1782 3115 nobis
1804 3058 1996 3115 Latina
2032 3058 2174 3115 facta

604 3153 719 3222 jam
749 3163 832 3209 est
857 3154 1057 3224 publici
1090 3153 1253 3223 juris.

678 3246 796 3300 Col.
817 3245 938 3305 7l2.
960 3246 1056 3300 lin.
1079 3245 1167 3300 45.
1201 3243 1352 3298 Ἐπεὶ
1368 3245 1425 3296 τί
1454 3242 1740 3298 ἐκώλυσε.
1767 3242 2001 3300 Basilius
2025 3243 2169 3298 bom.

608 3339 643 3392 4
676 3337 858 3392 εἙπεὶ
892 3337 943 3389 τί
991 3335 1194 3389 ἐκώλυε
1235 3335 1333 3407 τὴν
1393 3335 1656 3407 Ἐρυθρὰν
1694 3335 1962 3390 θάλασσαν
1997 3338 2173 3389 πᾶσαν

607 3429 706 3500 τὴν
735 3427 1006 3495 Αἴγυπτον
1036 3426 1347 3498 κοιλοτέραν
1377 3423 1539 3480 οὖσαν
1573 3427 1769 3498 ἑαυτῆς
1800 3428 2062 3493 ἐπελθεῖν,
2081 3420 2174 3482 καὶ

607 3518 939 3590 συναφθῆναι
958 3518 1034 3588 τῷ
1059 3518 1446 3589 παρακειμένῳ
1473 3520 1537 3588 τῇ
1566 3518 1824 3590 Αἰγύπτῳ
1853 3521 2098 3589 πελάγει,
2123 3521 2173 3572 εἰ

608 3611 685 3684 μὴ
717 3610 1211 3682 τῷ.προστάγματι
1251 3605 1318 3680 ἦν
1358 3610 1704 3680 πεπεδημένη
1733 3609 1824 3664 τοῦ
1859 3612 2168 3677 κτίσαντος;

607 3705 673 3758 Ει
699 3721 754 3759 ιιι
786 3705 891 3758 hoc
921 3704 1083 3759 etiam
1119 3712 1246 3757 sunt
1276 3703 1552 3756 variantes
1580 3703 2027 3774 philosophorum
2054 3719 2174 3759 sen-

605 3795 808 3850 tentiae.
864 3793 1095 3860 Quidam
1141 3792 1286 3847 enim
1337 3800 1540 3846 terram
1591 3793 1728 3846 mari
1774 3793 2170 3862 depressiorem

605 3885 893 3951 allirmant,
939 3884 1270 3939 Catbarinus
1319 3881 1386 3935 ad
1441 3897 1561 3954 cap.
1618 3898 1634 3937 ι
1697 3883 1917 3948 Genes.,
1952 3885 2158 3950 Canus,

604 3978 920 4048 Burgensis,
953 3984 1142 4030 noster
1181 3975 1270 4030 bic
1300 3983 1512 4040 auctor,
1550 3975 1782 4032 Basilius
1809 3983 1862 4030 et
1883 3977 1974 4030 alii
2002 3996 2014 4031 :
2049 3991 2168 4032 eam

605 4071 1026 4142 probabiliorem
1062 4077 1250 4124 cenSet
1293 4065 1349 4121 S.
1387 4065 1647 4132 Thomas,
1705 4082 1721 4121 ι
1766 4077 1934 4139 part.,
1980 4084 2033 4139 (ι.
2075 4067 2164 4133 69,

605 4172 708 4214 art.
741 4160 765 4212 1
802 4179 814 4214 :
849 4159 988 4213 idem
1020 4171 1074 4214 et
1101 4158 1298 4212 Cicero
1332 4158 1618 4214 censuisse
1643 4159 1878 4222 videtur,
1910 4175 1926 4212 ι
1959 4158 2030 4213 De
2059 4176 2170 4212 na-

605 4262 727 4306 tura
752 4251 968 4306 deorum
994 4268 1029 4305 ιι
1054 4270 1068 4306 :
1101 4250 1273 4317 Mare,
1299 4251 1493 4322 inquit,
1525 4268 1644 4305 cum
1670 4263 1829 4320 supra
1855 4261 2047 4304 terram
2076 4252 2165 4317 sit,

603 4333 833 4400 medium
884 4354 1059 4398 tamen
1107 4354 1259 4398 terra:
1311 4345 1481 4398 locum
1536 4353 1776 4413 expetens
1826 4357 2168 4415 congregatur

2293 497 2418 562 sita,
2451 507 2508 550 ut
2535 512 2602 550 ex
2640 495 2727 552 bis
2766 495 2977 552 duobus
3015 494 3301 566 separatis,
3337 495 3588 565 contiguis
3610 503 3763 564 um,

2291 600 2459 644 unum
2487 589 2792 645 elﬁceretur
2819 589 3132 653 rotundum,
3173 596 3230 643 et
3264 588 3448 657 globus
3485 604 3612 644 unus
3636 592 3764 662 perle-

2290 680 2592 745 ctissimus,
2629 695 2738 735 non
2774 679 3099 750 geometrica
3129 677 3476 732 rotunditate.
3503 676 3644 743 Quod
3665 684 3766 737 enim
3855 748 3859 752 ⁴

2291 769 2346 825 in
2397 771 2554 842 aquis
2603 770 2931 830 abundabat,
2981 769 3034 824 in
3078 769 3326 823 cavernis
3365 775 3512 822 terra
3552 771 3769 826 occlusum

2288 870 2392 925 est,
2423 865 2476 918 et
2509 864 2562 918 in
2594 862 3037 933 prolundissimis
3078 862 3312 916 vallibus
3355 869 3632 931 receptum,
3666 867 3771 933 quod

2290 951 2346 1005 in
2377 953 2539 1007 terris
2585 967 2751 1022 super
2801 966 2971 1021 aquas
3015 949 3263 1013 emersit,
3313 949 3368 1003 in
3418 949 3773 1020 impendentium

2288 1031 2555 1098 montium
2605 1043 2920 1097 altitudines
2976 1050 3288 1112 porrectum
3349 1041 3596 1108 surrexit;
3636 1049 3681 1096 et
3719 1044 3775 1098 sic

2288 1132 2568 1204 aequaliter
2588 1135 2824 1204 undique
2841 1144 2982 1188 terra
3017 1141 3070 1187 et
3092 1148 3248 1203 aqua:
3270 1131 3610 1194 sustinentur,
3626 1141 3666 1184 et
3692 1148 3776 1188 sus-

2288 1226 2485 1288 tinent,
2532 1241 2709 1296 neque
2760 1226 3098 1280 exceduntur
3143 1240 3324 1294 neque
3365 1223 3631 1279 escedunt.
3673 1223 3777 1280 Fieri

2287 1325 2470 1372 tamen
2517 1326 2716 1388 potest,
2761 1323 2820 1371 ut
2870 1317 3335 1387 quemadmodum
3384 1331 3487 1370 una
3523 1332 3635 1387 pars
3662 1326 3778 1372 terra

2287 1399 2393 1462 alia
2417 1409 2744 1464 eminentior
2774 1417 2880 1474 est,
2901 1409 3005 1462 alia
3039 1409 3144 1462 alia
3171 1409 3498 1478 depressior,
3526 1425 3615 1462 nec
3643 1418 3779 1464 tamen

2289 1509 2486 1556 terram
2509 1512 2632 1556 esse
2657 1503 2945 1556 rotundam
2971 1500 3321 1570 negabimus,
3353 1499 3432 1554 sic
3459 1507 3510 1552 et
3539 1515 3630 1552 una
3651 1500 3778 1567 regio,

2285 1601 2338 1648 et
2373 1595 2523 1649 locus
2561 1595 2633 1650 sit
2667 1595 2786 1664 ipso
2831 1607 2980 1647 mare
3029 1590 3324 1651 humilior,
3375 1591 3447 1643 ita
3487 1597 3543 1644 ut
3577 1590 3615 1643 si
3643 1591 3778 1645 aditus

2287 1695 2493 1758 pateret
2531 1687 2689 1758 aquis
2724 1686 3192 1756 submergeretur,
3226 1684 3399 1738 altera
3444 1683 3592 1736 altior
3615 1690 3659 1736 et
3679 1684 3780 1736 emi-

2283 1779 2533 1846 ncntior;
2588 1777 3045 1848 quemadmodum
3102 1774 3430 1830 Aristoteles
3489 1773 3552 1829 de
3611 1773 3778 1844 regione

2281 1871 2662 1942 Aigyptiorum
2718 1877 2770 1924 et
2797 1885 2946 1925 mare
2971 1868 3164 1923 Rirbro
3196 1876 3453 1937 tanquam
3476 1866 3776 1921 certissimum

2282 1972 2435 2019 notat
2474 1965 2599 2020 libr.
2631 1965 2807 2036 primo
2837 1961 3079 2029 Meteon,
3117 1977 3244 2033 cap.
3278 1962 3495 2026 ultimo;
3527 1968 3575 2013 et
3610 1960 3671 2012 ita
3697 1959 3776 2012 exi-

2281 2058 2444 2111 SIimo
2490 2064 2744 2111 auctores
2781 2072 2920 2127 quos
2968 2069 3141 2126 supra
3181 2052 3455 2108 nominavi
3483 2066 3593 2107 esse
3624 2051 3773 2104 intelli-

2282 2147 2506 2218 gendos,
2539 2150 2827 2216 omniaque
2859 2148 3020 2202 dubia
3051 2157 3108 2201 et
3158 2152 3494 2215 argumenta,
3541 2141 3589 2194 in
3624 2149 3775 2194 utram-

2281 2253 2386 2309 que
2422 2247 2630 2308 partem
2673 2239 2907 2294 adducta
2949 2239 3219 2292 facillimo
3259 2235 3470 2305 negotio
3500 2233 3621 2287 solvi
3647 2231 3776 2286 :divi-

2279 2346 2516 2402 namque
2571 2332 2896 2403 sapientiam
2939 2338 2993 2386 et
3032 2330 3339 2385 bonitatem
3368 2324 3639 2380 dilucidius
3663 2325 3778 2376 inno-

2279 2430 2510 2490 tescere,
2542 2436 2663 2494 qua:
2688 2423 2870 2478 omnia
2897 2422 2972 2477 ita
3009 2423 3064 2477 in
3098 2420 3343 2493 pondere
3373 2426 3426 2474 et
3456 2431 3680 2473 mensura
3696 2414 3777 2468 dis-

2277 2513 2482 2584 posuit.

2348 2605 2508 2672 lbid.,
2551 2607 2649 2661 lin.
2695 2605 2784 2662 49.
2825 2607 2954 2658 "Ott
2999 2605 3066 2658 δὲ
3103 2605 3332 2672 ἀληθὲς
3378 2602 3560 2657 τοῦτο.
3600 2599 3775 2654 Basilius

2277 2697 2426 2754 hom.
2485 2696 2519 2754 4
2553 2717 2566 2754 :
2601 2700 2752 2752 Ἐπεὶ
2798 2698 2850 2751 τί
2889 2697 3091 2751 ἐκώλυε
3129 2697 3230 2769 τὴν
3269 2695 3524 2769 Ἐρυθρὰν
3568 2693 3775 2746 θάλασσαν

2277 2792 2456 2844 πᾶσαν
2490 2791 2588 2863 τὴν
2620 2791 2888 2860 Αἴγυπτον
2919 2789 3236 2860 κοιλοτέραν
3275 2786 3434 2843 οὖσαν
3465 2785 3638 2854 ἑαυτῆς
3666 2781 3775 2837 ἐπελ-

2277 2882 2408 2946 θεῖν,
2445 2884 2536 2936 καὶ
2573 2881 2903 2952 συναφθῆναι
2951 2880 3026 2952 τῷ
3062 2880 3454 2952 παρακειμένῳ
3494 2882 3554 2948 τῇ
3581 2876 3777 2943 Αἰγύπτῳ

2277 2973 2521 3044 πελάγει,
2551 2977 2600 3028 ει
2641 2973 2715 3045 μὴ
2740 2972 2815 3044 τῷ
2849 2973 3242 3044 προστάγματι
3281 2969 3350 3044 ἦν
3380 2969 3681 3038 πεπεδημένη
3709 2962 3776 3018 τοῦ

2279 3068 2594 3133 κτίσαντος;
2636 3069 2754 3120 Ὅτι
2791 3066 2900 3137 γάρ
2931 3067 3296 3138 ταπεινοτέρα
3336 3066 3430 3136 τῆς
3465 3063 3686 3134 Ἐρυθρᾶς
3711 3060 3776 3112 θα-

2278 3159 2480 3230 λάσσης
2507 3161 2539 3230 ἡ
2572 3158 2855 3227 Αἴγυπτος,
2879 3158 3017 3230 ἔργῳ
3044 3159 3279 3212 ἔπεισαν
3300 3159 3442 3230 ἡμᾶς
3467 3155 3776 3224 οἰθελήσαντες

2272 3250 2516 3320 ἀλλήλοις
2537 3249 2607 3302 τὰ
2634 3248 2841 3318 πελάγη
2877 3249 3127 3317 συνάψαι,
3164 3249 3230 3302 τό
3251 3266 3309 3302 τε
3350 3248 3617 3316 Αἰγύπτιον
3640 3245 3773 3297 καὶτὸ

2285 3339 2518 3405 Ἰνδικὸν,
2550 3344 2608 3394 ὲν
2648 3334 2692 3408 ᾧ
2733 3343 2765 3411 ἡ
2807 3340 3040 3412 Ἐρυθρά
3076 3339 3348 3397 θάλασσα.
3394 3341 3574 3410 Διόπερ
3599 3337 3772 3405 ἐπέσχον

2270 3430 2368 3503 τὴν
2400 3430 2739 3502 ἐπιχεερησιν
2767 3431 2982 3503 πρῶτος
3013 3431 3326 3503 ἀρξάμενος
3362 3434 3627 3502 Σέσωστρις
3650 3431 3672 3480 ὁ
3698 3429 3770 3480 Ai-

2271 3520 2517 3591 γύπτιος,
2553 3522 2648 3575 καὶ
2683 3523 2711 3575 ὁ
2755 3523 2892 3593 μετὰ
2924 3522 3096 3577 ταῦτα
3143 3523 3434 3595 βουληθεὶς
3476 3520 3769 3592 ἑπεξεργάτα-

2273 3613 2394 3668 σθαι
2415 3617 2636 3686 Δαρεῖος
2655 3615 2684 3666 ὁ
2709 3615 2906 3686 Μῆδος.
2928 3613 3255 3670 Habuerunt
3271 3619 3342 3672 ab
3370 3619 3628 3673 Aristotele
3649 3615 3720 3668 lib.
3742 3627 3768 3665 ιι

2269 3705 2516 3771 Meteon,
2548 3722 2668 3776 cap.
2695 3708 2809 3761 ult:
2843 3707 3003 3778 Δηλοῖ
3050 3707 3106 3760 δὲ
3147 3700 3215 3762 τὸ
3247 3708 3550 3780 γινόμενον·
3577 3707 3664 3770 Οὓς
3693 3704 3767 3774 γάρ

2271 3815 2448 3870 φαμεν
2471 3798 2861 3870 ἀρχαιοτάτους
2885 3795 3150 3853 εἶναιτῶν
3173 3800 3471 3872 ἀνθρώπων
3490 3799 3765 3868 Αἰγυπτίους,

2267 3890 2470 3944 τούτων
2522 3893 2555 3961 ὴ
2589 3889 2741 3962 χώρα
2787 3892 2935 3944 πᾶσα
2979 3897 3240 3962 γεγονυῖα
3291 3895 3527 3963 φαίνεται
3568 3892 3644 3945 καὶ
3673 3885 3767 3942 οὖσι

2266 3981 2360 4036 τοῦ
2403 3981 2646 4053 ποταμοῦ
2696 3982 2872 4054 ἔργον.
2904 3983 3014 4036 Καὶ
3041 3983 3203 4038 τοῦτο
3251 3987 3391 4040 κατά
3430 4002 3486 4038 τε
3509 3984 3595 4054 τὴν
3634 3982 3767 4052 χώραν

2268 4073 2436 4146 αὐτὴν
2462 4075 2657 4147 ὁρῶντι
2687 4074 2841 4145 δῆλόν
2879 4075 3016 4138 ἐστι,
3043 4076 3138 4129 καὶ
3172 4077 3243 4130 τὰ
3277 4077 3404 4149 περὶ
3438 4077 3528 4148 τὴν
3567 4070 3766 4144 Ἐρυθρὰν

2269 4164 2542 4219 Θάλασσαν
2569 4163 2863 4237 τεκμήριον
2909 4166 3110 4220 ἱκανόν.
3146 4168 3364 4240 Ταύτην
3403 4169 3506 4239 γάρ
3533 4167 3625 4220 τῶν
3660 4164 3769 4234 ﬁdat-

2266 4255 2399 4309 λέων
2431 4273 2512 4320 τις
2549 4256 2809 4328 ἐπειράθη
2856 4257 3174 4330 διορύττειν.
3209 4262 3286 4314 Οὐ
3317 4260 3425 4331 γάρ
3463 4257 3640 4330 μικρὰς
3660 4252 3766 4324 εἶχεν

2267 4348 2332 4403 ἂν
2365 4349 2544 4411 αὐτοῖς
2570 4346 2834 4417 ὠφελείας
2862 4349 3070 4412 πλωτὸς
3096 4349 3245 4414 ἄπας
3265 4352 3294 4404 ὁ
3322 4351 3480 4413 τόπος
3497 4348 3764 4417 γιγνόμενος·

602 4438 831 4508 undique
858 4435 1153 4507 cequaliter,
1178 4451 1337 4506 neque
1369 4435 1644 4498 redundat,
1679 4452 1837 4506 neque
1856 4435 2164 4505 eﬂ'unditur.

2275 4440 2496 4508 Λέγεται
2527 4437 2585 4491 δὲ
2624 4437 2844 4509 πρῶτος
2877 4439 3184 4512 Σέσωστρις
3230 4443 3561 4513 ἐπιχειρῆσαι
3586 4431 3675 4491 τῶν
3694 4449 3768 4486 πα-

603 4531 712 4585 Alii
753 4538 956 4585 terram
984 4544 1106 4585 esse
1138 4544 1288 4584 mare
1322 4527 1594 4593 altiorem,
1646 4536 1706 4582 ut
1747 4527 2168 4600 Chrysostomus

603 4625 751 4680 hom.
774 4623 807 4678 9
829 4621 898 4677 ad
914 4638 1034 4694 pop.
1053 4621 1324 4686 Antioch.;
1368 4623 1708 4694 Augustinus
1731 4623 1783 4675 in
1802 4622 1938 4690 psal.
1969 4638 2165 4690 cxxxv;

602 4715 968 4786 Hieronymus
994 4714 1050 4768 in
1088 4713 1220 4768 illud
1265 4715 1403 4785 psal.
1424 4730 1594 4780 xxxii,
1617 4713 1945 4785 Congregans
1961 4715 2096 4768 sicut
2113 4715 2166 4768 in

600 4818 718 4862 utre
757 4824 922 4878 aquas
959 4807 1159 4871 maris;
1197 4806 1566 4862 Damasccnus
1607 4807 1702 4861 lib.
1736 4821 1772 4860 ιι
1807 4804 1929 4861 Fid.
1959 4806 2163 4860 orthod.

600 4914 722 4968 cap.
744 4897 777 4952 9
803 4907 855 4952 et
884 4897 985 4964 lO;
1016 4894 1358 4952 Contarenus
1383 4897 1478 4952 lib.
1508 4912 1542 4950 II
1567 4895 1641 4951 De
1665 4898 1952 4962 elementis,
1977 4904 2030 4952 et
2051 4898 2164 4952 alii.

601 4990 732 5056 Qua:
770 4989 891 5043 dum
943 4988 1228 5058 Opiniones
1281 4988 1382 5043 etsi
1433 4990 1664 5042 multum
1705 4989 1846 5044 inter
1877 5005 1935 5045 se
1961 4988 2168 5046 distare

600 5075 876 5138 videntur,
916 5088 1016 5142 ego
1050 5080 1232 5127 tamen
1267 5073 1495 5127 dixerim
1538 5083 1785 5128 neutram
1819 5073 2033 5141 falsam,
2069 5073 2165 5130 sed

601 5164 965 5218 certissimam
990 5171 1278 5232 utramque
1299 5171 1354 5216 et
1375 5177 1580 5228 veram,
1607 5164 1654 5218 si
1682 5178 1790 5218 non
1817 5163 1884 5218 de
1907 5165 2164 5220 universo

600 5265 758 5309 terra:
780 5255 1068 5318 elemento,-
1099 5270 1277 5325 neque
1299 5271 1470 5326 aqum,
1502 5255 1595 5310 sed
1636 5263 1791 5325 parte
1816 5257 2049 5326 quadam
2077 5257 2164 5312 in-

599 5347 892 5417 telligatur.
942 5345 1204 5413 Quamvis
1235 5349 1380 5401 enim
1419 5349 1560 5404 Deus
1591 5363 1763 5420 aquas
1805 5357 2006 5404 terram
2046 5364 2164 5402 om-

599 5452 722 5492 nem
753 5455 853 5494 suo
887 5439 1036 5494 lluxu
1075 5448 1405 5510 occupantes
1431 5451 1710 5512 separatas
1755 5441 1808 5496 in
1848 5457 2015 5496 unum
2048 5441 2162 5496 vel-

601 5529 675 5582 ιι·ιί
715 5530 916 5596 locum,
948 5539 1001 5588 et
1057 5534 1343 5590 stationem
1393 5535 1674 5599 detulerit,
1709 5542 1763 5588 et
1795 5541 1938 5588 terra
1978 5549 2070 5589 eas
2107 5533 2160 5588 in

600 5623 822 5690 proprio
846 5621 990 5684 sinu,
1023 5640 1256 5680 caverna
1284 5626 1551 5680 duntaxat
1582 5625 1942 5696 amplissima,
1970 5632 2160 5679 mutuo

599 5712 880 5781 complexu
909 5720 1202 5783 exceperit.
1238 5733 1345 5772 non
1391 5726 1571 5772 tamen
1612 5716 1664 5772 id
1697 5717 1770 5771 ita
1811 5717 2058 5787 contigit,
2099 5726 2157 5772 ut

2270 4531 2466 4585 λαιῶν·
2512 4529 2625 4583 ἀλλ’
2653 4523 2811 4601 εὗρεν
2857 4531 3192 4604 ὑψηλοτέραν
3239 4530 3403 4588 οὖσαν
3429 4533 3520 4603 τὴν
3562 4530 3756 4584 θάλαττα·

2267 4624 2363 4694 τῆς
2396 4622 2515 4692 γῆς.
2551 4606 2641 4673 Διδ
2674 4622 2876 4685 ἐκεῖνός
2897 4635 2955 4674 τε
2999 4623 3284 4696 πρότερον,
3316 4627 3404 4677 καὶ
3431 4625 3628 4694 Δαρεῖος
3653 4618 3767 4671 ὕπε-

2269 4731 2359 4786 ρον
2381 4711 2651 4766 επαύσατο
2679 4713 2987 4784 διορύττων,
3009 4715 3155 4778 ὅπως
3184 4716 3258 4786 μὴ
3281 4715 3540 4787 διαφθαρῇ
3559 4713 3612 4766 τὸ
3635 4707 3764 4780 ῥεῦμα

2266 4804 2357 4858 τοῦ
2415 4803 2659 4874 ποταμοῦ
2711 4805 3076 4875 συμμιγεῖσης
3135 4807 3232 4875 τῆς
3279 4807 3558 4875 θαλάττης.
3613 4799 3763 4856 Strabo

2267 4897 2361 4950 lib.
2389 4911 2402 4950 ι
2443 4894 2774 4959 ι’Δπιθάνως
2798 4896 2854 4948 δὲ
2886 4896 3046 4965 λέγω,
3078 4898 3157 4951 ὅτι
3191 4899 3298 4970 πρὸ
3326 4899 3432 4952 τῶν
3462 4893 3684 4969 Τρωῖκῶν
3699 4888 3764 4940 οὐ·

2264 4989 2424 5059 δεμία
2463 4983 2530 5058 ἦν
2555 4987 2772 5059 διώρυξ.
2796 4989 2900 5041 Τὸν
2933 4989 2989 5041 δὲ
3032 4989 3452 5062 ἐπιχειρήσαντα
3485 4987 3673 5055 ποιῆσαι
3697 4979 3760 5031 Σέ-

2267 5087 2496 5154 σωστριν
2527 5083 2826 5153 ἀποστῆναί
2860 5099 3010 5152 φασι,
3061 5083 3461 5155 μετεωροτέραν
3493 5076 3758 5134 ὑπολαϐόντα

2263 5172 2360 5244 τὴν
2384 5173 2482 5244 τῆς
2521 5173 2788 5243 θαλάττης
2824 5174 3161 5242 ὲπιςςάνειαν.
3194 5176 3258 5228 Et
3283 5174 3378 5230 lib.
3414 5189 3518 5227 xvu
3548 5163 3758 5234 εἘτμήθη

2261 5263 2318 5316 δὲ
2348 5265 2380 5333 ἡ
2407 5261 2605 5335 διώρυξ
2628 5264 2906 5336 καταρχὰς
2938 5266 3036 5336 μὲν
3065 5265 3167 5318 ὑπὸ
3198 5265 3528 5336 Σεσώστριος
3569 5257 3658 5330 πρὸ
3680 5252 3757 5306 τῶν

2261 5351 2543 5423 Τρωῖκῶν,
2569 5355 2617 5406 oi
2644 5353 2700 5407 δὲ
2748 5355 2852 5407 ὑπὸ
2899 5354 2992 5407 τοῦ
3031 5355 3395 5426 Ψαμμητίχου
3430 5352 3602 5412 παιδὸς
3638 5341 3760 5416 alii“

2266 5444 2426 5514 μένου
2463 5445 2642 5516 μόνον,
2691 5443 2808 5500 εἷτα
2853 5445 3160 5510 ἐκλιπόντος
3199 5443 3290 5499 τὸν
3333 5446 3471 5517 βίονο
3512 5443 3698 5509 ὕστερον
3720 5429 3761 5483 δὲ

2262 5534 2365 5588 ὑπὸ
2395 5536 2618 5608 Δαρείου
2641 5537 2736 5590 τοῦ
2760 5537 2972 5608 πρώτου
2999 5538 3373 5608 διαδεξαμένου
3404 5535 3460 5588 τὸ
3485 5533 3600 5600 ἑξῆς
3623 5528 3762 5596 ἔργον
3805 5568 3810 5576 .

2261 5626 2364 5681 Kal.
2407 5625 2558 5693 οὗτος
2580 5630 2657 5695 δὲ,
2685 5629 2811 5704 δόξῃ
2839 5630 3024 5700 ψευδεῖ
3062 5630 3320 5692 πεισθεὶς,
3351 5628 3518 5697 ἀφῆκε
3548 5623 3600 5675 τὸ
3640 5617 3764 5689 ἔργον

2263 5722 2389 5792 περὶ
2438 5721 2742 5777 συντέλειαν
2787 5721 2907 5797 ἤδη.
2950 5721 3201 5795 Ἐπεέσθη
3252 5722 3359 5792 γὰρ
3414 5709 3762 5785 μετεωροτέραν
