3952 6204
128 295 234 354 857

1154 289 1221 344 ΞΝ
1263 288 1632 346 EUSTATHII
1672 289 2146 348 BEXAEMERON
2182 292 2413 352 NOTE.

3256 303 3359 362 838

126 403 268 463 εἶναι
314 405 414 477 τὴν
456 403 720 476 Ἐρυθρὰν
763 403 1027 458 θάλατταν
1058 405 1158 476 τῆς
1190 405 1488 476 Αἰγύπτου,
1515 407 1611 461 καὶ
1644 419 1669 461 ε

1796 404 2026 477 Reliqua
2078 408 2194 479 lege
2233 409 2378 479 apud
2426 409 2641 479 ipsum;
2679 410 2796 482 lege
2847 419 3108 482 praterea
3159 414 3363 474 Macro-

124 500 412 571 διακοπείη
447 499 551 560 πᾶς
573 498 601 548 ὁ
632 495 831 568 μεταξὺ
863 497 1076 568 ἰσθμὸς,
1104 499 1594 572 ιπικλυσθήσεσθαι
1620 503 1685 571 τῇ

125 591 370 664 θαλάττῃ
417 589 515 661 τὴν
556 590 854 658 Αἴγυπτον.
885 588 954 644 Hi
1000 598 1184 644 tamen
1234 589 1566 647 dissentiunt
1619 592 1689 645 ab

124 682 426 749 Herodoto,
457 682 552 752 qui
605 695 794 737 omnes
823 681 1002 738 fossas
1045 690 1101 738 et
1148 683 1404 754 dioryges
1445 697 1476 738 a
1523 682 1688 739 Seso-

124 775 298 832 stride
320 772 491 828 fuisse
517 770 742 827 ell'ossas
776 779 967 828 auctor
987 779 1094 836 est,
1127 771 1223 828 sed
1251 773 1318 827 de
1347 772 1448 828 hac
1475 787 1541 826 ne
1575 788 1690 827 ver-

123 866 254 921 bum
277 865 523 936 quidem,
556 864 649 920 sed
678 864 798 934 ejus
839 863 1181 920 emissionem
1215 863 1426 926 tribuit,
1487 863 1582 918 lib.
1625 879 1686 926 ιι,

116 953 527 1012 Psammeticho
551 955 686 1026 regi,
720 957 812 1026 qui
844 957 1030 1012 multis
1053 964 1175 1026 post
1209 955 1498 1011 Sesostrim
1531 957 1688 1011 annis

118 1049 256 1103 vixit
282 1067 295 1102 :
337 1047 707 1119 Ψαμμητίχου
734 1048 791 1101 δὲ
812 1045 1003 1111 Νεκὼς
1034 1049 1164 1110 παῖς
1190 1048 1424 1116 ἐγένετο,
1448 1049 1542 1102 καὶ
1560 1047 1687 1101 ἐϐα-

119 1139 301 1192 σίλευε
333 1137 630 1208 Αἰγύπτου,
669 1138 727 1202 ὃς
761 1141 826 1210 τῇ
859 1137 1080 1211 διώρυχι
1109 1139 1432 1210 ἐπεχείρησε
1475 1139 1688 1211 πρῶτος

113 1232 184 1302 τῇ
228 1232 311 1294 εἰς
350 1229 612 1302 Ἐρυθρὰν
650 1229 920 1284 θάλασσαν
962 1230 1218 1304 φερούσῃ,
1266 1231 1362 1302 τὴν
1399 1234 1620 1304 Δαρεῖος
1659 1234 1688 1285 ὁ

117 1323 339 1393 Πέρσης
366 1323 595 1394 δεύτερα
630 1321 879 1394 διώρυξε.
911 1321 1055 1378 Idem
1101 1322 1332 1378 habetur
1379 1325 1518 1394 apud
1553 1325 1686 1378 Dio-‘

115 1410 331 1466 dorum.
390 1409 546 1467 Unde
591 1410 868 1466 immerito
917 1411 1336 1481 reprehenditur
1383 1430 1412 1467 a
1467 1413 1685 1468 Pererio

117 1501 360 1557 Basilius
397 1501 565 1556 veluti
613 1502 873 1557 memoria
927 1502 1135 1573 lapsus,
1175 1512 1268 1557 aut
1293 1505 1544 1559 mendum
1566 1505 1685 1576 ejus

116 1594 346 1663 scriptis
374 1593 590 1649 aliunde
617 1593 920 1664 irrepsisse.

174 1684 297 1739 Col.
325 1684 452 1750 7l2,
472 1685 568 1738 lin.
596 1684 684 1738 55.
713 1685 822 1739 Καὶ
837 1685 924 1754 μὴ
954 1684 1072 1740 ἀπὸ
1092 1686 1312 1753 ταύτης
1331 1684 1549 1755 ἄλλην.
1580 1686 1683 1740 Ba-

1789 495 1938 550 bium
1988 497 2356 552 Saturnalium
2398 498 2493 554 lib.
2543 513 2643 564 vn,
2687 498 2946 568 Plinium,
3001 501 3359 576 Pomponium

1790 589 2006 658 Melam,
2040 591 2312 658 Solinum,
2339 591 2685 658 Strabonem,
2711 604 2764 650 et
2795 596 2953 652 alios.

1859 683 2024 751 lbid.,
2074 684 2173 739 lin.
2223 686 2275 738 7.
2310 686 2394 738 Οὐ
2435 685 2506 739 τὰ
2548 689 2808 755 τυχόντα
2848 686 2917 740 δὲ
2952 687 3072 745 τῶν
3104 690 3358 747 ὑδάτων.

1790 773 1989 830 Fusius
2017 775 2121 829 hoc
2155 775 2298 830 idem
2321 773 2555 831 Basilius
2591 775 2738 832 hom.
2791 777 2825 831 4
2859 797 2873 833 :
2913 779 2988 831 Οὑ
3036 779 3144 850 γὰρ
3191 781 3361 851 δήπου

1788 870 1884 921 καὶ
1913 868 1980 921 τὰ
2006 868 2349 939 τελματιαῖα,
2403 869 2497 923 καὶ
2539 870 2608 922 τά
2640 869 2699 934 ὲξ
2744 869 2965 941 ὖμϐρων
3010 871 3389 945 συναθροιζό-’

1791 977 1925 1030 μενα
1957 960 2250 1031 προφέρειν
2295 961 2424 1031 ἡμῖν
2467 959 2756 1028 ὀφείλουσι,
2786 961 2880 1014 καὶ
2917 960 3004 1014 δεά
3033 962 3238 1016 τούτων
3270 965 3363 1017 τὸν

1787 1053 1944 1122 λόγον
1991 1053 2148 1124 ἡμῶν
2197 1053 2444 1123 ἐλέγχειν
2488 1052 2726 1105 οἴεσθαιο
2761 1051 2896 1105 ἀλλὰ
2932 1053 3030 1123 τὴν
3074 1056 3361 1126 μεγίστην,

1786 1148 1882 1200 καὶ
1909 1144 2560 1217 τελεωτάτην-συνδρομὴν
2576 1144 2684 1197 τῶν
2715 1146 2919 1200 ὑδάτων
2942 1145 3194 1218 ὠνόμασε
3228 1166 3359 1203 συν--

1787 1236 2006 1308 αγωγὴν
2065 1238 2214 1308 μίαν.
2248 1238 2357 1290 Καὶ
2389 1237 2497 1308 γὰρ
2542 1237 2608 1290 τὰ
2642 1237 2849 1307 φρέατα
2880 1241 3191 1307 συναγωγαὶ
3231 1241 3361 1295 ὑδά-
3405 1306 3411 1317 ι

1784 1349 1892 1386 των
1922 1333 2027 1386 εἰσὶ
2054 1332 2438 1404 χειροποίητοι,
2488 1333 2580 1385 καὶ
2611 1333 2672 1385 τὸ
2712 1331 2990 1386 κοιλανθὲν
3014 1335 3112 1405 τῆς
3139 1336 3242 1406 γῆς
3259 1337 3359 1407 τῆς

1784 1421 2194 1493 ὲνεσπαρμένης
2225 1421 2424 1482 νοτίδος
2451 1421 2828 1492 ἐπιρρεούσης.
2860 1422 2933 1474 Οὑ
2966 1423 3143 1474 τοίνυν
3174 1424 3240 1476 τὰ
3265 1441 3358 1477 τυ·-

1783 1511 1945 1582 χόντα
1975 1511 2083 1564 τῶν
2112 1510 2317 1564 ὑδάτων
2343 1509 2687 1582 ἀθροίσματα
2715 1512 2749 1580 ἡ
2784 1511 2882 1581 τῆς
2908 1513 3224 1584 συναγωγῆς
3257 1515 3356 1585 έμ-

1785 1602 1962 1673 φαίνει
1985 1601 2343 1674 προσηγορία,
2364 1600 2500 1654 ἀλλὰ
2526 1600 2623 1671 τὴν
2646 1600 2931 1671 ἐξέχουσαν
2955 1603 3047 1656 καὶ
3071 1604 3350 1677 μεγίστην,

1783 1699 1842 1750 ἒν
1871 1689 1906 1768 ᾖ
1936 1698 2044 1750 πᾶν
2063 1695 2126 1748 τὸ
2157 1698 2416 1765 στοιχεῖον
2463 1694 2655 1764 ἀθρόον
2681 1694 3062 1751 διαδείκνυται.
3097 1690 3166 1751 Ut
3206 1699 3352 1752 enim

115 1776 276 1831 silius
302 1776 453 1831 hom.
487 1761 521 1830 ι
552 1794 566 1831 :
603 1776 886 1829 Τουτέστιν
914 1776 1046 1847 άλλη
1085 1777 1192 1831 ἀπὸ
1213 1777 1415 1849 ταύτης
1442 1778 1516 1849 μὴ
1551 1780 1675 1832 ἀπο-

1787 1794 1998 1842 vastam
2037 1788 2185 1841 illam
2216 1787 2383 1842 maris
2415 1787 2610 1840 molem
2657 1785 2909 1849 ediceret,
2942 1802 3050 1841 non
3093 1805 3352 1858 quamin-

113 1867 430 1939 γενηθήτω,
450 1865 563 1921 ἀλλ’
592 1868 650 1922 ὲν
680 1869 746 1939 τῇ
781 1866 971 1940 πρώτῃ
1005 1867 1230 1940 συλλογῇ
1261 1870 1605 1940 ἀπομεινάτω
1628 1871 1688 1924 τὸ

114 1959 501 2030 συναγόμενον.

183 2053 356 2117 lbid.,
387 2053 483 2107 lin.
511 2050 601 2106 56.
632 2049 837 2106 IIon
868 2051 978 2120 γὰρ
1019 2045 1119 2121 ἦν.
1150 2049 1385 2106 Basilius
1416 2052 1561 2107 hom.
1605 2054 1640 2108 4
1667 2074 1681 2109 :

115 2145 360 2198 Ἔπειτα
383 2145 412 2196 ὁ
441 2141 609 2197 εἰπὼν
628 2141 955 2212 συναχθῆναι
979 2140 1048 2194 τὰ
1068 2141 1236 2196 ὑδατα
1260 2145 1338 2207 εἰς
1367 2146 1686 2218 συναγωγὴν

114 2237 270 2307 μίαν,
307 2234 474 2300 ἔδειξε
513 2253 614 2298 σοι,
651 2235 732 2288 ὅτι
771 2233 939 2286 πολλὰ
969 2229 1036 2305 ἦν
1057 2235 1196 2289 κατὰ
1237 2235 1462 2299 πολλοὺς
1488 2238 1686 2302 τόπους

110 2327 508 2403 διῃρημένα,τά
537 2325 720 2380 ῦδατα.
753 2326 822 2379 Αἵ
842 2343 902 2378 τε
943 2325 1052 2397 γὰρ
1075 2326 1182 2380 τῶν
1215 2327 1354 2399 ὁρῶν
1380 2329 1687 2401 κοιλότητες

111 2418 362 2488 φάραγξι
411 2416 651 2486 βαθείαις
694 2416 1103 2488 ὑπερῥηγμέναι
1142 2413 1285 2489 εἶχον
1331 2419 1436 2472 τῶν
1480 2419 1685 2473 ὑδάτων

108 2512 215 2582 τὴν
253 2509 534 2580 συλλογήν.
579 2509 658 2563 Ex
691 2509 890 2579 quibus
940 2510 1060 2564 loco
1099 2509 1226 2564 huic
1270 2511 1461 2566 mutilo
1509 2527 1685 2568 reme-

107 2599 296 2665 dium,
343 2599 413 2653 ita
443 2601 588 2655 enim
621 2601 848 2655 restitue
883 2621 897 2655 :
927 2600 1104 2655 Πολλὰ
1151 2597 1244 2656 οῦν
1285 2602 1425 2656 κατὰ
1458 2603 1686 2668 πολλοὺς

105 2691 315 2755 τόπους
342 2691 639 2765 διῃρημένα
671 2691 740 2746 τά
767 2692 950 2746 ὕδατα.
978 2695 1046 2747 Δί
1063 2711 1122 2747 τε
1151 2694 1259 2766 γάρ
1279 2696 1387 2750 τῶν
1413 2696 1554 2768 ὀρῶν
1580 2714 1686 2751 κοι-

107 2783 338 2856 λότητες
381 2778 522 2854 εἰχον
566 2783 673 2837 τῶν
712 2783 917 2838 ὑδάτων
944 2786 1040 2856 τὴν
1073 2786 1336 2858 συλλογὴν
1371 2789 1463 2842 καὶ
1497 2790 1550 2843 αί
1577 2789 1682 2859 φά-

110 2895 343 2950 Fam:-

176 2968 298 3021 Col.
336 2964 459 3028 715,
491 2965 585 3020 lin.
616 2966 669 3020 3.
707 2965 852 3033 Τοὺς
883 2969 1150 3035 κόλπους
1187 2970 1485 3039 σημαίνει.
1530 2971 1685 3028 Βοείο

107 3062 218 3115 lius
253 3061 404 3113 hom.
426 3057 461 3111 ii
485 3075 500 3113 :
531 3059 610 3110 Τὰ
630 3058 688 3110 δὲ
718 3062 1036 3131 συστήματα
1051 3060 1158 3114 τῶν
1182 3061 1410 3128 ὑδάτων,
1435 3065 1680 3120 τουτέστι

105 3155 234 3216 τοὺς
264 3152 499 3214 κόλπους
536 3150 661 3214 τοὺς
692 3151 835 3204 κατὰ
877 3153 1005 3207 ἴδιον
1038 3155 1220 3226 σχῆμα
1265 3156 1368 3209 ὑπὸ
1391 3157 1489 3228 τῆς
1527 3175 1681 3230 περι-

104 3245 374 3314 κειμένης
425 3242 528 3313 γῆς
582 3241 1024 3312 ἀπολειφθέντας,
1077 3243 1348 3310 θαλάσσας
1397 3249 1425 3300 ὁ
1478 3247 1680 3320 Κύριος

106 3333 524 3407 προσηγόρευσε
547 3350 562 3364 ·
595 3332 834 3386 θάλασσα
885 3334 1120 3405 Βόρειος,
1171 3335 1413 3391 θάλασσα
1453 3338 1676 3404 Νότιος,

114 3426 266 3498 Ἐᾡα
291 3426 558 3488 θάλασσα,
589 3426 683 3479 καὶ
724 3426 984 3496 Ἑσπερία
1025 3425 1187 3479 πάλιν
1215 3428 1394 3498 ἑτέρα.
1431 3428 1539 3482 Καὶ
1561 3429 1678 3482 ὀνό-

105 3536 263 3591 ματα
298 3518 407 3571 τῶν
453 3516 701 3586 πελαγῶν
737 3516 998 3582 ἰδιάζοντα
1049 3519 1248 3583 Πόντος
1282 3518 1550 3586 Εὔξεινος,
1583 3522 1677 3577 καί⁹

99 3612 468 3685 Προπόντιος,
537 3610 952 3681 Ἑλλήσποντος,
1013 3612 1236 3681 Αἰγαῖος
1288 3613 1382 3667 καὶ
1458 3613 1636 3679 Ἰόνιος
1661 3653 1677 3681 ,

98 3706 438 3776 Σαρδονικὸν
495 3705 758 3776 πέλαγος,
809 3707 905 3760 καὶ
953 3705 1259 3770 Σικελικὸν,
1317 3707 1411 3760 καὶ
1470 3708 1682 3780 Τυρρη-

97 3798 265 3850 νικδν
321 3796 540 3868 ἕτερον,
594 3797 688 3850 καὶ
733 3796 900 3867 μυρία
942 3813 1006 3865 γε
1049 3796 1287 3867 ὀνόματα
1337 3796 1608 3866 πελαγῶν,
1642 3799 1678 3853 ἃ

99 3886 328 3958 μικρὸν
351 3885 414 3939 ἃν
440 3886 525 3957 εἴη
554 3886 647 3940 καὶ
666 3886 1052 3957 ἀπειροκαλίας
1081 3887 1274 3958 μεστὸν
1303 3886 1370 3940 δι’
1399 3888 1679 3962 ἀκριϐείας

95 3982 624 4053 ἁπαριθμήσασθαι.
670 3982 965 4054 Gregorius
1007 3984 1240 4054 Cyprius
1283 3984 1338 4038 in
1366 3977 1538 4038 Maris
1587 4000 1679 4037 en-

97 4076 282 4129 comio
307 4073 586 4138 εΚόλπους
627 4075 724 4146 μὲν
756 4075 1049 4139 πολυειδεῖς
1077 4075 1458 4137 ἀναλίσσουσα,
1482 4077 1679 4146 νήσους

93 4170 152 4222 δὲ
193 4164 268 4222 αὖ
294 4170 360 4221 ὲκ
395 4168 563 4240 μέσης
593 4167 793 4240 μικράς
828 4168 924 4221 καὶ
953 4166 1168 4238 μείζους
1209 4167 1550 4232 ἀναδιδοῦσα,
1585 4167 1679 4221 καὶ

94 4260 394 4334 πορθμοὺς
425 4260 483 4314 ὲν
534 4258 702 4330 στενῷ
729 4259 808 4323 εἰς
851 4259 1011 4330 μέσον
1051 4259 1332 4332 διήκοντας
1375 4259 1680 4333 ἀπεργαζο-

97 4355 276 4424 μένη,
318 4351 403 4416 τίς
429 4351 496 4407 ἂν
525 4351 681 4420 λόγος
713 4348 948 4424 μετρίως
976 4352 1149 4405 εἰπεῖν
1187 4352 1507 4424 ἀποχρήσοι.
1548 4350 1680 4418 Qum

1788 1892 1894 1949 que
1925 1894 2034 1942 res,
2068 1879 2162 1934 sed
2204 1877 2459 1948 grandes,
2489 1886 2543 1932 et
2585 1878 2864 1932 immensae
2913 1879 3352 1947 requirebantur.

1787 1970 1925 2037 Quid
1971 1969 2115 2026 stilla
2160 1968 2227 2023 ad
2258 1978 2464 2024 tantam
2517 1983 2783 2038 aquarum
2830 1968 3196 2023 illuviem?Et
3242 1971 3356 2026 haec

1785 2061 2058 2117 sententia
2107 2060 2208 2114 fuit
2256 2061 2417 2116 etiam
2472 2059 2639 2113 Arist.
2692 2059 2784 2112 lib.
2839 2072 2876 2112 ll
2920 2057 3139 2115 Meteor.
3180 2059 3356 2130 Atque

1784 2152 1970 2208 omnia
2008 2152 2226 2222 quidem
2256 2152 2451 2217 maria,
2481 2161 2632 2206 extra
2672 2165 2888 2205 omnem
2925 2153 3352 2206 controversiam

1781 2256 1908 2298 cum
1939 2242 2157 2298 Oceano
2203 2243 2466 2297 continua
2506 2249 2655 2306 sunt,
2694 2250 2890 2311 praeter
2916 2255 3068 2295 mare
3095 2239 3353 2310 Caspium

1782 2334 1851 2389 de
1877 2349 1987 2404 quo
2011 2348 2119 2388 non
2151 2333 2285 2389 satis
2308 2332 2564 2396 convenit
2594 2333 2738 2386 inter
2766 2340 3040 2388 auctores.
3331 2373 3334 2376 ι

1854 2425 2013 2489 lbid.,
2064 2427 2159 2482 lin.
2228 2427 2310 2480 ll.
2358 2427 2582 2493 Ὥσπερ
2635 2424 2745 2494 γὰρ
2797 2424 2865 2478 τὸ
2916 2424 3056 2493 πῦρ.
3118 2423 3355 2480 Basilius

1780 2517 1931 2573 hom.
1961 2518 2033 2572 ιι
2070 2518 2281 2587 Ὠσπερ
2325 2515 2433 2589 γὰρ
2470 2515 2532 2568 τὸ
2573 2515 2686 2586 πῦρ
2721 2515 2814 2568 καὶ
2863 2517 2942 2578 εἰς
2969 2515 3141 2586 μικρά
3182 2533 3354 2570 κατα-

1780 2609 2214 2682 κερματισμένον
2240 2610 2387 2662 ἐστὶν
2408 2607 2501 2662 ἐπὶ
2529 2608 2630 2680 τῆς
2677 2601 2780 2660 ὧδε
2807 2609 3017 2678 χρείας,
3050 2610 3143 2663 καὶ
3162 2610 3356 2681 ἀθρόον

1787 2699 1883 2751 ἐπὶ
1908 2699 2001 2752 τοῦ
2023 2698 2236 2770 αἰθέρος
2259 2698 2504 2767 κέχυται·
2535 2698 2628 2750 καὶ
2644 2697 2672 2748 ὁ
2701 2697 2834 2767 Ἀὴρ
2854 2697 3106 2768 διῄρηται
3137 2700 3233 2768 μὲν
3263 2699 3357 2752 καὶ

1779 2791 1920 2846 κατά
1945 2791 2115 2862 μικρά
2135 2791 2228 2844 καὶ
2245 2789 2310 2842 ao
2319 2789 2455 2860 ρόως
2474 2789 2532 2842 δὲ
2563 2775 2655 2844 τὸν
2675 2790 2865 2861 περίγε
2875 2806 2950 2843 ιον
2967 2791 3101 2843 ὲκπε
3109 2808 3191 2861 ριε
3201 2791 3357 2863 ίληφε

1779 2880 1942 2934 τόπον
1961 2897 1974 2910 θ
1990 2879 2132 2932 οὑτω
2146 2881 2242 2932 καὶ
2258 2878 2347 2931 ἐπὶ
2363 2875 2458 2931 τοῦ
2476 2877 2690 2942 ὓδατος,
2710 2880 2757 2930 εἰ
2777 2881 2872 2932 καὶ
2893 2880 3240 2952 μικραίτινές
3251 2882 3356 2935 εἰσι

1780 2959 2102 3041 διῄρημέναι
2147 2970 2456 3035 συστάσεις,
2493 2968 2629 3023 ἀλλὰ
2673 2970 2771 3041 μία
2800 2986 2863 3038 γε
2909 2972 3202 3043 συναγωγὴ
3234 2973 3266 3044 ή
3296 2972 3359 3026 τὸ

1781 3059 1899 3114 ὅλον
1932 3060 2189 3128 στοιχεῖον
2220 3057 2328 3111 τῶν
2375 3056 2578 3112 λοιπῶν
2625 3060 2989 3131 ἀποκρίνασα.
3045 3060 3170 3116 "me
3213 3063 3356 3133 ignis

1782 3149 2105 3213 similitudo,
2137 3148 2389 3218 quamvis
2427 3165 2541 3204 rem
2572 3149 2640 3204 de
2672 3165 2780 3219 qna
2817 3160 3000 3205 sermo
3020 3159 3103 3206 est
3134 3152 3358 3207 institu-

1781 3252 1869 3297 tus
1896 3240 2181 3296 commode
2221 3241 2476 3310 explicet,
2509 3255 2618 3294 non
2656 3242 2838 3296 tamet:
2869 3239 2924 3294 in
2951 3243 3210 3299 omnibus
3239 3243 3355 3300 suis

1780 3333 2025 3404 partibus
2058 3346 2181 3388 esse
2205 3347 2390 3387 veram
2425 3333 2738 3402 opinamur.
2768 3331 2939 3402 Aquae
2970 3348 3206 3404 namque
3232 3351 3356 3406 quas

1779 3423 1835 3478 in
1866 3423 2177 3494 paludibus,
2213 3423 2462 3488 lacubus,
2503 3423 2732 3492 aliisque
2769 3424 2904 3481 locis
2943 3425 3176 3491 ﬂuitant,
3208 3428 3354 3496 ejus-

1779 3513 1902 3570 dem
1935 3521 2063 3571 sunt
2098 3514 2330 3570 rationis
2358 3523 2413 3570 et
2455 3525 2664 3570 natura
2701 3521 2825 3570 cum
2850 3516 3122 3572 elemento
3154 3535 3352 3590 aqueo.

1779 3615 1834 3663 et
1867 3609 1922 3662 in
1965 3607 2078 3664 ullo
2120 3607 2228 3663 alio
2253 3606 2360 3662 nisi
2393 3608 2534 3672 loco,
2575 3623 2791 3677 sapore,
2815 3605 2883 3665 'et
2922 3611 3167 3681 pondere
3198 3614 3352 3670 diﬂ‘e-

1780 3709 1952 3768 runt;
1983 3699 2127 3773 ignis
2165 3707 2348 3754 autem
2382 3715 2491 3771 quo
2527 3700 2732 3755 utimur
2760 3715 2861 3756 nos
2891 3701 3033 3756 infra
3074 3703 3350 3776 regionem

1780 3795 1922 3846 aeris
1953 3805 2064 3845 non
2099 3799 2184 3847 est
2213 3791 2459 3860 ejusdem
2489 3789 2676 3846 forma:
2713 3806 2838 3846 cum
2887 3793 2981 3847 illo
3011 3793 3348 3862 elementari,

1780 3897 1906 3937 cum
1947 3889 2135 3937 noster
2177 3883 2444 3953 impurior
2479 3883 2552 3938 sit
2585 3891 2639 3938 et
2667 3883 2931 3950 crassior,
2961 3893 3015 3938 et
3041 3885 3164 3941 ideo
3192 3885 3352 3941 luml-

1779 3975 1987 4038 nosior,
2017 3988 2120 4029 nec
2164 3974 2311 4028 illam
2347 3975 2646 4031 siccitatem
2685 3982 2741 4030 et
2779 3976 3018 4031 calorem
3052 3977 3106 4032 in
3154 3994 3212 4034 se
3254 3978 3353 4033 ha-

1777 4064 1889 4132 bet,
1923 4081 2084 4136 quem
2130 4066 2272 4138 ignis
2307 4066 2675 4132 elementaris,
2711 4067 2806 4123 sed
2838 4067 2996 4137 longe
3017 4067 3232 4125 diversa
3262 4085 3351 4124 ra-

1778 4157 1927 4214 tione
1957 4158 2132 4222 ardet,
2167 4168 2219 4214 et
2245 4159 2539 4224 comburit,
2587 4173 2830 4229 suosque
2859 4168 3080 4230 praestat
3101 4159 3348 4217 effectus.

1848 4247 2010 4316 lbid.,
2053 4251 2150 4306 lin.
2200 4251 2288 4307 15.
2332 4249 2501 4320 Hirri]
2547 4248 2656 4321 γάρ
2693 4251 2826 4304 ἐστι
2867 4250 2977 4319 τῆς
3033 4251 3165 4320 περί
3209 4252 3346 4322 γῆν.

1779 4338 1979 4396 Eadem
2012 4340 2176 4397 habet
2201 4340 2435 4396 Basilius
2461 4339 2607 4396 hom.
2629 4340 2686 4404 4,
2714 4347 2770 4396 ct
2799 4337 3092 4410 Gregorius
3116 4340 3350 4412 Cyprius

93 4445 298 4502 omnia
351 4443 750 4516 elegantissime
798 4440 1089 4514 Dionysius
1142 4442 1541 4499 Alexandrinus
1598 4442 1675 4497 De

1785 4435 1837 4488 in
1852 4431 2025 4487 Maris
2043 4433 2276 4488 encomio
2293 4449 2312 4488 :
2336 4434 2532 4520 Μήτηρ
2553 4432 2610 4486 δὲ
2627 4431 2720 4486 τοῦ
2737 4432 2938 4496 παντὸς
2963 4433 3172 4499 ὓδατος,
3185 4451 3351 4505 προσ·

91 4539 216 4592 εἱιιι
248 4535 412 4599 orbis,
435 4549 555 4606 qua:
582 4535 712 4606 quia
741 4533 1130 4590 Commentarii
1157 4533 1278 4589 loco
1296 4549 1420 4591 esse
1447 4542 1680 4605 possunt

92 4646 222 4686 non
257 4627 529 4700 gravabor
559 4627 835 4684 ascribere
858 4645 872 4682 :

164 4738 384 4808 Πάντη
421 4739 474 4793 δ’
504 4735 810 4808 dmutith
848 4738 1082 4808 φέρεται
1101 4739 1248 4807 ῥόος
1271 4738 1554 4808 ὠκεανοῖο

164 4757 384 4808 ιιαντη
421 4757 472 4793 0'
504 4757 810 4808 ακαματου
892 4757 1082 4807 ερεται
1101 4757 1248 4807 ροος
1271 4757 1554 4792 texe-arato

89 4808 212 4877 Εἰς
239 4810 363 4879 μέν
386 4809 520 4876 ἐὼν,
550 4807 818 4878 πολλῇσι
837 4757 890 4862 ἔ
925 4810 1335 4879 ἐπωνυμίῃσιν
1355 4806 1603 4876 ἀρηρώς.

93 4878 269 4935 Ἤτοι
297 4883 333 4934 ὀ
354 4880 470 4948 μὲν
494 4879 735 4949 λοκροῖο
771 4881 908 4948 παρ’
945 4878 1237 4949 ἐσχατιὴν
1266 4879 1532 4948 ζεφύροιο

90 4953 340 5015 Ἄτλας
366 4950 642 5019 ἑσπέριος
671 4949 1061 5016 κικλήσκεται
1081 4966 1092 4979 ο
1122 4949 1309 5019 αὐτὰρ
1340 4950 1593 5016 ὕπερθεν

83 5021 264 5092 Πρὸς
279 5020 525 5089 βορέην,
553 5022 653 5092 ἵνα
671 5019 876 5084 παῖδες
895 5019 1254 5089 ἀρειμανέων
1286 5019 1672 5092 Ἀριμασπῶν,

84 5091 345 5147 Πόντον
365 5109 492 5160 tm:
504 5091 789 5146 καλέουσι
825 5093 1129 5160 πεπηγότα
1163 5106 1245 5149 τε.
1282 5091 1524 5160 κρόνιόν
1550 5106 1634 5143 τε.

86 5164 322 5226 ῗΑλλοι
338 5157 388 5214 δ’
416 5157 494 5218 αὗ
512 5161 610 5232 καί
624 5161 841 5232 νεκρὰν
852 5157 1176 5232 agamagam
1188 5157 1382 5232 οὕνεκ’
1403 5159 1674 5228 ἀφαυροῦ

96 5233 376 5301 Ἠελίου.
406 5229 660 5300 Βράδιον
678 5229 790 5301 γὰρ
820 5229 994 5299 ὑπεὶρ
1022 5231 1140 5286 ἅλα
1169 5231 1283 5296 τήν
1318 5232 1386 5284 δε
1424 5231 1670 5299 φαείνει,

79 5303 225 5357 Alei
240 5371 245 5372 γ
259 5300 333 5354 δὲ
364 5303 656 5372 σκιεροῒσι
679 5300 1006 5372 παχύνεται
1027 5303 1097 5356 ἐν
1118 5301 1469 5372 νεφέλῃσιν.

83 5371 301 5442 Αὐτὰρ
341 5372 428 5426 ὅθι
451 5371 1077 5442 πρώτισταίφαείνεται
1101 5371 1505 5442 ᾀ-νθρώποισιν

97 5439 302 5514 lucio}
323 5439 614 5514 καλέουσι
644 5442 742 5514 καί
779 5439 1039 5497 Ἰνδικὸν
1064 5439 1238 5512 οἶδμα
1265 5442 1600 5514 θαλάσσης.

88 5513 274 5581 Ἀγχι
307 5512 362 5565 δ’
403 5511 749 5580 Ἐρυθραῐόν
775 5531 858 5577 τε,
880 5513 977 5565 καὶ
1006 5513 1306 5568 Αἰθιόπων
1341 5511 1672 5566 καλέουσιν

82 5585 251 5650 Πρὸς
281 5584 486 5637 νότον.
525 5585 711 5637 Ἔνθα
747 5583 815 5638 δὲ
859 5583 1086 5650 πολλὸς
1132 5581 1411 5723 ἀοικήτοῖ
1450 5584 1672 5707 yﬂl‘g’dc

1395 5668 1472 5707 αυ

1395 5653 1602 5707 αὐλὼν

87 5723 466 5794 ἐκτέταται,
502 5724 813 5796 μαλεροῒσι
843 5721 1206 5795 κεκαυμένος
1240 5721 1559 5791 ἠελίοισιν.

1777 4525 1976 4582 κείσθω
2023 4526 2080 4580 δὲ
2135 4525 2230 4580 καὶ
2272 4525 2470 4589 παντὸς
2504 4525 2672 4598 ὑγροῦ
2703 4523 2972 4579 θάλασσα·
3002 4525 3244 4596 εὑδηλον,
3273 4526 3349 4589 ὡς

1777 4619 1870 4672 καὶ
1899 4617 2102 4672 τούτων
2121 4619 2220 4673 οὑκ
2243 4618 2376 4690 άλλη
2407 4636 2490 4682 τις
2505 4618 2650 4672 αἰτία
2675 4619 2735 4672 τὸ
2761 4619 2924 4690 μέρος
2958 4616 3130 4682 τοῦτο,
3159 4619 3241 4671 ὅτι
3272 4619 3346 4690 μὴ

1777 4710 2044 4766 θάλασσα’
2081 4713 2140 4765 οὑ
2173 4711 2236 4784 δὴ
2271 4713 2407 4783 μόνα
2441 4710 2615 4765 ταῦτα
2644 4713 2742 4783 τὴν
2775 4710 2969 4782 ὑγρὰν,
3001 4711 3077 4774 ὡς
3115 4712 3343 4782 μητέρα,

1776 4803 1916 4857 κατά
1946 4803 2036 4858 τὸν
2069 4805 2357 4876 εἰρημένον
2397 4804 2656 4875 κέκτηται
2697 4805 2916 4873 τρόπον.

1847 4895 2004 4959 11)ἰ‹1.,
2035 4897 2132 4952 lin.
2162 4898 2248 4951 l7.
2279 4897 2387 4950 Kal
2422 4896 2590 4951 πᾶσα
2613 4885 2650 4964 ἡ
2686 4897 2761 4966 γῆ
2791 4899 3114 4965 ὑπόνομος.
3152 4893 3345 4950 Fusior

1775 4987 2007 5045 Basilius
2040 4990 2183 5044 hom.
2205 4990 2239 5044 4
2265 5008 2278 5043 :
2310 4989 2530 5060 Πρῶτον
2558 4989 2655 5059 μὲν
2689 4989 2770 5041 ὅτι
2801 4989 2948 5059 πηγὴ
2977 4988 3075 5058 τῆς
3101 4988 3227 5059 περὶ
3242 4987 3345 5058 γῆν

1775 5080 1992 5153 ἀπάσης
2013 5080 2212 5144 νοτίδος
2233 5080 2349 5133 ἐστὶ
2369 5078 2431 5132 τὸ
2453 5078 2552 5148 τῆς
2577 5078 2850 5150 θαλάσσης
2874 5078 3037 5151 ὕδωρ,
3063 5078 3221 5132 τοῦτο
3245 5079 3343 5150 μὲν

1773 5178 1831 5229 ὲν
1852 5178 1962 5240 τοῖς
1997 5173 2224 5244 ἀφανέσι
2267 5173 2452 5245 πόροις
2483 5172 2865 5244 διαδιδόμενον,
2895 5163 2969 5237 ὡς
3005 5172 3254 5244 δηλοῦσιν
3284 5174 3341 5225 αἰ

1775 5266 2074 5339 σομφώδεις
2103 5265 2210 5320 τῶν
2229 5263 2493 5336 ἠπείρων,
2518 5265 2612 5318 καὶ
2632 5264 2910 5336 ὑπαντροι,
2935 5265 3022 5334 ὑφ’
3052 5265 3118 5328 ἃς
3148 5267 3180 5334 ἡ
3207 5265 3342 5336 ῥοώ-

1771 5360 1868 5429 δης
1907 5358 2326 5421 διαυλωνίζουσα
2385 5355 2647 5420 θάλασσα,
2697 5356 2914 5409 ἐπειδὰν
2967 5356 3205 5419 σκολιαῖς
3248 5357 3341 5410 καὶ

1772 5450 1909 5520 πρὸς
1942 5446 2003 5501 τὸ
2052 5446 2232 5518 ὄρθιον
2278 5445 2606 5518 φερομέναις
2655 5443 3011 5516 ἐναπολειφθῇ
3061 5446 3337 5513 διεξόδοις,

1771 5534 1876 5593 ὑπὸ
1901 5539 1993 5593 τοῦ
2015 5539 2295 5603 κενοῦντος
2325 5538 2492 5610 αὑτὴν
2519 5537 2825 5608 πνεύματος
2866 5537 3144 5610 ὠθουμένη
3179 5537 3341 5610 φέρε-

1769 5647 1858 5684 ται
1889 5628 1992 5696 ἔξω
2015 5629 2114 5701 τὴν
2145 5629 2467 5698 ἐπιφάνειαν
2501 5625 2858 5700 διαρρήξασα,
2892 5628 2988 5681 καὶ
3016 5627 3223 5695 γίνεται
3243 5626 3340 5679 πό-

1771 5739 1926 5794 τιμος
1958 5723 2020 5778 ἐκ
2044 5722 2141 5786 τῆς
2167 5720 2466 5794 διηθήσεως
2503 5719 2564 5774 τὸ
2597 5720 2792 5791 πικρὸν
2845 5720 3069 5776 ἱαθεῖσα.
3105 5720 3244 5791 Ἤδη
3281 5717 3341 5772 δὲ
