3924 6968
1998 267 2249 328 LEONIS
2286 270 2565 330 ALLATII
3725 292 3798 346 8l0

669 380 761 433 καὶ
810 379 1142 451 θερμοτέρας
1191 379 1254 432 ἐκ
1307 379 1580 450 μετάλλων
1619 382 1902 454 ποιότητος
1937 385 2078 438 κατὰ
2134 385 2213 457 sip

2335 402 2565 458 corpora
2597 388 2740 443 enim
2784 387 3129 445 elementaria
3169 399 3374 447 natura:
3418 393 3526 464 lege
3585 404 3716 468 atque
3739 418 3796 458 of.

666 468 895 535 διέξοδον
924 466 1300 539 προσλαϐοῦσα
1330 471 1392 522 ὲκ
1415 469 1515 539 τῆς
1544 471 1711 543 αὐτῆς
1735 473 1830 526 τοῦ
1854 473 2127 539 κινοῦντος
2150 479 2233 529 αἱ·

667 561 786 622 τίας
808 559 1000 623 ζέουσα
1020 560 1225 629 γίνεται
1247 561 1322 624 ὡς
1347 561 1412 615 τὰ
1437 562 1628 623 πολλὰ.
1653 565 1748 618 καὶ
1766 566 2035 639 πυρώδης
2058 569 2231 642 Ὅπερ

667 650 932 721 πολλαχοῦ
959 652 1055 721 μὲν
1073 651 1182 705 τῶν
1208 654 1405 724 νήσων,
1439 654 1704 726 πολλαχοῦ
1732 657 1788 710 δὲ
1816 657 1924 710 τῶν
1955 659 2234 730 παραλίων

663 742 841 797 τόπων
869 742 1075 806 ἔξεστιν
1103 745 1414 816 ἱστορῆσαι·
1446 746 1642 814 ὃπουγε
1675 750 1766 802 καὶ
1798 751 1937 803 κατὰ
1979 752 2078 822 τὴν
2138 771 2233 824 με-

665 834 870 902 σόγειον
906 834 1060 887 τόποι
1101 837 1244 899 τινὲς
1272 837 1380 890 τῶν
1413 841 1687 910 ποταμίων
1723 842 1927 895 ὑδάτων
1971 844 2229 910 γείτονες,

663 925 738 988 ὼς
769 925 938 996 μικρὰ
965 926 1216 996 μεγάλοις
1239 929 1471 992 εἰκάσαι,
1491 929 1555 982 τὰ
1569 930 1917 1001 παραπλήσια
1942 932 2228 1002 πάσχουσι.

662 1017 808 1087 Πρὸς
832 1014 923 1069 οὖν
946 1018 998 1070 τί
1024 1017 1182 1070 τοῦτο
1209 1018 1423 1090 εἴρηταί
1455 1037 1578 1090 μοις
1607 1022 1724 1074 Ὀτι
1766 1025 1914 1076 πᾶσα
1959 1025 2229 1094 ὑπόνομός

661 1108 808 1160 ἐστιν
837 1111 869 1178 ἡ
895 1109 967 1179 γῆ
987 1109 1073 1162 διὰ
1104 1111 1284 1180 πόρων
1319 1111 1536 1179 ἀφανῶν
1557 1114 1620 1164 ἐκ
1650 1113 1756 1166 τῶν
1784 1114 1966 1184 ἀρχῶν
1995 1115 2095 1184 τῆς
2135 1115 2232 1169 01-

663 1199 868 1268 λάσσης
897 1201 1312 1265 ὑπονοστοῦντος
1357 1202 1451 1255 τοῦ
1486 1203 1693 1267 ὓδατος.
1738 1204 1812 1259 De
1855 1221 2119 1275 aquarum
2148 1208 2229 1260 vi-

663 1290 838 1354 ribus,
875 1300 929 1345 et
957 1292 1267 1361 saporibus,
1292 1294 1521 1364 aliisque
1544 1297 1922 1365 qualitatibus,
1963 1298 2085 1352 vide
2109 1314 2228 1368 qua:

661 1397 728 1435 ex
757 1381 1049 1438 Aristotele
1077 1384 1398 1453 compendio
1436 1386 1568 1440 dicit
1610 1386 1857 1444 Stobaeus
1897 1389 1954 1443 in
1989 1389 2226 1459 Physicis

662 1473 858 1543 eclogis
891 1515 907 1540 ,
937 1490 1058 1545 cap.
1086 1475 1172 1529 54.

730 1587 848 1641 Col.
877 1586 1003 1651 715,
1043 1589 1138 1642 Ιίιι.
1184 1589 1272 1643 19.
1309 1589 1369 1644 Ἠ
1395 1591 1503 1659 γὰρ
1539 1591 1779 1661 ῥοώδης
1817 1593 2119 1648 θάλασσα.
2151 1593 2226 1649 De

660 1677 941 1732 ﬂuminum
965 1678 1302 1750 fontiumque
1329 1697 1492 1737 causa
1516 1689 1569 1736 et
1599 1684 1806 1752 origine
1835 1686 1987 1754 plura
2009 1685 2224 1740 Aristo-

2341 480 2467 535 dine
2501 482 2817 537 cmiestibus
2846 483 3126 538 obediunt.
3162 474 3420 540 'Albertus
3449 488 3537 542 lib.
3566 503 3601 543 ιι
3623 490 3796 558 Meteon,

2341 578 2499 624 tract.
2537 569 2593 635 2,
2625 586 2743 642 cap.
2772 571 2856 633 l2,
2889 573 3063 643 inquit
3085 588 3316 643 vapores
3340 577 3390 629 in
3416 579 3582 642 terris,
3623 588 3798 641 cavernis

2339 662 2578 717 elevatos
2611 662 2951 733 reﬂexosque
2975 667 3251 720 attrahere
3275 665 3342 719 ad
3363 682 3418 722 se
3432 683 3800 743 aquam,eamque

2339 769 2560 808 sursum
2594 753 2805 818 eﬂ'erre,
2838 765 2892 810 et
2935 757 3193 810 continua
3234 772 3331 810 sua
3381 759 3598 823 actione,
3630 771 3674 815 et
3707 765 3800 821 illisu

2339 843 2407 896 ad
2458 845 2662 901 montis
2699 846 2864 900 latera
2903 862 3066 916 poros
3108 849 3353 918 aperire,
3417 849 3600 919 quibus
3650 857 3805 912 tandem

2339 937 2591 1006 erumpit.
2636 938 2739 992 Alii
2778 939 2988 1001 dicunt,
3035 953 3158 994 cum
3191 950 3339 996 terra
3371 944 3544 997 multis
3573 944 3636 997 sit
3677 951 3806 1013 pervia

2339 1031 2630 1097 specubus,
2656 1045 2850 1100 aquam
2881 1032 3048 1086 maris
3071 1033 3124 1085 in
3157 1033 3423 1101 ejusmodi
3454 1049 3574 1088 cava
3609 1035 3705 1090 loca
3727 1057 3809 1097 sese

2338 1119 2615 1184 inducere,
2673 1137 2792 1190 quae
2819 1123 2947 1192 quia
2983 1130 3112 1177 sunt
3161 1127 3413 1193 angusta,
3463 1141 3620 1194 neque
3659 1135 3808 1185 tantam

2336 1213 2504 1266 maris
2537 1214 2731 1267 molem
2764 1229 2959 1284 capere
2991 1222 3223 1283 queunt,
3269 1230 3385 1269 eam
3411 1230 3552 1283 aqua:
3577 1219 3809 1286 portionem

2336 1315 2703 1372 compressam
2729 1305 2793 1358 ad
2815 1304 3164 1359 extrinsecus
3181 1305 3520 1360 incumbente
3543 1309 3656 1360 mari
3678 1324 3809 1377 egres-

2335 1409 2454 1448 sum
2485 1409 2591 1464 qua
2618 1397 2704 1448 via
2737 1398 2929 1465 possit,
2957 1412 3224 1467 quaerere,
3270 1398 3454 1468 sicque
3481 1399 3584 1454 ﬁeri
3611 1415 3808 1471 aquarum

2333 1487 2694 1544 exsilitiones.
2714 1489 2958 1544 Aliorum
2980 1492 3119 1546 alios
3147 1490 3339 1546 modos
3361 1500 3412 1547 et
3443 1493 3658 1548 rationes
3680 1511 3810 1564 quare

2333 1579 2390 1632 in
2418 1580 2577 1636 dictis
2617 1584 2952 1639 auctoribus.

2403 1694 2562 1760 lbid.,
2597 1695 2695 1751 lin.
2731 1696 2820 1750 24.
2879 1697 3070 1752 Πάλιν
3098 1698 3170 1752 δὲ
3200 1699 3459 1781 ἐπειδάν.
3508 1699 3705 1755 Causam
3728 1718 3812 1772 pro-

661 1767 794 1822 teles
840 1768 935 1822 lib.
976 1785 992 1822 ι
1043 1768 1286 1834 Meteon,
1353 1786 1474 1841 cap.
1525 1771 1616 1836 15,
1661 1780 1716 1827 et
1763 1753 1859 1828 lib.
1909 1791 1968 1836 ιι,
2001 1790 2121 1844 cap.
2161 1773 2213 1840 2;

2330 1793 2449 1855 pter
2475 1802 2637 1856 quam
2673 1805 2826 1858 aqua}
2849 1804 2973 1843 cum
2995 1807 3060 1844 ex
3096 1800 3210 1844 uno
3238 1773 3302 1846 et.
3315 1791 3500 1846 eodem
3541 1790 3683 1856 fonte,
3706 1808 3810 1847 mare

659 1853 832 1919 Plato,
866 1861 920 1911 in
964 1857 1256 1924 Phaedone;
1289 1859 1555 1928 Georgius
1598 1860 1878 1932 Agricola,
1939 1864 2037 1917 lib.
2078 1880 2094 1917 t
2149 1863 2226 1918 De

659 1959 779 2002 ortu
821 1958 870 2001 et
918 1951 1090 2005 causis
1141 1951 1636 2017 subterraneorum;
1669 1953 1923 2009 Albertus
1972 1955 2221 2025 Magnus,

658 2036 753 2091 lib.
819 2052 858 2091 ιι
895 2037 1141 2105 Meteon,
1170 2049 1327 2096 tract.
1391 2042 1473 2107 l2,
1505 2044 1666 2113 c-apit.
1698 2044 1784 2110 ll;
1811 2043 2046 2100 Jacobus
2087 2046 2228 2100 Mili-

656 2128 833 2194 chius,
879 2131 933 2184 in
979 2133 1144 2200 capit.
1188 2132 1288 2186 105
1335 2132 1426 2186 lib.
1483 2149 1521 2188 ιι
1591 2132 1782 2201 Plinii;
1827 2134 2076 2192 Valesius
2145 2137 2224 2192 De

654 2231 809 2273 sacra
837 2221 1189 2291 philosophia,
1223 2239 1342 2294 cap.
1366 2225 1454 2288 65,
1489 2232 1542 2279 et
1565 2226 1674 2280 alii.
1705 2223 1829 2281 Fuit
1862 2227 2221 2297 quorumdam

654 2306 840 2374 opinio
877 2308 1019 2362 intra
1056 2317 1255 2364 terram
1297 2327 1420 2366 esse
1461 2313 1726 2382 quasdam
1776 2317 2040 2372 cavitates
2065 2325 2119 2372 et
2143 2318 2223 2371 al-

655 2410 808 2461 veos,
834 2397 1031 2466 quibus
1053 2398 1253 2456 imbres
1273 2402 1634 2472 excipiantur,
1663 2412 1825 2476 atque
1846 2421 1914 2461 ex
1943 2408 2010 2462 iis
2046 2407 2220 2463 fontes

650 2494 707 2542 et
725 2488 918 2542 ﬂuvios
945 2489 1244 2554 dimanare,
1267 2499 1321 2546 et
1351 2507 1520 2562 aquas
1542 2494 1664 2551 illas
1690 2509 1862 2567 usque
1882 2496 1950 2552 ad
1985 2498 2219 2553 futuram

652 2578 885 2634 hiemem
915 2579 1182 2644 suﬂicere,
1213 2596 1314 2636 nec
1340 2597 1658 2640 exarescere
1689 2592 1984 2656 antequam
2023 2602 2218 2645 rursus

649 2672 804 2743 pluat
828 2691 842 2727 :
880 2672 1076 2727 siccari
1101 2689 1232 2729 vero
1256 2689 1351 2732 eos
1375 2691 1608 2747 quorum
1640 2679 1777 2735 alvei
1805 2682 2043 2738 minores
2067 2690 2215 2752 sunt,

648 2770 705 2818 et
723 2763 794 2818 ob
824 2762 1098 2819 defectum
1130 2779 1396 2836 aquarum
1429 2781 1540 2824 non
1569 2768 1784 2827 ﬂuitant
1823 2782 1997 2844 usque
2021 2776 2091 2831 ad
2120 2793 2218 2833 no-

648 2866 746 2911 vas
776 2855 1004 2926 pluvias.
1034 2855 1358 2915 Aristoteles
1393 2867 1448 2915 et
1485 2861 1577 2916 alii
1605 2875 1826 2920 causam
1867 2866 2094 2936 primam
2127 2883 2217 2941 ge:-

647 2946 950 3003 her'ationis
996 2946 1284 3004 ﬂuviorum
1344 2957 1595 3007 statuunt
1649 2953 1754 3009 loci
1799 2965 2070 3025 naturam,
2123 2960 2215 3015 ubi

646 3047 869 3109 propter
902 3040 1004 3095 soli
1039 3042 1340 3105 raritatem,
1368 3043 1576 3100 multus
1606 3053 1661 3100 et
1696 3049 1953 3118 c0piosus
1986 3051 2209 3120 Spiritus

646 3136 958 3198 generatur,
993 3130 1086 3200 qui
1129 3146 1292 3201 quam
1327 3133 1576 3202 proxime
1606 3135 1671 3188 ad
1711 3139 1931 3207 vaporis
1960 3146 2212 3195 naturam

646 3218 876 3274 accedit.
929 3219 1132 3277 Deinde
1177 3238 1308 3278 vero
1366 3223 1566 3295 frigore
1625 3227 1729 3280 loci
1776 3228 1830 3281 in
1877 3243 2074 3300 aquam
2122 3247 2215 3286 co-

645 3311 813 3380 gitur,
868 3327 990 3382 qua:
1035 3313 1208 3382 ejecta
1276 3314 1397 3370 fons
1452 3324 1509 3372 et
1558 3318 1710 3389 origo
1759 3318 2044 3376 ﬂuviorum
2109 3331 2210 3379 est.

643 3400 755 3457 Nec
811 3403 1023 3459 videtur
1075 3405 1370 3460 absurdum
1424 3409 1472 3463 si
1521 3418 1742 3480 prapter
1790 3413 2033 3468 eamdem
2084 3430 2215 3468 cau-

643 3509 762 3548 sam
818 3495 873 3550 in
900 3504 1056 3552 terra:
1110 3498 1412 3554 visceribus
1470 3509 1759 3570 generatur
1810 3517 1949 3574 aqua
1995 3513 2212 3577 propter

643 3601 806 3656 quam
841 3601 1007 3656 supra
1043 3579 1243 3642 terram
1296 3590 1350 3644 in
1387 3605 1541 3658 aere;
1575 3595 1692 3662 pari
1723 3595 1867 3648 enim
1903 3598 2113 3651 ratione
2155 3599 2210 3652 in

640 3686 941 3750 vaporante
986 3695 1110 3736 aere
1162 3681 1334 3752 frigus
1382 3693 1657 3753 operatur.
1724 3685 1854 3750 Qua:
1902 3687 2208 3744 Aristotelis

641 3773 826 3842 opinio
849 3772 895 3826 si
926 3781 1072 3827 recte
1097 3775 1479 3830 consideretur
1504 3793 1662 3832 suam
1692 3778 1854 3854 habet
1910 3783 2207 3850 probabili-

643 3871 832 3927 tatem,
868 3878 969 3918 nec
1010 3865 1086 3918 ita
1127 3866 1331 3922 absona
1365 3874 1448 3922 est
1503 3868 1557 3921 in
1608 3868 1948 3940 philosophia
2005 3882 2064 3927 ut
2111 3891 2204 3930 ex-

641 3956 767 4026 pelli
795 3957 1018 4011 omnino
1047 3967 1339 4014 mereatur.
1361 3959 1674 4017 Christiano
1696 3971 1874 4018 tamen
1900 3965 2123 4034 homini,
2140 3984 2207 4024 ea

639 4062 804 4118 super
838 4048 943 4103 hoc
975 4049 1244 4104 sententia
1275 4061 1358 4106 est
1383 4055 1760 4122 amplexanda,
1797 4071 1917 4126 quae
1950 4068 2031 4113 est
2074 4075 2204 4115 Sane

639 4148 851 4195 ctorum
872 4139 1094 4195 Patrum
1115 4143 1444 4206 communis,
1463 4151 1516 4198 et
1536 4160 1704 4201 sacrae
1731 4145 2026 4218 Scriptura:
2049 4153 2201 4207 testi-

637 4230 845 4286 moniis
869 4231 1241 4289 conﬁrmatur.
1279 4231 1555 4305 Originem
1601 4236 1827 4293 fontium
1861 4256 1892 4295 e
1918 4245 2053 4297 mari
2078 4259 2200 4301 esse

639 4336 670 4376 a
706 4337 814 4394 quo
844 4321 1086 4386 efﬂuunt,
1136 4331 1192 4379 et
1247 4323 1304 4380 in
1355 4326 1500 4395 quod
1527 4327 1778 4394 inﬂuunt,
1830 4331 1902 4384 ita
1940 4331 2194 4400 Basilius,

2329 1875 2561 1940 scilicet,
2591 1877 2855 1946 originem
2893 1879 3137 1942 trahant,
3177 1896 3287 1934 non
3329 1881 3570 1936 eamdem
3592 1891 3808 1936 serventet

2338 1967 2676 2035 qualitatem,
2713 1977 2766 2022 et
2795 1985 3066 2039 saporem,
3094 1972 3195 2026 sed
3227 1973 3521 2027 secundum
3556 1973 3646 2028 loci
3685 1974 3808 2026 varie-

2323 2066 2487 2114 tatem
2521 2061 2649 2130 ipsaa
2679 2062 2840 2115 etiam
2875 2065 3156 2119 varientur
3186 2074 3308 2135 pete
3349 2081 3377 2118 a
3407 2066 3719 2136 phil050phis.

2399 2151 2559 2218 lbid.,
2579 2155 2673 2208 lin.
2703 2155 2793 2213 27.
2821 2158 2984 2226 Αὕτη
3007 2159 3103 2212 καὶ
3149 2158 3270 2214 τῶν
3293 2161 3499 2228 ἀερίων
3515 2161 3723 2214 ὑδάτων.
3744 2161 3808 2213 Ba-

2323 2244 2500 2310 silius,
2547 2246 2693 2301 hom.
2723 2235 2758 2302 4
2799 2256 2813 2302 ἑ
2844 2249 2999 2321 Καλὴ
3036 2249 3135 2302 καλ⁵
3165 2251 3298 2304 διότι
3328 2254 3436 2315 τοῖς
3471 2253 3652 2323 ἀερίοις
3673 2253 3802 2306 ὖδαςιν

2321 2339 2462 2409 ἁρχὴ
2502 2339 2586 2401 τίς
2622 2343 2736 2392 ἐστι
2778 2339 2868 2394 κάι
2905 2343 3076 2414 πηγὴ,
3121 2341 3429 2416 Θαλπομένη
3477 2344 3566 2415 μὲν
3599 2348 3654 2416 τῇ
3680 2347 3803 2398 ἀκτῖνι

2324 2427 2418 2480 τοῦ
2451 2427 2622 2498 ἡλίου,
2650 2427 3013 2502 ἀποτιθεμένη
3038 2432 3095 2486 δὲ
3133 2433 3196 2486 τὸ
3243 2433 3431 2488 λεπτὸν
3458 2434 3543 2488 τοῦ
3570 2435 3722 2498 ὓδατος
3744 2436 3801 2488 διὰ

2318 2519 2424 2573 τῶν
2441 2520 2648 2592 ἀτμῶν,
2665 2523 2799 2595 ὅπερ
2811 2523 3067 2578 ἐλκυσθὲν
3081 2527 3165 2589 είς
3177 2525 3270 2579 τὸν
3285 2527 3392 2581 ἄνω
3401 2527 3569 2589 τόπον,
3585 2523 3680 2580 εἶτα
3693 2545 3802 2579 κατα·

2318 2610 2520 2682 ψυχθὲν
2547 2614 2635 2667 διὰ
2665 2615 2726 2668 τὸ
2749 2609 3078 2690 ὑψηλότερον
3106 2617 3360 2686 γενέσθαι
3387 2617 3478 2690 τῆς
3506 2617 3690 2673 ἀπὸτοῦ

2318 2705 2450 2774 φους
2473 2705 2820 2772 ἀνακλάσεως
2850 2707 2960 2761 τῶν
2990 2705 3252 2774 ἀκτίνων,
3289 2710 3380 2764 καὶ
3418 2711 3542 2780 όμοῦ
3572 2712 3654 2780 τῆς
3670 2711 3719 2764 ἐκ
3734 2710 3797 2762 τοῦ

2316 2796 2510 2865 νέφους
2548 2797 2704 2861 σκιᾶς
2734 2799 2832 2869 τὴν
2878 2798 3036 2868 ψύξιν
3069 2800 3444 2870 ἐπιτεινούσης
3481 2799 3614 2864 ὑετὸς
3632 2802 3796 2869 γίνεται,

2315 2890 2408 2942 καὶ
2431 2890 2629 2943 πιαίνει
2660 2890 2758 2963 τὴν
2790 2893 2911 2962 γῆν.
2935 2890 3239 2962 Gregorius
3266 2893 3491 2964 Cyprius
3513 2893 3560 2946 in
3582 2892 3716 2946 Maris
3738 2910 3802 2945 en-

2313 2983 2480 3036 comio
2503 2999 2522 3037 :
2551 2984 2785 3056 Ὄμϐροι
2817 2984 2872 3038 δὲ
2897 2986 3032 3056 πρὸς
3065 2988 3187 3050 τοῖς
3216 2987 3530 3059 εἰρημένοις,
3555 2988 3632 3039 καὶ
3652 2987 3796 3056 δρόσοι.

2314 3075 2408 3127 καὶ
2428 3075 2654 3144 νιφετοὶ,
2685 3077 2902 3146 νεφέλαι
2936 3095 2993 3130 τε
3029 3073 3094 3130 αὖ
3130 3080 3198 3131 αἱ
3229 3080 3447 3143 τούτους
3477 3079 3708 3149 γεννῶσαι,
3732 3080 3795 3131 καὶ

2317 3165 2412 3220 ὅσα
2429 3166 2641 3238 πρῶτον
2674 3168 2752 3231 είς
2771 3169 2861 3222 τὸν
2895 3169 3005 3223 ἄνω
3025 3171 3396 3242 συνιστάμενα
3420 3172 3580 3236 τόπον,
3607 3169 3682 3224 εἶτ’
3698 3173 3795 3223 ἐκεῖ·

2316 3255 2405 3309 θεν
2431 3260 2510 3322 είς
2534 3260 2635 3330 γῆν
2661 3259 2917 3314 κάτεισιν.
2954 3261 3248 3326 Quomodo
3284 3272 3463 3320 autem
3488 3265 3534 3318 in
3569 3278 3666 3318 aere
3683 3277 3792 3332 aqua

2314 3357 2642 3414 generentur
2663 3349 3053 3407 exolica'vimus
3081 3351 3363 3421 superius.

2387 3505 2544 3571 lbid.,
2567 3506 2662 3560 lin.
2697 3507 2786 3561 55.
2819 3508 2924 3561 Καὶ
2952 3507 3038 3561 ἔτι
3067 3511 3167 3563 καὶ
3201 3511 3335 3565 νῦν.
3357 3509 3579 3570 Basilius,
3601 3521 3712 3560 nom.
3734 3505 3785 3558 5:

2323 3596 2387 3649 ’H
2413 3595 2662 3667 γὰρ-τότε
2696 3596 2866 3666 φωνὴ,
2900 3597 2995 3650 καὶ
3020 3598 3080 3650 τὺ
3109 3599 3331 3669 πρῶτον
3357 3601 3518 3652 ἐκεῖνο
3544 3597 3784 3667 πρόσταγμα

2308 3683 2417 3741 οἷον
2445 3689 2606 3758 νόμος
2653 3705 2737 3752 τις
2773 3691 2987 3757 ἐγένετο
3034 3690 3274 3758 φύσεως,
3326 3692 3417 3744 καὶ
3446 3689 3706 3759 ὲναπέμεινε
3735 3688 3776 3754 τῇ

2308 3783 2398 3850 γῇ,
2431 3779 2526 3850 τὴν
2546 3779 2636 3833 τοῦ
2668 3782 2858 3850 γεννᾷν
2880 3782 3016 3851 αὐτῇ
3045 3781 3138 3834 καὶ
3155 3787 3514 3856 καρποφορεῖν
3533 3782 3708 3852 δύναμιν
3728 3781 3779 3840 εἰς

2304 3871 2367 3923 τὸ
2396 3871 2522 3942 ἑξῆς
2550 3877 2936 3943 παρεχόμενος.
2970 3872 3033 3926 Ει
3077 3873 3348 3932 inferius:
3379 3876 3488 3929 Ἵνα
3527 3873 3778 3946 πρῶτον-ἐκ·

2305 3963 2412 4014 εἰνο
2447 3962 2773 4033 πρόσταγμα
2804 3963 3171 4018 διδασκαλεῖον
3203 3970 3268 4038 τῇ
3301 3967 3453 4036 φύσει
3483 3969 3665 4037 γένηται
3687 3961 3778 4034 api:

2303 4054 2401 4124 τὴν
2433 4053 2560 4123 ἑξῆς
2590 4055 2925 4109 ἀκολουθίαν.
2958 4055 3022 4110 Ει
3054 4057 3205 4113 hom.
3237 4061 3271 4115 9
3293 4080 3306 4114 :
3326 4060 3524 4130 Νόησον
3547 4059 3668 4129 ῥῆμα
3684 4053 3774 4106 Θεοῦ

2300 4146 2387 4199 διὰ
2422 4147 2522 4216 τῆς
2549 4147 2776 4212 κτίσεως
2806 4149 3014 4220 τρέχον,
3039 4152 3135 4203 καὶ
3155 4152 3279 4204 τότε
3314 4152 3608 4224 ἀρξάμενον,
3636 4144 3778 4214 salpi-

2301 4254 2391 4309 χρι
2417 4236 2513 4292 νῦν
2543 4239 2821 4310 ἐνεργοῦν,
2847 4241 2939 4292 καὶ
2974 4242 3052 4303 είς
3072 4241 3224 4306 τέλος
3256 4243 3446 4309 διεξιὸν
3480 4244 3571 4305 ἓως
3602 4240 3654 4293 ἂν
3674 4241 3696 4291 ὁ
3718 4235 3778 4288 κό-

2302 4346 2436 4400 σμος
2465 4329 2863 4402 συμπληρωθῇ.
2892 4329 3024 4386 Vide
3061 4332 3243 4388 locum
3267 4352 3284 4402 ;
3317 4342 3398 4391 est
3427 4337 3556 4390 enim
3585 4335 3774 4402 optimus.

634 4415 824 4471 homil.
843 4417 897 4479 4,
919 4403 1104 4472 noster
1119 4416 1437 4476 Eustathius
1458 4419 1513 4473 in
1536 4419 1639 4475 hoc
1661 4423 1802 4490 loco,
1838 4423 2199 4499 Hieronymus
2231 4445 2274 4500 ι)
2303 4419 2559 4476 Leontius
2590 4422 2836 4478 Arabissi
2866 4423 3158 4494 episcopus
3207 4442 3453 4482 sermone
3482 4427 3543 4480 de
3570 4423 3773 4479 creatione

636 4506 704 4562 ad
729 4507 964 4578 primum
1008 4515 1172 4578 caput
1214 4507 1578 4573 Ecclesiastae,
1612 4511 1876 4583 Isidorus,
1914 4518 1952 4571 l.
1979 4533 2041 4571 ιιι
2075 4518 2199 4574 Ori-

633 4601 832 4670 ginum,
859 4599 1026 4666 c.20;
1051 4599 1465 4656 Damascmusn
1515 4602 1588 4657 De
1615 4603 1710 4673 ﬁd.
1742 4607 1971 4674 art/wet,
1997 4624 2112 4679 cap.
2133 4609 2194 4679 9;

637 4689 927 4760 Gregorius
957 4691 1189 4762 Cyprius
1223 4691 1280 4745 in
1309 4688 1480 4746 Maris
1523 4696 1780 4760 encomio,
1837 4707 1891 4752 et
1939 4715 2006 4753 ex
2041 4700 2192 4767 aliis;

2300 4520 2354 4566 et
2384 4511 2593 4567 Lazaro
2617 4513 2881 4578 redivivo,
2907 4531 3015 4570 non
3050 4517 3328 4589 incompta
3361 4516 3673 4575 similitudine
3690 4527 3773 4566 ver-

2298 4603 2424 4659 bum
2462 4605 2594 4659 illud
2626 4606 2892 4671 divinum,
2915 4608 3012 4672 ait,
3044 4608 3166 4663 loco
3213 4611 3435 4666 seminis
3468 4612 3516 4664 in
3547 4609 3679 4663 rebus
3708 4617 3772 4672 ge-

2297 4697 2554 4752 nerandis
2587 4697 2777 4764 fuisse,
2803 4714 3034 4770 eamque
3052 4699 3113 4770 in
3139 4702 3305 4758 rebus
3334 4703 3440 4758 illis
3464 4701 3558 4756 vim
3585 4697 3772 4753 habuisse

635 4781 788 4837 Plato
815 4783 870 4836 in
906 4781 1212 4848 Phwdnne;
1263 4782 1472 4838 Plinius
1507 4785 1602 4840 lib.
1641 4802 1703 4850 ιι,
1739 4803 1861 4857 cap.
1896 4789 2004 4858 65;
2041 4790 2197 4846 Philo
2297 4801 2457 4855 quam
2488 4796 2542 4842 et
2571 4803 2798 4856 semen;
2847 4798 2900 4843 et
2955 4791 3132 4844 adhuc
3171 4790 3238 4844 ad
3287 4793 3654 4862 conceptionem
3677 4800 3771 4838 ςοιισ

632 4871 852 4926 ,ιιιάαξιιε
882 4871 957 4925 De
986 4873 1168 4926 mundi
1194 4875 1422 4944 opiﬁcio.
1457 4875 1682 4930 Variant
1721 4884 1901 4933 tamen
1935 4880 1990 4934 in
2020 4883 2193 4950 expli-

2297 4893 2534 4932 currere.
2575 4877 2640 4930 Τί
2694 4879 2873 4947 λέγεις
2924 4882 3197 4952 αἰρετικέ;
3258 4885 3479 4949 Βλέπεις
3518 4883 3618 4937 ἀντὶ
3649 4891 3768 4932 κατα·

633 4965 850 5018 catione
905 4964 1070 5031 illius,
1113 4965 1386 5035 quomodo
1439 4966 1694 5024 videlicet
1743 4979 1936 5042 suopte
1977 4972 2193 5043 ingenio

2310 4969 2455 5040 5ολῆς
2478 4970 2786 5042 σπέρματος
2815 4966 2985 5026 τὸτοῦ
3016 4973 3173 5044 λόγου
3202 4978 3474 5048 γινόμενον
3503 4975 3764 5046 πρόσταγμα·

631 5058 813 5126 gravis
845 5056 1016 5126 possit
1043 5071 1074 5111 e
1116 5058 1253 5111 mari
1297 5059 1595 5115 ascendere
1622 5060 1677 5115 in
1707 5061 2006 5119 altissimos
2036 5080 2192 5119 mon-

2310 5062 2401 5115 ἰαὶ
2429 5062 2542 5125 πῶς
2570 5062 2863 5133 ἀμφίϐολον
2880 5065 3058 5134 λέγεις
3078 5068 3177 5137 τῆς
3202 5068 3522 5140 παρθενικῆς
3539 5063 3763 5134 γεννήσεως

633 5157 735 5210 tes,
767 5161 797 5200 e
842 5146 1040 5217 quibus
1069 5147 1305 5217 erumpit
1342 5147 1396 5202 in
1451 5157 1602 5203 tanta
1638 5151 1816 5222 capia.
1870 5151 2190 5211 Eustathius

2310 5152 2349 5206 ῖδ
2379 5156 2671 5226 μυστήριον
2695 5172 2708 5220 ἶ
2729 5155 2794 5208 Ἃ
2818 5157 2927 5229 γὰρ
2959 5158 3051 5211 νῦν
3085 5159 3390 5231 σπέρματος
3415 5161 3532 5214 ἄνευ
3560 5155 3610 5208 οὐ
3636 5150 3761 5204 τίκτε-

630 5257 828 5312 aquam
857 5242 1024 5296 maris
1053 5241 1268 5311 spiritu,
1297 5240 1493 5296 ﬂatuve
1525 5242 1752 5299 interius
1783 5254 2034 5302 movente
2067 5263 2190 5302 sur«

631 5349 750 5389 sum
779 5332 846 5387 ad
869 5334 1232 5405 scaturigines
1265 5334 1488 5405 impelli.
1513 5332 1607 5390 His
1641 5339 1912 5392 consentit
1931 5337 2185 5405 Basilius,

630 5423 857 5489 Plinius,
915 5422 1090 5479 Plato.
1135 5422 1192 5478 S.
1219 5423 1493 5490 Thomas,
1541 5439 1578 5478 ιι
1650 5424 1886 5482 Seutent.
1933 5429 2061 5484 dist.
2096 5429 2183 5493 14,

2287 5262 2396 5311 ται,
2425 5245 2634 5311 τούτοις
2671 5252 2701 5318 ἡ
2746 5249 2896 5320 φωνὴ
2929 5250 3049 5304 τότε
3088 5253 3368 5322 συνέτρεχε
3416 5250 3501 5303 τοῦ
3544 5243 3763 5301 καλοῦντος

2288 5337 2424 5406 πρὸς
2446 5339 2716 5408 γέννησιν,
2745 5342 2839 5394 καὶ
2869 5341 3178 5413 συλλήψεως
3208 5343 3419 5416 τρόπον,
3471 5344 3498 5395 ό
3526 5340 3608 5409 τῆς
3629 5328 3762 5431 stliti-

2289 5443 2423 5490 σεως
2458 5431 2709 5500 ἐμιμεῖτο
2732 5433 2913 5502 νόμος,
2948 5435 3040 5487 καὶ
3066 5434 3151 5487 διὰ
3187 5437 3310 5506 μιᾶς
3343 5435 3512 5504 φωνῆς
3536 5433 3764 5497 “mw”

631 5525 820 5582 quast.
860 5517 908 5578 l,
940 5517 1034 5581 ait,
1093 5516 1371 5571 fontanam
1417 5527 1472 5573 et
1520 5516 1832 5573 ﬂuviatilein
1869 5534 2065 5590 aquam
2099 5529 2184 5574 at-

2310 5518 2350 5572 τὰ
2381 5519 2578 5575 πάντα.
2637 5525 2744 5576 Καὶ
2791 5527 2818 5577 ό
2865 5527 2985 5579 τότε
3033 5527 3316 5598 σαρκώσας
3360 5526 3450 5596 τὴν
3480 5523 3646 5579 κτίσιν.
3693 5509 3764 5565 2³³⁸

631 5606 770 5659 trahi
819 5621 1036 5664 sursum
1087 5609 1140 5662 vi
1193 5609 1498 5663 cmlestium
1553 5625 1843 5680 corporum
1876 5613 2182 5666 communis

628 5695 754 5752 boni
785 5699 974 5765 gratia.
997 5695 1102 5752 Nec
1133 5707 1338 5754 malum
1364 5699 1508 5758 hunc
1539 5715 1690 5774 aqum
1718 5717 1835 5759 esse
1859 5703 2179 5775 violentum,

2286 5611 2482 5683 σπόρον
2514 5614 2767 5686 ἁσπόρως
2799 5619 3107 5689 χορηγήσας
3136 5622 3243 5681 τοῖς
3287 5619 3459 5674 πᾶσιν,
3511 5609 3648 5670 αὐτὸς
3683 5599 3763 5689 άπρ

2284 5705 2506 5778 λογικῆς
2539 5706 2838 5778 σαρκωθεὶς
2871 5688 2971 5779 γῆς
3022 5710 3278 5780 apri-105v
3323 5709 3554 5776 ἀπόρως
3585 5699 3665 5767 τὴν
3695 5688 3761 5746 διὰ
