1962 3484
114 122 165 147 διε

583 120 615 147 ΙΝ
635 117 819 147 EUSTATHII
839 115 1076 144 HEXAEMERON
1098 115 1212 143 NOTE.
1589 117 1596 130 '

1687 112 1741 141 εια

116 179 217 216 σαρκὸς
234 179 408 214 φυτευθεῖσαν
433 180 479 207 τοῦ
505 179 618 207 Θανάτου
636 179 712 215 ῥίζαν
733 179 766 214 τῇ
779 177 901 214 ρρεπάνῃ
917 179 938 206 Α
953 176 985 210 τῇ
1002 175 1067 210 ὁλκῇ
1084 174 1130 201 τοῦ
1148 173 1249 209 Θερμοῦ
1267 172 1463 206 συνεπάγεσθαι
1479 172 1526 198 τοῦ
1546 173 1677 208 τροφίμου
1690 172 1740 207 τῆς

115 227 165 263 τῆς
177 226 342 262 παρθενικῆς
359 227 497 253 ἐκκόπτων
515 227 676 261 γεννήσεως.

161 273 217 300 Col.
229 272 291 305 H5,
314 272 360 299 lin.
379 272 423 300 37.
437 273 471 300 Ἠ
478 272 533 307 γὰρ
541 272 714 306 βλάστησις
724 270 902 304 καθηγεῖται.

123 318 252 350 Basilius,
268 318 341 344 hom.
352 318 368 345 5
383 327 389 345 :
406 317 515 354 Πρῶτον
531 318 603 344 ἐστιν
620 317 649 343 ὲν
671 318 704 352 τῇ
729 315 834 350 γενέσει
850 314 903 340 τῶν

120 365 263 400 φυομένων
282 364 298 399 ἠ
318 363 473 400 βλάστησις,
499 363 603 395 ἔπειτα,
627 364 690 389 ὅταν
709 361 834 398 προκύψῃ
859 369 903 396 μι-

122 411 190 446 κρὸν
203 410 236 437 τὰ
250 410 438 445 βλαστήματα,
457 410 554 445 βοτάνη
573 410 686 444 γίνεται,
710 407 779 439 εἶτα,
795 407 904 434 ἐπειδὰν

119 455 240 491 αὐξηθῇ,
253 455 348 490 χόρτος
362 456 420 481 ἐστὶ
436 455 507 482 κατά
519 455 615 491 μικρὸν
625 455 841 490 διαρθρουμένων
851 453 905 480 τῶν

118 502 273 537 φυομένων,
291 502 337 528 καὶ
351 502 430 537 μέχρι
445 502 495 537 τῆς
510 502 555 529 ἐπὶ
569 502 599 529 τὸ
616 501 725 536 σπέρμα
742 499 905 532 τελειώσεως

118 548 279 585 προϊόντων.
301 548 431 581 Quamvis
454 549 525 576 enim
553 548 781 583 germinationum
806 554 905 582 genera

117 595 208 625 varia,
226 594 298 621 sicut
313 597 341 621 et
367 595 532 629 plantarum,
558 602 608 621 nec
626 602 679 621 uno
702 597 832 628 tempore,
854 600 906 620 nec

118 641 181 667 loco
205 640 381 673 conveniant,
402 644 492 667 tamen
524 648 631 676 semper
658 640 775 675 priorem
804 647 864 667 esse
879 643 906 667 et

119 684 268 716 fructibus,
285 687 310 711 et
334 683 446 710 ﬂoribus
472 684 695 718 germinationem
715 690 827 710 necesse
852 685 905 714 est,

116 730 350 767 quemadmodum
371 733 397 756 et
421 729 448 756 in
470 729 626 756 animalium
645 730 820 764 generatione
841 736 907 756 con-

117 781 241 811 ceptum.
262 775 346 806 Plin.,
364 774 461 802 Natur.
478 774 553 808 hist.,
570 775 588 802 1.
608 783 662 807 va,
681 783 704 802 c.
722 775 775 802 ‘25:
794 775 907 802 Catula-

118 825 216 850 tionem
233 822 325 849 rustici
345 826 447 851 vocant,
465 821 587 856 gestiente
606 825 702 847 natura
721 820 820 847 semina
837 821 907 847 acci-

956 222 1007 256 γῆς
1021 221 1081 248 ὅσον
1098 221 1218 256 μέτριον,
1236 219 1283 246 καὶ
1294 219 1372 246 τοῦτο
1389 218 1583 254 καταμερίζειν
1603 220 1642 250 εις
1654 218 1739 245 καλά-

959 277 1022 303 μην,
1040 268 1088 295 καὶ
1105 267 1206 302 φλοιὸν.
1220 267 1328 299 καὶ’τὰς
1342 267 1427 302 ϐήκας
1450 265 1496 293 τοῦ
1510 266 1582 292 σίτου
1600 265 1645 292 καὶ
1660 263 1740 291 αὑτὸν

956 315 1001 342 τὸν
1015 316 1087 341 σῖτον
1100 314 1147 341 καὶ
1162 315 1225 345 τοὺς
1240 313 1396 350 ἀνθέρικας.
1408 312 1441 339 Ει
1456 312 1516 340 ideo
1530 311 1691 339 Aristoteles
1708 310 1741 337 li-

957 361 1028 388 bello
1044 359 1081 386 De
1093 360 1229 394 juventute
1245 363 1270 386 et
1289 363 1382 386 senect.
1399 358 1443 385 vit.
1464 362 1543 384 mort.
1560 361 1584 384 et
1604 357 1740 391 νηρῖται..

957 407 1056 442 capit.,
1069 406 1095 439 Ι,
1113 406 1220 433 radices
1228 413 1289 433 esse
1296 405 1334 432 ait
1344 412 1376 433 os
1387 405 1557 440 plantarum;
1568 402 1743 439 quemadmo-

958 452 1021 479 dum
1035 451 1108 479 enim
1135 451 1263 478 animalia
1292 458 1339 486 per
1354 458 1385 477 os
1402 450 1493 478 cibum
1520 449 1671 485 excipiunt,
1689 455 1745 483 quo

957 498 1053 524 \‘ivunl
1075 500 1102 524 et
1126 501 1336 529 conservantur,
1363 496 1456 524 eadem
1474 496 1580 523 ratione
1602 498 1629 522 et
1645 495 1745 529 planta

959 553 1007 580 per
1031 544 1138 571 radices
1170 543 1311 570 humorem
1338 548 1365 570 et
1387 543 1545 570 alimentum
1580 540 1745 568 contrahunt

962 598 1017 625 quo
1034 593 1231 618 sustentantur.
1259 589 1349 622 Quare
1371 592 1460 616 autem
1486 588 1537 615 hoc
1559 587 1696 615 contrarie
1716 593 1746 614 so

959 636 1040 664 habet
1055 635 1082 663 in
1097 635 1198 671 plantis
1209 640 1236 662 et
1250 634 1413 662 animalibus
1435 634 1495 661 fuse
1507 633 1607 661 ibidem
1617 632 1744 668 explicat,

959 690 1039 718 quem
1065 682 1141 715 vide;
1157 685 1183 709 et
1198 681 1404 716 Theophrastus
1421 680 1460 707 De
1471 680 1533 707 hist.
1546 680 1642 714 ptaut.,
1660 679 1705 705 liti.
1725 686 1743 709 ι.

959 737 1019 764 cap.
1031 728 1048 755 2
1064 738 1070 755 :
1085 729 1162 754 Ἔστι
1180 728 1208 754 δὲ
1231 727 1293 764 ῥίζα
1310 727 1358 763 μὲν
1373 727 1405 753 δι’
1420 723 1450 753 οὗ
1462 726 1548 763 τροφὴ
1563 726 1703 760 ἐπάγεται.

996 775 1078 807 lbid.,
1094 775 1141 801 lin.
1156 775 1200 802 50.
1210 774 1245 801 Ἠ
1255 773 1289 800 δὲ
1303 773 1422 808 καλάμη
1435 773 1488 800 τοῦ
1506 773 1603 800 σίτου.
1618 772 1745 803 Basilius,

961 821 1035 848 hom.
1051 821 1067 847 5
1083 829 1089 847 :
1107 820 1169 852 Πῶς
1182 820 1276 854 γόνασι
1293 819 1470 851 διαζώννυται
1488 819 1628 854 ήνκαλάμη
1641 818 1687 845 τοῦ
1705 819 1747 845 σί-

118 877 181 904 pere
194 876 272 903 eoque
289 868 405 894 animum
430 866 555 902 iufercnte
576 867 696 893 euntibus
717 867 793 893 satis.
811 865 907 894 Conci-

967 876 1016 899 του,
1030 867 1072 893 ἵνα
1086 866 1180 902 ὣσπερ
1196 865 1339 901 σύνδεσμοί
1352 874 1423 897 τινες
1438 865 1537 901 ῥᾳδίως
1553 865 1583 891 τὸ
1598 864 1680 900 βάρος
1693 864 1747 892 τῶν

117 917 197 950 piunt
216 915 295 942 variis
313 914 415 944 diebus,
428 918 452 940 et
468 921 516 947 pro
536 921 585 940 sita
604 921 710 948 qumque
727 918 837 945 natura,
854 913 910 940 alia

120 963 242 997 protinus
254 966 281 987 ut
292 960 434 991 animalia,
456 960 558 986 tardius
574 960 675 994 aliqua,
692 965 717 986 et
731 960 831 986 diutius
848 968 910 995 gra-

120 1009 183 1036 uida
197 1013 289 1043 partus
313 1012 405 1043 gerunt
418 1015 426 1033 :
439 1006 508 1042 quod
534 1007 689 1042 germinatio
713 1007 771 1033 ideo
791 1011 909 1034 vocatur.

120 1055 236 1082 Pariunt
262 1062 320 1081 vero
335 1062 393 1080 cum
408 1053 513 1087 ﬂorent,
535 1053 634 1087 ﬂosque
648 1052 693 1079 ille
710 1053 794 1087 ruptis
807 1056 910 1078 constat

129 1101 263 1128 utriculis.
291 1100 419 1126 Educatio
440 1100 465 1126 in
480 1107 556 1134 pomo
569 1104 607 1125 est
620 1109 625 1126 :
638 1099 685 1125 hoc
700 1103 725 1126 et
741 1099 908 1134 germinatio.

123 1148 193 1176 Vide
202 1147 429 1181 Theophrastum,
442 1146 478 1172 De
489 1145 580 1173 histor.
593 1147 688 1179 plant.,
703 1146 748 1173 lib.
759 1155 799 1176 Ill.
814 1154 872 1180 cap.
883 1145 910 1179 6,

128 1201 163 1220 ex
190 1201 243 1227 quo
271 1200 320 1219 sua
347 1195 486 1218 mutuatus
516 1197 557 1218 est
583 1190 698 1218 Plinius.
727 1190 912 1218 Pulcherrime

121 1238 235 1267 Ocellus
245 1238 384 1270 Lucanus,
399 1237 445 1264 lib.
472 1245 521 1264 vm
542 1237 578 1264 De
589 1237 760 1269 universo,de
775 1237 911 1264 seminum

121 1289 197 1317 ortu,
218 1290 246 1312 et
259 1284 390 1311 arborum
413 1284 592 1319 productione
609 1284 741 1310 circulum
759 1283 909 1311 constituit.

122 1331 244 1358 Arbores
255 1331 328 1358 enim
340 1330 455 1357 fructum
468 1329 596 1362 ferentes,
608 1334 765 1364 ceteraeque
772 1330 870 1364 planta:
879 1338 911 1357 ex

119 1377 276 1404 seminibus
295 1376 338 1403 sui
359 1380 437 1403 ortus
457 1376 564 1403 initium
587 1375 698 1408 habent,
727 1376 832 1403 l'ructus
847 1383 912 1403 vero

121 1422 251 1458 producti
266 1427 293 1449 et
307 1422 363 1456 jam
380 1421 492 1456 perfecti
519 1429 615 1449 rursus
631 1422 665 1449 ab
678 1421 772 1449 eodem
788 1422 815 1448 in
840 1421 912 1448 idem

120 1472 297 1495 eommeanle
318 1470 417 1493 natura
434 1466 634 1494 dissolvuntur.
657 1465 733 1499 Quod
751 1470 778 1494 et
794 1466 827 1494 de
845 1474 911 1501 qua-

120 1519 188 1542 tuor
203 1514 398 1540 elementorum
414 1514 586 1549 generatione
594 1514 692 1540 asserit
705 1523 711 1540 :
726 1513 785 1549 Πῦρ
798 1513 847 1549 μὲν
858 1513 913 1549 γὰρ

120 1562 164 1592 εἰς
181 1560 210 1586 ἒν
236 1559 430 1595 συνερχόμενον
449 1559 519 1595 ἀέρα
540 1560 688 1595 ἀπογεννᾷ,
714 1559 768 1595 ἀὴρ
784 1560 812 1586 δὲ
829 1559 911 1595 ὕδωρ,

122 1606 199 1642 ὕδωρ
215 1606 244 1632 δὲ
259 1607 321 1642 γῆν,
336 1606 390 1633 ἀπὸ
403 1607 454 1641 γῆς
468 1606 495 1633 δὲ
513 1607 529 1642 ἡ
546 1607 614 1633 αὐτῇ
631 1605 754 1642 περίοδος
767 1606 816 1642 τῆς
832 1615 915 1641 μετα-

122 1652 207 1686 6ολῆς
225 1651 306 1687 μέχρι
322 1651 418 1687 πυρὸς,
436 1651 496 1677 ὅθεν
514 1651 615 1687 ἦρξατο
639 1651 825 1687 μεταϐάλλειν.
837 1652 868 1678 Οί
886 1651 915 1677 δὲ

123 1698 227 1733 καρποὶ
246 1699 292 1724 καὶ
304 1697 337 1724 τά
354 1697 466 1724 πλεῖστα
483 1698 536 1724 τῶν
553 1697 702 1733 ῥιζοφύτων
719 1698 772 1725 ἀπὸ
790 1698 916 1734 σπερμά-

123 1753 180 1772 των
191 1745 319 1771 ἀνέλαϐον
332 1744 381 1780 τὴν
394 1744 480 1781 ἀρχὴν
497 1746 546 1780 τῆς
561 1745 708 1779 γενέσεως·
736 1745 923 1781 καρπωῧέντα

123 1791 155 1817 δὲ
176 1790 222 1817 καὶ
251 1790 496 1826 τελεσφορήσαντα,
521 1791 602 1817 πάλιν
630 1791 677 1818 ἐπὶ
700 1791 731 1817 τὸ
746 1791 855 1827 σπέρμα
866 1792 917 1829 τὴν

125 1837 255 1864 ἀνάλυσιν
271 1837 388 1862 ποιεῖται
410 1837 464 1863 ἀπὸ
488 1836 535 1863 τοῦ
560 1837 654 1868 αὐτοῦ,
677 1837 725 1864 καὶ
741 1837 788 1864 ἐπὶ
805 1837 835 1864 τὸ
851 1837 918 1864 αὐτὸ

124 1882 172 1917 ei)
196 1880 310 1913 διέξοδον
321 1881 532 1917 ἐπιτελουμένης
546 1882 595 1917 τῆς
610 1882 726 1914 φύσεως.

164 1927 246 1958 lbid..
267 1927 316 1955 lin.
342 1928 385 1954 58.
408 1928 519 1954 Νοτίδα
540 1928 595 1963 γὰρ
626 1929 747 1963 θερμήν.
779 1929 917 1963 Basilius,

127 1975 204 2001 hom.
217 1973 235 2001 5
250 1984 257 2001 :
275 1974 360 2000 Ὅταν
378 1974 406 2006 ἐς
420 1974 471 2009 γῆν
486 1974 627 2010 καταπέσῃ
640 1975 671 2001 τὺ
686 1975 795 2011 σπέρμα
811 1975 918 2011 συμμέ-

128 2028 207 2056 τρως·
216 2020 317 2052 νοτίδος
330 2020 376 2046 καὶ
391 2019 495 2055 θέρμης
518 2020 641 2055 ἔχουσαν.
664 2021 760 2056 χαῦνον
775 2021 919 2057 γενόμενον

125 2067 177 2093 καὶ
196 2065 358 2102 πολύπορον,
372 2066 422 2101 τῆς
436 2067 642 2102 παρακειμένης
656 2067 709 2102 γῆς
721 2067 920 2103 περιδραξάμε-

126 2119 192 2143 νον,
211 2110 244 2136 τὰ
261 2112 349 2137 οίκεῖα
368 2111 419 2148 καλι
434 2111 560 2147 σύμῖςυλα
577 2113 645 2148 πρὸς
662 2112 741 2139 ἑαυτὸ
757 2113 918 2139 ἐπισπᾶται.

132 2156 321 2191 Ἐμπίπτοντα
335 2157 363 2183 δὲ
371 2159 427 2189 τοῖς
439 2158 543 2194 πόροις,
551 2159 598 2185 καὶ
612 2158 861 2194 περιολισθαίνοντα
871 2159 919 2194 τῆς

126 2202 184 2236 γῆς
208 2202 242 2228 τὰ
265 2201 414 2229 λεπτότατα
429 2203 522 2238 μόρια,
539 2204 584 2229 ἐπὶ
608 2204 687 2230 πλέον
701 2203 842 2240 ἁνευρύνει
856 2204 920 2235 τοὺς
937 2207 958 2233 D

126 2248 229 2282 ὁγκους
243 2248 336 2280 αὑτοῦ,
357 2248 426 2275 ὥστε
439 2249 578 2284 ῥιζοῦσθαι
596 2250 644 2285 μὲν
659 2251 698 2281 εἰς
722 2250 752 2276 τὸ
772 2249 857 2282 κάτω,
875 2249 921 2276 ὲπὶ

127 2294 162 2321 τὸ
173 2294 229 2321 ἀνω
244 2294 273 2320 δὲ
290 2294 456 2330 προκύπτειν
473 2295 622 2331 ἰσαρίθμων
632 2297 692 2327 ταῖς
704 2295 792 2332 ῥίζαις
805 2296 858 2322 τῶν
870 2305 921 2322 κα-

128 2341 226 2377 λάμων
241 2341 478 2377 προϐαλλομένων.
490 2341 605 2370 Joannis
616 2351 664 2374 xu,
676 2342 802 2371 Christus
818 2344 921 2378 optima

129 2386 314 2414 similitudine
329 2395 362 2414 ex
376 2394 461 2421 grano
473 2386 501 2413 in
512 2392 584 2414 terra
597 2388 729 2415 moriente
743 2387 921 2421 ducta,suam

129 2432 370 2468 gloriﬁcationem.
391 2441 440 2460 nec
459 2441 512 2460 non
527 2437 554 2460 et
568 2434 683 2461 aliorum
700 2435 829 2462 ostendit.
849 2435 923 2468 Quo-

131 2478 216 2506 modo
233 2483 322 2506 autern
337 2487 370 2506 ex
384 2480 497 2511 semine,
515 2484 562 2507 aut
573 2480 675 2515 planta,
694 2485 741 2507 aut
757 2482 858 2508 animal
874 2489 922 2517 ge-

132 2528 248 2552 neretur
264 2524 348 2552 habes
363 2534 395 2552 ex
412 2526 558 2553 Aristotele
577 2534 596 2553 ll
626 2526 665 2554 De
685 2531 802 2561 generat.
827 2527 922 2559 auim.,

131 2578 197 2604 cap.
213 2568 238 2600 i,
254 2570 299 2596 ubi
318 2570 374 2597 haec
390 2570 469 2606 longe
483 2571 578 2603 dubia,
603 2576 630 2598 et
645 2576 831 2605 controversa,
855 2572 923 2600 satis

132 2618 215 2641 acute
234 2615 304 2641 sicut
320 2620 346 2642 et
367 2619 465 2643 cetera
492 2617 585 2643 omnia
600 2616 808 2652 perpenduntur
833 2619 860 2644 et
876 2624 924 2643 ex-

131 2662 283 2696 plicantur.

170 2707 251 2738 lbid.,
265 2708 312 2736 lin.
328 2708 373 2736 45.
396 2709 591 2744 Θαλπομένου
606 2709 640 2736 δὲ
654 2710 699 2737 ἀεὶ
716 2710 768 2737 τοῦ
786 2709 924 2743 ,βλαστή-

130 2762 237 2788 ματος.
265 2753 392 2787 Basilius.
417 2755 490 2782 hom.
509 2756 525 2783 5
551 2765 557 2782 :
584 2755 757 2792 Θαλπομένου
779 2756 806 2783 δὲ
820 2757 863 2783 ἀεὶ
877 2756 923 2783 τοῦ

134 2800 326 2835 βλαστήματος
343 2802 494 2837 συρομένην
515 2802 558 2829 διὰ
575 2801 629 2828 τῶν
651 2802 733 2838 ῥιζῶν
755 2803 803 2839 τὴν
823 2803 921 2835 νοτίδα,

178 2846 199 2861 ¹⁸
219 2845 283 2873 Ceu.
302 2847 402 2882 “1,18.

361 2895 495 2927 ΡΑτκοι..
515 2896 574 2926 Gn.
592 2896 707 2928 XVIII.

960 913 1102 949 ἀσταχύων
1119 913 1248 948 φέρωσιν,
1261 913 1324 939 ὅταν
1337 912 1450 947 πλήρεις
1464 912 1539 943 ὄντες
1552 911 1666 947 καρπῶν
1680 912 1748 947 πρὸς

960 961 1008 996 τὴν
1023 961 1073 996 γῆν
1089 959 1322 992 κατακλίνωνται;
1350 959 1399 985 Διὰ
1418 958 1496 985 τοῦτο
1510 959 1524 985 ὁ
1539 958 1587 994 μὲν
1602 957 1701 993 βρόμος
1714 958 1746 984 δι’

960 1007 1021 1034 ὅλου
1037 1006 1123 1039 κενὸς,
1136 1006 1183 1033 ἅτε
1197 1006 1292 1041 μηδενὶ
1306 1005 1354 1041 τὴν
1368 1004 1487 1040 κεφαλὴν
1499 1004 1691 1040 βαρυνόμενος,
1702 1003 1748 1031 τὸν

960 1053 987 1079 δὲ
1006 1054 1078 1079 σῖτον
1091 1053 1146 1084 τοῖς
1164 1052 1321 1087 συνδέσμοις
1338 1051 1441 1083 τούτοις
1455 1051 1471 1087 ὴ
1490 1051 1569 1085 φύσις
1582 1051 1748 1087 κατησφαλί-

962 1107 1036 1126 σατο.
1055 1100 1099 1126 Ἐν
1112 1099 1183 1135 θήκῃ
1208 1098 1237 1125 δὲ
1253 1099 1298 1125 τὸν
1314 1098 1413 1126 κόκκον
1426 1098 1591 1133 ἀποθεμένη,
1603 1098 1641 1129 ὡς
1655 1098 1691 1133 μὴ
1704 1098 1749 1124 εύ-

961 1144 1126 1180 διάρπαστον
1140 1142 1208 1171 εἶναι
1224 1145 1280 1175 τοῖς
1294 1143 1500 1180 σπερμολόγοις,
1510 1143 1549 1169 ἔτι
1565 1143 1612 1170 καὶ
1625 1144 1656 1179 τῇ
1673 1151 1750 1178 περι-

962 1192 1025 1228 6ολῇ
1042 1192 1096 1218 τῶν
1119 1191 1270 1228 ἀνθερίκων
1292 1189 1347 1218 οἷον
1370 1191 1444 1218 ἀκίσι
1459 1190 1507 1223 τὰς
1522 1191 1554 1218 ἐκ
1569 1191 1623 1217 τῶν
1645 1191 1750 1227 μικρῶν

962 1238 1038 1271 ζώων
1062 1238 1191 1273 ἀφίστησι
1215 1238 1326 1274 βλάϐας.
1345 1237 1443 1265 Cicero
1465 1236 1498 1264 de
1526 1240 1665 1264 senectute
1692 1237 1749 1264 haec

961 1284 1053 1311 omnia
1065 1283 1247 1312 disertissime
1261 1284 1436 1319 prosequitur
1449 1291 1456 1309 τ
1472 1282 1628 1319 Quanquam
1642 1291 1682 1310 me
1693 1284 1750 1318 qui-

962 1329 1021 1356 dem
1036 1338 1088 1357 non
1103 1330 1205 1365 fructus
1220 1330 1307 1359 modo.
1319 1330 1364 1357 sed
1374 1330 1454 1357 etiam
1467 1329 1547 1363 ipsius
1563 1334 1640 1356 terrae
1651 1329 1697 1363 jus
1720 1337 1751 1355 ac

963 1380 1061 1404 natura
1082 1376 1194 1403 delectat
1210 1384 1218 1403 :
1234 1385 1291 1411 qua:
1302 1384 1360 1402 cum
1391 1376 1489 1411 gremio
1508 1375 1609 1402 mollito
1637 1384 1668 1402 ac
1687 1370 1751 1402 sub;

963 1426 1021 1448 acto
1032 1430 1117 1449 semen
1134 1430 1255 1456 sparsum
1266 1422 1363 1456 excipit
1379 1429 1389 1448 :
1412 1421 1527 1456 primum
1541 1420 1569 1448 id
1593 1427 1752 1448 occaecatum

963 1467 1086 1499 cohibet;
1111 1475 1144 1494 ex
1157 1476 1207 1503 quo
1224 1468 1336 1500 occatio,
1364 1476 1422 1503 quae
1446 1467 1493 1494 hoc
1513 1467 1600 1502 efﬁcit,
1617 1468 1752 1494 nominata

965 1519 1025 1541 est:
1038 1514 1133 1541 deinde
1149 1514 1304 1549 tepefactum
1319 1522 1414 1549 uapore
1429 1520 1452 1541 et
1470 1522 1619 1548 compressu
1634 1522 1682 1541 suo
1703 1514 1753 1549 dif-

965 1562 1066 1596 fundit,
1078 1567 1102 1589 et
1122 1562 1194 1589 elicit
1208 1562 1398 1589 herbescentem
1413 1570 1445 1589 ea:
1457 1571 1487 1589 eo
1502 1562 1660 1589 viriditate»:
1672 1570 1682 1594 ;
1695 1570 1753 1597 qua

970 1609 1014 1635 eia:
1036 1617 1051 1634 a
1067 1608 1142 1643 ﬁbris
1165 1609 1302 1643 stirpium,
1331 1609 1428 1636 sensim
1451 1608 1587 1641 adolescit,
1619 1609 1754 1644 culmoque

971 1662 1058 1681 erecta
1071 1655 1231 1688 geniculato,
1247 1655 1348 1690 vaginis
1360 1655 1419 1690 jam
1428 1655 1504 1690 quasi
1517 1655 1656 1690 pubescens
1668 1656 1754 1682 inclu-

967 1700 1050 1733 ditur,
1067 1709 1081 1727 e
1100 1700 1193 1735 quibus
1215 1709 1273 1727 cum
1293 1701 1426 1728 emerserit
1437 1721 1443 1733 ,
1457 1700 1544 1736 fundit
1557 1701 1656 1736 frugem
1670 1703 1754 1737 spisso

968 1745 1059 1772 ordine
1076 1751 1204 1778 sructam,
1225 1750 1248 1773 et
1264 1751 1356 1773 contra
1380 1747 1468 1774 avium
1492 1748 1623 1774 minorum
1638 1756 1754 1775 morsum

969 1792 1086 1820 munitur
1109 1792 1179 1819 vallo
1201 1793 1358 1819 aristarum.
1384 1792 1459 1820 Hanc
1488 1793 1552 1821 item
1583 1797 1686 1821 natura:
1701 1795 1754 1820 vim

969 1840 1006 1866 ita
1022 1839 1138 1874 explicat
1151 1838 1305 1866 Alexander
1318 1838 1506 1874 Aphrodiseus
1527 1839 1554 1866 in
1572 1839 1617 1866 lib.
1641 1848 1660 1872 ι,
1685 1840 1755 1867 Pro-

970 1885 1047 1912 blem.
1063 1885 1089 1912 in
1102 1893 1218 1920 pronam.
1231 1894 1237 1912 :
1253 1884 1381 1921 Καρποῦς
1396 1885 1423 1911 δὲ
1435 1886 1539 1917 πάντας
1554 1886 1600 1912 καὶ
1612 1886 1756 1922 σπέρματα

970 1931 1037 1967 πρὸς
1050 1930 1157 1965 γένεσιν
1174 1931 1220 1958 καὶ
1236 1931 1360 1967 διαδοχὴν
1376 1931 1423 1958 τοῦ
1434 1932 1528 1966 γένους
1539 1933 1724 1969 τεκτηναμένη
1737 1935 1754 1968 ἡ

971 1978 1184 2013 φύσις.λεπίσιν,
1199 1979 1215 2013 ἢ
1231 1978 1337 2013 σώμασί
1351 1986 1421 2004 τισιν
1432 1978 1550 2014 ὑγροῖςῆ
1569 1979 1722 2012 ξυλώδεσιν,
1738 1980 1754 2015 ἦ

969 2025 1111 2060 δέρμασιν,
1131 2025 1231 2061 ὁμοίως
1259 2024 1427 2060 ἠσφαλίσατο
1439 2033 1446 2039 ·
1459 2025 1582 2061 καθάπερ
1606 2026 1634 2052 ὲν
1649 2026 1758 2062 κιίωτῷ

970 2072 1079 2104 τούτους
1099 2071 1281 2108 ἀποκρύψασα
1299 2072 1367 2108 πρὸς
1382 2072 1526 2108 ἀποφυγὴν
1547 2073 1646 2108 κρύους
1661 2074 1677 2110 ἢ
1695 2073 1758 2101 θάλ-

972 2118 1074 2154 πους,ἦ
1090 2117 1167 2151 ζώων
1182 2118 1260 2145 τινῶν
1270 2118 1443 2145 ἀδικούντων.
1452 2119 1507 2144 Καὶ
1522 2119 1586 2146 αὐτὸ
1596 2119 1623 2146 δὲ
1636 2120 1666 2146 τὸ
1681 2120 1758 2156 περί-

972 2163 1065 2200 ϐλημα
1085 2164 1225 2196 παντελῶς
1247 2165 1355 2200 ἀχρεῖον
1370 2165 1399 2191 οὐ
1416 2164 1582 2200 κατέλειψεν,
1600 2165 1666 2192 ἀλλὰ
1691 2167 1759 2202 πρὸς

972 2209 1074 2245 τροφὴν
1087 2210 1302 2246 παρεσκεύασεν.

1008 2254 1089 2288 lbid.,
1113 2255 1162 2282 lin.
1181 2255 1226 2283 57.
1244 2255 1300 2282 Καὶ
1316 2256 1342 2281 εὶ
1358 2255 1590 2289 συνεϐλὰστησε
1615 2256 1676 2289 τοῖς
1699 2265 1761 2290 τρε-

972 2300 1081 2335 φίμοις.
1115 2299 1244 2333 Basilius,
1261 2301 1335 2328 hom.
1354 2301 1371 2328 5
1387 2310 1393 2328 :
1411 2301 1466 2327 Καὶ
1487 2301 1586 2333 εὐθέως
1604 2301 1760 2337 συνεξεεόθη

972 2347 1029 2377 τοῖς
1044 2346 1187 2381 τροφίμοις
1200 2346 1235 2373 τὰ
1251 2346 1412 2383 δηλητήρια,
1430 2347 1498 2382 μετά
1510 2347 1555 2373 τοῦ
1573 2347 1645 2374 σίτου
1661 2348 1691 2374 τὺ
1707 2351 1761 2374 κώ-

973 2400 1053 2424 νειον,
1081 2392 1150 2428 μετά
1177 2392 1231 2419 τῶν
1247 2392 1348 2419 λοιπῶν
1371 2393 1522 2428 τροφίμων,
1548 2393 1686 2429 ἐλλέϐορος
1715 2395 1761 2421 καὶ

974 2437 1106 2469 ἀκόνιτον,
1127 2438 1173 2464 καὶ
1187 2438 1377 2474 μανδραγόρας
1392 2439 1438 2465 καὶ
1452 2439 1466 2464 ὀ
1478 2439 1528 2473 τῆς
1545 2438 1668 2474 μήκωνος
1685 2439 1759 2470 ὀπός.

974 2483 1066 2511 Multis
1084 2484 1154 2511 hanc
1172 2484 1351 2518 quarstionein
1370 2485 1507 2519 proponit,
1522 2489 1549 2512 et
1564 2485 1688 2513 dissolvit
1708 2484 1762 2512 Lu-

974 2529 1088 2557 dovicus
1103 2529 1214 2561 Fidelis,
1228 2529 1265 2556 De
1279 2530 1371 2556 mundi
1385 2534 1530 2562 structura,
1541 2530 1589 2557 lib.
1607 2538 1642 2563 Iv,
1661 2538 1720 2565 cap.
1733 2530 1761 2562 ὅ,

974 2581 1001 2605 et
1020 2578 1168 2613 respondet
1188 2585 1282 2605 eorum
1311 2577 1446 2612 opinioni,
1471 2578 1518 2612 qui
1546 2577 1645 2606 herbas
1666 2578 1762 2606 noxias

976 2627 1053 2650 sexto
1065 2623 1181 2658 diepost
1196 2623 1277 2658 primi
1294 2623 1416 2658 parentis
1428 2623 1674 2658 transgressionem
1695 2631 1761 2651 con-

975 2669 1047 2696 ditas
1065 2669 1232 2700 sentiebant,
1251 2668 1297 2695 illa
1319 2669 1447 2696 suasione
1462 2668 1588 2703 permoti,
1603 2669 1676 2703 quod
1692 2668 1762 2696 Deus

977 2713 1114 2740 hominem
1127 2713 1325 2746 condemnans,
1341 2713 1462 2740 futurum
1479 2713 1630 2749 respiciens
1641 2714 1739 2742 dixerit
1754 2724 1760 2742 :

976 2758 1139 2786 Cerminabit
1157 2759 1205 2785 tibi
1221 2764 1290 2786 terra
1310 2758 1421 2786 tribulos
1442 2764 1468 2787 et
1487 2760 1576 2794 spinas
1586 2760 1618 2792 ¹⁸,
1647 2760 1764 2796 ideoque

975 2811 1070 2833 rentur
1087 2806 1113 2833 in
1140 2805 1330 2841 hujuscemodi
1354 2806 1585 2842 transgressionis
1603 2814 1713 2842 poenam
1730 2814 1763 2834 ac

1567 2898 1606 2927 ΞΠ

492 3124 1335 3345 ἡ
1619 3118 1946 3410 1
