3924 6968
567 216 671 315 sui

1901 264 2146 324 LEONIS
2183 269 2461 324 ALLATII

3638 285 3718 340 8N

565 381 858 438 vindictam
885 381 1080 436 herbas
1104 381 1294 438 noxias
1316 392 1438 472 post
1460 384 1589 441 Adae
1619 387 2101 456 pravaricationen

2225 392 2446 464 λέϐορον
2467 397 2576 456 τοῖς
2604 393 2908 464 ἀνθρώποις
2928 394 3244 468 δηλητήριον
3268 396 3408 460 όντα,
3434 399 3589 472 ψᾶρες
3610 402 3656 458 δὲ
3677 407 3723 462 τὸ

563 472 741 528 solum
776 468 945 524 fuisse
971 468 1296 532 «productas.
1321 470 1473 528 Vera
1509 480 1688 528 tamen
1720 481 1804 529 est
1859 475 2128 530 sententia

568 562 832 618 Eustathii
859 569 913 616 et
941 562 1171 617 aliorum
1191 564 1287 633 qui
1317 565 1514 622 herbas
1535 566 1634 622 has
1664 567 1852 621 noxias
1875 582 1982 621 una
2003 581 2126 622 cum

567 654 686 710 aliis
721 652 904 708 herbis
929 663 1212 723 generatas
1242 657 1535 712 existimat.
1575 656 1747 712 Noxia
1783 658 1929 712 enim
1955 667 2008 713 et
2037 674 2117 714 ve-

569 759 771 800 nenosa
806 745 968 800 rebus
999 745 1120 800 aliis
1149 749 1432 803 commista
1459 749 1698 803 humano
1713 751 1895 820 generi
1925 750 1978 804 in
2001 765 2126 804 cor-

568 836 717 906 poris
745 836 1161 906 aegritud-inibus
1211 839 1471 895 sanandis
1521 840 1644 894 usui
1676 849 1821 895 sunt.
1863 839 1971 895 Nec
2017 857 2125 895 non

565 927 891 982 animalibus
921 928 1269 997 quibusdam,
1322 945 1511 984 eorum
1563 932 1809 1001 corporis
1857 933 2126 986 constitu-

566 1019 712 1074 tione
755 1020 829 1074 ita
876 1029 1158 1089 poscente,
1195 1037 1310 1092 'pro
1361 1023 1620 1078 alimento
1678 1024 2024 1093 deserviunt,
2066 1034 2124 1079 ut

565 1112 824 1181 exemplis
859 1109 1086 1166 inferius
1117 1112 1676 1182 patebit.-Lucretius,
1715 1116 1809 1169 lib.
1839 1132 1869 1168 v
1903 1134 1919 1170 :

667 1287 930 1342 Pratterea
964 1290 1111 1342 nobis
1139 1301 1502 1346 veratrum-est
1533 1309 1653 1346 acre
1687 1310 1955 1356 venenum,

667 1361 736 1433 4t
762 1359 1197 1433 capris‘adipes,
1243 1370 1293 1414 et
1329 1363 1686 1416 coturnicibus
1726 1376 1902 1433 auget.

668 1428 869 1501 Quippe
896 1428 1064 1482 videre
1090 1428 1215 1483 licet
1245 1433 1575 1501 pinguescere
1611 1448 1745 1501 serpe
1766 1428 1938 1488 cicuta

662 1499 977 1568 Barbigeras
995 1501 1234 1568 pecudes,
1265 1499 1462 1554 laoinini
1484 1519 1598 1572 qua:
1610 1499 1692 1557 est
1713 1521 1834 1558 acre
1851 1522 2115 1559 venenum.

563 1676 703 1731 Idem
750 1678 990 1732 sentiunt
1041 1678 1413 1736 Theodoretus
1455 1691 1507 1738 et
1537 1684 1893 1754 Ambrosius;
1925 1696 1978 1743 et
2012 1687 2118 1742 Au—

562 1769 749 1824 sonius
780 1770 854 1822 ait
885 1789 898 1823 :

632 1949 826 2021 Toa‘ica
852 1950 1088 2020 zelotypo
1110 1951 1253 2004 dedit
1284 1968 1419 2007 uxor
1441 1956 1638 2009 masc/ra
1661 1973 1868 2021 veneno,

701 2019 811 2074 Nec
838 2022 966 2075 satis
994 2019 1068 2072 ad
1096 2032 1309 2076 mortem
1352 2024 1569 2078 credidit
1597 2043 1708 2081 esse
1723 2019 1928 2084 datum.

632 2090 846 2163 Miscuit
871 2093 1074 2159 argenti
1094 2092 1311 2146 let/talia
1331 2095 1564 2161 pondera
1594 2097 1714 2163 vivi,

695 2159 911 2232 cogeret
931 2171 986 2213 ut
1009 2163 1220 2215 celerem
1240 2163 1314 2216 vis
1331 2159 1595 2232 geminata
1626 2159 1817 2222 necem.

628 2229 976 2305 Diuidathwc
999 2233 1193 2301 siquis,
1224 2229 1670 2301 {aciuittdiscreta
1703 2255 1969 2305 venenum,

697 2301 1003 2355 Antidotum
1026 2314 1226 2356 sument
1259 2320 1373 2371 qua:
1403 2307 1602 2360 sociata
1626 2309 1783 2365 bibet.

556 2454 645 2509 Sic
674 2463 725 2509 et
755 2455 1109 2511 animantium
1142 2474 1338 2528 genera
1363 2461 1588 2530 pulchra
1608 2473 1757 2530 sunt,
1787 2475 1842 2518 et
1873 2464 2110 2520 homini-

555 2549 656 2604 bus
687 2565 792 2605 non
828 2549 1008 2604 minus
1056 2552 1204 2605 utilia
1245 2569 1406 2622 quam
1447 2557 1756 2611 necessaria
1796 2576 1809 2610 :
1846 2561 2109 2613 nonnulla

552 2647 730 2694 tamen
761 2643 1064 2710 perniciosa
1091 2653 1220 2697 sunt
1249 2655 1302 2699 et
1339 2647 1553 2701 nociva.
1582 2645 1792 2704 Plinius
1824 2648 2108 2706 Naturalis

554 2729 698 2784 Ilist.
743 2732 834 2786 lib.
869 2749 928 2794 ιι,
965 2749 1081 2803 cap.
1119 2735 1206 2798 63,
1243 2737 1404 2790 aliam
1441 2738 1603 2807 hujus
1642 2741 1720 2793 rei
1760 2756 1980 2796 causam
2019 2757 2110 2797 as-

551 2819 768 2889 signat:
804 2821 941 2888 Quin
993 2831 1042 2875 et
1089 2839 1282 2878 venena
1314 2834 1506 2879 terram
1536 2830 1701 2882 nostri
1738 2831 2004 2884 miseriam
2027 2833 2109 2886 in-

549 2912 781 2965 stituisse
815 2913 956 2965 credi
996 2923 1195 2981 potest,
1243 2931 1304 2968 ne
1349 2916 1402 2968 iu
1448 2917 1606 2970 twdio
1632 2918 1762 2972 dira’
1786 2920 1907 2975 :‘t'tte
1946 2920 2105 2990 famis

549 3020 710 3067 mors,
742 3013 894 3057 teme
922 3007 1118 3060 meritis
1145 3008 1490 3073 alienissima,
1524 3011 1663 3064 lenta
1694 3029 1788 3066 nos
1831 3029 2106 3070 consume-

549 3105 625 3148 ret
652 3095 788 3157 tabe,
823 3113 884 3149 ne
916 3097 1143 3150 lacerum
1171 3113 1357 3166 corpus
1381 3100 1606 3168 abrupta
1638 3102 2014 3173 dispergerent,
2043 3121 2105 3159 ne
2134 3089 2175 3142 (ἶ

547 3188 718 3256 laquei
775 3197 1029 3258 torqueret
1078 3206 1229 3258 plena
1275 3202 1619 3260 pra'postera,
1672 3194 1878 3249 incluso
1917 3197 2106 3265 spiritu

543 3282 631 3334 cui
651 3292 969 3350 quwreretiir
989 3284 1160 3338 ea'itus
1187 3301 1204 3338 :
1229 3301 1290 3338 ne
1332 3286 1383 3338 in
1399 3287 1660 3355 profundo
1679 3292 1900 3359 quaesita
1921 3303 2105 3359 morte,

543 3373 813 3441 sepultura
840 3373 1032 3442 pabulo
1062 3375 1231 3444 fieret,
1277 3393 1339 3430 ne
1383 3378 1513 3446 ferri
1552 3383 1818 3435 cruciatus
1849 3382 2106 3438 scinderet

543 3483 754 3536 corpus.
791 3464 880 3520 Ita
910 3477 985 3520 est
1030 3469 1267 3532 miserta,
1329 3473 1504 3540 genuit
1544 3472 1598 3525 id
1631 3475 1781 3540 cuius
1837 3475 2102 3544 facillimo

541 3557 754 3623 haustu,
786 3557 991 3612 illibata
1026 3575 1259 3628 corpore,
1285 3572 1332 3614 et
1360 3578 1476 3615 cum
1513 3572 1620 3618 toto
1652 3569 1904 3636 sanguine
1931 3570 2104 3622 extin-

537 3665 833 3718 gueremur,
862 3650 1007 3703 nullo
1043 3651 1239 3718 labore,
1267 3653 1565 3708 sitientibus
1597 3657 1794 3712 similes
1827 3674 1845 3711 :
1875 3660 2102 3728 qualiter

520 3738 810 3807 defunctos
840 3757 942 3794 non
965 3741 1212 3808 volucris,
1239 3759 1340 3796 non
1365 3742 1479 3811 fera
1519 3729 1818 3815 attingeret,
1850 3756 2100 3820 terrwqus

536 3841 847 3896 seruaretur,
862 3833 950 3902 qui
964 3831 1062 3886 sibi
1083 3834 1179 3901 ipsi
1194 3835 1460 3902 periisset;
1478 3847 1546 3904 et,
1562 3849 1615 3890 ut
1630 3855 1801 3893 verum
1817 3841 2096 3910 fateantur,

537 3934 677 3980 terra
730 3926 878 3980 nobis
931 3928 1193 3981 malorum
1251 3930 1534 3984 remedium
1579 3938 1779 4002 genuit,
1825 3951 1918 3988 nos
1962 3935 2097 3989 illud

535 4017 652 4070 uita.-
710 4018 934 4087 facimus
991 4036 1260 4076 venenum.
1309 4020 1416 4078 Sed
1469 4024 1600 4094 quid
1664 4025 1870 4080 diceret
1932 4026 2096 4083 homo

531 4107 807 4171 ethnicus,
843 4111 990 4164 omni
1035 4110 1219 4165 divino
1264 4113 1468 4169 lumine
1510 4115 1824 4182 destitutus,
1877 4133 2094 4190 praeque

533 4199 719 4252 mundi
782 4199 944 4269 hujus
1010 4204 1232 4258 caducis
1287 4205 1586 4273 blanditiis,
1642 4209 1776 4263 nihil
1812 4212 2092 4270 aestimans

528 4298 810 4357 aeternum,
835 4293 1035 4346 nullam
1062 4306 1386 4365 exspectans
1419 4297 1730 4356 felicitatem
1755 4301 1777 4354 ?

2229 483 2473 539 κώνειον.
2501 484 2824 541 Coturnices
2861 487 2988 541 item
3027 488 3251 542 venenis
3284 489 3614 560 pinguescere
3640 506 3726 551 tra-

2229 573 2310 627 dit
2333 573 2542 630 Plinius
2570 574 2667 629 lib.
2699 591 2756 638 x,
2801 590 2923 644 cap.
2962 575 3055 641 2‘5,
3085 576 3449 634 Coturuicibus
3491 586 3728 642 venenis:-

2229 687 2344 724 men
2367 673 2701 741 gratissimus
2725 673 2906 726 cibus:
2931 689 3084 743 quam
3111 674 3175 728 ob
3202 692 3414 730 causam
3444 696 3525 733 eas
3544 680 3729 738 damna-

2227 779 2340 816 vere
2386 780 2598 828 mensor,
2635 765 2890 834 simulque
2930 768 3247 821 comitialem
3296 779 3496 839 propter
3529 775 3725 830 morbum

2227 857 2408 923 despui
2441 867 2665 921 suetum,
2699 873 2850 926 quem
2881 859 3008 912 salte
3030 859 3345 913 animalium
3374 863 3730 930 sentiunt,pra-

2228 957 2304 1001 ter
2325 948 2605 1002 hominem.
2656 948 2713 1002 in
2745 950 2829 1005 his
2862 950 3022 1006 Plinii
3047 953 3230 1008 verbis
3261 953 3433 1008 obiter
3459 953 3508 1007 id
3528 937 3730 1011 animad-

2223 1038 2538 1091 vertendum
2583 1037 2651 1092 de
2699 1041 2960 1093 comitiali
3012 1041 3177 1094 verbo
3217 1056 3336 1094 non
3365 1043 3599 1098 omnibus
3637 1061 3732 1102 esse

2225 1143 2387 1181 unam
2426 1128 2777 1184 sententiam.
2811 1130 3133 1185 Aristoteles
3175 1131 3230 1184 in
3275 1129 3524 1185 Problem.
3552 1136 3734 1198 ιιι,Μὰ

2223 1228 2344 1276 νους
2397 1210 2713 1282 ἀνθρώπους
2733 1216 2808 1266 ’ἐν
2841 1215 2918 1286 τῷ
2937 1216 3045 1268 τῶν
3085 1214 3246 1280 ζώων
3269 1217 3412 1284 γένει
3448 1218 3732 1290 ἐπιλήπτους

2222 1303 2488 1370 γίνεσθαι.
2521 1303 2850 1360 Plutarchus
2878 1305 3027 1360 addit
3074 1307 3575 1376 capramzlacobus
3611 1311 3735 1367 Dele-

2223 1397 2489 1466 campius,
2551 1405 2605 1452 et
2662 1413 2847 1462 canes,
2901 1406 2954 1452 et
2996 1397 3130 1453 feles
3164 1408 3218 1453 et
3255 1400 3450 1454 arietes
3489 1415 3547 1456 eo
3574 1404 3733 1456 morbo

2222 1489 2448 1558 periisse
2465 1504 2523 1542 se
2553 1487 2753 1544 vidisse
2783 1497 3054 1555 testatur;
3089 1505 3292 1560 capras
3321 1501 3372 1546 et
3402 1507 3522 1546 oves
3543 1508 3733 1550 eomor-

2221 1580 2290 1633 bo
2325 1581 2508 1634 vexari
2539 1581 2703 1635 tradit
2750 1579 3109 1650 Hippocrates
3166 1581 3264 1636 lib.
3312 1583 3446 1651 Περὶ
3470 1584 3569 1653 τῆς
3601 1586 3732 1655 ἱερῆς

2218 1671 2429 1724 νόσου⁹
2457 1684 2628 1740 equos
2645 1670 2932 1741 Apsyrtus;
2955 1672 3268 1742 accipitres,
3294 1682 3348 1728 et
3376 1678 3606 1744 graculos
3629 1677 3734 1731 Bro-

2148 1749 2191 1803 Β
2221 1763 2370 1817 dzeus
2397 1762 2492 1816 lib.
2518 1779 2600 1827 ιιι,
2634 1777 2734 1832 cap
2755 1763 2859 1829 23;
2901 1763 3099 1819 Sextus
3135 1781 3265 1820 vero
3299 1765 3588 1836 Empiricos
3621 1768 3731 1840 Pyr-

2217 1853 2572 1924 rhonJiypot.
2605 1855 2699 1908 lib.
2731 1871 2768 1916 ι,
2797 1870 2906 1909 non
2931 1855 3295 1923 helleborum,
3315 1859 3403 1914 sed
3423 1861 3632 1915 cicutam
3655 1877 3728 1916 co-

2215 1945 2458 1997 turnices
2475 1943 2874 2014 pinguefacere,
2891 1947 3050 2000 sicuti
3069 1947 3437 2021 hyoscyamus
3449 1965 3564 2005 Sues
3578 1951 3727 2006 refert:

2215 2035 2288 2087 Τὸ
2311 2034 2439 2104 γοῦν
2465 2034 2684 2088 κώνειον
2718 2037 2917 2090 πιαίνει
2945 2038 3070 2101 τοὺς
3086 2037 3345 2107 ὄρτυγας,
3371 2042 3460 2094 καὶ
3487 2045 3513 2096 ό
3536 2043 3728 2096 ύοσκύειο

2217 2144 2315 2197 μος
2337 2127 2434 2190 τὰς
2448 2121 2530 2195 ὗς,
2549 2128 2604 2180 αἳ
2619 2128 2682 2198 δὴ
2699 2129 2946 2200 χαίρουσι
2968 2133 3059 2185 καὶ
3083 2134 3225 2187 σαλα
3233 2134 3464 2206 μάνδρας
3480 2135 3727 2188 ὲσοίουσαι.

2286 2217 2444 2283 lbid.,
2477 2219 2573 2274 lin.
2603 2220 2655 2274 9.
2692 2221 2792 2274 Διὰ
2826 2221 2893 2274 δὲ
2925 2223 3030 2276 τοῦ
3050 2224 3485 2294 μανδραγόρου.
3515 2225 3724 2288 Basilius,

2215 2310 2360 2365 hom.
2393 2311 2426 2366 5
2451 2330 2462 2360 :
2491 2313 2609 2365 Ἔτι
2637 2313 2695 2365 δὲ
2729 2315 2820 2366 καὶ
2847 2315 2982 2368 αύτά
3014 2316 3191 2369 ταῦτα
3227 2319 3282 2371 ὲν
3322 2318 3489 2388 καιρῷ
3516 2335 3627 2370 ποτε
3654 2321 3728 2370 καὶ

2212 2401 2345 2470 ἡμῖν
2385 2403 2649 2473 χρήσιμα.
2679 2404 2775 2456 Διὰ
2814 2405 2912 2475 μὲν
2941 2405 3049 2478 γὰρ
3081 2407 3180 2460 τοῦ
3211 2408 3567 2481 μανδραγόρου
3594 2409 3725 2462 ὕπνον

2215 2493 2389 2563 ἰατροὶ
2441 2495 2837 2563 κατεπάγουσιν
2879 2513 2892 2526 °
2933 2497 3072 2566 ὀπέῳ
3104 2498 3163 2551 δὲ
3190 2499 3290 2563 τὰς
3333 2501 3552 2572 σφοδρὰς
3574 2501 3728 2563 ὀδύνας

2209 2584 2318 2636 τῶν
2344 2585 2607 2654 σωμάτων
2634 2587 3116 2659 κατακοιμίζουσιν
3141 2607 3158 2620 ο
3184 2591 3284 2662 ἤδη
3325 2591 3378 2644 δέ
3402 2609 3533 2656 τινες
3551 2591 3617 2663 τῷ
3643 2610 3726 2646 κω-

2211 2675 2336 2746 νείῳ
2364 2677 2456 2730 καὶ
2497 2677 2558 2730 τὸ
2602 2678 2871 2743 λυσσῶδες
2926 2681 3031 2734 τῶν
3076 2682 3313 2752 ὀρέξεων
3374 2684 3724 2756 κατεμάραναν,

2211 2767 2303 2820 καὶ
2340 2767 2418 2838 τῷ
2470 2769 2734 2842 ἐλλεϐόρῳ
2763 2771 2931 2825 πολλὰ
2963 2771 3071 2826 τῶν
3101 2775 3336 2845 χρονίων
3375 2776 3548 2830 παθῶν
3575 2775 3725 2847 ὲξεμό·

2209 2859 2458 2928 χλευσαν.
2492 2860 2709 2916 Plenam
2748 2864 3126 2935 mandragorae
3163 2867 3346 2923 herbae
3382 2868 3724 2923 consideratio-

2208 2967 2330 3006 nem
2358 2953 2524 3008 habes
2557 2955 2697 3024 apud
2734 2955 2968 3009 Plinium
3000 2958 3096 3012 lib.
3129 2975 3265 3026 xxv,
3303 2975 3418 3030 cap.
3448 2960 3526 3025 l5,
3555 2960 3600 3014 in
3624 2975 3723 3029 quo,

2209 3053 2262 3097 et
2295 3043 2412 3112 ejus
2441 3045 2495 3097 in
2527 3047 2816 3102 medicinis
2843 3064 2975 3102 usus
3006 3050 3341 3118 explicatur,
3368 3051 3486 3120 ejus
3512 3052 3619 3104 item
3639 3051 3721 3102 vim

2211 3135 2546 3190 somnilicam
2580 3139 2652 3190 ita
2674 3139 2945 3207 explicat:
2977 3125 3131 3193 Folia
3173 3152 3536 3195 conservantur
3559 3141 3604 3194 in
3631 3156 3723 3194 ms-

2212 3228 2292 3278 ria
2321 3226 2601 3295 efﬁcacius,
2638 3228 2774 3282 alias
2808 3231 3091 3285 recentium
3125 3249 3321 3286 succus
3361 3234 3511 3302 pestis
3530 3243 3596 3286 est
3626 3234 3720 3284 :sic

2207 3334 2408 3386 quoque
2434 3321 2608 3373 noxia:
2630 3323 2782 3376 vires.
2822 3319 3171 3378 Gravedinem
3204 3328 3366 3379 etiam
3389 3325 3718 3396 a/[eruntolla-

2207 3423 2293 3464 ctu
2323 3428 2341 3465 :
2365 3427 2664 3482 quanquam
2690 3415 2833 3468 mala
2854 3416 2906 3469 in
2933 3417 3202 3488 aliquibus
3244 3423 3397 3475 terris
3428 3421 3712 3475 mandantur.

2206 3503 2368 3556 nimio
2405 3513 2575 3558 tamen
2593 3505 2751 3559 odore
2780 3507 3141 3562 obmutescunt
3167 3513 3362 3581 ignari.
3402 3511 3530 3566 Potu
3555 3511 3716 3582 quidem

2203 3593 2434 3664 largiore
2469 3597 2628 3649 etiam
2657 3599 2972 3655 moriuntur.
3024 3600 3108 3654 Vis
3138 3603 3420 3673 somniﬁca
3445 3619 3531 3673 pro
3562 3602 3715 3656 viribus

2204 3685 2506 3741 bibentium.
2545 3687 2721 3744 Media
2750 3692 2892 3758 potio
2916 3693 3094 3762 cyathi
3121 3699 3306 3749 unius.
3335 3695 3534 3750 Bibitur
3549 3707 3594 3749 et
3619 3711 3714 3748 caii-

2203 3784 2285 3829 tra
2316 3790 2595 3846 serpentes,
2627 3790 2676 3833 et
2706 3792 2824 3834 ante
2853 3784 3105 3838 sectiones
3149 3789 3536 3858 punitionesque
3554 3803 3606 3839 ne
3621 3801 3711 3838 sen-

2203 3868 2424 3924 tiantur.
2457 3868 2534 3925 0b
2579 3870 2688 3924 hwc
2722 3874 2854 3926 satis
2894 3883 2972 3927 est
3015 3875 3284 3943 aliquibus
3324 3893 3550 3931 somnum
3590 3875 3712 3928 odoro

2197 3961 2467 4028 quaesisse.
2507 3961 2719 4014 Bibitur
2759 3972 2810 4016 et
2850 3979 2944 4032 pro
2986 3964 3253 4020 ltelleboro
3283 3969 3478 4022 duobus
3510 3967 3713 4022 obolisin

2198 4051 2388 4109 mulso.
2427 4052 2490 4107 Et
2513 4052 2872 4124 Tlieophrast.
2908 4056 3051 4111 llist.
3081 4062 3258 4128 plant.
3299 4065 3389 4118 lib.
3423 4079 3491 4128 ix,
3518 4078 3619 4132 cap.
3642 4061 3706 4121 l0.

2196 4145 2463 4218 Καθάπερ
2498 4149 2592 4202 καὶ
2617 4150 2712 4202 τοῦ
2737 4150 3111 4223 μανδραγόρου
3141 4155 3207 4208 τὸ
3231 4157 3328 4210 μὲν
3353 4156 3538 4226 φύλλον
3560 4156 3709 4228 χρήσι-

2198 4254 2297 4307 μον
2342 4235 2478 4292 εἶναι
2522 4257 2651 4309 φασι
2694 4243 2830 4312 πρὸς
2878 4245 2946 4297 τὰ
2981 4245 3111 4317 ἕλκη
3149 4250 3272 4318 μετ’
3312 4249 3543 4318 ἀλφίτου,
3569 4245 3709 4317 τὴνῶ

2195 4331 2352 4403 ῥίζαν
2379 4333 2512 4404 πρὸς
2546 4335 2872 4405 ἐρυσίπελας
2903 4337 3188 4402 ξανθεῖσάν
3228 4360 3287 4396 τε
3315 4344 3405 4396 καὶ
3431 4343 3531 4407 ὄξει
3549 4340 3707 4395 δευθεῖ·

597 4405 715 4460 Col.
753 4406 876 4470 716,
911 4407 1007 4461 lin.
1057 4409 1110 4463 4.
1155 4410 1224 4462 Τὸ
1259 4410 1376 4480 μὲν
1413 4415 1522 4482 γὰρ
1545 4413 1812 4470 κώνειον.
1851 4417 2088 4474 Basilius

2205 4440 2313 4488 τανν
2341 4425 2434 4477 καὶ
2467 4426 2604 4496 πρὸς
2628 4427 2696 4481 τὰ
2729 4429 3057 4502 ποδαγρικὰ,
3077 4435 3173 4486 καὶ
3195 4436 3333 4506 πρὸς
3356 4405 3511 4489 ὕπνον
3530 4436 3609 4487 καὶ
3625 4432 3709 4501 oil-

528 4497 675 4551 hom.
710 4497 775 4552 5:
803 4499 876 4551 Τὸ
904 4499 1002 4570 μὲν
1033 4499 1140 4572 γὰρ
1170 4500 1391 4556 κώνειον
1411 4505 1461 4557 οἰ
1490 4505 1662 4578 ψᾶρες
1685 4509 1970 4578 βόσκονται
2000 4513 2086 4566 διὰ

525 4589 622 4662 τὴν
643 4592 983 4664 κατασκευὴν
1027 4593 1120 4646 τοῦ
1139 4593 1386 4663 σώματος
1413 4597 1508 4669 τὴν
1540 4601 1604 4653 ὲκ
1625 4600 1720 4654 τοῦ
1755 4601 2081 4676 δηλητηρίου

526 4676 730 4750 βλάϐην
775 4677 1272 4752 ἀποδιδράσκοντες.
1304 4687 1550 4751 Λεπτοὺς
1569 4689 1675 4762 γὰρ
1711 4691 1926 4762 ἔχοντες
1957 4696 2084 4758 τοὺς

521 4768 630 4820 ἀπὸ
656 4771 753 4840 τῆς
782 4769 1004 4839 καρδίας
1030 4772 1248 4844 πόρους,
1287 4775 1576 4844 φθάνουσιν
1611 4783 1845 4851 ἐκπέψαι
1874 4786 1935 4838 τὸ
1981 4803 2084 4838 κα-

520 4861 775 4926 ταποθὲν,
809 4863 934 4937 πρὶν
965 4864 1061 4936 τὴν
1090 4867 1182 4919 ἀπ’
1204 4869 1368 4922 αὑτοῦ
1400 4869 1559 4939 ψύξιν
1579 4873 1686 4926 τῶν
1719 4877 1948 4948 καιρίων
1981 4897 2082 4932 κα-

519 4949 810 5021 θάψασοαι.
845 4954 1154 5013 Alexander
1197 4960 1568 5030 Aphrodiseus
1602 4965 1698 5022 lib.
1729 4982 1768 5034 ι,
1808 4965 2079 5025 Problem.

518 5045 572 5099 in
601 5045 940 5116 praefatione.
971 5048 1152 5114 Quare
1184 5065 1402 5109 veratro
1445 5059 1773 5124 coturnices,
1813 5069 1867 5114 et
1902 5063 2079 5116 sturni

515 5137 693 5192 cicuta
727 5147 1038 5207 vescantur,
1067 5142 1209 5197 inter
1258 5148 1590 5214 quaestiones
1642 5151 2076 5222 inexplicabiles,

515 5226 732 5302 Deoque
760 5231 862 5287 soli
901 5230 1165 5289 duntaxat
1205 5244 1462 5309 tanquam
1500 5256 1690 5296 eorum
1744 5245 1943 5300 artifici
1991 5263 2080 5304 so-

515 5317 804 5376 lertissiino
826 5325 1071 5392 cognitas
1103 5326 1298 5395 rejicit.

581 5409 740 5477 lbid.,
769 5415 864 5469 lin.
895 5416 949 5472 8.
991 5418 1101 5472 Τὸν
1131 5419 1198 5472 δὲ
1233 5421 1554 5494 ἐλλέϐορον
1577 5426 1873 5484 ἐσθίουσι.
1920 5430 2075 5487 Basi-

511 5498 618 5554 lius
638 5501 782 5559 hom.
810 5506 843 5559 5
863 5525 876 5560 :
915 5509 1228 5584 Ἐλλὲϐορος
1251 5513 1306 5568 δὲ
1323 5516 1567 5586 ὀρτύγων
1584 5521 1701 5573 ἐστὶ
1725 5523 1920 5594 τροφὴ,
1949 5525 2076 5578 ίδιόο

508 5607 633 5663 τητι
660 5594 907 5665 κράσεως
929 5599 1026 5670 τὴν
1065 5600 1272 5675 βλάὗην
1298 5607 1735 5678 ἀποφευγόντων.
1771 5613 2078 5673 Alexander

506 5680 802 5752 Aphrodis.
839 5686 960 5743 loco
983 5690 1160 5760 citat.,
1195 5698 1461 5768 Ὀρτυγές
1482 5720 1537 5755 τε
1569 5703 1838 5760 σιτοῦνται
1867 5708 1957 5763 τὸν
1987 5712 2074 5765 ἑλ-

2190 4533 2313 4588 τρα.
2351 4517 2562 4572 Διδόασι
2590 4519 2646 4573 δὲ
2687 4523 2744 4574 ὲν
2772 4523 2954 4596 οῐνῳῆ
2986 4528 3044 4578 ὲν
3077 4526 3210 4591 ὄξει.
3247 4528 3505 4599 Τέμνουσι
3533 4528 3582 4582 δὲ
3611 4542 3708 4597 τρο·

2191 4611 2412 4680 χίσκους
2462 4612 2645 4686 ὥςπερ
2695 4617 3333 4690 ραφανίδος,ὲνείραντες
3361 4621 3415 4675 δὲ
3451 4624 3504 4674 ὲν
3533 4619 3706 4689 γλεύκει

2192 4703 2498 4774 ἐκρέμασαν
2517 4706 2656 4776 ὑπὲρ
2674 4709 2900 4762 καπνοῦ.
2931 4709 2995 4764 Et
3025 4710 3328 4783 Xenophon
3352 4714 3405 4768 in
3427 4711 3664 4783 Symposio
3687 4728 3697 4760 :

2191 4793 2280 4864 Τῷ
2311 4795 2419 4867 γὰρ
2445 4797 2556 4850 ὄντι
2580 4795 2721 4863 οἶνος
2748 4802 2922 4872 ἄρδων
2948 4803 3046 4866 τὰς
3073 4803 3251 4876 ψυχὰς
3311 4807 3408 4871 τὰς
3452 4806 3541 4878 μὲν
3564 4802 3700 4860 λύπας

2182 4886 2372 4958 ὥσπερ
2401 4890 2428 4940 ὁ
2460 4891 2840 4962 μανδραγόρας
2867 4895 2992 4958 τοὺς
3024 4895 3345 4968 ἀνθρώπους
3373 4897 3604 4969 κοιμίζει,
3624 4893 3698 4952 τὰς

2181 4978 2236 5032 δὲ
2270 4981 2681 5053 φιλοφροσύνας,
2705 4984 2854 5038 ὥσπε
2864 5003 2894 5057 ρ
2919 4987 3098 5041 ἔλαιον
3124 4989 3295 5058 φλόγα
3312 4991 3526 5062 ἐγείρει.
3548 4987 3594 5040 In
3617 5000 3699 5054 quo

2186 5070 2564 5143 Xenophontis
2600 5078 2719 5131 loco
2750 5079 3096 5149 interpretem
3129 5083 3501 5145 allucinatum,
3533 5088 3579 5136 et
3604 5076 3697 5131 Pie-

2185 5166 2328 5218 rium
2372 5164 2715 5233 Valerianus,
2747 5171 2840 5225 lib.
2896 5187 3047 5238 Lvm,
3079 5189 3125 5229 c.
3146 5173 3212 5228 de
3248 5173 3579 5241 Mandragora
3604 5183 3697 5221 ver-

2185 5259 2336 5309 sione
2375 5258 2540 5327 hujus
2569 5259 2881 5330 deceptum,
2915 5267 3116 5334 optime
3162 5253 3441 5320 annotavit
3465 5266 3541 5319 vir
3567 5262 3610 5315 in
3628 5273 3693 5310 sa-

2183 5347 2293 5402 cris
2316 5350 2654 5418 explicandis
2685 5352 2986 5424 Scripturis
3006 5357 3207 5410 nemini
3228 5357 3494 5412 secundus
3511 5347 3691 5408 Michael

2183 5437 2469 5506 Gislerius,
2489 5458 2648 5512 quem
2673 5461 2889 5516 semper
2908 5449 3138 5503 maxime
3151 5449 3441 5502 admiratus
3459 5461 3564 5501 sum
3578 5443 3691 5511 ejus-

2182 5544 2286 5599 que
2331 5535 2494 5587 verha
2538 5536 2775 5591 maximo
2804 5554 2924 5592 meo
2971 5555 3072 5593 usu
3099 5548 3152 5594 ct
3195 5541 3468 5594 commodo
3517 5545 3692 5603 St’lllpel'

2181 5625 2394 5695 excepi,
2415 5635 2467 5679 et
2491 5627 2542 5680 in
2581 5626 2722 5682 hanc
2746 5629 2888 5683 diem
2909 5631 3143 5701 excipio,
3173 5647 3330 5701 quem
3356 5628 3529 5684 multis
3561 5625 3690 5679 anuis

2181 5712 2437 5775 Ecclesiae
2466 5718 2748 5775 catholica:
2776 5723 2994 5777 utilitati
3019 5723 3280 5780 bonorum
3315 5722 3537 5778 omnium
3576 5717 3690 5772 rotis
