3952 6204
193 243 302 299 MS

1161 246 1227 300 IN
1263 243 1635 301 EUSTATHII
1675 238 2149 296 HEXA'EMERDN
2181 237 2409 294 ΝΟΤᾹῙ.
2495 232 2502 242 ’

3339 219 3446 291 ιω

204 362 351 418 Deus
382 362 731 430 superstitem
761 372 813 417 et
845 363 1169 420 incolumem
1207 376 1517 428 conservet,
1561 365 1613 418 in
1643 379 1772 419 eru-
1803 369 1844 423 Α
1875 362 2128 431 superius
2175 359 2391 414 diser-at
2440 371 2604 409 anum
2644 354 2934 424 quamdam
2978 353 3213 409 Atticam
3257 354 3450 410 cicuta

209 454 514 518 ditissimis,
546 455 830 524 solidaque
851 455 1121 518 doctrina,
1158 459 1358 526 pietate
1386 472 1450 511 ac
1479 471 1605 511 vera
1641 455 1770 510 reli-

209 549 367 615 gione
399 545 616 600 refertis
651 545 1060 602 Commentariis
1095 550 1149 603 in
1197 551 1355 604 Cant.
1407 551 1628 611 cantic.,
1680 561 1769 601 ca-

209 633 304 700 pit.
337 648 432 692 vn,
458 647 602 686 vers.
642 632 728 695 l5,
753 633 1094 701 expositione
1128 634 1324 703 prima.
1357 633 1430 689 De
1451 635 1552 688 hac
1583 633 1774 689 eadem

207 743 264 781 re
295 725 487 780 eadem
528 723 892 787 Dioscorides,
929 726 1164 796 indeque
1191 727 1394 782 factum
1425 729 1774 798 proverbium

203 818 450 873 Luciano
477 819 529 871 in
565 817 798 884 Timone,
823 820 958 872 ὅπου
978 836 1041 887 γε
1075 820 1328 893 καθάπερ
1346 822 1451 874 ὑπὸ
1477 822 1777 893 μανδραγό-

201 927 296 980 ρου
324 909 632 972 καθεύδεις,
655 919 708 963 et
733 907 1079 964 Demostheni
1099 910 1153 963 in
1176 926 1228 964 tv
1259 909 1572 979 Philippica,
1606 909 1777 962 Ἀλλ’-

207 1003 321 1054 οΰδ⁸
375 1000 738 1072 ἀνεγερθῆναι
806 1001 1082 1072 δυνάμεθα
1109 1041 1125 1066 ,
1193 1001 1329 1055 ἀλλὰ
1401 1001 1778 1075 μανδραγόραν

201 1094 512 1158 πεπωκόσι,
555 1091 688 1144 εἴτι
731 1093 1020 1163 φάρμακον
1049 1093 1177 1147 ἄλλο
1224 1093 1485 1158 τοιοῦτον,
1525 1094 1779 1164 ἐοίκαμεν

201 1183 535 1255 ἀνθρώποις.
593 1183 728 1240 Vide
760 1184 1097 1256 Rodiginum,
1135 1187 1259 1241 libr.
1301 1203 1434 1252 xvn,
1479 1187 1644 1256 capit.
1685 1187 1776 1242 24.

201 1273 516 1330 Notandum
540 1276 686 1345 quod
719 1275 1132 1346 Theophrastus
1154 1279 1229 1332 ait
1256 1278 1674 1348 mandragoram
1711 1279 1778 1332 ad

203 1382 446 1430 amores.
479 1376 533 1422 et
564 1368 762 1437 philtra
794 1368 1122 1434 conducere,
1155 1379 1210 1425 et
1239 1379 1435 1439 praeter
1463 1369 1781 1441 TheOpln-a-

203 1467 351 1512 stum
378 1459 521 1514 idem
553 1468 785 1516 testatur
813 1460 1179 1528 Dioscorides,
1202 1461 1535 1532 Epiphanius
1561 1463 1615 1516 in
1636 1461 1783 1533 Phy-

204 1549 433 1619 siologo,
453 1558 506 1604 et
523 1551 611 1604 alii
634 1567 649 1612 ς
672 1550 753 1604 sic
773 1550 918 1604 enim
949 1550 1126 1604 locum
1148 1551 1296 1604 illum
1326 1548 1602 1606 Geneseos
1627 1551 1784 1604 intel-

208 1640 365 1709 liges,
404 1641 499 1694 sed
518 1641 586 1695 de
618 1641 724 1695 hoc
756 1641 810 1693 in
843 1642 1050 1697 nostris
1083 1643 1569 1698 exercitationibus
1600 1643 1777 1713 plura.

1875 455 2092 524 triginta
2124 451 2310 505 holcas
2335 449 2454 505 sine
2486 447 2685 502 damno
2714 447 3014 502 sorbuisse.
3046 442 3156 499 Ἦν
3179 445 3260 509 δὲ,
3296 445 3446 515 φασὶ,

1873 544 2046 618 γραῦς
2086 543 2304 612 ’Λττικὴ
2350 540 2640 613 τριάκοντα
2699 539 2860 601 ὁλκὰς
2893 537 3118 591 κωνείου
3155 536 3452 601 ἀκινδύνως

1875 635 2308 708 προσφερομένη.
2345 632 2454 686 Res
2499 632 2662 686 etiam
2714 639 2902 685 notatu
2933 629 3096 702 digna
3123 638 3225 686 est.
3268 629 3454 686 Refert

1875 729 2288 799 Theophrastus
2349 725 2424 778 De
2454 724 2643 778 histor.
2682 724 2873 792 plant.,
2925 722 3018 776 lib.
3075 737 3152 784 Ix,
3199 736 3322 792 cap.
3362 720 3452 782 18.

1876 821 2176 875 Eudemum
2221 818 2418 872 Chium
2460 816 2652 886 viginti
2691 815 2829 870 duas
2872 815 3168 884 aliquando
3202 814 3455 884 potiones

1881 909 2144 965 hellebori
2177 924 2288 963 uno
2321 909 2409 962 die
2437 909 2758 977 sumpsisse,
2777 922 2902 962 cum
2933 905 3038 960 fori
3075 905 3216 976 apud
3248 920 3456 960 merces

1878 1001 2112 1063 sederet,
2146 1017 2246 1056 nec
2287 999 2594 1054 surrexisse
2632 999 2951 1068 priusquam
2986 1005 3132 1052 esset
3173 997 3455 1059 meridies.

1879 1105 2009 1148 tunc
2051 1107 2186 1148 vero
2229 1091 2391 1146 domo
2432 1090 2601 1160 petita
2635 1090 2858 1144 balneas
2903 1089 3232 1159 ingressum,
3268 1102 3456 1142 caena-

1880 1196 2106 1255 tumque
2155 1199 2308 1239 more
2342 1184 2525 1248 solito,
2574 1197 2674 1238 nec
2706 1181 3003 1252 quidquam
3033 1180 3364 1236 evomuisse.
3399 1180 3457 1234 Id

1881 1286 2061 1332 tamen
2095 1277 2300 1330 auxilio
2325 1274 2560 1346 quodam
2593 1283 2898 1346 prmparato
2923 1273 3236 1345 perfecisse,
3267 1289 3461 1345 quam-

1880 1369 1966 1424 vis
2015 1378 2236 1439 propter
2284 1368 2522 1424 hominis
2579 1368 3034 1424 consuetudinem
3084 1367 3342 1438 pleraque
3393 1383 3461 1422 ex

1882 1462 2300 1518 medicamentis
2327 1464 2434 1516 vim
2467 1477 2622 1516 suam
2653 1462 2903 1518 amittere
2941 1477 3041 1517 nec
3079 1461 3314 1532 amplius
3346 1476 3462 1515 mc-

1883 1549 2190 1604 dicatnenla
2237 1565 2360 1605 esse
2406 1565 2566 1620 posse
2613 1551 2924 1621 negandum
2968 1567 3077 1606 non
3109 1553 3218 1618 sit,
3250 1551 3464 1622 hocque

1884 1641 2051 1696 refert
2079 1657 2145 1697 ex
2178 1641 2556 1712 Theophrasto
2592 1643 2914 1713 Apollonius
2957 1645 3010 1698 in
3067 1644 3258 1700 histor.
3294 1643 3465 1698 Mira-

205 1731 349 1806 Quid
384 1733 622 1788 berbarii
659 1733 983 1805 praecipiant
1009 1735 1061 1790 in
1088 1736 1343 1801 secanda,
1367 1738 1780 1808 colligendaque
1813 1735 1853 1788 Β
1883 1733 2099 1794 bilibus,
2149 1734 2251 1788 etsi
2291 1742 2501 1788 mutato
2545 1735 2762 1790 nomine
2807 1745 2860 1790 et
2905 1751 3004 1805 pro
3046 1735 3319 1798 Eudemo.
3356 1735 3464 1790 Eu-

208 1826 582 1895 tnandragora
636 1826 868 1881 habetur
916 1827 1054 1896 apud
1093 1829 1525 1896 Theophrastum
1569 1829 1774 1884 Histor.

204 1918 377 1982 plent.
403 1918 499 1971 lib.
519 1933 589 1981 Ix,
617 1933 665 1972 c.
703 1917 759 1983 9,
787 1927 839 1972 et
862 1917 1089 1972 Plinium
1108 1919 1344 1984 lib.xxv,
1369 1935 1487 1989 cap.
1514 1921 1598 1976 l3.
1619 1919 1780 1976 Plura

205 2011 277 2062 de
310 2009 411 2062 hac
437 2010 602 2064 herba
629 2019 681 2064 et
708 2011 830 2079 ejus
855 2012 1156 2067 virtutibus
1187 2011 1425 2067 Levinus
1448 2012 1780 2070 Lcmniasin

207 2097 587 2168 Esplicatione
609 2101 820 2158 herbnr.
850 2102 1050 2168 biblic.,
1081 2119 1199 2172 cap.
1224 2103 1279 2159 9..

280 2192 400 2246 Col.
425 2192 549 2257 716,
578 2193 671 2246 lin.
699 2193 779 2248 l0.
810 2194 921 2247 Καὶ
945 2194 1024 2260 τῷ
1063 2197 1211 2262 ὀπίῳ
1250 2197 1355 2262 τὰς
1389 2197 1674 2265 σφοδράς.
1709 2197 1782 2253 De

204 2284 321 2355 ονίὶ
358 2286 749 2353 praeparatione
776 2294 830 2340 et
855 2302 955 2341 usu
985 2289 1038 2341 in
1079 2289 1366 2344 medicinis
1391 2288 1599 2344 Plinius
1636 2289 1780 2346 Hist.

206 2385 396 2429 natur.
426 2376 518 2430 lih.
558 2391 651 2441 xx,
684 2391 805 2446 cap.
835 2377 939 2443 l8;
980 2379 1106 2433 huic
1137 2380 1244 2433 vim
1272 2395 1378 2434 non
1427 2382 1784 2450 soporiferam

208 2469 403 2528 modo,
453 2481 638 2520 verum
696 2467 742 2522 si
789 2469 1064 2538 capiosior
1117 2470 1400 2524 hauriatur
1448 2472 1785 2527 mortiferam

208 2561 433 2619 tribuit,
471 2570 526 2612 et
552 2559 793 2615 Galenus
825 2563 1074 2632 pluribus
1105 2564 1157 2618 in
1192 2565 1346 2620 locis.

283 2651 422 2706 lbid.
455 2645 537 2718 Τῷ
563 2653 629 2706 δὲ
671 2656 892 2721 κωνείῳ
931 2656 1037 2721 τὰς
1075 2657 1432 2725 λυσσὼδεις.
1491 2659 1564 2715 De
1609 2661 1787 2715 cicuta

207 2755 264 2800 et
297 2747 423 2814 ejus
450 2746 700 2802 remediis
731 2746 940 2803 Plinius
975 2749 1068 2803 lib.
1111 2766 1232 2812 xxv,
1263 2766 1384 2822 cap.
1428 2754 1660 2818 ultimo;
1697 2770 1790 2809 va-

209 2837 352 2889 riam
394 2850 572 2892 autem
610 2840 802 2893 cicuta:
847 2842 1296 2909 praeparationem
1343 2843 1409 2897 ad
1457 2846 1666 2900 obitunt
1701 2848 1786 2901 itt-

210 2928 503 2983 ferendum
557 2930 769 2985 facilen
820 2938 874 2984 et
927 2932 1132 3000 absque
1205 2933 1317 2986 ullo
1375 2933 1561 2990 dolore
1627 2937 1792 2993 refert

208 3019 577 3090 Theophrast.
610 3022 752 3078 Hist.
803 3024 972 3094 plant.
1019 3026 1053 3079 l.
1103 3041 1177 3089 ιχ,
1217 3043 1340 3097 cap.
1375 3029 1460 3091 l7,
1498 3039 1791 3103 narratque

206 3112 380 3165 etiam
421 3113 678 3168 Chiorum
729 3115 875 3169 circa
920 3115 1022 3170 hoc
1076 3118 1316 3174 studium
1354 3130 1406 3175 et
1440 3121 1786 3186 industriam,

209 3205 306 3272 qui
347 3205 496 3258 illam
533 3222 640 3260 non
679 3208 943 3272 terebant,
981 3211 1071 3264 sed
1111 3211 1356 3266 detracto
1385 3214 1619 3283 tegmine
1646 3214 1792 3284 quod

209 3294 590 3350 difficultatem
639 3307 839 3360 movet.
892 3301 1150 3369 quoniam
1197 3305 1464 3374 concoqui
1507 3321 1648 3375 aegre
1697 3322 1793 3377 po-

209 3399 342 3450 test,
397 3389 595 3458 pistam
645 3389 698 3443 in
748 3394 1010 3445 mortario
1071 3393 1388 3459 tundebaut,
1434 3405 1488 3451 et
1533 3400 1794 3467 przetenui

209 3480 405 3534 cribro
435 3483 810 3537 transmissam
837 3523 852 3546 ,
889 3498 1030 3553 aqua
1066 3485 1370 3555 inspersam
1402 3487 1678 3550 bibebant,
1709 3499 1785 3542 at-

209 3587 324 3640 que
371 3571 443 3623 ita
490 3573 673 3626 obitus
719 3574 864 3628 celer
912 3576 1196 3645 facilisque
1248 3578 1552 3633 eveniebat.
1575 3571 1707 3633 ’Ὅτι
1739 3579 1796 3632 δὲ

205 3664 462 3733 διαφέρει
499 3664 561 3715 τὸ
599 3665 834 3736 χρῆσθαι
882 3685 996 3731 πως
1040 3667 1254 3740 ἑκάστῳ
1283 3670 1514 3740 φανερὸν
1555 3672 1620 3724 ὲκ
1669 3671 1800 3724 πολ-

207 3757 345 3809 λῶν.
394 3757 545 3810 Ἐπεὶ
577 3759 669 3810 καὶ
697 3759 860 3822 Χίους
893 3761 1024 3830 φασὶ
1056 3761 1134 3831 τῷ
1178 3762 1385 3832 κωνείῳ
1413 3764 1673 3836 πρότερον
1701 3765 1799 3835 οὐχ

205 3849 382 3911 οὕτω,
424 3849 558 3903 ἀλλὰ
585 3850 884 3922 τρίϐοντας,
933 3853 1187 3926 καθάπερ
1234 3858 1282 3908 oi
1325 3857 1492 3921 ἄλλοι,
1540 3857 1796 3928 χρῆσθαι.

209 3941 331 3996 Νῦν
381 3941 439 3995 δὲ
489 3943 609 3996 οὐδὲ
661 3943 727 3996 ἆν
779 3941 859 4009 εἷς
895 3946 1156 4018 τρίψειεν,
1197 3947 1331 4001 ἀλλὰ
1384 3949 1800 4020 περιπτίσαντες

207 4032 312 4083 καὶ
341 4031 632 4100 ἀφελόντες
665 4033 724 4086 τὸ
760 4033 988 4102 κέλυφος
1039 4033 1217 4107 (τοῦτο
1249 4036 1357 4108 γὰρ
1385 4037 1446 4089 τὸ
1474 4038 1571 4109 τὴν
1611 4037 1800 4108 δυσχέ-

211 4140 370 4195 ρειαν
404 4123 640 4195 παρέχον
678 4125 1143 4198 δυσκατέργαστον
1163 4127 1280 4199 ὃν),
1325 4128 1460 4197 μετὰ
1509 4127 1679 4181 ταῦτα
1713 4129 1803 4181 κό-

208 4232 443 4268 πτουσιν
490 4217 546 4268 ἐν
587 4217 666 4288 τῷ
701 4217 872 4290 ὅλμῳ,
904 4222 999 4274 καί
1023 4220 1401 4283 διαπτίσαντες
1432 4219 1603 4272 λεπτὰ
1623 4259 1636 4279 ,
1680 4221 1801 4274 ἐπι-

210 4308 519 4371 πάττοντες
549 4309 635 4378 ἐφ’
663 4308 806 4381 ὕδωρ
840 4310 1106 4373 πίνουσιν,
1147 4311 1285 4367 ὥστε
1314 4315 1533 4382 ταχεῖαν
1562 4307 1656 4365 καὶ
1682 4309 1805 4363 ὲλα-

1882 1841 2104 1880 nomum
2138 1829 2366 1892 scribat,
2395 1836 2448 1882 et
2477 1828 2777 1884 Eudemum
2810 1830 3307 1908 Rharmacopolam.
3341 1849 3466 1887 cum

1883 1917 2125 1973 Eudemo
2169 1921 2305 1975 Chio
2357 1922 2679 1988 confundat,
2713 1925 2808 1980 sed
2856 1926 2924 1980 de
2967 1926 3054 1980 bis
3093 1926 3248 1998 plura
3283 1927 3337 1982 in
3372 1942 3469 1981 no-

1883 2010 2017 2064 stris
2043 2026 2380 2083 synonymis.

1956 2101 2116 2168 lhid.,
2150 2104 2245 2158 lin.
2276 2106 2359 2159 15.
2386 2107 2495 2160 Kal
2531 2107 2725 2161 πάντα
2755 2109 2825 2162 ἐν
2844 2107 2951 2178 μιᾷ
2979 2109 3207 2178 καιροῦ.
3234 2108 3469 2164 Basilius

1883 2192 2032 2246 hom.
2067 2210 2119 2247 tv
2147 2212 2159 2248 :
2191 2196 2373 2249 Πάντα
2406 2198 2463 2249 ὲν
2500 2199 2596 2268 μιᾷ
2628 2197 2818 2268 καιροῦ
2853 2200 3014 2269 ῥοπῇ,
3047 2199 3145 2250 οὐκ
3176 2196 3304 2251 ὄντα
3338 2198 3470 2269 πρό-

1884 2301 2058 2356 τερον,
2093 2285 2233 2356 ὑπὲρ
2262 2286 2361 2356 τῆς
2388 2288 2490 2357 γῆς
2513 2290 2592 2350 είς
2618 2289 2678 2341 τὸ
2709 2284 2848 2340 εἶναι
2894 2287 3158 2360 παρῆλθε,
3205 2287 3339 2357 μετὰ
3368 2288 3469 2358 τῆς

1885 2376 2090 2438 οἰκείας
2110 2375 2339 2429 ἕκαστον
2360 2376 2619 2448 ἰδιότητος
2643 2378 3064 2449 ἐναργεστάταις
3084 2379 3178 2449 μὲν
3192 2378 3471 2449 διαςοραῖς

1887 2467 1994 2520 ἀπὸ
2025 2467 2131 2520 τῶν
2171 2468 2499 2538 ιτερογενῶν
2536 2469 2897 2542 χωριζόμενα,
2927 2470 3112 2540 οἰκείῳ
3142 2469 3196 2522 δὲ
3241 2469 3472 2524 ἕκαστον

1887 2557 2284 2629 γνωριζόμενον
2314 2560 2642 2632 χαρακτῆρι.

1957 2649 2117 2714 lhid.,
2147 2651 2243 2706 litt.
2289 2652 2376 2706 l7.
2406 2654 2517 2706 Καὶ
2578 2655 2802 2708 τούτων
2843 2654 2914 2708 τὰ
2946 2656 3064 2724 μέν
3099 2656 3250 2710 ἐστι.
3295 2656 3350 2710 lu
3375 2671 3475 2709 car-

1889 2739 2114 2797 boribus
2145 2744 2286 2797 sicut
2309 2752 2361 2798 et
2392 2743 2445 2797 in
2476 2745 2804 2801 animalibus
2840 2761 2963 2802 esse
3010 2747 3246 2817 speciem
3281 2761 3476 2817 quam-

1891 2832 2038 2895 dam,
2067 2840 2120 2887 et
2158 2833 2415 2904 ﬁguram,
2448 2851 2612 2906 quam
2658 2847 2849 2891 auctor
2877 2846 3065 2894 noster
3094 2839 3473 2893 characterem

1893 2923 2149 2993 appellat,
2181 2941 2287 2994 qua
2330 2935 2383 2980 et
2437 2927 2508 2981 ab
2546 2926 2669 2982 aliis
2714 2927 2902 2983 divisre
2949 2937 3380 2999 cognoscuntur,
3424 2938 3479 2984 ct

1895 3028 2009 3069 suae
2050 3025 2262 3071 naturae
2311 3031 2450 3088 opus
2499 3034 2755 3075 exercere
2798 3021 3036 3084 valeant,
3073 3023 3206 3076 nulli
3249 3021 3477 3077 dubium

1897 3122 2134 3178 unquam
2163 3107 2267 3161 fuit
2296 3124 2397 3162 nec
2429 3111 2556 3163 erit.
2591 3109 2723 3176 Quae
2753 3111 2924 3166 forma
2967 3129 3030 3167 ex
3064 3115 3318 3168 omnibus
3351 3129 3476 3183 par-

1895 3200 2044 3254 tibus
2091 3202 2235 3255 sumi
2288 3210 2489 3270 potest,
2531 3203 2584 3256 in
2618 3219 2724 3256 una
2755 3205 2900 3258 enim
2943 3206 3072 3259 dum
3107 3207 3342 3272 variant,
3374 3205 3478 3261 etsi

1895 3291 1952 3345 in
1995 3293 2118 3347 aliis
2162 3296 2514 3357 conveniunt,
2566 3297 2796 3354 diversa:
2846 3305 3028 3353 tamen
3081 3316 3182 3355 nec
3232 3299 3478 3372 ejusdem

1897 3387 2096 3454 speciei
2143 3386 2559 3455 judicabuutur.
2613 3390 2750 3446 lliuc
2803 3393 3052 3462 quaedam
3111 3395 3238 3449 latis
3290 3395 3476 3461 foliis,

1899 3477 2018 3532 alia:
2045 3477 2274 3544 strictis,
2322 3482 2548 3536 serratis
2590 3482 2730 3548 alite,
2775 3483 2895 3537 alite
2944 3483 2998 3538 in
3044 3484 3212 3538 alium
3257 3487 3479 3540 modum

1897 3573 2176 3641 expansis.
2217 3571 2307 3626 Sic
2355 3572 2423 3628 de
2465 3575 2690 3638 cortice,
2725 3578 2916 3641 rantis,
2949 3576 3249 3648 radicibus,
3281 3577 3479 3632 fructi-

1899 3662 2023 3722 bus.
2048 3673 2101 3718 et
2129 3665 2273 3719 aliis.
2307 3664 2530 3720 Summa
2561 3675 2742 3722 tamen
2767 3684 2958 3724 eorum
2986 3685 3185 3740 genera
3213 3669 3482 3728 habemus

1900 3768 1965 3806 ex
2003 3751 2380 3823 Theophrasto
2429 3755 2526 3810 lib.
2565 3772 2581 3810 ι
2616 3755 2693 3810 De
2723 3758 2911 3813 histor.
2957 3758 3151 3828 plant,
3189 3773 3308 3828 cap.
3343 3759 3395 3822 6,
3426 3768 3483 3814 et

1903 3845 2030 3898 alibi
2065 3864 2082 3898 ι
2114 3846 2362 3916 quaedam
2393 3847 2538 3902 enim
2578 3863 2767 3903 earum
2799 3857 2928 3904 sunt
2959 3850 3200 3918 urbanae,
3232 3850 3480 3920 quaedam

1903 3937 2216 4002 silvestres,
2259 3939 2507 4009 quaedam
2559 3937 2886 4005 fructiferae,
2937 3939 3185 4011 quaedam
3241 3941 3480 4002 steriles.

1902 4028 2147 4097 quaedam
2180 4027 2452 4092 ﬁoriferaa,
2477 4029 2597 4084 alia:
2627 4028 2761 4085 ﬂore
2786 4038 3060 4097 carentes,
3085 4031 3332 4102 quadam
3358 4048 3482 4102 per-

1903 4126 2067 4188 petuo
2101 4117 2358 4183 virentes,
2389 4121 2635 4189 quaedam
2682 4121 2970 4191 perdentes
3015 4121 3164 4182 folia.
3201 4118 3310 4177 οἷον
3345 4125 3482 4195 ἡμέ-

1905 4227 2014 4281 ρων
2039 4251 2052 4273 ,
2095 4211 2322 4280 ἀγρίων,
2375 4212 2736 4283 καρποφόρων
2761 4252 2776 4275 ,
2817 4214 3110 4284 ἀκάρπων,
3150 4214 3480 4290 ἀνθοφόρων,

1904 4302 2167 4367 ἁνανθῶν,
2203 4303 2525 4373 ἁειφύλλων,
2561 4303 2915 4372 φυλλοεόλων.
2951 4304 3161 4359 Plinius
3189 4305 3354 4359 etiam
3386 4306 3479 4359 lib.

210 4399 364 4471 φρὰν
391 4400 634 4468 γίνεσθαι
677 4402 777 4473 τὴν
827 4403 1162 4474 ἀπαλλαγήν.
1196 4401 1429 4474 Ideoque
1457 4401 1790 4458 Dioscorides

1906 4411 2016 4454 xvt.
2049 4411 2171 4464 cap.
2217 4395 2304 4458 18,
2342 4395 2598 4450 arborum
2637 4395 2972 4452 differentias
3020 4395 3391 4466 prosequitur,
3429 4405 3484 4448 et

213 4493 316 4547 lib.
367 4509 442 4555 tv,
471 4508 590 4563 cap.
626 4494 714 4558 79,
748 4493 1178 4551 efficacissimam
1226 4497 1332 4550 vim
1362 4496 1554 4550 tribuit
1584 4497 1795 4557 cicutae,

209 4599 343 4655 quae
374 4584 429 4638 in
464 4586 640 4640 insula
669 4586 804 4640 Chio
837 4590 1104 4644 nascitur.

290 4677 414 4730 Col.
438 4677 561 4740 716,
589 4680 684 4734 lin.
720 4680 805 4734 11.
825 4681 932 4734 Καὶ
965 4681 1044 4748 τῷ
1074 4683 1367 4750 ἐλλεϐόρῳ
1387 4681 1458 4735 τὰ
1479 4683 1689 4751 χρόνια
1726 4678 1800 4734 De

213 4771 492 4827 bellebori
522 4774 827 4844 speciebus,
861 4776 1070 4844 Iiguris,
1089 4776 1163 4840 vi,
1185 4777 1439 4830 facultate
1467 4782 1520 4828 et
1550 4790 1653 4829 usu
1686 4773 1801 4842 lege

213 4864 364 4919 Plin.
401 4865 436 4917 ι.
473 4880 599 4928 xxv,
628 4881 677 4919 c.
708 4866 781 4932 5;
817 4865 1185 4922 Dioscoridem
1213 4867 1251 4923 l.
1285 4883 1359 4930 tv,
1389 4881 1437 4920 c.
1470 4865 1572 4920 150
1590 4872 1643 4919 et
1678 4865 1797 4919 151.

214 4958 477 5012 Advertit
510 4955 709 5012 Sextus
743 4957 1049 5029 Empiricus
1089 4959 1350 5030 Pyrrhon.
1399 4957 1596 5028 Hypot.
1633 4957 1726 5011 lib.
1759 4973 1799 5020 ι,

217 5063 348 5118 cap.
388 5048 473 5110 ιι,
509 5049 872 5116 helleborum,
906 5052 949 5104 si
984 5061 1142 5106 tenue
1163 5059 1218 5105 et
1266 5051 1648 5120 lanuginosunt
1679 5048 1802 5118 quis

216 5141 409 5209 ipsum
439 5140 588 5206 edat,
622 5153 852 5198 mortem
879 5143 1093 5207 aﬁ'erre,
1117 5143 1202 5198 sin
1227 5157 1478 5197 crassum
1511 5156 1618 5195 non
1651 5141 1800 5195 item.

219 5233 334 5285 Καὶ
362 5234 394 5285 ό
421 5231 698 5304 ὲλλὲὄορος
728 5233 920 5298 λεπτὸς
953 5235 1049 5304 μὲν
1089 5235 1183 5287 καὶ
1224 5231 1460 5304 χνοώδης
1505 5229 1806 5300 προσφερό-

221 5341 391 5394 μενον
419 5326 652 5394 πνιγμδν
681 5327 950 5397 ἐπιφέρει,
977 5324 1286 5397 κριμνώδης
1317 5323 1372 5378 δὲ
1419 5323 1494 5376 ὢν
1519 5323 1723 5384 οὐκέτι,
1754 5327 1808 5374 et

227 5417 486 5471 Ruﬁnum
525 5419 814 5487 quemdam
854 5419 992 5489 apud
1026 5417 1340 5472 Chalcidem
1371 5416 1491 5471 sine
1519 5416 1630 5469 ulla
1665 5427 1806 5467 noxa

228 5514 416 5567 bibere
460 5514 682 5566 solitum
727 5513 916 5569 fuisse.
953 5516 1062 5567 Καὶ
1099 5515 1374 5581 Ῥουφῖνός
1415 5513 1470 5566 δὲ
1514 5514 1542 5564 ό
1573 5513 1632 5564 ἐν
1663 5509 1808 5563 Χαλ-

232 5605 331 5658 ιίδι
354 5605 527 5658 πίνων
555 5605 831 5676 ἑλλέϐορον
851 5605 972 5658 οὔτε
997 5607 1145 5675 ἤμει,
1172 5605 1291 5658 οὕτε
1311 5605 1444 5667 ὅλως
1467 5602 1806 5673 ὲκαθαίρετο,

229 5695 342 5752 ἀλλ’
371 5696 448 5761 ὥς
473 5713 524 5750 τι
553 5697 663 5750 τῶν
692 5697 930 5772 συνήθων
958 5698 1324 5771 προσεφέρετο
1372 5697 1466 5752 καὶ
1508 5695 1724 5758 ἔπεσσε,
1757 5702 1811 5748 et

1900 4504 2020 4559 cap.
2054 4493 2115 4542 l9
2143 4507 2156 4542 :
2185 4486 2445 4542 Prwtcrea
2473 4489 2719 4543 arborum
2745 4489 2866 4543 aliis
2894 4488 3139 4543 decidunt
3167 4488 3330 4558 folia;
3362 4487 3485 4542 alia:

1901 4581 2217 4649 sempiterna
2250 4597 2400 4634 coma
2431 4581 2616 4642 virent,
2639 4597 2794 4652 quam
2828 4579 3180 4650 differentiam
3211 4583 3484 4634 antecedat

1902 4690 2104 4728 necesse
2134 4683 2209 4726 est
2255 4675 2418 4742 prior.
2454 4671 2589 4727 Sunt
2620 4675 2758 4727 enim
2807 4673 3058 4726 arborum
3097 4673 3337 4742 quadam
3371 4688 3485 4726 om-

1903 4765 2026 4818 nino
2054 4763 2337 4827 silvestres,
2370 4763 2611 4835 qua-dam
2629 4803 2635 4810 .
2656 4754 2964 4818 urbaniores
2989 4781 3008 4818 :
3037 4781 3169 4834 quas
3201 4764 3285 4818 hic
3313 4762 3484 4833 placet

1904 4855 2196 4910 nominibus
2237 4857 2576 4926 distinguere.
2611 4855 2749 4928 Ergo
2796 4857 2968 4920 mites,
3007 4873 3123 4928 qut?
3157 4857 3355 4926 fructu,
3393 4865 3486 4908 aut

1905 4948 2084 5018 aliqua
2127 4948 2278 5013 dote,
2315 4950 2700 5002 nmbramineve
2722 4987 2737 5012 ,
2780 4948 2943 5018 oﬂicio
2963 4948 3244 5003 humanius
3269 4946 3482 5017 juvant,

1908 5059 2011 5096 non
2040 5045 2270 5111 improbe
2296 5041 2544 5094 dicantur
2572 5040 2811 5094 urbanae.

1978 5135 2136 5198 lhid.,
2174 5135 2268 5188 lin.
2307 5133 2399 5188 ΞΟ.
2434 5133 2749 5202 Ἀείφυλλα
2777 5131 2847 5187 δέ
2871 5135 3041 5188 ἐστιν
3075 5135 3269 5189 ἐλαία.
3306 5132 3487 5188 Theo-

1906 5227 2166 5297 phrastus
2190 5227 2239 5289 l,
2269 5225 2342 5278 De
2357 5224 2694 5294 hist.plant.,
2716 5240 2838 5296 cap.
2859 5225 2926 5280 15
2957 5245 2970 5279 :
3002 5225 3122 5278 Τῶν
3152 5225 3249 5296 μὲν
3265 5223 3486 5296 ἡμέρων

1907 5320 2168 5390 ἁείφυλλα
2205 5319 2376 5382 ἐλαία,
2415 5319 2607 5389 φοίνιξ,
2639 5319 2834 5391 δάφνη,
2869 5319 3148 5390 μύῤῥινος,
3180 5320 3390 5388 πεύκης
3431 5332 3490 5372 τι

1908 5415 2080 5483 γένος,
2110 5413 2460 5483 κυπάριττος·
2507 5411 2615 5464 τῶν
2665 5411 2722 5462 δὲ
2768 5409 3007 5481 ἀγρίων,
3048 5407 3238 5481 ἐλάτη,
3285 5408 3486 5481 πεύκη,

1909 5503 2193 5577 ἄρκευθος,
2239 5503 2455 5573 σμῐλαξ,
2498 5501 2655 5565 Θυία,
2705 5503 2798 5554 καὶ
2845 5501 2911 5572 ἦν
2960 5501 3217 5572 Ἀρκάδες
3264 5499 3492 5555 καλοῦοτ

1911 5598 2218 5672 φελλόδρυν,
2250 5595 2468 5668 φιλύρα,
2516 5595 2724 5667 κέδρος,
2762 5594 2944 5657 πίτυς,
2986 5593 3250 5666 μυῤῥίκη,
3299 5591 3490 5656 πύξος,

1912 5694 2121 5764 πρῖνος,
2163 5688 2346 5762 ἀγρία,
2397 5687 2719 5760 κηλαστρον,
2763 5683 2982 5756 φιλύκη,
3035 5683 3274 5756 ἁφάρκη.
3309 5679 3495 5735 Ταῦτα
