3924 6968
554 277 659 336 867
1887 283 2136 341 LEONIS
2173 283 2448 338 ALLATII
3648 297 3728 350 tua

553 400 612 455 δι
651 399 842 472 φύεται
892 399 1018 471 περὶ
1053 400 1144 453 τὸν
1180 400 1458 472 Ὄλυμπον
1483 443 1496 466 ,
1537 403 1828 475 ἀνδράχνη.
1871 405 2128 475 κόμαρος,
2163 407 2205 462 Α
2231 403 2292 456 τὸ
2337 403 2553 475 χρῶμα,
2608 403 2946 474 φλοῖσθέντος
2993 403 3084 458 τοῦ
3136 405 3309 470 ξύλου,
3339 406 3624 479 λευκότερον
3664 415 3736 482 μὲν

553 489 860 563 τέρμινθος,
907 489 1094 560 ἀγρία,
1137 490 1339 561 δάφνη.
1374 495 1532 545 Δοκεῖ
1578 492 1634 546 δὲ
1668 495 1700 564 ἡ
1734 493 2002 566 ἀνδράχνη
2040 495 2134 548 καὶ⁵
2231 492 2326 545 τοῦ
2353 493 2567 563 πρίνου,
2597 495 2951 565 οίνωπότερον
2987 494 3042 546 δὲ
3068 495 3167 564 τῆς
3196 495 3378 566 δρυὸςο
3413 497 3475 550 τὰ
3517 498 3568 552 δὲ
3607 501 3739 568 φύλλα

553 583 578 634 ὁ
610 581 824 651 οἴναρος
871 579 939 632 τά
985 580 1080 648 μὲν
1124 581 1272 634 κάτω
1322 582 1682 651 φυλλοϐολέῐν,
1725 585 1794 637 τὰ
1833 584 1891 637 δὲ
1932 584 2134 655 ἔσχατα

551 673 656 724 τῶν
685 670 1001 741 ἀκρεμόνων
1034 670 1292 738 ἀείέυλλα
1333 673 1506 743 ἔχειν’
1539 674 1786 743 ἑπιφύειν
1810 675 1866 729 δὲ
1896 676 1981 729 ἀεὶ
2008 676 2132 739 τοὺς

550 761 876 830 ἀκρέμονας.
921 759 983 814 Et
1027 760 1240 818 Plinius
1269 780 1335 818 ex
1369 764 1745 836 Theophrasto
1778 766 1924 822 Hist.
1970 777 2082 823 nat.
2111 807 2126 832 ,

550 851 643 902 lih.
675 867 786 913 xvr,
819 867 939 920 cap.
969 851 1040 905 ‘20
1074 871 1086 906 :
1123 850 1456 906 Urbanarum
1490 857 1665 925 generi
1706 873 1804 909 non
1849 857 2126 921 decidunt,

549 941 693 1002 oleae,
728 942 898 1007 lauro,
930 947 1142 1012 palmae,
1179 955 1370 1016 myrto,
1401 963 1663 1014 cupresso.
1709 950 1866 1017 pinis,
1903 949 2126 1014 hederis,

549 1033 947 1096 rhododendro,‘
981 1047 1036 1090 et
1082 1052 1203 1107 cap.
1248 1037 1309 1093 21
1365 1057 1377 1092 :
1423 1037 1753 1094 Silrestrium
1791 1043 1961 1111 generi
1996 1042 2130 1111 folia

549 1141 649 1178 non
679 1126 946 1192 decidunt,
971 1126 1150 1190 abieti,
1180 1129 1355 1194 larici,
1379 1132 1638 1197 pinastro,
1653 1132 1918 1201 junipero,
1941 1132 2126 1198 cedro,

551 1217 894 1285 therebintho,
927 1220 1085 1284 buxo,
1135 1221 1245 1274 ilici
1271 1263 1284 1285 ,
1317 1224 1603 1292 a’quifolio,
1636 1225 1830 1288 suberi,
1866 1237 2011 1288 taxo,
2045 1235 2129 1280 ta-

549 1309 766 1373 marici;
798 1311 932 1364 inter
960 1320 1180 1381 utraque
1224 1328 1413 1381 genera
1454 1325 1574 1368 sunt
1606 1315 1868 1370 adrachne
1899 1317 1950 1369 in
1981 1315 2128 1370 Grae-

547 1399 652 1462 cia,
689 1410 735 1454 et
791 1401 978 1470 ubique
1027 1403 1213 1456 unedo.
1265 1403 1484 1475 Reliqua
1519 1407 1658 1460 enim
1703 1407 1835 1475 [alia
1882 1409 2126 1463 decidunt

551 1490 650 1553 bis,
699 1503 1049 1562 praeterquam
1096 1496 1149 1547 in
1182 1497 1561 1551 cacuminibus.
1597 1498 1661 1551 Et
1691 1511 1882 1555 auctor
1915 1498 2126 1571 Geopo-

2233 583 2519 654 προσέοικε
2584 584 2681 654 μὲν
2721 585 2940 655 ἀμφοῖν,
2990 583 3096 652 ἔχει
3130 584 3187 637 δὲ
3228 585 3392 654 μείζω
3420 586 3451 655 ἦ
3481 588 3550 649 ὡς
3575 595 3741 660 πρῖνος,

2233 674 2436 729 ἐλάττω
2464 677 2520 730 δὲ
2549 677 2580 748 ἢ
2611 677 2687 739 ὠς
2725 676 2872 748 δρῦς.
2912 677 3020 728 Kal.
3048 677 3139 729 τὸν
3177 677 3383 747 καρπὸν
3418 679 3507 748 μὲν
3530 682 3612 734 τοῦ
3646 687 3744 754 api.

2231 783 2322 819 νου
2351 768 2491 821 κατά
2518 767 2578 821 τὸ
2615 767 2839 838 μέγεθος
2878 767 3101 831 ἐλάττω,
3133 770 3253 830 ταῖς
3298 767 3585 838 ἐλαχίσταις
3605 771 3653 824 δὲ
3673 773 3745 842 βα·

2229 857 2408 922 λάνοις
2440 860 2578 913 ἴσον·
2613 861 2707 914 καὶ
2735 859 3060 930 γλυκύτερον
3091 859 3190 929 μὲν
3224 857 3320 911 τοῦ
3357 858 3559 931 πρίνου,
3586 867 3747 935 πικρό-

2228 966 2383 1021 τερον
2421 951 2478 1004 δὲ
2521 953 2617 1022 τῆς
2653 952 2830 1024 δρυός.
2872 950 3110 1006 Καλοῦσι
3155 951 3213 1002 δέ
3258 967 3396 1014 τινες
3435 953 3518 1004 τὸν
3559 954 3644 1023 μὲν
3675 957 3747 1010 τοῦ

2230 1041 2438 1112 πρίνου,
2473 1043 2564 1096 καὶ
2596 1045 2686 1096 τὸν
2727 1043 2926 1114 ταύτης
2969 1042 3178 1113 καρπὸν
3217 1043 3429 1105 ἄκυλον,
3465 1043 3551 1098 τὸν
3592 1046 3639 1099 δὲ
3673 1049 3748 1118 τῆς

2217 1132 2386 1204 δρυὸς
2431 1133 2674 1203 βάλανον.
2726 1137 2956 1206 Μήτραν
3004 1135 3060 1187 δὲ
3111 1133 3223 1204 ἔχει
3274 1136 3639 1207 φανερώτερον,
3671 1140 3749 1211 ῆὸ

2229 1226 2414 1294 πρῖνος
2476 1226 2584 1278 Καὶ
2629 1227 2661 1295 ἡ
2709 1225 2807 1296 μὲν
2862 1224 3153 1296 φελλὸδρυς
3214 1226 3461 1296 τοιαύτην
3516 1228 3620 1280 τινὰ
3662 1228 3750 1298 ἔχει

2227 1313 2408 1382 φύσιν.
2444 1314 2606 1369 Plura
2643 1331 2856 1386 possem
2888 1331 3188 1385 congerere
3227 1316 3296 1370 ab
3333 1319 3451 1371 aliis
3488 1317 3550 1371 de
3579 1319 3750 1373 arbori-

2217 1404 2349 1468 ‘bus,
2383 1421 2616 1475 quorum
2655 1407 2742 1460 hic
2774 1406 2832 1459 ﬁt
2878 1405 3102 1471 mentio,
3136 1405 3284 1459 dicta
3317 1413 3368 1459 et
3400 1405 3640 1472 dubitata,
3677 1409 3749 1463 sed

2227 1504 2386 1550 notas
2436 1497 2492 1550 in
2548 1496 2928 1560 Eustathium,
2993 1513 3102 1551 non
3171 1497 3461 1552 herbarum
3513 1499 3749 1554 historiam

551 1583 654 1638 nir.
683 1599 695 1634 :
726 1583 922 1654 Δένδρα
969 1583 1192 1655 ἀειθαλῆ
1221 1588 1355 1648 ἐστι,
1389 1587 1521 1657 μς,δὲ
1542 1605 1668 1641 ποτε
1696 1589 2120 1661 φυλλορροούντα

2220 1583 2537 1643 scribimus.
2583 1588 2793 1642 Snﬂicit
2837 1589 2959 1658 ejus
3010 1587 3162 1644 dicta
3213 1589 3374 1644 dictis
3407 1589 3617 1643 aliorum
3649 1606 3750 1645 con-

495 1741 498 1744 ,
551 1678 601 1726 ἰν
627 1672 704 1743 τῷ
739 1674 982 1745 χειμῶνι,
1024 1675 1089 1732 ίδ.
1126 1675 1319 1745 φοίνιξ,
1351 1679 1555 1749 κίτρον,
1593 1681 1885 1751 στρόϐιλος,
1927 1681 2120 1752 δάφνη,

550 1766 716 1829 ἐλαία,
769 1768 1120 1839 κυπάρισσος,
1173 1771 1420 1841 κερατία,
1467 1771 1644 1836 πίτυς,
1691 1775 1897 1844 πρῖνος,
1936 1774 2120 1841 πύξος,
2157 1747 2196 1803 Β

549 1859 802 1929 μυρσίνη,
853 1860 1058 1928 κέδρος,
1109 1860 1243 1926 ίτέα,
1291 1863 1384 1915 καὶ⁵
1414 1861 1699 1933 ἄρκευθος.
1747 1866 2124 1922 Artemidorus

548 1946 821 2004 Oneirocr.
889 1950 980 2003 lib.
1032 1965 1069 2013 ι,
1115 1958 1236 2020 cap.
1283 1951 1350 2004 79
1397 1971 1409 2005 :
1449 1953 1688 2016 Φοίνικος
1719 1955 1776 2008 δὲ
1821 1957 1911 2009 καὶ
1939 1957 2124 2022 ἐλαίας

547 2038 795 2109 στέφανοι
857 2041 1065 2111 γάμους
1123 2043 1422 2115 ἐλευθέρων
1469 2047 1808 2118 περιποιοῦσι
1849 2052 2122 2118 γυναικῶν

545 2128 628 2182 διὰ
671 2129 767 2201 τὴν
807 2131 1030 2202 πλοκήν.
1089 2133 1198 2185 Kal
1236 2133 1400 2188 τέκνα
1450 2140 1911 2210 προσαγορεύουσι
1963 2144 2124 2196 πολυ-

545 2222 730 2294 χρόνια
762 2221 848 2276 διά
879 2222 940 2274 τὸ
969 2221 1234 2288 ἀειθαλὲς,
1267 2225 1381 2279 υἱὸν
1423 2227 1520 2297 μὲν
1549 2230 1576 2281 ὁ
1621 2231 1815 2296 φοίνιξ,
1854 2232 2123 2306 θυγατέρα

543 2310 597 2362 δὲ
628 2312 659 2381 ή
688 2310 860 2365 ἐλαία.
897 2311 1218 2370 Plutarchus
1248 2317 1297 2369 in
1326 2314 1566 2386 Sympos.
1608 2318 1660 2382 8,
1695 2324 1958 2389 quaest.9,
1995 2326 2125 2394 pal—

547 2417 688 2455 mam
738 2419 861 2458 esse
917 2406 992 2458 ait
1055 2407 1377 2478 μακρόϐιον,
1427 2411 1853 2480 ἐμπεδόφυλλον,
1896 2415 2124 2486 βεϐαίως

545 2495 848 2564 ἀείφυλλον,
883 2497 1116 2569 ideoque
1147 2515 1269 2555 esse
1297 2501 1525 2558 victoris
1555 2509 1860 2573 prteminm,
1898 2509 2017 2564 ’Ὁτι
2045 2511 2125 2564 δεῖ

544 2582 640 2654 τὴν
678 2584 786 2637 τῶν
833 2588 1138 2658 νικηφόρων
1177 2589 1332 2653 δόξαν
1386 2591 1608 2660 ἄφθιτον
1651 2597 1742 2648 καὶ
1790 2596 1978 2669 ἀγήρω
2009 2598 2123 2652 δια-

547 2675 744 2746 μένειν.
778 2675 1112 2743 Phornutus,
1142 2683 1305 2749 capit.
1353 2682 1420 2738 de
1472 2683 1660 2749 Musis,
1705 2688 1755 2740 in
1784 2703 1847 2742 ea
1877 2692 2122 2758 agnoscit

545 2764 604 2817 τὸ
631 2766 872 2832 ἀείζωον.
917 2767 974 2821 ln
1027 2769 1161 2841 Tylo
1201 2772 1399 2837 insula,
1456 2773 1666 2829 Plinius
1721 2777 1814 2832 lib.
1864 2795 1962 2843 xu,
1997 2797 2118 2851 cap.

548 2855 635 2919 il,
663 2856 795 2909 nulli
827 2858 1084 2912 arborum
1118 2859 1246 2913 folia
1278 2860 1531 2916 decidere
1567 2865 1766 2929 tradit;
1792 2873 1844 2918 et
1877 2867 1970 2922 lib.
2007 2885 2118 2932 xvi,

547 2961 668 3016 cap.
703 2946 766 3001 21
803 2966 817 3000 :
852 2947 916 3002 In
960 2948 1190 3004 Thurino
1221 2968 1369 3020 agro,
1410 2953 1500 3007 ubi
1526 2953 1745 3026 Sybaris
1763 2957 1888 3027 fuit,
1916 2975 1980 3012 ea:
2007 2961 2122 3031 ipsa

547 3035 671 3090 urbe
701 3039 1117 3106 prospiciebatur
1143 3059 1363 3112 quercus
1409 3061 1534 3109 una,
1584 3065 1851 3117 nunquam
1880 3050 2010 3120 folia
2038 3052 2122 3106 di—

546 3129 778 3191 mittens,
810 3147 899 3184 nec
933 3143 1055 3187 ante
1088 3134 1310 3188 mediam
1342 3147 1576 3192 trstatem
1605 3142 1925 3210 germinans.
1955 3143 2121 3216 quue

544 3223 736 3276 mirum
784 3234 881 3287 est,
917 3223 1114 3280 ercis
1165 3229 1469 3285 auctoribus
1518 3232 1804 3300 proditum,
1847 3237 1986 3304 apud
2023 3255 2118 3293 nos

542 3323 721 3380 postea
766 3316 935 3371 sileri.
973 3315 1115 3372 Nam
1161 3320 1395 3376 locorum
1442 3333 1591 3377 tanta
1632 3328 1705 3379 vis
1747 3338 1845 3389 est,
1888 3340 1944 3382 ut
1979 3333 2120 3384 circa

545 3403 827 3475 Memphim
859 3406 1102 3478 .Egypti,
1133 3421 1182 3464 et
1215 3413 1268 3464 in
1299 3411 1644 3482 Elephantine
1679 3417 1958 3474 Thebaidis
1987 3423 2119 3475 nulli

544 3496 721 3549 arbori
749 3496 1010 3564 decidant,
1048 3517 1110 3556 ne
1157 3503 1344 3557 vitibus
1378 3506 1605 3575 quidem.
1640 3507 1773 3564 Vide
1815 3509 2115 3568 Varronem

545 3588 637 3640 lib.
681 3603 720 3652 ι,
759 3604 877 3660 cap.
916 3589 966 3654 7,
1003 3591 1079 3645 De
1113 3609 1167 3646 re
1199 3596 1429 3659 rustica;
1473 3606 1527 3651 et
1563 3596 2000 3669 Theophrastum
2043 3604 2120 3659 De

545 3679 730 3735 histor.
782 3684 950 3751 plant.
988 3685 1080 3739 lib.
1121 3702 1156 3752 ι,
1201 3688 1369 3757 capit.
1403 3688 1489 3752 15,
1546 3691 1637 3745 ubi
1681 3701 1735 3746 et
1782 3694 1850 3748 de
1901 3696 2121 3764 platano

544 3771 854 3829 Gortinensi
884 3783 936 3829 et
967 3777 1032 3831 de
1070 3775 1432 3848 Elephantino
1467 3796 1614 3850 agro.
1657 3785 1794 3856 Περὶ
1828 3787 1936 3858 γὰρ
1979 3789 2116 3841 Ἑλες

544 3865 803 3936 φαντίνην
847 3867 964 3921 οὐδὲ
996 3867 1093 3932 τὰς
1139 3869 1433 3940 ἀμπέλους,
1471 3872 1590 3927 οὐδὲ
1637 3876 1736 3940 τάς
1785 3880 1955 3942 συκᾶς
1990 3897 2119 3949 φασι

544 3956 905 4024 φυλλοϐολεῖν.
943 3958 1002 4014 in
1040 3961 1238 4031 quibus
1271 3962 1413 4017 sicut
1455 3975 1509 4019 et
1550 3965 1605 4019 in
1650 3968 1770 4024 aliis
1803 3985 1872 4024 an
1909 3969 2119 4028 Plinius

543 4048 717 4105 ﬁdelis
758 4050 1071 4122 interpretis
1103 4069 1328 4111 munere
1356 4056 1575 4114 functus
1619 4059 1690 4114 sit
1724 4062 2117 4132 aliisjudican-

543 4141 670 4195 dum
706 4142 954 4213 relinquo
980 4164 992 4200 :
1029 4144 1131 4201 hoc
1160 4163 1345 4202 verum
1378 4157 1486 4216 est,
1510 4151 1756 4220 quaedam
1796 4154 1862 4209 de
1893 4171 1994 4210 suo
2023 4155 2120 4211 ad-

542 4233 790 4297 didisse,
847 4236 952 4290 alia
1002 4238 1270 4294 omisisse.
1330 4240 1400 4295 At
1456 4257 1565 4297 non
1617 4261 1680 4299 ex
1745 4243 2119 4317 Theophrasto

543 4328 842 4392 transtulit,
870 4327 963 4383 sed
1000 4343 1064 4385 ex
1096 4332 1239 4398 aliis,
1276 4333 1572 4407 Griecaque
1607 4344 1668 4391 ut
1709 4345 1866 4392 erant
1915 4340 1970 4394 in
2013 4339 2118 4397 illis

2219 1677 2470 1732 ﬁrmasse
2505 1679 2584 1732 Vt'l
2615 1679 2945 1733 declarasse.

2297 1769 2426 1825 ibid.
2453 1771 2548 1824 lin.
2574 1770 2664 1825 25.
2694 1769 2762 1826 Τὸ
2787 1769 2974 1838 ῥόδον
2999 1769 3151 1824 ἄνευ
3197 1767 3310 1837 τῆς
3342 1770 3604 1837 ἀκάνθης.
3632 1769 3748 1824 Basi-

2221 1861 2351 1923 lius,
2386 1860 2532 1916 hom.
2557 1862 2590 1915 5
2621 1879 2634 1914 :
2669 1860 2818 1932 Πλήν
2845 1878 2907 1930 γε
2935 1862 3015 1914 ὅτι
3047 1861 3112 1915 τὸ
3147 1861 3296 1932 ῥόδον
3317 1863 3435 1915 τότε
3463 1864 3579 1916 ἄνευ
3614 1864 3745 1916 ἀκάν-

2222 1953 2321 2024 θης
2353 1949 2440 2023 ἦν.
2475 1953 2738 2024 ’Ὑστερον
2764 1953 2821 2007 δὲ
2850 1953 2923 2024 τῷ
2956 1953 3149 2008 κάλλει
3177 1954 3272 2007 τοῦ
3307 1953 3494 2017 ἄνθους
3524 1956 3553 2024 ἡ
3580 1955 3746 2008 ἄκανθα

2222 2046 2586 2117 παρεζεύχθη,
2616 2048 2702 2102 ἵνα
2722 2048 2782 2100 τὸ
2807 2047 3036 2119 τερπνὸν
3071 2047 3178 2118 τῆς
3203 2047 3540 2112 ἀπολαύσεως
3565 2046 3743 2116 ἐγγύθεν

2222 2137 2431 2208 ἔχωμεν
2471 2141 2880 2211 παρακειμένην
2925 2140 3022 2211 τὴν
3065 2139 3274 2212 λύπην,
3331 2141 3638 2211 μεμνημένοι
3672 2144 3746 2212 τῆς

2222 2229 2512 2300 ἁμαρτίας,
2541 2229 2606 2282 δι’
2638 2230 2704 2300 ἣν
2741 2232 2977 2297 ἀκάνθας
3028 2234 3128 2286 καὶ
3179 2232 3456 2305 τριϐόλους
3495 2235 3610 2303 ἡμῖν
3644 2234 3742 2288 ἀνευ

2221 2320 2422 2373 τέλλειν
2466 2322 2826 2395 κατεδικάσθη
2861 2327 2893 2394 ἡ
2933 2325 3026 2395 γῆ.
3063 2324 3167 2380 Pia
3202 2334 3258 2381 et
3291 2327 3524 2396 prudens
3547 2341 3743 2379 commo-

2223 2413 2482 2476 nefactio,
2518 2423 2576 2468 ut
2605 2414 2859 2470 videlicet
2891 2417 3054 2473 homo
3110 2418 3170 2472 in
3220 2432 3398 2472 rosam
3449 2424 3645 2486 aspectu
3677 2418 3741 2470 in-

2217 2501 2385 2570 jecto,
2431 2504 2613 2558 statim
2666 2507 2882 2575 pristini
2909 2516 2962 2561 et
3001 2506 3219 2577 antiqui
3260 2507 3419 2578 primi
3451 2509 3682 2577 parentis,
3703 2515 3743 2560 et

2221 2596 2307 2650 sui
2350 2597 2534 2664 lapsus
2582 2599 2894 2654 memoriam
2951 2608 3209 2669 repetat;
3268 2611 3320 2655 et
3365 2601 3643 2654 calamitate
3668 2601 3740 2654 in-

2223 2698 2431 2760 specta,
2471 2692 2525 2744 in
2563 2707 2722 2760 quam
2755 2702 2978 2762 propter
3021 2703 3312 2764 peccatum
3371 2695 3579 2758 incidit,
3613 2696 3742 2749 corde

2223 2779 2416 2836 fremat
2440 2790 2494 2837 et
2528 2783 2718 2838 intime
2748 2785 2946 2848 doleat,
2981 2788 3181 2856 suique
3215 2790 3473 2844 creatoris
3501 2804 3635 2858 opem
3664 2803 3738 2843 ex-

2221 2885 2432 2943 poscat,
2457 2887 2511 2930 et
2543 2877 2646 2930 sibi
2674 2890 2882 2932 caveat.
2915 2876 3253 2933 Continuata
3286 2881 3428 2934 enim
3452 2888 3740 2950 peccatorum

2223 2968 2484 3021 me‘ntoria
2509 2969 2715 3022 nullum
2750 2970 3050 3024 remedium
3084 2973 3278 3042 aptius
3311 2972 3376 3026 ad
3401 2971 3592 3026 veniam
3617 2971 3742 3039 impc-

2223 3059 2495 3121 trandam,
2529 3075 2628 3115 nec
2663 3061 2830 3114 ullum
2871 3061 3014 3115 aliud
3051 3061 3123 3116 ita
3166 3080 3385 3134 segnem
3421 3063 3579 3117 reddit
3605 3060 3740 3114 homi-

2223 3165 2346 3204 nem
2393 3151 2460 3206 ad
2508 3152 2804 3222 nequitiam
2836 3156 3289 3222 perpetrandam,
3323 3164 3380 3210 ut
3410 3155 3582 3211 scribit
3605 3153 3738 3223 Chry-

2219 3249 2493 3294 sostomus
2525 3243 2580 3294 in
2611 3243 2779 3310 prist.
2813 3245 2881 3296 ad
2919 3244 3206 3309 Ilebrwos,
3244 3263 3365 3316 cap.
3401 3265 3494 3308 ιιι.
3525 3248 3645 3300 hom.
3669 3245 3736 3305 5i.

2219 3340 2273 3386 et
2299 3332 2352 3385 in
2382 3341 2570 3386 catena
2589 3335 2641 3387 in
2674 3351 2788 3403 cap.
2818 3352 2905 3389 Juv
2943 3336 3236 3392 Hieremiae
3265 3355 3284 3392 :
3318 3338 3436 3391 Ἐπὶ
3459 3339 3512 3390 τὸ
3534 3337 3736 3406 λειπόμε-

2219 3441 2307 3476 νον
2330 3424 2614 3495 φάρμακον
2636 3427 2966 3496 καταφεύγει
2987 3429 3091 3482 τῶν
3114 3431 3522 3501 ἁμαρτημάτων
3538 3429 3620 3498 τὴν
3635 3426 3736 3494 γνῶ-

2222 3532 2323 3568 σιν.
2349 3513 2458 3571 Nec
2485 3517 2733 3572 dissentit
2753 3517 2979 3588 August.
3003 3521 3095 3573 lib.
3117 3537 3161 3587 ι,
3188 3522 3258 3575 De
3282 3521 3406 3576 Gen.
3424 3531 3586 3574 contra
3607 3516 3732 3570 Mani-

2221 3609 2409 3671 chazos,
2438 3623 2486 3662 c.
2518 3609 2583 3664 l5
2606 3625 2624 3662 :
2648 3609 2752 3663 Per
2781 3623 3047 3678 peccatum
3087 3612 3320 3668 hominis
3351 3625 3484 3668 terra
3511 3612 3731 3666 maledicta

2218 3709 2318 3762 est,
2351 3708 2406 3752 ut
2453 3702 2630 3769 spinas
2659 3713 2884 3770 pareret,
2931 3720 3034 3757 non
3076 3714 3130 3757 ut
3183 3708 3297 3773 ipsa
3339 3722 3509 3775 poma:
3542 3704 3728 3764 sentiret,

2219 3807 2336 3860 qua:
2373 3793 2483 3846 sine
2521 3809 2675 3847 sensa
2715 3802 2826 3857 est,
2874 3795 2965 3849 sed
3007 3806 3065 3849 ut
3104 3800 3313 3864 peccati
3353 3798 3555 3850 lmmani
3582 3797 3728 3848 crimen

2220 3898 2420 3951 semper
2447 3883 2740 3938 hominibus
2770 3897 2890 3939 ante
2927 3887 3104 3940 oculos
3144 3899 3376 3955 poneret,
3408 3904 3503 3960 quo
3533 3886 3728 3940 admone-

2220 3987 2399 4031 rentur
2439 3977 2727 4046 aliquando
2762 3981 2926 4033 averti
2969 3999 3001 4034 a
3045 3984 3298 4051 peccatis,
3330 3993 3378 4036 et
3424 3982 3488 4036 ad
3518 3981 3599 4034 Dei
3627 3994 3727 4047 prec

2219 4081 2370 4139 cepta
2399 4073 2646 4126 converti.
2687 4071 2876 4127 Herba:
2908 4083 3105 4136 autem,
3138 4086 3248 4130 etc.
3304 4075 3426 4130 ﬂare
3455 4083 3614 4127 tamen
3634 4085 3726 4123 scn-

2219 4161 2390 4215 tentia
2423 4160 2643 4216 Pererio
2669 4161 2706 4216 l.
2736 4176 2773 4228 ι,
2805 4162 2857 4215 in
2905 4161 3031 4215 Gen.
3069 4179 3182 4218 non
3225 4165 3448 4220 arridet.
3488 4162 3584 4216 Nec
3617 4159 3725 4213 enim

2221 4258 2398 4320 potest
2435 4250 2631 4305 adduci
2680 4259 2736 4304 ut
2767 4251 2954 4305 credat
2999 4267 3182 4306 rosam
3230 4263 3356 4308 ante
3386 4259 3639 4323 peccatum
3669 4246 3726 4299 ia-

2219 4351 2358 4396 ctam
2387 4341 2558 4396 fuisse
2591 4342 2796 4412 absque
2829 4343 3024 4412 spinis.
3065 4343 3210 4400 Deus
3239 4346 3383 4400 enim
3413 4345 3538 4398 tales
3574 4336 3725 4395 condi-

542 4418 856 4475 auctoribus
901 4418 1091 4474 Latina
1117 4421 1259 4479 fecit.
1288 4425 1419 4482 Esto
1446 4447 1458 4482 :
1497 4435 1675 4483 tamen
1710 4440 1994 4500 suspectus
2020 4432 2114 4485 ad-
2145 4437 2188 4492 D
2216 4433 2296 4488 dit
2341 4449 2428 4488 res
2461 4433 2650 4503 quales
2690 4441 2819 4488 sunt
2850 4435 3153 4490 secundum
3185 4446 3434 4492 naturam
3469 4447 3622 4495 suam,
3650 4441 3723 4482 nec

541 4509 647 4563 huc
679 4518 762 4565 est
801 4526 924 4566 cum
951 4521 1003 4568 et
1041 4516 1096 4570 in
1131 4517 1252 4573 aliis
1286 4518 1476 4575 eodem
1504 4520 1666 4576 modo
1700 4537 1759 4577 se
1787 4531 1975 4592 gerat;
2021 4524 2115 4578 sed

540 4615 649 4654 non
677 4608 759 4656 est
793 4607 1076 4671 praesentis
1102 4610 1326 4678 negotii.

611 4693 728 4749 Col.
759 4695 882 4762 716,
905 4698 1102 4754 lin.22.
1120 4701 1227 4754 Kal
1251 4699 1330 4768 ἣν
1345 4701 1624 4769 Ἀρκάδες
1645 4702 1955 4772 φίλοὸρυν.
1984 4705 2116 4759 Cor-

539 4788 654 4856 rige
683 4803 748 4841 ex
781 4787 1178 4859 Theophrasto,
1208 4785 1514 4863 φελλόδρυν.
1564 4792 1737 4863 llujns
1780 4804 2033 4849 naturam
2061 4806 2115 4852 ct

537 4887 851 4933 accuratam
891 4882 1313 4953 descriptionem
1344 4885 1506 4942 habet
1540 4887 1676 4942 idem
1703 4886 2113 4958 Theophrastus

537 4971 614 5025 De
643 4971 824 5026 histor.
858 4973 1026 5043 plant.
1057 4975 1151 5030 lib.
1197 4992 1277 5042 tn,
1317 4980 1483 5050 capit.
1524 4980 1589 5034 16
1621 4998 1635 5034 :
1674 4982 1737 5033 Ὀ
1767 4979 1822 5033 δὲ
1859 4979 2112 5034 καλοῦσιν

549 5064 807 5134 Ἀρκάδες
834 5064 1122 5136 φελλόδρυν
1159 5069 1366 5122 τοιάνδε
1413 5069 1524 5141 ἔχει
1569 5071 1668 5139 τὴν
1697 5072 1877 5141 φύσιν,
1908 5071 1981 5135 ὠς
2015 5072 2112 5142 μὲν

534 5153 719 5219 ἁπλῶς
750 5157 942 5220 εἰπεῖν,
975 5157 1078 5211 ἀνά
1110 5157 1272 5228 μέσον
1305 5160 1491 5230 πρίνου
1522 5161 1615 5216 καὶ
1642 5161 1801 5235 δρυός
1827 5164 1962 5214 ἐστι.
2002 5162 2112 5214 Καὶ

533 5245 661 5300 ἔνιοι
718 5248 1187 5320 ὑπολαμϐάνουσιν
1245 5247 1379 5305 εἶναι
1427 5252 1590 5324 θῆλυν
1634 5257 1841 5324 πρῖνον,
1891 5254 1972 5307 διὸ
2018 5255 2114 5308 καὶ

532 5332 662 5385 ὅπου
709 5336 782 5408 μὴ
827 5335 1016 5406 φύεται
1071 5339 1275 5409 πρῖνος,
1326 5340 1499 5412 τούτῳ
1544 5342 1776 5413 χρῶνται
1835 5342 1968 5413 πρὸς
2013 5343 2112 5405 τὰς

533 5424 768 5494 ἀμάξας,
809 5429 905 5482 καὶ
947 5429 1014 5483 τὰ
1050 5429 1293 5495 τοιαῦτα,
1325 5433 1576 5505 καθάπερ
1606 5437 1638 5505 ή
1691 5435 1819 5506 περὶ
1851 5435 2112 5488 Λακεδαίο

533 5532 671 5584 μονα
722 5519 812 5570 καὶ
853 5519 1083 5573 Ἠλείαν.
1139 5520 1374 5575 Καλοῦσι
1425 5523 1481 5576 δὲ
1537 5525 1590 5577 οἰ
1637 5541 1700 5592 γε
1749 5526 1971 5594 Δωριεῖς
2018 5526 2110 5579 καὶ

529 5606 726 5676 ἀγρίαν
757 5608 818 5660 τὸ
856 5600 1088 5679 δένδρον
1121 5612 1275 5664 Ἐστι
1322 5612 1378 5666 δὲ
1427 5613 1811 5685 μαλακώτερον
1860 5616 1954 5671 τοῦ
1988 5618 2110 5688 πρί-

526 5711 637 5762 νου,
675 5696 1033 5774 σκληρότερον
1069 5701 1124 5754 δὲ
1167 5702 1258 5754 καὶ
1301 5707 1628 5761 πυκνότερον
1657 5707 1755 5779 τῆς
1787 5707 1964 5780 δρυός.
2000 5711 2108 5764 Καὶ

2219 4532 2499 4595 peccatum
2529 4524 2657 4580 Adae
2707 4527 2938 4579 mutavit
2967 4542 3158 4581 earum
3212 4529 3560 4600 proprietates
3601 4531 3723 4590 atque

2217 4616 2580 4679 conditiones,
2632 4631 2754 4668 cum
2801 4631 2902 4670 nec
2943 4633 3009 4671 ea
3054 4617 3300 4687 quidem,
3335 4634 3455 4687 qua:
3495 4627 3604 4669 vera
3628 4613 3724 4664 sunt

2218 4707 2517 4762 secundum
2571 4714 2828 4762 naturam
2875 4708 3114 4762 hominis
3161 4719 3441 4780 peccatum
3481 4706 3585 4775 ejus
3605 4697 3722 4771 quid-

2216 4813 2378 4868 quam
2427 4798 2738 4851 variaverit.
2789 4797 2992 4853 Rosam
3029 4815 3157 4854 vero
3202 4801 3354 4854 nasci
3402 4801 3531 4852 inter
3578 4791 3721 4860 spina!

2216 4889 2522 4944 naturalem
2580 4903 2721 4956 rosze
2767 4890 3216 4944 constitutionem
3267 4899 3427 4960 atque
3473 4880 3721 4956 generatio-

2214 4993 2338 5032 nem
2375 4978 2752 5047 consequitur.
2796 4977 2976 5045 Quare
3010 4981 3114 5035 etsi
3164 4988 3296 5034 ante
3338 4987 3595 5050 peccaltnn
3624 4969 3720 5063 Δάαι

2214 5076 2370 5122 erant
2407 5068 2520 5123 haec
2560 5069 2812 5123 humanae
2843 5079 3053 5124 naturae
3093 5072 3278 5133 noxia,
3324 5086 3430 5123 non
3465 5067 3717 5121 tuissentfl

2213 5160 2269 5212 in
2301 5173 2538 5229 poenam,
2580 5160 2628 5215 si
2674 5175 2781 5214 non
2822 5171 3126 5231 peccasset,
3159 5160 3254 5215 sed
3303 5162 3376 5213 ita
3403 5166 3537 5214 esset
3577 5151 3716 5204 animo

2214 5267 2554 5322 corporequc
2586 5253 2836 5317 ell‘ectus,
2877 5263 2936 5307 ut
2979 5254 3234 5308 facillime
3273 5254 3388 5307 haac
3426 5248 3629 5306 exitiosa
3656 5242 3714 5291 in-

2213 5355 2524 5398 ternoscere
2555 5352 2606 5397 et
2636 5345 2806 5399 vitare
2832 5352 3038 5414 posset.
3073 5343 3267 5401 Verum
3307 5352 3410 5402 est,
3444 5341 3589 5392 Deum
3614 5329 3713 5384 tales

2215 5454 2302 5493 res
2350 5439 2666 5494 condidisse
2718 5441 2910 5510 quales
2965 5450 3096 5495 sunt
3149 5438 3441 5496 secundum
3492 5435 3713 5486 naturam.

2216 5529 2373 5586 Same
2403 5533 2606 5587 mentis
2636 5541 2721 5587 est
2761 5532 2925 5588 fateri
2971 5548 3154 5587 rerum
3196 5529 3541 5602 proprietates
3574 5529 3618 5573 et
3643 5527 3714 5568 na-

2212 5630 2365 5679 turas
2387 5633 2612 5693 peccato
2637 5625 2939 5695 primorum
2958 5635 3240 5695 parentum
3261 5639 3364 5677 non
3380 5620 3534 5673 fuisse
3559 5613 3715 5695 immitt-

2213 5722 2376 5772 tatas.
2424 5693 2778 5787 Exploratum
2809 5725 2916 5784 est,
2955 5693 3082 5772 ante
3130 5723 3400 5786 peccatum
3451 5721 3560 5763 cum
3596 5693 3714 5755 nulla
