1962 3484
108 150 165 179 σεο

628 153 661 180 ΙΝ
681 153 867 181 EUSTATHII
886 153 1125 184 IIEXAEMEBON
1142 157 1254 186 ΝΟΤᾹΣ.

1689 163 1742 191 850

108 209 191 244 culpa
207 216 295 243 neque
309 216 408 243 carpus
421 217 509 244 neque
523 210 644 237 animum
666 210 795 243 alliceret,
814 219 903 246 neque
918 216 938 241 A
955 221 1026 239 mum
1043 219 1178 245 utaturut;
1200 218 1227 242 et
1244 222 1304 249 cap.
1321 215 1367 249 26,
1389 216 1506 243 Perdunt
1528 217 1656 252 facillim:
1682 223 1742 246 ante

110 262 219 290 poenam
237 255 319 282 ullam
337 254 420 283 fuisse
437 255 560 284 inditam.
575 256 645 285 Vero
659 259 750 284 verius
770 262 811 285 est
826 257 898 285 Ada-

111 309 187 328 mum
203 304 266 327 tunc
281 300 317 327 ita
330 300 420 328 animo
434 305 461 328 et
476 309 589 336 corpore
612 302 695 330 fuisse
711 302 848 334 eﬂ‘ectum,
869 307 899 330 ut

110 351 140 374 et
153 347 266 374 exitiosa
279 353 469 382 cognosceret,
482 352 509 375 et
524 352 615 382 po-set
628 349 724 376 vitare.
741 348 803 376 ideo
817 353 843 375 et
857 356 903 376 ro-
935 352 942 361 '

110 401 171 421 sam
190 401 251 420 cum
273 394 361 428 spinis
384 399 475 421 natam
497 394 702 426 aliirmabimus,
721 399 748 422 et
767 396 795 422 in
817 396 904 430 spinis

110 440 200 473 nasci,
214 440 364 468 naturalem
380 448 449 468 rosae
463 442 684 469 constitutionem
699 446 726 469 et
752 442 905 476 generatio-

108 493 176 513 nem
197 486 349 521 consequi?
365 486 424 513 Alia
442 487 522 514 nobis
538 487 649 515 aliunde
668 491 694 514 ei.
717 495 786 515 rosae
807 492 904 514 natura

109 536 140 559 et
156 532 291 559 naturalis
302 533 465 560 constitutio
478 533 636 568 quaerenda.
657 533 734 566 Quod
753 538 848 560 natura
863 534 905 561 in-

110 579 200 606 situm
225 582 268 606 est
286 583 367 614 atque
384 579 489 611 datum,
504 584 531 607 et
552 580 704 608 naturalem
730 581 905 608 constitutio-

111 632 178 651 nem
192 625 378 659 consequitur,
394 625 436 652 lex
451 629 501 656 est,
516 633 576 659 qua:
588 625 661 653 nullo
673 626 813 654 hominum
828 627 909 662 inge-.

112 671 174 698 nio.
198 670 271 696 nulla
300 674 453 705 temporum
479 671 685 703 vicissitudine,
712 673 787 699 nulla
812 680 904 700 rerum

110 719 258 750 varietate,
275 719 350 746 nullo
362 719 443 746 etiam
460 719 547 754 ipsius
560 724 674 753 natura,
690 721 714 748 si
730 721 786 748 fieri
802 724 903 755 posset,

111 766 231 800 impetu,
246 766 379 798 violatur;
400 765 446 792 sed
458 773 565 801 semper
577 767 701 794 eamdem
722 775 778 794 rem
797 767 829 793 ad
845 767 904 793 cxi-

113 815 175 838 tum
190 819 275 846 usque
289 812 477 846 consequitur.
494 811 571 844 Quod
585 812 606 839 si
620 812 712 843 tollas.
728 813 768 840 vel
786 813 812 839 in
831 812 904 839 aliud

112 861 303 884 transmittare
316 858 475 888 tentavcris.
491 865 548 884 rem
566 862 592 885 et
614 858 699 892 ipsam
717 859 823 893 perdes.
840 863 866 886 et
878 859 904 886 in

113 903 198 931 aliam
222 904 389 931 innnutabis.
406 903 439 930 Et
457 904 559 931 scimus
579 904 660 931 etiam
681 905 798 932 dubitari
825 913 858 932 an
876 906 902 933 id

115 949 218 976 virtute
234 954 260 975 rt
278 949 406 977 facultate
430 950 521 977 divina
550 950 606 977 lieri
630 955 731 985 posset,
748 955 773 978 et
792 952 903 978 conclu-

113 996 184 1022 dunt
210 1003 243 1023 ex
266 1000 362 1022 natura
388 996 427 1022 rei
452 994 478 1022 id
499 995 647 1030 implicare.
675 996 708 1022 At
729 1004 779 1024 nos
802 997 903 1024 nostris

113 1042 193 1069 hisce
218 1042 388 1077 temporibus
402 1042 582 1076 agricolarum
609 1042 741 1069 industria
766 1043 801 1069 ita
825 1050 903 1070 rosas

111 1088 221 1115 institui
236 1088 383 1119 cernimus,
397 1092 426 1114 ut
437 1088 538 1122 absque
553 1088 639 1122 spinis
649 1092 803 1122 erumpant,
815 1096 903 1123 neque

112 1133 209 1160 minus
225 1133 404 1164 venustiores,
422 1140 509 1167 neque
528 1133 618 1160 minus
634 1133 810 1160 o.l0ratiores.
829 1132 903 1165 Quo-

113 1179 198 1206 modo
215 1186 280 1213 ergo
295 1186 309 1204 a
330 1183 427 1205 natura
447 1179 483 1205 ita
498 1183 684 1213 comparatum
706 1186 766 1206 esse
781 1178 900 1205 al‘tirma-

113 1225 225 1253 bimus?
240 1224 311 1252 Idem
326 1228 368 1252 est
386 1225 455 1251 inter
469 1225 561 1259 spinas
576 1224 652 1251 nasci
669 1225 818 1251 naturalem
834 1232 903 1252 rosa:

113 1270 341 1298 constitutionem
353 1271 482 1305 consequi
495 1270 638 1301 adﬁrmare,
653 1270 762 1297 acinter
772 1270 904 1297 domesti-

113 1324 165 1344 cos
184 1315 301 1350 parietes
325 1315 462 1342 hominem
494 1316 582 1346 nasci,
608 1315 759 1342 naturalem
784 1315 903 1342 hominis

114 1363 352 1390 constitutionem.
378 1362 410 1389 Et
431 1363 532 1393 mirum
558 1366 611 1392 est.
632 1362 704 1397 quod
716 1370 781 1390 cum
800 1362 827 1389 in
851 1362 902 1389 hoc

114 1408 185 1435 ﬂore
196 1409 317 1436 omnium
336 1408 520 1443 pulcherrimo
543 1408 620 1443 plura
642 1413 756 1443 possunt
777 1408 902 1436 conside-

112 1455 173 1482 rari
191 1454 326 1489 quaeejus
341 1458 465 1481 naturain
482 1455 612 1489 consequi
631 1462 685 1482 non
701 1455 818 1482 absurde
830 1454 902 1482 dice-

115 1508 224 1530 remus.
240 1501 371 1536 neglectis
384 1500 448 1532 illis,
460 1500 492 1527 ad
508 1500 612 1535 spinas,
622 1508 682 1535 qua:
697 1501 813 1535 pessima
828 1504 901 1534 sunt,

116 1547 242 1573 animum
258 1547 446 1574 attendamus.
462 1545 500 1573 Ex
520 1546 760 1580 Peripateticorum
784 1551 810 1574 et
830 1546 903 1581 inge-

116 1600 239 1620 nuorum
259 1593 484 1628 philosophorum
505 1593 598 1619 schola
619 1597 713 1619 notum
737 1593 774 1623 id,
791 1600 822 1619 ac
836 1593 903 1620 satis

117 1644 226 1667 certum
245 1640 389 1672 habemus,
410 1640 447 1666 ita
461 1640 572 1674 propria
586 1647 647 1666 esse
667 1639 705 1666 rei
722 1639 779 1670 illa,
794 1646 854 1673 qua:
870 1639 904 1666 ad

116 1687 270 1715 naturalem
283 1686 505 1714 constitutionetn
514 1690 728 1720 consequuntur,
750 1690 779 1712 ut
793 1685 827 1713 de
844 1686 905 1713 aliis

118 1733 188 1764 dici,
207 1736 234 1760 et
255 1733 315 1760 aliis
340 1732 534 1759 communicari
559 1732 671 1759 minime
701 1732 806 1767 possint
830 1732 905 1759 salva

119 1785 300 1814 utrorumque
323 1784 432 1807 natura.
455 1779 490 1805 At
513 1779 582 1806 inter
600 1779 693 1813 spinas
718 1779 794 1805 nasci
818 1778 905 1806 soline

119 1833 191 1853 rosa
203 1825 344 1852 convenit?
365 1825 436 1860 Ergo
452 1825 524 1852 inter
535 1825 629 1860 spinas
639 1824 715 1851 nasci
733 1832 787 1851 non
807 1832 906 1852 conse-

119 1872 216 1906 quitur
237 1872 388 1899 naturalem
413 1879 483 1898 rosae
495 1870 730 1898 constitutionem.
746 1870 781 1897 At
798 1878 852 1897 non
868 1871 905 1897 ita

118 1918 230 1952 propria
252 1918 331 1944 utsit
347 1917 408 1944 aliis
431 1917 619 1951 inconjuncta,
642 1924 707 1952 ergo
730 1924 784 1943 non
809 1921 906 1944 natura

116 1964 195 1995 data,
208 1970 272 1997 ergo
288 1967 376 1998 potest
392 1963 515 1998 generari
533 1970 607 1994 rosa,
623 1967 651 1989 et
677 1963 736 2002 sine
757 1962 844 1997 spinis
858 1969 906 1997 ge-

116 2010 222 2037 nerari.
247 2009 299 2036 Sed
322 2008 418 2036 deuius
441 2009 522 2036 etiam
544 2016 601 2036 rem
627 2008 664 2035 ita
693 2016 722 2036 se
743 2008 860 2041 habere,
880 2013 906 2036 et

117 2056 193 2082 inter
206 2055 297 2089 spinas
308 2055 395 2086 nasci,
410 2055 539 2089 consequi
553 2062 623 2082 rosae
639 2055 789 2081 naturalem
805 2055 906 2082 consti-

116 2101 263 2128 tutionem.
288 2100 358 2132 Quid
379 2100 460 2128 inde?
481 2100 616 2131 Cultura,
644 2100 712 2132 soli,
735 2108 822 2135 aquae,
843 2100 904 2127 cmli

115 2151 222 2173 tantam
235 2154 296 2174 esse
315 2147 371 2180 jam
386 2150 412 2174 et
430 2146 585 2174 facultatem
601 2146 628 2173 in
645 2146 755 2181 plantis.
769 2146 792 2174 si
816 2145 906 2173 Theo-

116 2194 233 2229 phiasto
261 2193 377 2227 aliisque
396 2192 552 2223 credimus,
571 2196 601 2219 ut
618 2193 704 2219 miras
732 2192 907 2219 alterationes

956 259 1147 291 maturitatem,
1174 260 1275 294 palma,
1294 261 1372 296 ficus,
1396 262 1549 298 amygdala,
1568 265 1663 296 malus,
1695 273 1743 300 py-

956 313 1012 336 νας,
1027 305 1089 332 item
1103 306 1209 340 punica,
1222 314 1282 341 qua
1300 307 1380 334 etiam
1395 308 1498 335 roribus
1514 308 1614 341 nimiis,
1629 315 1653 336 et
1668 311 1742 343 prui-

955 352 996 378 nis
1021 352 1114 386 ﬂorent
1139 353 1247 380 amittit.
1265 352 1325 386 Quu
1342 353 1374 380 de
1396 362 1477 381 causa
1498 355 1634 389 inﬂectunt
1655 364 1742 382 ramos

956 398 1013 432 ejus
1030 407 1061 425 ne
1076 399 1186 434 subjecti
1202 400 1338 427 humorem
1352 401 1477 435 infestum
1501 402 1644 436 excipiant,
1667 406 1742 437 atque

955 446 1115 472 contineant.
1133 444 1220 481 Pyrus
1240 451 1263 473 ct
1287 447 1439 482 amygdala.
1452 448 1532 474 etiam
1547 448 1571 474 si
1592 456 1643 475 non
1656 448 1741 482 p’uat,

955 492 1000 518 sed
1018 492 1066 526 fiat
1091 493 1240 519 attxtrinum
1264 493 1367 524 caelum,
1393 499 1440 520 aut
1462 493 1591 527 nubilum,
1617 495 1742 521 amittunt

956 539 1059 572 ﬂorem,
1081 544 1105 566 et
1122 539 1220 573 primos
1242 540 1361 573 fructus,
1381 540 1404 567 si
1427 549 1485 567 cum
1508 540 1652 575 deﬂoruere
1676 541 1742 568 tales

955 584 1010 611 dies
1025 584 1133 619 fuerint.
1157 585 1228 612 Idem
1244 585 1325 613 refert
1343 586 1389 613 lib.
1408 595 1474 618 xvu,
1492 595 1553 622 cap.
1568 587 1595 620 2,
1616 596 1676 622 qua:
1691 587 1740 615 lia-

955 630 1014 658 buit
1035 639 1068 658 ex
1092 631 1290 666 Theophrasto,
1307 632 1345 659 De
1365 633 1453 659 causis
1467 633 1551 665 plant.
1568 634 1616 661 lib.
1635 643 1663 667 n,
1676 643 1741 670 cap.

956 676 1005 703 H:
1022 676 1203 712 Ἀποϐλητικὰ
1223 677 1251 703 δὲ
1275 677 1390 712 μάλιστα
1405 677 1459 705 τῶν
1476 678 1589 713 καρπῶν
1611 679 1674 714 πρὶν
1695 688 1743 706 πε-

955 722 1037 748 πᾶναι
1057 721 1135 756 συκῆ,
1158 722 1204 748 καὶ
1221 722 1317 755 φοίνιξ,
1342 722 1388 748 καὶ
1403 722 1556 758 ἀμυγδαλῆ,
1573 724 1619 750 καὶ
1644 724 1741 759 μηλέα,

955 768 1003 794 καὶ
1025 768 1113 799 ἄπιος.
1137 768 1237 794 Ἱκανὸν
1262 768 1316 804 γὰρ
1333 770 1380 795 καὶ
1404 769 1491 796 ὁτιοῦν
1515 769 1673 806 διυγρᾶναι,
1696 772 1743 798 καὶ

955 814 1066 846 ἀσθενὲς
1083 814 1204 849 ποιῆσαι,
1219 814 1265 841 καὶ
1279 815 1337 850 ἅμα
1353 815 1458 848 τούτοις
1474 824 1505 850 γε
1520 816 1567 843 καὶ
1581 816 1743 852 πνευμάτων

955 860 1102 894 ἐπιγίνεται
1119 860 1241 895 μέγεθος,
1267 860 1298 886 Ἦ
1312 861 1340 887 δὲ
1360 862 1408 896 ῥόα
1429 863 1485 893 τοῖς
1504 862 1552 897 μὲν
1576 862 1682 889 ἄνθεσιν
1697 863 1743 889 εὐ-

956 905 1142 936 κατάπτωτος.
1168 904 1294 939 Ἀσθενὴς
1308 904 1362 941 γὰρ
1380 906 1468 932 αὐτῶν
1486 906 1502 941 ἡ
1519 906 1670 942 πρόσφυσις
1681 915 1687 922 ι
1706 906 1743 938 ὡς

955 951 977 977 δῖ
1001 952 1064 977 ὅταν
1088 950 1220 985 ψεκάδια,
1246 951 1293 977 καὶ
1312 951 1400 986 δρόσοι
1424 951 1552 984 πέσωσιν,
1583 953 1743 988 εἰσδυόμενα

957 997 1025 1023 κατὰ
1041 996 1071 1022 τὸ
1090 995 1169 1027 ἄνθος
1185 996 1340 1031 ἁνυγραίνει
1362 997 1409 1022 καὶ
1431 996 1566 1032 ποιεῖτὴν
1587 996 1674 1033 βολήν.
1698 998 1744 1024 Διὸ

956 1043 1003 1073 καὶ
1018 1042 1165 1076 κατάγουσι
1181 1041 1216 1069 τὰ
1227 1042 1333 1077 δένδρα,
1349 1043 1396 1069 καὶ
1416 1043 1466 1071 οὐκ
1480 1043 1591 1077 ἀφιᾶσιν
1613 1043 1653 1075 εἰς
1666 1042 1741 1078 ὕψος,

955 1089 1029 1120 ὅπως
1056 1089 1081 1115 οἱ
1107 1088 1209 1115 κύτινοι
1238 1088 1274 1124 μὴ
1299 1088 1374 1124 ὀρθοὶ
1399 1089 1540 1124 γενόμενοι
1564 1089 1693 1125 δέχωνται
1712 1090 1743 1116 τὸ

957 1135 1047 1170 ὑγρόν.
1064 1136 1095 1161 οι
1111 1134 1139 1161 δὲ
1161 1135 1208 1162 καὶ
1226 1134 1359 1162 ἀνάπαλιν
1382 1134 1520 1162 κελεύουσι
1543 1136 1668 1170 φυτεύειν
1693 1136 1743 1168 τὰς

957 1181 1071 1216 ράΰδους
1090 1181 1185 1208 τούτου
1215 1182 1305 1216 χάριν,
1332 1182 1407 1213 ὅπως
1426 1181 1506 1213 εὐθὺς
1528 1181 1742 1210 κατανεύσωσιν.

957 1227 1016 1253 Ὀτι
1032 1227 1053 1253 δ’
1068 1227 1185 1262 ὑγρότης
1199 1227 1272 1253 αἰτία.
1288 1226 1337 1262 τῆς
1357 1226 1501 1261 ἀποϐολῆς,
1514 1227 1639 1254 κάκεῖθεν
1653 1226 1741 1261 δῆλον.

956 1274 987 1299 Αἱ
1002 1272 1056 1308 γὰρ
1078 1273 1152 1300 ἄπιοι
1166 1273 1213 1299 καὶ
1229 1272 1393 1308 ἀμυγδαλαίτ
1410 1272 1462 1299 κᾶν
1485 1272 1522 1308 μὴ
1546 1272 1640 1308 βρέχῃ,
1657 1272 1742 1304 νότιος

955 1319 982 1345 δὲ
1033 1320 1047 1345 ὁ
1065 1319 1117 1354 ἀὴρ
1134 1320 1180 1346 καὶ
1197 1319 1338 1354 ὲπινεφὴς,
1355 1318 1536 1345 ἀποϐάλλουσι
1558 1320 1605 1345 καὶ
1625 1318 1659 1345 τὰ
1675 1318 1742 1354 ἄνθη

956 1372 1002 1391 και
1026 1366 1089 1396 τοὺς
1114 1363 1239 1400 πρώτους
1264 1364 1401 1399 καρποὺς,
1429 1364 1476 1391 ἐὰν
1500 1363 1579 1396 εὐθὺς
1603 1362 1672 1399 μετὰ
1695 1364 1743 1399 τὴν

955 1409 1106 1445 ἀπάνθησιν
1196 1409 1382 1437 Theodoretus
1409 1409 1436 1436 in
1462 1409 1568 1444 capit.i
1593 1408 1742 1441 Hteremia,

962 1456 1066 1487 Ὶστέον,
1082 1456 1122 1482 ὃτι
1146 1457 1160 1482 ό
1179 1455 1303 1491 Ἐϐραῖος
1319 1456 1380 1482 ἀντὶ
1403 1456 1536 1490 καρυῖνης
1559 1454 1743 1490 ἀμυγδαλίνην

956 1501 1046 1537 φησίν.
1070 1502 1101 1528 Ἡ
1121 1501 1148 1528 δὲ
1165 1501 1334 1537 ἀμυγδαλίνη
1352 1501 1382 1528 τὸ
1403 1501 1472 1536 ταχὺ
1487 1501 1537 1536 τῆς
1556 1501 1689 1536 τιμωρίας
1703 1501 1744 1527 αι-

931 1575 938 1584 ,
954 1547 1071 1574 νίττεται
1081 1555 1087 1563 ·
1104 1547 1156 1583 πρὸ
1170 1547 1223 1583 γὰρ
1235 1547 1289 1574 τῶν
1308 1547 1395 1574 ἄλλων
1408 1547 1524 1582 δένδρων
1538 1546 1623 1574 ἀνθεῖ.

990 1593 1070 1625 Ibid..
1087 1594 1136 1620 lin.
1152 1593 1196 1621 50.
1216 1595 1247 1621 Ἡ
1259 1594 1293 1620 δὲ
1311 1594 1402 1628 πικρὰ
1417 1592 1586 1628 ἀμυγδαλῆ.
1615 1592 1742 1624 Basilius,
1780 1611 1790 1621 Ι

954 1639 1060 1666 Hom.5
1076 1649 1082 1666 2
1101 1640 1167 1666 Τινὰ
1180 1639 1207 1665 δὲ
1228 1640 1275 1666 καὶ
1290 1639 1339 1675 τὴν
1354 1640 1385 1665 ἐκ
1407 1639 1513 1673 φύσεως
1529 1639 1627 1666 κακίαν
1649 1639 1745 1674 ἐπιμε-

955 1684 1040 1716 λείαις
1063 1684 1193 1720 γεωργῶν
1217 1684 1423 1720 Θεραπευόμενα
1448 1685 1586 1719 ἔγνωμεν
1613 1682 1669 1712 οἷον
1694 1685 1745 1717 τὰς

955 1730 1043 1762 ὀξείας
1066 1730 1151 1766 ῥοιὰς.
1174 1730 1220 1757 καὶ
1241 1731 1295 1757 τῶν
1319 1730 1480 1765 ἀμυγδαλῶν
1503 1730 1551 1762 τὰς
1569 1730 1742 1766 πικροτέρας.

956 1778 1019 1804 ὅταν
1034 1777 1219 1813 διατρηθείσαι
1235 1777 1266 1803 τδ
1287 1777 1355 1813 πρὸς
1371 1778 1404 1813 τῇ
1429 1776 1491 1813 ῥίζῃ
1516 1776 1640 1812 στέλεχος
1655 1777 1744 1812 σφῆνα

957 1824 1060 1860 πεύκης
1086 1823 1200 1859 λιπαρὸν
1217 1823 1266 1859 τῆς
1289 1823 1451 1859 ὲντεριώνης
1477 1824 1562 1858 μέσης
1587 1822 1744 1849 διελαθέντα

955 1871 1093 1904 δέξωνται,
1112 1871 1151 1902 εἰς
1163 1869 1326 1906 εὐχρηστίαν
1343 1869 1538 1905 μεταδάλλουσι
1551 1869 1611 1896 τότε
1631 1868 1678 1896 τοῦ
1695 1878 1743 1904 χυ-

958 1916 1009 1952 μοῦ
1034 1916 1084 1951 τὴν
1108 1916 1275 1951 δυσχέρειαν,
1289 1915 1504 1950 Theophrastus,
1523 1913 1626 1942 Ηὶδιον,
1654 1913 1743 1949 plant.

957 1963 1004 1990 lib.
1018 1970 1048 1993 ιι.
1071 1970 1130 1995 cap.
1147 1962 1173 1993 8,
1196 1962 1364 1997 amygdalam
1386 1969 1418 1989 ex
1440 1968 1532 1988 amara
1554 1961 1659 1990 dulcem
1672 1961 1741 1988 eilici

957 2009 1024 2039 vult,
1041 2009 1063 2036 si
1087 2009 1148 2043 quis
1170 2008 1284 2035 caudice
1303 2007 1485 2035 circtiml‘osso
1503 2008 1744 2043 praeterieramun

958 2063 1085 2083 mensura
1099 2054 1261 2082 .dodrantali
1280 2053 1401 2088 undique
1420 2054 1566 2089 lacrymam
1591 2053 1743 2081 eﬂluentem

959 2103 985 2129 in
1012 2102 1083 2129 idem
1112 2102 1232 2129 deﬂuere
1255 2100 1337 2128 sinat.
1358 2099 1425 2128 Vide
1446 2100 1583 2135 ejusdem,
1605 2099 1644 2127 De
1657 2099 1744 2126 causis

957 2147 1041 2180 plant.
1060 2147 1106 2174 lib.
1125 2155 1143 2179 i,
1159 2146 1241 2181 capit.
1257 2146 1302 2177 21.
1318 2153 1372 2180 quo
1387 2145 1447 2173 loco
1468 2145 1636 2180 amygdalam
1649 2144 1745 2171 humo-

959 2193 998 2220 ris
1017 2193 1182 2220 abundantia
1206 2192 1326 2220 sterilem
1354 2192 1395 2218 sic
1413 2190 1539 2226 castigari
1564 2191 1649 2218 tradit
1672 2189 1743 2217 Plin.

117 2239 340 2273 mutationesque
350 2239 385 2270 _in
406 2238 439 2265 iis
453 2238 575 2272 quotidie
586 2242 743 2269 cernantur,
759 2241 786 2265 et
797 2237 903 2273 Hippon
921 2247 945 2274 ι)
959 2239 1005 2266 lib.
1024 2247 1089 2270 xvu,
1104 2246 1166 2274 cap.
1180 2239 1228 2265 ἣτε
1240 2238 1395 2274 Amygdala
1407 2246 1439 2265 ea:
1453 2237 1552 2264 amaris
1568 2236 1657 2264 dulces
1678 2237 1745 2271 ﬁunt

116 2290 216 2312 auctor
225 2289 278 2315 est,
291 2291 398 2311 omnem
416 2284 547 2319 plantam,
562 2289 589 2311 et
603 2284 766 2316 silvestrem,
781 2289 807 2311 et
823 2284 905 2311 urba-

116 2339 183 2359 nam
201 2331 302 2358 cultum
320 2331 455 2365 adeptam,
472 2335 518 2357 aut
530 2339 584 2357 non
600 2331 724 2365 adeptam
737 2330 803 2358 edici
814 2338 904 2365 posse,

116 2384 145 2406 et
173 2381 315 2412 peccatum
340 2377 367 2404 id
392 2384 445 2403 non
465 2376 567 2403 faciet?“
584 2384 663 2411 pteua
691 2376 812 2410 peccati?
834 2375 907 2403 Deus

118 2425 199 2460 ipse?
228 2424 315 2456 Adde,
331 2425 426 2459 spinas
440 2427 467 2450 et
485 2423 602 2450 tribulos
618 2422 779 2457 germinabit
804 2422 861 2448 tibi.
877 2421 906 2448 Si

115 2475 174 2509 jam
191 2477 266 2501 erant
283 2474 377 2508 spinae,
395 2473 417 2501 si
437 2472 493 2507 jam
511 2470 615 2503 tribuli,
633 2471 723 2498 inania
738 2470 827 2497 divina
845 2478 906 2498 ver-

117 2520 165 2551 ba.
179 2519 268 2546 inanis
280 2526 358 2553 paena
370 2522 397 2545 et
410 2516 575 2548 maledictio,
584 2516 710 2551 quamvis
721 2516 796 2543 dicas
811 2515 905 2547 fuisse,

117 2565 168 2593 sed
191 2573 245 2592 non
269 2565 296 2592 in
314 2571 435 2600 poenam.
453 2563 515 2591 llaec
534 2566 608 2594 sunt,
632 2561 733 2593 Pcreri.
749 2569 819 2596 qum,
836 2565 864 2589 et
883 2562 906 2589 si

117 2618 174 2638 non
187 2614 265 2637 esset.
275 2609 423 2638 Eustathii.
442 2608 546 2639 Basilii,
562 2607 718 2642 Augustini,
731 2614 846 2641 quorum
860 2614 907 2642 pa-

118 2662 193 2683 trum
207 2658 214 2683 !
229 2657 390 2688 auctmilas,
415 2655 548 2682 inducunt
567 2660 595 2681 ut
610 2654 718 2682 credant
741 2662 830 2681 rosam
845 2657 907 2681 ante

118 2708 261 2737 peccatum
276 2702 374 2729 factam
390 2710 452 2728 esse
468 2701 570 2735 alisque
586 2701 682 2735 spinis.

155 2750 214 2777 Col.
230 2749 291 2777 716.
303 2750 349 2776 lin.
360 2749 405 2775 28.
422 2749 452 2775 'H
472 2748 505 2774 δὲ
516 2747 673 2782 ἀμυγδαλῆ
686 2747 793 2781 πρώτη.
802 2747 908 2775 Plinius

119 2796 182 2823 libr.
202 2804 258 2826 xw,
278 2794 377 2821 Natnr.
397 2794 481 2824 "ish,
498 2802 558 2828 cap.
573 2793 618 2824 25,
636 2792 678 2819 EI
700 2793 739 2819 Itis
754 2802 811 2828 qua:
825 2793 908 2821 hieme

122 2842 211 2876 aquila
227 2842 370 2871 exoriente,
380 2846 407 2867 ut
423 2840 550 2872 diximus,
564 2840 723 2873 concipiunt,
735 2840 811 2873 ﬂoret
821 2841 907 2874 prima

123 2890 238 2916 omnium
255 2887 396 2922 amygdala
418 2895 504 2914 mense
518 2886 660 2918 Januario,
680 2885 778 2913 Martio
793 2895 851 2913 vero
862 2894 908 2920 po-

957 2286 981 2312 si
994 2285 1168 2319 circnmfosso
1192 2285 1289 2318 stipite,
1304 2289 1328 2311 et
1342 2284 1375 2311 ab
1395 2285 1450 2311 ima
1468 2289 1542 2317 parte
1556 2283 1745 2317 circumforata

956 2332 1072 2365 deﬂuens
1086 2332 1183 2366 pituita
1206 2331 1382 2366 abstergatur.
1405 2330 1551 2357 Africanus
1570 2330 1641 2365 apud
1660 2330 1744 2357 Geor-

956 2378 1074 2412 gicorum
1091 2378 1263 2405 eolleetorem
1279 2377 1324 2404 lib.
1348 2385 1376 2406 ι.
1397 2376 1539 2404 medicinae
1553 2376 1636 2411 hujus
1649 2375 1746 2403 memi—

956 2423 997 2449 nit
1014 2428 1040 2450 et
1054 2423 1122 2450 alias
1141 2423 1231 2450 subdit
1248 2423 1394 2450 ιΓλυκεῖαν
1410 2423 1438 2449 δὲ
1455 2423 1488 2449 ὲκ
1503 2423 1604 2458 πικρᾶς
1623 2422 1746 2457 ποιήσεις

957 2472 991 2502 εξ,
1012 2471 1186 2506 ὲκτρυπήσας
1199 2470 1229 2497 τὸ
1243 2471 1364 2507 πρέμνον
1377 2470 1422 2496 ἐπὶ
1435 2469 1588 2506 παλαιστὴν
1599 2470 1629 2497 ὲν
1644 2476 1743 2504 τετρα-

956 2518 1046 2553 γώνῳ,
1069 2518 1099 2544 τὸ
1118 2518 1235 2550 δάκρυον
1251 2517 1347 2554 ὲκδέξῃ
1369 2517 1399 2543 τὸ
1416 2517 1476 2544 κατ’
1497 2516 1629 2549 ἐνιαυτὸν,
1644 2516 1696 2547 ἓως
1712 2515 1745 2542 ἂν

957 2564 1104 2600 γλυιανθῇ.
1119 2563 1234 2590 Κάλλιον
1249 2563 1277 2589 δὲ
1291 2572 1363 2594 τινες
1373 2562 1512 2594 ποιοῦντες
1527 2561 1744 2598 περιορύττουσι,

958 2611 1004 2636 καὶ
1026 2609 1217 2645 περιϐάλλουσι
1231 2609 1332 2644 κόπρον
1353 2609 1428 2635 ὑείαν
1453 2608 1612 2644 ὲπιχέαντες
1637 2607 1684 2634 καὶ
1702 2605 1746 2633 οὖ-

959 2665 1015 2691 ρον,
1039 2654 1099 2683 εἶτα
1127 2655 1334 2692 προσχώσαντες
1361 2655 1503 2691 ἀρδεύουσι
1532 2655 1592 2681 κατ’
1612 2653 1743 2685 ἐνιαυτὸν.

958 2702 1010 2733 ἓως
1021 2699 1051 2729 οὗ
1070 2702 1253 2736 γλυκανθῶσι.
1271 2701 1328 2727 Πᾶν
1343 2701 1370 2727 δὲ
1391 2700 1515 2735 στέλεχος
1530 2699 1686 2734 ἀμυγδαλῆς
1700 2700 1745 2725 ἑκ-

958 2749 1041 2775 κοπὲν
1060 2748 1205 2775 ἀποϐάλλει
1224 2748 1268 2774 τὸν
1291 2746 1405 2782 καρπόν.
1428 2747 1546 2782 ’Δπιλὴν
1568 2746 1596 2772 δὲ
1618 2746 1664 2772 καὶ
1679 2744 1744 2779 γλυ-

958 2797 1033 2821 κεῖαν
1055 2797 1087 2821 ὲκ
1103 2794 1222 2829 σκληρᾶς
1243 2794 1289 2820 καὶ
1314 2793 1415 2829 πικρᾶς
1430 2793 1562 2827 ποιήσεις,
1583 2792 1607 2818 ει
1624 2791 1658 2818 τὰ
1681 2799 1706 2817 πε
1719 2792 1745 2826 pi.

957 2842 987 2867 τὸ
1005 2841 1128 2876 στέλεχος
1144 2841 1196 2872 ἓως
1211 2840 1265 2866 τῶν
1283 2840 1329 2866 ἐπὶ
1344 2839 1444 2874 πολλῆς
1459 2838 1540 2874 ῥιζῶν
1559 2836 1744 2873 γυμνώῡιισις,

959 2887 1004 2913 καὶ
1029 2886 1188 2922 ἁρδεύσειας
1213 2886 1331 2921 συνεχῶς
1356 2886 1432 2912 ὕδατι
1449 2884 1542 2920 θερμῷ
1559 2884 1611 2919 πρὸ
1634 2883 1683 2917 τῆς
1700 2882 1746 2909 ἁν-

364 3146 1302 3364 Ὓ
1570 3144 1951 3476 1
