3952 6204
250 262 360 322 853

1276 286 1344 342 IN
1386 287 1756 346 EUSTATIllI
1785 291 2257 349 HEXAEMERON
2287 293 2516 350 NOTAE.

3384 295 3490 351 854

242 393 436 440 exacto
469 385 688 457 frigore,
728 393 790 446 ob
836 393 888 447 id
917 395 1062 452 dicta
1115 403 1508 470 sapientissimo
1549 408 1811 463 arborum.

1926 430 2056 483 τρυς
2077 414 2297 486 ἀντέχῃ.
2341 415 2435 468 καὶ
2463 413 2558 486 τὴν
2579 417 2773 469 ἀκτῖνα
2784 416 2876 470 τοῦ
2894 416 3041 490 ἡλίου
3065 416 3271 487 clatra;
3299 416 3487 472 ἀοαιό-

251 472 358 528 Sed
391 491 506 529 cum
529 481 702 548 coepit,
733 484 787 537 in
811 495 1015 542 tantum
1038 494 1279 548 universa
1301 500 1615 566 germinatio
1645 517 1818 555 erum-

248 569 350 635 pit,
400 578 457 621 ut
489 585 597 624 una
646 567 796 629 nocte
843 593 1062 652 peragat
1112 588 1274 640 etiam
1305 606 1423 642 cum
1460 593 1719 662 strepitu;
1751 611 1816 649 ex

249 657 632 752 Theophrasto
665 665 741 722 De
758 673 935 726 causis
959 674 1154 741 plant"
1183 679 1274 733 lib.
1303 698 1339 746 ι,
1362 697 1484 752 cap.
1520 657 1609 747 2i),
1635 686 1818 740 Ταῦτα

251 749 354 847 μὲν
393 754 728 847 πρωῖκαρπα
759 760 1008 836 καθάπερ
1060 769 1319 838 ἄμπελος,
1499 776 1654 846 συκῆ,
1711 779 1815 847 μά-

247 839 494 938 λισταδὲ
529 848 843 938 συκάμινος.
876 855 1021 926 Αὕτη
1070 861 1167 930 μὲν
1211 863 1318 934 γὰρ
1340 866 1544 935 γυμνὸν
1576 839 1689 938 ἔχει
1711 839 1816 921 *τὸν

245 933 490 1031 καρπόν·
549 937 680 994 ὥσθ’
726 943 853 998 ὅταν
902 949 930 999 ὁ
954 948 1098 1019 ἦλιος
1118 933 1300 1025 ἐπιθῇ,
1325 933 1462 1027 ταχὺ
1487 933 1818 1031 προητλλοίω-

243 1038 334 1118 σε,
368 1023 628 1118 βραχείας
660 1031 912 1103 δεόμενος
962 1023 1312 1112 θερμότητος.
1363 1023 1513 1118 ’Ᾰμα
1534 1023 1730 1104 δὲ’καὶ
1759 1053 1816 1103 ὲν

244 1116 403 1188 αὐτῷ
468 1124 856 1192 συνεργάζεται
909 1129 1136 1202 δύναμις
1183 1137 1397 1208 ἰσχυρὰ,
1442 1116 1562 1194 καὶ
1607 1141 1817 1214 ἀθρόως

246 1209 482 1308 ἀπιοῦσα
539 1215 792 1291 καθάπερ
846 1222 1114 1296 καὶπρὸς
1157 1227 1254 1298 τὴν
1304 1229 1615 1304 βλάστησιν,
1647 1209 1816 1308 η’γάρ

243 1300 474 1399 δψιότης
523 1308 773 1382 ἐποίησεν
817 1314 1131 1388 ἀθροισμὸν.
1160 1321 1320 1376 Ὅθεν
1365 1325 1461 1378 ἆτε
1495 1300 1816 1399 βλαστησεις

242 1394 465 1489 ἀθρόαι,
498 1401 590 1453 καὶ
618 1404 756 1473 μετά
788 1411 958 1478 φορᾶς
987 1411 1224 1478 γίνονται
1250 1394 1521 1489 νεανικῆς,
1552 1394 1696 1473 ὥστε⁷
1723 1421 1817 1473 καὶ

240 1485 420 1556 ψόφον
450 1495 642 1558 ποιεῖν,
695 1497 946 1572 καθάπερ
987 1503 1131 1568 τινές
1171 1523 1324 1574 φασι,
1375 1509 1467 1562 καὶ
1500 1510 1691 1580 πέψεις
1717 1528 1814 1566 τα-

243 1583 385 1650 χεῖς.
416 1581 482 1636 Ει
505 1601 622 1657 cap.
656 1588 718 1642 21
744 1611 756 1645 :
801 1593 863 1646 'H
887 1596 984 1664 μὲν
1011 1593 1104 1651 οὖν
1132 1601 1230 1671 τῆς
1257 1603 1555 1672 συκαμίνου
1586 1604 1675 1658 διὰ
1697 1606 1816 1660 τοῦ-

1922 523 2079 577 τητος
2093 506 2327 576 δαψιλῶς
2350 505 2671 577 ὑποδέχηται
2700 526 2716 574 ;

1997 596 2128 652 lbid.
2191 600 2286 652 lin.
2341 599 2429 654 57.
2495 596 2685 666 Οὗτος
2731 602 2912 656 οὐδὲν
2965 605 3169 672 ἀργόν.
3229 604 3482 668 Basilius,

1920 688 2068 743 hom.
2100 691 2153 755 5,
2184 691 2348 745 Ούδὲν
2374 693 2611 747 ἀναίτιον
2635 694 2785 748 οὐδὲν
2813 696 2919 750 ἀπὸ
2932 698 3291 767 ταύτομάτου,
3311 699 3485 755 πάντα

1920 781 2034 851 ἔχει
2062 783 2181 837 τινὰ
2217 785 2404 853 σοφίαν
2435 786 2766 858 ἀπόρρητον.
2825 788 3164 860 Augustinus
3211 793 3304 847 lib.
3341 811 3379 858 ι,
3407 794 3488 848 De

1928 874 2135 938 Genes.,
2172 888 2355 930 contra
2381 878 2725 944 Manicluzos,
2749 897 2873 955 cap.
2917 884 3003 950 16,
3021 887 3265 942 confutat
3292 905 3484 945 eorum

1919 967 2214 1031 inscitiam,
2270 971 2361 1039 qui
2385 988 2616 1041 quarum
2656 989 2838 1031 rerum
2869 978 2972 1046 ipsi
2999 995 3157 1034 usum
3209 981 3482 1050 ignorant,

1921 1072 2014 1112 eas
2039 1073 2268 1128 prorsus
2325 1061 2591 1117 inutiliter
2618 1073 2672 1118 et
2697 1082 3034 1137 supervacue
3075 1071 3324 1128 conditas
3352 1089 3484 1130 cen-

1919 1158 2063 1205 sent.
2091 1151 2410 1208 Aristoteles
2437 1154 2684 1223 pluribus
2707 1157 2761 1212 in
2784 1159 2921 1215 locis
2964 1161 3129 1216 Deum
3151 1174 3205 1218 et
3230 1175 3481 1221 naturam

1919 1241 2054 1295 nihil
2088 1257 2249 1313 agere
2274 1243 2476 1298 frustra
2505 1248 2807 1313 contendit,
2833 1259 2886 1304 et
2916 1254 3183 1324 praecipue
3208 1271 3246 1321 ι,
3275 1256 3351 1311 De
3378 1275 3482 1313 cat-

1919 1334 1994 1395 ιο,
2017 1340 2149 1388 test.
2176 1334 2266 1399 5|,
2295 1336 2475 1390 etlib-
2497 1353 2557 1402 ιι,
2596 1347 2725 1392 text.
2752 1341 2840 1406 50,
2869 1351 2923 1396 et
2949 1353 3078 1398 text.
3107 1346 3212 1414 59;
3242 1357 3295 1403 et
3325 1350 3478 1416 lib.t,

1921 1421 2111 1488 Polit.,
2145 1439 2264 1494 cap.
2299 1424 2352 1490 5,
2389 1434 2445 1480 et
2485 1427 2649 1496 alibi;
2685 1439 2738 1484 et
2760 1429 3169 1503 Theophrastus
3203 1438 3274 1493 De
3302 1444 3480 1498 causis

1915 1513 2309 1579 plaut.,.initio,
2337 1515 2486 1568 061's.
2507 1517 2614 1589 γὰρ
2649 1520 2681 1589 ἡ
2707 1521 2867 1589 φύσις
2883 1524 3032 1578 οὐδὲν
3066 1527 3241 1598 μάτην
3261 1535 3420 1595 ποιεῖ,
3443 1535 3478 1603 ἦ

1918 1624 1977 1660 τε
1994 1606 2426 1678 διάνοιαβοηθείν
2451 1609 2624 1663 ἐθέλει
2639 1615 2710 1682 τῇ
2731 1613 2907 1681 φύσει.
2937 1615 3000 1668 Et
3022 1616 3229 1676 Plinius
3249 1637 3477 1691 prntmn.

241 1687 310 1782 το
351 1674 556 1779 ¹πρώῖος
585 1697 598 1710 ·
625 1680 700 1746 ὡς
724 1682 778 1736 δὲ
802 1686 1092 1762 Μενέστωρ
1121 1693 1302 1761 φησὶν,
1335 1695 1366 1763 ἠ
1401 1695 1497 1764 μὲν
1529 1695 1811 1768 βλάστησις

1919 1702 2012 1757 lib.
2037 1701 2107 1756 22
2138 1721 2152 1756 :
2184 1674 2333 1755 iltil
2364 1720 2396 1756 a
2436 1720 2608 1757 rerum
2632 1674 2824 1761 natura
2847 1711 2958 1764 sine
2991 1712 3171 1782 aliqua
3196 1674 3480 1773 occultiore

239 1765 421 1838 αὐτῆς
457 1770 584 1840 ὀψία
607 1773 696 1828 διά
723 1777 821 1849 τῆς
845 1779 1180 1853 ψυχρότητος
1206 1783 1299 1837 τοῦ
1321 1785 1504 1852 τόπου,
1531 1789 1634 1857 ἡδὲ
1657 1765 1811 1858 πέψις

1919 1811 2083 1848 causa
2121 1797 2285 1865 gigni,
2337 1797 2559 1864 scribit;
2597 1808 2650 1853 et
2699 1800 2792 1855 lib.
2831 1765 3168 1876 xxvnl,cap:

243 1863 438 1928 ταχεῖα
468 1861 554 1918 διὰ
578 1866 676 1936 τὴν
701 1869 1005 1926 ἀσθένειαν.

317 1951 440 2007 Col.
477 1955 601 2022 7l6,
645 1960 743 2015 lin.
769 1961 862 2018 41.
907 1965 978 2020 Ἠ
1007 1965 1075 2020 δὲ
1103 1967 1293 2023 ἐλαία.
1320 1968 1479 2026 Oleas
1506 1982 1560 2026 et
1577 1971 1814 2042 reliquas

240 2043 494 2114 arbores,
537 2065 769 2118 quarum
798 2054 886 2110 hic
926 2058 1134 2114 mentio
1167 2059 1242 2124 lit,
1278 2071 1400 2131 post
1426 2065 1673 2120 aestivum
1704 2068 1815 2122 sol-

240 2135 460 2192 stitium
508 2139 638 2195 l’olia
671 2157 987 2202 convertere
1015 2159 1205 2203 narrat
1259 2154 1526 2210 collector
1578 2156 1807 2228 Geopon.

239 2243 310 2280 ex
349 2226 608 2321 Floreat,
638 2249 758 2304 cap.
781 2236 833 2302 2,
864 2239 1231 2312 Προσημαίνει
1256 2244 1313 2296 δὲ
1347 2247 1440 2300 καὶ
1467 2247 1564 2312 τὰς
1607 2226 1812 2321 τροπὰς

238 2318 466 2412 θερινὰς
496 2327 800 2396 στραφέντα
826 2329 893 2383 τὰ
926 2331 1099 2400 φύλλα
1126 2336 1223 2407 τῆς
1245 2336 1452 2402 ἐλαίας,
1475 2318 1710 2412 ὥσπερὴ
1732 2359 1812 2410 φι-

235 2410 380 2484 λύρα
411 2416 503 2468 καὶ
550 2419 581 2487 ἡ
628 2419 823 2474 πτελέα
853 2424 945 2476 καὶ
968 2427 1004 2495 ἡ
1041 2424 1240 2499 λεύκη.¹
1271 2429 1426 2494 Quod
1474 2410 1808 2500 experientia

236 2514 452 2560 certum
479 2523 599 2564 esse
622 2512 911 2568 confirmat
935 2516 1207 2574 Antonius
1233 2520 1494 2577 Mizaldus
1524 2523 1601 2577 De
1621 2535 1805 2580 secret.

239 2598 516 2686 agrorum,
543 2599 638 2654 lib.
679 2618 761 2665 ιη,
786 2619 907 2675 cap.
933 2606 1020 2671 17,
1053 2615 1106 2662 et
1137 2607 1344 2667 Gellius
1380 2612 1474 2666 lib.
1503 2630 1574 2680 ix,
1608 2629 1728 2686 cap.
1754 2617 1806 2685 7,

251 2684 420 2756 Vulgo
452 2700 500 2743 et
534 2694 787 2760 scriptum
827 2707 874 2750 et
932 2698 1184 2753 creditum
1222 2712 1322 2767 est,
1383 2704 1515 2773 folia
1571 2684 1807 2762 olea—runt

237 2781 497 2837 arborum
548 2785 778 2841 brumali
801 2799 850 2843 et
880 2791 1157 2848 solstitiali
1186 2795 1271 2850 die
1297 2801 1544 2863 converti,
1597 2808 1646 2854 et
1692 2818 1807 2872 qua

234 2888 364 2940 pars
397 2891 577 2930 eorum
606 2879 778 2947 fuerat
812 2883 1048 2952 inferior,
1071 2895 1222 2956 atque
1246 2890 1524 2956 occultior,
1556 2910 1673 2946 eam
1717 2911 1807 2948 su-

234 2969 468 3036 perﬁeri,
503 2981 658 3041 atque
689 2976 881 3044 exponi
923 2978 991 3030 ad
1017 2981 1216 3043 oculos,
1252 2993 1301 3036 et
1349 2985 1417 3036 ad
1451 2985 1636 3050 solem,
1660 2987 1805 3057 quod

234 3059 390 3114 nobis
413 3078 614 3133 quoque
644 3067 804 3121 semel
842 3079 1000 3141 atque
1025 3073 1216 3128 iterum
1259 3079 1486 3145 experiri

235 3151 315 3204 ita
336 3170 450 3207 esse
472 3159 847 3225 propemodum
879 3164 1044 3217 uisum
1086 3177 1184 3219 est.

305 3263 468 3334 Μήτι..
515 3271 610 3326 lin.
652 3272 738 3328 44.
777 3274 891 3343 Τῆς
928 3277 997 3330 δὲ
1039 3279 1264 3350 ἡμέρου
1294 3285 1509 3354 συκῆς.
1550 3286 1804 3355 Basilius,

235 3359 386 3416 hom.
414 3363 483 3418 5:
517 3363 596 3416 Τὰ
629 3367 766 3420 αύτά
799 3368 853 3422 δὲ
882 3370 1055 3425 ταῦτα
1084 3375 1177 3426 καὶ
1201 3377 1458 3448 περὶτῶν
1494 3380 1674 3435 συκῶν
1705 3400 1807 3451 φα·-

238 3468 324 3504 σιν
360 3470 374 3483 ·
408 3453 528 3508 ὅθεν
581 3459 627 3510 οί
673 3461 770 3529 μὲν
802 3461 898 3525 τὰς
946 3463 1144 3535 ἀγρίας
1176 3469 1343 3532 συκᾶς
1371 3473 1808 3541 παραφυτεύουσι

234 3548 358 3609 ταῖς
407 3549 658 3621 ἡμέροις,
689 3555 738 3606 oi
765 3553 821 3607 δὲ
854 3556 979 3619 τοὺς
1025 3557 1277 3620 ὀλύνθους
1313 3561 1660 3633 ἐκϐήσαντες,
1702 3568 1809 3620 τῶν

236 3642 534 3715 εὖκάρπων
592 3648 686 3699 καὶ
739 3647 958 3719 ἡμέρων
1009 3651 1186 3704 συκῶν
1235 3652 1333 3724 τὴν
1362 3654 1575 3709 ἀτονίαν
1628 3656 1811 3712 ἰῶνται

238 3740 435 3810 ῥέοντα
467 3742 589 3814 ἤδη,
625 3745 717 3796 καὶ
736 3746 994 3799 σκεδαννύ
1003 3765 1160 3817 μενον
1185 3749 1276 3802 τὸν
1303 3751 1511 3822 καρπὸν
1527 3755 1638 3814 τοῖς
1659 3752 1811 3806 ὀλύν-

235 3831 358 3897 θοις
390 3833 696 3905 ἐπέχοντες.
722 3835 1154 3908 Theophrastus,
1173 3839 1317 3894 Hist.
1347 3842 1516 3910 plant.
1565 3844 1690 3898 libr.
1745 3861 1805 3910 ll,

236 3943 363 3996 cap.
394 3925 450 3989 9,
487 3929 563 3980 ait
585 3929 1044 3998 capt'iiicationem
1071 3940 1404 4002 compertam
1436 3935 1501 3986 ad
1521 3935 1807 3999 auxilium,

236 4035 307 4074 ne
328 4018 462 4075 ﬁcus
487 4019 697 4076 fructus
726 4023 995 4077 amittant.
1027 4023 1258 4096 ideoque
1290 4026 1809 4098 inregionibusillis

237 4113 295 4166 in
347 4113 549 4183 quibus
604 4114 878 4169 fructuum
927 4117 1144 4185 jactura
1201 4133 1308 4171 non
1346 4117 1421 4184 ﬁt,
1457 4121 1807 4191 caprilicandi

235 4218 402 4258 nsum
436 4205 644 4258 nullum
672 4207 888 4275 penitus
909 4222 1051 4270 esse,
1077 4216 1135 4261 ut
1155 4210 1208 4261 in
1241 4206 1414 4274 Italia,
1445 4210 1499 4264 in
1526 4211 1660 4266 locis
1683 4212 1809 4266 item

234 4296 535 4366 aquiloniis
568 4307 622 4352 et
654 4301 875 4365 macris,
898 4311 958 4355 ut
986 4301 1038 4355 in
1057 4300 1280 4356 Phalcio
1321 4301 1651 4374 Megarensis
1671 4305 1808 4376 agri,

234 4397 292 4443 et
333 4389 950 4460 quibusdampartibus
994 4393 1288 4458 Corinthii,
1325 4404 1378 4450 et
1410 4396 1464 4450 in
1496 4397 1686 4452 eodem
1718 4412 1811 4450 ca-

1917 1888 2048 1940 niltil
2068 1903 2256 1954 parens
2287 1889 2383 1942 illa
2421 1905 2596 1944 rerum
2619 1894 2848 1946 omnium
2883 1896 2994 1950 sine
3026 1898 3320 1968 ingentibus
3351 1918 3481 1956 cau-

1915 1982 1988 2035 sis
2010 1983 2218 2050 genuit;
2242 1992 2295 2038 et
2323 1982 2672 2056 Palingcnius
2706 1990 2760 2040 in
2788 1987 2918 2044 Vitae
2949 1992 3192 2057 zodiaco,

1989 2094 2162 2177 Quam
2194 2095 2331 2177 nihil.
2354 2097 2621 2151 incassum
2654 2099 2821 2168 faciat
2853 2113 3067 2168 natura,
3091 2104 3357 2177 Deusque,

1986 2164 2089 2242 Qui
2110 2181 2283 2242 secum
2311 2165 2420 2221 haec
2451 2164 2663 2242 reputat
2679 2188 2794 2242 non
2833 2188 2981 2237 casu,
3009 2164 3096 2228 sed
3121 2164 3342 2242 ratione,

1985 2235 2220 2291 Consilio
2244 2235 2511 2307 jussuque
2531 2238 2626 2292 Dei
2653 2240 2772 2310 ﬁeri
2799 2235 2974 2297 omnia
2999 2243 3132 2300 dicet

1982 2367 2100 2422 (Sol.
2138 2369 2260 2433 717,
2302 2369 2397 2424 lin.
2429 2371 2477 2425 1.
2521 2375 2631 2427 Ἓν
2670 2374 2778 2443 τὰρ
2823 2376 2978 2447 ὕδωρ
3025 2377 3120 2432 διὰ
3153 2380 3263 2450 τῆς
3287 2383 3474 2453 ῥίζης.

1911 2459 2165 2524 Basilius,
2198 2463 2345 2518 hom.
2374 2466 2443 2528 5,
2487 2467 2579 2519 Ἓν
2602 2465 2764 2539 ὕδωρ,
2798 2471 2885 2523 διὰ
2929 2473 3025 2543 τῆς
3067 2472 3222 2545 ῥίζης
3254 2476 3477 2548 ἑλκόμε-

1909 2573 2018 2618 νον,
2045 2556 2220 2620 ἄλλως
2257 2557 2561 2628 μὲντρέφει
2587 2559 2684 2631 τὴν
2718 2561 2871 2630 ῥίζαν
2894 2565 3080 2634 αὐτὴν,
3111 2565 3284 2630 ἄλλως
3307 2567 3364 2620 δὲ
3385 2569 3478 2622 τὸν

1909 2649 2090 2718 φλοιὸν
2117 2650 2210 2702 τοῦ
2256 2650 2558 2722 στελέχους,
2590 2654 2680 2706 καὶ
2717 2654 2888 2719 ἄλλως
2919 2657 2979 2708 τὸ
3027 2657 3198 2721 ξύλον,
3238 2661 3330 2713 καὶ
3377 2661 3478 2734 τὴν

1908 2740 2228 2815 ἐντεριώνην
2258 2743 2477 2816 ἑτέρως.
2519 2745 2591 2798 Τὸ
2619 2746 2750 2799 αὐτὸ
2783 2749 2876 2801 καὶ
2905 2749 3098 2817 φύλλον
3130 2752 3357 2820 γίνεται,
3386 2756 3480 2808 καὶ

1907 2837 1986 2898 είς
2026 2836 2352 2907 ἀκρέμονας,
2388 2838 2481 2890 καὶ
2532 2838 2758 2903 κλάδους
2791 2841 3193 2911 κατασχίζεται,
3244 2846 3337 2899 καὶ
3367 2848 3479 2912 τοϊς

1908 2933 2140 3001 καρποῖς
2183 2931 2409 3001 παρέχει
2450 2932 2548 3003 τὴν
2577 2931 2824 3004 αὔξησιν,
2878 2935 2971 2988 καὶ
2997 2936 3228 3008 δάκρυον
3256 2939 3348 2992 τοῦ
3389 2957 3484 3010 φυ-

1906 3022 2024 3086 τοῦ,
2057 3023 2149 3075 καὶ
2181 3022 2312 3085 ὀπὸς
2342 3025 2407 3076 ἐκ
2439 3023 2540 3092 τῆς
2585 3025 2753 3094 αὐτῆς
2800 3027 2977 3091 αἰτίας
3031 3031 3375 3101 προέρχεται.
3421 3032 3478 3088 In

1518 3079 1803 3135 valemw'“
1834 3117 1876 3173 C
1908 3079 2151 3168 eamdem
2192 3079 2536 3168 sententiain
2570 3079 2765 3169 Sextus
2801 3079 3004 3186 Empir.
3067 3079 3330 3189 i’yrrrlion.
3368 3123 3478 3194 Hy-

1908 3206 2052 3275 potlt.
2085 3206 2181 3260 lib.
2215 3221 2252 3265 ι,
2304 3207 2414 3258 Καὶ
2466 3205 2654 3278 ὥσπερ
2701 3209 2761 3261 τὸ
2792 3208 2932 3282 ὕδωρ
2964 3211 3020 3264 ἓν
3062 3216 3156 3268 καὶ
3213 3218 3482 3286 μονοειδὲς

1907 3297 2215 3367 διαδόμενον
2245 3299 2325 3361 είς
2367 3297 2437 3350 τά
2479 3297 2668 3370 δένδρα
2713 3300 2848 3353 ὅπου
2887 3301 2983 3370 μὲν
3025 3303 3229 3371 γίνεται
3282 3306 3478 3375 φλοιὸς,

1909 3388 2038 3441 ὅπου
2064 3388 2120 3442 δὲ
2161 3387 2370 3452 κλάδος,
2403 3389 2534 3442 ὅπου
2579 3389 2634 3442 δὲ
2667 3391 2893 3461 καρπὸς,
2928 3394 3020 3445 καὶ
3045 3395 3144 3465 1ήδη
3174 3397 3355 3463 σῦκον,
3387 3400 3481 3453 καὶ

1911 3479 2030 3552 ῥοιὰ
2057 3481 2150 3534 καὶ
2189 3479 2298 3533 τῶν
2326 3480 2499 3535 ἄλλων
2525 3481 2751 3536 ἕκαστον
2771 3497 2783 3510 ·
2823 3483 2925 3538 hoc
2955 3484 3218 3554 siquidem
3256 3490 3327 3544 ita
3357 3507 3480 3546 eve-

1911 3573 1992 3626 nit
2015 3571 2472 3642 quemadmodum
2506 3572 2647 3639 idem
2675 3572 2832 3628 cibus
2862 3585 3157 3633 concoctus
3189 3580 3480 3650 aliquando

1913 3666 1972 3719 lit
2017 3680 2175 3729 vena,
2218 3664 2490 3720 interdum
2535 3667 2757 3727 arteria,
2792 3667 3060 3724 interdum
3104 3685 3186 3735 os,
3227 3687 3478 3728 nonnun—

1910 3774 2072 3830 quam
2105 3773 2314 3814 nervus
2341 3767 2395 3815 et
2418 3759 2844 3831 unumquodque
2886 3763 3149 3832 aliorum;
3191 3773 3244 3821 et
3273 3765 3325 3819 in
3360 3783 3480 3822 mu-

1913 3851 2044 3908 sicis
2075 3868 2218 3908 unus
2259 3860 2315 3908 et
2347 3852 2487 3908 idem
2535 3853 2868 3908 musicorum
2900 3853 3060 3913 ﬂatus
3093 3858 3148 3912 in
3177 3858 3363 3914 tibiam
3395 3859 3480 3915 in-

1912 3948 2175 4016 spiratus,
2210 3947 2370 4002 modo
2399 3956 2594 4002 acutus
2638 3952 2717 4012 tit,
2749 3949 2911 4004 modo
2945 3952 3166 4020 gravis;
3191 3962 3244 4007 et
3282 3970 3478 4011 manus

1911 4038 2043 4108 lyrae
2091 4038 2358 4109 impressa
2390 4054 2780 4109 nonnunquam
2829 4057 3048 4110 gravem
3097 4059 3310 4108 sonum,
3343 4062 3481 4100 non-

1912 4145 2194 4202 nunquam
2216 4141 2436 4187 acutum
2462 4131 2670 4197 reddit;
2696 4140 2750 4187 et
2778 4133 2829 4186 in
2857 4135 2978 4189 aliis
3005 4135 3168 4190 rebus
3192 4136 3333 4191 idem
3357 4153 3482 4194 con-

1913 4229 2125 4299 tingere
2153 4230 2431 4286 cernimus

1982 4319 2144 4382 lbid.,
2185 4319 2280 4374 lin.
2315 4321 2368 4376 4.
2407 4323 2513 4376 Kal
2545 4323 2614 4376 ἐκ
2648 4323 2758 4393 τῆς
2803 4324 2990 4392 αὐτῆς
3020 4323 3274 4390 νοτίδος.
3326 4323 3483 4381 Basi-

1913 4408 2041 4472 lius,
2073 4409 2220 4463 hom.
2247 4410 2303 4476 5,
2334 4410 2456 4473 Πῶς
2481 4412 2642 4465 πάλιν
2662 4416 2726 4466 ὲκ
2754 4414 2851 4484 τῆς
2876 4410 3046 4482 αὐτῆς
3069 4413 3267 4476 νοτίδος
3297 4414 3355 4466 ὲν
3386 4413 3485 4483 μὲν

231 4481 353 4550 pite
378 4481 731 4550 caprilicandi
755 4484 1020 4540 rationem
1039 4487 1225 4541 multis
1248 4487 1622 4557 prosequitur,
1648 4503 1808 4557 quem

1918 4461 1985 4574 cii
1999 4461 2236 4576 ἀμπέλῳ
2254 4461 2398 4569 δίνος
2418 4461 2751 4570 συνίσταται,
2772 4461 2906 4559 ὲνῖδὲ
2922 4509 2987 4576 τῇ
3003 4461 3174 4577 ⁸ἐλαίᾳ
3188 4505 3249 4559 τὸ
3272 4461 3448 4559 ἐλαῶν
3466 4523 3481 4537 ·

231 4573 366 4627 vide
386 4573 529 4628 sicut
553 4582 610 4629 et
629 4574 869 4630 Plinium
896 4577 991 4631 lib.
1017 4594 1128 4644 xiv,
1153 4593 1272 4649 cap.
1299 4576 1385 4645 19,
1411 4586 1465 4633 et
1483 4576 1807 4645 Palladium,

229 4661 339 4716 131).
371 4678 434 4728 ιι,
465 4680 594 4735 cap.
620 4666 705 4722 10.

314 4779 476 4845 lbid.,
504 4781 602 4835 lin.
629 4783 714 4838 51.
754 4784 994 4855 Ἐπειδὴ
1033 4785 1102 4840 δὲ
1147 4789 1384 4854 ἁπαλός
1446 4788 1597 4842 ἐστι.
1658 4786 1813 4843 Basi—

233 4874 369 4937 lius,
403 4875 547 4929 hom.
579 4876 635 4938 5,
668 4877 778 4930 Καὶ
814 4871 890 4930 ὧν
945 4879 1044 4949 μὲν
1074 4879 1280 4943 ἁπαλὸς
1313 4883 1341 4933 6
1379 4881 1588 4952 καρπός
1621 4898 1633 4911 ·
1668 4881 1810 4952 παχὺ

230 4969 335 5022 τοῦ
358 4967 555 5036 φύλλου
582 4971 642 5023 τὸ
674 4974 1091 5042 σκεπαστήριον,
1129 4972 1204 5035 ὡς
1243 4973 1335 5026 ἐπὶ
1377 4973 1475 5043 τῆς
1504 4972 1671 5042 συκῆς
1694 4991 1706 5002 ’
1739 4968 1813 5027 ὧν

230 5057 292 5111 δὲ
329 5059 378 5111 οἱ
435 5060 638 5132 καρποὶ
683 5059 1074 5132 στεγανώτεροι
1130 5061 1339 5134 ἐλαφρὰ
1386 5062 1493 5115 τῶν
1527 5061 1737 5132 φύλλων
1778 5065 1812 5133 ἡ

233 5152 540 5225 προσϐολὴ,
581 5154 658 5218 ὡς
701 5155 796 5208 ἐπὶ
843 5155 942 5225 τῆς
1000 5155 1231 5229 καρύας.
1296 5156 1420 5210 Ὀτι
1486 5159 1673 5212 ἐκεῖνα.
1715 5157 1813 5228 μὲν

231 5243 329 5298 διὰ
360 5244 422 5298 τὸ
468 5246 691 5310 ἀσθενὲς
723 5247 966 5312 πλείονος
998 5249 1167 5302 ἐδεῖτο
1214 5249 1314 5320 τῆς
1361 5250 1612 5321 βοηθείας
1639 5268 1653 5283 ο
1689 5250 1814 5304 τού-

229 5351 355 5398 τοις
384 5334 430 5387 δ’
452 5336 518 5388 ἀν
551 5338 901 5410 προσϐλαϐὴς
930 5340 1144 5407 ἐγένετο
1179 5341 1211 5410 ἡ
1243 5341 1524 5412 παχυτέρα
1554 5341 1814 5413 περιϐολὴ

229 5430 303 5480 ἐκ
323 5426 427 5497 τῆς
455 5428 547 5482 ἀπ’
562 5430 741 5482 αὐτῶν
765 5432 942 5494 σκιᾶς.

312 5540 474 5605 Ibid,
511 5544 606 5598 lin.
656 5544 726 5598 54
781 5544 883 5599 Διὰ
903 5545 979 5614 δὴ
1013 5548 1185 5602 τοῦτο
1218 5549 1314 5603 καί
1337 5549 1401 5603 τὸ
1417 5552 1674 5618 φύλλον.
1712 5551 1812 5604 Ba-

230 5635 422 5698 silius,
467 5633 614 5689 hom.
652 5637 706 5698 Ξ,
744 5637 867 5697 Πῶς
923 5639 1274 5710 κατέσχισται
1333 5642 1434 5712 τῆς
1484 5642 1729 5713 ἀμπέλου
1756 5643 1816 5694 τὸ

231 5728 462 5799 φύλλον,
499 5729 585 5782 ἵνα
607 5732 699 5782 καὶ
734 5732 867 5801 πρὸς
898 5733 994 5794 τὰς
1025 5736 1085 5785 ἐκ
1126 5733 1414 5804 τοῦιὰἐρος
1439 5735 1640 5805 exesa;
1671 5738 1698 5789 ο
1722 5735 1810 5804 βύ-

1915 4597 2009 4648 καὶ
2038 4597 2099 4650 οὐ
2133 4596 2291 4668 τοῦτο
2326 4598 2484 4668 μόνον
2519 4599 2848 4671 θαυμαστὸν,
2883 4599 2998 4663 πῶς
3045 4592 3146 4651 ὧδε
3187 4598 3282 4669 μὲν
3332 4599 3392 4652 τὸ
3425 4600 3486 4655 ὐ-

1913 4690 2045 4762 γρὺν
2076 4690 2481 4762 ἀπεγλυκάνθη,
2527 4693 2642 4746 ἐκεῖ
2671 4693 2728 4746 δὲ.
2758 4692 2984 4763 λιπαρὸν
3003 4691 3242 4760 γέγονεν,
3271 4690 3383 4745 ἀλλ’
3405 4692 3488 4746 ὅτι

1915 4786 2009 4838 καὶ
2045 4787 2102 4837 ὲν
2125 4789 2238 4849 τοῖς
2262 4785 2483 4855 γλυκέσι
2515 4788 2746 4858 καρποῖς
2787 4784 3063 4857 ἀμύθητος
3093 4787 3126 4856 ἡ
3169 4783 3486 4857 παραλλαγὴ

1913 4877 2012 4947 τῆς
2047 4879 2345 4950 ποιότητος.
2385 4877 2544 4931 Ἀλλο
2571 4879 2680 4950 γὰρ
2708 4877 2769 4930 τὸ
2812 4879 2870 4929 ὲν
2905 4877 3134 4948 ἀμπέλῳ
3174 4877 3364 4946 γλυκὺ,
3396 4879 3487 4930 καὶ

1914 4971 2042 5025 ἄλλο
2071 4972 2133 5024 τὸ
2161 4974 2218 5025 ὲν
2245 4970 2438 5044 μηλέᾳ,
2471 4972 2563 5025 καὶ
2594 4972 2761 5040 σύκῳ,
2807 4971 2901 5024 καὶ
2932 4971 3153 5040 φοίνικι.
3182 4969 3258 5024 De
3295 4986 3488 5025 succo-

1899 5079 2042 5118 -rum
2067 5063 2121 5118 in
2156 5064 2356 5135 plantis
2393 5063 2714 5118 dill'erentiis
2736 5063 2918 5118 adesis
2941 5061 3381 5132 TbeOphrastum
3411 5060 3489 5114 De

1919 5156 2128 5211 Ilistor.
2162 5156 2328 5224 plant.
2368 5156 2462 5210 lib.
2496 5171 2533 5219 ι,
2561 5171 2679 5224 cap.
2732 5154 2821 5217 l9,
2869 5161 2922 5208 et
2968 5155 3088 5222 ejus
3137 5154 3486 5222 interpretem

1918 5249 2153 5304 Plinium
2203 5249 2298 5303 lib.
2332 5265 2422 5310 xv,
2469 5264 2590 5318 cap.
2636 5248 2727 5313 28,
2763 5248 2856 5318 qui
2904 5247 3257 5302 diﬂ'usissime
3291 5245 3487 5300 borum

1918 5342 2239 5396 varietatem
2265 5349 2618 5410 pertractant.

1902 5470 1905 5473 -
1990 5432 2273 5496 lbid.,lin.
2315 5434 2366 5490 9.
2398 5435 2509 5489 Kal
2542 5434 2695 5488 αὐτὰ
2737 5433 2805 5487 δὲ
2854 5431 2974 5486 τῶν
3014 5431 3294 5501 δένδρων.
3332 5430 3488 5488 Basi—

1916 5529 2044 5590 lius,
2082 5527 2229 5580 hom.
2264 5527 2318 5590 5,
2354 5525 2514 5578 Ἀλλο
2535 5525 2643 5595 γὰρ
2675 5525 2770 5578 τοῦ
2815 5525 2996 5597 σχίνου
3024 5527 3084 5579 τὸ
3109 5526 3363 5598 δάκρυον,
3392 5528 3489 5582 καὶ

1917 5619 2072 5682 ἄλλος
2102 5619 2292 5684 ὁιόπὸς
2325 5619 2420 5672 τοῦ
2458 5618 2757 5690 βαλσάμου,
2793 5621 2890 5672 καὶ
2914 5618 3362 5691 νάρθηκές,τινες
3397 5621 3490 5674 ἐπὶ

1917 5713 2017 5784 τῆς
2049 5711 2345 5781 Αἰγύπτου,
2371 5711 2464 5765 καὶ
2492 5708 2696 5779 Λιὸύης
2717 5709 2901 5782 ἕτερον
2925 5709 3072 5764 ὀπῶν
3099 5711 3490 5781 γένοςςὰποδειδ
