3952 6204
213 325 325 382 857

1229 325 1294 379 ΙΝ
1335 326 1704 384 EUSTATHII
1730 327 2199 383 HEXAEMERON
2230 329 2458 409 ΝΟΤᾹΞ.

3349 331 3456 386 858

217 447 494 518 Αἰεξριος
533 445 732 500 Strabo
766 446 860 500 lib.
903 463 991 500 xu
1039 447 1291 520 silyestre
1340 449 1494 503 nasci
1542 448 1706 501 tradit
1740 448 1792 500 in
1825 458 1871 508 Α
1901 449 2114 502 sarculis
2141 461 2429 512 excoctum,
2455 448 2658 518 glebam
2683 448 2844 502 habui
2873 460 3076 502 erutam
3112 465 3266 519 prope
3312 447 3457 503 Nar-

223 539 518 594 niaritimis
551 539 864 594 Sabaiorum
893 557 910 608 ;
953 538 1362 610 TheOphrastus
1394 541 1644 596 silvestre
1676 540 1793 593 bal—

224 647 439 689 samum
471 631 680 685 nullum
720 646 948 700 usquam
992 640 1266 702 repertum
1302 633 1543 701 accepit;
1590 629 1795 684 Pausa-

226 723 351 775 nias
384 722 437 773 iu
467 719 713 774 Bmoticis
744 723 971 776 arbores
1001 722 1056 777 in
1093 723 1290 777 Arabia
1324 723 1608 784 describit,
1644 736 1792 791 myr-

223 820 406 866 torum
455 814 852 885 magnitudine,
886 815 1032 869 foliis
1065 815 1322 869 amaraci.
1366 813 1501 869 Vide
1527 814 1792 883 reliquam

220 907 514 960 historiam
550 907 858 976 viperarum
909 908 1012 962 sub
1053 908 1172 975 ejus
1209 907 1400 961 fronde
1440 907 1789 960 latitantimn.

221 997 439 1053 Plinius
465 999 636 1054 incidi
665 1001 827 1062 vitro,
854 1000 1028 1070 lapide
1056 1001 1337 1069 osseisque
1358 999 1619 1061 cultellis,
1651 998 1794 1052 ferro

224 1091 370 1154 laedi,
399 1091 806 1161 Theophrastus
841 1091 1031 1147 ferreis
1072 1093 1344 1161 unguibus
1378 1091 1508 1145 caedi
1536 1132 1550 1155 ,
1585 1088 1794 1144 Plinius

223 1187 459 1253 primam
497 1185 724 1254 gratiam
769 1199 891 1238 esse
936 1185 1208 1255 lacrymai,
1255 1183 1550 1238 secundam
1577 1181 1792 1243 semini,

223 1276 444 1328 tertiam
487 1276 703 1338 cortici,
733 1276 1012 1330 minimam
1063 1275 1210 1345 ligno
1232 1275 1344 1341 ait;
1387 1272 1795 1343 Theophrastus

225 1368 461 1438 primam
497 1367 731 1431 fructus,
769 1366 1064 1422 secundam
1098 1367 1376 1435 lacrymae,
1411 1366 1658 1418 ultimam
1683 1365 1796 1418 vir-

223 1474 442 1528 garum.
472 1455 751 1512 Diversam
785 1459 948 1527 hujus
996 1458 1226 1512 balsami
1279 1457 1570 1528 colligendi
1623 1457 1792 1510 ratio-

223 1565 353 1604 nem
391 1550 511 1604 sine
558 1565 792 1604 CCIISUI‘R
843 1559 1030 1603 narrat
1066 1549 1376 1604 Βτοςθτάυε
1413 1549 1710 1602 monachus
1742 1556 1794 1602 et.

225 1657 288 1697 se
323 1643 525 1696 vidisse
573 1641 788 1706 fatetur,
831 1641 886 1696 in
933 1641 1299 1711 descriptione
1330 1650 1486 1696 teme
1541 1649 1742 1696 sancta'
1777 1659 1790 1693 :

226 1733 330 1787 Est
359 1736 517 1788 etiam
553 1734 624 1788 ibi
658 1735 841 1789 hortus
871 1733 1131 1798 Balsami,
1163 1735 1253 1805 qui
1300 1736 1556 1804 irrigatur
1589 1753 1619 1788 a
1651 1734 1795 1801 fonte

221 1842 407 1893 parvo.
435 1827 690 1880 uberrime
736 1837 906 1880 tamen
947 1827 1156 1895 ﬂuente,
1183 1827 1234 1879 in
1262 1843 1362 1896 quo
1405 1827 1551 1879 aiunt
1586 1826 1791 1880 beatam

227 1917 506 1987 .Virginem
535 1936 752 1988 puerum
781 1917 960 1972 Jesum
998 1919 1187 1972 lavisse
1209 1934 1226 1970 :
1247 1918 1307 1969 ob
1342 1917 1397 1970 id
1426 1917 1645 1971 habetur
1673 1919 1790 1988 fons

226 2009 322 2062 ille
359 2011 411 2062 in
441 2011 788 2073 veneratione,
813 2007 1000 2062 nedum
1045 2026 1077 2061 a
1111 2006 1448 2068 Christianis,
1478 2025 1649 2062 verum
1679 2019 1726 2062 et
1760 2027 1792 2062 a

225 2096 535 2154 Saracenis.
571 2099 786 2153 Modum
832 2099 1108 2170 colligendi
1153 2099 1447 2154 balsamum
1493 2099 1630 2153 hunc
1667 2100 1794 2154 mihi

228 2189 492 2244 Saraceni
512 2191 866 2245 ostenderunt.
898 2190 1196 2260 Carpebant
1226 2191 1412 2260 folium
1443 2207 1602 2243 unum
1631 2208 1662 2242 a
1694 2190 1792 2243 sti-

224 2285 358 2350 pile,
406 2283 673 2336 adhwrent
706 2285 842 2337 enim
874 2284 1005 2351 {alia
1056 2284 1245 2352 stipiti.
1279 2292 1326 2336 et
1359 2292 1544 2336 contra
1584 2281 1790 2334 radium

230 2375 367 2428 salis
400 2373 535 2426 illud
565 2375 932 2441 discerpentes,
963 2384 1162 2445 guttam
1207 2372 1586 2426 lucidissimam
1631 2381 1680 2424 et
1713 2389 1796 2424 su-

229 2483 332 2534 pra
381 2466 592 2519 modum
628 2465 944 2535 odoriferam
977 2466 1265 2518 elicuerunt
1300 2480 1318 2518 :
1349 2474 1398 2518 et
1430 2467 1472 2518 is
1517 2475 1593 2518 est
1645 2479 1792 2517 verus

229 2561 406 2629 liquor
445 2559 713 2614 balsami:
746 2560 833 2628 qui
861 2559 913 2612 in
953 2558 1161 2624 phialas
1203 2558 1392 2611 vitreas
1428 2557 1714 2626 colligitur,
1744 2566 1794 2610 et

228 2652 302 2705 ad
322 2654 556 2705 diversas
590 2651 769 2703 mundi
793 2660 968 2716 partes
991 2651 1241 2710 mittitur,
1275 2649 1484 2702 tametsi
1518 2664 1642 2702 raro
1681 2648 1797 2702 sine-

229 2744 468 2796 mixtura
504 2741 572 2794 ad
603 2743 830 2811 regiones
861 2751 1064 2793 nostras
1107 2740 1388 2808 perveniat.
1417 2739 1576 2792 Aiunt
1609 2739 1796 2802 etiam,

226 2838 275 2890 si
311 2836 503 2902 folium
541 2834 672 2888 illud
703 2847 885 2888 contra
916 2834 1120 2886 radium
1148 2833 1274 2886 solis
1307 2848 1408 2885 non
1440 2831 1795 2900 frangeretur,

229 2923 445 2976 minime
474 2938 682 2975 succum
719 2923 868 2974 illum
901 2922 1151 2976 stillaret.

302 3014 424 3068 Col.
453 3015 578 3080 7l'l,
620 3015 715 3068 litt.
755 3015 839 3068 l3.
870 3014 1189 3082 Ἰστοροῦσι
1209 3013 1274 3066 δέ
1291 3031 1446 3080 τινες
1462 3011 1558 3066 καὶ
1574 3012 1638 3066 τὸ
1655 3010 1797 3080 ἤλε-

229 3123 433 3176 κτρον.
473 3105 724 3170 Basilius,
769 3106 913 3160 hom.
958 3107 1011 3170 5,
1054 3106 1222 3174 Λόγος
1256 3105 1312 3158 δέ
1355 3106 1440 3169 τίς
1471 3107 1586 3159 ἐστι
1615 3105 1708 3159 καὶ
1733 3105 1793 3157 τὸ

227 3199 496 3271 ἤλεκτρον
517 3198 646 3250 ὀπὸν
670 3194 805 3251 εἶναι
830 3198 1009 3268 φυτῶν
1032 3199 1110 3262 εἰς
1133 3199 1278 3251 λίθου
1303 3198 1461 3268 φύσιν
1485 3197 1801 3269 ἀποπηγνύ-

233 3307 417 3361 μενον.
446 3288 657 3344 Psellus
703 3289 767 3342 de
796 3288 1060 3357 lapidibus
1087 3288 1283 3358 duplex
1315 3289 1574 3342 electrum
1601 3289 1801 3341 consti-

235 3388 364 3448 tuit,
398 3399 580 3435 unum
617 3381 880 3444 Indicum,
934 3381 1164 3434 alterum
1219 3378 1545 3450 Libyticum.
1589 3389 1642 3432 et
1670 3378 1800 3431 dicit

233 3474 463 3545 reperiri
492 3473 645 3541 juxta
677 3471 896 3526 ﬂuvium
937 3471 1251 3532 Eridanum,
1303 3469 1507 3534 subdit,
1544 3471 1714 3522 Ἔνιοι
1741 3469 1798 3522 δὲ

234 3569 328 3622 καὶ
349 3568 584 3635 δάκρυον
601 3565 730 3619 αὑτό
751 3582 876 3634 φασι
891 3565 1102 3636 δένδρου
1128 3565 1286 3627 τινός.
1319 3563 1530 3632 Κοῦφον
1559 3562 1665 3632 γάρ
1686 3564 1798 3614 ἐστι

233 3660 331 3712 κειί
347 3658 627 3728 Θυμιᾶται,
658 3658 732 3721 ὡς
760 3660 787 3710 ὁ
817 3656 1104 3720 λιϐανωτὸς
1136 3658 1228 3710 καὶ
1258 3658 1289 3726 ή
1325 3657 1576 3726 μαστίχη.
1608 3654 1799 3710 Varias

236 3759 522 3810 auctorum
571 3749 867 3804 sententias
915 3748 983 3803 de
1035 3750 1297 3812 succino,
1351 3757 1403 3802 ct
1446 3751 1565 3816 ejus
1592 3749 1799 3818 origine

232 3843 456 3913 collegit
503 3841 729 3908 Plinius,
784 3841 880 3898 lib.
931 3855 1139 3901 xxxvii,
1194 3855 1311 3909 cap.
1364 3839 1400 3894 2
1453 3849 1506 3896 et
1558 3841 1613 3904 5,
1662 3856 1799 3910 quas

233 3932 324 3987 hic
351 3947 636 3987 recensere
661 3931 902 4000 ineptum
947 3945 1068 3984 esse
1105 3929 1255 3985 duxi.
1293 3928 1496 4000 Siquis
1523 3931 1800 3986 eruditio-

236 4042 362 4082 nem
399 4027 538 4079 tanti
583 4026 685 4079 viri
715 4035 768 4079 et
819 4024 1079 4079 admirari
1109 4032 1162 4079 et.
1206 4027 1455 4079 venerari
1500 4026 1794 4092 desiderat,

236 4119 398 4172 adeat
439 4120 615 4173 locum
651 4119 845 4177 mirum
889 4135 1044 4175 sane.
1073 4126 1124 4173 et
1152 4119 1462 4172 omnimoda
1511 4119 1800 4188 prudentia

233 4211 597 4280 doctrinaque
653 4210 1094 4265 refertissimum.
1145 4208 1254 4264 Nos
1309 4209 1505 4264 miselli
1557 4208 1686 4262 item
1743 4216 1798 4262 et.

231 4317 507 4373 pauperes
537 4302 601 4356 ad
648 4302 798 4355 illum
836 4301 968 4372 quid
1002 4301 1303 4356 addemus?
1335 4300 1662 4354 Aristoteles
1701 4298 1800 4354 lib.

236 4392 319 4451 De
357 4392 687 4454 mirabilibus
732 4394 1110 4450 auscultation.
1157 4393 1222 4447 ad
1276 4393 1462 4450 fictitia
1514 4403 1796 4463 poetarum

1897 541 2080 594 boncm
2112 543 2164 595 in
2221 541 2334 610 ejus
2372 541 2567 609 lapidis
2617 543 2813 611 fodinis
2841 542 3064 596 dimidia
3097 558 3160 596 ea:
3184 552 3334 608 parte
3375 545 3455 596 ni—

1895 651 2040 705 gram
2071 674 2085 699 ,
2139 635 2312 688 altera
2365 633 2580 701 ﬂavam,
2632 635 2833 687 succini
2887 633 3038 688 modo
3070 650 3086 687 :
3116 634 3252 702 quod
3299 651 3456 704 argu-

1894 735 2068 779 mento
2123 725 2416 778 certissimo
2458 735 2558 789 est,
2595 726 2865 778 succinum
2904 742 2963 779 eo
3001 725 3152 778 modo
3177 727 3316 794 gigni
3353 743 3456 796 quo

1893 816 2143 870 diximus.

1970 909 2126 973 lbid.,
2169 910 2266 963 lin.
2304 909 2389 964 19.
2427 911 2606 964 Τοῦτο
2636 911 2700 964 τὸ
2733 910 2988 976 ἡλιακὸν
3013 910 3157 979 φῶς.
3198 910 3453 976 Quaenam

1899 1001 2062 1055 fuerit
2097 1003 2187 1055 lux
2223 1002 2311 1054 illa
2355 1003 2527 1072 prima
2584 1003 2778 1070 priscis
2829 1003 2936 1056 illis
2979 1003 3313 1072 temporibus
3352 1019 3450 1056 nec

1897 1109 2003 1146 non
2035 1093 2183 1148 hisce
2209 1094 2412 1147 nostris
2443 1101 2862 1146 controversum
2892 1093 3069 1149 adhuc
3103 1100 3220 1148 est‘:
3254 1093 3320 1148 de
3340 1107 3447 1164 qua

1897 1186 2016 1239 fuse
2047 1193 2101 1239 et
2148 1185 2428 1239 enucleate
2459 1185 2615 1237 multi
2662 1184 3028 1253 disputarunt.
3081 1185 3450 1242 Damascenus

1901 1278 1997 1331 lib.
2031 1294 2092 1341 tt,
2133 1275 2258 1329 Fid.
2295 1277 2524 1343 orthod.,
2557 1291 2608 1330 c.
2649 1277 2698 1339 7,
2737 1277 3031 1343 existimat,
3080 1278 3253 1332 lucem
3305 1280 3450 1334 illam

1897 1369 2067 1424 fuisse
2090 1369 2416 1422 elementum
2460 1368 2620 1437 ignis.
2653 1368 2974 1422 Ambrosius
3011 1367 3334 1426 Catharinus
3380 1373 3456 1425 ait

1897 1461 2070 1514 lucem
2107 1461 2250 1513 illam
2284 1459 2449 1513 fuisse
2481 1459 2653 1512 lucem
2704 1459 2835 1512 solis
2867 1460 3182 1528 perfectam,
3210 1477 3361 1531 aeque
3391 1479 3455 1536 ac

1897 1565 2042 1602 nunc
2069 1556 2183 1615 est;
2219 1548 2380 1616 cujus
2412 1549 2767 1617 perfectionis
2799 1562 2848 1602 et
2891 1550 3314 1618 pulchritudinis
3343 1569 3456 1606 ma-

1895 1659 2059 1713 gnum
2093 1658 2214 1697 esse
2239 1650 2638 1712 argumentum,
2669 1643 2812 1711 quod
2844 1659 2907 1696 ea
2939 1642 3078 1699 Deus
3109 1645 3224 1714 ipse
3241 1661 3344 1700 suo
3371 1647 3460 1715 ju-

1897 1734 2043 1787 dicio
2075 1733 2468 1801 comprobavit.
2498 1731 2641 1786 Beda
2692 1735 2744 1785 in
2771 1731 3050 1798 Nemean,
3081 1733 3337 1790 Nieolaus
3384 1737 3460 1792 De

1827 1789 1868 1844 Β
1906 1825 2043 1896 lyra,
2075 1823 2369 1886 Testatus,
2403 1831 2457 1878 et
2515 1823 2605 1876 alii
2657 1823 2992 1877 arbitrantur
3041 1827 3268 1896 primam
3313 1829 3459 1882 illam

1903 1917 2078 1971 lucem
2129 1932 2234 1970 non
2270 1915 2440 1970 fuisse
2471 1916 2662 1978 solem,
2700 1916 2793 1971 sed
2827 1931 3028 1986 corpus
3072 1920 3342 1988 quoddam
3377 1921 3460 1974 lu-

1899 2007 2078 2061 cidum
2128 2005 2195 2058 ad
2253 2006 2662 2060 similitudinem
2696 2005 2877 2061 densa:
2924 2008 3264 2080 lucentisque
3297 2012 3460 2068 nubis

1901 2099 1955 2153 in
1999 2098 2266 2168 superiori
2297 2106 2450 2167 parte
2478 2099 2665 2153 mundi
2709 2101 2984 2162 videlicet,
3019 2103 3074 2156 in
3119 2119 3226 2172 qua
3272 2115 3458 2174 postea

1901 2191 1983 2246 sol
2011 2200 2095 2244 est
2125 2191 2357 2258 positus,
2389 2192 2531 2260 quod
2551 2191 2697 2246 circa
2730 2193 3038 2248 deusiorem
3067 2195 3304 2249 materia:
3329 2212 3456 2265 par-

1901 2291 2030 2347 tem,
2058 2298 2179 2352 qua:
2201 2282 2437 2336 medium
2468 2283 2650 2338 mundi
2675 2285 2851 2338 locum
2886 2287 3456 2355 circumplectebalur,

1899 2375 1956 2427 in
1991 2373 2176 2426 orbem
2213 2387 2563 2440 conversum,
2595 2373 2804 2427 dierum
2859 2383 2913 2428 et
2945 2376 3188 2428 noctium
3243 2377 3457 2432 vicissi-

1900 2464 2120 2518 tudines
2153 2462 2438 2524 eﬂiciebat,
2467 2472 2521 2519 et
2548 2480 2611 2519 ex
2643 2466 2735 2518 illo
2768 2466 2949 2519 lucido
2983 2482 3213 2535 corpore
3247 2476 3457 2538 postea,

1899 2569 2092 2624 quarto
2125 2554 2212 2610 die
2246 2555 2510 2609 formatus
2547 2565 2629 2609 est
2669 2556 2748 2610 sol
2778 2556 3058 2624 amplioris
3119 2559 3462 2626 praestantio-

1902 2646 2088 2716 risque
2110 2647 2248 2701 lucis
2271 2646 2574 2700 additione.
2596 2645 2888 2717 Dionysius
2909 2647 3233 2718 Areopagita
3259 2657 3396 2718 part.
3419 2665 3458 2713 ι,

1900 2753 2021 2808 cap.
2050 2739 2104 2801 4,
2139 2738 2212 2793 De
2241 2740 2402 2796 divin.
2430 2742 2658 2802 nomin.,
2691 2756 2852 2810 quem
2887 2750 3190 2811 sequuntur
3221 2742 3282 2796 D.
3317 2743 3464 2798 Thoo-

1900 2846 2018 2885 mas
2062 2831 2236 2900 prima
2269 2841 2421 2900 parte
2459 2840 2653 2902 qua'st.
2691 2832 2783 2890 67.
2823 2841 2927 2887 art.
2967 2832 3023 2894 4.
3056 2841 3108 2886 et
3140 2841 3333 2903 qmnst.
3373 2835 3459 2899 70.

1901 2931 2005 2978 art.
2040 2924 2060 2976 l
2089 2941 2105 2990 ;
2131 2922 2422 2995 Dionysius
2453 2924 2856 2979 Carthusianus
2878 2939 3044 2994 super
3067 2926 3301 2994 primum
3335 2940 3462 2995 cap.

1899 3015 2096 3070 Genes.
2150 3023 2254 3070 art.
2300 3016 2366 3081 9;
2403 3014 2657 3070 Pererius
2710 3026 2764 3071 et
2818 3018 2908 3072 alii
2959 3017 3294 3083 existimant,
3351 3032 3462 3073 non

1900 3109 2058 3163 aliam
2090 3109 2276 3171 fuisse,
2308 3124 2467 3178 quam
2522 3109 2695 3163 lucem
2722 3110 2874 3174 solis,
2907 3111 2998 3165 sed
3043 3111 3217 3180 prium
3243 3109 3460 3180 quidem

1899 3197 1988 3250 die
2014 3196 2176 3250 veluti
2226 3195 2536 3259 informem,
2571 3206 2626 3251 et
2668 3199 3039 3268 imperfectam
3075 3216 3196 3256 esse
3231 3200 3460 3266 factam,

1899 3297 2096 3360 quarto
2119 3295 2296 3342 autem
2317 3288 2402 3342 die
2421 3287 2587 3343 fuisse
2604 3291 2906 3343 absolutam
2929 3299 2980 3345 et
3004 3302 3462 3346 consummatam.

1898 3381 2038 3435 Αὐτὸ
2067 3380 2174 3452 γάρ
2205 3382 2318 3433 ἐστι
2347 3380 2409 3434 τὸ
2435 3381 2567 3450 φῶς,
2596 3383 2643 3434 ει
2677 3383 2768 3436 καὶ
2795 3383 2913 3435 τότε
2943 3384 3344 3453 ἀσχημάτιστον
3371 3379 3460 3454 ἦν,

1898 3475 2034 3545 ὅπερ
2066 3475 2094 3526 ὁ
2127 3473 2268 3537 Οεϊος
2320 3474 2423 3543 ἔφη
2469 3473 2692 3542 Μωσῆς,
2743 3475 2836 3526 καὶ⁹
2880 3473 3047 3544 αὐτὴν
3099 3476 3312 3545 ἐκείνην
3364 3476 3464 3548 τὴν

1900 3565 2119 3638 πρώτην
2156 3567 2332 3638 ὁρίσαι
2365 3565 2475 3619 τῶν
2513 3565 2633 3619 καθ’
2674 3567 2818 3636 ἡμᾶς
2849 3566 3068 3637 ἡμερῶν
3107 3567 3316 3638 τριάδα.
3354 3569 3464 3621 Καὶ

1899 3659 2106 3730 ὥσπερ,
2139 3667 2244 3713 etc.
2277 3657 2472 3713 Noster
2494 3665 2705 3722 auctor,
2727 3667 2782 3712 et
2814 3657 3046 3713 Basilius
3069 3673 3190 3711 cum
3221 3674 3287 3712 eo
3313 3659 3459 3712 hom.

1901 3752 1955 3818 6,
1992 3753 2151 3822 cujus
2181 3752 2344 3806 verba
2381 3752 2467 3805 hic
2489 3751 2784 3812 ascribam.
2819 3766 2886 3804 ne
2916 3750 3105 3805 eadem
3137 3751 3336 3821 saepius
3369 3766 3455 3805 co-

1900 3860 1997 3914 gar
2026 3843 2470 3913 repetere,tradit
2499 3845 2724 3914 primam
2750 3843 2888 3898 hanc
2915 3844 3086 3898 lucem
3115 3843 3283 3898 fuisse
3309 3858 3462 3898 erea-

1899 3942 2007 3988 tam
2062 3951 2158 4004 per
2207 3950 2286 3997 se,
2341 3943 2394 3988 et
2429 3934 2864 3999 immaterialem,
2899 3942 3096 4004 quarto
3143 3941 3324 3987 autem
3373 3933 3461 3988 die

1902 4019 2103 4072 factum
2136 4035 2256 4074 esse
2286 4035 2486 4090 corpus
2511 4020 2670 4083 solis,
2709 4029 2965 4088 tanquam
3001 4019 3122 4087 ejus
3153 4017 3458 4072 vehiculum

1898 4110 1984 4164 cui
2020 4111 2181 4164 insita
2221 4119 2274 4164 et
2307 4111 2575 4180 impressa
2630 4120 2735 4166 est.
2767 4112 2900 4164 Τότε
2935 4110 3033 4181 μὲν
3063 4109 3170 4182 γὰρ
3201 4109 3338 4181 αὑτὴ
3367 4110 3460 4163 τοῦ

1898 4202 2073 4272 φωτὸς
2093 4204 2125 4273 ἡ
2147 4203 2304 4272 φύσις
2333 4203 2606 4275 παρήχθη,
2634 4203 2726 4256 νῦν
2747 4203 2802 4256 δὲ
2826 4203 3118 4275 τὸὴλιακὸν
3131 4202 3285 4256 τοῦτο
3307 4203 3460 4273 σῶμα

1899 4297 2082 4368 ὄχημα
2105 4293 2241 4350 εἶναι
2271 4296 2345 4367 τῷ
2374 4297 2698 4369 πρωτογόνῳ
2725 4296 2918 4367 ἐκείνῳ
2955 4296 3093 4365 φωτὶ
3131 4293 3457 4367 παρεσκεύα-

1900 4407 2039 4441 σται.
2073 4390 2160 4453 Ὠς
2189 4387 2296 4460 γὰρ
2315 4389 2440 4442 ἄλλο
2461 4387 2521 4442 τὸ
2552 4388 2660 4460 πῦρ
2695 4388 2790 4441 καὶ
2817 4387 2942 4442 ἄλλο
2968 4389 2996 4440 ὁ
3027 4386 3237 4457 λύχνος,
3267 4387 3326 4441 τὸ
3365 4387 3464 4457 μὲν

232 4495 546 4542 commenta
579 4486 797 4556 refugit.
827 4485 1206 4556 Dalecampius
1238 4487 1398 4540 aliam
1445 4486 1656 4540 succini
1688 4485 1770 4540 ori

1901 4481 1997 4552 τὴν
2023 4481 2114 4534 τοῦ
2135 4481 2386 4551 φωτίζειν
2401 4479 2630 4550 δύναμιν
2657 4480 2797 4550 ἔχον,
2825 4479 2884 4532 τὸ
2907 4479 2962 4532 δὲ
2978 4479 3338 4550 παραφαίνειν
3355 4481 3469 4542 τοῖς

230 4581 419 4650 ginem
451 4586 642 4632 contra
677 4577 909 4633 Plinium
935 4579 1008 4636 ita
1041 4585 1228 4633 narrat
1263 4597 1276 4632 :
1319 4576 1383 4630 In
1411 4578 1638 4647 regione,
1685 4592 1801 4652 qua:

229 4672 506 4728 succinum
550 4671 730 4736 mittit,
779 4671 1072 4741 uesiniferar
1115 4671 1275 4726 nulla:
1303 4679 1427 4725 sunt
1458 4669 1690 4724 arbores.
1730 4670 1800 4722 At

233 4769 298 4820 in.
333 4765 817 4833 septentrionalium
866 4765 1104 4818 littorum
1143 4774 1316 4820 tractu
1357 4763 1625 4818 bituminis
1665 4773 1808 4818 certe-

227 4875 401 4930 genus
447 4859 642 4928 ﬂavum
685 4867 761 4914 est
807 4869 864 4911 ut
890 4861 1095 4930 nigrum
1127 4857 1268 4927 apud
1316 4875 1410 4912 nos
1450 4858 1506 4911 in
1558 4856 1796 4919 Avernis,

227 4951 450 5019 eiusque
481 4951 712 5018 naphtha
738 4951 896 5019 ﬂava,
927 4951 1131 5021 qualem
1164 4967 1192 5004 e
1221 4949 1520 5005 Saxonibus
1551 4949 1804 5018 aﬂ‘erunt,

231 5051 292 5094 et—
332 5039 618 5108 petroleum
670 5050 876 5103 cacant,
922 5052 976 5093 ut
1013 5041 1150 5110 apud
1191 5058 1283 5095 nos
1316 5053 1456 5095 atra.
1499 5040 1631 5093 Cum
1681 5057 1800 5110 ergo

233 5137 383 5203 [ante
412 5151 505 5188 suo
533 5135 755 5188 scaturit
800 5133 1026 5187 bitumen
1065 5134 1117 5187 id
1147 5135 1304 5188 molle
1336 5134 1525 5198 adhuc,
1556 5144 1605 5188 et
1647 5136 1810 5204 liqui-.

233 5228 388 5285 dum,
425 5225 572 5278 obvia
619 5240 834 5294 qua'que
893 5225 1250 5294 amplectitur,
1294 5228 1502 5290 retinet,
1551 5227 1796 5282 includit.

239 5319 440 5374 Fluctu
479 5337 598 5374 vero
646 5318 906 5372 lambente
951 5320 1003 5372 in
1044 5320 1211 5374 altum
1259 5320 1590 5388 prouolutum
1632 5322 1800 5390 magis

236 5415 512 5482 uertigine,
547 5422 596 5466 et
627 5413 912 5482 salsugine,
947 5415 1288 5482 temporisque
1313 5413 1667 5468 diuturnitate
1697 5414 1798 5466 du-

236 5506 418 5563 rescit.
451 5513 507 5557 ut
546 5505 684 5573 apud
727 5521 820 5557 nos
849 5503 1276 5571 pissasphaltum.
1312 5512 1361 5557 et
1381 5504 1499 5573 jam
1544 5515 1654 5558 tum
1682 5523 1798 5558 sur-

236 5596 416 5648 cinum
452 5605 551 5656 est,
588 5598 760 5664 sicque
798 5604 1097 5649 concretum
1133 5595 1187 5647 in
1228 5595 1400 5648 littore
1430 5595 1543 5663 ejus
1582 5599 1804 5650 scaturi-

236 5689 351 5758 gini
395 5689 631 5755 opposito
673 5688 906 5741 adversis
951 5686 1111 5741 ventis
1152 5685 1383 5755 ejicitur.
1417 5685 1658 5758 Cagatis,
1713 5692 1803 5759 qui

243 5782 428 5851 procul
458 5780 615 5834 dubio
650 5780 873 5835 bitumen
904 5790 978 5835 est
1015 5780 1066 5834 in
1113 5779 1392 5834 visceribus
1423 5790 1576 5834 terra:
1624 5781 1803 5836 multis

1901 4573 2172 4643 δεομένοις
2221 4572 2604 4642 πεποιημένον·
2645 4570 2786 4626 οὕτω
2834 4571 2928 4623 καὶ
2968 4570 3046 4640 τῷ
3097 4569 3465 4642 καθαρωτάτῳ

1905 4665 2098 4736 ἐκείνῳ
2142 4665 2234 4718 καὶ
2269 4664 2567 4735 εἰλικρινεῖ,
2596 4663 2690 4717 καὶ
2733 4663 2880 4732 aen?
2925 4663 3085 4732 φωτὶ,
3138 4661 3319 4733 δχημα
3370 4661 3470 4715 νῦν

1901 4760 1950 4812 οἱ
1980 4758 2264 4830 φωστῆρες
2289 4756 2819 4827 κατεσκευάσθησαν.
2851 4755 2996 4811 Idem
3027 4755 3238 4810 videtur
3262 4753 3473 4810 sentire

1904 4851 2202 4921 Gregorius
2247 4849 2647 4914 Nazianzenus,
2688 4855 2743 4902 et
2793 4848 2906 4909 alii.
2953 4863 3092 4918 quos
3141 4845 3306 4917 supra
3348 4847 3463 4900 lau-

1903 4943 2174 4997 davimus.
2218 4941 2368 4996 Hane
2399 4943 2643 4996 ultimam
2681 4942 3026 5003 sententiam,
3070 4938 3320 5010 quamvis
3363 4938 3464 4992 mi-

1903 5053 2022 5090 ram
2048 5052 2077 5090 a
2111 5036 2434 5107 quibusdam
2467 5036 2859 5094 existimatam,
2885 5041 2938 5088 et
2971 5049 3168 5087 novum
3202 5032 3457 5086 inducen-

1901 5139 2009 5186 tem
2041 5129 2364 5183 miraculum
2387 5128 2529 5196 quod
2555 5127 2777 5181 minime
2804 5125 3193 5179 admittendum
3211 5124 3265 5178 in
3295 5124 3462 5178 histo-

1900 5223 1982 5276 ria
2015 5222 2309 5277 creationis
2333 5261 2348 5285 ,
2383 5229 2442 5274 ut
2473 5222 2658 5274 multis
2707 5219 2942 5280 videtur,
2979 5220 3032 5272 in
3084 5233 3180 5271 sua
3213 5218 3464 5272 doctrina

1904 5317 1976 5370 ita
2033 5313 2347 5369 defenderet
2400 5311 2752 5381 Palingenius
2814 5327 2880 5364 ex
2931 5309 3015 5363 sui
3063 5307 3282 5363 Zadiaci
3330 5309 3462 5363 Vita:

1905 5409 2026 5461 libr.
2056 5422 2154 5468 xu,
2177 5405 2251 5458 ait
2271 5405 2414 5457 enim
2454 5402 2616 5456 Deum
2650 5419 2745 5458 sua
2786 5402 3178 5472 omnipotentia
3199 5418 3262 5456 ac
3286 5404 3472 5458 scien-

1904 5502 1976 5555 tia
2006 5509 2155 5553 extra
2197 5499 2392 5553 ccelum
2425 5498 2579 5567 plura
2617 5505 2671 5549 et
2701 5496 2910 5564 majora
2943 5510 3179 5558 creasse,
3217 5497 3472 5565 quinimo

1903 5611 2023 5649 eum
2063 5593 2298 5663 potuerit

2201 5735 2272 5746 —
2299 5703 2493 5758 Facere
2525 5703 2754 5772 inﬁnita.
2784 5699 3074 5768 putandum
3107 5711 3182 5752 est

2012 5778 2222 5834 Fecisse
2252 5778 2460 5846 inﬁnita
2493 5791 2792 5846 omnemque
2819 5774 3054 5843 explesse
3077 5773 3322 5841 rigorem,
