  <div class='ocr_page' id='page_1' title='image "/cluster/home/n/w/nwhite01/storage/ocr_20150623/18/hvd.32044073501207/435.png"; bbox 0 0 3924 6968; ppageno 0'>
   <div class='ocr_carea' id='block_1_1' title="bbox 578 251 3752 317">
    <p class='ocr_par' dir='ltr' id='par_1_1' title="bbox 578 251 3752 317">
     <span class='ocr_line' id='line_1_1' title="bbox 578 251 3752 317; baseline 0.001 -4"><span class='ocrx_word' id='word_1_1' title='bbox 578 257 684 314; x_wconf 77' lang='lat'><strong><em>859</em></strong></span> <span class='ocrx_word' id='word_1_2' title='bbox 1941 251 2190 310; x_wconf 80' lang='lat' dir='ltr'><strong><em>LEONIS</em></strong></span> <span class='ocrx_word' id='word_1_3' title='bbox 2227 253 2512 309; x_wconf 75' lang='lat' dir='ltr'><strong><em>ALLA&#39;III&#39;.</em></strong></span> <span class='ocrx_word' id='word_1_4' title='bbox 3673 259 3752 317; x_wconf 71' lang='grc' dir='ltr'><strong><em>8ὓῦ</em></strong></span> 
     </span>
    </p>
   </div>
   <div class='ocr_carea' id='block_1_2' title="bbox 688 366 3753 443">
    <p class='ocr_par' dir='ltr' id='par_1_2' title="bbox 688 366 3753 443">
     <span class='ocr_line' id='line_1_2' title="bbox 688 366 3753 443; baseline -0.001 -15"><span class='ocrx_word' id='word_1_5' title='bbox 688 373 799 428; x_wconf 82' lang='lat' dir='ltr'><strong><em>Nec</em></strong></span> <span class='ocrx_word' id='word_1_6' title='bbox 820 390 1054 428; x_wconf 79' lang='lat' dir='ltr'><strong><em>servasse</em></strong></span> <span class='ocrx_word' id='word_1_7' title='bbox 1089 373 1139 425; x_wconf 89' lang='lat' dir='ltr'><strong><em>in</em></strong></span> <span class='ocrx_word' id='word_1_8' title='bbox 1168 389 1222 426; x_wconf 88' lang='lat' dir='ltr'><strong><em>se</em></strong></span> <span class='ocrx_word' id='word_1_9' title='bbox 1255 389 1478 435; x_wconf 64' lang='lat' dir='ltr'><strong><em>sanum,</em></strong></span> <span class='ocrx_word' id='word_1_10' title='bbox 1501 372 1576 427; x_wconf 77' lang='lat' dir='ltr'><strong><em>vel</em></strong></span> <span class='ocrx_word' id='word_1_11' title='bbox 1623 372 1809 425; x_wconf 84' lang='lat' dir='ltr'><strong><em>inutile</em></strong></span> <span class='ocrx_word' id='word_1_12' title='bbox 1844 372 2151 442; x_wconf 79' lang='lat' dir='ltr'><strong><em>quidquam.</em></strong></span> <span class='ocrx_word' id='word_1_13' title='bbox 2184 375 2227 428; x_wconf 73' lang='grc' dir='ltr'>Α</span> <span class='ocrx_word' id='word_1_14' title='bbox 2259 370 2405 423; x_wconf 64' lang='lat' dir='ltr'><strong><em>biens</em></strong></span> <span class='ocrx_word' id='word_1_15' title='bbox 2424 371 2476 424; x_wconf 89' lang='lat' dir='ltr'><strong><em>in</em></strong></span> <span class='ocrx_word' id='word_1_16' title='bbox 2506 367 2717 439; x_wconf 82' lang='lat' dir='ltr'><strong><em>Eclogis</em></strong></span> <span class='ocrx_word' id='word_1_17' title='bbox 2735 368 2984 438; x_wconf 79' lang='lat' dir='ltr'><strong><em>physicis,</em></strong></span> <span class='ocrx_word' id='word_1_18' title='bbox 3015 366 3264 423; x_wconf 76' lang='lat' dir='ltr'><strong><em>Julianus</em></strong></span> <span class='ocrx_word' id='word_1_19' title='bbox 3291 367 3533 438; x_wconf 82' lang='lat' dir='ltr'><strong><em>Apostata</em></strong></span> <span class='ocrx_word' id='word_1_20' title='bbox 3555 410 3568 432; x_wconf 91' lang='lat'><strong><em>,</em></strong></span> <span class='ocrx_word' id='word_1_21' title='bbox 3593 375 3753 443; x_wconf 75' lang='lat' dir='ltr'><strong><em>hymno</em></strong></span> 
     </span>
    </p>
   </div>
   <div class='ocr_carea' id='block_1_3' title="bbox 649 485 1416 542">
    <p class='ocr_par' dir='ltr' id='par_1_3' title="bbox 649 485 1416 542">
     <span class='ocr_line' id='line_1_3' title="bbox 649 485 1416 542; baseline -0.001 -1"><span class='ocrx_word' id='word_1_22' title='bbox 649 486 763 542; x_wconf 78' lang='lat' dir='ltr'><strong><em>Hoc</em></strong></span> <span class='ocrx_word' id='word_1_23' title='bbox 797 493 975 540; x_wconf 84' lang='lat' dir='ltr'><strong><em>autent</em></strong></span> <span class='ocrx_word' id='word_1_24' title='bbox 1002 485 1270 540; x_wconf 81' lang='lat' dir='ltr'><strong><em>infinitum</em></strong></span> <span class='ocrx_word' id='word_1_25' title='bbox 1292 501 1416 541; x_wconf 89' lang='lat' dir='ltr'><strong><em>esse</em></strong></span> 
     </span>
    </p>
   </div>
   <div class='ocr_carea' id='block_1_4' title="bbox 613 599 1942 667">
    <p class='ocr_par' dir='ltr' id='par_1_4' title="bbox 613 599 1942 667">
     <span class='ocr_line' id='line_1_4' title="bbox 613 599 1942 667; baseline 0 -13"><span class='ocrx_word' id='word_1_26' title='bbox 613 599 835 659; x_wconf 77' lang='lat' dir='ltr'><strong><em>Puram,</em></strong></span> <span class='ocrx_word' id='word_1_27' title='bbox 879 599 1216 661; x_wconf 86' lang='lat' dir='ltr'><strong><em>immensam,</em></strong></span> <span class='ocrx_word' id='word_1_28' title='bbox 1251 608 1301 652; x_wconf 94' lang='lat' dir='ltr'><strong><em>et</em></strong></span> <span class='ocrx_word' id='word_1_29' title='bbox 1357 601 1470 652; x_wconf 76' lang='lat' dir='ltr'><strong><em>sine</em></strong></span> <span class='ocrx_word' id='word_1_30' title='bbox 1508 615 1724 667; x_wconf 84' lang='lat' dir='ltr'><strong><em>corpore</em></strong></span> <span class='ocrx_word' id='word_1_31' title='bbox 1756 601 1942 662; x_wconf 85' lang='lat' dir='ltr'><strong><em>lucem,</em></strong></span> 
     </span>
    </p>
   </div>
   <div class='ocr_carea' id='block_1_5' title="bbox 683 668 2007 742">
    <p class='ocr_par' dir='ltr' id='par_1_5' title="bbox 683 668 2007 742">
     <span class='ocr_line' id='line_1_5' title="bbox 683 668 2007 742; baseline 0.002 -21"><span class='ocrx_word' id='word_1_32' title='bbox 683 668 894 742; x_wconf 49' lang='lat' dir='ltr'><strong><em>Lucem,</em></strong></span> <span class='ocrx_word' id='word_1_33' title='bbox 923 686 1027 738; x_wconf 88' lang='lat' dir='ltr'><strong><em>qua</em></strong></span> <span class='ocrx_word' id='word_1_34' title='bbox 1051 673 1220 724; x_wconf 79' lang='lat' dir='ltr'><strong><em>nostri</em></strong></span> <span class='ocrx_word' id='word_1_35' title='bbox 1253 670 1382 724; x_wconf 87' lang='lat' dir='ltr'><strong><em>solis</em></strong></span> <span class='ocrx_word' id='word_1_36' title='bbox 1415 673 1562 742; x_wconf 88' lang='lat' dir='ltr'><strong><em>longe</em></strong></span> <span class='ocrx_word' id='word_1_37' title='bbox 1588 673 1759 724; x_wconf 87' lang='lat' dir='ltr'><strong><em>minor</em></strong></span> <span class='ocrx_word' id='word_1_38' title='bbox 1786 683 1861 725; x_wconf 89' lang='lat' dir='ltr'><strong><em>est</em></strong></span> <span class='ocrx_word' id='word_1_39' title='bbox 1893 673 2007 731; x_wconf 73' lang='lat' dir='ltr'><strong><em>lux,</em></strong></span> 
     </span>
    </p>
   </div>
   <div class='ocr_carea' id='block_1_6' title="bbox 681 739 2146 811">
    <p class='ocr_par' dir='ltr' id='par_1_6' title="bbox 681 739 2146 811">
     <span class='ocr_line' id='line_1_6' title="bbox 681 739 2146 811; baseline 0.002 -19"><span class='ocrx_word' id='word_1_40' title='bbox 681 739 896 811; x_wconf 75' lang='lat' dir='ltr'><strong><em>Lucem,</em></strong></span> <span class='ocrx_word' id='word_1_41' title='bbox 932 757 1090 810; x_wconf 87' lang='lat' dir='ltr'><strong><em>quam</em></strong></span> <span class='ocrx_word' id='word_1_42' title='bbox 1141 743 1332 795; x_wconf 90' lang='lat' dir='ltr'><strong><em>terreni</em></strong></span> <span class='ocrx_word' id='word_1_43' title='bbox 1364 739 1518 794; x_wconf 77' lang='lat' dir='ltr'><strong><em>oculi</em></strong></span> <span class='ocrx_word' id='word_1_44' title='bbox 1543 759 1644 796; x_wconf 87' lang='lat' dir='ltr'><strong><em>non</em></strong></span> <span class='ocrx_word' id='word_1_45' title='bbox 1683 758 1892 796; x_wconf 87' lang='lat' dir='ltr'><strong><em>cernere</em></strong></span> <span class='ocrx_word' id='word_1_46' title='bbox 1917 751 2146 811; x_wconf 91' lang='lat' dir='ltr'><strong><em>possent,</em></strong></span> 
     </span>
    </p>
   </div>
   <div class='ocr_carea' id='block_1_7' title="bbox 682 810 2076 882">
    <p class='ocr_par' dir='ltr' id='par_1_7' title="bbox 682 810 2076 882">
     <span class='ocr_line' id='line_1_7' title="bbox 682 810 2076 882; baseline 0.004 -19"><span class='ocrx_word' id='word_1_47' title='bbox 682 810 896 874; x_wconf 84' lang='lat' dir='ltr'><strong><em>Lucem,</em></strong></span> <span class='ocrx_word' id='word_1_48' title='bbox 923 829 1082 881; x_wconf 88' lang='lat' dir='ltr'><strong><em>quam</em></strong></span> <span class='ocrx_word' id='word_1_49' title='bbox 1117 828 1182 865; x_wconf 82' lang='lat' dir='ltr'><strong><em>ea:</em></strong></span> <span class='ocrx_word' id='word_1_50' title='bbox 1211 829 1322 866; x_wconf 86' lang='lat' dir='ltr'><strong><em>sese</em></strong></span> <span class='ocrx_word' id='word_1_51' title='bbox 1351 813 1571 880; x_wconf 77' lang='lat' dir='ltr'><strong><em>e/fundit</em></strong></span> <span class='ocrx_word' id='word_1_52' title='bbox 1621 812 1761 866; x_wconf 90' lang='lat' dir='ltr'><strong><em>Deus</em></strong></span> <span class='ocrx_word' id='word_1_53' title='bbox 1793 810 2076 882; x_wconf 77' lang='lat' dir='ltr'><strong><em>inﬁnitam.</em></strong></span> 
     </span>
    </p>
   </div>
   <div class='ocr_carea' id='block_1_8' title="bbox 647 909 2149 995">
    <p class='ocr_par' dir='ltr' id='par_1_8' title="bbox 647 909 2149 995">
     <span class='ocr_line' id='line_1_8' title="bbox 647 909 2149 995; baseline 0.002 -17"><span class='ocrx_word' id='word_1_54' title='bbox 647 923 713 978; x_wconf 87' lang='lat' dir='ltr'><strong><em>Et</em></strong></span> <span class='ocrx_word' id='word_1_55' title='bbox 747 923 894 977; x_wconf 85' lang='lat' dir='ltr'><strong><em>illam</em></strong></span> <span class='ocrx_word' id='word_1_56' title='bbox 937 924 1114 979; x_wconf 87' lang='lat' dir='ltr'><strong><em>lucem</em></strong></span> <span class='ocrx_word' id='word_1_57' title='bbox 1148 940 1272 980; x_wconf 91' lang='lat' dir='ltr'><strong><em>esse</em></strong></span> <span class='ocrx_word' id='word_1_58' title='bbox 1321 927 1438 980; x_wconf 84' lang='lat' dir='ltr'><strong><em>sine</em></strong></span> <span class='ocrx_word' id='word_1_59' title='bbox 1480 909 1714 995; x_wconf 80' lang='lat' dir='ltr'><strong><em>corpore</em></strong></span> <span class='ocrx_word' id='word_1_60' title='bbox 1758 925 1901 994; x_wconf 90' lang='lat' dir='ltr'><strong><em>quod</em></strong></span> <span class='ocrx_word' id='word_1_61' title='bbox 1930 926 2149 981; x_wconf 87' lang='lat' dir='ltr'><strong><em>minime</em></strong></span> 
     </span>
    </p>
   </div>
   <div class='ocr_carea' id='block_1_9' title="bbox 575 1014 2148 1086">
    <p class='ocr_par' dir='ltr' id='par_1_9' title="bbox 575 1014 2148 1086">
     <span class='ocr_line' id='line_1_9' title="bbox 575 1014 2148 1086; baseline 0.003 -20"><span class='ocrx_word' id='word_1_62' title='bbox 575 1014 792 1068; x_wconf 81' lang='lat' dir='ltr'><strong><em>videtur</em></strong></span> <span class='ocrx_word' id='word_1_63' title='bbox 825 1015 1242 1080; x_wconf 78' lang='lat' dir='ltr'><strong><em>inconveniens,</em></strong></span> <span class='ocrx_word' id='word_1_64' title='bbox 1267 1032 1391 1070; x_wconf 90' lang='lat' dir='ltr'><strong><em>cum</em></strong></span> <span class='ocrx_word' id='word_1_65' title='bbox 1418 1017 1510 1070; x_wconf 80' lang='lat' dir='ltr'><strong><em>lux</em></strong></span> <span class='ocrx_word' id='word_1_66' title='bbox 1537 1031 1645 1070; x_wconf 91' lang='lat' dir='ltr'><strong><em>non</em></strong></span> <span class='ocrx_word' id='word_1_67' title='bbox 1677 1017 1960 1086; x_wconf 82' lang='lat' dir='ltr'><strong><em>proveniat</em></strong></span> <span class='ocrx_word' id='word_1_68' title='bbox 1982 1031 2009 1070; x_wconf 87' lang='lat' dir='ltr'><strong><em>a</em></strong></span> <span class='ocrx_word' id='word_1_69' title='bbox 2035 1033 2148 1070; x_wconf 55' lang='lat' dir='ltr'><strong><em>mae</em></strong></span> 
     </span>
    </p>
   </div>
   <div class='ocr_carea' id='block_1_10' title="bbox 574 1106 1155 1175">
    <p class='ocr_par' dir='ltr' id='par_1_10' title="bbox 574 1106 1155 1175">
     <span class='ocr_line' id='line_1_10' title="bbox 574 1106 1155 1175; baseline 0 -15"><span class='ocrx_word' id='word_1_70' title='bbox 574 1107 731 1173; x_wconf 88' lang='lat' dir='ltr'><strong><em>teria,</em></strong></span> <span class='ocrx_word' id='word_1_71' title='bbox 758 1106 852 1163; x_wconf 89' lang='lat' dir='ltr'><strong><em>sed</em></strong></span> <span class='ocrx_word' id='word_1_72' title='bbox 884 1123 914 1161; x_wconf 90' lang='lat' dir='ltr'><strong><em>a</em></strong></span> <span class='ocrx_word' id='word_1_73' title='bbox 944 1106 1116 1161; x_wconf 89' lang='lat' dir='ltr'><strong><em>forma</em></strong></span> <span class='ocrx_word' id='word_1_74' title='bbox 1139 1150 1155 1175; x_wconf 91' lang='lat'><strong><em>,</em></strong></span> 
     </span>
    </p>
   </div>
   <div class='ocr_carea' id='block_1_11' title="bbox 817 1199 1901 1272">
    <p class='ocr_par' dir='ltr' id='par_1_11' title="bbox 817 1199 1901 1272">
     <span class='ocr_line' id='line_1_11' title="bbox 817 1199 1901 1272; baseline 0.004 -20"><span class='ocrx_word' id='word_1_75' title='bbox 817 1231 887 1242; x_wconf 91' lang='lat'><strong>—</strong></span> <span class='ocrx_word' id='word_1_76' title='bbox 912 1199 993 1253; x_wconf 76' lang='lat' dir='ltr'><strong><em>Ea:</em></strong></span> <span class='ocrx_word' id='word_1_77' title='bbox 1015 1217 1120 1271; x_wconf 91' lang='lat' dir='ltr'><strong><em>qua</em></strong></span> <span class='ocrx_word' id='word_1_78' title='bbox 1153 1201 1226 1256; x_wconf 77' lang='lat' dir='ltr'><strong><em>vis</em></strong></span> <span class='ocrx_word' id='word_1_79' title='bbox 1260 1210 1308 1253; x_wconf 85' lang='lat' dir='ltr'><strong><em>et</em></strong></span> <span class='ocrx_word' id='word_1_80' title='bbox 1336 1200 1494 1256; x_wconf 81' lang='lat' dir='ltr'><strong><em>decor</em></strong></span> <span class='ocrx_word' id='word_1_81' title='bbox 1531 1202 1689 1272; x_wconf 75' lang='lat' dir='ltr'><strong><em>efﬂuit</em></strong></span> <span class='ocrx_word' id='word_1_82' title='bbox 1713 1203 1901 1256; x_wconf 86' lang='lat' dir='ltr'><strong><em>omnis.</em></strong></span> 
     </span>
    </p>
   </div>
   <div class='ocr_carea' id='block_1_12' title="bbox 642 1290 2166 1362">
    <p class='ocr_par' dir='ltr' id='par_1_12' title="bbox 642 1290 2166 1362">
     <span class='ocr_line' id='line_1_12' title="bbox 642 1290 2166 1362; baseline 0.004 -18"><span class='ocrx_word' id='word_1_83' title='bbox 642 1290 775 1356; x_wconf 67' lang='lat' dir='ltr'><strong><em>Quae</em></strong></span> <span class='ocrx_word' id='word_1_84' title='bbox 807 1307 930 1348; x_wconf 90' lang='lat' dir='ltr'><strong><em>cum</em></strong></span> <span class='ocrx_word' id='word_1_85' title='bbox 964 1293 1340 1348; x_wconf 90' lang='lat' dir='ltr'><strong><em>concedantur</em></strong></span> <span class='ocrx_word' id='word_1_86' title='bbox 1387 1292 1576 1348; x_wconf 82' lang='lat' dir='ltr'><strong><em>formis</em></strong></span> <span class='ocrx_word' id='word_1_87' title='bbox 1625 1295 1937 1362; x_wconf 90' lang='lat' dir='ltr'><strong><em>corporeis,</em></strong></span> <span class='ocrx_word' id='word_1_88' title='bbox 1973 1293 2166 1350; x_wconf 30' lang='lat' dir='ltr'><strong><em>multo:</em></strong></span> 
     </span>
    </p>
   </div>
   <div class='ocr_carea' id='block_1_13' title="bbox 573 1382 1903 1454">
    <p class='ocr_par' dir='ltr' id='par_1_13' title="bbox 573 1382 1903 1454">
     <span class='ocr_line' id='line_1_13' title="bbox 573 1382 1903 1454; baseline 0.004 -19"><span class='ocrx_word' id='word_1_89' title='bbox 573 1382 746 1453; x_wconf 79' lang='lat' dir='ltr'><strong><em>magis</em></strong></span> <span class='ocrx_word' id='word_1_90' title='bbox 778 1384 1185 1438; x_wconf 90' lang='lat' dir='ltr'><strong><em>concedendum</em></strong></span> <span class='ocrx_word' id='word_1_91' title='bbox 1209 1393 1291 1439; x_wconf 89' lang='lat' dir='ltr'><strong><em>est</em></strong></span> <span class='ocrx_word' id='word_1_92' title='bbox 1319 1383 1509 1440; x_wconf 80' lang='lat' dir='ltr'><strong><em>formis</em></strong></span> <span class='ocrx_word' id='word_1_93' title='bbox 1542 1385 1903 1454; x_wconf 91' lang='lat' dir='ltr'><strong><em>incorporeis.</em></strong></span> 
     </span>
    </p>
   </div>
   <div class='ocr_carea' id='block_1_14' title="bbox 679 1473 2072 1544">
    <p class='ocr_par' dir='ltr' id='par_1_14' title="bbox 679 1473 2072 1544">
     <span class='ocr_line' id='line_1_14' title="bbox 679 1473 2072 1544; baseline 0.004 -18"><span class='ocrx_word' id='word_1_94' title='bbox 679 1473 988 1544; x_wconf 74' lang='lat' dir='ltr'><strong><em>Praesertim</em></strong></span> <span class='ocrx_word' id='word_1_95' title='bbox 1012 1491 1128 1528; x_wconf 90' lang='lat' dir='ltr'><strong><em>cum</em></strong></span> <span class='ocrx_word' id='word_1_96' title='bbox 1161 1477 1265 1529; x_wconf 87' lang='lat' dir='ltr'><strong><em>sint</em></strong></span> <span class='ocrx_word' id='word_1_97' title='bbox 1305 1490 1451 1542; x_wconf 81' lang='lat' dir='ltr'><strong><em>purte</em></strong></span> <span class='ocrx_word' id='word_1_98' title='bbox 1479 1477 1670 1544; x_wconf 86' lang='lat' dir='ltr'><strong><em>magis,</em></strong></span> <span class='ocrx_word' id='word_1_99' title='bbox 1711 1482 1770 1529; x_wconf 86' lang='lat' dir='ltr'><strong><em>et&#39;</em></strong></span> <span class='ocrx_word' id='word_1_100' title='bbox 1792 1487 1987 1536; x_wconf 84' lang='lat' dir='ltr'><strong><em>tenues,</em></strong></span> <span class='ocrx_word' id='word_1_101' title='bbox 2023 1487 2072 1531; x_wconf 90' lang='lat' dir='ltr'><strong><em>et</em></strong></span> 
     </span>
    </p>
   </div>
   <div class='ocr_carea' id='block_1_15' title="bbox 680 1543 2032 1618">
    <p class='ocr_par' dir='ltr' id='par_1_15' title="bbox 680 1543 2032 1618">
     <span class='ocr_line' id='line_1_15' title="bbox 680 1543 2032 1618; baseline 0.003 -22"><span class='ocrx_word' id='word_1_102' title='bbox 680 1543 973 1618; x_wconf 55' lang='lat' dir='ltr'><strong><em>lfarticipes</em></strong></span> <span class='ocrx_word' id='word_1_103' title='bbox 1003 1549 1169 1618; x_wconf 66' lang='lat' dir='ltr'><strong><em>inulto</em></strong></span> <span class='ocrx_word' id='word_1_104' title='bbox 1204 1545 1414 1599; x_wconf 81' lang='lat' dir='ltr'><strong><em>uberius</em></strong></span> <span class='ocrx_word' id='word_1_105' title='bbox 1455 1543 1760 1616; x_wconf 81' lang='lat' dir='ltr'><strong><em>pulchrique</em></strong></span> <span class='ocrx_word' id='word_1_106' title='bbox 1795 1545 2032 1618; x_wconf 68' lang='lat' dir='ltr'><strong><em>bonique.</em></strong></span> 
     </span>
    </p>
   </div>
   <div class='ocr_carea' id='block_1_16' title="bbox 683 1613 2000 1686">
    <p class='ocr_par' dir='ltr' id='par_1_16' title="bbox 683 1613 2000 1686">
     <span class='ocr_line' id='line_1_16' title="bbox 683 1613 2000 1686; baseline 0.004 -21"><span class='ocrx_word' id='word_1_107' title='bbox 683 1613 800 1686; x_wconf 75' lang='lat' dir='ltr'><strong><em>luto</em></strong></span> <span class='ocrx_word' id='word_1_108' title='bbox 822 1617 956 1668; x_wconf 76' lang='lat' dir='ltr'><strong><em>inter</em></strong></span> <span class='ocrx_word' id='word_1_109' title='bbox 979 1615 1128 1669; x_wconf 87' lang='lat' dir='ltr'><strong><em>divos</em></strong></span> <span class='ocrx_word' id='word_1_110' title='bbox 1159 1633 1260 1686; x_wconf 89' lang='lat' dir='ltr'><strong><em>quo</em></strong></span> <span class='ocrx_word' id='word_1_111' title='bbox 1289 1613 1505 1686; x_wconf 87' lang='lat' dir='ltr'><strong><em>quisque</em></strong></span> <span class='ocrx_word' id='word_1_112' title='bbox 1536 1613 1800 1684; x_wconf 81' lang='lat' dir='ltr'><strong><em>potentior</em></strong></span> <span class='ocrx_word' id='word_1_113' title='bbox 1826 1613 2000 1681; x_wconf 40' lang='lat' dir='ltr'><strong><em>est,&#39;et</em></strong></span> 
     </span>
    </p>
   </div>
   <div class='ocr_carea' id='block_1_17' title="bbox 676 1685 1858 1756">
    <p class='ocr_par' dir='ltr' id='par_1_17' title="bbox 676 1685 1858 1756">
     <span class='ocr_line' id='line_1_17' title="bbox 676 1685 1858 1756; baseline 0.006 -18"><span class='ocrx_word' id='word_1_114' title='bbox 676 1685 896 1756; x_wconf 80' lang='lat' dir='ltr'><strong><em>Dignior</em></strong></span> <span class='ocrx_word' id='word_1_115' title='bbox 924 1686 1019 1739; x_wconf 84' lang='lat' dir='ltr'><strong><em>ltoc</em></strong></span> <span class='ocrx_word' id='word_1_116' title='bbox 1055 1685 1214 1740; x_wconf 89' lang='lat' dir='ltr'><strong><em>etiam</em></strong></span> <span class='ocrx_word' id='word_1_117' title='bbox 1238 1685 1429 1753; x_wconf 79' lang='lat' dir='ltr'><strong><em>maiori</em></strong></span> <span class='ocrx_word' id='word_1_118' title='bbox 1457 1689 1652 1741; x_wconf 86' lang='lat' dir='ltr'><strong><em>lumine</em></strong></span> <span class='ocrx_word' id='word_1_119' title='bbox 1678 1689 1858 1756; x_wconf 83' lang='lat' dir='ltr'><strong><em>fulget.</em></strong></span> 
     </span>
    </p>
   </div>
   <div class='ocr_carea' id='block_1_18' title="bbox 688 1755 2037 1826">
    <p class='ocr_par' dir='ltr' id='par_1_18' title="bbox 688 1755 2037 1826">
     <span class='ocr_line' id='line_1_18' title="bbox 688 1755 2037 1826; baseline 0.005 -20"><span class='ocrx_word' id='word_1_120' title='bbox 688 1755 855 1826; x_wconf 85' lang='lat' dir='ltr'><strong><em>thue</em></strong></span> <span class='ocrx_word' id='word_1_121' title='bbox 879 1758 1013 1810; x_wconf 86' lang='lat' dir='ltr'><strong><em>inter</em></strong></span> <span class='ocrx_word' id='word_1_122' title='bbox 1039 1759 1219 1811; x_wconf 88' lang='lat' dir='ltr'><strong><em>stellas</em></strong></span> <span class='ocrx_word' id='word_1_123' title='bbox 1256 1759 1420 1811; x_wconf 87' lang='lat' dir='ltr'><strong><em>multo</em></strong></span> <span class='ocrx_word' id='word_1_124' title='bbox 1456 1755 1804 1812; x_wconf 80' lang='lat' dir='ltr'><strong><em>nitidissimus</em></strong></span> <span class='ocrx_word' id='word_1_125' title='bbox 1833 1770 1909 1814; x_wconf 87' lang='lat' dir='ltr'><strong><em>est</em></strong></span> <span class='ocrx_word' id='word_1_126' title='bbox 1936 1761 2037 1824; x_wconf 86' lang='lat' dir='ltr'><strong><em>sol,</em></strong></span> 
     </span>
    </p>
   </div>
   <div class='ocr_carea' id='block_1_19' title="bbox 2174 1718 2216 1773">
    <p class='ocr_par' dir='ltr' id='par_1_19' title="bbox 2174 1718 2216 1773">
     <span class='ocr_line' id='line_1_19' title="bbox 2174 1718 2216 1773; baseline 0 0"><span class='ocrx_word' id='word_1_127' title='bbox 2174 1718 2216 1773; x_wconf 87' lang='grc' dir='ltr'>Β</span> 
     </span>
    </p>
   </div>
   <div class='ocr_carea' id='block_1_20' title="bbox 2257 459 2897 526">
    <p class='ocr_par' dir='ltr' id='par_1_20' title="bbox 2257 459 2897 526">
     <span class='ocr_line' id='line_1_20' title="bbox 2257 459 2897 526; baseline 0.005 -12"><span class='ocrx_word' id='word_1_128' title='bbox 2257 462 2310 514; x_wconf 88' lang='lat' dir='ltr'><strong><em>in</em></strong></span> <span class='ocrx_word' id='word_1_129' title='bbox 2344 462 2544 526; x_wconf 86' lang='lat' dir='ltr'><strong><em>Solem,</em></strong></span> <span class='ocrx_word' id='word_1_130' title='bbox 2566 471 2618 516; x_wconf 93' lang='lat' dir='ltr'><strong><em>et</em></strong></span> <span class='ocrx_word' id='word_1_131' title='bbox 2650 459 2897 516; x_wconf 84' lang='lat' dir='ltr'><strong><em>Proclus.</em></strong></span> 
     </span>
    </p>
   </div>
   <div class='ocr_carea' id='block_1_21' title="bbox 2321 551 3758 621">
    <p class='ocr_par' dir='ltr' id='par_1_21' title="bbox 2321 551 3758 621">
     <span class='ocr_line' id='line_1_21' title="bbox 2321 551 3758 621; baseline 0.006 -17"><span class='ocrx_word' id='word_1_132' title='bbox 2321 551 2481 614; x_wconf 84' lang='lat' dir='ltr'><strong><em>lbid.,</em></strong></span> <span class='ocrx_word' id='word_1_133' title='bbox 2515 553 2612 606; x_wconf 88' lang='lat' dir='ltr'><strong><em>lin.</em></strong></span> <span class='ocrx_word' id='word_1_134' title='bbox 2639 551 2729 606; x_wconf 73' lang='grc' dir='ltr'><strong><em>Π.</em></strong></span> <span class='ocrx_word' id='word_1_135' title='bbox 2767 551 2832 605; x_wconf 81' lang='grc' dir='ltr'><strong><em>Τὸ</em></strong></span> <span class='ocrx_word' id='word_1_136' title='bbox 2861 553 2914 604; x_wconf 81' lang='grc' dir='ltr'><strong><em>δ’</em></strong></span> <span class='ocrx_word' id='word_1_137' title='bbox 2942 551 3088 605; x_wconf 83' lang='grc' dir='ltr'><strong><em>αὐτὸ</em></strong></span> <span class='ocrx_word' id='word_1_138' title='bbox 3118 552 3490 621; x_wconf 72' lang='grc' dir='ltr'><strong><em>παράδειγμα.</em></strong></span> <span class='ocrx_word' id='word_1_139' title='bbox 3521 552 3621 608; x_wconf 85' lang='lat' dir='ltr'><strong><em>Hoc</em></strong></span> <span class='ocrx_word' id='word_1_140' title='bbox 3647 557 3758 613; x_wconf 73' lang='lat' dir='ltr'><strong><em>idem</em></strong></span> 
     </span>
    </p>
   </div>
   <div class='ocr_carea' id='block_1_22' title="bbox 2249 643 3760 714">
    <p class='ocr_par' dir='ltr' id='par_1_22' title="bbox 2249 643 3760 714">
     <span class='ocr_line' id='line_1_22' title="bbox 2249 643 3760 714; baseline 0.003 -16"><span class='ocrx_word' id='word_1_141' title='bbox 2249 643 2472 698; x_wconf 81' lang='lat' dir='ltr'><strong><em>uberius</em></strong></span> <span class='ocrx_word' id='word_1_142' title='bbox 2516 644 2869 714; x_wconf 83' lang='lat' dir='ltr'><strong><em>prosequitur</em></strong></span> <span class='ocrx_word' id='word_1_143' title='bbox 2895 643 3129 698; x_wconf 86' lang='lat' dir='ltr'><strong><em>Basilius</em></strong></span> <span class='ocrx_word' id='word_1_144' title='bbox 3163 645 3312 697; x_wconf 89' lang='lat' dir='ltr'><strong><em>hom.</em></strong></span> <span class='ocrx_word' id='word_1_145' title='bbox 3361 643 3412 697; x_wconf 81' lang='grc' dir='ltr'><strong>ϐ.</strong></span> <span class='ocrx_word' id='word_1_146' title='bbox 3442 643 3629 700; x_wconf 83' lang='lat' dir='ltr'><strong><em>Lunam</em></strong></span> <span class='ocrx_word' id='word_1_147' title='bbox 3659 664 3760 706; x_wconf 76' lang='lat' dir='ltr'><strong><em>vero</em></strong></span> 
     </span>
    </p>
   </div>
   <div class='ocr_carea' id='block_1_23' title="bbox 2248 733 3761 806">
    <p class='ocr_par' dir='ltr' id='par_1_23' title="bbox 2248 733 3761 806">
     <span class='ocr_line' id='line_1_23' title="bbox 2248 733 3761 806; baseline 0.005 -19"><span class='ocrx_word' id='word_1_148' title='bbox 2248 735 2380 789; x_wconf 90' lang='lat' dir='ltr'><strong><em>solis</em></strong></span> <span class='ocrx_word' id='word_1_149' title='bbox 2412 733 2623 805; x_wconf 80' lang='lat' dir='ltr'><strong><em>fulgore</em></strong></span> <span class='ocrx_word' id='word_1_150' title='bbox 2657 735 2786 806; x_wconf 77' lang='lat' dir='ltr'><strong><em>tegi,</em></strong></span> <span class='ocrx_word' id='word_1_151' title='bbox 2819 743 2873 789; x_wconf 87' lang='lat' dir='ltr'><strong><em>et</em></strong></span> <span class='ocrx_word' id='word_1_152' title='bbox 2909 735 2963 788; x_wconf 93' lang='lat' dir='ltr'><strong><em>in</em></strong></span> <span class='ocrx_word' id='word_1_153' title='bbox 2997 743 3168 789; x_wconf 91' lang='lat' dir='ltr'><strong><em>totum</em></strong></span> <span class='ocrx_word' id='word_1_154' title='bbox 3191 744 3434 789; x_wconf 88' lang='lat' dir='ltr'><strong><em>mutuata</em></strong></span> <span class='ocrx_word' id='word_1_155' title='bbox 3463 737 3525 789; x_wconf 92' lang='lat' dir='ltr'><strong><em>ab</em></strong></span> <span class='ocrx_word' id='word_1_156' title='bbox 3575 754 3633 791; x_wconf 90' lang='lat' dir='ltr'><strong><em>eo</em></strong></span> <span class='ocrx_word' id='word_1_157' title='bbox 3668 740 3761 796; x_wconf 82' lang='lat' dir='ltr'><strong><em>luce</em></strong></span> 
     </span>
    </p>
   </div>
   <div class='ocr_carea' id='block_1_24' title="bbox 2249 824 3761 896">
    <p class='ocr_par' dir='ltr' id='par_1_24' title="bbox 2249 824 3761 896">
     <span class='ocr_line' id='line_1_24' title="bbox 2249 824 3761 896; baseline 0.005 -19"><span class='ocrx_word' id='word_1_158' title='bbox 2249 824 2476 895; x_wconf 80' lang='lat' dir='ltr'><strong><em>fulgere,</em></strong></span> <span class='ocrx_word' id='word_1_159' title='bbox 2526 825 2696 880; x_wconf 82' lang='lat' dir='ltr'><strong><em>refert</em></strong></span> <span class='ocrx_word' id='word_1_160' title='bbox 2731 825 2940 880; x_wconf 90' lang='lat' dir='ltr'><strong><em>Plinius</em></strong></span> <span class='ocrx_word' id='word_1_161' title='bbox 2986 825 3078 880; x_wconf 89' lang='lat' dir='ltr'><strong><em>lib.</em></strong></span> <span class='ocrx_word' id='word_1_162' title='bbox 3119 841 3177 888; x_wconf 85' lang='grc' dir='ltr'><strong><em>ιι,</em></strong></span> <span class='ocrx_word' id='word_1_163' title='bbox 3210 840 3332 895; x_wconf 86' lang='lat' dir='ltr'><strong><em>cap.</em></strong></span> <span class='ocrx_word' id='word_1_164' title='bbox 3374 826 3428 886; x_wconf 87' lang='lat'><strong><em>9.</em></strong></span> <span class='ocrx_word' id='word_1_165' title='bbox 3459 828 3603 896; x_wconf 79' lang='lat' dir='ltr'><strong><em>cujus</em></strong></span> <span class='ocrx_word' id='word_1_166' title='bbox 3631 831 3761 886; x_wconf 69' lang='lat' dir='ltr'><strong><em>verba</em></strong></span> 
     </span>
    </p>
   </div>
   <div class='ocr_carea' id='block_1_25' title="bbox 2248 916 3762 989">
    <p class='ocr_par' dir='ltr' id='par_1_25' title="bbox 2248 916 3762 989">
     <span class='ocr_line' id='line_1_25' title="bbox 2248 916 3762 989; baseline 0.003 -18"><span class='ocrx_word' id='word_1_167' title='bbox 2248 931 2369 971; x_wconf 83' lang='lat' dir='ltr'><strong><em>cum</em></strong></span> <span class='ocrx_word' id='word_1_168' title='bbox 2395 916 2460 970; x_wconf 89' lang='lat' dir='ltr'><strong><em>ad</em></strong></span> <span class='ocrx_word' id='word_1_169' title='bbox 2487 931 2600 972; x_wconf 90' lang='lat' dir='ltr'><strong><em>rem</em></strong></span> <span class='ocrx_word' id='word_1_170' title='bbox 2630 916 2834 970; x_wconf 89' lang='lat' dir='ltr'><strong><em>faciant</em></strong></span> <span class='ocrx_word' id='word_1_171' title='bbox 2858 918 2951 971; x_wconf 86' lang='lat' dir='ltr'><strong><em>hic</em></strong></span> <span class='ocrx_word' id='word_1_172' title='bbox 2974 917 3267 972; x_wconf 71' lang='lat' dir='ltr'><strong><em>ascribam.</em></strong></span> <span class='ocrx_word' id='word_1_173' title='bbox 3293 917 3431 972; x_wconf 85' lang='lat' dir='ltr'><strong><em>Solis</em></strong></span> <span class='ocrx_word' id='word_1_174' title='bbox 3461 920 3762 989; x_wconf 75' lang='lat' dir='ltr'><strong><em>fulgorum,</em></strong></span> 
     </span>
    </p>
   </div>
   <div class='ocr_carea' id='block_1_26' title="bbox 2247 1011 3764 1081">
    <p class='ocr_par' dir='ltr' id='par_1_26' title="bbox 2247 1011 3764 1081">
     <span class='ocr_line' id='line_1_26' title="bbox 2247 1011 3764 1081; baseline 0.004 -18"><span class='ocrx_word' id='word_1_175' title='bbox 2247 1021 2304 1063; x_wconf 89' lang='lat' dir='ltr'><strong><em>ut</em></strong></span> <span class='ocrx_word' id='word_1_176' title='bbox 2333 1011 2536 1074; x_wconf 86' lang='lat' dir='ltr'><strong><em>reliqua</em></strong></span> <span class='ocrx_word' id='word_1_177' title='bbox 2565 1011 2881 1081; x_wconf 83' lang='lat' dir='ltr'><strong><em>sidera,tegi</em></strong></span> <span class='ocrx_word' id='word_1_178' title='bbox 2919 1027 2937 1064; x_wconf 91' lang='lat'><strong><em>:</em></strong></span> <span class='ocrx_word' id='word_1_179' title='bbox 2973 1011 3020 1064; x_wconf 92' lang='lat' dir='ltr'><strong><em>si</em></strong></span> <span class='ocrx_word' id='word_1_180' title='bbox 3051 1012 3262 1081; x_wconf 87' lang='lat' dir='ltr'><strong><em>quidem</em></strong></span> <span class='ocrx_word' id='word_1_181' title='bbox 3298 1012 3351 1063; x_wconf 90' lang='lat' dir='ltr'><strong><em>in</em></strong></span> <span class='ocrx_word' id='word_1_182' title='bbox 3380 1022 3536 1065; x_wconf 87' lang='lat' dir='ltr'><strong><em>totum</em></strong></span> <span class='ocrx_word' id='word_1_183' title='bbox 3564 1025 3764 1070; x_wconf 75' lang='lat' dir='ltr'><strong><em>mutnata</em></strong></span> 
     </span>
    </p>
   </div>
   <div class='ocr_carea' id='block_1_27' title="bbox 2247 1099 3767 1172">
    <p class='ocr_par' dir='ltr' id='par_1_27' title="bbox 2247 1099 3767 1172">
     <span class='ocr_line' id='line_1_27' title="bbox 2247 1099 3767 1172; baseline 0.003 -18"><span class='ocrx_word' id='word_1_184' title='bbox 2247 1099 2310 1154; x_wconf 86' lang='lat' dir='ltr'><strong><em>ab</em></strong></span> <span class='ocrx_word' id='word_1_185' title='bbox 2355 1117 2414 1154; x_wconf 94' lang='lat' dir='ltr'><strong><em>eo</em></strong></span> <span class='ocrx_word' id='word_1_186' title='bbox 2447 1101 2559 1154; x_wconf 86' lang='lat' dir='ltr'><strong><em>luce</em></strong></span> <span class='ocrx_word' id='word_1_187' title='bbox 2601 1100 2823 1169; x_wconf 76' lang='lat' dir='ltr'><strong><em>fulgere,</em></strong></span> <span class='ocrx_word' id='word_1_188' title='bbox 2849 1101 3057 1171; x_wconf 85' lang='lat' dir='ltr'><strong><em>qualem</em></strong></span> <span class='ocrx_word' id='word_1_189' title='bbox 3089 1105 3142 1154; x_wconf 86' lang='lat' dir='ltr'><strong><em>in</em></strong></span> <span class='ocrx_word' id='word_1_190' title='bbox 3175 1117 3478 1169; x_wconf 80' lang='lat' dir='ltr'><strong><em>repercussu</em></strong></span> <span class='ocrx_word' id='word_1_191' title='bbox 3507 1121 3640 1172; x_wconf 80' lang='lat' dir='ltr'><strong><em>aqute</em></strong></span> <span class='ocrx_word' id='word_1_192' title='bbox 3662 1106 3767 1158; x_wconf 79' lang='lat' dir='ltr'><strong><em>roli-</em></strong></span> 
     </span>
    </p>
   </div>
   <div class='ocr_carea' id='block_1_28' title="bbox 2247 1193 3766 1264">
    <p class='ocr_par' dir='ltr' id='par_1_28' title="bbox 2247 1193 3766 1264">
     <span class='ocr_line' id='line_1_28' title="bbox 2247 1193 3766 1264; baseline 0.003 -19"><span class='ocrx_word' id='word_1_193' title='bbox 2247 1203 2358 1246; x_wconf 88' lang='lat' dir='ltr'><strong><em>tare</em></strong></span> <span class='ocrx_word' id='word_1_194' title='bbox 2410 1194 2782 1262; x_wconf 84' lang='lat' dir='ltr'><strong><em>conspicimus.</em></strong></span> <span class='ocrx_word' id='word_1_195' title='bbox 2846 1193 2977 1249; x_wconf 88' lang='lat' dir='ltr'><strong><em>Ideo</em></strong></span> <span class='ocrx_word' id='word_1_196' title='bbox 3016 1194 3260 1248; x_wconf 87' lang='lat' dir='ltr'><strong><em>molliore</em></strong></span> <span class='ocrx_word' id='word_1_197' title='bbox 3312 1203 3361 1248; x_wconf 87' lang='lat' dir='ltr'><strong><em>et</em></strong></span> <span class='ocrx_word' id='word_1_198' title='bbox 3416 1196 3687 1264; x_wconf 78' lang='lat' dir='ltr'><strong><em>imperfecta</em></strong></span> <span class='ocrx_word' id='word_1_199' title='bbox 3731 1201 3766 1250; x_wconf 87' lang='lat' dir='ltr'><strong><em>ri</em></strong></span> 
     </span>
    </p>
   </div>
   <div class='ocr_carea' id='block_1_29' title="bbox 2243 1285 3765 1357">
    <p class='ocr_par' dir='ltr' id='par_1_29' title="bbox 2243 1285 3765 1357">
     <span class='ocr_line' id='line_1_29' title="bbox 2243 1285 3765 1357; baseline 0.001 -18"><span class='ocrx_word' id='word_1_200' title='bbox 2243 1285 2461 1349; x_wconf 76' lang='lat' dir='ltr'><strong><em>solvere,</em></strong></span> <span class='ocrx_word' id='word_1_201' title='bbox 2501 1295 2703 1338; x_wconf 87' lang='lat' dir='ltr'><strong><em>tantum</em></strong></span> <span class='ocrx_word' id='word_1_202' title='bbox 2733 1286 3024 1349; x_wconf 82' lang='lat' dir='ltr'><strong><em>humorem,</em></strong></span> <span class='ocrx_word' id='word_1_203' title='bbox 3064 1297 3220 1357; x_wconf 89' lang='lat' dir='ltr'><strong><em>atque</em></strong></span> <span class='ocrx_word' id='word_1_204' title='bbox 3248 1287 3407 1340; x_wconf 83' lang='lat' dir='ltr'><strong><em>etiam</em></strong></span> <span class='ocrx_word' id='word_1_205' title='bbox 3429 1303 3620 1355; x_wconf 87' lang='lat' dir='ltr'><strong><em>augere,</em></strong></span> <span class='ocrx_word' id='word_1_206' title='bbox 3647 1305 3765 1356; x_wconf 73' lang='lat' dir='ltr'><strong><em>quem</em></strong></span> 
     </span>
    </p>
   </div>
   <div class='ocr_carea' id='block_1_30' title="bbox 2241 1375 3763 1446">
    <p class='ocr_par' dir='ltr' id='par_1_30' title="bbox 2241 1375 3763 1446">
     <span class='ocr_line' id='line_1_30' title="bbox 2241 1375 3763 1446; baseline 0.001 -17"><span class='ocrx_word' id='word_1_207' title='bbox 2241 1376 2370 1430; x_wconf 90' lang='lat' dir='ltr'><strong><em>solis</em></strong></span> <span class='ocrx_word' id='word_1_208' title='bbox 2397 1375 2536 1429; x_wconf 84' lang='lat' dir='ltr'><strong><em>radii</em></strong></span> <span class='ocrx_word' id='word_1_209' title='bbox 2569 1386 2866 1431; x_wconf 84' lang='lat' dir='ltr'><strong><em>assumant.</em></strong></span> <span class='ocrx_word' id='word_1_210' title='bbox 2900 1375 3026 1430; x_wconf 88' lang='lat' dir='ltr'><strong><em>ldeo</em></strong></span> <span class='ocrx_word' id='word_1_211' title='bbox 3049 1387 3096 1431; x_wconf 90' lang='lat' dir='ltr'><strong><em>et</em></strong></span> <span class='ocrx_word' id='word_1_212' title='bbox 3124 1376 3378 1446; x_wconf 75' lang='lat' dir='ltr'><strong><em>inrequali</em></strong></span> <span class='ocrx_word' id='word_1_213' title='bbox 3401 1377 3582 1429; x_wconf 82' lang='lat' dir='ltr'><strong><em>lumine</em></strong></span> <span class='ocrx_word' id='word_1_214' title='bbox 3603 1380 3763 1444; x_wconf 78' lang='lat' dir='ltr'><strong><em>aspici:</em></strong></span> 
     </span>
    </p>
   </div>
   <div class='ocr_carea' id='block_1_31' title="bbox 2240 1468 3764 1540">
    <p class='ocr_par' dir='ltr' id='par_1_31' title="bbox 2240 1468 3764 1540">
     <span class='ocr_line' id='line_1_31' title="bbox 2240 1468 3764 1540; baseline 0.001 -19"><span class='ocrx_word' id='word_1_215' title='bbox 2240 1469 2366 1540; x_wconf 89' lang='lat' dir='ltr'><strong><em>quin</em></strong></span> <span class='ocrx_word' id='word_1_216' title='bbox 2397 1483 2462 1521; x_wconf 74' lang='lat' dir='ltr'><strong><em>ex</em></strong></span> <span class='ocrx_word' id='word_1_217' title='bbox 2487 1468 2704 1522; x_wconf 70' lang='lat' dir='ltr'><strong><em>adverso</em></strong></span> <span class='ocrx_word' id='word_1_218' title='bbox 2735 1469 2945 1522; x_wconf 88' lang='lat' dir='ltr'><strong><em>demum</em></strong></span> <span class='ocrx_word' id='word_1_219' title='bbox 2961 1470 3140 1538; x_wconf 75' lang='lat' dir='ltr'><strong><em>plena,</em></strong></span> <span class='ocrx_word' id='word_1_220' title='bbox 3164 1469 3384 1538; x_wconf 88' lang='lat' dir='ltr'><strong><em>reliquis</em></strong></span> <span class='ocrx_word' id='word_1_221' title='bbox 3405 1469 3575 1522; x_wconf 84' lang='lat' dir='ltr'><strong><em>diebus</em></strong></span> <span class='ocrx_word' id='word_1_222' title='bbox 3598 1480 3764 1522; x_wconf 78' lang='lat' dir='ltr'><strong><em>tantum</em></strong></span> 
     </span>
    </p>
   </div>
   <div class='ocr_carea' id='block_1_32' title="bbox 2239 1561 3761 1632">
    <p class='ocr_par' dir='ltr' id='par_1_32' title="bbox 2239 1561 3761 1632">
     <span class='ocr_line' id='line_1_32' title="bbox 2239 1561 3761 1632; baseline -0.001 -18"><span class='ocrx_word' id='word_1_223' title='bbox 2239 1576 2304 1614; x_wconf 80' lang='lat' dir='ltr'><strong><em>ex</em></strong></span> <span class='ocrx_word' id='word_1_224' title='bbox 2335 1577 2388 1614; x_wconf 91' lang='lat' dir='ltr'><strong><em>se</em></strong></span> <span class='ocrx_word' id='word_1_225' title='bbox 2417 1562 2567 1614; x_wconf 90' lang='lat' dir='ltr'><strong><em>terris</em></strong></span> <span class='ocrx_word' id='word_1_226' title='bbox 2601 1561 2864 1628; x_wconf 87' lang='lat' dir='ltr'><strong><em>ostendat,</em></strong></span> <span class='ocrx_word' id='word_1_227' title='bbox 2891 1572 3148 1632; x_wconf 87' lang='lat' dir='ltr'><strong><em>quantum</em></strong></span> <span class='ocrx_word' id='word_1_228' title='bbox 3170 1578 3237 1615; x_wconf 82' lang='lat' dir='ltr'><strong><em>ea:</em></strong></span> <span class='ocrx_word' id='word_1_229' title='bbox 3265 1563 3372 1616; x_wconf 75' lang='lat' dir='ltr'><strong><em>sole</em></strong></span> <span class='ocrx_word' id='word_1_230' title='bbox 3395 1563 3503 1631; x_wconf 86' lang='lat' dir='ltr'><strong><em>ipsa</em></strong></span> <span class='ocrx_word' id='word_1_231' title='bbox 3533 1564 3761 1629; x_wconf 81' lang='lat' dir='ltr'><strong><em>concipiat.</em></strong></span> 
     </span>
    </p>
   </div>
   <div class='ocr_carea' id='block_1_33' title="bbox 2245 1651 3762 1724">
    <p class='ocr_par' dir='ltr' id='par_1_33' title="bbox 2245 1651 3762 1724">
     <span class='ocr_line' id='line_1_33' title="bbox 2245 1651 3762 1724; baseline 0 -18"><span class='ocrx_word' id='word_1_232' title='bbox 2245 1651 2310 1706; x_wconf 85' lang='lat' dir='ltr'><strong><em>In</em></strong></span> <span class='ocrx_word' id='word_1_233' title='bbox 2339 1655 2481 1706; x_wconf 85' lang='lat' dir='ltr'><strong><em>coitu</em></strong></span> <span class='ocrx_word' id='word_1_234' title='bbox 2519 1653 2724 1724; x_wconf 84' lang='lat' dir='ltr'><strong><em>quidem</em></strong></span> <span class='ocrx_word' id='word_1_235' title='bbox 2757 1671 2860 1708; x_wconf 86' lang='lat' dir='ltr'><strong><em>non</em></strong></span> <span class='ocrx_word' id='word_1_236' title='bbox 2911 1656 3052 1708; x_wconf 86' lang='lat' dir='ltr'><strong><em>cerni</em></strong></span> <span class='ocrx_word' id='word_1_237' title='bbox 3081 1671 3100 1708; x_wconf 88' lang='lat'><strong><em>:</em></strong></span> <span class='ocrx_word' id='word_1_238' title='bbox 3141 1657 3396 1724; x_wconf 86' lang='lat' dir='ltr'><strong><em>quoniam</em></strong></span> <span class='ocrx_word' id='word_1_239' title='bbox 3425 1655 3648 1708; x_wconf 84' lang='lat' dir='ltr'><strong><em>ltaustum</em></strong></span> <span class='ocrx_word' id='word_1_240' title='bbox 3673 1673 3762 1708; x_wconf 84' lang='lat' dir='ltr'><strong><em>om-</em></strong></span> 
     </span>
    </p>
   </div>
   <div class='ocr_carea' id='block_1_34' title="bbox 2231 1731 3760 1817">
    <p class='ocr_par' dir='ltr' id='par_1_34' title="bbox 2231 1731 3760 1817">
     <span class='ocr_line' id='line_1_34' title="bbox 2231 1731 3760 1817; baseline 0.001 -19"><span class='ocrx_word' id='word_1_241' title='bbox 2231 1731 2356 1798; x_wconf 79' lang='lat' dir='ltr'><strong><em>nem</em></strong></span> <span class='ocrx_word' id='word_1_242' title='bbox 2404 1745 2535 1799; x_wconf 84' lang='lat' dir='ltr'><strong><em>lucis</em></strong></span> <span class='ocrx_word' id='word_1_243' title='bbox 2581 1763 2764 1800; x_wconf 81' lang='lat' dir='ltr'><strong><em>aversa</em></strong></span> <span class='ocrx_word' id='word_1_244' title='bbox 2807 1747 2899 1799; x_wconf 88' lang='lat' dir='ltr'><strong><em>illo</em></strong></span> <span class='ocrx_word' id='word_1_245' title='bbox 2958 1757 3162 1817; x_wconf 88' lang='lat' dir='ltr'><strong><em>regerat</em></strong></span> <span class='ocrx_word' id='word_1_246' title='bbox 3200 1748 3336 1802; x_wconf 88' lang='lat' dir='ltr'><strong><em>unde</em></strong></span> <span class='ocrx_word' id='word_1_247' title='bbox 3368 1751 3623 1817; x_wconf 86' lang='lat' dir='ltr'><strong><em>acceperit.</em></strong></span> <span class='ocrx_word' id='word_1_248' title='bbox 3649 1749 3760 1817; x_wconf 75' lang='lat' dir='ltr'><strong><em>Apu-</em></strong></span> 
     </span>
    </p>
   </div>
   <div class='ocr_carea' id='block_1_35' title="bbox 684 1826 1789 1882">
    <p class='ocr_par' dir='ltr' id='par_1_35' title="bbox 684 1826 1789 1882">
     <span class='ocr_line' id='line_1_35' title="bbox 684 1826 1789 1882; baseline 0 -2"><span class='ocrx_word' id='word_1_249' title='bbox 684 1826 774 1880; x_wconf 88' lang='lat' dir='ltr'><strong><em>Sic</em></strong></span> <span class='ocrx_word' id='word_1_250' title='bbox 796 1829 931 1882; x_wconf 85' lang='lat' dir='ltr'><strong><em>inter</em></strong></span> <span class='ocrx_word' id='word_1_251' title='bbox 964 1828 1110 1880; x_wconf 87' lang='lat' dir='ltr'><strong><em>divos</em></strong></span> <span class='ocrx_word' id='word_1_252' title='bbox 1147 1829 1278 1882; x_wconf 86' lang='lat' dir='ltr'><strong><em>lucet</em></strong></span> <span class='ocrx_word' id='word_1_253' title='bbox 1314 1844 1404 1881; x_wconf 71' lang='lat' dir='ltr'><strong><em>rex</em></strong></span> <span class='ocrx_word' id='word_1_254' title='bbox 1438 1829 1526 1881; x_wconf 90' lang='lat' dir='ltr'><strong><em>ille</em></strong></span> <span class='ocrx_word' id='word_1_255' title='bbox 1555 1828 1789 1882; x_wconf 83' lang='lat' dir='ltr'><strong><em>deorum.</em></strong></span> 
     </span>
    </p>
   </div>
   <div class='ocr_carea' id='block_1_36' title="bbox 681 1895 2135 1970">
    <p class='ocr_par' dir='ltr' id='par_1_36' title="bbox 681 1895 2135 1970">
     <span class='ocr_line' id='line_1_36' title="bbox 681 1895 2135 1970; baseline 0.004 -22"><span class='ocrx_word' id='word_1_256' title='bbox 681 1895 804 1951; x_wconf 85' lang='lat' dir='ltr'><strong><em>Non</em></strong></span> <span class='ocrx_word' id='word_1_257' title='bbox 844 1908 1017 1951; x_wconf 79' lang='lat' dir='ltr'><strong><em>tamen</em></strong></span> <span class='ocrx_word' id='word_1_258' title='bbox 1052 1899 1294 1952; x_wconf 87' lang='lat' dir='ltr'><strong><em>obscurat</em></strong></span> <span class='ocrx_word' id='word_1_259' title='bbox 1330 1900 1574 1969; x_wconf 87' lang='lat' dir='ltr'><strong><em>reliquos.</em></strong></span> <span class='ocrx_word' id='word_1_260' title='bbox 1598 1901 1723 1970; x_wconf 87' lang='lat' dir='ltr'><strong><em>quin</em></strong></span> <span class='ocrx_word' id='word_1_261' title='bbox 1763 1902 1966 1970; x_wconf 81' lang='lat' dir='ltr'><strong><em>per/itit</em></strong></span> <span class='ocrx_word' id='word_1_262' title='bbox 1996 1901 2135 1955; x_wconf 89' lang='lat' dir='ltr'><strong><em>illos.</em></strong></span> 
     </span>
    </p>
   </div>
   <div class='ocr_carea' id='block_1_37' title="bbox 573 1987 2140 2064">
    <p class='ocr_par' dir='ltr' id='par_1_37' title="bbox 573 1987 2140 2064">
     <span class='ocr_line' id='line_1_37' title="bbox 573 1987 2140 2064; baseline 0.005 -24"><span class='ocrx_word' id='word_1_263' title='bbox 573 1987 683 2042; x_wconf 82' lang='lat' dir='ltr'><strong><em>Nec</em></strong></span> <span class='ocrx_word' id='word_1_264' title='bbox 705 1991 1004 2059; x_wconf 89' lang='lat' dir='ltr'><strong><em>requiritur</em></strong></span> <span class='ocrx_word' id='word_1_265' title='bbox 1032 2007 1144 2056; x_wconf 91' lang='lat' dir='ltr'><strong><em>aer,</em></strong></span> <span class='ocrx_word' id='word_1_266' title='bbox 1173 1993 1226 2046; x_wconf 93' lang='lat' dir='ltr'><strong><em>in</em></strong></span> <span class='ocrx_word' id='word_1_267' title='bbox 1254 2007 1362 2062; x_wconf 92' lang='lat' dir='ltr'><strong><em>quo</em></strong></span> <span class='ocrx_word' id='word_1_268' title='bbox 1392 2001 1649 2063; x_wconf 87' lang='lat' dir='ltr'><strong><em>tanquam</em></strong></span> <span class='ocrx_word' id='word_1_269' title='bbox 1688 1994 1742 2046; x_wconf 92' lang='lat' dir='ltr'><strong><em>in</em></strong></span> <span class='ocrx_word' id='word_1_270' title='bbox 1779 1991 2027 2064; x_wconf 83' lang='lat' dir='ltr'><strong><em>subjecto</em></strong></span> <span class='ocrx_word' id='word_1_271' title='bbox 2056 1995 2140 2048; x_wconf 88' lang='lat' dir='ltr'><strong><em>lu-</em></strong></span> 
     </span>
    </p>
   </div>
   <div class='ocr_carea' id='block_1_38' title="bbox 564 2083 2138 2148">
    <p class='ocr_par' dir='ltr' id='par_1_38' title="bbox 564 2083 2138 2148">
     <span class='ocr_line' id='line_1_38' title="bbox 564 2083 2138 2148; baseline 0.006 -12"><span class='ocrx_word' id='word_1_272' title='bbox 564 2098 689 2137; x_wconf 87' lang='lat' dir='ltr'><strong><em>men</em></strong></span> <span class='ocrx_word' id='word_1_273' title='bbox 731 2083 863 2138; x_wconf 90' lang='lat' dir='ltr'><strong><em>illud</em></strong></span> <span class='ocrx_word' id='word_1_274' title='bbox 905 2084 1188 2148; x_wconf 73' lang='lat' dir='ltr'><strong><em>inhaereat,</em></strong></span> <span class='ocrx_word' id='word_1_275' title='bbox 1228 2102 1352 2141; x_wconf 89' lang='lat' dir='ltr'><strong><em>cum</em></strong></span> <span class='ocrx_word' id='word_1_276' title='bbox 1405 2103 1499 2141; x_wconf 88' lang='lat' dir='ltr'><strong><em>aer</em></strong></span> <span class='ocrx_word' id='word_1_277' title='bbox 1540 2088 1762 2142; x_wconf 89' lang='lat' dir='ltr'><strong><em>minime</em></strong></span> <span class='ocrx_word' id='word_1_278' title='bbox 1793 2089 1862 2144; x_wconf 85' lang='lat' dir='ltr'><strong><em>sit</em></strong></span> <span class='ocrx_word' id='word_1_279' title='bbox 1915 2090 2138 2147; x_wconf 84' lang='lat' dir='ltr'><strong><em>luminis</em></strong></span> 
     </span>
    </p>
   </div>
   <div class='ocr_carea' id='block_1_39' title="bbox 568 2173 2136 2246">
    <p class='ocr_par' dir='ltr' id='par_1_39' title="bbox 568 2173 2136 2246">
     <span class='ocr_line' id='line_1_39' title="bbox 568 2173 2136 2246; baseline 0.004 -18"><span class='ocrx_word' id='word_1_280' title='bbox 568 2173 896 2244; x_wconf 75' lang='lat' dir='ltr'><strong><em>subjectum.</em></strong></span> <span class='ocrx_word' id='word_1_281' title='bbox 941 2192 1115 2246; x_wconf 87' lang='lat' dir='ltr'><strong><em>neque</em></strong></span> <span class='ocrx_word' id='word_1_282' title='bbox 1148 2178 1329 2232; x_wconf 90' lang='lat' dir='ltr'><strong><em>lumen</em></strong></span> <span class='ocrx_word' id='word_1_283' title='bbox 1364 2178 1437 2233; x_wconf 92' lang='lat' dir='ltr'><strong><em>sit</em></strong></span> <span class='ocrx_word' id='word_1_284' title='bbox 1464 2180 1516 2232; x_wconf 91' lang='lat' dir='ltr'><strong><em>in</em></strong></span> <span class='ocrx_word' id='word_1_285' title='bbox 1541 2194 1664 2233; x_wconf 90' lang='lat' dir='ltr'><strong><em>aere</em></strong></span> <span class='ocrx_word' id='word_1_286' title='bbox 1697 2197 1708 2232; x_wconf 93' lang='lat'>:</span> <span class='ocrx_word' id='word_1_287' title='bbox 1744 2177 1858 2232; x_wconf 86' lang='lat' dir='ltr'><strong><em>Imo</em></strong></span> <span class='ocrx_word' id='word_1_288' title='bbox 1890 2197 1980 2232; x_wconf 58' lang='lat' dir='ltr'><strong><em>aer</em></strong></span> <span class='ocrx_word' id='word_1_289' title='bbox 2011 2197 2136 2234; x_wconf 89' lang='lat' dir='ltr'><strong><em>con-</em></strong></span> 
     </span>
    </p>
   </div>
   <div class='ocr_carea' id='block_1_40' title="bbox 571 2269 2135 2342">
    <p class='ocr_par' dir='ltr' id='par_1_40' title="bbox 571 2269 2135 2342">
     <span class='ocr_line' id='line_1_40' title="bbox 571 2269 2135 2342; baseline 0.004 -23"><span class='ocrx_word' id='word_1_290' title='bbox 571 2277 654 2320; x_wconf 89' lang='lat' dir='ltr'><strong><em>tra</em></strong></span> <span class='ocrx_word' id='word_1_291' title='bbox 684 2275 760 2320; x_wconf 91' lang='lat' dir='ltr'><strong><em>est</em></strong></span> <span class='ocrx_word' id='word_1_292' title='bbox 801 2269 854 2321; x_wconf 91' lang='lat' dir='ltr'><strong><em>in</em></strong></span> <span class='ocrx_word' id='word_1_293' title='bbox 889 2269 1102 2332; x_wconf 86' lang='lat' dir='ltr'><strong><em>lumine,</em></strong></span> <span class='ocrx_word' id='word_1_294' title='bbox 1141 2277 1194 2324; x_wconf 90' lang='lat' dir='ltr'><strong><em>et</em></strong></span> <span class='ocrx_word' id='word_1_295' title='bbox 1224 2269 1338 2335; x_wconf 80' lang='lat' dir='ltr'><strong><em>lux,</em></strong></span> <span class='ocrx_word' id='word_1_296' title='bbox 1375 2281 1518 2324; x_wconf 85' lang='lat' dir='ltr'><strong><em>stare</em></strong></span> <span class='ocrx_word' id='word_1_297' title='bbox 1560 2281 1727 2341; x_wconf 85' lang='lat' dir='ltr'><strong><em>potest</em></strong></span> <span class='ocrx_word' id='word_1_298' title='bbox 1765 2273 1957 2342; x_wconf 88' lang='lat' dir='ltr'><strong><em>absque</em></strong></span> <span class='ocrx_word' id='word_1_299' title='bbox 1997 2274 2135 2326; x_wconf 90' lang='lat' dir='ltr'><strong><em>aeris</em></strong></span> 
     </span>
    </p>
   </div>
   <div class='ocr_carea' id='block_1_41' title="bbox 565 2358 2137 2433">
    <p class='ocr_par' dir='ltr' id='par_1_41' title="bbox 565 2358 2137 2433">
     <span class='ocr_line' id='line_1_41' title="bbox 565 2358 2137 2433; baseline 0.003 -20"><span class='ocrx_word' id='word_1_300' title='bbox 565 2361 696 2414; x_wconf 82' lang='lat' dir='ltr'><strong><em>eisu.</em></strong></span> <span class='ocrx_word' id='word_1_301' title='bbox 718 2358 831 2414; x_wconf 78' lang='lat' dir='ltr'><strong><em>Lux</em></strong></span> <span class='ocrx_word' id='word_1_302' title='bbox 855 2377 980 2416; x_wconf 87' lang='lat' dir='ltr'><strong><em>vero</em></strong></span> <span class='ocrx_word' id='word_1_303' title='bbox 1008 2377 1127 2430; x_wconf 74' lang='lat' dir='ltr'><strong><em>qua:</em></strong></span> <span class='ocrx_word' id='word_1_304' title='bbox 1156 2372 1239 2416; x_wconf 91' lang='lat' dir='ltr'><strong><em>est</em></strong></span> <span class='ocrx_word' id='word_1_305' title='bbox 1269 2363 1320 2416; x_wconf 92' lang='lat' dir='ltr'><strong><em>in</em></strong></span> <span class='ocrx_word' id='word_1_306' title='bbox 1355 2364 1586 2426; x_wconf 88' lang='lat' dir='ltr'><strong><em>sole,est</em></strong></span> <span class='ocrx_word' id='word_1_307' title='bbox 1606 2364 1866 2433; x_wconf 87' lang='lat' dir='ltr'><strong><em>particula</em></strong></span> <span class='ocrx_word' id='word_1_308' title='bbox 1903 2365 2038 2420; x_wconf 89' lang='lat' dir='ltr'><strong><em>lucis</em></strong></span> <span class='ocrx_word' id='word_1_309' title='bbox 2061 2367 2137 2419; x_wconf 89' lang='lat' dir='ltr'><strong><em>di-</em></strong></span> 
     </span>
    </p>
   </div>
   <div class='ocr_carea' id='block_1_42' title="bbox 567 2453 2156 2527">
    <p class='ocr_par' dir='ltr' id='par_1_42' title="bbox 567 2453 2156 2527">
     <span class='ocr_line' id='line_1_42' title="bbox 567 2453 2156 2527; baseline 0.006 -24"><span class='ocrx_word' id='word_1_310' title='bbox 567 2454 723 2515; x_wconf 69' lang='lat' dir='ltr'><strong><em>vinae,</em></strong></span> <span class='ocrx_word' id='word_1_311' title='bbox 760 2453 991 2525; x_wconf 87' lang='lat' dir='ltr'><strong><em>ideoque</em></strong></span> <span class='ocrx_word' id='word_1_312' title='bbox 1023 2455 1075 2508; x_wconf 91' lang='lat' dir='ltr'><strong><em>in</em></strong></span> <span class='ocrx_word' id='word_1_313' title='bbox 1111 2457 1226 2510; x_wconf 91' lang='lat' dir='ltr'><strong><em>sole</em></strong></span> <span class='ocrx_word' id='word_1_314' title='bbox 1251 2457 1492 2520; x_wconf 87' lang='lat' dir='ltr'><strong><em>nitescit,</em></strong></span> <span class='ocrx_word' id='word_1_315' title='bbox 1514 2459 1762 2527; x_wconf 82' lang='lat' dir='ltr'><strong><em>quamvis</em></strong></span> <span class='ocrx_word' id='word_1_316' title='bbox 1803 2459 1855 2511; x_wconf 93' lang='lat' dir='ltr'><strong><em>in</em></strong></span> <span class='ocrx_word' id='word_1_317' title='bbox 1895 2457 2002 2513; x_wconf 88' lang='lat' dir='ltr'><strong><em>Deo</em></strong></span> <span class='ocrx_word' id='word_1_318' title='bbox 2026 2474 2156 2512; x_wconf 81' lang='lat' dir='ltr'><strong><em>non.</em></strong></span> 
     </span>
    </p>
   </div>
   <div class='ocr_carea' id='block_1_43' title="bbox 563 2545 2150 2620">
    <p class='ocr_par' dir='ltr' id='par_1_43' title="bbox 563 2545 2150 2620">
     <span class='ocr_line' id='line_1_43' title="bbox 563 2545 2150 2620; baseline 0.005 -25"><span class='ocrx_word' id='word_1_319' title='bbox 563 2545 1057 2614; x_wconf 83' lang='lat' dir='ltr'><strong><em>comprehendatur</em></strong></span> <span class='ocrx_word' id='word_1_320' title='bbox 1089 2557 1310 2618; x_wconf 82' lang='lat' dir='ltr'><strong><em>propter</em></strong></span> <span class='ocrx_word' id='word_1_321' title='bbox 1346 2551 1626 2604; x_wconf 88' lang='lat' dir='ltr'><strong><em>materiam</em></strong></span> <span class='ocrx_word' id='word_1_322' title='bbox 1677 2550 1824 2605; x_wconf 91' lang='lat' dir='ltr'><strong><em>illius</em></strong></span> <span class='ocrx_word' id='word_1_323' title='bbox 1845 2592 1860 2616; x_wconf 93' lang='lat'><strong><em>,</em></strong></span> <span class='ocrx_word' id='word_1_324' title='bbox 1890 2567 2008 2620; x_wconf 67' lang='lat' dir='ltr'><strong><em>quae</em></strong></span> <span class='ocrx_word' id='word_1_325' title='bbox 2051 2560 2150 2605; x_wconf 88' lang='lat' dir='ltr'><strong><em>est.</em></strong></span> 
     </span>
    </p>
   </div>
   <div class='ocr_carea' id='block_1_44' title="bbox 563 2635 1011 2705">
    <p class='ocr_par' dir='ltr' id='par_1_44' title="bbox 563 2635 1011 2705">
     <span class='ocr_line' id='line_1_44' title="bbox 563 2635 1011 2705; baseline 0.007 -17"><span class='ocrx_word' id='word_1_326' title='bbox 563 2635 671 2688; x_wconf 86' lang='lat' dir='ltr'><strong><em>luci</em></strong></span> <span class='ocrx_word' id='word_1_327' title='bbox 708 2637 1011 2705; x_wconf 88' lang='lat' dir='ltr'><strong><em>aptissima.</em></strong></span> 
     </span>
    </p>
   </div>
   <div class='ocr_carea' id='block_1_45' title="bbox 634 2726 1910 2799">
    <p class='ocr_par' dir='ltr' id='par_1_45' title="bbox 634 2726 1910 2799">
     <span class='ocr_line' id='line_1_45' title="bbox 634 2726 1910 2799; baseline 0.005 -19"><span class='ocrx_word' id='word_1_328' title='bbox 634 2726 742 2799; x_wconf 79' lang='lat' dir='ltr'><strong><em>llla</em></strong></span> <span class='ocrx_word' id='word_1_329' title='bbox 767 2732 924 2783; x_wconf 88' lang='lat' dir='ltr'><strong><em>etiam</em></strong></span> <span class='ocrx_word' id='word_1_330' title='bbox 955 2729 1050 2784; x_wconf 77' lang='lat' dir='ltr'><strong><em>lua:</em></strong></span> <span class='ocrx_word' id='word_1_331' title='bbox 1080 2732 1260 2784; x_wconf 83' lang='lat' dir='ltr'><strong><em>divina</em></strong></span> <span class='ocrx_word' id='word_1_332' title='bbox 1289 2742 1366 2786; x_wconf 88' lang='lat' dir='ltr'><strong><em>est</em></strong></span> <span class='ocrx_word' id='word_1_333' title='bbox 1399 2733 1650 2799; x_wconf 84' lang='lat' dir='ltr'><strong><em>impressa</em></strong></span> <span class='ocrx_word' id='word_1_334' title='bbox 1682 2734 1910 2787; x_wconf 88' lang='lat' dir='ltr'><strong><em>aliorum</em></strong></span> 
     </span>
    </p>
   </div>
   <div class='ocr_carea' id='block_1_46' title="bbox 631 2797 2024 2874">
    <p class='ocr_par' dir='ltr' id='par_1_46' title="bbox 631 2797 2024 2874">
     <span class='ocr_line' id='line_1_46' title="bbox 631 2797 2024 2874; baseline 0.004 -25"><span class='ocrx_word' id='word_1_335' title='bbox 631 2797 882 2874; x_wconf 68' lang='lat' dir='ltr'><strong><em>Diuorum</em></strong></span> <span class='ocrx_word' id='word_1_336' title='bbox 918 2801 1125 2874; x_wconf 84' lang='lat' dir='ltr'><strong><em>formis,</em></strong></span> <span class='ocrx_word' id='word_1_337' title='bbox 1159 2805 1393 2871; x_wconf 88' lang='lat' dir='ltr'><strong><em>quamvis</em></strong></span> <span class='ocrx_word' id='word_1_338' title='bbox 1434 2797 1535 2857; x_wconf 80' lang='lat' dir='ltr'><strong><em>non</em></strong></span> <span class='ocrx_word' id='word_1_339' title='bbox 1570 2806 1809 2858; x_wconf 88' lang='lat' dir='ltr'><strong><em>omnibus</em></strong></span> <span class='ocrx_word' id='word_1_340' title='bbox 1842 2821 2024 2874; x_wconf 39' lang='lat' dir='ltr'><strong><em>a&#39;quev,</em></strong></span> 
     </span>
    </p>
   </div>
   <div class='ocr_carea' id='block_1_47' title="bbox 636 2865 1914 2942">
    <p class='ocr_par' dir='ltr' id='par_1_47' title="bbox 636 2865 1914 2942">
     <span class='ocr_line' id='line_1_47' title="bbox 636 2865 1914 2942; baseline 0.005 -22"><span class='ocrx_word' id='word_1_341' title='bbox 636 2865 703 2942; x_wconf 54' lang='grc' dir='ltr'><strong><em>ἶέί</em></strong></span> <span class='ocrx_word' id='word_1_342' title='bbox 736 2887 838 2923; x_wconf 89' lang='lat' dir='ltr'><strong><em>non</em></strong></span> <span class='ocrx_word' id='word_1_343' title='bbox 869 2865 1038 2925; x_wconf 71' lang='lat' dir='ltr'><strong><em>stella:</em></strong></span> <span class='ocrx_word' id='word_1_344' title='bbox 1069 2865 1245 2926; x_wconf 78' lang='lat' dir='ltr'><strong><em>omnes</em></strong></span> <span class='ocrx_word' id='word_1_345' title='bbox 1278 2873 1470 2942; x_wconf 74' lang='lat' dir='ltr'><strong><em>a’quali</em></strong></span> <span class='ocrx_word' id='word_1_346' title='bbox 1498 2875 1692 2928; x_wconf 87' lang='lat' dir='ltr'><strong><em>lumine</em></strong></span> <span class='ocrx_word' id='word_1_347' title='bbox 1721 2865 1914 2934; x_wconf 57' lang='lat' dir='ltr'><strong><em>lucent;</em></strong></span> 
     </span>
    </p>
   </div>
   <div class='ocr_carea' id='block_1_48' title="bbox 633 2938 2126 3014">
    <p class='ocr_par' dir='ltr' id='par_1_48' title="bbox 633 2938 2126 3014">
     <span class='ocr_line' id='line_1_48' title="bbox 633 2938 2126 3014; baseline 0.006 -23"><span class='ocrx_word' id='word_1_348' title='bbox 633 2938 740 3014; x_wconf 54' lang='lat' dir='ltr'><strong><em>ﬁed</em></strong></span> <span class='ocrx_word' id='word_1_349' title='bbox 775 2942 942 3010; x_wconf 84' lang='lat' dir='ltr'><strong><em>magis</em></strong></span> <span class='ocrx_word' id='word_1_350' title='bbox 968 2938 1442 3014; x_wconf 12' lang='lat' dir='ltr'><strong><em>unaralia,quanto</em></strong></span> <span class='ocrx_word' id='word_1_351' title='bbox 1469 2944 1578 2997; x_wconf 81' lang='lat' dir='ltr'><strong><em>lttrc</em></strong></span> <span class='ocrx_word' id='word_1_352' title='bbox 1607 2946 1885 3014; x_wconf 84' lang='lat' dir='ltr'><strong><em>perfectior</em></strong></span> <span class='ocrx_word' id='word_1_353' title='bbox 1913 2946 2006 2998; x_wconf 91' lang='lat' dir='ltr'><strong><em>illa</em></strong></span> <span class='ocrx_word' id='word_1_354' title='bbox 2026 2956 2126 3000; x_wconf 85' lang='lat' dir='ltr'><strong><em>est.</em></strong></span> 
     </span>
    </p>
   </div>
   <div class='ocr_carea' id='block_1_49' title="bbox 633 3007 1883 3086">
    <p class='ocr_par' dir='ltr' id='par_1_49' title="bbox 633 3007 1883 3086">
     <span class='ocr_line' id='line_1_49' title="bbox 633 3007 1883 3086; baseline 0.009 -26"><span class='ocrx_word' id='word_1_355' title='bbox 633 3007 800 3086; x_wconf 75' lang='lat' dir='ltr'><strong><em>l_l_tque</em></strong></span> <span class='ocrx_word' id='word_1_356' title='bbox 826 3007 930 3065; x_wconf 81' lang='lat' dir='ltr'><strong><em>una</em></strong></span> <span class='ocrx_word' id='word_1_357' title='bbox 960 3013 1180 3066; x_wconf 84' lang='lat' dir='ltr'><strong><em>candela</em></strong></span> <span class='ocrx_word' id='word_1_358' title='bbox 1209 3007 1343 3066; x_wconf 85' lang='lat' dir='ltr'><strong><em>alias</em></strong></span> <span class='ocrx_word' id='word_1_359' title='bbox 1371 3007 1650 3068; x_wconf 80' lang='lat' dir='ltr'><strong><em>accendere</em></strong></span> <span class='ocrx_word' id='word_1_360' title='bbox 1687 3007 1883 3086; x_wconf 80' lang='lat' dir='ltr'><strong><em>plures,</em></strong></span> 
     </span>
    </p>
   </div>
   <div class='ocr_carea' id='block_1_50' title="bbox 633 3078 2198 3149">
    <p class='ocr_par' dir='ltr' id='par_1_50' title="bbox 633 3078 2198 3149">
     <span class='ocr_line' id='line_1_50' title="bbox 633 3078 2198 3149; baseline 0.006 -17"><span class='ocrx_word' id='word_1_361' title='bbox 633 3078 744 3133; x_wconf 73' lang='lat' dir='ltr'><strong><em>Nec</em></strong></span> <span class='ocrx_word' id='word_1_362' title='bbox 778 3092 951 3136; x_wconf 84' lang='lat' dir='ltr'><strong><em>tamen</em></strong></span> <span class='ocrx_word' id='word_1_363' title='bbox 985 3088 1099 3147; x_wconf 83' lang='lat' dir='ltr'><strong><em>ipsa</em></strong></span> <span class='ocrx_word' id='word_1_364' title='bbox 1131 3101 1282 3138; x_wconf 88' lang='lat' dir='ltr'><strong><em>suum</em></strong></span> <span class='ocrx_word' id='word_1_365' title='bbox 1320 3088 1536 3144; x_wconf 87' lang='lat' dir='ltr'><strong><em>amittit.</em></strong></span> <span class='ocrx_word' id='word_1_366' title='bbox 1579 3078 1828 3140; x_wconf 53' lang='lat' dir='ltr'><strong><em>ntiu&#39;uitve</em></strong></span> <span class='ocrx_word' id='word_1_367' title='bbox 1859 3089 2081 3140; x_wconf 87' lang='lat' dir='ltr'><strong><em>nitorem</em></strong></span> <span class='ocrx_word' id='word_1_368' title='bbox 2109 3101 2126 3149; x_wconf 81' lang='lat'><strong><em>,&#39;</em></strong></span> <span class='ocrx_word' id='word_1_369' title='bbox 2155 3082 2198 3142; x_wconf 86' lang='lat' dir='ltr'><strong><em>C</em></strong></span> 
     </span>
    </p>
   </div>
   <div class='ocr_carea' id='block_1_51' title="bbox 631 3151 1917 3228">
    <p class='ocr_par' dir='ltr' id='par_1_51' title="bbox 631 3151 1917 3228">
     <span class='ocr_line' id='line_1_51' title="bbox 631 3151 1917 3228; baseline 0.006 -25"><span class='ocrx_word' id='word_1_370' title='bbox 631 3151 794 3228; x_wconf 56' lang='lat' dir='ltr'><strong><em>{laud</em></strong></span> <span class='ocrx_word' id='word_1_371' title='bbox 822 3171 968 3208; x_wconf 84' lang='lat' dir='ltr'><strong><em>secus</em></strong></span> <span class='ocrx_word' id='word_1_372' title='bbox 997 3156 1092 3228; x_wconf 75' lang='lat' dir='ltr'><strong><em>illa</em></strong></span> <span class='ocrx_word' id='word_1_373' title='bbox 1125 3158 1219 3208; x_wconf 86' lang='lat' dir='ltr'><strong><em>Dei</em></strong></span> <span class='ocrx_word' id='word_1_374' title='bbox 1250 3156 1343 3208; x_wconf 70' lang='lat' dir='ltr'><strong><em>lux</em></strong></span> <span class='ocrx_word' id='word_1_375' title='bbox 1369 3158 1656 3220; x_wconf 85' lang='lat' dir='ltr'><strong><em>inviolata,</em></strong></span> <span class='ocrx_word' id='word_1_376' title='bbox 1685 3158 1917 3228; x_wconf 82' lang='lat' dir='ltr'><strong><em>nihilque</em></strong></span> 
     </span>
    </p>
   </div>
   <div class='ocr_carea' id='block_1_52' title="bbox 632 3222 1783 3295">
    <p class='ocr_par' dir='ltr' id='par_1_52' title="bbox 632 3222 1783 3295">
     <span class='ocr_line' id='line_1_52' title="bbox 632 3222 1783 3295; baseline 0.007 -21"><span class='ocrx_word' id='word_1_377' title='bbox 632 3222 943 3277; x_wconf 84' lang='lat' dir='ltr'><strong><em>Decrescens</em></strong></span> <span class='ocrx_word' id='word_1_378' title='bbox 975 3224 1108 3280; x_wconf 90' lang='lat' dir='ltr'><strong><em>alios</em></strong></span> <span class='ocrx_word' id='word_1_379' title='bbox 1138 3229 1366 3295; x_wconf 82' lang='lat' dir='ltr'><strong><em>impertit</em></strong></span> <span class='ocrx_word' id='word_1_380' title='bbox 1399 3229 1591 3281; x_wconf 85' lang='lat' dir='ltr'><strong><em>lumine</em></strong></span> <span class='ocrx_word' id='word_1_381' title='bbox 1618 3229 1783 3282; x_wconf 76' lang='lat' dir='ltr'><strong><em>diuos.</em></strong></span> 
     </span>
    </p>
   </div>
   <div class='ocr_carea' id='block_1_53' title="bbox 558 3312 2136 3390">
    <p class='ocr_par' dir='ltr' id='par_1_53' title="bbox 558 3312 2136 3390">
     <span class='ocr_line' id='line_1_53' title="bbox 558 3312 2136 3390; baseline 0.005 -24"><span class='ocrx_word' id='word_1_382' title='bbox 558 3312 912 3383; x_wconf 68' lang='lat' dir='ltr'><strong><em>Palingenius</em></strong></span> <span class='ocrx_word' id='word_1_383' title='bbox 939 3315 1121 3387; x_wconf 87' lang='lat' dir='ltr'><strong><em>itaque</em></strong></span> <span class='ocrx_word' id='word_1_384' title='bbox 1151 3321 1618 3388; x_wconf 81' lang='lat' dir='ltr'><strong><em>oppugnatoribus</em></strong></span> <span class='ocrx_word' id='word_1_385' title='bbox 1646 3319 1809 3390; x_wconf 86' lang='lat' dir='ltr'><strong><em>hujus</em></strong></span> <span class='ocrx_word' id='word_1_386' title='bbox 1845 3319 2136 3375; x_wconf 72' lang='lat' dir='ltr'><strong><em>sententia:-</em></strong></span> 
     </span>
    </p>
   </div>
   <div class='ocr_carea' id='block_1_54' title="bbox 559 3407 2128 3478">
    <p class='ocr_par' dir='ltr' id='par_1_54' title="bbox 559 3407 2128 3478">
     <span class='ocr_line' id='line_1_54' title="bbox 559 3407 2128 3478; baseline 0.004 -18"><span class='ocrx_word' id='word_1_387' title='bbox 559 3407 634 3460; x_wconf 84' lang='lat' dir='ltr'><strong><em>ita</em></strong></span> <span class='ocrx_word' id='word_1_388' title='bbox 663 3408 1014 3478; x_wconf 86' lang='lat' dir='ltr'><strong><em>responderet</em></strong></span> <span class='ocrx_word' id='word_1_389' title='bbox 1046 3429 1058 3464; x_wconf 91' lang='lat'><strong>:</strong></span> <span class='ocrx_word' id='word_1_390' title='bbox 1086 3408 1285 3466; x_wconf 90' lang='lat' dir='ltr'><strong><em>Lucem</em></strong></span> <span class='ocrx_word' id='word_1_391' title='bbox 1320 3412 1468 3465; x_wconf 86' lang='lat' dir='ltr'><strong><em>illam</em></strong></span> <span class='ocrx_word' id='word_1_392' title='bbox 1501 3413 1572 3466; x_wconf 81' lang='lat' dir='ltr'><strong><em>ita</em></strong></span> <span class='ocrx_word' id='word_1_393' title='bbox 1599 3421 1836 3467; x_wconf 85' lang='lat' dir='ltr'><strong><em>creatam</em></strong></span> <span class='ocrx_word' id='word_1_394' title='bbox 1873 3414 1993 3469; x_wconf 91' lang='lat' dir='ltr'><strong><em>sine</em></strong></span> <span class='ocrx_word' id='word_1_395' title='bbox 2020 3413 2128 3467; x_wconf 92' lang='lat' dir='ltr'><strong><em>ulla</em></strong></span> 
     </span>
    </p>
   </div>
   <div class='ocr_carea' id='block_1_55' title="bbox 559 3503 2128 3574">
    <p class='ocr_par' dir='ltr' id='par_1_55' title="bbox 559 3503 2128 3574">
     <span class='ocr_line' id='line_1_55' title="bbox 559 3503 2128 3574; baseline 0.004 -20"><span class='ocrx_word' id='word_1_396' title='bbox 559 3503 785 3556; x_wconf 85' lang='lat' dir='ltr'><strong><em>materia</em></strong></span> <span class='ocrx_word' id='word_1_397' title='bbox 819 3504 1063 3571; x_wconf 87' lang='lat' dir='ltr'><strong><em>potuisse</em></strong></span> <span class='ocrx_word' id='word_1_398' title='bbox 1085 3520 1180 3574; x_wconf 87' lang='lat' dir='ltr'><strong><em>per</em></strong></span> <span class='ocrx_word' id='word_1_399' title='bbox 1214 3521 1273 3559; x_wconf 89' lang='lat' dir='ltr'><strong><em>se</em></strong></span> <span class='ocrx_word' id='word_1_400' title='bbox 1297 3506 1599 3561; x_wconf 85' lang='lat' dir='ltr'><strong><em>subsistere</em></strong></span> <span class='ocrx_word' id='word_1_401' title='bbox 1633 3508 1751 3562; x_wconf 85' lang='lat' dir='ltr'><strong><em>sine</em></strong></span> <span class='ocrx_word' id='word_1_402' title='bbox 1781 3523 1926 3572; x_wconf 84' lang='lat' dir='ltr'><strong><em>aere,</em></strong></span> <span class='ocrx_word' id='word_1_403' title='bbox 1965 3507 2017 3559; x_wconf 93' lang='lat' dir='ltr'><strong><em>in</em></strong></span> <span class='ocrx_word' id='word_1_404' title='bbox 2043 3521 2128 3561; x_wconf 89' lang='lat' dir='ltr'><strong><em>se-</em></strong></span> 
     </span>
    </p>
   </div>
   <div class='ocr_carea' id='block_1_56' title="bbox 560 3591 2127 3668">
    <p class='ocr_par' dir='ltr' id='par_1_56' title="bbox 560 3591 2127 3668">
     <span class='ocr_line' id='line_1_56' title="bbox 560 3591 2127 3668; baseline 0.006 -26"><span class='ocrx_word' id='word_1_405' title='bbox 560 3591 790 3660; x_wconf 85' lang='lat' dir='ltr'><strong><em>metipsa</em></strong></span> <span class='ocrx_word' id='word_1_406' title='bbox 824 3594 989 3647; x_wconf 87' lang='lat' dir='ltr'><strong><em>veluti</em></strong></span> <span class='ocrx_word' id='word_1_407' title='bbox 1015 3594 1067 3647; x_wconf 91' lang='lat' dir='ltr'><strong><em>in</em></strong></span> <span class='ocrx_word' id='word_1_408' title='bbox 1107 3597 1324 3664; x_wconf 84' lang='lat' dir='ltr'><strong><em>prapria</em></strong></span> <span class='ocrx_word' id='word_1_409' title='bbox 1360 3596 1556 3659; x_wconf 88' lang='lat' dir='ltr'><strong><em>forma,</em></strong></span> <span class='ocrx_word' id='word_1_410' title='bbox 1588 3614 1709 3668; x_wconf 68' lang='lat' dir='ltr'><strong><em>qua:</em></strong></span> <span class='ocrx_word' id='word_1_411' title='bbox 1737 3607 1853 3652; x_wconf 90' lang='lat' dir='ltr'><strong><em>erat</em></strong></span> <span class='ocrx_word' id='word_1_412' title='bbox 1883 3598 1951 3651; x_wconf 87' lang='lat' dir='ltr'><strong><em>ab</em></strong></span> <span class='ocrx_word' id='word_1_413' title='bbox 1979 3599 2127 3651; x_wconf 90' lang='lat' dir='ltr'><strong><em>omni</em></strong></span> 
     </span>
    </p>
   </div>
   <div class='ocr_carea' id='block_1_57' title="bbox 557 3689 2123 3770">
    <p class='ocr_par' dir='ltr' id='par_1_57' title="bbox 557 3689 2123 3770">
     <span class='ocr_line' id='line_1_57' title="bbox 557 3689 2123 3770; baseline 0.004 -33"><span class='ocrx_word' id='word_1_414' title='bbox 557 3692 870 3770; x_wconf 60' lang='lat' dir='ltr'><strong><em>corporeet</em></strong></span> <span class='ocrx_word' id='word_1_415' title='bbox 911 3689 1138 3742; x_wconf 86' lang='lat' dir='ltr'><strong><em>materia</em></strong></span> <span class='ocrx_word' id='word_1_416' title='bbox 1183 3700 1456 3760; x_wconf 85' lang='lat' dir='ltr'><strong><em>separata,</em></strong></span> <span class='ocrx_word' id='word_1_417' title='bbox 1487 3699 1540 3746; x_wconf 90' lang='lat' dir='ltr'><strong><em>et</em></strong></span> <span class='ocrx_word' id='word_1_418' title='bbox 1565 3691 1647 3745; x_wconf 91' lang='lat' dir='ltr'><strong><em>sic</em></strong></span> <span class='ocrx_word' id='word_1_419' title='bbox 1693 3691 1900 3744; x_wconf 91' lang='lat' dir='ltr'><strong><em>nullum</em></strong></span> <span class='ocrx_word' id='word_1_420' title='bbox 1927 3706 2123 3744; x_wconf 87' lang='lat' dir='ltr'><strong><em>novum</em></strong></span> 
     </span>
    </p>
   </div>
   <div class='ocr_carea' id='block_1_58' title="bbox 559 3776 2128 3853">
    <p class='ocr_par' dir='ltr' id='par_1_58' title="bbox 559 3776 2128 3853">
     <span class='ocr_line' id='line_1_58' title="bbox 559 3776 2128 3853; baseline 0.004 -24"><span class='ocrx_word' id='word_1_421' title='bbox 559 3776 836 3832; x_wconf 76' lang='lat' dir='ltr'><strong><em>inducitur</em></strong></span> <span class='ocrx_word' id='word_1_422' title='bbox 866 3779 1213 3848; x_wconf 89' lang='lat' dir='ltr'><strong><em>miraculum;</em></strong></span> <span class='ocrx_word' id='word_1_423' title='bbox 1238 3783 1327 3835; x_wconf 85' lang='lat' dir='ltr'><strong><em>illa</em></strong></span> <span class='ocrx_word' id='word_1_424' title='bbox 1355 3791 1542 3853; x_wconf 87' lang='lat' dir='ltr'><strong><em>postea</em></strong></span> <span class='ocrx_word' id='word_1_425' title='bbox 1585 3783 1674 3836; x_wconf 83' lang='lat' dir='ltr'><strong><em>lux</em></strong></span> <span class='ocrx_word' id='word_1_426' title='bbox 1699 3791 1894 3852; x_wconf 83' lang='lat' dir='ltr'><strong><em>quarto</em></strong></span> <span class='ocrx_word' id='word_1_427' title='bbox 1917 3783 2004 3836; x_wconf 91' lang='lat' dir='ltr'><strong><em>die</em></strong></span> <span class='ocrx_word' id='word_1_428' title='bbox 2027 3784 2128 3836; x_wconf 87' lang='lat' dir='ltr'><strong><em>fuit</em></strong></span> 
     </span>
    </p>
   </div>
   <div class='ocr_carea' id='block_1_59' title="bbox 557 3871 2124 3946">
    <p class='ocr_par' dir='ltr' id='par_1_59' title="bbox 557 3871 2124 3946">
     <span class='ocr_line' id='line_1_59' title="bbox 557 3871 2124 3946; baseline 0.004 -22"><span class='ocrx_word' id='word_1_429' title='bbox 557 3871 658 3925; x_wconf 85' lang='lat' dir='ltr'><strong><em>soli</em></strong></span> <span class='ocrx_word' id='word_1_430' title='bbox 690 3873 1116 3934; x_wconf 81' lang='lat' dir='ltr'><strong><em>communicata,</em></strong></span> <span class='ocrx_word' id='word_1_431' title='bbox 1162 3891 1270 3929; x_wconf 90' lang='lat' dir='ltr'><strong><em>non</em></strong></span> <span class='ocrx_word' id='word_1_432' title='bbox 1298 3893 1392 3946; x_wconf 89' lang='lat' dir='ltr'><strong><em>per</em></strong></span> <span class='ocrx_word' id='word_1_433' title='bbox 1412 3877 1766 3930; x_wconf 88' lang='lat' dir='ltr'><strong><em>mutationem</em></strong></span> <span class='ocrx_word' id='word_1_434' title='bbox 1785 3876 2124 3931; x_wconf 57' lang='lat' dir='ltr'><strong><em>substantia.-</em></strong></span> 
     </span>
    </p>
   </div>
   <div class='ocr_carea' id='block_1_60' title="bbox 553 3961 2123 4039">
    <p class='ocr_par' dir='ltr' id='par_1_60' title="bbox 553 3961 2123 4039">
     <span class='ocr_line' id='line_1_60' title="bbox 553 3961 2123 4039; baseline 0.006 -24"><span class='ocrx_word' id='word_1_435' title='bbox 553 3961 683 4029; x_wconf 88' lang='lat' dir='ltr'><strong><em>lem,</em></strong></span> <span class='ocrx_word' id='word_1_436' title='bbox 714 3964 806 4018; x_wconf 83' lang='lat' dir='ltr'><strong><em>sed</em></strong></span> <span class='ocrx_word' id='word_1_437' title='bbox 839 3981 934 4035; x_wconf 77' lang='lat' dir='ltr'><strong><em>per</em></strong></span> <span class='ocrx_word' id='word_1_438' title='bbox 956 3966 1227 4022; x_wconf 76' lang='lat' dir='ltr'><strong><em>diversam</em></strong></span> <span class='ocrx_word' id='word_1_439' title='bbox 1273 3969 1719 4038; x_wconf 86' lang='lat' dir='ltr'><strong><em>applicationem,</em></strong></span> <span class='ocrx_word' id='word_1_440' title='bbox 1765 3968 2123 4039; x_wconf 83' lang='lat' dir='ltr'><strong><em>quemadmo-</em></strong></span> 
     </span>
    </p>
   </div>
   <div class='ocr_carea' id='block_1_61' title="bbox 549 4053 2124 4132">
    <p class='ocr_par' dir='ltr' id='par_1_61' title="bbox 549 4053 2124 4132">
     <span class='ocr_line' id='line_1_61' title="bbox 549 4053 2124 4132; baseline 0.004 -24"><span class='ocrx_word' id='word_1_441' title='bbox 549 4053 682 4108; x_wconf 88' lang='lat' dir='ltr'><strong><em>dum</em></strong></span> <span class='ocrx_word' id='word_1_442' title='bbox 737 4055 915 4111; x_wconf 88' lang='lat' dir='ltr'><strong><em>lumen</em></strong></span> <span class='ocrx_word' id='word_1_443' title='bbox 967 4057 1211 4114; x_wconf 75' lang='lat' dir='ltr'><strong><em>divinum</em></strong></span> <span class='ocrx_word' id='word_1_444' title='bbox 1266 4063 1706 4117; x_wconf 85' lang='lat' dir='ltr'><strong><em>communicatur</em></strong></span> <span class='ocrx_word' id='word_1_445' title='bbox 1763 4062 1962 4125; x_wconf 88' lang='lat' dir='ltr'><strong><em>beatis,</em></strong></span> <span class='ocrx_word' id='word_1_446' title='bbox 2016 4077 2124 4132; x_wconf 86' lang='lat' dir='ltr'><strong><em>qua</em></strong></span> 
     </span>
    </p>
   </div>
   <div class='ocr_carea' id='block_1_62' title="bbox 549 4151 2125 4218">
    <p class='ocr_par' dir='ltr' id='par_1_62' title="bbox 549 4151 2125 4218">
     <span class='ocr_line' id='line_1_62' title="bbox 549 4151 2125 4218; baseline 0.001 -14"><span class='ocrx_word' id='word_1_447' title='bbox 549 4151 1050 4208; x_wconf 79' lang='lat' dir='ltr'><strong><em>communicatione</em></strong></span> <span class='ocrx_word' id='word_1_448' title='bbox 1086 4153 1221 4207; x_wconf 89' lang='lat' dir='ltr'><strong><em>tiunt</em></strong></span> <span class='ocrx_word' id='word_1_449' title='bbox 1264 4154 1544 4218; x_wconf 91' lang='lat' dir='ltr'><strong><em>luminosi,</em></strong></span> <span class='ocrx_word' id='word_1_450' title='bbox 1581 4154 1741 4210; x_wconf 89' lang='lat' dir='ltr'><strong><em>sicuti</em></strong></span> <span class='ocrx_word' id='word_1_451' title='bbox 1780 4155 1962 4209; x_wconf 66' lang='lat' dir='ltr'><strong><em>multa:</em></strong></span> <span class='ocrx_word' id='word_1_452' title='bbox 1992 4169 2125 4206; x_wconf 87' lang='lat' dir='ltr'><strong><em>can-</em></strong></span> 
     </span>
    </p>
   </div>
   <div class='ocr_carea' id='block_1_63' title="bbox 546 4234 2138 4319">
    <p class='ocr_par' dir='ltr' id='par_1_63' title="bbox 546 4241 2123 4319">
     <span class='ocr_line' id='line_1_63' title="bbox 546 4241 2123 4319; baseline 0.006 -25"><span class='ocrx_word' id='word_1_453' title='bbox 546 4241 684 4297; x_wconf 66' lang='lat' dir='ltr'><strong><em>delte</em></strong></span> <span class='ocrx_word' id='word_1_454' title='bbox 715 4257 958 4298; x_wconf 83' lang='lat' dir='ltr'><strong><em>accensae</em></strong></span> <span class='ocrx_word' id='word_1_455' title='bbox 984 4261 1012 4298; x_wconf 88' lang='lat' dir='ltr'><strong><em>a</em></strong></span> <span class='ocrx_word' id='word_1_456' title='bbox 1037 4246 1208 4315; x_wconf 87' lang='lat' dir='ltr'><strong><em>prima</em></strong></span> <span class='ocrx_word' id='word_1_457' title='bbox 1239 4245 1484 4302; x_wconf 86' lang='lat' dir='ltr'><strong><em>candela.</em></strong></span> <span class='ocrx_word' id='word_1_458' title='bbox 1521 4247 1624 4302; x_wconf 85' lang='lat' dir='ltr'><strong><em>Sed</em></strong></span> <span class='ocrx_word' id='word_1_459' title='bbox 1649 4248 1715 4303; x_wconf 91' lang='lat' dir='ltr'><strong><em>de</em></strong></span> <span class='ocrx_word' id='word_1_460' title='bbox 1739 4249 1840 4301; x_wconf 87' lang='lat' dir='ltr'><strong><em>hac</em></strong></span> <span class='ocrx_word' id='word_1_461' title='bbox 1872 4247 2123 4319; x_wconf 77' lang='lat' dir='ltr'><strong><em>Palinge-</em></strong></span> 
     </span>
    </p>
   </div>
   <div class='ocr_carea' id='block_1_64' title="bbox 2236 4234 3732 4319">
    <p class='ocr_par' dir='ltr' id='par_1_64' title="bbox 2236 4234 3732 4311">
     <span class='ocr_line' id='line_1_64' title="bbox 2236 4234 3732 4311; baseline -0.007 -17"><span class='ocrx_word' id='word_1_462' title='bbox 2236 4241 2363 4306; x_wconf 75' lang='lat' dir='ltr'><strong><em>lieri,</em></strong></span> <span class='ocrx_word' id='word_1_463' title='bbox 2401 4249 2564 4311; x_wconf 90' lang='lat' dir='ltr'><strong><em>prout</em></strong></span> <span class='ocrx_word' id='word_1_464' title='bbox 2594 4241 2770 4310; x_wconf 80' lang='lat' dir='ltr'><strong><em>magis</em></strong></span> <span class='ocrx_word' id='word_1_465' title='bbox 2814 4241 3064 4296; x_wconf 76' lang='lat' dir='ltr'><strong><em>minusve</em></strong></span> <span class='ocrx_word' id='word_1_466' title='bbox 3092 4255 3122 4293; x_wconf 91' lang='lat' dir='ltr'><strong><em>a</em></strong></span> <span class='ocrx_word' id='word_1_467' title='bbox 3151 4242 3271 4295; x_wconf 89' lang='lat' dir='ltr'><strong><em>sole</em></strong></span> <span class='ocrx_word' id='word_1_468' title='bbox 3306 4240 3594 4308; x_wconf 85' lang='lat' dir='ltr'><strong><em>corripitur.</em></strong></span> <span class='ocrx_word' id='word_1_469' title='bbox 3622 4234 3732 4288; x_wconf 83' lang='lat' dir='ltr'><strong><em>Can-</em></strong></span> 
     </span>
    </p>
   </div>
   <div class='ocr_carea' id='block_1_65' title="bbox 548 4327 2138 4411">
    <p class='ocr_par' dir='ltr' id='par_1_65' title="bbox 548 4335 2120 4411">
     <span class='ocr_line' id='line_1_65' title="bbox 548 4335 2120 4411; baseline 0.005 -22"><span class='ocrx_word' id='word_1_470' title='bbox 548 4335 629 4389; x_wconf 86' lang='lat' dir='ltr'><strong><em>nii</em></strong></span> <span class='ocrx_word' id='word_1_471' title='bbox 670 4339 941 4391; x_wconf 89' lang='lat' dir='ltr'><strong><em>sententia</em></strong></span> <span class='ocrx_word' id='word_1_472' title='bbox 987 4339 1220 4393; x_wconf 88' lang='lat' dir='ltr'><strong><em>aliorum</em></strong></span> <span class='ocrx_word' id='word_1_473' title='bbox 1249 4348 1368 4395; x_wconf 89' lang='lat' dir='ltr'><strong><em>esto</em></strong></span> <span class='ocrx_word' id='word_1_474' title='bbox 1395 4341 1698 4410; x_wconf 85' lang='lat' dir='ltr'><strong><em>judicium;</em></strong></span> <span class='ocrx_word' id='word_1_475' title='bbox 1722 4341 1968 4411; x_wconf 84' lang='lat' dir='ltr'><strong><em>quaedam</em></strong></span> <span class='ocrx_word' id='word_1_476' title='bbox 1997 4357 2120 4397; x_wconf 89' lang='lat' dir='ltr'><strong><em>esse</em></strong></span> 
     </span>
    </p>
   </div>
   <div class='ocr_carea' id='block_1_66' title="bbox 2236 4327 3730 4411">
    <p class='ocr_par' dir='ltr' id='par_1_66' title="bbox 2236 4327 3730 4399">
     <span class='ocr_line' id='line_1_66' title="bbox 2236 4327 3730 4399; baseline -0.007 -13"><span class='ocrx_word' id='word_1_477' title='bbox 2236 4348 2315 4388; x_wconf 75' lang='lat' dir='ltr'><strong><em>sas</em></strong></span> <span class='ocrx_word' id='word_1_478' title='bbox 2339 4331 2678 4386; x_wconf 84' lang='lat' dir='ltr'><strong><em>diversitatis</em></strong></span> <span class='ocrx_word' id='word_1_479' title='bbox 2713 4331 3164 4399; x_wconf 88' lang='lat' dir='ltr'><strong><em>apparentiarum</em></strong></span> <span class='ocrx_word' id='word_1_480' title='bbox 3214 4331 3270 4384; x_wconf 90' lang='lat' dir='ltr'><strong><em>in</em></strong></span> <span class='ocrx_word' id='word_1_481' title='bbox 3308 4331 3432 4384; x_wconf 87' lang='lat' dir='ltr'><strong><em>luna</em></strong></span> <span class='ocrx_word' id='word_1_482' title='bbox 3462 4327 3636 4398; x_wconf 83' lang='lat' dir='ltr'><strong><em>Optime</em></strong></span> <span class='ocrx_word' id='word_1_483' title='bbox 3661 4337 3730 4376; x_wconf 82' lang='lat' dir='ltr'><strong><em>ex-</em></strong></span> 
     </span>
    </p>
   </div>
   <div class='ocr_carea' id='block_1_67' title="bbox 547 4413 2138 4512">
    <p class='ocr_par' dir='ltr' id='par_1_67' title="bbox 547 4431 2122 4504">
     <span class='ocr_line' id='line_1_67' title="bbox 547 4431 2122 4504; baseline 0.006 -22"><span class='ocrx_word' id='word_1_484' title='bbox 547 4445 670 4498; x_wconf 76' lang='lat' dir='ltr'><strong><em>qute</em></strong></span> <span class='ocrx_word' id='word_1_485' title='bbox 720 4437 774 4484; x_wconf 87' lang='lat' dir='ltr'><strong><em>et</em></strong></span> <span class='ocrx_word' id='word_1_486' title='bbox 826 4439 987 4485; x_wconf 84' lang='lat' dir='ltr'><strong><em>caute</em></strong></span> <span class='ocrx_word' id='word_1_487' title='bbox 1027 4431 1151 4502; x_wconf 84' lang='lat' dir='ltr'><strong><em>legi,</em></strong></span> <span class='ocrx_word' id='word_1_488' title='bbox 1183 4441 1236 4486; x_wconf 87' lang='lat' dir='ltr'><strong><em>et</em></strong></span> <span class='ocrx_word' id='word_1_489' title='bbox 1269 4433 1564 4504; x_wconf 85' lang='lat' dir='ltr'><strong><em>prudenter</em></strong></span> <span class='ocrx_word' id='word_1_490' title='bbox 1600 4435 1864 4504; x_wconf 82' lang='lat' dir='ltr'><strong><em>explicari</em></strong></span> <span class='ocrx_word' id='word_1_491' title='bbox 1923 4435 2122 4492; x_wconf 85' lang='lat' dir='ltr'><strong><em>debere</em></strong></span> 
     </span>
    </p>
   </div>
   <div class='ocr_carea' id='block_1_68' title="bbox 2236 4413 3730 4512">
    <p class='ocr_par' dir='ltr' id='par_1_68' title="bbox 2236 4413 3730 4494">
     <span class='ocr_line' id='line_1_68' title="bbox 2236 4413 3730 4494; baseline -0.01 -15"><span class='ocrx_word' id='word_1_492' title='bbox 2236 4426 2378 4494; x_wconf 78' lang='lat' dir='ltr'><strong><em>ponit</em></strong></span> <span class='ocrx_word' id='word_1_493' title='bbox 2404 4423 2642 4479; x_wconf 83' lang='lat' dir='ltr'><strong><em>Jacobus</em></strong></span> <span class='ocrx_word' id='word_1_494' title='bbox 2671 4422 2969 4487; x_wconf 82' lang='lat' dir='ltr'><strong><em>Milichius,</em></strong></span> <span class='ocrx_word' id='word_1_495' title='bbox 2997 4433 3301 4478; x_wconf 88' lang='lat' dir='ltr'><strong><em>comment.</em></strong></span> <span class='ocrx_word' id='word_1_496' title='bbox 3339 4424 3391 4478; x_wconf 92' lang='lat' dir='ltr'><strong><em>in</em></strong></span> <span class='ocrx_word' id='word_1_497' title='bbox 3421 4423 3581 4476; x_wconf 88' lang='lat' dir='ltr'><strong><em>locum</em></strong></span> <span class='ocrx_word' id='word_1_498' title='bbox 3612 4413 3730 4470; x_wconf 83' lang='lat' dir='ltr'><strong><em>Plinii</em></strong></span> 
     </span>
    </p>
   </div>
   <div class='ocr_carea' id='block_1_69' title="bbox 547 4511 2138 4596">
    <p class='ocr_par' dir='ltr' id='par_1_69' title="bbox 547 4521 2117 4596">
     <span class='ocr_line' id='line_1_69' title="bbox 547 4521 2117 4596; baseline 0.006 -23"><span class='ocrx_word' id='word_1_499' title='bbox 547 4536 767 4578; x_wconf 86' lang='lat' dir='ltr'><strong><em>censeo.</em></strong></span> <span class='ocrx_word' id='word_1_500' title='bbox 797 4521 995 4577; x_wconf 83' lang='lat' dir='ltr'><strong><em>Verum</em></strong></span> <span class='ocrx_word' id='word_1_501' title='bbox 1030 4524 1161 4578; x_wconf 88' lang='lat' dir='ltr'><strong><em>mihi</em></strong></span> <span class='ocrx_word' id='word_1_502' title='bbox 1188 4540 1402 4595; x_wconf 91' lang='lat' dir='ltr'><strong><em>semper</em></strong></span> <span class='ocrx_word' id='word_1_503' title='bbox 1421 4527 1474 4579; x_wconf 92' lang='lat' dir='ltr'><strong><em>in</em></strong></span> <span class='ocrx_word' id='word_1_504' title='bbox 1505 4525 1591 4581; x_wconf 91' lang='lat' dir='ltr'><strong><em>bis</em></strong></span> <span class='ocrx_word' id='word_1_505' title='bbox 1623 4527 1806 4592; x_wconf 85' lang='lat' dir='ltr'><strong><em>rebus,</em></strong></span> <span class='ocrx_word' id='word_1_506' title='bbox 1838 4527 1891 4582; x_wconf 90' lang='lat' dir='ltr'><strong><em>in</em></strong></span> <span class='ocrx_word' id='word_1_507' title='bbox 1919 4528 2117 4596; x_wconf 89' lang='lat' dir='ltr'><strong><em>quibus</em></strong></span> 
     </span>
    </p>
   </div>
   <div class='ocr_carea' id='block_1_70' title="bbox 2236 4511 3730 4596">
    <p class='ocr_par' dir='ltr' id='par_1_70' title="bbox 2236 4511 3730 4585">
     <span class='ocr_line' id='line_1_70' title="bbox 2236 4511 3730 4585; baseline -0.005 -17"><span class='ocrx_word' id='word_1_508' title='bbox 2236 4532 2249 4568; x_wconf 85' lang='lat' dir='ltr'><strong>I</strong></span> <span class='ocrx_word' id='word_1_509' title='bbox 2297 4515 2455 4569; x_wconf 89' lang='lat' dir='ltr'><strong><em>nobis</em></strong></span> <span class='ocrx_word' id='word_1_510' title='bbox 2493 4530 2658 4585; x_wconf 88' lang='lat' dir='ltr'><strong><em>supra</em></strong></span> <span class='ocrx_word' id='word_1_511' title='bbox 2699 4515 2962 4584; x_wconf 88' lang='lat' dir='ltr'><strong><em>positum.</em></strong></span> <span class='ocrx_word' id='word_1_512' title='bbox 2998 4512 3202 4567; x_wconf 79' lang='lat' dir='ltr'><strong><em>Verum</em></strong></span> <span class='ocrx_word' id='word_1_513' title='bbox 3242 4530 3429 4569; x_wconf 89' lang='lat' dir='ltr'><strong><em>eorum</em></strong></span> <span class='ocrx_word' id='word_1_514' title='bbox 3465 4511 3730 4582; x_wconf 79' lang='lat' dir='ltr'><strong><em>opinio,qlli</em></strong></span> 
     </span>
    </p>
   </div>
   <div class='ocr_carea' id='block_1_71' title="bbox 548 4597 2138 4688">
    <p class='ocr_par' dir='ltr' id='par_1_71' title="bbox 548 4615 2116 4688">
     <span class='ocr_line' id='line_1_71' title="bbox 548 4615 2116 4688; baseline 0.003 -20"><span class='ocrx_word' id='word_1_515' title='bbox 548 4623 757 4668; x_wconf 59' lang='lat' dir='ltr'><strong><em>naturte</em></strong></span> <span class='ocrx_word' id='word_1_516' title='bbox 784 4615 867 4670; x_wconf 76' lang='lat' dir='ltr'><strong><em>vis</em></strong></span> <span class='ocrx_word' id='word_1_517' title='bbox 924 4623 977 4670; x_wconf 87' lang='lat' dir='ltr'><strong><em>et</em></strong></span> <span class='ocrx_word' id='word_1_518' title='bbox 1012 4616 1265 4680; x_wconf 88' lang='lat' dir='ltr'><strong><em>facultas,</em></strong></span> <span class='ocrx_word' id='word_1_519' title='bbox 1291 4633 1473 4671; x_wconf 89' lang='lat' dir='ltr'><strong><em>rerum</em></strong></span> <span class='ocrx_word' id='word_1_520' title='bbox 1506 4617 1823 4673; x_wconf 82' lang='lat' dir='ltr'><strong><em>dillicultate</em></strong></span> <span class='ocrx_word' id='word_1_521' title='bbox 1855 4634 2116 4688; x_wconf 86' lang='lat' dir='ltr'><strong><em>oppressa</em></strong></span> 
     </span>
    </p>
   </div>
   <div class='ocr_carea' id='block_1_72' title="bbox 2236 4597 3730 4688">
    <p class='ocr_par' dir='ltr' id='par_1_72' title="bbox 2236 4597 3730 4676">
     <span class='ocr_line' id='line_1_72' title="bbox 2236 4597 3730 4676; baseline -0.004 -17"><span class='ocrx_word' id='word_1_522' title='bbox 2236 4622 2404 4660; x_wconf 87' lang='lat' dir='ltr'><strong><em>unam</em></strong></span> <span class='ocrx_word' id='word_1_523' title='bbox 2436 4615 2488 4662; x_wconf 91' lang='lat' dir='ltr'><strong><em>et</em></strong></span> <span class='ocrx_word' id='word_1_524' title='bbox 2513 4606 2794 4676; x_wconf 75' lang='lat' dir='ltr'><strong><em>proprium</em></strong></span> <span class='ocrx_word' id='word_1_525' title='bbox 2835 4606 3016 4660; x_wconf 90' lang='lat' dir='ltr'><strong><em>lumen</em></strong></span> <span class='ocrx_word' id='word_1_526' title='bbox 3063 4605 3288 4670; x_wconf 81' lang='lat' dir='ltr'><strong><em>habere,</em></strong></span> <span class='ocrx_word' id='word_1_527' title='bbox 3321 4608 3544 4674; x_wconf 87' lang='lat' dir='ltr'><strong><em>itemque</em></strong></span> <span class='ocrx_word' id='word_1_528' title='bbox 3583 4616 3607 4653; x_wconf 89' lang='lat' dir='ltr'><strong><em>a</em></strong></span> <span class='ocrx_word' id='word_1_529' title='bbox 3646 4597 3730 4651; x_wconf 73' lang='lat' dir='ltr'><strong><em>sole</em></strong></span> 
     </span>
    </p>
   </div>
   <div class='ocr_carea' id='block_1_73' title="bbox 541 4694 3727 4781">
    <p class='ocr_par' dir='ltr' id='par_1_73' title="bbox 541 4694 3727 4781">
     <span class='ocr_line' id='line_1_73' title="bbox 541 4694 3727 4781; baseline -0.003 -18"><span class='ocrx_word' id='word_1_530' title='bbox 541 4710 848 4776; x_wconf 87' lang='lat' dir='ltr'><strong><em>decumbit,</em></strong></span> <span class='ocrx_word' id='word_1_531' title='bbox 879 4718 934 4766; x_wconf 86' lang='lat' dir='ltr'><strong><em>et</em></strong></span> <span class='ocrx_word' id='word_1_532' title='bbox 963 4711 1162 4764; x_wconf 91' lang='lat' dir='ltr'><strong><em>mentis</em></strong></span> <span class='ocrx_word' id='word_1_533' title='bbox 1192 4711 1445 4766; x_wconf 74' lang='lat' dir='ltr'><strong><em>humanze</em></strong></span> <span class='ocrx_word' id='word_1_534' title='bbox 1486 4712 1665 4776; x_wconf 90' lang='lat' dir='ltr'><strong><em>acies,</em></strong></span> <span class='ocrx_word' id='word_1_535' title='bbox 1706 4711 1960 4781; x_wconf 88' lang='lat' dir='ltr'><strong><em>oculique</em></strong></span> <span class='ocrx_word' id='word_1_536' title='bbox 1991 4713 2118 4766; x_wconf 83' lang='lat' dir='ltr'><strong><em>cali-</em></strong></span> <span class='ocrx_word' id='word_1_537' title='bbox 2220 4705 2483 4768; x_wconf 84' lang='lat' dir='ltr'><strong><em>mutuari,</em></strong></span> <span class='ocrx_word' id='word_1_538' title='bbox 2524 4719 2688 4774; x_wconf 78' lang='lat' dir='ltr'><strong><em>quam</em></strong></span> <span class='ocrx_word' id='word_1_539' title='bbox 2723 4703 2883 4757; x_wconf 86' lang='lat' dir='ltr'><strong><em>etiam</em></strong></span> <span class='ocrx_word' id='word_1_540' title='bbox 2937 4703 3187 4772; x_wconf 87' lang='lat' dir='ltr'><strong><em>sequitur</em></strong></span> <span class='ocrx_word' id='word_1_541' title='bbox 3232 4711 3422 4757; x_wconf 88' lang='lat' dir='ltr'><strong><em>noster</em></strong></span> <span class='ocrx_word' id='word_1_542' title='bbox 3451 4694 3727 4753; x_wconf 61' lang='lat' dir='ltr'><strong><em>Eustathius,</em></strong></span> 
     </span>
    </p>
   </div>
   <div class='ocr_carea' id='block_1_74' title="bbox 542 4795 3728 4873">
    <p class='ocr_par' dir='ltr' id='par_1_74' title="bbox 542 4795 3728 4873">
     <span class='ocr_line' id='line_1_74' title="bbox 542 4795 3728 4873; baseline 0 -19"><span class='ocrx_word' id='word_1_543' title='bbox 542 4810 694 4872; x_wconf 79' lang='lat' dir='ltr'><strong><em>gant,</em></strong></span> <span class='ocrx_word' id='word_1_544' title='bbox 724 4817 823 4856; x_wconf 92' lang='lat' dir='ltr'><strong><em>nec</em></strong></span> <span class='ocrx_word' id='word_1_545' title='bbox 865 4802 972 4855; x_wconf 90' lang='lat' dir='ltr'><strong><em>nisi</em></strong></span> <span class='ocrx_word' id='word_1_546' title='bbox 1032 4801 1212 4855; x_wconf 84' lang='lat' dir='ltr'><strong><em>aﬂlatu</em></strong></span> <span class='ocrx_word' id='word_1_547' title='bbox 1268 4801 1454 4857; x_wconf 86' lang='lat' dir='ltr'><strong><em>divino</em></strong></span> <span class='ocrx_word' id='word_1_548' title='bbox 1500 4803 1816 4857; x_wconf 83' lang='lat' dir='ltr'><strong><em>confirmari</em></strong></span> <span class='ocrx_word' id='word_1_549' title='bbox 1862 4812 2112 4873; x_wconf 89' lang='lat' dir='ltr'><strong><em>possunt,</em></strong></span> <span class='ocrx_word' id='word_1_550' title='bbox 2223 4798 2408 4854; x_wconf 81' lang='lat' dir='ltr'><strong><em>verior</em></strong></span> <span class='ocrx_word' id='word_1_551' title='bbox 2456 4805 2536 4852; x_wconf 86' lang='lat' dir='ltr'><strong><em>est</em></strong></span> <span class='ocrx_word' id='word_1_552' title='bbox 2575 4806 2626 4851; x_wconf 89' lang='lat' dir='ltr'><strong><em>et</em></strong></span> <span class='ocrx_word' id='word_1_553' title='bbox 2652 4797 3018 4866; x_wconf 85' lang='lat' dir='ltr'><strong><em>probabilior;</em></strong></span> <span class='ocrx_word' id='word_1_554' title='bbox 3057 4795 3219 4849; x_wconf 86' lang='lat' dir='ltr'><strong><em>habet</em></strong></span> <span class='ocrx_word' id='word_1_555' title='bbox 3255 4797 3400 4850; x_wconf 90' lang='lat' dir='ltr'><strong><em>enim</em></strong></span> <span class='ocrx_word' id='word_1_556' title='bbox 3452 4806 3590 4848; x_wconf 67' lang='lat' dir='ltr'><strong><em>suum</em></strong></span> <span class='ocrx_word' id='word_1_557' title='bbox 3634 4800 3728 4855; x_wconf 77' lang='grc' dir='ltr'><strong><em>ῐπθ·</em></strong></span> 
     </span>
    </p>
   </div>
   <div class='ocr_carea' id='block_1_75' title="bbox 544 4885 3723 4962">
    <p class='ocr_par' dir='ltr' id='par_1_75' title="bbox 544 4885 3723 4962">
     <span class='ocr_line' id='line_1_75' title="bbox 544 4885 3723 4962; baseline -0.004 -16"><span class='ocrx_word' id='word_1_558' title='bbox 544 4902 858 4946; x_wconf 85' lang='lat' dir='ltr'><strong><em>sanctorum</em></strong></span> <span class='ocrx_word' id='word_1_559' title='bbox 909 4890 1132 4945; x_wconf 87' lang='lat' dir='ltr'><strong><em>Patrum</em></strong></span> <span class='ocrx_word' id='word_1_560' title='bbox 1182 4894 1454 4948; x_wconf 87' lang='lat' dir='ltr'><strong><em>sententia</em></strong></span> <span class='ocrx_word' id='word_1_561' title='bbox 1489 4893 1705 4947; x_wconf 83' lang='lat' dir='ltr'><strong><em>videtur</em></strong></span> <span class='ocrx_word' id='word_1_562' title='bbox 1757 4893 2112 4962; x_wconf 86' lang='lat' dir='ltr'><strong><em>probabilior,</em></strong></span> <span class='ocrx_word' id='word_1_563' title='bbox 2218 4893 2395 4961; x_wconf 89' lang='lat' dir='ltr'><strong><em>prium</em></strong></span> <span class='ocrx_word' id='word_1_564' title='bbox 2464 4891 2760 4944; x_wconf 90' lang='lat' dir='ltr'><strong><em>obscurum</em></strong></span> <span class='ocrx_word' id='word_1_565' title='bbox 2821 4887 3227 4959; x_wconf 83' lang='lat' dir='ltr'><strong><em>quodammodo</em></strong></span> <span class='ocrx_word' id='word_1_566' title='bbox 3283 4904 3382 4942; x_wconf 85' lang='lat' dir='ltr'><strong><em>nec</em></strong></span> <span class='ocrx_word' id='word_1_567' title='bbox 3432 4885 3723 4940; x_wconf 85' lang='lat' dir='ltr'><strong><em>luminosum.</em></strong></span> 
     </span>
    </p>
   </div>
   <div class='ocr_carea' id='block_1_76' title="bbox 543 4975 3722 5058">
    <p class='ocr_par' dir='ltr' id='par_1_76' title="bbox 543 4975 3722 5058">
     <span class='ocr_line' id='line_1_76' title="bbox 543 4975 3722 5058; baseline -0.001 -21"><span class='ocrx_word' id='word_1_568' title='bbox 543 4985 873 5055; x_wconf 89' lang='lat' dir='ltr'><strong><em>minimeque</em></strong></span> <span class='ocrx_word' id='word_1_569' title='bbox 906 4985 1161 5040; x_wconf 90' lang='lat' dir='ltr'><strong><em>curiosus</em></strong></span> <span class='ocrx_word' id='word_1_570' title='bbox 1195 4985 1530 5040; x_wconf 77' lang='lat' dir='ltr'><strong><em>intellectum</em></strong></span> <span class='ocrx_word' id='word_1_571' title='bbox 1585 4987 1824 5058; x_wconf 85' lang='lat' dir='ltr'><strong><em>captivo,</em></strong></span> <span class='ocrx_word' id='word_1_572' title='bbox 1854 4986 1958 5042; x_wconf 91' lang='lat' dir='ltr'><strong><em>etsi</em></strong></span> <span class='ocrx_word' id='word_1_573' title='bbox 2004 5001 2110 5040; x_wconf 92' lang='lat' dir='ltr'><strong><em>non</em></strong></span> <span class='ocrx_word' id='word_1_574' title='bbox 2214 4984 2514 5038; x_wconf 85' lang='lat' dir='ltr'><strong><em>carbonum</em></strong></span> <span class='ocrx_word' id='word_1_575' title='bbox 2576 4983 2772 5048; x_wconf 89' lang='lat' dir='ltr'><strong><em>instar,</em></strong></span> <span class='ocrx_word' id='word_1_576' title='bbox 2833 4983 3028 5052; x_wconf 88' lang='lat' dir='ltr'><strong><em>recipit</em></strong></span> <span class='ocrx_word' id='word_1_577' title='bbox 3079 4997 3212 5036; x_wconf 78' lang='lat' dir='ltr'><strong><em>vero</em></strong></span> <span class='ocrx_word' id='word_1_578' title='bbox 3255 4983 3432 5038; x_wconf 86' lang='lat' dir='ltr'><strong><em>solare</em></strong></span> <span class='ocrx_word' id='word_1_579' title='bbox 3469 4975 3722 5047; x_wconf 44' lang='lat' dir='ltr'><strong><em>splendens</em></strong></span> 
     </span>
    </p>
   </div>
   <div class='ocr_carea' id='block_1_77' title="bbox 539 5061 3722 5150">
    <p class='ocr_par' dir='ltr' id='par_1_77' title="bbox 539 5061 3722 5150">
     <span class='ocr_line' id='line_1_77' title="bbox 539 5061 3722 5150; baseline -0.006 -19"><span class='ocrx_word' id='word_1_580' title='bbox 539 5077 729 5132; x_wconf 86' lang='lat' dir='ltr'><strong><em>eadem</em></strong></span> <span class='ocrx_word' id='word_1_581' title='bbox 762 5094 883 5148; x_wconf 67' lang='lat' dir='ltr'><strong><em>qure</em></strong></span> <span class='ocrx_word' id='word_1_582' title='bbox 906 5089 959 5132; x_wconf 90' lang='lat' dir='ltr'><strong><em>et</em></strong></span> <span class='ocrx_word' id='word_1_583' title='bbox 989 5096 1114 5150; x_wconf 82' lang='lat' dir='ltr'><strong><em>ego,</em></strong></span> <span class='ocrx_word' id='word_1_584' title='bbox 1145 5081 1441 5135; x_wconf 83' lang='lat' dir='ltr'><strong><em>sentientes</em></strong></span> <span class='ocrx_word' id='word_1_585' title='bbox 1466 5079 1750 5136; x_wconf 81' lang='lat' dir='ltr'><strong><em>invenero.</em></strong></span> <span class='ocrx_word' id='word_1_586' title='bbox 2214 5077 2422 5131; x_wconf 89' lang='lat' dir='ltr'><strong><em>clarum</em></strong></span> <span class='ocrx_word' id='word_1_587' title='bbox 2463 5090 2572 5146; x_wconf 82' lang='lat' dir='ltr'><strong><em>quo</em></strong></span> <span class='ocrx_word' id='word_1_588' title='bbox 2607 5090 2729 5130; x_wconf 90' lang='lat' dir='ltr'><strong><em>sese</em></strong></span> <span class='ocrx_word' id='word_1_589' title='bbox 2774 5076 3049 5138; x_wconf 84' lang='lat' dir='ltr'><strong><em>ostendat,</em></strong></span> <span class='ocrx_word' id='word_1_590' title='bbox 3079 5074 3317 5143; x_wconf 80' lang='lat' dir='ltr'><strong><em>aliisque</em></strong></span> <span class='ocrx_word' id='word_1_591' title='bbox 3372 5071 3436 5126; x_wconf 85' lang='lat' dir='ltr'><strong><em>ad</em></strong></span> <span class='ocrx_word' id='word_1_592' title='bbox 3488 5061 3722 5122; x_wconf 75' lang='lat' dir='ltr'><strong><em>ridendum</em></strong></span> 
     </span>
    </p>
   </div>
   <div class='ocr_carea' id='block_1_78' title="bbox 609 5155 3718 5241">
    <p class='ocr_par' dir='ltr' id='par_1_78' title="bbox 609 5155 3718 5241">
     <span class='ocr_line' id='line_1_78' title="bbox 609 5155 3718 5241; baseline -0.006 -18"><span class='ocrx_word' id='word_1_593' title='bbox 609 5171 870 5237; x_wconf 72' lang='lat'><strong><em>(301.717,</em></strong></span> <span class='ocrx_word' id='word_1_594' title='bbox 897 5173 1104 5228; x_wconf 68' lang='lat' dir='ltr'><strong><em>lin.25.</em></strong></span> <span class='ocrx_word' id='word_1_595' title='bbox 1137 5173 1244 5227; x_wconf 80' lang='lat' dir='ltr'><strong><em>Kal</em></strong></span> <span class='ocrx_word' id='word_1_596' title='bbox 1269 5175 1348 5240; x_wconf 88' lang='grc' dir='ltr'><strong><em>ὡς</em></strong></span> <span class='ocrx_word' id='word_1_597' title='bbox 1371 5173 1664 5241; x_wconf 81' lang='grc' dir='ltr'><strong><em>ἒτερόντι.</em></strong></span> <span class='ocrx_word' id='word_1_598' title='bbox 1689 5171 2107 5233; x_wconf 87' lang='lat' dir='ltr'><strong><em>Basilius,hom.</em></strong></span> <span class='ocrx_word' id='word_1_599' title='bbox 2211 5167 2671 5238; x_wconf 90' lang='lat' dir='ltr'><strong><em>quemadmodum</em></strong></span> <span class='ocrx_word' id='word_1_600' title='bbox 2731 5166 2971 5221; x_wconf 90' lang='lat' dir='ltr'><strong><em>interdiu</em></strong></span> <span class='ocrx_word' id='word_1_601' title='bbox 3022 5167 3104 5222; x_wconf 90' lang='lat' dir='ltr'><strong><em>sol</em></strong></span> <span class='ocrx_word' id='word_1_602' title='bbox 3160 5167 3308 5220; x_wconf 81' lang='lat' dir='ltr'><strong><em>viam</em></strong></span> <span class='ocrx_word' id='word_1_603' title='bbox 3362 5163 3544 5234; x_wconf 85' lang='lat' dir='ltr'><strong><em>aperit.</em></strong></span> <span class='ocrx_word' id='word_1_604' title='bbox 3593 5155 3718 5208; x_wconf 81' lang='lat' dir='ltr'><strong><em>Plura</em></strong></span> 
     </span>
    </p>
   </div>
   <div class='ocr_carea' id='block_1_79' title="bbox 535 5253 2138 5335">
    <p class='ocr_par' dir='ltr' id='par_1_79' title="bbox 535 5259 2109 5335">
     <span class='ocr_line' id='line_1_79' title="bbox 535 5259 2109 5335; baseline 0.003 -23"><span class='ocrx_word' id='word_1_605' title='bbox 535 5264 570 5311; x_wconf 79' lang='lat'><strong>6</strong></span> <span class='ocrx_word' id='word_1_606' title='bbox 599 5277 612 5312; x_wconf 86' lang='lat'><strong>:</strong></span> <span class='ocrx_word' id='word_1_607' title='bbox 642 5263 728 5326; x_wconf 82' lang='grc' dir='ltr'><strong><em>Ὠς</em></strong></span> <span class='ocrx_word' id='word_1_608' title='bbox 756 5259 848 5316; x_wconf 76' lang='grc' dir='ltr'><strong><em>οὖν</em></strong></span> <span class='ocrx_word' id='word_1_609' title='bbox 870 5263 1056 5335; x_wconf 72' lang='grc' dir='ltr'><strong><em>’ἕτερον</em></strong></span> <span class='ocrx_word' id='word_1_610' title='bbox 1082 5264 1180 5333; x_wconf 80' lang='grc' dir='ltr'><strong><em>μέν</em></strong></span> <span class='ocrx_word' id='word_1_611' title='bbox 1203 5283 1253 5317; x_wconf 89' lang='grc' dir='ltr'><strong>τι</strong></span> <span class='ocrx_word' id='word_1_612' title='bbox 1281 5268 1344 5334; x_wconf 83' lang='grc' dir='ltr'><strong><em>τῇ</em></strong></span> <span class='ocrx_word' id='word_1_613' title='bbox 1378 5264 1536 5334; x_wconf 70' lang='grc' dir='ltr'>φύσει</span> <span class='ocrx_word' id='word_1_614' title='bbox 1557 5266 1590 5334; x_wconf 79' lang='grc' dir='ltr'><strong>ἡ</strong></span> <span class='ocrx_word' id='word_1_615' title='bbox 1617 5264 1896 5333; x_wconf 77' lang='grc' dir='ltr'><strong><em>λευκότης,</em></strong></span> <span class='ocrx_word' id='word_1_616' title='bbox 1926 5264 2109 5334; x_wconf 77' lang='grc' dir='ltr'>ἕτερον</span> 
     </span>
    </p>
   </div>
   <div class='ocr_carea' id='block_1_80' title="bbox 2236 5253 3716 5335">
    <p class='ocr_par' dir='ltr' id='par_1_80' title="bbox 2236 5253 3716 5335">
     <span class='ocr_line' id='line_1_80' title="bbox 2236 5253 3716 5335; baseline -0.014 -20"><span class='ocrx_word' id='word_1_617' title='bbox 2236 5263 2277 5316; x_wconf 88' lang='lat' dir='ltr'><strong><em>le</em></strong></span> <span class='ocrx_word' id='word_1_618' title='bbox 2313 5261 2396 5316; x_wconf 92' lang='lat' dir='ltr'><strong><em>bis</em></strong></span> <span class='ocrx_word' id='word_1_619' title='bbox 2451 5260 2770 5316; x_wconf 87' lang='lat' dir='ltr'><strong><em>Cleomedes</em></strong></span> <span class='ocrx_word' id='word_1_620' title='bbox 2820 5259 2917 5314; x_wconf 89' lang='lat' dir='ltr'><strong><em>lib.</em></strong></span> <span class='ocrx_word' id='word_1_621' title='bbox 2972 5276 3008 5314; x_wconf 91' lang='grc' dir='ltr'>ιι</span> <span class='ocrx_word' id='word_1_622' title='bbox 3055 5257 3300 5324; x_wconf 63' lang='lat' dir='ltr'><strong><em>Meteon,</em></strong></span> <span class='ocrx_word' id='word_1_623' title='bbox 3349 5259 3486 5312; x_wconf 89' lang='lat' dir='ltr'><strong><em>inter</em></strong></span> <span class='ocrx_word' id='word_1_624' title='bbox 3533 5253 3716 5335; x_wconf 67' lang='lat' dir='ltr'><strong><em>cratera:</em></strong></span> 
     </span>
    </p>
   </div>
   <div class='ocr_carea' id='block_1_81' title="bbox 532 5333 3714 5428">
    <p class='ocr_par' dir='ltr' id='par_1_81' title="bbox 532 5333 3714 5428">
     <span class='ocr_line' id='line_1_81' title="bbox 532 5333 3714 5428; baseline -0.006 -23"><span class='ocrx_word' id='word_1_625' title='bbox 532 5353 593 5406; x_wconf 78' lang='grc' dir='ltr'><strong><em>δέ</em></strong></span> <span class='ocrx_word' id='word_1_626' title='bbox 619 5371 669 5407; x_wconf 75' lang='grc' dir='ltr'><strong><em>τι</em></strong></span> <span class='ocrx_word' id='word_1_627' title='bbox 695 5355 757 5408; x_wconf 74' lang='grc' dir='ltr'><strong><em>τὸ</em></strong></span> <span class='ocrx_word' id='word_1_628' title='bbox 788 5355 1212 5427; x_wconf 62' lang='grc' dir='ltr'><strong><em>λελευκωμένον</em></strong></span> <span class='ocrx_word' id='word_1_629' title='bbox 1239 5357 1412 5426; x_wconf 71' lang='grc' dir='ltr'><strong><em>σῶμαο</em></strong></span> <span class='ocrx_word' id='word_1_630' title='bbox 1439 5355 1580 5409; x_wconf 70' lang='grc' dir='ltr'><strong><em>οὕτω</em></strong></span> <span class='ocrx_word' id='word_1_631' title='bbox 1609 5357 1701 5409; x_wconf 73' lang='grc' dir='ltr'>καὶ</span> <span class='ocrx_word' id='word_1_632' title='bbox 1732 5355 1800 5408; x_wconf 72' lang='grc' dir='ltr'><strong>τὰ</strong></span> <span class='ocrx_word' id='word_1_633' title='bbox 1829 5355 1924 5407; x_wconf 78' lang='grc' dir='ltr'>νῦν</span> <span class='ocrx_word' id='word_1_634' title='bbox 1955 5358 2108 5428; x_wconf 79' lang='grc' dir='ltr'><strong><em>εἰρη-</em></strong></span> <span class='ocrx_word' id='word_1_635' title='bbox 2213 5356 2448 5428; x_wconf 76' lang='grc' dir='ltr'>’ᾘδεσαν</span> <span class='ocrx_word' id='word_1_636' title='bbox 2491 5356 2542 5409; x_wconf 81' lang='grc' dir='ltr'><strong><em>δὲ</em></strong></span> <span class='ocrx_word' id='word_1_637' title='bbox 2593 5356 2688 5408; x_wconf 71' lang='grc' dir='ltr'>καὶ</span> <span class='ocrx_word' id='word_1_638' title='bbox 2732 5357 2779 5408; x_wconf 83' lang='lat' dir='ltr'><strong><em>ol</em></strong></span> <span class='ocrx_word' id='word_1_639' title='bbox 2812 5355 3132 5408; x_wconf 76' lang='grc' dir='ltr'>παλαξτατοι</span> <span class='ocrx_word' id='word_1_640' title='bbox 3169 5353 3277 5407; x_wconf 80' lang='grc' dir='ltr'><strong><em>τῶν</em></strong></span> <span class='ocrx_word' id='word_1_641' title='bbox 3311 5347 3539 5420; x_wconf 80' lang='grc' dir='ltr'>φυσικῶν</span> <span class='ocrx_word' id='word_1_642' title='bbox 3571 5357 3619 5392; x_wconf 84' lang='grc' dir='ltr'>τε</span> <span class='ocrx_word' id='word_1_643' title='bbox 3649 5333 3714 5387; x_wconf 72' lang='grc' dir='ltr'><strong><em>καὶ</em></strong></span> 
     </span>
    </p>
   </div>
   <div class='ocr_carea' id='block_1_82' title="bbox 538 5430 3716 5524">
    <p class='ocr_par' dir='ltr' id='par_1_82' title="bbox 538 5430 3716 5524">
     <span class='ocr_line' id='line_1_82' title="bbox 538 5430 3716 5524; baseline 0.001 -30"><span class='ocrx_word' id='word_1_644' title='bbox 538 5444 696 5512; x_wconf 73' lang='grc' dir='ltr'>μένα,</span> <span class='ocrx_word' id='word_1_645' title='bbox 720 5448 952 5519; x_wconf 74' lang='grc' dir='ltr'>διάφορα</span> <span class='ocrx_word' id='word_1_646' title='bbox 976 5449 1102 5501; x_wconf 80' lang='grc' dir='ltr'>ὄντα.</span> <span class='ocrx_word' id='word_1_647' title='bbox 1123 5449 1325 5518; x_wconf 71' lang='grc' dir='ltr'>ἥνωται</span> <span class='ocrx_word' id='word_1_648' title='bbox 1343 5452 1408 5520; x_wconf 80' lang='grc' dir='ltr'><strong><em>τῇ</em></strong></span> <span class='ocrx_word' id='word_1_649' title='bbox 1437 5449 1663 5520; x_wconf 79' lang='grc' dir='ltr'><strong><em>δυνάμει</em></strong></span> <span class='ocrx_word' id='word_1_650' title='bbox 1683 5448 1776 5502; x_wconf 79' lang='grc' dir='ltr'><strong><em>τοῦ</em></strong></span> <span class='ocrx_word' id='word_1_651' title='bbox 1805 5451 2104 5511; x_wconf 77' lang='grc' dir='ltr'><strong><em>κτίσαντος.</em></strong></span> <span class='ocrx_word' id='word_1_652' title='bbox 2210 5449 2572 5520; x_wconf 76' lang='grc' dir='ltr'><strong><em>ἀστρολόγων,</em></strong></span> <span class='ocrx_word' id='word_1_653' title='bbox 2599 5449 2680 5502; x_wconf 82' lang='grc' dir='ltr'><strong><em>ὅτι</em></strong></span> <span class='ocrx_word' id='word_1_654' title='bbox 2709 5448 2815 5501; x_wconf 76' lang='grc' dir='ltr'><strong><em>ἀπὸ</em></strong></span> <span class='ocrx_word' id='word_1_655' title='bbox 2839 5447 2930 5500; x_wconf 80' lang='grc' dir='ltr'><strong><em>τοῦ</em></strong></span> <span class='ocrx_word' id='word_1_656' title='bbox 2959 5447 3109 5518; x_wconf 80' lang='grc' dir='ltr'>ἡλίου</span> <span class='ocrx_word' id='word_1_657' title='bbox 3137 5447 3170 5516; x_wconf 79' lang='grc' dir='ltr'><strong>ἡ</strong></span> <span class='ocrx_word' id='word_1_658' title='bbox 3201 5445 3392 5516; x_wconf 80' lang='grc' dir='ltr'><strong><em>σελήνη</em></strong></span> <span class='ocrx_word' id='word_1_659' title='bbox 3413 5440 3469 5492; x_wconf 82' lang='grc' dir='ltr'>τὸ</span> <span class='ocrx_word' id='word_1_660' title='bbox 3494 5435 3591 5507; x_wconf 65' lang='grc' dir='ltr'><strong><em>φῶς</em></strong></span> <span class='ocrx_word' id='word_1_661' title='bbox 3614 5430 3716 5524; x_wconf 54' lang='grc' dir='ltr'>ἔχει)</span> 
     </span>
    </p>
   </div>
   <div class='ocr_carea' id='block_1_83' title="bbox 611 5527 3715 5612">
    <p class='ocr_par' dir='ltr' id='par_1_83' title="bbox 611 5527 3715 5612">
     <span class='ocr_line' id='line_1_83' title="bbox 611 5527 3715 5612; baseline 0 -28"><span class='ocrx_word' id='word_1_662' title='bbox 611 5531 766 5595; x_wconf 85' lang='lat' dir='ltr'><strong><em>lbid.,</em></strong></span> <span class='ocrx_word' id='word_1_663' title='bbox 799 5537 892 5589; x_wconf 89' lang='lat' dir='ltr'><strong><em>lin.</em></strong></span> <span class='ocrx_word' id='word_1_664' title='bbox 927 5535 1016 5590; x_wconf 68' lang='lat'><strong><em>28.</em></strong></span> <span class='ocrx_word' id='word_1_665' title='bbox 1051 5539 1286 5591; x_wconf 73' lang='grc' dir='ltr'><strong><em>Ἔπειτα</em></strong></span> <span class='ocrx_word' id='word_1_666' title='bbox 1325 5539 1426 5591; x_wconf 74' lang='grc' dir='ltr'><strong><em>τὸν</em></strong></span> <span class='ocrx_word' id='word_1_667' title='bbox 1456 5538 1632 5605; x_wconf 75' lang='grc' dir='ltr'><strong><em>ἥλιον</em></strong></span> <span class='ocrx_word' id='word_1_668' title='bbox 1660 5538 1726 5590; x_wconf 77' lang='grc' dir='ltr'><strong><em>ἐκ</em></strong></span> <span class='ocrx_word' id='word_1_669' title='bbox 1760 5538 1865 5592; x_wconf 85' lang='grc' dir='ltr'><strong><em>τοῦ</em></strong></span> <span class='ocrx_word' id='word_1_670' title='bbox 1897 5539 2102 5604; x_wconf 78' lang='grc' dir='ltr'><strong><em>πυρός.</em></strong></span> <span class='ocrx_word' id='word_1_671' title='bbox 2206 5541 2281 5605; x_wconf 78' lang='grc' dir='ltr'><strong><em>ὡς</em></strong></span> <span class='ocrx_word' id='word_1_672' title='bbox 2312 5540 2468 5612; x_wconf 81' lang='grc' dir='ltr'>δῆλόν</span> <span class='ocrx_word' id='word_1_673' title='bbox 2513 5542 2629 5594; x_wconf 77' lang='grc' dir='ltr'><strong>ἐστι</strong></span> <span class='ocrx_word' id='word_1_674' title='bbox 2673 5539 2885 5612; x_wconf 83' lang='grc' dir='ltr'>πρῶτον</span> <span class='ocrx_word' id='word_1_675' title='bbox 2931 5539 3028 5609; x_wconf 82' lang='grc' dir='ltr'><strong><em>μὲν</em></strong></span> <span class='ocrx_word' id='word_1_676' title='bbox 3073 5541 3135 5590; x_wconf 83' lang='grc' dir='ltr'><strong><em>ὲκ</em></strong></span> <span class='ocrx_word' id='word_1_677' title='bbox 3175 5538 3272 5605; x_wconf 80' lang='grc' dir='ltr'><strong><em>τῆς</em></strong></span> <span class='ocrx_word' id='word_1_678' title='bbox 3305 5527 3622 5604; x_wconf 73' lang='grc' dir='ltr'><strong><em>ἐτυμολογίας</em></strong></span> <span class='ocrx_word' id='word_1_679' title='bbox 3645 5534 3715 5612; x_wconf 56' lang='lat'><strong><em>70&quot;</em></strong></span> 
     </span>
    </p>
   </div>
   <div class='ocr_carea' id='block_1_84' title="bbox 539 5611 2138 5705">
    <p class='ocr_par' dir='ltr' id='par_1_84' title="bbox 539 5623 2106 5700">
     <span class='ocr_line' id='line_1_84' title="bbox 539 5623 2106 5700; baseline 0.006 -26"><span class='ocrx_word' id='word_1_680' title='bbox 539 5623 612 5677; x_wconf 77' lang='lat' dir='ltr'><strong><em>De</em></strong></span> <span class='ocrx_word' id='word_1_681' title='bbox 641 5625 772 5678; x_wconf 83' lang='lat' dir='ltr'><strong><em>solis</em></strong></span> <span class='ocrx_word' id='word_1_682' title='bbox 812 5636 1029 5688; x_wconf 78' lang='lat' dir='ltr'><strong><em>natura,</em></strong></span> <span class='ocrx_word' id='word_1_683' title='bbox 1069 5629 1466 5700; x_wconf 79' lang='lat' dir='ltr'><strong><em>magnitudine,</em></strong></span> <span class='ocrx_word' id='word_1_684' title='bbox 1507 5631 1698 5700; x_wconf 80' lang='lat' dir='ltr'><strong><em>ﬁgura,</em></strong></span> <span class='ocrx_word' id='word_1_685' title='bbox 1731 5632 2106 5686; x_wconf 82' lang='lat' dir='ltr'><strong><em>cnmersioni-</em></strong></span> 
     </span>
    </p>
   </div>
   <div class='ocr_carea' id='block_1_85' title="bbox 2236 5611 3717 5705">
    <p class='ocr_par' dir='ltr' id='par_1_85' title="bbox 2237 5611 3717 5705">
     <span class='ocr_line' id='line_1_85' title="bbox 2237 5611 3717 5705; baseline -0.013 -18"><span class='ocrx_word' id='word_1_686' title='bbox 2237 5635 2467 5704; x_wconf 81' lang='grc' dir='ltr'><strong><em>νόματος</em></strong></span> <span class='ocrx_word' id='word_1_687' title='bbox 2511 5634 2700 5705; x_wconf 76' lang='grc' dir='ltr'><strong><em>αὐτῆς,</em></strong></span> <span class='ocrx_word' id='word_1_688' title='bbox 2750 5632 2922 5695; x_wconf 63' lang='grc' dir='ltr'><strong><em>οὕτως</em></strong></span> <span class='ocrx_word' id='word_1_689' title='bbox 2961 5628 3346 5702; x_wconf 65' lang='grc' dir='ltr'><strong><em>ὠνομασμένης</em></strong></span> <span class='ocrx_word' id='word_1_690' title='bbox 3389 5628 3446 5677; x_wconf 82' lang='grc' dir='ltr'><strong><em>ὲκ</em></strong></span> <span class='ocrx_word' id='word_1_691' title='bbox 3487 5618 3568 5674; x_wconf 78' lang='grc' dir='ltr'><strong><em>τοῦ</em></strong></span> <span class='ocrx_word' id='word_1_692' title='bbox 3596 5611 3717 5705; x_wconf 51' lang='lat' dir='ltr'><strong><em>asia:</em></strong></span> 
     </span>
    </p>
   </div>
   <div class='ocr_carea' id='block_1_86' title="bbox 537 5703 2138 5796">
    <p class='ocr_par' dir='ltr' id='par_1_86' title="bbox 537 5712 2107 5794">
     <span class='ocr_line' id='line_1_86' title="bbox 537 5712 2107 5794; baseline 0.006 -25"><span class='ocrx_word' id='word_1_693' title='bbox 537 5717 656 5770; x_wconf 86' lang='lat' dir='ltr'><strong><em>bus.</em></strong></span> <span class='ocrx_word' id='word_1_694' title='bbox 697 5712 935 5780; x_wconf 85' lang='lat' dir='ltr'><strong><em>defectu,</em></strong></span> <span class='ocrx_word' id='word_1_695' title='bbox 967 5717 1159 5787; x_wconf 83' lang='lat' dir='ltr'><strong><em>signis,</em></strong></span> <span class='ocrx_word' id='word_1_696' title='bbox 1194 5729 1245 5773; x_wconf 83' lang='lat' dir='ltr'><strong><em>et</em></strong></span> <span class='ocrx_word' id='word_1_697' title='bbox 1281 5731 1453 5785; x_wconf 89' lang='lat' dir='ltr'><strong><em>motu,</em></strong></span> <span class='ocrx_word' id='word_1_698' title='bbox 1481 5723 1600 5776; x_wconf 57' lang='grc' dir='ltr'>νίας</span> <span class='ocrx_word' id='word_1_699' title='bbox 1632 5739 1750 5794; x_wconf 69' lang='lat' dir='ltr'><strong><em>qum</em></strong></span> <span class='ocrx_word' id='word_1_700' title='bbox 1785 5722 1950 5778; x_wconf 77' lang='lat' dir='ltr'><strong><em>refert</em></strong></span> <span class='ocrx_word' id='word_1_701' title='bbox 1983 5723 2107 5779; x_wconf 85' lang='lat' dir='ltr'><strong><em>Sto-</em></strong></span> 
     </span>
    </p>
   </div>
   <div class='ocr_carea' id='block_1_87' title="bbox 2236 5703 3715 5796">
    <p class='ocr_par' dir='ltr' id='par_1_87' title="bbox 2236 5703 3715 5796">
     <span class='ocr_line' id='line_1_87' title="bbox 2236 5703 3715 5796; baseline -0.009 -20"><span class='ocrx_word' id='word_1_702' title='bbox 2236 5703 2373 5796; x_wconf 42' lang='lat' dir='ltr'><strong><em>33&#39;:er</em></strong></span> <span class='ocrx_word' id='word_1_703' title='bbox 2403 5724 2518 5778; x_wconf 73' lang='grc' dir='ltr'>νέον</span> <span class='ocrx_word' id='word_1_704' title='bbox 2551 5703 2690 5795; x_wconf 68' lang='grc' dir='ltr'>ἔχειν</span> <span class='ocrx_word' id='word_1_705' title='bbox 2732 5725 2837 5788; x_wconf 76' lang='grc' dir='ltr'>ἀεὶ,</span> <span class='ocrx_word' id='word_1_706' title='bbox 2882 5723 2972 5776; x_wconf 66' lang='grc' dir='ltr'><strong><em>καὶ</em></strong></span> <span class='ocrx_word' id='word_1_707' title='bbox 3017 5724 3076 5774; x_wconf 74' lang='grc' dir='ltr'><strong>ἐκ</strong></span> <span class='ocrx_word' id='word_1_708' title='bbox 3112 5719 3202 5773; x_wconf 78' lang='grc' dir='ltr'><strong><em>τοῦ</em></strong></span> <span class='ocrx_word' id='word_1_709' title='bbox 3248 5712 3549 5772; x_wconf 73' lang='grc' dir='ltr'><strong><em>ὲπιὸἰδοσθαι</em></strong></span> <span class='ocrx_word' id='word_1_710' title='bbox 3586 5703 3715 5776; x_wconf 62' lang='grc' dir='ltr'>δᾷδας</span> 
     </span>
    </p>
   </div>
   <div class='ocr_carea' id='block_1_88' title="bbox 2246 1837 3754 1904">
    <p class='ocr_par' dir='ltr' id='par_1_88' title="bbox 2246 1837 3754 1904">
     <span class='ocr_line' id='line_1_88' title="bbox 2246 1837 3754 1904; baseline 0.003 -13"><span class='ocrx_word' id='word_1_711' title='bbox 2246 1839 2386 1893; x_wconf 90' lang='lat' dir='ltr'><strong><em>lcius</em></strong></span> <span class='ocrx_word' id='word_1_712' title='bbox 2422 1837 2516 1892; x_wconf 90' lang='lat' dir='ltr'><strong><em>lib.</em></strong></span> <span class='ocrx_word' id='word_1_713' title='bbox 2549 1837 2624 1892; x_wconf 88' lang='lat' dir='ltr'><strong><em>De</em></strong></span> <span class='ocrx_word' id='word_1_714' title='bbox 2659 1839 2762 1893; x_wconf 90' lang='lat' dir='ltr'><strong><em>Deo</em></strong></span> <span class='ocrx_word' id='word_1_715' title='bbox 2788 1839 3028 1894; x_wconf 83' lang='lat' dir='ltr'><strong><em>Socratis</em></strong></span> <span class='ocrx_word' id='word_1_716' title='bbox 3066 1857 3084 1894; x_wconf 92' lang='lat'><strong><em>:</em></strong></span> <span class='ocrx_word' id='word_1_717' title='bbox 3124 1839 3279 1894; x_wconf 88' lang='lat' dir='ltr'><strong><em>Luna</em></strong></span> <span class='ocrx_word' id='word_1_718' title='bbox 3306 1841 3432 1895; x_wconf 83' lang='lat' dir='ltr'><strong><em>solis</em></strong></span> <span class='ocrx_word' id='word_1_719' title='bbox 3465 1842 3657 1904; x_wconf 63' lang='lat' dir='ltr'><strong><em>aemula,</em></strong></span> <span class='ocrx_word' id='word_1_720' title='bbox 3683 1857 3754 1895; x_wconf 86' lang='lat' dir='ltr'><strong><em>no-</em></strong></span> 
     </span>
    </p>
   </div>
   <div class='ocr_carea' id='block_1_89' title="bbox 2239 1931 3759 2001">
    <p class='ocr_par' dir='ltr' id='par_1_89' title="bbox 2239 1931 3759 2001">
     <span class='ocr_line' id='line_1_89' title="bbox 2239 1931 3759 2001; baseline 0.001 -18"><span class='ocrx_word' id='word_1_721' title='bbox 2239 1932 2338 1984; x_wconf 89' lang='lat' dir='ltr'><strong><em>ctis</em></strong></span> <span class='ocrx_word' id='word_1_722' title='bbox 2371 1931 2521 1992; x_wconf 87' lang='lat' dir='ltr'><strong><em>deus,</em></strong></span> <span class='ocrx_word' id='word_1_723' title='bbox 2555 1949 2645 1985; x_wconf 86' lang='lat' dir='ltr'><strong><em>seu</em></strong></span> <span class='ocrx_word' id='word_1_724' title='bbox 2676 1933 3027 1996; x_wconf 88' lang='lat' dir='ltr'><strong><em>corniculata.</em></strong></span> <span class='ocrx_word' id='word_1_725' title='bbox 3053 1951 3146 1988; x_wconf 88' lang='lat' dir='ltr'><strong><em>seu</em></strong></span> <span class='ocrx_word' id='word_1_726' title='bbox 3182 1934 3420 1996; x_wconf 70' lang='lat' dir='ltr'><strong><em>dividua,</em></strong></span> <span class='ocrx_word' id='word_1_727' title='bbox 3444 1950 3527 1987; x_wconf 86' lang='lat' dir='ltr'><strong><em>seu</em></strong></span> <span class='ocrx_word' id='word_1_728' title='bbox 3553 1935 3759 2001; x_wconf 84' lang='lat' dir='ltr'><strong><em>protumi-</em></strong></span> 
     </span>
    </p>
   </div>
   <div class='ocr_carea' id='block_1_90' title="bbox 2238 2021 3756 2095">
    <p class='ocr_par' dir='ltr' id='par_1_90' title="bbox 2238 2021 3756 2095">
     <span class='ocr_line' id='line_1_90' title="bbox 2238 2021 3756 2095; baseline 0.001 -21"><span class='ocrx_word' id='word_1_729' title='bbox 2238 2021 2329 2084; x_wconf 88' lang='lat' dir='ltr'><strong><em>da,</em></strong></span> <span class='ocrx_word' id='word_1_730' title='bbox 2362 2039 2451 2076; x_wconf 87' lang='lat' dir='ltr'><strong><em>seu</em></strong></span> <span class='ocrx_word' id='word_1_731' title='bbox 2483 2023 2636 2092; x_wconf 89' lang='lat' dir='ltr'><strong><em>plena</em></strong></span> <span class='ocrx_word' id='word_1_732' title='bbox 2666 2024 2756 2088; x_wconf 89' lang='lat' dir='ltr'><strong><em>sit,</em></strong></span> <span class='ocrx_word' id='word_1_733' title='bbox 2794 2025 2942 2078; x_wconf 85' lang='lat' dir='ltr'><strong><em>varia</em></strong></span> <span class='ocrx_word' id='word_1_734' title='bbox 2973 2025 3177 2093; x_wconf 87' lang='lat' dir='ltr'><strong><em>ignium</em></strong></span> <span class='ocrx_word' id='word_1_735' title='bbox 3210 2025 3346 2094; x_wconf 83' lang='lat' dir='ltr'><strong><em>face,</em></strong></span> <span class='ocrx_word' id='word_1_736' title='bbox 3377 2033 3562 2095; x_wconf 87' lang='lat' dir='ltr'><strong><em>quanto</em></strong></span> <span class='ocrx_word' id='word_1_737' title='bbox 3597 2023 3756 2091; x_wconf 76' lang='lat' dir='ltr'><strong><em>longius</em></strong></span> 
     </span>
    </p>
   </div>
   <div class='ocr_carea' id='block_1_91' title="bbox 2239 2112 3757 2185">
    <p class='ocr_par' dir='ltr' id='par_1_91' title="bbox 2239 2112 3757 2185">
     <span class='ocr_line' id='line_1_91' title="bbox 2239 2112 3757 2185; baseline 0.001 -20"><span class='ocrx_word' id='word_1_738' title='bbox 2239 2112 2376 2166; x_wconf 85' lang='lat' dir='ltr'><strong><em>absit</em></strong></span> <span class='ocrx_word' id='word_1_739' title='bbox 2411 2130 2443 2166; x_wconf 93' lang='lat' dir='ltr'><strong><em>a</em></strong></span> <span class='ocrx_word' id='word_1_740' title='bbox 2482 2113 2610 2176; x_wconf 89' lang='lat' dir='ltr'><strong><em>sole,</em></strong></span> <span class='ocrx_word' id='word_1_741' title='bbox 2652 2124 2801 2167; x_wconf 88' lang='lat' dir='ltr'><strong><em>tanto</em></strong></span> <span class='ocrx_word' id='word_1_742' title='bbox 2857 2114 3060 2185; x_wconf 87' lang='lat' dir='ltr'><strong><em>largius</em></strong></span> <span class='ocrx_word' id='word_1_743' title='bbox 3111 2116 3423 2168; x_wconf 87' lang='lat' dir='ltr'><strong><em>illuminata</em></strong></span> <span class='ocrx_word' id='word_1_744' title='bbox 3475 2131 3588 2182; x_wconf 89' lang='lat' dir='ltr'><strong><em>pars</em></strong></span> <span class='ocrx_word' id='word_1_745' title='bbox 3630 2115 3757 2166; x_wconf 49' lang='lat' dir='ltr'><strong><em>inm.</em></strong></span> 
     </span>
    </p>
   </div>
   <div class='ocr_carea' id='block_1_92' title="bbox 2238 2208 3756 2276">
    <p class='ocr_par' dir='ltr' id='par_1_92' title="bbox 2238 2208 3756 2276">
     <span class='ocr_line' id='line_1_92' title="bbox 2238 2208 3756 2276; baseline 0.002 -18"><span class='ocrx_word' id='word_1_746' title='bbox 2238 2216 2408 2260; x_wconf 89' lang='lat' dir='ltr'><strong><em>mento</em></strong></span> <span class='ocrx_word' id='word_1_747' title='bbox 2445 2209 2647 2261; x_wconf 83' lang='lat' dir='ltr'><strong><em>itineris</em></strong></span> <span class='ocrx_word' id='word_1_748' title='bbox 2677 2219 2722 2261; x_wconf 90' lang='lat' dir='ltr'><strong><em>et</em></strong></span> <span class='ocrx_word' id='word_1_749' title='bbox 2755 2208 2969 2262; x_wconf 87' lang='lat' dir='ltr'><strong><em>luminis</em></strong></span> <span class='ocrx_word' id='word_1_750' title='bbox 2995 2226 3229 2264; x_wconf 87' lang='lat' dir='ltr'><strong><em>mensem</em></strong></span> <span class='ocrx_word' id='word_1_751' title='bbox 3262 2212 3371 2262; x_wconf 88' lang='lat' dir='ltr'><strong><em>suis</em></strong></span> <span class='ocrx_word' id='word_1_752' title='bbox 3402 2210 3588 2264; x_wconf 82' lang='lat' dir='ltr'><strong><em>actibus</em></strong></span> <span class='ocrx_word' id='word_1_753' title='bbox 3617 2225 3668 2262; x_wconf 90' lang='lat' dir='ltr'><strong><em>ac</em></strong></span> <span class='ocrx_word' id='word_1_754' title='bbox 3686 2223 3756 2276; x_wconf 80' lang='lat' dir='ltr'><strong><em>pa-</em></strong></span> 
     </span>
    </p>
   </div>
   <div class='ocr_carea' id='block_1_93' title="bbox 2238 2299 3757 2368">
    <p class='ocr_par' dir='ltr' id='par_1_93' title="bbox 2238 2299 3757 2368">
     <span class='ocr_line' id='line_1_93' title="bbox 2238 2299 3757 2368; baseline 0 -18"><span class='ocrx_word' id='word_1_755' title='bbox 2238 2299 2382 2353; x_wconf 87' lang='lat' dir='ltr'><strong><em>ribus</em></strong></span> <span class='ocrx_word' id='word_1_756' title='bbox 2413 2300 2702 2368; x_wconf 86' lang='lat' dir='ltr'><strong><em>dispendiis</em></strong></span> <span class='ocrx_word' id='word_1_757' title='bbox 2729 2303 2978 2354; x_wconf 76' lang='lat' dir='ltr'><strong><em>mstimal.</em></strong></span> <span class='ocrx_word' id='word_1_758' title='bbox 3008 2300 3073 2354; x_wconf 79' lang='lat' dir='ltr'><strong><em>Et</em></strong></span> <span class='ocrx_word' id='word_1_759' title='bbox 3117 2303 3266 2356; x_wconf 88' lang='lat' dir='ltr'><strong><em>hanc</em></strong></span> <span class='ocrx_word' id='word_1_760' title='bbox 3299 2303 3368 2356; x_wconf 89' lang='lat' dir='ltr'><strong><em>ob</em></strong></span> <span class='ocrx_word' id='word_1_761' title='bbox 3395 2317 3601 2356; x_wconf 88' lang='lat' dir='ltr'><strong><em>causam</em></strong></span> <span class='ocrx_word' id='word_1_762' title='bbox 3623 2300 3757 2355; x_wconf 61' lang='lat' dir='ltr'><strong><em>Caeci</em></strong></span> 
     </span>
    </p>
   </div>
   <div class='ocr_carea' id='block_1_94' title="bbox 2239 2393 3757 2466">
    <p class='ocr_par' dir='ltr' id='par_1_94' title="bbox 2239 2393 3757 2466">
     <span class='ocr_line' id='line_1_94' title="bbox 2239 2393 3757 2466; baseline 0 -19"><span class='ocrx_word' id='word_1_763' title='bbox 2239 2403 2397 2462; x_wconf 65' lang='lat' dir='ltr'><strong><em>poeta:</em></strong></span> <span class='ocrx_word' id='word_1_764' title='bbox 2440 2395 2574 2448; x_wconf 88' lang='lat' dir='ltr'><strong><em>solis</em></strong></span> <span class='ocrx_word' id='word_1_765' title='bbox 2606 2394 2769 2447; x_wconf 80' lang='lat' dir='ltr'><strong><em>ﬁliam</em></strong></span> <span class='ocrx_word' id='word_1_766' title='bbox 2820 2403 3036 2457; x_wconf 77' lang='lat' dir='ltr'><strong><em>vocant,</em></strong></span> <span class='ocrx_word' id='word_1_767' title='bbox 3077 2393 3383 2466; x_wconf 80' lang='lat' dir='ltr'><strong><em>Euripides</em></strong></span> <span class='ocrx_word' id='word_1_768' title='bbox 3409 2396 3462 2450; x_wconf 90' lang='lat' dir='ltr'><strong><em>in</em></strong></span> <span class='ocrx_word' id='word_1_769' title='bbox 3505 2393 3757 2456; x_wconf 71' lang='lat' dir='ltr'><strong><em>Pltmnissis.</em></strong></span> 
     </span>
    </p>
   </div>
   <div class='ocr_carea' id='block_1_95' title="bbox 2344 2483 3206 2556">
    <p class='ocr_par' dir='ltr' id='par_1_95' title="bbox 2344 2483 3206 2556">
     <span class='ocr_line' id='line_1_95' title="bbox 2344 2483 3206 2556; baseline 0.001 -17"><span class='ocrx_word' id='word_1_770' title='bbox 2344 2483 2410 2539; x_wconf 82' lang='grc' dir='ltr'><strong><em>Ὦ</em></strong></span> <span class='ocrx_word' id='word_1_771' title='bbox 2470 2485 2875 2555; x_wconf 69' lang='grc' dir='ltr'><strong><em>λιπαροζώνου</em></strong></span> <span class='ocrx_word' id='word_1_772' title='bbox 2941 2488 3206 2556; x_wconf 80' lang='grc' dir='ltr'><strong><em>θύγατερ</em></strong></span> 
     </span>
    </p>
   </div>
   <div class='ocr_carea' id='block_1_96' title="bbox 2350 2579 2613 2643">
    <p class='ocr_par' dir='ltr' id='par_1_96' title="bbox 2350 2579 2613 2643">
     <span class='ocr_line' id='line_1_96' title="bbox 2350 2579 2613 2643; baseline -0.004 -9"><span class='ocrx_word' id='word_1_773' title='bbox 2350 2579 2577 2634; x_wconf 75' lang='grc' dir='ltr'>Ἠελίου</span> <span class='ocrx_word' id='word_1_774' title='bbox 2597 2620 2613 2643; x_wconf 86' lang='grc'><em>,</em></span> 
     </span>
    </p>
   </div>
   <div class='ocr_carea' id='block_1_97' title="bbox 2338 2673 3458 2744">
    <p class='ocr_par' dir='ltr' id='par_1_97' title="bbox 2338 2673 3458 2744">
     <span class='ocr_line' id='line_1_97' title="bbox 2338 2673 3458 2744; baseline 0.004 -18"><span class='ocrx_word' id='word_1_775' title='bbox 2338 2673 2633 2726; x_wconf 79' lang='grc' dir='ltr'><strong><em>Σελαναία</em></strong></span> <span class='ocrx_word' id='word_1_776' title='bbox 2651 2713 2666 2735; x_wconf 87' lang='grc'>,</span> <span class='ocrx_word' id='word_1_777' title='bbox 2712 2675 3184 2742; x_wconf 74' lang='grc' dir='ltr'><strong><em>χρυσεόκυκλον</em></strong></span> <span class='ocrx_word' id='word_1_778' title='bbox 3211 2676 3458 2744; x_wconf 57' lang='grc' dir='ltr'><strong><em>φέγγος-ί</em></strong></span> 
     </span>
    </p>
   </div>
   <div class='ocr_carea' id='block_1_98' title="bbox 2339 2763 3460 2837">
    <p class='ocr_par' dir='ltr' id='par_1_98' title="bbox 2339 2763 3460 2837">
     <span class='ocr_line' id='line_1_98' title="bbox 2339 2763 3460 2837; baseline 0.002 -21"><span class='ocrx_word' id='word_1_779' title='bbox 2339 2763 2604 2819; x_wconf 83' lang='lat' dir='ltr'><strong><em>Hesiodus</em></strong></span> <span class='ocrx_word' id='word_1_780' title='bbox 2633 2782 2762 2820; x_wconf 80' lang='lat' dir='ltr'><strong><em>vero</em></strong></span> <span class='ocrx_word' id='word_1_781' title='bbox 2793 2775 2846 2820; x_wconf 87' lang='lat' dir='ltr'><strong><em>et</em></strong></span> <span class='ocrx_word' id='word_1_782' title='bbox 2869 2765 3130 2837; x_wconf 75' lang='lat' dir='ltr'><strong><em>Virgilius</em></strong></span> <span class='ocrx_word' id='word_1_783' title='bbox 3178 2782 3420 2822; x_wconf 88' lang='lat' dir='ltr'><strong><em>sororem</em></strong></span> <span class='ocrx_word' id='word_1_784' title='bbox 3447 2785 3460 2819; x_wconf 92' lang='lat'><strong>:</strong></span> 
     </span>
    </p>
   </div>
   <div class='ocr_carea' id='block_1_99' title="bbox 2303 2852 3487 2928">
    <p class='ocr_par' dir='ltr' id='par_1_99' title="bbox 2303 2852 3487 2928">
     <span class='ocr_line' id='line_1_99' title="bbox 2303 2852 3487 2928; baseline 0.005 -22"><span class='ocrx_word' id='word_1_785' title='bbox 2303 2852 2416 2908; x_wconf 64' lang='lat' dir='ltr'><strong><em>Nec</em></strong></span> <span class='ocrx_word' id='word_1_786' title='bbox 2445 2854 2633 2923; x_wconf 83' lang='lat' dir='ltr'><strong><em>fratris</em></strong></span> <span class='ocrx_word' id='word_1_787' title='bbox 2659 2857 2826 2910; x_wconf 82' lang='lat' dir='ltr'><strong><em>radiis</em></strong></span> <span class='ocrx_word' id='word_1_788' title='bbox 2851 2857 3079 2912; x_wconf 72' lang='lat' dir='ltr'><strong><em>obnoxia</em></strong></span> <span class='ocrx_word' id='word_1_789' title='bbox 3105 2875 3331 2928; x_wconf 75' lang='lat' dir='ltr'><strong><em>surgere</em></strong></span> <span class='ocrx_word' id='word_1_790' title='bbox 3346 2858 3487 2912; x_wconf 89' lang='lat' dir='ltr'><strong><em>luna.</em></strong></span> 
     </span>
    </p>
   </div>
   <div class='ocr_carea' id='block_1_100' title="bbox 2233 2947 3746 3020">
    <p class='ocr_par' dir='ltr' id='par_1_100' title="bbox 2233 2947 3746 3020">
     <span class='ocr_line' id='line_1_100' title="bbox 2233 2947 3746 3020; baseline -0.001 -20"><span class='ocrx_word' id='word_1_791' title='bbox 2233 2947 2456 3003; x_wconf 86' lang='lat' dir='ltr'><strong><em>Tbales-</em></strong></span> <span class='ocrx_word' id='word_1_792' title='bbox 2483 2948 2622 3002; x_wconf 83' lang='lat' dir='ltr'><strong><em>dixit</em></strong></span> <span class='ocrx_word' id='word_1_793' title='bbox 2654 2965 2772 3004; x_wconf 88' lang='lat' dir='ltr'><strong><em>eam</em></strong></span> <span class='ocrx_word' id='word_1_794' title='bbox 2821 2965 2850 3004; x_wconf 90' lang='lat' dir='ltr'><strong><em>a</em></strong></span> <span class='ocrx_word' id='word_1_795' title='bbox 2905 2951 3021 3006; x_wconf 86' lang='lat' dir='ltr'><strong><em>sole</em></strong></span> <span class='ocrx_word' id='word_1_796' title='bbox 3074 2951 3359 3006; x_wconf 88' lang='lat' dir='ltr'><strong><em>illustrari</em></strong></span> <span class='ocrx_word' id='word_1_797' title='bbox 3396 2991 3410 3015; x_wconf 95' lang='lat'><strong><em>,</em></strong></span> <span class='ocrx_word' id='word_1_798' title='bbox 3451 2947 3581 3020; x_wconf 90' lang='lat' dir='ltr'><strong><em>quod</em></strong></span> <span class='ocrx_word' id='word_1_799' title='bbox 3622 2947 3746 3002; x_wconf 83' lang='lat' dir='ltr'><strong><em>etiam</em></strong></span> 
     </span>
    </p>
   </div>
   <div class='ocr_carea' id='block_1_101' title="bbox 2231 3037 3745 3114">
    <p class='ocr_par' dir='ltr' id='par_1_101' title="bbox 2231 3037 3745 3114">
     <span class='ocr_line' id='line_1_101' title="bbox 2231 3037 3745 3114; baseline -0.003 -19"><span class='ocrx_word' id='word_1_800' title='bbox 2231 3037 2600 3111; x_wconf 82' lang='lat' dir='ltr'><strong><em>Pythagoras,</em></strong></span> <span class='ocrx_word' id='word_1_801' title='bbox 2627 3039 3005 3108; x_wconf 82' lang='lat' dir='ltr'><strong><em>Parmenides,</em></strong></span> <span class='ocrx_word' id='word_1_802' title='bbox 3034 3041 3130 3096; x_wconf 87' lang='lat' dir='ltr'><strong><em>Em</em></strong></span> <span class='ocrx_word' id='word_1_803' title='bbox 3145 3043 3427 3114; x_wconf 87' lang='lat' dir='ltr'><strong><em>pedocles,</em></strong></span> <span class='ocrx_word' id='word_1_804' title='bbox 3456 3043 3745 3109; x_wconf 78' lang='lat' dir='ltr'><strong><em>Anaxagoras</em></strong></span> 
     </span>
    </p>
   </div>
   <div class='ocr_carea' id='block_1_102' title="bbox 2233 3131 3742 3191">
    <p class='ocr_par' dir='ltr' id='par_1_102' title="bbox 2233 3131 3742 3191">
     <span class='ocr_line' id='line_1_102' title="bbox 2233 3131 3742 3191; baseline -0.002 -5"><span class='ocrx_word' id='word_1_805' title='bbox 2233 3141 2287 3186; x_wconf 91' lang='lat' dir='ltr'><strong><em>et</em></strong></span> <span class='ocrx_word' id='word_1_806' title='bbox 2319 3131 2662 3188; x_wconf 87' lang='lat' dir='ltr'><strong><em>Metrodorus</em></strong></span> <span class='ocrx_word' id='word_1_807' title='bbox 2715 3143 3027 3189; x_wconf 89' lang='lat' dir='ltr'><strong><em>senserunt.</em></strong></span> <span class='ocrx_word' id='word_1_808' title='bbox 3065 3135 3355 3191; x_wconf 81' lang='lat' dir='ltr'><strong><em>Avicenna</em></strong></span> <span class='ocrx_word' id='word_1_809' title='bbox 3407 3144 3457 3190; x_wconf 90' lang='lat' dir='ltr'><strong><em>et</em></strong></span> <span class='ocrx_word' id='word_1_810' title='bbox 3501 3133 3742 3188; x_wconf 75' lang='lat' dir='ltr'><strong><em>Macrobius</em></strong></span> 
     </span>
    </p>
   </div>
   <div class='ocr_carea' id='block_1_103' title="bbox 2231 3225 3741 3296">
    <p class='ocr_par' dir='ltr' id='par_1_103' title="bbox 2231 3225 3741 3296">
     <span class='ocr_line' id='line_1_103' title="bbox 2231 3225 3741 3296; baseline -0.001 -18"><span class='ocrx_word' id='word_1_811' title='bbox 2231 3225 2415 3278; x_wconf 90' lang='lat' dir='ltr'><strong><em>lunam</em></strong></span> <span class='ocrx_word' id='word_1_812' title='bbox 2444 3241 2474 3278; x_wconf 87' lang='lat' dir='ltr'><strong><em>a</em></strong></span> <span class='ocrx_word' id='word_1_813' title='bbox 2503 3227 2619 3281; x_wconf 93' lang='lat' dir='ltr'><strong><em>sole</em></strong></span> <span class='ocrx_word' id='word_1_814' title='bbox 2649 3227 2888 3281; x_wconf 91' lang='lat' dir='ltr'><strong><em>mutuari</em></strong></span> <span class='ocrx_word' id='word_1_815' title='bbox 2925 3228 3105 3282; x_wconf 83' lang='lat' dir='ltr'><strong><em>lumen</em></strong></span> <span class='ocrx_word' id='word_1_816' title='bbox 3132 3230 3376 3284; x_wconf 86' lang='lat' dir='ltr'><strong><em>credunt</em></strong></span> <span class='ocrx_word' id='word_1_817' title='bbox 3405 3248 3417 3282; x_wconf 91' lang='lat'>:</span> <span class='ocrx_word' id='word_1_818' title='bbox 3449 3229 3628 3296; x_wconf 86' lang='lat' dir='ltr'><strong><em>reliqua</em></strong></span> <span class='ocrx_word' id='word_1_819' title='bbox 3649 3239 3741 3278; x_wconf 80' lang='lat' dir='ltr'><strong><em>verr</em></strong></span> 
     </span>
    </p>
   </div>
   <div class='ocr_carea' id='block_1_104' title="bbox 2231 3317 3739 3392">
    <p class='ocr_par' dir='ltr' id='par_1_104' title="bbox 2231 3317 3739 3392">
     <span class='ocr_line' id='line_1_104' title="bbox 2231 3317 3739 3392; baseline 0.001 -24"><span class='ocrx_word' id='word_1_820' title='bbox 2231 3325 2378 3371; x_wconf 88' lang='lat' dir='ltr'><strong><em>astra</em></strong></span> <span class='ocrx_word' id='word_1_821' title='bbox 2406 3317 2473 3372; x_wconf 91' lang='lat' dir='ltr'><strong><em>de</em></strong></span> <span class='ocrx_word' id='word_1_822' title='bbox 2498 3333 2600 3372; x_wconf 90' lang='lat' dir='ltr'><strong><em>suo</em></strong></span> <span class='ocrx_word' id='word_1_823' title='bbox 2627 3319 2920 3375; x_wconf 89' lang='lat' dir='ltr'><strong><em>collucere.</em></strong></span> <span class='ocrx_word' id='word_1_824' title='bbox 2947 3321 3201 3390; x_wconf 82' lang='lat' dir='ltr'><strong><em>Antipho</em></strong></span> <span class='ocrx_word' id='word_1_825' title='bbox 3233 3323 3450 3392; x_wconf 87' lang='lat' dir='ltr'><strong><em>pr0prio</em></strong></span> <span class='ocrx_word' id='word_1_826' title='bbox 3474 3336 3581 3392; x_wconf 66' lang='lat' dir='ltr'><strong><em>cani</em></strong></span> <span class='ocrx_word' id='word_1_827' title='bbox 3603 3319 3739 3371; x_wconf 80' lang='lat' dir='ltr'><strong><em>lucert</em></strong></span> 
     </span>
    </p>
   </div>
   <div class='ocr_carea' id='block_1_105' title="bbox 2229 3389 3734 3480">
    <p class='ocr_par' dir='ltr' id='par_1_105' title="bbox 2229 3389 3734 3480">
     <span class='ocr_line' id='line_1_105' title="bbox 2229 3389 3734 3480; baseline -0.003 -19"><span class='ocrx_word' id='word_1_828' title='bbox 2229 3407 2451 3470; x_wconf 89' lang='lat' dir='ltr'><strong><em>lumine,</em></strong></span> <span class='ocrx_word' id='word_1_829' title='bbox 2477 3417 2660 3478; x_wconf 83' lang='lat' dir='ltr'><strong><em>partes</em></strong></span> <span class='ocrx_word' id='word_1_830' title='bbox 2685 3419 2866 3466; x_wconf 88' lang='lat' dir='ltr'><strong><em>autem</em></strong></span> <span class='ocrx_word' id='word_1_831' title='bbox 2900 3411 3020 3480; x_wconf 88' lang='lat' dir='ltr'><strong><em>ejus</em></strong></span> <span class='ocrx_word' id='word_1_832' title='bbox 3042 3412 3406 3467; x_wconf 73' lang='lat' dir='ltr'><strong><em>absconditus</em></strong></span> <span class='ocrx_word' id='word_1_833' title='bbox 3429 3389 3620 3467; x_wconf 73' lang='lat' dir='ltr'><strong><em>accessu</em></strong></span> <span class='ocrx_word' id='word_1_834' title='bbox 3637 3406 3734 3460; x_wconf 72' lang='lat' dir='ltr'><strong><em>SOlll</em></strong></span> 
     </span>
    </p>
   </div>
   <div class='ocr_carea' id='block_1_106' title="bbox 2227 3495 3738 3572">
    <p class='ocr_par' dir='ltr' id='par_1_106' title="bbox 2227 3495 3738 3572">
     <span class='ocr_line' id='line_1_106' title="bbox 2227 3495 3738 3572; baseline -0.004 -17"><span class='ocrx_word' id='word_1_835' title='bbox 2227 3502 2535 3565; x_wconf 89' lang='lat' dir='ltr'><strong><em>obscurari,</em></strong></span> <span class='ocrx_word' id='word_1_836' title='bbox 2572 3510 2833 3572; x_wconf 89' lang='lat' dir='ltr'><strong><em>tanquam</em></strong></span> <span class='ocrx_word' id='word_1_837' title='bbox 2863 3503 3201 3559; x_wconf 89' lang='lat' dir='ltr'><strong><em>imbecillius</em></strong></span> <span class='ocrx_word' id='word_1_838' title='bbox 3226 3520 3254 3558; x_wconf 89' lang='lat' dir='ltr'><strong><em>a</em></strong></span> <span class='ocrx_word' id='word_1_839' title='bbox 3283 3503 3509 3565; x_wconf 87' lang='lat' dir='ltr'><strong><em>fortiori,</em></strong></span> <span class='ocrx_word' id='word_1_840' title='bbox 3535 3495 3738 3571; x_wconf 83' lang='lat' dir='ltr'><strong><em>quemad-</em></strong></span> 
     </span>
    </p>
   </div>
   <div class='ocr_carea' id='block_1_107' title="bbox 2229 3591 3736 3668">
    <p class='ocr_par' dir='ltr' id='par_1_107' title="bbox 2229 3591 3736 3668">
     <span class='ocr_line' id='line_1_107' title="bbox 2229 3591 3736 3668; baseline -0.005 -20"><span class='ocrx_word' id='word_1_841' title='bbox 2229 3596 2449 3650; x_wconf 90' lang='lat' dir='ltr'><strong><em>modum</em></strong></span> <span class='ocrx_word' id='word_1_842' title='bbox 2507 3603 2560 3650; x_wconf 94' lang='lat' dir='ltr'><strong><em>et</em></strong></span> <span class='ocrx_word' id='word_1_843' title='bbox 2615 3597 2740 3650; x_wconf 86' lang='lat' dir='ltr'><strong><em>aliis</em></strong></span> <span class='ocrx_word' id='word_1_844' title='bbox 2800 3596 2980 3651; x_wconf 87' lang='lat' dir='ltr'><strong><em>stellis</em></strong></span> <span class='ocrx_word' id='word_1_845' title='bbox 3039 3591 3736 3668; x_wconf 75' lang='lat' dir='ltr'><strong><em>contingit;Anaximander,</em></strong></span> 
     </span>
    </p>
   </div>
   <div class='ocr_carea' id='block_1_108' title="bbox 2231 3673 3738 3759">
    <p class='ocr_par' dir='ltr' id='par_1_108' title="bbox 2231 3673 3738 3759">
     <span class='ocr_line' id='line_1_108' title="bbox 2231 3673 3738 3759; baseline -0.009 -14"><span class='ocrx_word' id='word_1_846' title='bbox 2231 3685 2596 3759; x_wconf 81' lang='lat' dir='ltr'><strong><em>Xenophanes</em></strong></span> <span class='ocrx_word' id='word_1_847' title='bbox 2629 3689 2909 3759; x_wconf 88' lang='lat' dir='ltr'><strong><em>proprium</em></strong></span> <span class='ocrx_word' id='word_1_848' title='bbox 2943 3689 3131 3742; x_wconf 91' lang='lat' dir='ltr'><strong><em>lunam</em></strong></span> <span class='ocrx_word' id='word_1_849' title='bbox 3182 3689 3387 3743; x_wconf 78' lang='lat' dir='ltr'><strong><em>habere</em></strong></span> <span class='ocrx_word' id='word_1_850' title='bbox 3429 3687 3588 3741; x_wconf 88' lang='lat' dir='ltr'><strong><em>lumen</em></strong></span> <span class='ocrx_word' id='word_1_851' title='bbox 3623 3673 3738 3734; x_wconf 58' lang='lat' dir='ltr'><strong><em>(lite-</em></strong></span> 
     </span>
    </p>
   </div>
   <div class='ocr_carea' id='block_1_109' title="bbox 2224 3775 3734 3851">
    <p class='ocr_par' dir='ltr' id='par_1_109' title="bbox 2224 3775 3734 3851">
     <span class='ocr_line' id='line_1_109' title="bbox 2224 3775 3734 3851; baseline -0.007 -16"><span class='ocrx_word' id='word_1_852' title='bbox 2224 3790 2394 3848; x_wconf 86' lang='lat' dir='ltr'><strong><em>runt;</em></strong></span> <span class='ocrx_word' id='word_1_853' title='bbox 2443 3782 2768 3836; x_wconf 87' lang='lat' dir='ltr'><strong><em>Aristoteles</em></strong></span> <span class='ocrx_word' id='word_1_854' title='bbox 2827 3781 3113 3851; x_wconf 83' lang='lat' dir='ltr'><strong><em>preprium</em></strong></span> <span class='ocrx_word' id='word_1_855' title='bbox 3178 3781 3414 3850; x_wconf 89' lang='lat' dir='ltr'><strong><em>quidem.</em></strong></span> <span class='ocrx_word' id='word_1_856' title='bbox 3454 3778 3539 3834; x_wconf 91' lang='lat' dir='ltr'><strong><em>sed</em></strong></span> <span class='ocrx_word' id='word_1_857' title='bbox 3573 3775 3734 3835; x_wconf 81' lang='lat' dir='ltr'><strong><em>rarius;</em></strong></span> 
     </span>
    </p>
   </div>
   <div class='ocr_carea' id='block_1_110' title="bbox 2229 3872 3736 3940">
    <p class='ocr_par' dir='ltr' id='par_1_110' title="bbox 2229 3872 3736 3940">
     <span class='ocr_line' id='line_1_110' title="bbox 2229 3872 3736 3940; baseline -0.007 -13"><span class='ocrx_word' id='word_1_858' title='bbox 2229 3875 2399 3928; x_wconf 89' lang='lat' dir='ltr'><strong><em>Stoici</em></strong></span> <span class='ocrx_word' id='word_1_859' title='bbox 2446 3875 2871 3940; x_wconf 89' lang='lat' dir='ltr'><strong><em>subobscurum,</em></strong></span> <span class='ocrx_word' id='word_1_860' title='bbox 2904 3882 2956 3930; x_wconf 88' lang='lat' dir='ltr'><strong><em>et</em></strong></span> <span class='ocrx_word' id='word_1_861' title='bbox 2989 3889 3214 3928; x_wconf 89' lang='lat' dir='ltr'><strong><em>aereum</em></strong></span> <span class='ocrx_word' id='word_1_862' title='bbox 3243 3893 3258 3938; x_wconf 87' lang='lat'><strong>;</strong></span> <span class='ocrx_word' id='word_1_863' title='bbox 3306 3872 3527 3927; x_wconf 79' lang='lat' dir='ltr'><strong><em>Berosus</em></strong></span> <span class='ocrx_word' id='word_1_864' title='bbox 3563 3877 3736 3922; x_wconf 81' lang='lat' dir='ltr'><strong><em>auctore</em></strong></span> 
     </span>
    </p>
   </div>
   <div class='ocr_carea' id='block_1_111' title="bbox 2225 3965 3735 4038">
    <p class='ocr_par' dir='ltr' id='par_1_111' title="bbox 2225 3965 3735 4038">
     <span class='ocr_line' id='line_1_111' title="bbox 2225 3965 3735 4038; baseline -0.005 -18"><span class='ocrx_word' id='word_1_865' title='bbox 2225 3965 2546 4031; x_wconf 73' lang='lat' dir='ltr'><strong><em>Cleomede,</em></strong></span> <span class='ocrx_word' id='word_1_866' title='bbox 2562 3976 2725 4038; x_wconf 86' lang='lat' dir='ltr'><strong><em>atque</em></strong></span> <span class='ocrx_word' id='word_1_867' title='bbox 2745 3968 2908 4022; x_wconf 88' lang='lat' dir='ltr'><strong><em>etiam</em></strong></span> <span class='ocrx_word' id='word_1_868' title='bbox 2930 3966 3186 4021; x_wconf 79' lang='lat' dir='ltr'><strong><em>Vitruvio</em></strong></span> <span class='ocrx_word' id='word_1_869' title='bbox 3208 3968 3303 4022; x_wconf 86' lang='lat' dir='ltr'><strong><em>lib.</em></strong></span> <span class='ocrx_word' id='word_1_870' title='bbox 3335 3984 3406 4030; x_wconf 77' lang='lat' dir='ltr'><strong><em>Ix,</em></strong></span> <span class='ocrx_word' id='word_1_871' title='bbox 3429 3982 3538 4035; x_wconf 87' lang='lat' dir='ltr'><strong><em>cap.</em></strong></span> <span class='ocrx_word' id='word_1_872' title='bbox 3557 3965 3735 4031; x_wconf 57' lang='lat' dir='ltr'><strong><em>Lquem</em></strong></span> 
     </span>
    </p>
   </div>
   <div class='ocr_carea' id='block_1_112' title="bbox 2226 4057 3736 4129">
    <p class='ocr_par' dir='ltr' id='par_1_112' title="bbox 2226 4057 3736 4129">
     <span class='ocr_line' id='line_1_112' title="bbox 2226 4057 3736 4129; baseline -0.005 -17"><span class='ocrx_word' id='word_1_873' title='bbox 2226 4057 2370 4121; x_wconf 75' lang='lat' dir='ltr'><strong><em>vide,</em></strong></span> <span class='ocrx_word' id='word_1_874' title='bbox 2402 4061 2618 4129; x_wconf 70' lang='lat' dir='ltr'><strong><em>putavit</em></strong></span> <span class='ocrx_word' id='word_1_875' title='bbox 2677 4059 2818 4113; x_wconf 73' lang='lat' dir='ltr'><strong><em>luna:</em></strong></span> <span class='ocrx_word' id='word_1_876' title='bbox 2848 4074 3050 4129; x_wconf 88' lang='lat' dir='ltr'><strong><em>corpus</em></strong></span> <span class='ocrx_word' id='word_1_877' title='bbox 3087 4059 3260 4128; x_wconf 88' lang='lat' dir='ltr'><strong><em>pilam</em></strong></span> <span class='ocrx_word' id='word_1_878' title='bbox 3291 4073 3409 4113; x_wconf 90' lang='lat' dir='ltr'><strong><em>esse</em></strong></span> <span class='ocrx_word' id='word_1_879' title='bbox 3437 4057 3588 4109; x_wconf 87' lang='lat' dir='ltr'><strong><em>altera</em></strong></span> <span class='ocrx_word' id='word_1_880' title='bbox 3621 4057 3736 4120; x_wconf 73' lang='lat' dir='ltr'><strong><em>parte</em></strong></span> 
     </span>
    </p>
   </div>
   <div class='ocr_carea' id='block_1_113' title="bbox 2223 4147 3732 4219">
    <p class='ocr_par' dir='ltr' id='par_1_113' title="bbox 2223 4147 3732 4219">
     <span class='ocr_line' id='line_1_113' title="bbox 2223 4147 3732 4219; baseline -0.009 -14"><span class='ocrx_word' id='word_1_881' title='bbox 2223 4150 2578 4217; x_wconf 88' lang='lat' dir='ltr'><strong><em>candentem,</em></strong></span> <span class='ocrx_word' id='word_1_882' title='bbox 2609 4150 2780 4204; x_wconf 89' lang='lat' dir='ltr'><strong><em>altera</em></strong></span> <span class='ocrx_word' id='word_1_883' title='bbox 2815 4149 3104 4204; x_wconf 64' lang='lat' dir='ltr'><strong><em>caeruleam</em></strong></span> <span class='ocrx_word' id='word_1_884' title='bbox 3135 4190 3150 4213; x_wconf 89' lang='lat'><strong><em>,</em></strong></span> <span class='ocrx_word' id='word_1_885' title='bbox 3181 4149 3412 4219; x_wconf 85' lang='lat' dir='ltr'><strong><em>ejusque</em></strong></span> <span class='ocrx_word' id='word_1_886' title='bbox 3444 4147 3732 4201; x_wconf 86' lang='lat' dir='ltr'><strong><em>mutationem</em></strong></span> 
     </span>
    </p>
   </div>
  </div>
