3952 6204
292 308 394 367 861

1253 296 1322 353 ιΝ
1361 292 1733 352 EUSTATHII
1757 292 1942 349 HEXA
1953 290 2235 347 EMERON
2270 289 2499 347 NOTAE.

3430 268 3537 325 863

294 428 411 487 τοῖς
435 425 513 487 εἰς
543 420 616 475 τὰ
659 420 977 492 Ἀρτεμίσισι
1007 417 1250 472 εἰσιοῦσι.
1284 416 1454 471 Τοῦτο
1475 417 1585 489 τὰρ
1614 417 1713 487 μὲν
1744 415 1880 485 σύμ-

1991 427 2112 488 gere
2159 422 2214 466 et
2254 411 2500 467 roborari
2554 409 2851 465 cernimus.
2894 407 3203 464 Ludovicus
3248 405 3446 463 Fidelis
3472 407 3549 464 De

296 516 456 572 601th
484 517 598 568 ἐστι
625 511 718 565 τοῦ
749 509 946 578 ἔξωθεν
968 509 1111 581 ἔχειν
1136 508 1232 581 τὴν
1254 509 1482 581 σελήνην
1510 508 1569 565 τὸ
1598 507 1732 577 cadis.

378 607 535 669 ΠΜ..
567 606 666 661 lin.
692 604 790 658 ult.
828 601 945 673 Τῆς
964 602 1191 673 ἡμέρας
1219 602 1455 668 ἐκείνης
1485 601 1637 671 μήτε
1661 600 1873 668 οὔσης.

300 700 450 771 Lego
481 696 556 768 μὴ
575 696 867 766 uacatione,
898 695 1033 766 μήτε
1066 701 1199 757 etc.,
1231 693 1296 746 ad
1327 700 1563 747 mentem
1609 691 1873 753 auctoris,

300 791 399 862 qui
430 789 547 843 haec
581 787 692 842 duo
731 785 787 846 in
822 784 938 839 sole
977 782 1366 843 considerauit,
1410 781 1593 835 lumen
1627 787 1683 835 et
1727 779 1877 834 calo-

298 897 444 947 rem,
480 882 666 937 lumen
697 878 850 937 dedit
880 876 987 933 diei
1009 916 1026 940 ,
1068 876 1305 935 calorem
1336 874 1439 929 soli
1474 892 1487 927 :
1520 882 1574 928 et
1619 872 1743 927 ideo
1786 872 1877 927 hic

297 978 382 1031 ait
431 974 603 1031 solem
640 979 853 1025 tantum
887 969 959 1024 ab
999 967 1088 1022 illa
1129 967 1217 1022 die
1246 982 1422 1037 neque
1455 973 1668 1028 urente,
1699 979 1878 1035 neque

296 1067 683 1129 calefaciente,
715 1063 809 1120 sed
836 1062 1013 1119 solum
1038 1061 1377 1118 illuminanle
1399 1059 1580 1114 lumen
1604 1059 1873 1129 accipere.

371 1159 492 1215 Col.
524 1157 647 1223 720,
681 1158 777 1211 lin.
802 1154 856 1209 2.
888 1154 1017 1208 Ὀτι
1048 1152 1117 1207 δὲ
1145 1152 1214 1206 ἐκ
1244 1150 1435 1221 πυρὸς
1475 1149 1875 1217 συνέστηκεν.

298 1254 514 1309 Omnes
541 1250 655 1307 fere
690 1259 902 1305 veteres
942 1245 1254 1318 philosophi
1296 1260 1405 1299 uno
1437 1258 1534 1299 ore
1584 1244 1755 1300 solem
1788 1258 1879 1296 ca-

295 1338 477 1399 lidum
527 1347 581 1394 et
631 1335 874 1393 candens
919 1335 1050 1406 quid
1101 1350 1225 1390 esse
1265 1334 1622 1395 afﬁrmarunt,
1670 1331 1774 1389 etsi
1823 1331 1879 1386 in

294 1431 489 1486 calido
512 1430 617 1491 hoc
650 1426 1006 1499 exprimendo
1042 1442 1153 1482 non
1178 1423 1554 1487 convenerint.
1594 1421 1881 1494 Euripides

294 1524 358 1579 ln
392 1523 687 1579 Phoenissis
718 1523 896 1594 ignem
937 1522 1149 1576 vocavit
1178 1559 1194 1584 ,
1242 1556 1245 1557 ν

416 1617 580 1672 Ἥλιε
617 1615 780 1682 θοαῖς
820 1615 1097 1669 ἵπποισιν
1126 1612 1415 1672 εἱλίσσων
1432 1610 1649 1679 φλόγα,

411 1713 551 1773 etin
583 1709 873 1764 Phaetonte
894 1752 913 1776 ,

414 1820 609 1892 Θερμὴ
649 1820 718 1875 δὲ
743 1820 1001 1887 ἄνακτος

415 1915 577 1979 Φλόξ
598 1913 1056 1982 ὑπερτέλλουσα
1079 1910 1206 1983 γῆςι

382 2007 752 2076 Anaxagoras,
781 2013 836 2061 et
851 2004 1187 2061 Democritus
1207 2003 1430 2067 ferrum,
1443 2002 1527 2056 vel
1542 2016 1731 2057 saxum
1749 2015 1879 2054 cau—

298 2101 482 2167 dens;
512 2098 865 2154 Parmenides
892 2098 1062 2153 solem
1094 2097 1347 2151 etlunam
1377 2095 1445 2151 de
1465 2095 1673 2149 circulo
1704 2093 1879 2148 lacteo

297 2195 484 2250 voluit
505 2192 747 2257 cxcerni,
761 2191 911 2246 illum
943 2189 1161 2260 quidem
1175 2204 1205 2242 a
1218 2189 1428 2244 rariore
1440 2186 1602 2242 calidi
1625 2187 1874 2249 mistura,

299 2290 455 2344 hanc
484 2302 514 2340 a
542 2285 800 2341 densiore
828 2282 1011 2354 frigidi
1031 2301 1047 2349 ;
1064 2282 1434 2353 Xenophanes
1452 2280 1520 2335 de
1537 2279 1877 2334 nubibusin-

300 2382 494 2438 censis
522 2387 701 2435 ortum
747 2380 919 2436 solem
970 2385 1145 2449 putat,
1166 2385 1225 2434 et
1256 2375 1523 2433 defectum
1547 2374 1742 2431 iisdem
1784 2389 1879 2429 ex-

304 2472 525 2528 stinctis
540 2470 777 2532 evenire,
797 2476 851 2525 et
869 2470 1032 2524 alium
1050 2483 1245 2524 rursus
1261 2467 1394 2522 oriri
1415 2485 1430 2533 ;
1448 2466 1875 2536 Theophrastus,

306 2562 556 2633 physicis
587 2560 843 2632 igniculis
865 2559 933 2614 de
964 2557 1185 2616 humida
1214 2555 1557 2612 exhalatione
1586 2554 1874 2624 componi;

303 2653 702 2711 Anaximandri
746 2662 812 2710 et.
845 2651 1076 2708 aliorum
1110 2648 1399 2722 Opiniones
1430 2646 1555 2704 vide
1589 2647 1732 2716 apud
1756 2644 1881 2700 Sto-

304 2747 489 2801 bmum
521 2744 577 2798 in
620 2742 835 2813 Eclogis
862 2741 1116 2812 physicis,
1142 2755 1261 2810 pag.
1297 2738 1401 2805 55;
1432 2745 1487 2793 et
1521 2735 1710 2795 Patres
1733 2735 1878 2790 anti-

306 2838 430 2908 qui,
468 2834 731 2895 Basilius.
777 2833 926 2888 bom.
950 2832 1027 2901 6;,
1046 2830 1391 2902 Augustinus
1417 2829 1664 2901 pluribus
1714 2829 1770 2881 in
1799 2827 1881 2882 ιον

307 2931 429 2995 cis;
492 2924 820 2981 Ambrosius
857 2924 955 2979 lib.
985 2939 1044 2978 ιι.
1077 2921 1332 2977 Hexaem.
1373 2930 1428 2975 et
1454 2922 1567 2975 alii.
1598 2920 1664 2975 Et
1707 2936 1771 2976 ex
1802 2935 1891 2976 τοι

307 3018 672 3082 centioribus,
707 3016 863 3086 [Iugo
892 3014 960 3071 de
989 3013 1046 3070 S.
1090 3013 1305 3069 Victore
1355 3013 1560 3072 Adnot.
1582 3013 1637 3068 in
1671 3009 1833 3066 Genes
1863 3053 1880 3077 ,

1982 504 2386 563 mundistruct.
2423 503 2519 557 lib.
2554 518 2610 565 v,
2644 516 2767 570 cap.
2802 500 2855 564 5,
2885 499 3240 570 quaestionem
3269 497 3335 553 de
3367 498 3551 554 calore

1979 592 2114 652 solis
2157 596 2443 667 proponit,
2474 602 2535 651 et.
2565 594 2632 648 ad
2679 601 2914 648 mentem
2967 592 3142 647 nostri
3187 592 3429 645 auctoris
3474 590 3549 646 ita

1978 689 2229 744 dissolvit
2258 707 2272 744 :
2307 688 2496 742 Verum
2531 686 2637 752 hic,
2666 686 2866 755 inquit,
2897 684 3134 738 nonnihil
3162 684 3436 737 suboritur
3453 700 3552 736 ait-

1978 784 2218 847 xietatis,
2257 800 2326 838 an
2360 782 2463 837 soli
2503 791 2783 850 perpetuus
2820 780 3025 834 hazreat
3048 779 3219 842 calor,
3259 796 3329 832 an
3375 777 3552 833 calore

1977 893 2196 947 prorsus
2244 879 2312 931 sit
2352 875 2684 930 destitutus?
2708 872 2866 928 Circa
2908 872 2963 927 id
2992 875 3141 927 uaria
3173 872 3553 942 circumferun-

1983 980 2070 1024 tur
2092 965 2280 1033 sensa;
2311 967 2441 1021 nihil
2472 977 2646 1021 tamen
2693 966 2925 1020 alienum
2955 983 2986 1019 a
3014 967 3231 1019 veritate
3272 965 3552 1019 existinm-

1980 1060 2161 1123 rerim,
2188 1060 2237 1112 si
2270 1065 2327 1109 ut
2355 1056 2455 1110 soli
2477 1054 2723 1124 splendor
2759 1071 2963 1122 semper
3008 1054 3233 1120 hwrens,
3277 1056 3438 1109 etiam
3466 1058 3542 1110 in-

1981 1162 2160 1206 ternus
2210 1150 2479 1204 tribuatur
2512 1148 2699 1201 calor:
2729 1149 2819 1217 qui
2868 1148 3270 1218 circumquaque
3322 1147 3549 1216 diffusus

1978 1243 2090 1297 lucc
2121 1240 2404 1310 calefaciat
2436 1239 2713 1309 inferiora.
2746 1236 2882 1291 Hinc
2898 1248 3096 1307 quanto
3123 1239 3335 1307 propius
3366 1237 3434 1291 ad
3456 1254 3549 1292 nos

1981 1333 2185 1388 accedit
2217 1333 2319 1393 sol,
2346 1341 2396 1386 et
2421 1341 2604 1385 nostro
2642 1327 2819 1384 zenith
2860 1329 3082 1383 vicinior
3128 1340 3362 1398 apparet,
3406 1339 3551 1383 tanto

1979 1423 2127 1478 illius
2160 1425 2435 1485 intensior,
2480 1431 2531 1475 et
2573 1438 2674 1490 quo
2704 1420 2957 1474 remotior
2982 1437 3014 1473 a
3040 1419 3219 1482 nobis,
3247 1437 3304 1474 eo
3332 1420 3555 1475 debilior

1964 1516 2305 1597 percipiatur
2334 1514 2499 1568 calor.
2541 1511 2611 1565 Et
2633 1512 2853 1583 proinde
2893 1512 2981 1582 qui
3020 1528 3167 1565 sonte
3194 1510 3411 1565 subsunt
3445 1520 3555 1565 tor-

1979 1609 2110 1663 rida:
2126 1605 2490 1662 vehementiori
2518 1613 2815 1658 exuruntur
2839 1614 2991 1666 testu,
3027 1603 3166 1673 quod
3195 1603 3301 1655 illis
3335 1602 3400 1656 sit
3424 1602 3553 1657 solis

1978 1699 2429 1770 perpendicularis
2463 1698 2633 1761 calor,
2659 1706 2709 1752 et
2733 1698 2822 1768 qui
2862 1697 3050 1751 absunt
3093 1697 3321 1765 longius,
3364 1695 3556 1765 majori

1914 1780 1955 1836 Β
1983 1788 2153 1856 rigent
2184 1784 2403 1854 frigore.
2449 1782 2590 1836 Hinc
2622 1784 2705 1852 ﬁt,
2737 1793 2794 1834 ut
2824 1783 2913 1852 qui
2952 1780 3047 1835 sub
3075 1781 3194 1851 polo
3219 1782 3438 1843 arctico,
3478 1780 3558 1834 vel

1986 1876 2279 1930 antarctico
2307 1872 2533 1927 resident
2561 1873 2829 1926 immensis
2858 1870 3149 1941 algoribus.
3180 1872 3314 1924 sicut
3351 1871 3442 1938 qui
3460 1870 3555 1925 sub

1986 1985 2119 2023 zona
2134 1966 2333 2021 torrida
2352 1966 2610 2019 continuis
2625 1964 2931 2034 subjaceant
2957 1963 3258 2017 ardoribus.
3287 1961 3328 1996 δ’
3330 1964 3369 2016 it
3392 1965 3555 2017 etiam

1985 2071 2040 2118 ut
2073 2060 2181 2115 sole
2222 2059 2546 2112 horizontem
2591 2066 2831 2110 nostrum
2854 2065 3138 2124 occupante
3169 2072 3259 2109 aer
3278 2055 3576 2125 fervidior”

1984 2162 2035 2207 et
2065 2151 2369 2206 abscedente
2391 2150 2614 2220 rigidior
2642 2148 3078 2218 deprehendatur.

2054 2241 2214 2305 Ibid.,
2244 2242 2342 2297 lin.
2373 2242 2423 2296 4.
2468 2239 2578 2293 Τοῦ
2614 2237 2975 2307 ὄιαχωρίζειν
3002 2237 3119 2292 ἀνὰ
3145 2238 3358 2307 μέσον.
3397 2235 3555 2290 Βιιείὲ

1985 2337 2112 2401 lius,
2139 2336 2285 2390 hom.
2312 2333 2366 2399 6,
2396 2332 2512 2387 Νῦν
2543 2333 2599 2386 δὲ
2628 2332 2779 2403 ἥλιον
2807 2329 3035 2396 ἐπέταξε
3065 2333 3177 2394 τοῖς
3212 2330 3430 2401 μέτροις
3455 2327 3557 2399 τῆς

1984 2428 2215 2500 ἡμέρας,
2238 2427 2331 2481 καὶ
2363 2426 2612 2498 σελήνην,
2630 2426 2757 2477 ὅταν
2782 2425 2912 2477 ποτὲ
2933 2423 3069 2494 πρὸς
3095 2424 3184 2476 τὸν
3211 2422 3339 2475 ἴδιον
3362 2420 3558 2475 κύκλον

1985 2521 2316 2594 ἀπαρτισθῇ,
2345 2520 2585 2591 ἀρχηγὸν
2630 2519 2853 2592 ἐποίησε
2888 2518 2987 2589 τῆς
3022 2517 3234 2581 νυκτός.
3269 2515 3553 2592 Constant.

1984 2612 2132 2670 Man.
2165 2614 2219 2667 in
2253 2612 2451 2667 Annal.

1989 2706 2152 2759 Οὕτω
2179 2703 2296 2765 μὲν
2321 2699 2434 2758 οὖν
2459 2702 2728 2756 τετέλετο
2766 2701 2838 2755 τὰ
2868 2699 3015 2753 κατὰ
3047 2698 3187 2764 τοὺς
3228 2697 3486 2765 ἀστέρας

1984 2776 2093 2831 Καὶ
2122 2768 2366 2828 τέτακτο
2398 2772 2519 2843 μὲν
2543 2773 2717 2843 ἣλιος
2739 2770 2936 2843 ἀστὴρ
2973 2768 3417 2843 ἠμεροκρᾴτωρτ

1992 2846 2063 2900 Τὸ
2105 2845 2174 2898 δὲ
2197 2838 2466 2911 cedria-nc
2483 2838 2800 2912 ,βλέφαρον
2827 2842 3170 2909 ἐπύρσευσε
3205 2838 3318 2905 τὴν
3349 2839 3558 2893 νύκτα.

2055 2943 2216 3008 lbid.,
2251 2943 2348 2997 lin.
2383 2942 2434 2996 7.
2467 2943 2644 2995 Ἔστι
2675 2940 2744 2993 δὲ
2765 2939 2803 3006 ἡ
2838 2938 2954 3003 νὺξ
2984 2938 3275 3006 σκίασμα.
3300 2934 3559 3000 Basilius,

1985 3036 2134 3091 hom.
2163 3034 2216 3099 6,
2247 3033 2358 3087 Καὶ
2380 3035 2414 3104 ὴ
2434 3032 2529 3099 νὺξ
2557 3033 2651 3085 ἐπὶ
2675 3031 2736 3084 τὸ
2770 3029 3009 3085 ἐναντίον
3037 3032 3157 3092 ταῖς
3184 3028 3398 3081 ἀκτῖσιν
3427 3027 3561 3080 ὑπο-

309 3128 437 3191 cap.
474 3111 544 3177 6,
574 3111 775 3174 solum,
810 3107 1021 3178 inquit,_
1050 3107 1218 3162 solem
1259 3105 1534 3174 propriam
1565 3103 1765 3157 habere
1799 3103 1880 3156 lu-

1991 3130 2172 3200 χωρεῖ,
2214 3127 2366 3179 οὐδὲν
2388 3103 2574 3196 11ἕτερον
2605 3119 2739 3177 οὖσα
2765 3121 2906 3176 κατὰ
2925 3119 3022 3190 τὴν
3048 3119 3207 3188 φύσιν
3253 3117 3286 3189 ἢ
3319 3115 3562 3187 σκίασμα

307 3221 456 3269 cem,
488 3212 542 3260 et
570 3204 751 3274 ipsum
792 3216 856 3257 ex
894 3202 1018 3272 igne
1049 3214 1173 3256 esse
1211 3197 1436 3260 factum,
1483 3196 1724 3265 reliquas
1752 3209 1881 3249 vero

309 3298 503 3353 stellas
544 3312 611 3351 ex
656 3309 828 3350 aerea.
867 3293 1098 3348 materia
1161 3291 1401 3346 relucere
1459 3288 1662 3359 potius,
1719 3303 1882 3358 quam

309 3390 525 3448 lucere.
570 3384 752 3442 Solem
794 3393 1001 3448 tamen,
1050 3383 1193 3439 sicut
1241 3388 1294 3437 et
1340 3391 1534 3435 caetera
1578 3387 1726 3434 astra
1774 3395 1884 3435 non

309 3495 439 3537 esse
472 3478 686 3543 calidze,
719 3492 820 3532 nec
851 3477 1023 3548 ignea:
1047 3481 1257 3530 naturae
1295 3474 1452 3528 multi
1481 3472 1758 3536 doctores,
1794 3488 1886 3525 va-

313 3572 608 3637 lidissimis
642 3570 946 3626 rationibus
981 3566 1335 3631 concludunt.
1390 3563 1483 3623 Sol
1516 3566 1660 3621 enim
1702 3565 1882 3619 incor-

314 3663 599 3734 ruptibilis
626 3668 733 3724 est,
776 3676 877 3717 nec
918 3658 1160 3715 admittit
1194 3657 1490 3734 qualitates
1516 3656 1882 3726 corruptivas,

315 3733 458 3815 tales
501 3761 632 3810 sunt
655 3754 804 3808 calor
831 3759 886 3809 et
914 3751 1105 3822 frigus.
1136 3751 1297 3807 Astra
1351 3762 1407 3806 et
1435 3733 1516 3807 sol
1546 3765 1647 3807 nec
1694 3756 1889 3823 praeter

315 3855 600 3912 naturam,
625 3860 729 3909 nec
761 3845 1031 3901 violenter
1053 3852 1343 3899 moventur
1374 3862 1387 3897 :
1422 3843 1568 3913 quod
1609 3843 1665 3901 si,
1705 3848 1889 3897 essent

314 3942 478 4013 ignea
502 3940 554 3996 id
582 3938 875 4005 accideret,
898 3936 1039 4008 ignis
1062 3936 1207 3992 enim
1239 3951 1459 3993 sursum
1501 3942 1767 3991 movetur.
1798 3932 1890 3991 Sic

314 4035 485 4090 etiam
543 4032 752 4087 nullum
810 4038 956 4085 esset
1018 4043 1269 4085 securum
1324 4033 1387 4085 et,
1443 4033 1655 4091 tutum,
1707 4026 1888 4080 omnia

315 4126 469 4182 enim
504 4132 779 4179 astrorum
816 4123 911 4177 illo
949 4122 1075 4192 igne
1121 4118 1577 4191 conflagrassent,
1624 4133 1747 4173 cum
1779 4132 1888 4173 non

313 4235 421 4290 per
454 4219 633 4273 lucem
666 4216 842 4272 solum
869 4214 964 4270 sed
1004 4213 1166 4271 etiam
1202 4227 1299 4283 per
1328 4211 1588 4274 calorem,
1621 4208 1888 4269 caleface-

317 4316 447 4365 rent
484 4319 539 4363 et
565 4315 858 4364 torrerent.
892 4305 1148 4362 Dicamus
1181 4305 1368 4375 igitur,
1392 4304 1627 4358 solarem
1655 4308 1890 4358 calorem

314 4402 464 4458 nihil
498 4401 646 4456 aliud
676 4415 800 4457 esse
838 4414 1004 4470 quam
1037 4397 1274 4459 calorem
1304 4398 1463 4469 ignis,
1498 4396 1631 4452 solis
1661 4395 1888 4467 fulgore.

1984 3220 2108 3290 γῆςο
2156 3218 2244 3281 Ὦς
2277 3216 2386 3288 γὰρ
2414 3217 2471 3268 ἐν
2498 3214 2684 3286 ἡμέρᾳ
2715 3215 2748 3283 ἡ
2776 3212 2904 3265 σκιὰ
2917 3211 2995 3281 τῷ
3024 3209 3437 3279 ἀντιφράσσοντι
3461 3208 3560 3278 τὴν

1984 3312 2157 3382 αὐγὴν
2210 3309 2637 3381 παρυφίσταται,
2670 3304 2843 3367 οὕτως
2872 3305 2906 3375 ἡ
2946 3302 3060 3366 νὺξ,
3083 3300 3434 3371 σκιαζομένου
3467 3299 3563 3352 τοῦ

1985 3405 2114 3474 περὶ
2140 3403 2245 3473 γῆν
2277 3399 2462 3471 ἀέρος.
2496 3394 2846 3450 συνίστασθαι
2879 3392 3146 3461 πέφυκεν.
3205 3390 3416 3445 Plinius
3444 3390 3479 3442 l.
3499 3405 3560 3446 ιι.

1985 3511 2106 3566 cap.
2136 3495 2222 3557 10,
2258 3491 2426 3547 Terra
2460 3492 2711 3546 subeunte
2749 3488 3050 3556 repentinas
3082 3482 3268 3537 obduci
3299 3480 3562 3566 tenebras,

1986 3562 2297 3653 rursumque
2325 3581 2473 3636 illius
2508 3582 2696 3634 umbra
2725 3577 2874 3633 sidus
2910 3574 3163 3629 hebetari.
3201 3571 3380 3642 Neque
3414 3562 3562 3624 aliud

1985 3690 2099 3729 esse
2138 3681 2341 3729 noctem
2383 3686 2539 3740 quam
2586 3679 2740 3725 terrae
2792 3665 3056 3720 umbram.
3106 3661 3457 3731 Palingeuius
3505 3661 3562 3714 in

1988 3766 2220 3821 Zodiaco
2244 3766 2383 3827 vitta,
2410 3763 2507 3817 lib.
2536 3778 2595 3817 ιι.
2656 3810 2657 3815 η

2208 3886 2278 3899 --
2309 3857 2413 3914 Sed
2440 3869 2544 3908 nox
2575 3852 2796 3909 adrersa
2822 3852 2875 3904 in
2906 3858 3057 3919 parte
3085 3855 3318 3909 creatur,

1991 3927 2192 3996 Quippe
2213 3926 2361 3985 aliud
2375 3942 2479 3979 non
2496 3934 2571 3978 est
2592 3941 2749 3994 quam
2764 3914 2918 3978 terrai
2936 3929 3089 3990 atque
3108 3918 3332 3988 aquaris
3357 3914 3561 3969 umbra.

2060 4017 2219 4083 lbid.,
2252 4018 2350 4071 lin.
2384 4015 2470 4070 11.
2497 4015 2605 4070 Kal
2636 4018 2668 4069 ὀ
2691 4013 2807 4085 μὲν
2836 4012 3008 4081 ἣλιος
3054 4008 3278 4076 ὥσπερ.
3322 4005 3394 4060 De
3433 4005 3566 4068 solis

1992 4108 2331 4176 praestantia,
2374 4105 2673 4176 dignitate,
2724 4103 2776 4156 vi
2830 4098 3176 4159 admiranda,
3225 4105 3279 4151 et
3326 4096 3565 4165 potentia

1992 4200 2291 4272 Dionysius
2323 4197 2654 4268 Areopagita
2689 4195 2767 4249 De
2793 4194 2957 4248 dirin.
2988 4188 3309 4253 nominibus,
3340 4202 3461 4258 cap.
3497 4186 3564 4250 l;

1992 4293 2242 4351 lulianus
2267 4290 2549 4362 Apostata,
2568 4285 2840 4357 Orpheus,
2864 4283 3112 4345 l’roclus,
3139 4278 3358 4351 Lycius,
3378 4279 3563 4347 hymn.

1995 4386 2050 4441 in
2101 4386 2300 4451 solem,
2344 4381 2557 4439 Plinius
2596 4380 2674 4434 lib
2734 4395 2797 4441 ιι,
2840 4392 2962 4447 cap.
3016 4374 3071 4441 6,
3110 4370 3516 4443 elegantissime
3550 4382 3565 4396 ’

315 4510 434 4566 quo
456 4492 778 4548 naturaliter
804 4461 1074 4551 trahatur.
1093 4461 1966 4558 niodificatum.Namquevcum.D
1996 4480 2196 4537 Eorum
2231 4475 2433 4533 medius
2448 4473 2528 4529 sol
2545 4473 2737 4543 fertur,
2774 4468 3102 4538 amplissima
3120 4461 3479 4535 magnitudine
3507 4475 3568 4513 ac

314 4586 470 4641 inter
501 4580 843 4637 alimentaria
875 4593 1110 4649 corpora
1146 4578 1364 4649 igneum
1399 4576 1576 4632 solum
1610 4574 1891 4629 caelestem

316 4678 573 4733 imitatur
618 4673 907 4744 fulgorem,
950 4673 1132 4742 ipsum
1163 4685 1296 4727 vero
1340 4668 1417 4723 ita
1458 4674 1518 4721 ut
1543 4664 1768 4735 plurimi
1803 4678 1885 4719 ve-

316 4781 507 4826 terum
540 4765 1013 4839 philosophatum,
1041 4762 1112 4818 ob
1142 4776 1262 4816 eam
1301 4756 1712 4817 similitudinem
1746 4762 1895 4814 astra

315 4866 485 4934 ignea
516 4875 639 4916 esse
671 4856 938 4928 suspicati
988 4854 1134 4916 sint,
1165 4851 1233 4911 iit;
1253 4851 1409 4906 valde
1443 4854 1894 4910 consentaneum,

315 4964 389 5009 nt
421 4950 807 5009 similitudinis.
849 4948 1001 5011 illius
1045 4961 1214 5005 causa
1264 4943 1423 5000 facile
1454 4941 1711 5004 trahatur
1742 4937 1898 5008 ignis

318 5044 542 5103 caelesti
590 5044 817 5110 lumine,
867 5040 1015 5112 quod
1065 5042 1228 5094 etiam
1286 5035 1574 5106 vestigium
1624 5030 1896 5103 quoddam

321 5136 632 5194 divinitatis
660 5134 781 5205 ejus
810 5133 1061 5203 corporis
1093 5137 1197 5187 est.
1224 5126 1280 5183 Si
1318 5127 1473 5197 plura
1508 5123 1701 5197 cupis”
1719 5122 1899 5176 adesis

321 5228 684 5292 Franciscum
722 5225 994 5281 Valesium
1023 5222 1101 5277 De
1121 5236 1278 5274 sacra
1314 5216 1664 5288 philosophia,
1691 5228 1811 5289 cap.
1848 5212 1896 5265 l.

323 5322 575 5393 Denique
604 5317 878 5377 sententia
920 5323 1007 5371 est
1050 5313 1568 5383 Peripateticorum,
1612 5308 1780 5367 solem
1806 5321 1901 5377 per

325 5419 514 5472 lumen
549 5413 727 5468 facere
753 5419 864 5465 tam
894 5409 1155 5473 calorem,
1202 5411 1311 5461 tam
1350 5404 1545 5473 frigus,
1576 5400 1794 5460 diversa
1819 5404 1903 5451 ta-

325 5525 458 5565 men
500 5509 736 5569 ratione,
773 5505 925 5559 illum
955 5500 1174 5573 quidem
1210 5514 1305 5569 per
1345 5513 1423 5561 se,
1458 5496 1562 5550 hoc
1597 5500 1777 5549 autem
1807 5507 1903 5562 per

326 5599 620 5665 accidens;
656 5613 782 5653 nam
836 5594 1123 5666 praesentia
1171 5590 1394 5645 luminis
1449 5586 1580 5643 facit
1636 5586 1901 5647 calorem,

329 5694 581 5755 absentia
635 5705 765 5747 vero
802 5690 1148 5761 frigus:quo
1194 5682 1340 5745 enim
1385 5681 1564 5735 lumen
1612 5677 1766 5742 solis,
1813 5684 1905 5730 aut

343 5788 509 5851 nullo,
532 5784 696 5841 modo
753 5790 843 5832 aut
878 5780 1114 5841 tenuiter
1145 5772 1420 5849 pertingit,
1457 5770 1590 5827 inihi
1623 5768 1797 5843 frigus
1829 5768 1905 5823 vi-

1990 4581 2246 4641 potestate
2271 4586 2288 4623 :
2313 4585 2404 4623 nec
2422 4578 2711 4636 temporum
2733 4562 2906 4628 modo,
2927 4572 3307 4628 terrarumque,
3326 4554 3416 4609 sed
3429 4553 3568 4608 side-

1994 4680 2111 4723 rum
2132 4663 2293 4717 etiam
2321 4662 2554 4733 ipsorum
2593 4655 2808 4726 ca’lique
2848 4663 3040 4711 rector.
3068 4649 3115 4704 II
3124 4667 3223 4703 unc
3241 4646 3426 4703 mundi
3455 4661 3570 4700 esse

1996 4756 2156 4818 totius
2191 4754 2449 4817 animum,
2483 4767 2549 4810 ac
2574 4749 2786 4820 planius
2828 4754 3048 4802 mentem
3074 4756 3092 4795 :
3123 4740 3259 4794 hunc
3278 4736 3570 4809 principale

1978 4856 2207 4921 naturae
2237 4846 2466 4915 regimen
2510 4859 2573 4896 ac
2601 4837 3029 4895 numencredere
3057 4836 3223 4896 decet,
3265 4847 3421 4901 opera
3454 4832 3567 4897 ejus

2001 4942 2347 4995 aestimantes.
2406 4935 2508 4990 Hic
2550 4935 2719 4989 lucem
2777 4930 2929 4991 rebus
2981 4928 3246 4982 ministrat
3300 4923 3568 4993 aufertque

2000 5035 2269 5097 tenebras;
2292 5032 2374 5089 hic
2412 5030 2616 5101 reliqua
2642 5026 2820 5082 sidera
2851 5023 3080 5079 occultat
3110 5038 3127 5076 :
3160 5020 3243 5074 hic
3278 5020 3410 5073 vices
3441 5026 3568 5069 tem-

1997 5143 2182 5196 parum
2215 5138 2513 5191 annumque
2540 5134 2741 5188 semper
2768 5124 3121 5171 renascentem
3149 5127 3213 5165 ea:
3240 5127 3338 5166 usu
3363 5121 3570 5162 natura!

2001 5223 2282 5288 temperat;
2332 5212 2415 5264 hic
2447 5210 2564 5264 caeli
2610 5208 2885 5261 tristitiam
2935 5203 3172 5267 discutit,
3210 5211 3364 5271 atque
3407 5198 3569 5252 etiam

2000 5305 2217 5367 humani
2250 5302 2434 5357 nubila
2476 5301 2640 5354 animi
2673 5307 2914 5355 serenat;
2955 5295 3038 5347 hic
3077 5308 3229 5345 suum
3270 5292 3440 5345 lumen
3467 5306 3569 5344 cte-

2002 5397 2128 5456 teris
2164 5411 2365 5467 quoque
2398 5391 2659 5448 sideribus
2689 5391 2934 5459 frenarat.
2973 5384 3293 5449 Pra'clarus,
3322 5383 3567 5443 eximius,

2003 5490 2180 5543 omnia
2223 5488 2452 5546 intuens.
2495 5484 2673 5539 omnia
2709 5483 2872 5535 etiam
2915 5476 3221 5541 exaudiens,
3264 5484 3319 5528 ut
3346 5473 3571 5542 principi

2004 5583 2304 5635 litterarum
2356 5577 2587 5632 Homero
2636 5575 2897 5644 placuisse
2936 5573 2993 5626 in
3042 5588 3144 5624 uno
3196 5585 3255 5624 co
3289 5568 3451 5622 video.
3495 5566 3570 5618 De

2004 5675 2136 5729 solis
2185 5670 2450 5726 eucomiis
2507 5670 2622 5739 lege
2676 5664 3030 5720 Plutarchum
3080 5662 3170 5716 I'rb.
3212 5660 3288 5715 De
3328 5660 3568 5713 doctrina

2004 5765 2328 5836 principum;
2365 5760 2695 5819 Macrobium
2734 5755 3173 5812 ISaturnalium'
3222 5750 3569 5811 Ambrosium
