3952 6204
225 293 333 349 865

265 412 470 481 Γίττῃ
481 431 542 481 ττι
572 409 823 481 ἀμϐολίη
850 407 1047 464 διόθεν
1069 409 1596 481 χειμῶνοςὶόντος.

265 465 430 551 Εἴτε
444 479 562 548 μὲν
581 465 650 533 ἐῖι
677 465 897 551 βορέαο
921 481 1021 551 μίῖ
1038 465 1133 548 οἵη
1155 465 1537 550 ᾆοινίσσοιτο
1552 465 1578 543 ’,

281 549 381 604 Ἐν
393 551 586 617 ,βορέω
615 550 826 615 πνοιάς
855 568 923 604 κε
950 549 1136 620 φέροι·
1161 549 1328 619 rem;
1362 551 1428 604 δὲ
1452 552 1666 604 νότοιο.

268 620 338 676 Ἦ
372 621 470 673 καί
495 636 614 673 που
638 619 996 689 ῥαθάμιγγες
1022 621 1402 690 ἐπιτροχόωσ⁹
1432 622 1646 684 ὐετοῖο,

278 690 608 760 ξεσπερίοις
627 691 726 760 καί
745 689 987 759 μᾶλλον
1006 689 1328 760 ἐπιπρεπὲς
1349 691 1526 759 ἤματι
1547 694 1798 758 τούτοις·

278 759 640 830 Ἐσπερόθεν
668 759 780 830 γὰρ
809 761 966 830 ὁμῶς
997 759 1350 831 σημαίνεται
1380 761 1633 832 ἐμμενὲς
1663 763 1799 816 αἰεί.

225 874 304 930 De
342 873 639 938 antueliis,
673 874 790 929 sive
818 873 1070 944 pareiiis,
1113 873 1454 938 Aristoteles,
1485 872 1712 941 Plinius,
1747 881 1803 929 et

297 1058 419 1114 Col.
440 1058 564 1120 720,
591 1058 686 1113 lin.
713 1059 782 1113 '53
815 1077 826 1112 :
853 1055 961 1112 Καὶ
982 1055 1166 1110 πάλιν
1199 1056 1378 1124 ἡνίκα
1390 1054 1655 1123 ῥάϐδοις.
1681 1057 1803 1112 Ari-

227 1154 456 1208 stoteles
491 1150 714 1207 Heteor.
749 1152 844 1206 lib.
877 1166 958 1211 Ill,
991 1150 1192 1219 parelia
1217 1150 1696 1219 scribit,‘etvirgas
1711 1166 1804 1204 ea-

223 1245 351 1300 dem
374 1261 440 1300 ex
465 1260 632 1300 causa
658 1245 794 1306 ﬁeri,
822 1245 918 1300 sed
947 1243 1113 1298 nubis
1135 1243 1322 1297 habitu
1353 1243 1591 1305 diverso,
1627 1243 1801 1312 siqui-

221 1333 349 1390 dem
381 1350 505 1388 cum
543 1334 633 1388 illa
683 1334 1007 1404 caliginosa,
1051 1343 1102 1387 et
1143 1333 1387 1402 aequalis,
1435 1347 1497 1386 ac
1541 1340 1802 1403 praeterea

221 1442 433 1497 aquosa
458 1428 738 1497 densaque
766 1427 949 1490 fuerit,
983 1435 1097 1480 tum
1127 1429 1304 1481 visum
1338 1435 1597 1495 tanquam
1634 1439 1664 1478 a
1695 1425 1801 1481 levi

220 1522 453 1590 speculo
501 1521 570 1574 ad
620 1523 787 1576 solem
848 1519 1106 1574 reﬂexum
1163 1519 1456 1573 candorem
1492 1518 1797 1587 concipere.

222 1612 409 1669 Solem
452 1615 596 1669 enim
629 1623 684 1668 et
731 1615 914 1670 colore
957 1621 1009 1667 et
1045 1614 1216 1683 figura
1263 1612 1467 1668 referre
1514 1612 1799 1682 parelium,

213 1720 291 1761 ac
326 1706 487 1761 nubis
515 1706 731 1776 quidem
763 1705 1130 1775 aequalitatem
1160 1703 1360 1758 coloris
1398 1717 1520 1756 esse
1548 1717 1798 1762 causam,

220 1798 576 1853 reﬂexionem
601 1805 780 1851 autem
811 1798 961 1852 visus
994 1797 1059 1850 ad
1095 1796 1290 1850 nubem
1329 1803 1584 1864 tanquam
1610 1808 1801 1864 specu-
1833 1785 1872 1838 Β

223 1893 340 1946 lum
382 1890 584 1957 figurae,
617 1905 740 1946 cum
772 1891 863 1944 illa
903 1897 961 1944 ut
998 1891 1236 1944 nondum
1268 1889 1339 1943 sit
1373 1902 1531 1957 aqua,
1566 1888 1640 1941 ita
1669 1903 1802 1941 con-

221 1985 408 2040 festim
440 1985 510 2040 sit
545 1986 597 2039 in
621 1999 685 2038 ea
726 1985 1008 2048 mutanda,
1043 1983 1274 2052 ideoque
1317 1982 1552 2052 pluviam
1582 1993 1801 2050 portcnv

221 2078 356 2133 dere
391 2079 654 2148 parelium
687 2079 860 2148 magis
898 2076 964 2130 ad
1001 2085 1246 2130 austrum
1279 2089 1440 2144 quam
1472 2073 1539 2127 ad
1579 2075 1799 2126 boream

221 2171 414 2232 situm,
441 2169 584 2239 quod
607 2170 753 2224 illius
781 2185 875 2223 aer
904 2169 1118 2224 facilius
1139 2183 1301 2238 quam
1334 2166 1497 2234 hujus
1528 2167 1580 2220 in
1605 2179 1798 2235 aquam

219 2267 493 2315 transeat.
527 2258 771 2329 Denique
805 2260 1015 2314 oriente
1057 2270 1110 2313 et
1152 2259 1435 2313 occidente
1477 2258 1592 2312 sole
1623 2257 1797 2318 cerui,

220 2368 337 2406 non
364 2353 469 2405 alte
490 2351 584 2405 sed
617 2351 834 2420 oblique
869 2351 996 2413 sita,
1028 2357 1088 2403 ut
1119 2357 1172 2406 et
1201 2351 1402 2418 virgas,
1431 2363 1551 2418 quas
1576 2355 1800 2418 propter

221 2444 455 2498 nubium
488 2443 909 2512 inrequalitatem
935 2444 1014 2496 sic
1038 2451 1323 2495 vocantur.

297 2533 462 2596 lbid.,
516 2535 610 2589 lin.
643 2534 732 2588 38.
789 2535 850 2588 Ἠ
889 2534 956 2587 δὲ
1015 2532 1246 2601 σελήνη
1306 2532 1550 2586 ἐπειδὰν
1601 2531 1670 2584 ἐν
1724 2527 1798 2598 τῇ

221 2626 415 2693 τρίτῃ.
450 2623 704 2688 Basilius,
748 2626 896 2680 hom.
929 2625 984 2689 ϐ,
1023 2626 1207 2698 Λεπτὴ
1249 2626 1344 2696 μὲν
1373 2625 1481 2695 γὰρ
1509 2620 1644 2678 οὖσα
1673 2624 1799 2694 περὶ

221 2719 415 2790 τρίτην
464 2718 674 2788 ἡμέραν
721 2718 813 2771 καὶ
854 2718 1089 2789 καθαρὰ,
1139 2717 1406 2790 σταθερὰν
1453 2717 1632 2771 εὐδίαν
1670 2735 1800 2770 κατ-

221 2809 638 2876 επαγγέλλεται·
657 2812 853 2878 παχεῖα
869 2809 924 2861 δὲ
944 2813 1063 2872 ταῖς
1086 2810 1354 2882 κεραίαις,
1379 2811 1471 2863 καὶ
1497 2808 1798 2880 ὑπέρυθρος

222 2902 544 2971 φαινομένη,
578 2900 610 2971 ἢ
641 2901 732 2953 καὶ
777 2900 919 2972 ὕδωρ
976 2901 1177 2973 λάϐρον
1204 2902 1310 2954 ἀπὸ
1341 2901 1536 2970 νεφῶν,
1579 2900 1611 2972 ἢ
1644 2901 1795 2953 νότου

223 2991 405 3061 βιαίαν
449 2994 660 3062 κίνησιν
706 2993 938 3046 ἀπειλεῖ.
991 2993 1066 3047 Ex
1109 2994 1309 3064 quibus
1343 2994 1560 3062 corrigo
1588 3002 1794 3047 textum

221 3083 518 3147 Eustathii,
553 3084 694 3156 ὕδωρ
723 3085 941 3155 λάϐρον,
971 3085 1002 3155 ἢ
1027 3085 1176 3138 νότον
1200 3085 1389 3156 βίαιον.
1418 3087 1616 3140 Aratus
1641 3085 1797 3139 lucu-

225 3177 405 3231 lenter
427 3177 542 3230 haec
574 3178 756 3230 omnia
783 3196 795 3229 :

257 3267 458 3335 Λεπτὴ
484 3267 599 3337 μὲν
629 3267 852 3336 καθαρὴ
892 3285 955 3321 τε
981 3268 1112 3336 περὶ
1143 3268 1340 3335 τρίτον
1368 3263 1522 3336 ἦμαρ
1547 3267 1754 3330 ἐοῦσα,

259 3337 476 3404 Εὔδιος
507 3339 558 3390 κ’
587 3337 699 3401 εἴη,
729 3338 919 3404 λεπτὴ
950 3337 1016 3391 δὲ
1042 3339 1137 3392 καὶ
1169 3341 1239 3391 οὐ
1261 3337 1403 3405 μάλ’
1423 3337 1672 3405 ἐρευθὴς

256 3409 618 3475 Πνευματίη.
646 3409 837 3475 Παχίη
869 3408 936 3461 δὲ
972 3410 1067 3462 καὶ
1100 3410 1414 3476 ἀμϐλείῃσι
1448 3410 1708 3476 κεραίαις

262 3479 548 3546 Τέτρατον
573 3480 639 3531 ἐκ
669 3477 994 3544 τριατιὶτοιο
1018 3481 1176 3546 φόως
1201 3478 1504 3546 ἀμενηνὸν
1533 3479 1762 3546 ἔχουσα

263 3552 332 3605 Ἦ
359 3549 514 3614 νότῳ
531 3549 910 3617 ἀμϐλύνεται,
933 3549 971 3617 ἣ
994 3549 1210 3615 ὕδατος
1227 3547 1404 3617 ἐγγὺς
1427 3548 1651 3612 ἐόντος.

226 3661 404 3716 Varro
439 3678 452 3714 :
491 3660 550 3716 Si
599 3672 788 3732 quarto
845 3661 929 3716 die
982 3665 1108 3715 luna
1149 3663 1248 3715 erit
1295 3660 1517 3726 directa,
1551 3678 1794 3732 magnam

222 3766 582 3824 tempestatem
618 3757 669 3808 in
703 3757 838 3808 mari
881 3757 1178 3825 prwsagiet,
1211 3756 1312 3808 nisi
1337 3755 1382 3807 si
1413 3771 1661 3807 coronam
1689 3756 1794 3808 cir-

220 3863 285 3900 ca
329 3863 384 3900 se
411 3846 641 3908 habebit,
672 3855 722 3900 et
755 3862 869 3898 eam
903 3846 1165 3898 sinceram
1195 3861 1213 3899 :
1249 3847 1495 3915 quoniam
1518 3845 1611 3898 illo
1641 3845 1794 3898 modo

222 3956 328 3992 non
355 3949 476 3991 ante
505 3938 718 4005 planam
746 3937 926 3990 lunam
953 3938 1305 3992 Itiematurum
1336 3935 1582 4001 ostendit,
1614 3938 1661 3990 si
1685 3937 1795 4004 ple-

224 4030 436 4082 nilunio
472 4045 563 4096 per
595 4029 870 4080 dimidium
905 4043 1038 4096 pura
1067 4029 1186 4091 erit,
1218 4027 1328 4082 dies
1354 4044 1560 4081 serenos
1591 4029 1796 4097 signi/i—

223 4122 464 4176 τούπιεεὶ
494 4122 675 4180 rutila.
709 4130 882 4174 ventos
915 4136 932 4172 :
958 4123 1272 4191 nigrescens,
1295 4122 1507 4173 imbres.
1537 4119 1596 4173 Si
1624 4121 1793 4189 caligo

220 4215 366 4267 orbis
391 4212 579 4266 nubem
614 4213 905 4276 incluserit,
937 4222 1112 4267 ventos
1145 4229 1248 4282 qua
1275 4228 1329 4265 se
1369 4212 1564 4279 ruperit
1591 4227 1608 4263 :
1643 4213 1690 4264 si
1715 4228 1796 4281 ge-

224 4307 356 4358 mini
376 4305 524 4359 orbes
546 4305 844 4373 junxerint,
875 4305 1130 4372 majorem
1153 4313 1530 4371 tempestatem,
1555 4314 1604 4356 et
1627 4305 1792 4374 magis

217 4401 268 4453 si
297 4408 404 4452 tres
432 4411 604 4460 erunt,
627 4408 717 4451 aut
759 4397 916 4467 nigri,
958 4404 1049 4450 aut
1080 4397 1380 4464 interrupti,
1417 4407 1570 4466 atque
1592 4395 1792 4449 distra-

1237 291 1304 346 ΙΝ
1345 290 1716 349 EUSTATHH
1747 291 2219 349 HEXAEMERON
2257 295 2484 352 NOTAE.

3371 298 3476 356 866

1835 433 1880 485 Α
1913 429 2007 466 noc
2033 428 2316 468 conceaant
2349 419 2513 469 oculis
2538 425 2754 477 ncstris,
2783 428 2838 466 ut
2860 430 2922 467 ea
2948 428 3052 467 auo
3077 427 3273 480 stacra,
3293 416 3480 467 mani-

1905 503 2093 572 festum
2124 509 2192 560 sit
2232 507 2459 576 amplius
2500 508 2701 560 ca'teris
2741 508 2913 561 lucere
2940 523 3095 576 super
3133 518 3346 570 terram,
3387 524 3478 562 nec

1902 598 2038 652 diem
2060 600 2348 654 clarescere
2381 600 2485 654 nisi
2513 599 2625 652 luce
2651 600 2802 664 solis,
2831 616 2923 653 nec
2957 610 3159 654 noctem
3194 609 3270 652 tot
3307 599 3476 654 stellis

1903 691 2245 760 fulgentibus.
2282 694 2358 746 ita
2392 693 2560 746 lucere
2596 695 2641 746 si
2674 693 2800 746 luna
2843 691 3001 759 desit,
3032 692 3477 764 quemadmodum

1900 784 2181 851 praesentia
2210 783 2352 837 illius
2385 785 2718 838 illustratur.

1973 873 2134 946 Ibid”
2165 875 2261 930 liu.
2289 875 2379 930 Μ.
2420 876 2496 929 Τὰ
2533 874 2600 929 δὲ
2625 875 2817 944 ἄστρα
2845 875 2944 930 καί
2965 874 3191 946 μηνῶν.
3224 875 3299 932 De
3326 877 3475 932 varia

1901 941 2174 1020 astrorbm
2209 966 2687 1021 observatione'in
2723 981 2975 1037 agrorum
3021 969 3256 1030 cultura,
3305 968 3475 1021 multa

1902 1065 2135 1122 veteres,
2168 1056 2401 1120 Plinius,
2438 1057 2870 1128 Theophrastus,
2906 1057 3101 1122 Varro,
3127 1068 3317 1114 auctor
3345 1058 3475 1114 Geo-

1901 1149 2231 1216 ponicorum,
2263 1157 2317 1203 et
2352 1149 2467 1204 alii.
3409 1215 3424 1230 _
3499 1177 3502 1181 ·

1971 1238 2132 1303 lbid.,
2181 1241 2277 1294 lin.
2318 1239 2410 1294 46.
2446 1239 2559 1294 Καὶ
2602 1243 2662 1293 at
2696 1240 2971 1308 πλειάδες
3009 1240 3470 1296 ἁνατέλλουσαι.

1901 1329 2174 1385 Hesiodus
2199 1332 2252 1385 in
2288 1334 2517 1402 Ἔργοις
2543 1332 2641 1386 καὶ
2666 1334 2932 1403 ἡμέραις,
2969 1334 3006 1387 l.
3038 1349 3098 1387 ιι.

1934 1444 2251 1512 namnam
2296 1446 2691 1514 Ἀτλαγενέων
2717 1445 3246 1512 ἐπιτελλομενάων,

1941 1517 2209 1586 Ἀρχεσο’
2231 1517 2478 1585 ἀμητοῦο
2508 1517 2742 1584 ἀρότοιο
2773 1517 2840 1569 δὲ
2864 1516 3313 1586 δυσσεμενάων

1941 1533 2039 1637 Ἀὶρ
2065 1533 2207 1583 ,εσυ
2231 1533 2478 1585 αμητουο
2508 1533 2742 1584 αροτοιο
2773 1533 2840 1569 οε
2864 1533 3313 1586 ουσσιῖμεναων

1936 1590 1978 1639 Α
2036 1535 2109 1652 gn
2140 1603 2226 1639 τοι
2251 1588 2472 1656 νύκτας
2495 1604 2558 1640 τε
2591 1586 2686 1639 καὶ
2710 1587 2903 1655 ἤματα
2925 1586 3373 1656 τεσσαράκοντα

1934 1659 2323 1724 Κεκρύεοαται·
2359 1653 2528 1722 αὖτις
2555 1657 2622 1709 δὲ
2646 1653 3081 1727 περιπλομένου
3111 1653 3390 1710 ἐνιαυτοῦ

1937 1728 2270 1791 φαίνονται,
2295 1727 2366 1779 τὰ
2399 1727 2598 1794 πρῶτα
2625 1730 3102 1797 χαρασσομένοιο
3130 1727 3403 1796 σιδήρου.

1901 1839 1966 1892 Ει
2003 1839 2323 1902 Columella,
2352 1839 2427 1893 De
2464 1856 2517 1893 re
2543 1840 2762 1904 rustica,
2799 1839 2892 1893 lii).
2935 1854 2996 1903 ιι,
3036 1854 3158 1907 cap.
3200 1838 3254 1902 8,
3297 1837 3476 1891 l'lacet

1902 1941 2081 1985 nostro
2123 1941 2288 2000 poeta:
2330 1931 2601 1995 adoreum,
2662 1941 2816 2002 atque
2877 1933 3038 1985 etiam
3083 1932 3316 1983 triticum
3372 1946 3474 1984 non

1901 2031 2020 2078 ante
2052 2025 2311 2077 seminare
2333 2040 2486 2092 quam
2515 2023 2796 2077 occiderint
2827 2022 3064 2093 Virgilio:
3090 2023 3266 2092 :quod
3299 2024 3472 2092 ipsum

1901 2117 2130 2170 numeris
2169 2119 2244 2170 sic
2282 2117 2571 2170 edisserit:

1988 2210 2054 2280 .jit
2087 2210 2133 2262 si
2164 2210 2421 2280 triticeam
2457 2211 2508 2261 in
2541 2225 2779 2274 messem,
2811 2208 3127 2280 robustaque
3154 2211 3306 2278 {arra

1984 2277 2262 2333 Exercebis
2286 2279 2498 2332 humum
2531 2280 2757 2348 solisque
2779 2281 2997 2333 instabis
3029 2277 3208 2334 aristis
3234 2322 3250 2347 ,

1985 2351 2118 2403 Ante
2155 2349 2247 2403 tibi
2277 2349 2402 2403 an:
2429 2350 2726 2404 Atlantides
2760 2350 3170 2409 abscondantur.

1899 2462 2306 2516 Absconduntur
2332 2473 2504 2518 autem
2534 2464 2698 2518 altero
2743 2474 2791 2518 et
2816 2465 3078 2518 tricesimo
3112 2463 3198 2518 die
3228 2473 3344 2533 post
3380 2481 3472 2518 au-

1900 2556 2131 2609 tumnale
2182 2557 2586 2625 aequinoctium,
2635 2556 2781 2625 quod
2833 2556 2941 2626 fere
2995 2557 3273 2625 conﬁcitur
3333 2573 3475 2611 nono

1898 2643 2128 2700 Kalend.
2158 2643 2398 2700 Octobris
2429 2660 2447 2698 :
2473 2655 2685 2714 propter
2709 2645 2846 2715 quod
2876 2646 3097 2715 intelligi
3128 2645 3274 2700 debet
3305 2648 3472 2700 tritici

1905 2742 2044 2795 satio
2074 2741 2278 2793 dierum
2317 2756 2407 2793 sea:
2431 2749 2480 2794 et
2518 2739 2869 2810 quadraginta
2909 2740 2972 2792 ab
3000 2756 3187 2793 occasu
3221 2739 3471 2810 Virgilia-

1899 2850 2015 2886 rum
2049 2834 2137 2902 qui
2171 2835 2231 2902 ﬁt
2266 2843 2387 2887 ante
2412 2833 2547 2886 diem
2577 2849 2629 2886 ix
2663 2829 2892 2888 Kalend.
2919 2831 2968 2884 Ν
2977 2833 3229 2887 orembris
3253 2833 3320 2886 ad
3346 2834 3470 2886 bru-

1899 2941 1999 2979 mae
2033 2935 2267 2994 tempora
2303 2939 2317 2976 :
2345 2925 2421 2976 sic
2450 2924 2589 2977 enim
2623 2933 2829 2977 servant
2877 2924 3155 2993 prudentes
3198 2924 3466 2995 agricola',

1899 3027 1956 3070 ut
1989 3016 2283 3086 quindecim
2321 3016 2500 3069 diebus
2539 3018 2682 3081 prius
2729 3033 2885 3087 quam
2910 3019 3223 3086 conficiatur
3260 3018 3466 3081 bruma,

1900 3107 2216 3176 totidemque
2254 3115 2371 3175 post
2417 3123 2532 3159 eam
2581 3105 2870 3175 confectam
2907 3125 3068 3178 neque
3109 3116 3280 3172 arent,
3309 3125 3472 3163 neaue

1899 3200 2052 3253 vitem
2088 3208 2179 3251 aut
2215 3200 2453 3252 arborem
2482 3207 2684 3267 putent.

1967 3289 2124 3352 lbid.,
2157 3291 2251 3342 liti.
2272 3289 2359 3343 54.
2387 3289 2506 3358 Πρὸ
2536 3288 2604 3340 δὲ
2637 3290 2859 3342 τούτων
2885 3291 3119 3358 χρόνος.
3171 3290 3337 3360 quue
3366 3290 3467 3346 de-

1898 3381 2191 3436 monstrari
2231 3389 2407 3452 potest
2436 3389 2755 3450 argumento
2785 3381 3120 3436 validissimo
3151 3399 3213 3437 ex
3256 3382 3470 3438 Aristo-

1899 3474 2020 3528 telis
2045 3473 2315 3534 doctrina,
2348 3472 2747 3542 prazsupposito
2775 3479 2988 3542 tempus
3022 3488 3143 3529 esse
3174 3489 3467 3528 numerum

1898 3575 2098 3622 motus.
2155 3567 2212 3619 In
2267 3580 2374 3634 quo
2429 3569 2608 3617 autem
2663 3565 2877 3618 dillerat
2929 3580 3100 3618 arvum
3147 3579 3177 3618 a
3225 3571 3470 3635 tempore

1899 3662 2054 3730 plura
2085 3658 2312 3713 Proclus
2356 3657 2661 3712 Diadochus
2691 3657 2744 3710 in
2776 3657 3054 3727 Tlieologia
3089 3655 3392 3713 Platonica.
3520 3718 3522 3721 ,

1967 3751 2124 3815 lbid.,
2164 3751 2260 3805 lin.
2292 3749 2378 3805 57.
2415 3747 2666 3816 Καιροὺς
2689 3747 2757 3801 δὲ
2778 3749 2980 3819 λέγειν
3009 3750 3326 3818 ἡγούμεθα.
3363 3749 3469 3804 Ba»

1899 3845 2078 3908 silius,
2107 3843 2254 3896 hom.
2291 3841 2346 3904 6,
2382 3843 2617 3912 Καιροὺς
2645 3841 2700 3893 δὲ
2733 3840 2909 3908 λέγειν
2938 3839 3216 3912 ἡγούμεθα
3236 3840 3335 3905 τὰς
3359 3842 3468 3896 τῶν

1896 3934 2054 4006 ὡρῶν
2099 3931 2420 4001 ὲναλλαγὰς,
2457 3931 2742 4003 χειμῶνος,
2777 3931 2872 3984 καὶ
2904 3932 3081 4003 ἔαρος,
3122 3935 3216 3986 καὶ
3254 3933 3464 4005 θέρους,

1896 4027 1989 4079 καὶ
2017 4022 2352 4095 μετοπώρου·
2376 4024 2440 4086 ἃς
2468 4023 2740 4087 εὐτάκτως
2766 4022 3097 4094 περιοδεύειν
3129 4025 3274 4095 ἡμᾶς
3297 4025 3358 4079 τὸ
3379 4044 3466 4079 τε-

1895 4117 2161 4186 ταγμένον
2198 4115 2296 4186 τῆς
2332 4115 2595 4185 κινήσεως
2626 4114 2733 4169 τῶν
2762 4118 3061 4188 φωστήρων
3090 4117 3336 4188 παρέχει.
3391 4117 3467 4173 De

1895 4218 2131 4280 quatuor
2157 4209 2283 4262 anni
2319 4216 2621 4277 temporum
2650 4209 3028 4264 vicissitudine
3056 4211 3335 4276 nonnulla,
3361 4211 3463 4267 etsi

1896 4302 2174 4372 pueriliter
2201 4299 2648 4371 philosophatur,
2681 4309 2735 4354 et
2766 4302 2922 4370 quasi
2951 4302 3177 4371 plastice
3209 4303 3463 4373 proponit

1895 4395 2237 4459 Eustathius,
2285 4393 2400 4448 sive
2450 4391 2775 4448 Eumathiu‘s
2823 4394 3228 4449 Macrembolita
3269 4396 3366 4450 lib.
3407 4413 3461 4450 tv

214 4492 311 4544 cti.
353 4489 590 4545 Naseens
623 4492 747 4543 luna
784 4492 831 4544 si
872 4506 1033 4543 cornu
1070 4491 1336 4556 superiore
1369 4489 1552 4542 obatro
1596 4500 1792 4558 surget,
1828 4494 1870 4548 υ
1900 4487 1976 4542 De
2007 4487 2272 4540 amoribus
2311 4485 2543 4539 Ismenes
2573 4495 2620 4538 et
2645 4483 2909 4539 Ismeniw.

212 4584 429 4652 pluvias
463 4583 760 4637 decrescens
796 4582 965 4644 dabit,
1015 4583 1062 4634 si
1106 4581 1375 4650 inferiore,
1416 4591 1536 4634 ante
1566 4580 1791 4648 pleniluo

216 4675 394 4738 nium,
430 4673 479 4726 si
507 4674 558 4726 in
586 4673 757 4727 media
791 4673 1006 4742 nigritia
1031 4673 1126 4724 illa
1155 4672 1336 4741 fuerit,
1359 4671 1574 4724 imbrem
1607 4671 1657 4724 ir:
1684 4671 1795 4738 ple-

219 4767 451 4818 nilunio.
496 4764 554 4820 Si
598 4766 749 4834 plena
803 4767 944 4817 circa
988 4780 1041 4816 se
1084 4762 1292 4816 habebit
1340 4762 1535 4828 orbem,
1577 4778 1641 4817 ea:
1689 4778 1794 4832 qua

219 4868 372 4925 parte
402 4857 483 4910 liis
513 4862 740 4910 maxime
777 4855 1083 4923 splendebit,
1115 4870 1178 4907 ex
1203 4871 1266 4909 ea
1291 4866 1495 4909 rentum
1525 4855 1793 4920 ostendet;

220 4951 268 5004 si
307 4952 362 5003 in
403 4959 521 5002 ortu
569 4964 766 5000 cornua
804 4949 1070 5001 crassiora
1112 4946 1330 5016 fuerint,
1363 4947 1634 5000 horridam
1666 4957 1790 5001 tem-

221 5050 500 5098 pestatem.
527 5039 588 5093 Si
618 5050 738 5092 ante
759 5050 1001 5108 quartam
1030 5056 1132 5091 non
1157 5041 1420 5107 apparuit,
1449 5048 1598 5092 vento
1625 5037 1794 5092 Favo-

223 5134 315 5185 nio
339 5132 523 5199 ﬂante,
554 5131 797 5184 hiemalis
827 5141 935 5185 toto
970 5147 1140 5184 mense
1164 5133 1284 5185 erit.
1321 5131 1380 5185 Si
1407 5130 1610 5184 decima
1642 5140 1793 5184 sexta

224 5225 572 5278 uehementius
603 5224 850 5293 ﬂammea
889 5224 1215 5292 apparuerit,
1254 5239 1469 5290 asperas
1516 5232 1792 5291 tempesta-

228 5327 304 5370 tes
340 5317 636 5386 prasagiet.
670 5315 764 5369 His
795 5316 992 5368 similia
1027 5316 1188 5368 habet
1211 5313 1420 5368 Plinius
1454 5315 1592 5367 libro
1621 5314 1789 5379 dicto,

225 5416 278 5463 et
320 5419 509 5460 auctor
556 5406 988 5476 Ceoponicorum,
1036 5407 1130 5459 lib.
1176 5423 1228 5472 t;
1282 5405 1527 5461 Ruellius
1576 5407 1788 5461 collect.

229 5498 302 5552 De
329 5498 606 5550 nativitate
629 5498 891 5562 stirpium,
930 5495 1023 5548 lib.
1061 5511 1120 5558 ιι,
1144 5511 1264 5566 cap.
1307 5495 1378 5549 De
1404 5497 1677 5566 prasagiis
1706 5513 1794 5550 so-

227 5583 289 5640 lis
315 5596 367 5640 et
401 5588 538 5640 lunia
555 5602 573 5650 ;
606 5595 658 5642 et
687 5585 1121 5656 Theophrastus.

293 5678 459 5741 lbid.,
496 5679 593 5732 lin.
627 5676 715 5730 42.
753 5678 1003 5744 Ὄργανα
1031 5671 1144 5730 οὗν
1175 5677 1428 5745 χρόνων.
1457 5676 1793 5748 Augustinus

231 5772 300 5827 De
325 5771 519 5827 Genesi
552 5771 620 5824 ad
655 5771 758 5825 litt.
785 5769 880 5826 lib.
913 5783 973 5834 ll,
1008 5783 1129 5838 cap.
1164 5767 1252 5837 16,
1283 5767 1454 5835 Certe,
1485 5770 1682 5840 inquit,
1715 5769 1793 5824 vel

1965 4580 2080 4633 Col.
2112 4578 2233 4643 721,
2272 4579 2367 4631 lin.
2408 4577 2456 4630 i.
2499 4577 2608 4629 Καὶ
2648 4575 2867 4645 χειμὼν
2887 4577 3004 4644 μὲν
3029 4579 3266 4648 γίνεται.
3305 4577 3459 4633 Basi-

1895 4671 2022 4733 lius,
2059 4670 2202 4722 hom.
2231 4667 2283 4731 6,
2316 4665 2536 4735 Χειμὼν
2583 4667 2682 4736 μὲν
2723 4665 2830 4738 γὰρ
2866 4666 3070 4735 γίνεται
3111 4670 3224 4730 τοῖς
3269 4668 3460 4732 νοτίοις

1898 4763 2082 4833 μέρεσι
2121 4760 2213 4814 τοῦ
2249 4760 2396 4830 ἡλίου
2426 4757 2950 4830 προσδιατρίϐοντος,
2989 4762 3080 4812 καὶ
3115 4760 3247 4812 πολὺ
3275 4759 3334 4812 τὸ
3369 4777 3460 4814 νυ·-

1894 4853 2138 4923 κτερινὸν
2171 4850 2411 4920 σκίασμα
2445 4850 2572 4920 περὶ
2602 4850 2691 4902 τὸν
2720 4849 2838 4902 καθ’
2879 4851 3024 4920 ἡμᾶς
3065 4851 3225 4902 τόπον
3260 4852 3458 4903 ἀποτε-

1893 4945 2126 5007 λοῦντος,
2158 4943 2296 4996 ὥστε
2323 4941 2726 5011 καταψύχεσθαι
2755 4941 2853 5010 μὲν
2885 4942 2973 4994 τὸν
3006 4942 3131 5014 περὶ
3163 4943 3262 5013 γῆν
3299 4943 3457 5014 ἀέρα,

1896 5037 2069 5093 πάσας
2117 5034 2172 5087 δὲ
2223 5034 2318 5096 τὰς
2368 5032 2539 5102 ὑγρὰς
2593 5029 3011 5100 ἀναθυμιάσεις,
3069 5031 3460 5102 συνισταμένας

1895 5128 2022 5198 περὶ
2053 5128 2218 5196 ἡμᾶς,
2251 5123 2472 5195 ὄμϐρων
2497 5139 2553 5174 τε
2580 5123 2756 5174 αἰτίαν
2793 5123 2884 5174 καὶ
2910 5122 3154 5194 κρυμῶν,
3181 5124 3272 5175 καὶ
3303 5124 3459 5191 νιφά-

1893 5221 1980 5282 δος
2027 5217 2304 5288 ἀμυθήτου
2352 5214 2632 5284 παρέχειν.
2684 5214 2897 5268 Gcmin.
2950 5216 3022 5267 De
3056 5225 3324 5283 apparent.
3357 5233 3458 5269 ca:-

1896 5311 2034 5372 lest.,
2071 5301 2257 5381 Τροπὴ
2286 5311 2343 5362 δέ
2373 5313 2487 5363 ἐστι
2522 5307 2822 5381 χειμερινὴ,
2861 5308 2984 5360 ὃταν
3010 5310 3037 5361 ὁ
3063 5307 3210 5377 ἥλιος
3245 5310 3457 5379 πορῤωο

1893 5400 2040 5469 τὰτῳ
2070 5401 2102 5468 ἡ
2113 5399 2226 5468 μῶν
2257 5399 2352 5469 τῆς
2385 5400 2648 5469 οἰκήσεως
2686 5396 2930 5467 γένηται,
2961 5396 3052 5449 καὶ
3079 5399 3459 5461 ταπεινότατος

1891 5492 1966 5556 ὡς
1995 5491 2130 5561 πρὸς
2152 5491 2240 5544 τὸν
2269 5492 2536 5563 ὁρίζοντα,
2567 5491 2661 5543 καὶ
2692 5487 3008 5543 νοτιὼτατον
3037 5489 3231 5543 κύκλον
3251 5491 3458 5565 γράψῃ,

1894 5586 1988 5639 καὶ
2022 5587 2282 5655 μεγίστην
2315 5584 2503 5637 πασῶν
2543 5583 2649 5635 τῶν
2683 5585 2739 5636 ὲν
2779 5583 3006 5654 ἐνιαυτῷ
3043 5583 3210 5637 νύκτα
3238 5586 3445 5657 ποιήση-

1893 5693 2000 5739 ται,
2035 5674 2319 5745 ἐλαχίστην
2345 5675 2402 5728 δὲ
2433 5675 2669 5747 ἡμέραν.

1963 5767 2123 5833 lbid.,
2177 5767 2269 5822 lin.
2323 5767 2373 5824 7.
2438 5765 2707 5822 Ἐπειδὰν
2754 5765 2822 5822 δὲ
2874 5767 3149 5822 ἐπανιών.
3204 5767 3462 5832 Basilius,
