3924 6968
544 295 648 351 867

1868 287 2113 343 LEONlS
2149 282 2421 341 ALLATII
3636 283 3721 340 κα

530 407 680 462 hom.
715 405 768 466 6.
803 404 1051 459 Ἐπειδὰν
1075 405 1132 458 δέ
1160 402 1398 458 ἐπανιὼν
1420 403 1580 459 πάλιν
1605 402 1716 457 ἀπὸ
1742 402 1854 455 τῶν
1889 418 2100 473 μεσημ-
2127 408 2173 463 Α
2198 400 2280 452 λιν
2302 398 2395 451 ἐπὶ
2421 395 2514 452 τοῦ
2556 393 2871 467 ίσημερινοῦ
2896 394 3121 465 γένηται
3152 392 3370 459 κύκλου,
3395 395 3484 448 καὶ
3508 396 3616 467 ίσην
3634 398 3718 469 τὴν

531 499 730 575 ϐρινοιν
762 499 977 570 χωρίων
1008 497 1101 550 ἐπὶ
1128 496 1221 550 τοῦ
1255 496 1419 567 μέσου
1445 493 1692 565 γένηται,
1719 492 1859 546 ὥστε
1892 491 1952 557 ἐξ
1986 493 2106 545 [σου

535 593 780 665 μερίζειν
799 590 954 642 νυκτὶ
980 588 1116 660 πρὸς
1136 590 1348 661 ἡμέραν
1370 588 1461 641 τὸν
1480 587 1692 658 χρόνον,
1716 587 1840 638 ὅσον
1862 585 2108 638 πλεῖστον

530 680 971 753 τοῐςὺπεργείοις
992 679 1395 753 προσδιατρίϐει
1441 679 1646 743 τόποις,
1686 677 1926 748 τοσούτῳ
1965 677 2110 731 κατά

536 777 700 849 μέρος
736 776 996 845 ἐπανάγει
1024 773 1122 848 τὴν
1149 773 1466 844 εὐκρασίαν,
1489 773 1586 826 καὶ
1613 771 1821 840 γίνεται
1851 770 1950 842 ἔαρ
1971 772 2107 824 πᾶσι

539 868 635 939 μὲν
665 870 849 938 φυτοῖς
876 866 979 937 τῆς
1002 865 1346 937 βλαστήσεως
1373 863 1633 934 ἀρχηγὸν,
1664 862 1892 933 δένδρων
1904 862 1968 951 δὲ
1994 864 2106 924 τοῖς

535 959 809 1023 πλείστοις
836 959 1071 1031 παρέχον
1096 957 1196 1030 τὴν
1217 956 1528 1021 ἀναϐίωσιν,
1555 954 1714 1020 ζώοις
1735 955 1791 1007 δὲ
1811 955 2104 1027 χερσαίοις,

535 1054 630 1106 καὶ
672 1052 910 1121 ἐνύδροις
959 1051 1130 1105 ama;
1172 1050 1232 1104 τὸ
1263 1051 1418 1118 γένος
1468 1047 1735 1118 φυλάσσον
1773 1049 1837 1100 ἐκ
1870 1047 1967 1117 τῆς
1997 1046 2106 1099 τῶν

536 1144 929 1214 ἐπιγινομένων
968 1142 1238 1214 διαδοχῆς.
1284 1141 1547 1196 Geminus
1576 1158 1589 1195 :
1621 1139 1840 1211 Ἐαρινὴ
1882 1138 1978 1209 μὲν
2013 1134 2106 1191 οὖν

538 1236 797 1308 ἰσημερίαι
842 1235 1052 1305 γίνεται
1097 1235 1224 1304 περὶ
1268 1234 1365 1307 τὴν
1406 1233 1516 1286 τῶν
1565 1230 1770 1287 ἀνθέων
1817 1230 1999 1303 ἀκμὴν
2048 1233 2105 1284 ἐν

522 1326 701 1407 ,Κριοῦ
738 1328 837 1399 μιᾷ
871 1327 1054 1398 μοίρᾳ.
1102 1324 1239 1381 Vide
1278 1326 1346 1381 dc
1374 1326 1479 1379 hoc
1510 1326 1667 1396 plura
1701 1323 1845 1394 apud
1887 1323 2107 1378 Cicero-

536 1433 681 1484 nem,
719 1433 756 1470 ιι
790 1417 866 1471 De
893 1430 1072 1472 natur.
1105 1416 1358 1472 Deorum.

604 1508 718 1564 Col.
738 1509 862 1572 7‘21,
882 1510 975 1562 lin.
996 1510 1081 1564 Η.
1099 1508 1210 1562 Kal
1235 1510 1457 1577 γίνεται
1484 1508 1588 1578 ἔαρ
1606 1506 1726 1573 τοῖς
1737 1505 1853 1575 μὲν
1875 1504 2101 1574 φυτοῖς.

537 1601 756 1673 Longus
778 1602 1022 1671 sophista
1079 1601 1405 1655 I’oemenicon
1442 1601 1533 1654 lib.
1587 1618 1625 1665 ι,
1648 1592 1819 1670 ’Ἥρας
1844 1593 1911 1668 ἦν
1940 1597 2103 1669 ἀρχὴν

537 1692 634 1746 καὶ⁵
670 1692 845 1744 πάντα
884 1691 1129 1762 ἢκμαζεν
1162 1691 1319 1761 ἄνθη,
1354 1690 1422 1743 τά
1453 1692 1510 1743 ἐν
1534 1691 1778 1760 δρυμοῖς,
1814 1687 1976 1762 τάιὲν
2000 1687 2108 1740 λει-

2213 491 2424 560 ἡμέραν
2454 490 2521 559 τῇ
2547 489 2701 540 νυκτὶ
2722 488 3033 558 ποιήσηται.
3068 484 3138 541 De
3161 486 3322 540 modo
3349 487 3659 553 incrementi,
3683 498 3727 545 et

2212 582 2545 638 decrementi
2580 581 2793 637 dierum
2819 596 2883 635 ac
2922 579 3188 645 noctium,
3221 594 3286 634 ac
3326 589 3606 650 temporum
3631 598 3727 637 niu-

2214 676 2438 738 tatione,
2475 673 2881 737 vicissitudine,
2933 673 3134 728 ca'oris
3184 679 3239 727 et
3292 671 3502 742 frigoris
3543 688 3729 731 succes-

2213 768 2388 831 sione,
2424 767 2540 822 sole
2562 782 2665 837 per
2693 767 2871 836 spatia
2901 764 3110 820 zodiaci
3137 758 3260 836 qua:
3284 774 3409 819 sunt
3432 767 3562 821 inter
3592 770 3731 838 aequi-

2212 859 2469 913 noctialia
2516 866 2571 913 et
2623 857 2833 928 tr0pica
2870 865 3072 927 puncta
3103 865 3467 927 percurrente,
3499 865 3551 912 et
3575 872 3731 913 eorum

2213 967 2379 1005 causa
2433 951 2720 1020 diligenter
2771 947 3065 1003 admodum
3118 947 3435 1004 Cleomedes
3489 948 3603 1003 libr.
3644 950 3731 1018 jam

2211 1043 2379 1106 dicto,
2413 1058 2451 1106 ι,
2478 1040 2866 1104 Meteororum;
2898 1050 2954 1096 et
2983 1040 3194 1094 Plinius
3227 1039 3322 1092 lib.
3352 1053 3503 1107 xvm,
3529 1054 3635 1108 cap.
3659 1038 3731 1096 25.

2281 1133 2440 1199 lbid.,
2478 1135 2574 1188 lin.
2611 1132 2703 1189 Q5.
2755 1135 2837 1188 Οὐ
2888 1131 3048 1186 ποιεῖ
3087 1130 3158 1184 δὲ
3196 1129 3310 1199 τὴν
3339 1130 3568 1199 ἡμέραν.
3611 1131 3735 1186 Basi-

2212 1230 2338 1295 lius,
2400 1230 2548 1283 hom.
2597 1227 2651 1294 6,
2688 1228 2969 1282 Ἔστωσαν
3017 1226 3074 1279 δέ
3124 1225 3220 1279 καὶ
3271 1226 3350 1287 είς
3392 1223 3607 1297 ἡμέρας,
3656 1224 3736 1296 οὐχ

2210 1320 2349 1374 ὥστε
2408 1322 2620 1392 ἡμέρας
2684 1322 2889 1383 ποιεῖν,
2947 1318 3061 1372 ἀλλ’
3121 1316 3265 1370 ῶστε
3326 1316 3597 1387 κατάρχειν
3650 1316 3737 1369 τῶν

2211 1408 2452 1481 ἡμερῶν.
2505 1408 2719 1479 Ἡμέρα
2743 1407 2853 1479 γάρ
2888 1408 2982 1460 καὶ
3006 1407 3100 1475 νὺξ
3149 1405 3487 1478 πρεσϐύτερα
3523 1405 3612 1471 τῆς
3651 1404 3737 1458 τῶν

2211 1500 2513 1571 φωστήρων
2561 1499 2844 1567 γενέσεως.
2899 1497 3069 1551 Τοῦτο
3114 1497 3228 1568 γὰρ
3279 1497 3591 1551 ἐνδείκνυται
3633 1500 3736 1567 ἡμίν

2210 1590 2306 1644 καὶ
2337 1591 2366 1642 ό
2402 1588 2615 1660 ψαλμὺς
2656 1588 2826 1657 λέγων
2846 1605 2861 1619 ο
2895 1591 3103 1643 Ἔθετο
3139 1587 3323 1654 ἣλιον
3370 1590 3455 1653 είς
3495 1586 3738 1651 ἐξουσίαι·

2211 1680 2320 1749 τῆς
2343 1680 2586 1750 ἡμέρας,
2626 1678 2899 1748 σελήνην
2948 1681 3046 1734 καί
3086 1680 3353 1748 ἀστέρας
3382 1682 3466 1746 είς
3494 1680 3737 1744 ἐξουσίαν

542 1784 705 1857 μῶσι,
743 1782 837 1837 καὶ
864 1754 1160 1854 ὅσαδρεια.
1198 1754 1406 1852 Βόμϐος
1433 1777 1499 1851 ἦν
1529 1754 1947 1853 ἡδηνμελιττῶδ,
1980 1773 2112 1849 ἦχος
2141 1779 2182 1833 Β
2210 1771 2317 1841 τῆς
2350 1775 2587 1838 νυκτός.
2620 1772 2745 1837 Πῶς
2776 1770 2869 1826 οὖν
2901 1772 3013 1843 ἔχει
3042 1774 3143 1845 τὴν
3173 1772 3416 1838 ἐξουσίαν
3446 1772 3539 1841 τῆς
3563 1774 3736 1844 ἡμέρας

539 1874 765 1947 ὀρνίθων
813 1874 1118 1945 μουσικῶν,
1173 1875 1518 1946 σκιρτήματα
1560 1871 1825 1942 ποιμνίων
1858 1871 2106 1941 ἀρτιγενο

539 1968 732 2039 νὴτων⁸
776 1966 937 2038 ἄρνες
979 1967 1245 2037 ἐσκίρτων
1277 1967 1334 2019 ἐν
1360 1968 1475 2028 τοῖς
1500 1964 1703 2035 δρεσιν,
1742 1961 2007 2033 ἐϐόμϐουν
2053 1963 2110 2014 ἐν

538 2062 652 2122 τοῖς
690 2057 948 2127 λειμῶσιν
987 2059 1043 2112 αί
1089 2057 1353 2129 μέλιτται,
1386 2056 1486 2120 τὰς
1524 2055 1731 2127 λόχμας
1764 2054 1991 2127 κατῇδον
2017 2054 2110 2126 δρ-

540 2148 705 2212 νιθες.

609 2241 772 2307 lbid.,
808 2241 908 2297 lin.
950 2241 1038 2296 15.
1093 2240 1347 2297 Ἐκεῖθεν
1389 2238 1457 2294 δὲ
1497 2239 1634 2310 ἤδη.
1666 2237 1926 2304 Basilius,
1959 2237 2107 2292 hom.

540 2331 596 2395 ϐ,
638 2331 876 2386 Ἐκεῖθεν
909 2331 965 2385 δὲ
992 2331 1092 2404 ἡδη
1131 2332 1269 2402 πρὸς
1309 2329 1526 2402 θερινάς
1564 2328 1773 2401 τροπὰς
1814 2328 1900 2380 ἐπ’
1943 2326 2111 2399 αύτὴν

538 2424 639 2495 τὴν
674 2424 905 2496 ’Ἄρκτον
939 2422 1255 2477 ἀπελαύνων
1281 2423 1309 2473 ὁ
1341 2422 1491 2492 ἣλιος
1562 2419 1660 2483 τὰς
1695 2419 1953 2491 μεγίστας
1981 2419 2111 2488 ἡμῖν

538 2513 647 2566 ⁴ιεῶν
675 2512 896 2585 ἡμερῶν
920 2512 1235 2584 παρίστησι,
1259 2512 1351 2565 καὶ
1374 2510 1461 2564 διὰ
1483 2510 1545 2563 τὸ
1569 2510 1661 2562 ἐπὶ
1684 2509 1928 2562 πλεῖστον
1952 2524 2113 2579 προσ-

540 2602 746 2673 ομιλείν
768 2601 845 2673 τῷ
870 2602 1014 2672 ἀέρι,
1045 2601 1206 2655 αὐτόν
1244 2618 1303 2653 τε
1340 2599 1698 2671 καταφρίσσει
1729 2598 1820 2650 τὸν
1849 2597 1987 2667 ὑπὲρ
2019 2612 2110 2648 κε-

541 2693 716 2764 φαλῆς
750 2692 906 2765 ἡμῶν
939 2693 1097 2765 ἀέρα,
1132 2693 1226 2747 καὶ
1253 2690 1351 2761 τὴν
1374 2691 1476 2761 γῆν
1498 2691 1676 2743 πᾶσαν
1702 2687 2107 2759 καταξηραίνει,

538 2786 651 2848 τοῖς
702 2800 761 2836 τε
814 2782 1123 2855 σπέρμασιν
1170 2784 1233 2835 ἐκ
1276 2780 1465 2834 τούτου
1513 2779 1790 2851 συνεργῶν
1836 2778 1971 2849 πρὸς
2012 2776 2108 2849 τὴν

540 2875 767 2946 ἀδρησιν
816 2871 910 2925 καὶ
946 2871 1053 2924 τῶν
1091 2870 1322 2943 δένδρων
1361 2870 1607 2939 καρποὺς
1637 2867 1974 2935 κατεπείγων
2017 2868 2110 2920 ἐπὶ

539 2964 638 3035 τὴν
686 2962 867 3032 πέψιν,
916 2962 1004 3015 ὅτε
1047 2962 1142 3015 καὶ
1186 2960 1620 3030 φλογωδέστατός
1663 2963 1807 3015 ἐστιν
1856 2960 2047 3015 ἐαυτοῦ
2079 2962 2107 3015 ὁ

538 3055 708 3126 ἥλιος,
739 3052 990 3125 βραχείας
1016 3052 1182 3106 ποιῶν
1204 3053 1302 3116 τὰς
1332 3052 1488 3117 σκιάς
1511 3053 1602 3107 ἐπὶ
1621 3053 1718 3125 τῆς
1740 3052 2103 3124 μεσημϐρίας,

538 3117 626 3200 διά
844 3117 1055 3215 ’ύψηλοῦ
1077 3143 1166 3196 τὸν
1192 3144 1317 3215 περὶ
1345 3145 1490 3215 ἡμᾶς
1520 3117 1898 3215 καταλάμπειν
1921 3117 2102 3200 τόπον.
2132 3117 2179 3178 c

540 3234 844 3291 Geminus:
881 3234 1068 3308 Τροπὴ
1116 3235 1173 3287 δέ
1220 3234 1403 3308 θερινὴ
1444 3235 1652 3305 γίνεται
1693 3237 1821 3308 περὶ
1861 3235 1958 3309 τήν
2001 3236 2108 3290 τῶν

541 3328 833 3397 καυμάτων
870 3326 1115 3380 ἐπίτασιν
1161 3328 1217 3380 ἐν
1265 3327 1542 3400 Καρκίνου
1582 3328 1681 3398 μιᾷ
1712 3327 1896 3399 μοίρᾳ,
1922 3329 2053 3383 ὅπου
2080 3330 2109 3383 ό

539 3418 687 3488 ἡλιος
718 3418 809 3471 τὸν
846 3416 1182 3489 βορειότατον
1216 3417 1413 3472 κύκλον
1458 3418 1677 3490 γράιρει,
1712 3420 1805 3472 καὶ
1844 3419 2108 3490 μεγίστην

542 3507 730 3563 πασῶν
754 3508 858 3561 τῶν
882 3510 939 3561 ἐν
961 3508 1186 3579 ἐνιαυτῷ
1213 3510 1423 3581 ἡμέραν
1452 3510 1708 3577 ἐπιτελεῖ,
1743 3510 2029 3582 ἐλαχίστην
2051 3510 2108 3564 δὲ

540 3598 637 3670 τὴν
680 3598 868 3654 νύκτα.
920 3599 1140 3672 Longus
1192 3600 1521 3657 Paemenicon
1564 3602 1690 3657 libr.
1728 3617 1766 3670 ι,
1796 3598 1969 3672 Ἤρος
2015 3598 2109 3657 οὖν

541 3690 641 3762 ἡδη
689 3690 858 3757 τέλος,
893 3692 990 3746 καὶ
1042 3692 1232 3767 θέρους
1279 3694 1443 3766 ἁρχὴ,
1488 3695 1583 3749 καὶ
1634 3695 1809 3748 πάντα
1843 3696 1901 3747 ἐν
1932 3695 2106 3766 ἀκμῇ,

539 3782 731 3855 δένδρα
754 3786 810 3838 ἐν
839 3787 1087 3857 καρποῖς,
1126 3786 1283 3841 πεδία
1307 3788 1366 3841 ἐν
1395 3786 1565 3856 ληῖοις
1584 3803 1599 3817 ·
1633 3787 1786 3860 ἡδεῖα
1812 3788 1909 3859 μὲν
1931 3788 2107 3861 τεττί-

540 3895 654 3948 γων
691 3879 818 3951 ἡχὴ,
863 3880 1089 3949 γλυκεῖα
1114 3880 1206 3934 καὶ
1236 3883 1269 3952 ἡ
1304 3881 1401 3951 τῆς
1440 3880 1660 3952 ὀπώρας
1701 3880 1858 3953 ὀδμὴ,
1903 3880 2108 3953 τερπνὴ

540 3967 597 4022 δὲ
622 3971 885 4040 ποιμνίων
911 3969 1100 4041 βληχή.
1126 3968 1357 4024 Είκασεν
1383 3971 1446 4025 ἄν
1471 3988 1553 4034 τις
1568 3972 1663 4026 καὶ⁵
1683 3972 1808 4035 τοὺς
1834 3971 2108 4042 ποταμοὺς

541 4058 687 4130 ᾄδειν
734 4060 916 4131 ἡρέμα
957 4061 1199 4131 ῥέοντας,
1245 4062 1337 4115 καὶ
1383 4064 1509 4126 τοὺς
1558 4061 1790 4134 ἀνέμους
1843 4064 2108 4135 συρίττειν

539 4152 659 4214 ταῖς
684 4150 894 4205 πίτυσιν
914 4151 1267 4222 ἐμπνέοντας,
1290 4153 1382 4207 καὶ
1402 4153 1491 4206 τὸν
1508 4153 1655 4225 ἥλιον
1680 4154 1962 4223 φιλόκαλον
1981 4154 2108 4209 ὄντα

542 4244 747 4307 πάντας
770 4243 1022 4297 ἀποδύειν

612 4335 773 4398 lbid.,
815 4336 910 4391 lin.
955 4335 1038 4391 l9.
1086 4336 1187 4390 Ἔν
1224 4335 1335 4405 γὰρ
1364 4335 1494 4403 ταῖς
1521 4337 1951 4408 βραχυτάταις.
2006 4338 2103 4393 Ba-

2207 1866 2236 1917 ό
2260 1865 2439 1935 ἡλιοςς
2468 1866 2588 1917 ’Ότι
2630 1864 2691 1917 τὸ
2718 1865 2834 1935 φῶς
2860 1867 2918 1918 ἐν
2964 1865 3146 1936 ἐαυτῷ
3194 1866 3517 1936 περιφέρων,
3558 1864 3733 1919 ἐπειδάν

2208 1972 2337 2010 ποτε
2370 1956 2461 2010 τὸν
2491 1955 2612 2010 καθ’
2642 1958 2789 2028 ἡμᾶς
2821 1958 3069 2027 ὁρίζοντα
3102 1959 3377 2029 ὑπεράρῃ,
3402 1956 3596 2028 ἡμέραν
3623 1975 3734 2029 παρ-

2207 2047 2319 2119 έχει
2344 2046 2600 2111 διαλύσας
2624 2048 2685 2100 τὸ
2718 2047 2929 2111 σκότος.

2279 2140 2440 2204 lbid.,
2463 2141 2568 2195 'lin.
2609 2141 2698 2195 54.
2740 2142 2812 2195 Ἡ
2836 2139 2904 2193 δὲ
2942 2140 3184 2208 σελήνη
3219 2140 3474 2195 ἐπειδάν.
3521 2140 3733 2201 Basilius.

2207 2232 2358 2288 hom.
2389 2231 2445 2297 6,
2480 2233 2683 2304 Σελήνη
2718 2232 2847 2304 μὲν,
2873 2232 3094 2286 ἐπειδὰν
3136 2232 3429 2297 δωδεκάκις
3457 2232 3539 2287 τὸν
3578 2232 3734 2302 éawi};

2208 2325 2470 2399 ἐκτελέσῃ
2493 2326 2711 2396 δρόμον,
2745 2324 2991 2379 ἐνιαυτοῦ
3026 2327 3145 2378 ἐστι
3211 2327 3497 2397 ποιητική·
3531 2324 3653 2394 πλὴν
3672 2325 3739 2377 ὅτι

2211 2419 2377 2490 μηνὸς
2394 2419 2688 2490 ἐμϐολίμου
2703 2418 2873 2471 δεῖται
2903 2418 3177 2483 πολλάκις
3196 2419 3331 2490 πρὸς
3351 2419 3443 2490 τὴν
3469 2418 3643 2491 ἀκριϐῆ
3656 2417 3738 2470 τῶν

2207 2510 2364 2583 ὡρῶν
2386 2511 2686 2583 συνδρομήν
2705 2528 2718 2541 ’
2764 2511 2840 2575 ὡς
2861 2496 3096 2583 Ἑϐραῖοι
3113 2528 3141 2563 τ
3158 2511 3190 2564 ὸ
3207 2510 3426 2564 παλαιὸν
3442 2510 3526 2564 τὸν
3545 2509 3738 2563 ἐνιαυτὸν

2206 2598 2363 2673 ἦγον,
2403 2604 2498 2656 καὶ
2537 2603 2643 2656 τῶν
2687 2603 2952 2674 Ἑλλήνων
2981 2605 3030 2656 οἱ
3063 2604 3438 2676 ἀρχαιότατοι.
3483 2603 3736 2658 Ludovicus

2207 2694 2408 2750 Fidelis
2433 2694 2510 2749 De
2530 2694 2711 2748 mundi
2741 2706 3032 2760 structura,
3070 2697 3180 2751 lib.
3215 2713 3268 2761 ν,
3301 2712 3417 2768 cap.
3447 2698 3497 2763 5,
3520 2696 3636 2752 Sunt
3660 2711 3735 2748 au-

2209 2794 2310 2840 tem
2329 2802 2586 2840 annorum
2605 2785 2680 2852 lii,
2700 2797 2755 2840 ut
2778 2788 2947 2851 aiunt,
2971 2788 3220 2855 lunares,
3234 2788 3313 2841 illi
3326 2788 3530 2842 solum.
3546 2785 3731 2841 Lunares

2209 2877 2456 2933 tredecim
2483 2878 2625 2932 lunae
2653 2879 3060 2933 reuolutiouibus
3102 2896 3121 2934 :
3181 2881 3379 2935 solare:
3403 2897 3501 2933 una
3525 2879 3730 2948 completa

2208 2971 2339 3026 solis
2368 2988 2401 3024 a
2432 2981 2623 3041 puncto
2657 2972 2878 3035 Arietis,
2904 2988 3064 3041 usque
3092 2972 3174 3025 ad
3206 2972 3343 3028 idem
3368 2983 3594 3042 punctum
3615 2988 3726 3026 rere.

2209 3063 2406 3118 lutione
2420 3063 2693 3118 duodecim
2713 3081 2933 3128 menses,
2956 3081 3046 3119 seu
3064 3074 3329 3121 trecentos
3345 3066 3594 3136 sexaginta
3610 3065 3729 3134 quin-

2207 3171 2305 3226 que
2328 3154 2438 3208 dies
2494 3153 2884 3223 complectente,
2926 3170 3031 3207 uno
3067 3155 3262 3209 addito
3305 3155 3577 3226 quadrante
3602 3153 3727 3223 per/i-

2207 3248 2439 3301 ciuntur.
2475 3247 2660 3301 Annus
2690 3256 2863 3300 autem
2890 3245 3186 3302 bissextilis
3226 3249 3435 3311 dicitur,
3463 3249 3544 3317 qui
3578 3258 3725 3315 quarto

2206 3355 2406 3411 quoque
2445 3354 2582 3392 anno
2616 3337 2719 3393 366
2779 3337 2961 3392 diebus
3007 3340 3322 3407 completur.
3366 3339 3518 3393 Plura
3556 3339 3612 3393 de
3646 3336 3725 3390 hoc

2208 3444 2352 3484 anno
2380 3429 2738 3495 Censorinus,
2768 3429 3040 3500 .Ioseplius
3071 3429 3319 3502 Scaliger
3346 3441 3395 3486 et
3428 3431 3533 3486 alii.

2276 3520 2435 3584 lbid.,
2466 3520 2561 3576 lin.
2595 3521 2684 3576 55.
2722 3520 2897 3588 Πλὴν
2953 3520 3042 3574 ὅτι
3068 3522 3271 3592 μηνὸς
3299 3522 3611 3592 ἐμϐολίμου.
3637 3516 3723 3572 Pli-

2208 3612 2335 3667 nius
2363 3613 2485 3668 libr.
2522 3629 2582 3677 ιι,
2621 3613 2787 3683 capit.
2813 3613 2869 3680 8,
2907 3612 3100 3667 Deinde
3120 3614 3256 3668 solis
3282 3623 3500 3669 meatum
3524 3627 3617 3666 esse
3629 3626 3723 3677 par-

2209 3705 2339 3758 tium
2364 3704 2571 3775 quidem
2603 3713 2950 3759 trecentarum
2980 3706 3263 3776 sexaginta
3293 3721 3311 3758 :
3342 3704 3428 3760 sed
3457 3715 3508 3758 ut
3531 3702 3722 3757 observa-

2210 3798 2282 3852 tio
2319 3796 2631 3851 umbrarum
2677 3797 2791 3866 ejus
2842 3795 3019 3852 redeat
3060 3796 3129 3849 ad
3187 3807 3361 3860 notas,
3411 3798 3577 3868 quinos
3604 3793 3719 3847 annis

2207 3888 2317 3943 dies
2348 3889 2532 3958 adjici,
2566 3904 2818 3959 superque
2857 3899 3102 3960 quartam
3132 3899 3339 3958 partem
3378 3890 3494 3951 diei,
3520 3901 3650 3957 quam
3671 3881 3718 3936 ob

2207 3998 2424 4036 causam
2464 3983 2642 4053 quinto
2676 3999 2813 4037 anno
2842 4000 2977 4038 unus
3017 3985 3355 4039 intercalaris
3399 3982 3502 4037 dies
3530 3979 3717 4035 additur.

2208 4083 2265 4126 ut
2298 4083 2585 4140 temporum
2630 4075 2768 4128 ratio
2798 4074 2926 4129 solis
2978 4075 3158 4129 itineri
3211 4083 3476 4144 congruat.
3521 4069 3584 4125 De
3609 4082 3719 4122 anno

2208 4165 2523 4221 intercalari
2570 4176 2626 4221 et
2667 4181 2854 4223 mense
2892 4166 3014 4221 vide
3062 4166 3312 4222 Solinum
3341 4166 3496 4235 capit.
3549 4157 3718 4226 ιιιοΡοο

2208 4269 2354 4312 trum
2395 4255 2665 4312 Naunium
2718 4257 3045 4329 Symmicton
3093 4258 3195 4313 lib.
3231 4276 3286 4326 ν,
3319 4265 3372 4312 et
3401 4257 3526 4312 alios
3568 4251 3645 4323 qui
3667 4248 3718 4303 de

2205 4348 2585 4405 emendatione
2612 4356 2918 4419 temporum
2955 4351 3316 4420 scripserunt.

541 4428 721 4491 silius,
757 4427 905 4482 hom.
939 4428 995 4492 6,
1026 4427 1292 4497 Μέγισται
1336 4428 1445 4500 γάρ
1478 4431 1613 4484 εἰσιν
1645 4430 1892 4502 ἡμερῶν,
1919 4434 1977 4486 ἐν
2018 4428 2105 4497 αἷς

2277 4439 2450 4503 ιδιά..
2483 4439 2579 4496 lin.
2629 4440 2719 4495 εγ.
2773 4440 2834 4494 Ὀ
2871 4441 2981 4511 γὰρ
3009 4442 3264 4509 ήλιακός
3292 4442 3565 4506 ἐνιαυτός.
3597 4435 3717 4490 Basi-

542 4519 872 4594 βραχύταταί
918 4523 1052 4576 εἰσιν
1089 4523 1144 4576 al
1199 4525 1368 4587 σκιαὶ,
1421 4523 1514 4576 καὶ
1561 4521 1891 4594 βραχύταται
1943 4523 2104 4579 πάλιν

537 4613 742 4689 ἡμέραι
772 4614 827 4666 al
860 4612 959 4677 τὰς
986 4613 1140 4678 σκιάς
1176 4612 1391 4685 ἔχουσαι
1419 4613 1762 4687 μακροτάτας
1785 4631 1800 4646 ο
1833 4615 2106 4670 καὶτοῦτο

541 4707 670 4777 παρ’
736 4706 867 4777 ἡμῖν
916 4708 1027 4768 τοῖς
1088 4705 1419 4776 ἐτεροσκίοις
1467 4705 1809 4777 λεγομένοις,
1871 4707 1982 4761 ὅσοι
2035 4706 2105 4761 τὰ

541 4794 765 4872 ἀρκτῷα
788 4795 889 4867 τῆς
914 4796 1018 4866 γῆς
1046 4796 1388 4868 ἐποικοῦμεν.
1427 4795 1631 4851 Horum
1664 4805 1971 4852 accuratam
2005 4812 2103 4852 ex-

541 4889 867 4957 positionem
900 4886 1067 4941 habes
1108 4887 1248 4957 apud
1281 4885 1642 4954 Cleomedem,
1683 4886 1897 4942 Meteor.
1928 4888 2023 4942 lib.
2062 4904 2100 4947 ι.

609 4978 767 5042 ιδιά..
794 4978 892 5033 lin.
912 4977 1003 5033 20.
1039 4977 1150 5033 Kal
1179 4978 1363 5035 πάλιν
1385 4977 1503 5033 ἀπὸ
1525 4976 1644 5032 τῶν
1667 4979 2098 5048 προσαρκτίων.

538 5070 795 5138 Basilius,
829 5072 975 5127 hom.
1011 5072 1064 5137 6,
1115 5073 1390 5127 Ἐντεῦθεν
1438 5071 1790 5145 διαδεξαμένη
1819 5074 1965 5145 ἡμᾶς
2008 5072 2101 5127 τοῦ

542 5166 855 5239 μετοπώρου
903 5169 936 5239 ἡ
988 5165 1107 5240 ῶρα
1154 5166 1453 5239 ἀποθραύει
1502 5168 1599 5238 μέν
1644 5167 1737 5222 τοῦ
1788 5168 2014 5238 πνίγους
2043 5169 2103 5222 τὸ

540 5258 895 5332 ὑπερϐάλλον,
927 5259 1068 5313 κατά
1097 5260 1288 5331 μικρὸν
1309 5260 1365 5313 δέ
1395 5260 1609 5329 ὑφιεῖσα
1647 5260 1747 5332 τῆς
1786 5260 1992 5333 θέρμης
2016 5259 2103 5314 διὰ

537 5355 638 5433 τῆς
680 5356 820 5412 κατά
848 5358 948 5429 τὴν
977 5359 1173 5430 κρᾶσιν
1218 5357 1511 5429 μεσότητος
1556 5354 1807 5417 ἀϐλαϐῶς
1850 5357 1997 5426 ἡμᾶς
2036 5356 2102 5408 δι’

537 5449 737 5521 ἐαυτῆς
763 5452 840 5522 τῷ
863 5452 1110 5523 χειμῶνι,
1135 5450 1399 5523 προσάγει
1422 5450 1661 5523 δηλονότι
1691 5447 1784 5503 τοῦ
1813 5448 1966 5521 ἡλίου
2001 5448 2105 5501 πά-

537 5541 621 5595 λιν
652 5542 758 5597 ἀπδ
782 5544 888 5597 τῶν
917 5546 1295 5617 προσαρκτίων
1326 5545 1417 5598 ἐπὶ
1445 5542 1512 5597 τὰ
1547 5542 1698 5599 νότια
1740 5542 2104 5614 ὑποστρέφον-

536 5647 649 5695 τος.
676 5631 934 5690 Geminus
954 5651 966 5685 :
986 5637 1264 5707 Ἰσημερία
1292 5635 1348 5689 δέ
1367 5638 1484 5689 ἐστι
1511 5633 1900 5706 φθινοπωρινὴ,
1926 5634 2054 5688 ὅταν
2072 5634 2101 5685 ό

536 5720 687 5794 ἡλιος
707 5720 802 5777 ἀπ’
830 5720 1044 5795 ἄρκτων
1077 5724 1211 5795 πρὸς
1253 5725 1596 5798 μεσημϐρίαν
1625 5724 1956 5799 παροδεύων,
1997 5723 2102 5777 πά-

2205 4532 2332 4592 lius.
2365 4531 2512 4604 bpm.
2551 4531 2608 4596 6,
2650 4531 2899 4597 Ἡλιακδς
2930 4531 2988 4588 δέ
3020 4535 3165 4588 ἐστιν
3198 4534 3435 4597 ἐνιαυτὸς
3471 4534 3500 4605 ἡ
3531 4528 3621 4586 ἀπὸ
3643 4524 3716 4579 τοῦ

2205 4621 2368 4677 αὐτοῦ
2401 4625 2625 4695 σημείου
2654 4625 2747 4677 ἐπὶ
2773 4624 2834 4679 τὸ
2861 4625 2992 4679 αὐτὸ
3028 4629 3253 4697 σημεῖον
3288 4625 3425 4680 κατά
3442 4624 3531 4696 τὴν
3552 4619 3713 4675 οἰκείαν

2204 4713 2417 4786 κίνησιν
2449 4715 2543 4769 τοῦ
2573 4714 2724 4787 ἡλίου
2752 4717 3219 4782 ἀποκατάστασις.
3256 4717 3322 4772 Ει
3348 4716 3552 4773 lsaacus
3575 4712 3711 4780 Argy-

2205 4822 2300 4862 rus
2331 4807 2388 4861 in
2419 4804 2634 4863 Conone
2673 4808 2934 4876 paschali,
2970 4825 3092 4881 cap.
3123 4811 3176 4876 1,
3218 4809 3429 4881 Ἐπειδὴ
3457 4808 3555 4880 γάρ
3578 4808 3603 4859 ό
3625 4805 3710 4856 ἐνι-

2206 4896 2365 4963 αυτὸς
2388 4900 2454 4970 τῇ
2486 4898 2580 4952 τοῦ
2610 4898 2758 4969 ἡλίου
2801 4902 3014 4972 κινήσει
3038 4903 3479 4973 παραμετρεὴαι,
3517 4899 3547 4969 ἡ
3572 4895 3619 4950 δὲ
3639 4889 3708 4945 τοῦ

2204 4989 2353 5060 ἡλίου
2401 4990 2614 5063 κίνησις
2671 4991 2944 5057 κυκλικῶς
2985 4992 3346 5065 ἐνεργουμένη
3397 4991 3485 5045 καὶ
3525 4986 3616 5041 ἀπὸ
3637 4981 3707 5037 τοῦ

2203 5081 2368 5136 αὐτοῦ
2393 5083 2617 5154 σημείου
2646 5084 2726 5147 είς
2745 5084 2805 5138 τὸ
2826 5084 2958 5138 αύτδ
2981 5084 3448 5155 ἀποκαθισταμένη
3475 5080 3556 5135 τὸν
3577 5080 3708 5132 ἐνιαυ-

2204 5171 2294 5225 τὸν
2324 5170 2514 5242 ὁρίζει.
2547 5172 2614 5227 Et
2647 5171 2908 5231 Geminus
2932 5175 3115 5231 libello
3139 5175 3214 5230 De
3240 5169 3672 5247 .lpparent.calat
3691 5200 3705 5222 .

2216 5261 2274 5314 ὐ
2304 5262 2361 5315 δέ
2389 5262 2539 5333 ἥλιος
2567 5264 2798 5335 ἐνιαυτῷ
2847 5265 3223 5340 διαπορεύεται
3262 5266 3354 5319 τὸν
3384 5259 3615 5328 ζωδιακὸν
3634 5252 3705 5309 κύο

2204 5354 2330 5408 κλον
2349 5371 2363 5385 ·
2393 5354 2509 5408 ἐστι
2539 5355 2648 5427 γὰρ
2676 5357 2942 5423 ἐνιαύσιος
2970 5360 3179 5432 χρόνος,
3211 5361 3268 5413 ἐν
3297 5352 3340 5427 ᾧ
3367 5361 3395 5410 ὁ
3427 5355 3561 5425 ἥλιος
3587 5362 3706 5418 περί’

2204 5446 2491 5519 πορεύεται
2532 5452 2623 5502 τὸν
2670 5448 2933 5514 ζωδιακὸν
2974 5451 3188 5514 κύκλον,
3221 5451 3312 5506 καὶ
3341 5448 3439 5503 ἀπὸ
3468 5443 3549 5499 τοῦ
3573 5432 3702 5495 αὐτοῦ

2204 5540 2430 5611 σημείου
2470 5541 2563 5595 ἐπὶ
2595 5541 2657 5594 τὸ
2693 5543 2823 5596 αὐτὸ
2847 5547 3068 5615 σημεῖον
3115 5541 3536 5597 ἀποκαθίσταται.
3580 5533 3626 5585 ὐ
3659 5525 3705 5580 δὲ

2204 5633 2391 5705 χρόνος
2415 5626 2571 5698 οὗτός
2594 5634 2740 5688 ἐστιν
2759 5635 2984 5706 ἡμερῶν
3033 5635 3243 5702 τξεδονη
3270 5634 3327 5685 ἐν
3344 5627 3599 5686 τοσαύταις
3619 5617 3701 5688 γὰρ

2204 5725 2439 5798 ἡμέραις
2475 5726 2574 5793 τὰς
2591 5725 2666 5792 τίδ’
2722 5727 2916 5801 μοίρας
2972 5724 3252 5798 παροδεύει
3298 5716 3325 5776 ὁ
3373 5717 3538 5791 ἥλιοςσ
3584 5711 3702 5772 ὤση
