3952 6204
191 303 301 358 869
1202 304 1267 361 IN
1306 305 1676 363 EUSTATHII
1704 305 2179 363 HEXAEMERON
2218 305 2453 362 NOTAE.
3336 305 3445 361 870

192 423 347 498 rupi
401 423 597 495 μικρὸν
657 423 715 476 ιν
760 424 861 494 μιᾷ
887 422 1070 495 ἡμέρα
1118 426 1310 497 μοῖραν
1364 428 1625 481 κινεῖσθαι
1679 424 1761 481 τὸν

1871 441 1962 479 sus
2003 426 2083 481 vel
2112 442 2344 480 recessus
2388 424 2590 496 liquido
2633 433 2950 481 monstrant.
2986 423 3200 480 Norant
3243 425 3448 493 pariter

192 516 367 589 ἥλιον.
1865 517 2067 584 experti
2091 517 2280 571 medici
2303 516 2533 579 morbos,
2552 518 2953 587 morborumque
2966 517 3232 586 periodos,
3259 526 3308 571 et
3330 518 3450 586 ipsa

266 609 385 665 Col.
405 608 523 668 721.
546 608 642 662 lin.
661 607 750 664 39.
777 608 887 676 Τῆς
899 608 972 662 δὲ
987 608 1258 677 σελήνης
1268 612 1596 680 ληγούσης.
1615 609 1761 666 Basi-

1868 610 2008 663 luna:
2024 612 2362 673 incremento,
2381 609 2687 679 plenilunia,
2702 614 2777 664 vel
2794 611 3118 665 decrementa
3142 627 3246 663 nau
3270 627 3316 665 ω
3331 613 3450 665 vela

193 700 326 764 lius,
360 700 507 755 hom.
537 699 594 764 6,
616 696 782 771 Οἶμαι
807 701 864 754 δὲ
892 701 986 756 καὶ
1013 704 1080 773 τῇ
1112 701 1220 755 τῶν
1249 701 1402 767 ζώων
1432 706 1761 774 κατασκευῇ,

1868 701 2235 763 committunt;
2284 699 2534 771 agrbolce
2586 711 2799 770 aspectu
2826 702 2963 756 luna:
3016 703 3221 757 diversa
3273 711 3451 757 terras

194 793 289 846 καὶ
315 794 426 854 τοῖς
445 790 553 845 ἀπὺ
587 790 693 862 γῆς
730 792 1040 863 φυομένοις,
1071 791 1144 863 μὴ
1180 791 1381 865 μικρὰν
1419 793 1683 865 ὑπάρχειν
1701 794 1761 847 ἐκ

1868 801 2051 846 aratra
2085 792 2317 862 ﬁndunt,
2356 793 2482 862 fimo
2534 795 2886 864 impinguant,
2920 796 3122 849 semina
3167 805 3442 866 spargunt,

194 884 292 955 τῆς
340 883 485 938 κατά
521 883 620 955 τὴν
667 883 897 955 σελήνην
946 883 1244 957 μεταϐολῆς
1288 885 1387 957 τὴν
1438 886 1761 940 συντέλειαν.

1868 894 2058 955 segetes
2091 894 2310 949 metunt,
2344 899 2637 957 ceteraque
2657 888 2801 957 agris
2831 904 2894 941 ac
2917 887 3085 942 hortis
3105 887 3337 943 colendis
3358 889 3442 941 di-

192 977 409 1041 Ἄλλως
439 976 548 1048 γὰρ
574 976 868 1031 διατίθεται
895 978 1220 1049 μειουμένης
1249 980 1438 1050 αὐτῆς,
1467 981 1562 1033 καὶ
1594 979 1761 1043 ἄλλως

1868 973 2087 1045 ligenter
2119 974 2401 1046 adoptant,
2426 986 2477 1031 et
2506 977 2560 1030 id
2585 980 2786 1048 generis
2809 978 3040 1048 plurima
3063 989 3330 1033 astrorum
3359 996 3443 1034 re—

187 1069 501 1140 αὐξομένης
526 1069 597 1122 τὰ
617 1067 865 1141 σώματα,
895 1069 990 1124 νῦν
1016 1071 1114 1141 μὲν
1139 1070 1409 1144 ληγούσης
1429 1072 1595 1144 ἀραιά
1623 1073 1761 1142 γενό-

1868 1066 1997 1138 ferri
2024 1078 2235 1137 possent
2276 1070 2449 1141 signa.
2484 1067 2767 1140 Oppianus
2811 1072 3188 1127 Ἀλιευτικῶν
3228 1074 3443 1144 quinto,

196 1179 360 1233 μενα,
390 1163 485 1216 καὶ
517 1162 670 1228 κενὰ,
690 1161 787 1216 νῦν
818 1162 875 1216 δὲ
904 1162 1227 1237 αὐξομένης.
1249 1166 1345 1220 καὶ
1376 1166 1511 1238 πρὸς
1533 1166 1594 1220 τδ
1626 1166 1766 1238 πλῆ-

194 1271 292 1327 ρες
340 1254 733 1325 ἐπειγομένης,
764 1256 857 1309 καὶ¹
912 1255 1052 1310 αὐτὰ
1099 1257 1260 1311 πάλιν
1288 1257 1761 1330 ἀναπληρούμενα.

190 1348 398 1405 Sextus
451 1348 880 1421 Etnpyricus-in
937 1351 1183 1407 eamdem
1233 1353 1556 1408 sententiam
1586 1354 1761 1419 l.vm,

188 1441 328 1496 Ade.
365 1441 614 1494 mathcm.
639 1480 654 1505 ,
685 1439 855 1495 ιΚατὰ
911 1440 1021 1512 γὰρ
1057 1441 1156 1505 τὰς
1186 1442 1284 1512 τῆς
1323 1443 1551 1514 σελήνης
1597 1443 1763 1515 αὐξή-

190 1553 310 1601 σεις
352 1537 449 1590 καὶ
481 1534 693 1605 φθίσεις
721 1534 891 1588 πολλά
933 1534 1043 1587 τῶν
1085 1552 1145 1588 τε
1180 1533 1436 1604 ἐπιγείων
1477 1534 1630 1600 ζώων
1671 1537 1765 1589 καὶ

189 1627 504 1684 θαλασσίων
536 1627 709 1697 φθίνει
739 1644 798 1680 τε
846 1626 940 1680 καὶ
967 1624 1118 1693 αὔξει
1147 1667 1162 1690 ,
1212 1625 1493 1697 (luminat;
1549 1644 1607 1681 τε
1669 1628 1763 1680 καὶ

189 1720 578 1795 πλημμυρίδες
604 1720 730 1790 περί
764 1735 885 1772 τινα
915 1718 1055 1791 μέρη
1086 1719 1183 1791 τῆς
1211 1717 1484 1790 θαλάσσης
1502 1718 1759 1788 γίνονται.

191 1815 325 1872 Haec
347 1817 533 1871 eadem
557 1814 893 1868 incremento
912 1812 1155 1882 ejusdem
1180 1813 1392 1883 augeri,
1416 1812 1763 1866 decrementa
1796 1795 1838 1852 Β

188 1911 368 1966 minui
401 1908 535 1964 dicit
560 1906 770 1962 Plinius
802 1906 897 1961 lib.
944 1921 1005 1969 ιι,
1040 1920 1161 1976 cap.
1191 1906 1281 1970 bl,
1313 1913 1368 1961 et
1394 1920 1514 1975 cap.
1544 1904 1631 1970 99,
1672 1904 1762 1959 uhi

189 2014 516 2073 potestatem
547 2001 690 2056 luna:
720 2007 774 2056 et
826 2008 1097 2053 terrenam
1123 2006 1176 2053 et
1203 1999 1469 2053 marinam
1506 1998 1759 2069 explicat.

185 2095 431 2149 Consule
450 2094 578 2148 item
607 2091 888 2147 .Elianum
914 2091 987 2145 De
1012 2090 1135 2144 hist.
1164 2091 1329 2146 anim.
1346 2091 1441 2145 lib.
1467 2106 1542 2152 ις,
1564 2105 1685 2160 cap.
1709 2092 1761 2156 ι,

185 2189 286 2259 qui
321 2187 482 2242 etiam
514 2187 607 2240 lib.
640 2201 742 2251 xu,
785 2200 906 2255 cap.
936 2184 1024 2247 l3,
1056 2193 1262 2249 narrat,
1302 2183 1529 2256 physam
1560 2182 1765 2255 Egyp-

187 2283 332 2334 tium
359 2279 586 2349 piscem,
643 2292 856 2333 necnon
890 2286 944 2331 et
972 2276 1121 2332 illius
1157 2276 1316 2346 jecur
1343 2291 1465 2330 cum
1512 2278 1637 2330 luna
1670 2290 1765 2346 pa-

187 2374 329 2427 riter
355 2371 696 2432 decrescere,
735 2369 1047 2441 pariterque
1085 2384 1412 2424 recrescere.
1447 2367 1609 2423 Plura
1644 2383 1765 2438 qua:

188 2462 539 2534 συμπάθειαν
572 2462 774 2516 habent
797 2472 921 2514 cum
960 2461 1086 2514 luna
1121 2468 1469 2530 augescente,
1501 2467 1555 2515 et
1610 2474 1761 2515 sene-

1868 2493 1967 2566 Εῒχ

187 2564 384 2611 scente
416 2560 699 2610 enumerat
727 2552 934 2607 Cellius
975 2552 1072 2608 lib.
1113 2568 1207 2617 xx,
1255 2567 1374 2623 cap.
1406 2553 1460 2617 8,
1491 2550 1766 2622 refertque

187 2647 388 2703 Lucilii
440 2662 633 2703 versus
677 2646 784 2701 huc
833 2645 1188 2717 pertinentes.
1230 2644 1485 2702 Manilius
1530 2659 1760 2716 procem.

187 2742 289 2797 lib.
330 2755 390 2805 ιι,
419 2741 499 2797 sic
522 2742 616 2804 ait,

261 2855 358 2912 Sic
375 2855 643 2910 submersa
679 2855 850 2925 fretis,
882 2857 1197 2910 concharum
1229 2864 1276 2909 et
1299 2872 1505 2910 carcere
1526 2854 1709 2909 clausa

259 2928 344 2980 Ad
375 2928 516 2981 luna
540 2936 737 2981 motum
769 2929 977 2980 variant
1007 2926 1263 2981 animalia
1291 2943 1498 2996 corpus.

188 3042 576 3113 Hippxicrates.
609 3043 724 3098 sive
757 3044 883 3114 quis
918 3043 1059 3097 alius
1087 3042 1269 3097 libello
1300 3041 1375 3096 De
1402 3043 1759 3107 Astranamia,

1865 1176 2029 1216 versu
2065 1161 2169 1216 589
2196 1179 2210 1215 :

1868 1275 2087 1347 Ἕθνεα
2114 1273 2166 1347 δξ
2195 1275 2539 1344 ὀστράκινα,
2570 1276 2641 1331 τά
2679 1278 2732 1332 θ’
2761 1276 3079 1347 ἑρπύζουσι
3124 1277 3407 1347 θαλάσσῃ

1863 1345 2069 1417 Πάντα
2082 1343 2277 1414 φάτις,
2289 1343 2489 1414 μήνης
2502 1347 2618 1417 μὲν
2644 1343 2976 1416 ἀεξομένης
3004 1348 3154 1401 κατὰ
3179 1343 3437 1417 κύκλον,

1863 1415 2050 1483 Σαρκι
2076 1417 2485 1484 περιπλήθειν,
2504 1415 2612 1473 οιαὶ
2641 1415 2894 1472 πλείονα
2914 1416 3156 1485 ναιέμεν
3175 1415 3346 1472 οἷκον
3362 1435 3378 1449 ⁸

1864 1488 2203 1553 Φθινούσης
2222 1486 2273 1539 δ’
2299 1488 2539 1555 ἐξαῦτις
2559 1487 2985 1556 ἀφαυροτέροις
3001 1487 3290 1556 μελέεσσι

1873 1556 2255 1623 Ῥικνοῦσθαι
2280 1574 2293 1587 ·
2324 1560 2451 1627 τοίη
2481 1576 2571 1626 τις
2601 1558 2691 1612 ἐνὶ
2728 1561 2948 1627 σφίσιν
2980 1558 3152 1612 ἐστὶν
3188 1558 3438 1630 ἀνάγκη.

1865 1665 1931 1720 Ει
1959 1655 2171 1724 Plinius
2200 1669 2295 1723 lib.
2322 1686 2397 1734 ix,
2425 1685 2545 1741 cap.
2583 1670 2673 1734 51,
2706 1669 2902 1727 Cancri
2929 1680 2977 1724 et
3003 1671 3181 1725 omnia
3214 1670 3327 1740 ejus
3353 1687 3439 1741 ge-

1866 1762 2004 1814 neris
2033 1761 2202 1815 hieme
2241 1762 2527 1825 la'duntur,
2563 1774 2818 1817 autumno
2844 1771 2892 1817 et
2936 1779 3053 1817 vere
3073 1806 3085 1817 .
3098 1764 3439 1834 pinguescunt

1863 1861 1913 1906 et
1951 1853 2240 1921 plenilunio
2278 1855 2466 1924 magis,
2507 1856 2633 1924 quia
2675 1864 2823 1909 nocte
2855 1854 3001 1909 sidus
3039 1853 3209 1923 tepida
3239 1852 3440 1923 fulgore

1864 1947 2130 2016 mitiﬁcat.
2163 1945 2373 2013 Quibus
2408 1948 2757 2004 manifestum
2785 1956 2891 2011 est,
2918 1964 3029 2002 non
3067 1955 3275 2001 tantum
3308 1962 3440 2002 con-

1863 2038 2052 2106 chilia,
2104 2040 2199 2095 sed
2255 2040 2538 2106 animalia,
2581 2050 2635 2096 et
2683 2041 2885 2095 mullos
2922 2049 3183 2111 praaterea
3231 2040 3443 2110 lapides

1864 2131 2079 2203 aliaque
2116 2130 2477 2188 dit'ersissimi
2509 2133 2726 2205 generis
2757 2148 2881 2187 cum
2916 2132 3045 2187 luna
3087 2146 3358 2198 crescere,
3382 2139 3441 2187 et

1864 2221 2200 2279 decrescere.
2240 2222 2464 2280 Nonnus
2496 2225 2848 2297 Dionysiacon
2879 2240 2932 2290 ν,
2978 2224 3045 2280 de
3077 2223 3316 2279 selenete
3356 2222 3439 2276 la-

1864 2314 1989 2385 pide
2482 2390 2487 2395 ἡ

2491 2462 2563 2473 -—
2588 2429 2667 2499 Τῇ
2693 2430 2763 2485 δὲ
2798 2431 3071 2501 σελήνης

1969 2515 2000 2552 ε
2024 2497 2198 2573 ,1ίᾷον
2224 2499 2592 2564 πάλλευκον,
2612 2497 2693 2573 ,ὃς
2715 2497 3029 2573 ίεύκεράοιό
3046 2497 3298 2571 ⁷θεῖαίνιίς

1862 2568 2229 2645 ᾼὲειπομένῃς
2248 2573 2501 2645 μινύθει,
2530 2571 2626 2645 καὶ
2655 2568 2891 2645 ἀέξετᾱι
2919 2575 3145 2645 ὁππότε
3163 2568 3326 2645 μήνη

1878 2638 2225 2713 Ἀρτιερανὴς
2249 2638 2438 2713 ονέἑιας
2460 2641 2646 2713 ὐπρὸν
2676 2643 3132 2698 ἀποστίλϐουσα
3156 2638 3397 2713 ἱεεραίης

1876 2707 2107 2765 Ἠελίου
2131 2710 2449 2781 γενετῆρος
2484 2707 2800 2783 ἀλιέλγεται
2841 2716 3173 2785 αὐτότονον
3190 2707 3329 2783 ιὶῦρ.

1933 2841 2146 2899 Psellus
2175 2844 2243 2899 de
2290 2844 2601 2915 lapidibus:
2639 2846 2696 2901 ’0
2727 2846 3029 2920 σεληνίτης.
3076 2848 3333 2903 Καλεῖται
3378 2848 3436 2903 δὲ

1863 2936 2057 3001 οὕτως,
2083 2938 2166 2991 ὅτι
2203 2937 2479 3009 ὀφθαλμὸν
2518 2934 2630 2994 οἷόν
2656 2957 2778 2994 τινα
2826 2941 3218 3015 συναυξόμενον
3251 2941 3437 2997 τοῦτον

1865 3031 1959 3084 καὶ
1993 3030 2432 3102 συμμειούμενον
2474 3034 2594 3096 ταῖς
2637 3032 2735 3103 τῆς
2769 3033 2997 3107 σελήνης
3038 3034 3299 3106 αὑξήσεσι
3344 3034 3437 3088 καὶ

188 3152 255 3191 ex
281 3136 731 3205 interpretatione
772 3133 1041 3189 Gnlideoli
1089 3133 1311 3189 llordici
1339 3134 1557 3202 :Aspice
1584 3136 1761 3188 lunam

1868 3122 2236 3194 ωμμειὼσεσι
2267 3122 2558 3177 δείκνυται.
2583 3122 2716 3180 Vide
2750 3123 3057 3197 Philippum
3094 3127 3437 3181 Maussacum

184 3231 407 3298 quando
445 3236 521 3282 est
573 3226 728 3296 plena
768 3227 984 3288 lumine,
1015 3228 1140 3297 quia
1172 3239 1280 3279 tum
1318 3228 1502 3281 crescit
1523 3227 1759 3297 sanguis,

185 3331 238 3373 et
262 3318 498 3374 medulla
523 3320 575 3373 in
605 3318 745 3374 omni
775 3318 1001 3381 homine,
1025 3328 1076 3372 et
1106 3318 1285 3373 bestiis
1320 3319 1579 3373 omnibus.
1619 3316 1763 3375 ldem

187 3415 251 3482 ﬁt
269 3416 326 3466 in
356 3412 495 3465 mari
523 3421 570 3465 et
600 3412 803 3465 cunctis
828 3412 881 3464 in
910 3409 1063 3465 rebus
1088 3411 1391 3463 mundanis.
1420 3408 1761 3475 Ptolemaeus,

190 3505 268 3558 Ἤ
296 3521 357 3557 τε
393 3504 589 3575 σελήνη
636 3504 711 3567 ὡς
745 3504 1124 3574 περιγειοτάτη
1163 3503 1344 3555 δίδωσι
1376 3504 1487 3566 τοῖς
1527 3503 1663 3573 πρὸς
1696 3505 1763 3575 τῇ

187 3599 261 3668 τῇ
285 3597 388 3667 τὴν
421 3597 741 3669 ἀπόρροιαν,
769 3595 1195 3667 συμπαθοῦντων
1224 3594 1380 3666 αὐτῇ,
1413 3594 1505 3647 καὶ¹
1546 3611 1767 3665 συντρε-

187 3689 448 3761 πομένων
488 3688 596 3742 τῶν
628 3688 913 3752 πλείστων,
956 3688 1050 3741 καὶ
1087 3686 1346 3759 ἐμψύχων
1383 3687 1477 3741 καὶ
1514 3686 1759 3758 ἀψύχων

186 3784 286 3836 καὶ
332 3781 594 3852 ποταμῶν
647 3781 1017 3849 συναυξόντων
1057 3782 1153 3835 καὶ
1196 3780 1603 3852 συμμειούντων
1654 3785 1767 3846 τοῖς

186 3872 368 3941 φωσὶν
394 3871 565 3943 αὐτῆς
589 3870 657 3925 τὰ
679 3871 942 3944 ῥεύματα,
968 3871 1247 3926 θαλασσῶν
1268 3872 1325 3926 δὲ
1357 3874 1766 3945 συντρεπουσῶν

184 3966 313 4026 ταῖς
341 3962 662 4027 ἀνατολαῖςο
696 3972 750 4018 et
776 3964 1044 4034 interpres
1100 3979 1404 4035 anonymus
1462 3964 1592 4021 Tab.
1642 3965 1768 4021 Pto-

189 4057 347 4121 lem.,
364 4054 506 4128 ὀρῶ
533 4056 633 4127 μὲν
663 4055 772 4128 γὰρ
798 4056 892 4109 καὶ
917 4054 986 4108 τὰ
1012 4054 1273 4110 θαλάττια
1295 4055 1411 4121 ζῶα
1443 4057 1757 4123 συναυξανό-

189 4164 334 4218 usu
374 4146 471 4200 καὶ
524 4145 931 4218 συμμειούμενα
977 4149 1044 4219 τῇ
1083 4148 1302 4220 σελήνῃ,
1351 4149 1445 4203 καὶ
1498 4150 1655 4221 ἡμῶν
1709 4151 1766 4205 δὲ

184 4235 376 4291 αὐτῶν
411 4251 534 4289 τινα
590 4236 732 4308 μέρη
774 4236 869 4290 τοῦ
920 4235 1195 4311 σώματος,
1251 4234 1362 4292 οἷον
1420 4239 1617 4311 ὄνυχας
1670 4242 1765 4294 καὶ⁵

182 4329 413 4400 τρίχα-ς·
453 4323 523 4399 ἦν
559 4328 617 4382 δέ
657 4346 711 4382 τι
745 4329 839 4382 καὶ
889 4328 1031 4401 ἱερὸν
1078 4328 1216 4392 ζῶον
1264 4331 1322 4384 ὲν
1373 4334 1441 4403 τῇ
1506 4332 1764 4404 Αἰγύπτῳ

180 4421 390 4493 ταῦρος
432 4421 784 4493 ἀνακείμενος
827 4423 891 4493 τῇ
933 4421 1058 4493 θεῷ,
1100 4418 1162 4478 οὗ
1204 4423 1391 4495 ήσόὸη
1437 4423 1763 4495 συνηύξανεν

1865 3213 1921 3268 in
1952 3221 2124 3268 notat.
2159 3214 2224 3266 ad
2259 3212 2608 3268 Plutarchum
2634 3214 2702 3269 de
2733 3214 2943 3271 ﬂumin.
2977 3219 3031 3271 in
3065 3215 3339 3287 Hydaspe,
3374 3226 3430 3271 et

1864 3306 2135 3361 Caesarem
2174 3303 2429 3359 Evolum
2484 3304 2899 3371 Neapolitanum
2943 3305 3020 3362 De
3067 3310 3242 3363 causis
3293 3310 3435 3362 anti-

1862 3397 2059 3468 pathia'
2104 3408 2153 3453 et
2192 3398 2501 3468 sympathia:
2548 3415 2723 3454 rerum
2766 3400 3090 3455 naturalium
3128 3403 3181 3456 in
3220 3402 3344 3458 line.
3372 3403 3437 3457 Et

1867 3491 2188 3561 Rodulphus
2232 3489 2527 3545 Goclenius
2570 3492 2623 3545 in
2668 3489 3007 3562 Marosaphia
3053 3490 3279 3549 Joannis
3322 3492 3434 3549 Ro-

1865 3584 2002 3640 berti
2037 3599 2157 3655 pag.
2188 3581 2312 3649 171,
2339 3590 2392 3639 et
2420 3593 2692 3655 sequent.,
2726 3584 2883 3656 plura
2906 3600 2971 3639 ex
2996 3584 3228 3640 laudatis
3250 3597 3438 3641 aucto-

1867 3680 2020 3735 ribus
2053 3678 2318 3748 congerit,
2347 3680 2414 3736 de
2453 3679 2506 3734 vi
2534 3686 2589 3734 et
2621 3677 2860 3734 ellicacia
2912 3678 3055 3732 luna:
3083 3678 3139 3732 in
3179 3678 3265 3735 his
3292 3677 3433 3734 infe-

1867 3772 2127 3827 rioribus.
2162 3774 2361 3827 Mirum
2411 3772 2539 3827 item
2574 3780 2658 3826 est
2689 3770 2832 3845 quod
2873 3772 2927 3826 in
2967 3768 3218 3826 Herbarii
3248 3771 3436 3841 cujus-

1866 3862 1990 3917 dam
2024 3863 2242 3919 schedis
2272 3864 2489 3934 legitur,
2536 3863 2804 3917 lunariam
2848 3862 3072 3917 herbam
3113 3864 3168 3917 in
3208 3864 3436 3920 summis

1865 3950 2094 4021 Alpibus
2124 3953 2276 4007 nasci
2300 3968 2466 4023 prope
2506 3951 2686 4007 fontes
2715 3962 2806 4007 aut
2844 3952 3091 4018 ﬂumina,
3128 3951 3276 4010 foliis
3310 3970 3435 4025 par-

1866 4044 2010 4098 vulis
2041 4083 2056 4105 ,
2118 4043 2369 4098 rotundis
2417 4043 2594 4097 instar
2634 4043 2899 4098 nummuli
2935 4043 3002 4097 ad
3054 4045 3290 4100 amaraci
3324 4045 3435 4102 fere

1866 4136 2300 4204 similitudinem,
2339 4135 2486 4191 caesii
2532 4136 2617 4192 vel
2659 4136 2873 4192 caerulei
2901 4136 3124 4200 coloris.
3163 4138 3319 4194 caule
3344 4152 3438 4191 ru-

1865 4230 1985 4292 bro,
2017 4237 2072 4285 et
2124 4228 2370 4291 odorato.
2421 4228 2608 4285 radice
2648 4243 2870 4296 cracca;
2926 4229 3304 4301 lunariamque
3352 4229 3437 4284 id-

1866 4323 2016 4377 circo
2049 4321 2330 4391 appellari,
2372 4320 2518 4391 quod
2557 4321 2624 4375 ad
2661 4322 2801 4378 luna:
2833 4330 3046 4391 auctus,
3066 4323 3153 4378 vel
3183 4323 3435 4378 imminu-

1865 4416 2045 4469 tiones
2071 4428 2320 4469 crescere
2368 4428 2432 4468 ac
2455 4412 2773 4470 decrescere
2795 4416 3160 4472 consueverit.
3192 4413 3436 4470 totidem-

184 4514 357 4584 αὐτῇ,
394 4512 488 4567 καὶ
545 4511 906 4584 ωνεμειοῦτο.
961 4513 1081 4567 Εἰσὶ
1128 4512 1184 4566 δὲ
1231 4514 1323 4567 καὶ
1370 4514 1465 4567 νῦν
1523 4515 1761 4586 συμφθε-

1868 4523 1972 4579 que
2002 4505 2129 4561 folia
2154 4506 2357 4563 habere
2392 4507 2616 4573 dicitur,
2648 4516 2781 4578 quot
2810 4508 2936 4562 luna
2965 4508 3127 4562 habet
3151 4508 3289 4565 dies.

183 4624 396 4671 νοντες,
425 4608 520 4661 udi.
547 4605 932 4671 ωναυξοῦντες
958 4606 1093 4661 λίθοι
1124 4607 1268 4672 τινὲς
1295 4610 1361 4681 τῇ
1413 4607 1536 4679 θεῷ.
1570 4607 1759 4664 Horat.

180 4711 248 4763 tt,
277 4711 594 4753 sermonum
621 4697 655 4751 b
681 4716 693 4750 :

330 4808 561 4864 Lubrica
591 4823 860 4867 nascentes
894 4811 1106 4881 implent
1137 4812 1393 4867 canchilia
1423 4812 1580 4870 luna.

180 4946 436 5003 Isidorus
467 4946 590 5003 libr.
639 4963 738 5014 xu,
772 4962 891 5018 cap.
921 4946 975 5016 6,
1014 4947 1262 5006 Omnium
1316 4947 1617 5003 clausorum
1646 4964 1763 5001 ma-

182 5045 261 5099 ris
298 5044 636 5108 animalium,
689 5052 843 5115 atque
899 5045 1211 5098 concharum
1260 5046 1574 5098 incrementa
1623 5044 1760 5099 luna

182 5134 429 5191 membra
450 5147 780 5208 turgescunt;
809 5137 1010 5207 defectu
1032 5146 1372 5191 evacuantur.
1405 5135 1570 5191 Lunce
1596 5137 1757 5201 enim,

180 5246 307 5283 cum
341 5230 398 5282 in
440 5240 716 5300 augmenta
746 5231 926 5300 fuerit,
967 5239 1120 5301 auget
1155 5233 1446 5295 humorem,
1483 5247 1602 5285 cum
1640 5247 1758 5284 vero

181 5323 236 5375 in
271 5321 537 5390 defectum
557 5322 772 5385 uenerit,
799 5321 1042 5376 humores
1071 5321 1401 5387 minuuntur,
1433 5332 1536 5378 etc.
1576 5320 1761 5377 Ludo—

182 5417 344 5471 vicus
388 5413 591 5470 Fidelis
637 5415 715 5469 De
766 5413 948 5468 mund.
1011 5423 1198 5469 struct.
1256 5415 1377 5469 libr.
1417 5430 1471 5477 ν,
1516 5405 1637 5484 cap.
1703 5414 1757 5480 5,

180 5507 374 5574 Luna',
404 5509 601 5578 inquit,
629 5507 950 5576 diversitate,
971 5510 1288 5563 incrementa
1310 5509 1387 5562 uel
1411 5508 1756 5574 decrementa,

184 5611 449 5673 augentur
478 5602 556 5657 uel
618 5604 945 5668 minuuntur,
991 5604 1404 5673 impinguantur,
1435 5603 1513 5655 uel
1552 5617 1758 5655 marce-

182 5707 340 5750 scunt
366 5713 591 5768 corpora
612 5698 887 5769 inferiora,
921 5697 1071 5768 quod
1100 5698 1397 5751 animantia
1426 5696 1605 5759 bruta,
1640 5712 1757 5749 aves

187 5805 250 5843 ac
281 5791 478 5860 pisces,
522 5790 834 5861 illorumque
866 5791 1130 5857 medulla,
1167 5792 1270 5846 ima
1299 5800 1347 5845 et
1388 5790 1552 5844 maris
1583 5804 1759 5844 acces-

1937 4596 2097 4659 lbid.,
2128 4597 2225 4652 lin.
2255 4596 2345 4652 12.
2387 4599 2540 4651 Διότι
2573 4599 2883 4670 ὑγρότητα.
2916 4597 3170 4663 Basilius,
3198 4598 3343 4653 hom.
3375 4599 3431 4659 6.

1864 4691 2009 4744 Διότι
2062 4692 2335 4764 ὑγρότητά
2375 4710 2494 4747 τινα
2535 4691 2826 4764 θερμότητι
2873 4692 3214 4764 κεκραμένην
3244 4691 3336 4746 ἐπὶ
3373 4690 3434 4746 τὸ

1867 4783 2029 4854 βάθος
2083 4783 2387 4853 φθάνουσαν
2439 4784 2739 4856 λεληθότως
2792 4783 3015 4854 ἐνίησιν.
3072 4782 3432 4849 Aristoteles,

1865 4875 1958 4929 lib.
1991 4891 2046 4937 ν.
2076 4873 2155 4929 De
2174 4886 2313 4944 part.
2348 4875 2589 4933 animal..
2616 4890 2737 4946 cap.
2778 4875 2831 4941 5,
2864 4876 3127 4930 rationem
3157 4876 3433 4946 augmenti

1862 4966 2031 5021 tradit
2063 4981 2187 5023 esse
2210 4977 2396 5022 noctes
2427 4966 2740 5037 lepidiores.
2765 4965 3215 5037 quemadmodum
3245 4974 3298 5021 et
3332 4967 3434 5022 de-

1863 5060 2125 5114 crementi
2172 5057 2505 5128 frigidiores;
2542 5074 2663 5113 cum
2703 5058 2847 5127 enim
2894 5059 3148 5113 animalia
3186 5058 3300 5113 haec
3333 5074 3431 5115 ex-

1862 5149 2113 5218 sanguia,
2141 5158 2199 5202 ut
2220 5157 2435 5212 ostreae,
2458 5147 2761 5219 conchylia,
2788 5157 2841 5203 et
2861 5147 2914 5202 id
2943 5150 3156 5218 generis
3188 5149 3291 5203 alia
3322 5150 3433 5205 sint

1862 5238 2161 5308 frigidioris
2203 5247 2435 5300 naturae.
2484 5237 2684 5309 frigore
2718 5245 2909 5292 vexata
2942 5238 3177 5293 calorem
3218 5238 3435 5295 deside-

1861 5335 2006 5393 rant,
2039 5328 2198 5395 cujus
2222 5343 2322 5397 ope
2364 5326 2608 5397 pleniora
2635 5327 2890 5387 evadunt,
2923 5335 3146 5396 prapter
3174 5328 3316 5382 enim
3348 5328 3434 5384 lu-

1862 5431 1979 5470 cem
2016 5415 2310 5484 pleniorem
2354 5426 2544 5469 nactes
2574 5423 2701 5471 sunt
2733 5415 3053 5487 tepidiores.
3082 5426 3136 5472 et
3168 5434 3273 5471 non
3303 5420 3433 5489 quia

1861 5523 1959 5577 per
1981 5508 2033 5562 id
2072 5515 2285 5578 tempus
2331 5509 2607 5579 copiosius
2656 5516 2957 5578 pascuntur
2986 5517 3046 5564 ut
3096 5511 3249 5564 multi
3280 5510 3433 5567 dixe—

1861 5607 2010 5654 runt.
2044 5599 2299 5666 Quinimo
2328 5601 2443 5671 ipse
2467 5601 2783 5656 Aristoteles
2810 5603 2849 5656 l.
2885 5618 2959 5667 tv,
2989 5602 3067 5657 De
3103 5603 3435 5674 generatione

1863 5694 2110 5759 animat,
2149 5709 2269 5764 cap.
2309 5694 2366 5760 2,
2392 5693 2550 5750 docet
2581 5693 2741 5749 sicuti
2772 5694 2853 5750 sol
2893 5710 2990 5765 per
3031 5703 3203 5749 totum
3230 5710 3433 5750 annum

1863 5795 2105 5842 aestatem
2148 5794 2309 5859 atque
2347 5786 2578 5845 hiemem
2614 5786 2761 5857 facit,
2807 5787 2881 5841 ita
2914 5788 3096 5843 lunam
3150 5802 3245 5859 per
3284 5801 3434 5841 men-
