3924 6968
562 260 662 319 871

1917 255 2163 313 LEONIS
2199 255 2476 312 ALLATII
3665 266 3747 327 bii

561 394 700 441 sem,
750 391 861 432 non
899 375 1121 446 quidem
1162 389 1410 437 accessu.
1444 376 1787 448 decessuque
1832 385 1895 432 ut
1940 378 2208 447 solemus
2241 376 2470 432 rhaeum.
2504 374 2620 429 Sita
2661 382 2841 429 autem
2892 372 3097 446 Pyrrha
3147 381 3265 431 erat
3299 374 3352 430 in
3382 376 3592 431 occiduo
3621 377 3751 442 Lesbi

561 470 660 527 sed
686 470 1044 532 incremento,
1077 476 1131 522 et
1161 467 1514 523 decremento
1536 470 1782 525 luminis.
1814 470 1969 525 Luna
1992 472 2137 526 enim

560 558 721 627 plena
754 557 1014 619 calorem,
1054 572 1216 628 quem
1261 557 1470 629 reliquo
1492 567 1739 631 tempore
1771 560 1936 618 habet
1956 562 2142 618 minus

561 651 859 711 intensum.
900 648 1133 705 intendit
1159 668 1176 720 ;
1207 650 1350 707 sicut
1381 659 1435 708 et
1463 652 1547 709 sol
1573 662 1762 727 βιαιο
1785 655 1910 725 plus
1942 655 2143 712 calefa-

560 742 658 808 cit,
687 741 866 796 hieme
896 741 1100 797 minus.

629 836 751 892 Col.
785 834 907 899 71M,
933 835 1030 892 lin.
1052 836 1142 891 45.
1179 838 1244 890 υἱ
1283 834 1394 907 γὰρ
1439 837 1851 907 καθεύδοντες.
1879 839 2136 905 Basilius.

561 927 757 984 hom.6
785 946 799 983 :
830 928 1057 1000 Δηλοῦσι
1090 928 1147 982 δὲ
1175 931 1225 983 oi
1250 929 1602 995 καθευδοντες
1627 932 1731 986 ὑπὸ
1760 933 1990 1006 σελήνην
2006 936 2141 1006 ὑγρό

557 1038 720 1094 τητος
746 1022 1010 1093 περισσῆς
1034 1022 1131 1087 τὰς
1155 1022 1253 1094 τῆς
1283 1025 1521 1096 κεφαλῆς
1544 1026 1880 1098 εὐρυχωρίας
1908 1029 2010 1100 πλη
2019 1029 2143 1100 ρού-

563 1129 733 1183 μενοι,
766 1114 859 1167 ita).
887 1115 956 1167 τὰ
994 1115 1265 1186 νεοσφαγῆ
1305 1114 1412 1169 τῶν
1448 1117 1624 1189 κρεῶν
1656 1122 1791 1189 ταχὺ
1833 1122 2142 1193 τρεπόμενα

557 1204 623 1276 τῇ
661 1206 931 1277 προσϐολῇ
960 1206 1059 1277 τῆς
1100 1206 1348 1279 σελήνης,
1383 1210 1478 1263 καὶ
1512 1208 1665 1273 ζώων
1693 1213 2005 1283 ἐγκέφαλοι,
2047 1217 2142 1273 καὶ

557 1296 666 1350 τῶν
693 1297 991 1352 θαλαττίων
1013 1299 1082 1352 τὰ
1114 1299 1406 1372 ὑγρότατα,
1435 1303 1528 1355 καὶ
1554 1305 1610 1356 αἱ
1641 1304 1750 1359 τῶν
1786 1305 2018 1377 δένδρων
2051 1309 2141 1362 ὲν-

558 1389 833 1461 τεριῶναι.
879 1389 1118 1447 Galenus
1165 1392 1261 1448 lib.
1323 1408 1381 1447 ιιι
1436 1393 1514 1448 De
1568 1394 1706 1451 dieb.
1748 1395 2031 1462 decretor.,
2073 1400 2142 1456 de

558 1483 687 1536 luna
722 1501 735 1537 :
770 1482 952 1535 Πάντα
982 1484 1083 1554 μὲν
1112 1484 1220 1556 γὰρ
1243 1484 1279 1539 ἃ.
1305 1484 1436 1558 δρᾷν
1475 1486 1720 1556 πέφυκεν
1756 1488 1970 1563 ἀμυδρὰ
1998 1492 2143 1561 γίνε-

557 1591 665 1636 ται,
707 1573 1018 1645 μηνοειδοῦς
1042 1576 1339 1648 γενομένης
1366 1578 1564 1649 αὐτῆς
1593 1580 1809 1636 ἅπαντα
1849 1584 1906 1637 δὲ
1944 1586 2139 1659 ίσχυρά

561 1666 1011 1739 πεπληρωμένης,
1048 1667 1188 1722 ὥστε
1213 1671 1309 1724 καὶ
1345 1673 1471 1736 τοὺς
1510 1676 1757 1744 καρποὺς
1781 1677 1839 1730 ἐν
1874 1676 2007 1748 τῷδε
2038 1697 2138 1733 πε-

559 1759 738 1813 παίνει
798 1760 892 1815 καὶ
935 1759 1155 1826 αὐξάνει
1200 1762 1449 1834 τάχιστα,
1477 1766 1573 1819 καὶ
1608 1767 1678 1822 τά
1704 1768 1871 1840 νεκρά
1912 1769 2139 1843 σώματα

556 1852 830 1924 διασήπει,
853 1854 1089 1919 καὶτοὺς
1116 1855 1219 1909 ὑπὸ
1243 1855 1340 1926 τὴν
1366 1856 1538 1930 αὐγὴν
1559 1858 1728 1930 αὐτῆς
1754 1861 2134 1934 κοιμηθέντας,

555 1943 590 2016 ἢ
621 1945 715 1999 καὶ
739 1944 913 2008 ἄλλως
941 1946 1032 1999 ἐπὶ
1061 1947 1219 2000 πλέον
1249 1947 1651 2020 διατρίψαντας,
1680 1951 1892 2025 ὠχροὺς
1925 1955 2018 2009 καὶ
2049 1974 2140 2012 κα-

560 2035 890 2110 ρηόαρικοῦς
921 2037 1311 2109 ἀπεργάζεται.
1355 2038 1551 2096 Omnia
1594 2042 1863 2113 siquidem
1895 2060 2015 2116 qua
2057 2045 2140 2102 fa-

555 2144 681 2185 cere
728 2138 853 2185 nata
887 2141 987 2195 est,
1024 2130 1116 2185 ubi
1150 2130 1304 2188 falcis
1346 2132 1572 2204 ﬁguram
1610 2145 1987 2206 repraesentat,
2020 2138 2139 2195 lan-

556 2220 719 2291 guida
751 2223 925 2287 liunt;
974 2222 1153 2276 valida
1183 2224 1388 2286 omnia.
1421 2238 1547 2279 cum
1580 2226 1740 2296 plena
1771 2227 1953 2284 fuerit.
1988 2228 2137 2296 Qua-

557 2320 778 2384 pr0pter
807 2322 862 2368 et
892 2313 1076 2387 fruges
1108 2322 1241 2369 tunc
1289 2314 1543 2387 adauget,
1572 2325 1921 2391 maturatque
1960 2324 2135 2379 celer-

555 2406 713 2469 rime,
746 2412 961 2461 mortua
987 2421 1219 2477 corpora
1245 2406 1300 2461 in
1322 2406 1504 2462 tabem
1533 2407 1805 2475 dissolvit,
1835 2426 2139 2483 somnoque

554 2498 749 2567 scpitis
781 2497 884 2553 sub
917 2498 1037 2568 ejus
1067 2499 1292 2563 lumine,
1329 2499 1413 2555 vel
1454 2500 1613 2556 aliter
1639 2501 1847 2559 diutius
1876 2503 2137 2561 immora-

552 2591 626 2645 tis
653 2591 935 2660 pallorem,
964 2598 1019 2645 et
1052 2591 1250 2662 capitis
1276 2590 1522 2648 dolorem
1551 2595 1829 2653 conciliat.

624 2682 785 2747 lbid.,
819 2683 918 2739 lin.
950 2683 1042 2738 46.
1085 2684 1320 2753 Ὁμοίως
1350 2683 1419 2737 δὲ
1451 2685 1549 2739 καὶ
1584 2685 1657 2740 τὰ
1685 2689 1838 2757 περί.
1873 2688 2132 2753 Basilius,-

552 2775 702 2833 hom.
733 2776 767 2831 6
798 2795 812 2830 :
846 2776 957 2831 Kal.
979 2776 1048 2830 τά
1089 2777 1217 2847 περὶ
1247 2775 1339 2829 τὸν
1374 2776 1513 2848 ἀέρα
1542 2777 1598 2832 δὲ
1637 2780 1782 2853 πάθη
1819 2785 1938 2848 ταῖς
1972 2801 2136 2856 μετα-

552 2868 735 2933 ϐολαῖς
771 2869 971 2941 ταύτης
1012 2868 1439 2935 συνδιατίθεται,
1481 2870 1557 2935 ὼς
1606 2875 1973 2948 μαρτυροῦσιν
2002 2881 2135 2951 ήμίν

552 2962 614 3017 αἶ
637 2980 696 3017 τε
724 2964 866 3017 κατά
900 2962 997 3035 τὴν
1022 2961 1317 3034 νουμηνίαν
1344 2963 1602 3031 πολλάκις
1630 2967 1738 3020 ἀπὸ
1768 2967 2005 3043 γαλήνης
2042 2973 2136 3026 καὶ

550 3055 812 3128 νηνεμίας
857 3054 1109 3126 αἰφνίδιοι
1148 3054 1386 3128 ταραχαὶ
1419 3056 1594 3127 νεφῶν
1626 3058 2019 3134 κλονουμένων,
2042 3067 2135 3120 καὶ
2161 3088 2203 3145 C

553 3144 974 3225 συμπιπτόντων
1004 3145 1273 3218 ἀλλήλοις.

622 3239 760 3295 lhid.
792 3239 889 3294 lin.
918 3238 1008 3296 50.
1041 3240 1153 3296 Kal
1184 3242 1450 3311 γίνονται
1482 3243 1617 3313 περὶ
1655 3244 1794 3311 τοὺς
1823 3248 2129 3317 εὐρίπους.

551 3334 808 3394 Basilius.
846 3333 993 3388 hom.
1038 3333 1072 3388 6
1117 3353 1133 3390 :
1185 3336 1295 3389 Καὶ
1335 3335 1393 3388 αἱ
1429 3336 1558 3408 περὶ
1591 3339 1715 3401 τοὺς
1740 3340 2001 3411 εὑρίπους
2026 3359 2133 3396 πα-

550 3425 806 3498 λίρροιαι,
833 3426 927 3479 καὶ
951 3426 984 3497 ἡ
1014 3426 1141 3499 περὶ
1170 3426 1261 3481 τὸν
1279 3427 1569 3500 λεγόμενον
1593 3429 1832 3485 ὠκεανὸν
1857 3432 2132 3504 ἄμπωτις,

549 3516 619 3589 ἢν
645 3519 764 3581 ταῖς
790 3516 1059 3587 περιόδοις
1087 3517 1187 3589 τῆς
1216 3518 1444 3592 σελήνης
1473 3524 1822 3594 τεταγμένως
1860 3526 2133 3597 ἑπομένην

553 3606 772 3680 ἐξεῦρον
799 3607 1299 3679 οίπροσοικοῦντες.
1322 3613 1383 3665 υί
1422 3612 1521 3683 μὲν
1549 3614 1660 3687 γάρ
1688 3614 1903 3688 εὔριποι
1932 3621 2135 3691 μεταρ-

468 3746 471 3749 ,
552 3699 767 3771 ῥέουσιν
796 3699 882 3770 ἐφ’
911 3700 1146 3773 ἑκάτερα
1185 3704 1326 3759 κατὰ
1373 3704 1443 3758 τὰ
1474 3705 1638 3762 λοιπά
1670 3708 1767 3779 τῆς
1798 3710 2043 3784 σελήνης,
2075 3716 2133 3767 ἐν

548 3792 608 3844 δὲ
638 3791 716 3863 τῷ
747 3791 923 3864 καιρῷ
946 3793 1048 3865 τῆς
1075 3794 1340 3863 γενέσεως
1368 3797 1488 3853 οὐδὲ
1516 3798 1578 3852 τὸ
1610 3799 1947 3873 βραχύτατον
1973 3806 2135 3877 ἀτρε-

553 3885 766 3956 μοῦσιν,
803 3885 917 3940 ἀλλ’
951 3886 1011 3940 ὲν
1051 3887 1195 3958 σάλῳ
1228 3892 1323 3944 καὶ
1349 3890 1680 3949 ταλαντώσει
1704 3894 1941 3969 διηνεκεῖ
1968 3897 2132 3953 καθε-

552 3976 837 4051 στήκασιν,
873 3974 998 4043 ἓως,
1051 3981 1347 4048 ὲκφανείσα
1396 3982 1577 4048 πάλιν,
1631 3985 1951 4043 ἀκολουθίαν
2011 3991 2133 4044 τινὰ

549 4066 617 4143 τῇ
670 4070 962 4144 παλιρροία
1001 4072 1366 4144 παράσχηται.
1407 4076 1469 4129 Ἦ
1516 4077 1573 4130 δὲ
1619 4080 1849 4152 ἑσπερία
1889 4081 2131 4140 θάλασσα

548 4161 648 4226 τὰς
696 4160 977 4233 ἀμπώτεις
1028 4162 1359 4231 ὑφίσταται,
1409 4166 1503 4220 νῦν
1566 4169 1664 4240 μὲν
1719 4171 2128 4242 ὑπονοστοῦσα,

550 4254 711 4309 πάλιν
739 4254 796 4308 δὲ
825 4254 1208 4322 ἐπικλύζουσα,
1235 4258 1425 4329 ὥσπερ
1456 4262 1750 4329 ἀναπνοαῖς
1773 4268 1871 4337 τῆς
1903 4269 2131 4343 σελήνης

549 4344 890 4417 ὑφελκομένη
925 4345 1059 4419 πρὸς
1084 4348 1143 4401 τὸ
1178 4348 1374 4413 ὀπίσω,
1404 4354 1497 4406 καὶ
1543 4355 1706 4409 πάλιν
1747 4360 1868 4422 ταῖς
1905 4360 1999 4414 ἀπ’
2032 4364 2131 4416 αὐ-

2242 470 2413 525 latere
2457 469 2498 522 C
2533 483 2566 523 a
2596 468 2755 523 Malia
2784 467 2992 532 stadiis.
3024 471 3100 524 ita
3131 468 3396 526 referente
3421 469 3659 531 Strabone
3679 476 3754 533 lib.

2240 576 2338 615 xm
2362 580 2377 626 ;
2405 568 2463 615 et
2502 573 2655 614 mare
2697 559 2841 613 inter
2870 558 3132 615 Euboeam
3174 566 3231 615 et
3285 559 3600 625 Chalcidem,
3640 567 3756 635 quod

2239 661 2405 723 ponte
2456 652 2625 708 duum
2659 652 2915 723 jugerum
2956 652 3308 725 jungebatur.
3365 653 3513 722 Quod
3559 667 3609 712 et
3663 661 3760 719 aliis

2241 742 2416 799 fuisse
2439 758 2732 800 commune
2770 745 2909 800 satis
2947 744 3299 801 manifestum
3331 755 3416 802 est
3458 746 3510 801 in
3552 748 3759 819 historia,

2238 843 2295 890 et
2318 836 2571 907 quamvis
2614 834 2937 893 Eustathius
2971 838 3217 894 videatur
3263 837 3518 894 reﬂuxum
3551 843 3761 902 marisin

2241 924 2458 996 Euripis
2518 933 2729 981 tantum
2785 926 3094 995 aﬂirmare;
3161 936 3344 984 tamen
3393 929 3440 984 si
3489 938 3625 986 recte
3666 933 3761 1002 ejus

2239 1017 2405 1074 verba
2435 1017 2861 1089 perpendantur,
2886 1018 2956 1075 de
2977 1019 3234 1075 universa
3261 1020 3425 1075 totius
3453 1023 3606 1077 maris
3631 1025 3761 1090 mole.

2242 1109 2359 1164 sive
2384 1116 2471 1180 (ut
2505 1110 2578 1164 ita
2612 1109 2815 1180 dicam)
2848 1110 3109 1167 barathro
3156 1112 3543 1182 intelliguntur.
3575 1113 3763 1186 Euripo-

2240 1215 2362 1253 rutn
2397 1210 2580 1255 autem
2625 1203 2956 1256 mentionem
3005 1202 3244 1265 induxit,
3271 1203 3414 1273 quod
3454 1204 3504 1258 in
3539 1205 3633 1261 illis
3657 1222 3764 1277 pra:-

2240 1294 2400 1364 cipue
2428 1292 2609 1349 ﬂuxus
2639 1295 2741 1351 iste
2778 1305 3059 1353 cernatur.
3094 1295 3165 1350 Et
3206 1298 3353 1351 circa
3395 1297 3584 1362 littora,
3615 1310 3665 1353 ut
3700 1300 3764 1354 in-

2240 1386 2359 1455 quit
2388 1384 2620 1452 Plinius,
2650 1388 2818 1459 magis
2848 1405 3008 1459 quam
3040 1389 3097 1442 in
3140 1388 3255 1442 alto
3293 1389 3347 1442 In“
3393 1390 3601 1460 aequoris
3628 1401 3763 1449 motus

2239 1477 2709 1548 deprehenduntur.
2768 1478 2872 1547 Qui
2915 1495 3027 1551 quo
3076 1480 3421 1537 manifestior
3463 1484 3621 1539 oculis
3668 1501 3764 1554 spe-

2241 1573 2505 1628 ctantium
2540 1579 2645 1637 est,
2684 1587 2750 1628 eo
2796 1575 3111 1645 perplexior
3161 1577 3312 1645 angit
3357 1573 3762 1632 considerantium

2240 1665 2492 1733 animos,
2552 1673 2608 1723 et
2658 1667 2943 1724 veritatem
3001 1683 3171 1724 sensu
3234 1677 3504 1740 patentem
3559 1670 3765 1726 deturbat

2242 1766 2404 1829 atque
2460 1760 2769 1816 confundit.
2820 1760 3053 1826 Quidam
3108 1759 3510 1825 existimarunt,
3549 1768 3763 1827 nocte,ct

2239 1849 2479 1905 interdiu
2542 1851 2809 1922 reciproci
2873 1851 3117 1921 aequoris
3170 1850 3320 1906 ﬂuxu
3372 1861 3660 1908 aestuantem
3696 1868 3762 1908 re-

2239 1943 2346 1999 labi
2376 1945 2606 2016 septies.
2644 1944 2853 2001 Seneca
2883 1945 2939 1999 iu
2971 1943 3213 2000 Hercule
3246 1942 3429 2001 (limo
3457 1963 3473 1999 :

2383 2057 2616 2129 Euripus
2642 2058 2815 2114 undas
2843 2059 3008 2128 ﬂectit
3040 2058 3322 2113 instabiles
3349 2075 3503 2129 vagas

2380 2128 2684 2201 Septemque
2711 2147 2899 2201 cursus
2929 2131 3033 2200 {ert
3059 2140 3112 2185 et
3150 2132 3368 2201 totidem
3389 2128 3557 2198 refert.

2380 2201 2521 2256 Dum
2549 2201 2753 2271 lapsum
2788 2200 2946 2256 Titan
2979 2211 3190 2272 mergat
3221 2200 3427 2257 Oceano
3458 2201 3618 2271 iubar.

2237 2312 2425 2370 Livius
2452 2314 2551 2369 lib.
2584 2331 2733 2371 τινα
2758 2330 2870 2371 non
2898 2315 3213 2371 asscntitur
3243 2314 3369 2369 huic
3396 2315 3652 2370 sententiae
3679 2333 3690 2370 :
3714 2314 3763 2367 Et

2237 2406 2433 2476 fretum
2461 2407 2656 2475 ipsum,
2692 2407 2893 2478 inquit,
2918 2405 3116 2477 Euripi
3162 2423 3268 2463 non
3314 2408 3493 2478 septies
3535 2406 3628 2473 die,
3662 2409 3763 2461 sicut

2237 2497 2387 2568 fama
2436 2498 2558 2568 fert,
2607 2500 2924 2567 temporibus
2971 2500 3137 2554 statis
3172 2504 3481 2569 reciprocat,
3514 2499 3594 2555 sed
3618 2511 3763 2554 terim

2237 2592 2295 2646 in
2342 2589 2556 2646 modum
2609 2592 2768 2656 uenti,
2820 2609 2958 2646 nunc
3001 2592 3133 2659 huc,
3168 2610 3309 2648 nunc
3350 2595 3475 2649 illuc
3503 2611 3631 2650 uerso
3659 2595 3762 2647 mori

2235 2684 2374 2740 velut
2407 2694 2581 2740 monte
2627 2686 2889 2755 prwcipiti
2910 2684 3196 2741 devolutus
3227 2697 3430 2743 torrens
3458 2689 3656 2757 rapitur.
3677 2688 3760 2741 An-

2235 2778 2462 2849 tiphilus
2496 2778 2782 2851 Byzantius
2823 2777 2945 2850 ejus
2992 2780 3484 2851 reciprocationem
3526 2779 3757 2850 Antholog.

2237 2869 2389 2943 Epig.
2416 2870 2513 2925 lib.
2547 2886 2587 2936 ι,
2621 2886 2744 2942 cap.
2779 2870 2871 2937 36,
2903 2871 3326 2944 elegantissime
3352 2874 3643 2944 expressit:

2306 2982 2599 3057 Εὐξοτκοῦ
2632 2983 2885 3057 adligata
2912 2984 3316 3057 παλινδίνητε
3349 2984 3626 3047 θάλασσα.

2375 3053 2691 3127 ῌλᾳγκτὸν
2712 3053 2888 3127 ὕδωρ,
2913 3055 3087 3121 ἰδίοις
3099 3053 3406 3127 ῥεύμασιν
3423 3058 3709 3112 ἀντίπαλον

2326 3124 2527 3197 Ἠελίῳ
2553 3140 2681 3197 acan
2698 3124 2871 3179 νυκτὶ
2901 3124 3273 3197 τεταγμένον
3289 3129 3354 3195 ἐς
3375 3128 3491 3197 τρίς
3510 3129 3743 3182 ἄπιστον·

2381 3194 2619 3269 ιΥαυσζν
2648 3194 2801 3251 ὅσον
2837 3194 3092 3269 πέμπετέ
3114 3199 3312 3269 χεῦμα
3332 3194 3728 3269 δανειζόμενον.

2313 3263 2517 3340 Θαῇμα
2531 3267 2677 3340 ,βίον
2707 3263 3003 3340 augeam.-
3025 3263 3091 3321 τὸ
3114 3263 3391 3339 ζ’μύρίον,
3416 3263 3745 3340 οὺδέματεύω

2380 3335 2510 3405 Σὴν
2530 3335 2788 3392 στάσιν(
2808 3338 3066 3408 Ἀρῤήτφ
3101 3335 3295 3394 ταῦτα
3319 3341 3543 3412 μέμηλε
3559 3335 3728 3411 ’φύσει

2240 3446 2341 3501 Diu
2371 3449 2498 3503 item
2534 3451 2826 3521 quaesitum
2856 3467 2886 3506 a
2916 3452 3293 3526 philosophis,
3320 3472 3547 3528 quanam
3571 3457 3755 3515 ratione.

2238 3544 2291 3593 et
2321 3553 2431 3608 quo
2455 3538 2768 3610 impellente
2800 3556 2951 3597 mare
2978 3544 3305 3610 accederet,
3346 3562 3624 3616 rursusque
3647 3560 3757 3601 recev

2239 3631 2423 3699 deret;
2454 3647 2645 3687 eorum
2693 3634 2895 3704 placita
2938 3634 3107 3691 refert
3143 3637 3498 3696 Plutarchus.
3531 3639 3757 3710 Euripides

2241 3725 2295 3782 in
2322 3724 2597 3798 Iphigenia
2630 3727 2862 3783 Taurica
2884 3743 2915 3784 a
2940 3733 3118 3789 ventis
3135 3735 3477 3805 quibusdam
3505 3737 3603 3793 illic
3623 3734 3757 3791 ﬂanti-

2239 3818 2342 3873 bus
2374 3819 2450 3874 ita
2495 3821 2614 3891 rapi
2660 3822 2855 3878 credit.
2905 3823 3073 3889 Quid,
3122 3828 3177 3882 si
3225 3829 3278 3883 id
3320 3831 3458 3886 idem
3507 3829 3610 3885 ﬂeri
3644 3830 3755 3884 nulla

2238 3909 2405 3966 ﬂante
2454 3925 2588 3965 aura
2620 3921 2960 3983 compertum
2993 3917 3118 3972 est?
3141 3918 3520 3986 Aristotelem,
3552 3921 3672 3993 quod
3697 3921 3752 3974 rei

2238 4000 2404 4070 hujus
2433 4011 2686 4058 naturam
2721 4005 2969 4062 invenire
3002 4023 3111 4063 non
3146 4023 3364 4080 posset,
3392 4013 3546 4069 taedio
3569 4013 3752 4067 animam

2237 4092 2451 4150 eﬂlasse
2478 4095 2727 4164 perbibet
2757 4096 3204 4168 Nanzianzenus,
3230 4102 3482 4163 Justinus
3510 4115 3685 4178 martyr
3712 4105 3753 4158 in

2238 4185 2384 4242 illius
2412 4186 2745 4257 profundum
2776 4206 2838 4247 se
2865 4194 3209 4264 praecipitem
3233 4198 3473 4263 dedisse,
3505 4200 3667 4271 sicque
3681 4199 3752 4253 de-

2236 4292 2476 4333 mersum
2501 4280 2742 4336 animum
2774 4284 3063 4353 abjeeisse.
3092 4288 3455 4347 Communior
3479 4301 3636 4347 tamen
3656 4305 3750 4346 sen-

2236 4372 2406 4425 tentia
2435 4380 2490 4427 et
2516 4373 2732 4428 veritati
2763 4377 2937 4447 magis
2976 4393 3225 4436 consona
3259 4383 3492 4449 videtur,
3521 4400 3659 4455 quam
3687 4396 3750 4436 sc-

548 4438 648 4509 τῆς
675 4439 952 4504 ὲκπνοίαις
992 4440 1071 4504 είς
1116 4440 1176 4494 τὸ
1223 4445 1420 4497 οἰκεῖον
1455 4445 1652 4518 μέτρον
1684 4450 2123 4526 προωθουμένης-

2236 4461 2341 4513 cuti
2376 4470 2505 4516 sunt
2543 4464 2792 4518 nonnulli
2831 4438 3041 4537 antiqui
3071 4438 3386 4542 philosophi
3422 4438 3491 4527 et,
3520 4438 3607 4527 iiri
3647 4483 3748 4540 prr-

550 4531 842 4603 Εὐρίπους,
874 4532 958 4586 vel
986 4528 1228 4605 εΰριπος,
1255 4543 1339 4589 est
1373 4536 1571 4593 fretum
1601 4555 1697 4595 seu
1733 4541 1931 4600 ductus
1961 4561 2130 4615 aqua-

549 4639 669 4679 rum
721 4631 925 4680 terram
975 4634 1205 4697 utraque
1259 4637 1414 4697 parte
1466 4630 1802 4700 adjacentem
1856 4636 2126 4695 dividens.

546 4714 741 4770 Cicero
791 4715 886 4770 lib.
941 4729 993 4780 v,
1033 4715 1111 4771 De
1160 4716 1402 4788 legibus:
1437 4719 1640 4777 Ductus
1693 4741 1951 4795 aquarum
1999 4747 2128 4801 quos

549 4805 640 4859 isti
675 4804 829 4860 Nilos
863 4805 1188 4879 Euriposque
1220 4819 1427 4874 vocant,
1458 4813 1574 4882 quis
1621 4830 1740 4867 cum
1791 4815 1974 4872 uiderit
2023 4837 2128 4876 non

550 4897 814 4952 irriserit?
841 4894 1032 4953 Pollux
1066 4900 1159 4955 lib.
1198 4917 1275 4961 ix.
1307 4917 1426 4974 cap.
1466 4906 1488 4959 l
1530 4924 1541 4960 :
1576 4907 1691 4962 Ἵνα
1721 4908 1776 4961 δὲ
1810 4911 1841 4980 ή
1885 4910 2129 4969 θάλασσα

547 4988 887 5065 ἑκατέρωθεν
922 4987 1086 5045 οὖσαν
1126 4993 1225 5064 τὴν
1264 4996 1367 5067 γῆν
1406 4996 1622 5069 διαιρεῖ,
1663 5000 1818 5056 τοῦτο
1855 5003 2129 5079 θαλάσσης

546 5079 783 5142 αὐλῶνα,
812 5079 907 5134 καὶ
937 5079 1180 5153 εὔριπον,
1216 5087 1310 5139 καὶ
1338 5087 1581 5159 πορθμὸν
1609 5089 1691 5143 δεῖ
1723 5092 1925 5150 καλεῖν.
1959 5095 2129 5167 Magis

549 5171 767 5241 proprie
797 5178 977 5225 tamen
1008 5171 1061 5226 id
1091 5188 1289 5230 nomen
1323 5175 1425 5231 fuit
1457 5179 1772 5248 impositum
1804 5184 1869 5238 ad
1909 5185 1999 5241 illa
2032 5205 2129 5243 ex-

548 5261 800 5330 plicanda
832 5278 954 5334 qua:
993 5275 1280 5321 moventur
1313 5277 1478 5339 atque
1523 5284 1855 5341 recurrunt,
1910 5278 2128 5337 ﬂuendo

547 5354 631 5407 vel
667 5352 956 5413 reﬂuendo.
996 5358 1214 5430 Longus
1255 5360 1498 5419 Pmmen.
1537 5381 1554 5420 ι
1596 5385 1610 5421 :
1650 5368 1811 5434 Πόλις
1866 5373 1982 5426 ἐστὶ
2027 5374 2129 5428 Λέ-

549 5442 677 5541 σβου
727 5448 1002 5523 Μιτυλήνη
1056 5452 1264 5525 μεγάλη
1313 5458 1406 5510 καὶ
1451 5458 1623 5531 καλή·
1664 5461 1970 5536 διείληπται
2019 5468 2127 5541 γὰρ

546 5534 806 5634 εύρίποιςῌ,
830 5541 1222 5634 ὑπεισρεούσης
1256 5547 1359 5618 τῆς
1390 5548 1678 5624 θαλάττης,
1712 5534 2124 5634 καὶ-βιεκόσμηζ

544 5641 635 5679 ται
662 5629 925 5700 γεφύραις
952 5633 1139 5698 ξεστοῦ
1170 5639 1263 5691 καὶ
1308 5638 1502 5697 λευκοῦ
1535 5643 1704 5701 λίθου.
1739 5629 2127 5721 Propriissime

546 5724 726 5773 tamen
759 5717 993 5791 Euripus
1020 5724 1307 5783 dicebatur
1337 5734 1478 5801 apud
1512 5744 1723 5797 veteres
1764 5717 1961 5799 fretum
1991 5743 2125 5815 Pyr-

2233 4554 2601 4619 stantissimi,
2658 4558 2753 4611 sed
2801 4557 2966 4613 etiam
3011 4562 3169 4616 multi
3231 4565 3510 4620 catholica:
3544 4560 3749 4618 Ecclesia!

2230 4644 2447 4709 Patres,
2485 4658 2539 4703 et
2559 4663 2723 4719 quam
2764 4653 3114 4722 amplectitur
3143 4666 3337 4714 noster
3358 4658 3664 4719 Eustathius,
3686 4657 3747 4708 Ιυ·

2232 4752 2358 4791 nam
2396 4738 2608 4794 scilicet
2649 4755 2775 4797 esse
2830 4757 3053 4800 causam
3088 4747 3257 4818 hujus
3292 4759 3491 4815 motus,
3528 4744 3744 4820 quomodo

2232 4841 2411 4886 autem
2445 4830 2499 4886 id
2533 4831 2645 4896 ﬂat,
2679 4836 2989 4906 explicatur
3017 4856 3047 4894 a
3071 4841 3413 4915 pliil030pliis
3439 4845 3491 4899 in
3522 4839 3743 4903 meteoris.

2231 4934 2285 4977 et
2323 4938 2426 4978 nos
2470 4924 2613 4979 inira
2656 4929 2906 4998 quaedam
2943 4931 3210 4991 dicemus.
3254 4937 3333 4993 ita
3375 4951 3581 4993 sensere
3606 4932 3743 4988 Ptole-

2232 5029 2424 5080 mams,
2468 5015 2682 5086 Cicero,
2719 5019 2953 5090 Plinius,
2993 5024 3214 5095 Strabo,
3251 5028 3520 5086 Marsilius
3546 5027 3738 5083 Ficinus.

2234 5105 2466 5164 Levinus
2514 5108 2791 5178 Lemnius,
2830 5122 2885 5169 et
2928 5118 3042 5172 alii.
3086 5118 3232 5176 Idem
3274 5124 3473 5194 placuit
3507 5117 3738 5175 Ambrosio

2230 5198 2325 5253 lib.
2356 5216 2409 5253 iv
2440 5198 2723 5270 Hexaem,
2759 5220 2880 5277 cap.
2920 5207 2972 5271 7,
3007 5209 3234 5279 Basilio,
3267 5216 3412 5270 hom.
3447 5214 3496 5269 6.

2238 5324 2244 5333 -
2299 5289 2462 5357 lbid.,
2498 5293 2596 5352 lin.
2639 5296 2728 5351 51.
2775 5300 2885 5353 Καὶ
2920 5302 3055 5371 περὶ
3086 5305 3195 5360 τὸν
3238 5307 3513 5363 ὠκεανόν.
3540 5304 3606 5360 De
3633 5308 3732 5356 asin

2230 5386 2419 5453 maris,
2447 5396 2502 5442 et
2532 5390 2652 5459 ejus
2682 5393 3144 5461 consideratione.
3179 5408 3233 5458 et
3269 5418 3453 5467 causa,
3478 5411 3527 5457 et
3552 5399 3733 5452 aliorum

2229 5477 2376 5533 circa
2426 5478 2527 5533 hoc
2569 5484 2922 5551 Opinionibus
2977 5491 3133 5560 plura
3179 5492 3342 5548 babes
3388 5491 3520 5563 apud
3556 5483 3730 5543 Franci

2230 5584 2384 5624 scum
2419 5569 2732 5641 Vallesium,
2773 5577 2851 5633 De
2883 5598 3039 5637 sacra
3073 5585 3416 5657 philosophia,
3458 5602 3567 5655 cap.
3597 5581 3670 5641 52.
3692 5583 3733 5631 εί

2230 5662 2495 5722 adversus
2528 5665 2970 5740 Eratosthenem,
3008 5679 3101 5747 qui
3132 5681 3233 5735 soli
3262 5680 3579 5750 ἀνωμαλίας
3599 5672 3730 5740 huius

2229 5767 2455 5811 causam
2515 5773 2639 5817 esse
2671 5761 2908 5835 volebat,
2945 5776 2999 5823 et
3039 5773 3206 5831 maris
3237 5772 3468 5843 ejusdem
3500 5768 3639 5822 aliam
3664 5769 3728 5815 at-
