1962 3484
120 106 177 135 873

633 103 666 132 IN
684 103 871 133 EUSTATHH
886 101 1125 131 HEXAEMERON
1145 103 1258 133 ΝΟΤΕ.

1695 107 1747 135 874

122 170 177 199 que
190 162 271 190 aliam
288 162 461 197 superticiem
477 162 660 190 disertissime
672 162 795 197 disputat
810 161 909 189 Strabo
924 166 947 192 Α
964 161 1098 189 volantem
1122 162 1199 197 sequi
1229 169 1284 189 non
1311 162 1429 197 possint,
1457 161 1548 190 ﬂuxus
1580 162 1688 198 quidem
1718 165 1748 191 tit

123 209 174 238 lib.
191 217 209 237 I.
231 207 350 237 Consule
366 214 497 244 pratterea
519 208 696 237 Laurentium
711 207 860 236 Corvinum
879 207 909 234 in

123 263 175 284 sua
186 255 340 290 Geograph.,
354 263 379 283 c.
395 255 442 289 ii;
458 254 589 283 Joannem
606 254 784 282 Franciscum
802 252 909 285 Picum,

123 302 166 329 1.ι
192 301 229 328 De
262 301 384 328 examine
406 302 502 334 vanit.,
528 309 553 329 c.
577 300 628 333 12;
647 300 780 328 Joannem
801 299 907 331 Picum,

122 347 171 375 lib.
188 355 219 374 ιιι
234 346 334 374 Contra
355 347 468 379 Astrol.,
491 355 551 382 cap.
573 347 624 380 15;
642 346 776 378 Ficinum,
798 353 860 380 cap.
881 344 908 376 6,

121 393 155 420 ad
172 392 271 420 Plotin.
288 393 335 420 lib.
354 401 400 425 ιιι,
417 392 537 420 Ennead.
549 392 581 426 2;
609 392 804 421 Contareuum,
826 390 873 417 lib.
888 396 907 416 ιι

120 439 160 465 De
172 439 324 470 elementis;
341 443 368 466 et
385 439 515 466 Levinum
532 438 674 466 Lemnium
687 437 725 464 De
735 436 831 464 occult.
850 439 908 464 nat.

118 485 229 517 mirac.,
252 485 299 511 lib.
323 493 352 516 ιι,
368 492 428 520 cap.
447 485 493 517 Η,
516 485 595 520 cujus
610 484 705 517 verba,
722 483 786 518 quia
802 486 910 510 contro-

117 529 217 556 versia:
239 529 321 564 hujus
341 529 444 556 nodum
467 530 585 557 dilucide
603 529 762 565 expediunt,
778 531 805 556 et
826 534 908 555 omne

117 575 234 603 dubium
257 579 394 606 amovent.
416 576 559 611 lucemque
581 575 699 603 atl'erunt
722 574 839 607 auctori,
860 574 905 601 hic

116 620 277 647 describere
294 627 348 647 non
373 621 507 656 gravabor
524 630 531 648 :
553 620 651 656 Magna
664 628 737 652 sane,
761 619 860 654 inquit,
881 623 906 645 et

116 666 189 693 luna:
210 674 298 700 opera,
315 666 342 693 in
358 674 445 693 rerum
461 673 558 694 natura
577 671 703 701 apparent
719 674 727 693 :
742 674 829 693 verum
842 665 905 692 solis

115 712 253 747 e/fectibus
265 712 421 747 posteriora.
435 712 505 741 Solis
516 714 585 741 enim
596 713 719 748 beneﬁcio
733 712 782 739 illa
795 711 904 746 fruitur,

116 759 254 794 lucemque
268 759 300 786 ab
315 759 362 786 illo
381 760 503 793 sortitur,
521 762 560 787 sic
574 765 601 787 ut
619 763 693 786 tanta
706 759 779 786 illius
792 766 855 792 pars
870 758 906 784 il-

115 805 256 836 lustratur,
274 809 400 840 quantam
410 805 450 832 sol
464 814 512 832 suo
523 804 659 839 splendore
670 804 801 836 irradiat;
815 802 904 837 deﬁcit

115 855 206 876 autent
224 850 340 886 lucisque
354 858 444 885 expers
460 851 589 884 redditur,
606 851 651 878 ubi
667 855 744 878 terra:
757 850 903 877 interventu
918 843 942 874 Β

116 896 163 923 lux
176 897 218 923 illi
234 897 408 931 intercipitur.
427 897 499 924 Tunc
514 902 601 925 autem
612 897 748 931 potissime
760 897 787 924 in
799 900 904 925 terrena

114 943 185 970 eires
202 951 264 969 suas
274 943 400 978 explicat,
418 951 477 970 cum
493 943 531 970 vel
546 943 597 970 sali
611 950 643 969 ea:
660 942 769 969 adverso
784 941 903 976 opposita

114 990 250 1024 impletur,
270 995 347 1025 atque
369 990 517 1018 orbiculata
537 990 655 1025 eﬂicitur,
673 989 710 1016 vel
727 988 771 1015 ubi
790 988 903 1022 primum

114 1036 157 1063 illi
175 1036 353 1071 conjungitur.
377 1036 425 1063 llis
440 1037 508 1063 enim
521 1036 623 1063 dierum
643 1035 739 1070 spatiis
759 1038 903 1069 augescunt

113 1088 232 1117 segetes,
252 1082 380 1109 conc/tilia
401 1086 561 1117 turgescunt,
578 1085 648 1108 vente
666 1081 805 1116 sanguine,
826 1087 901 1106 ossa‘

113 1136 164 1163 que
176 1128 298 1155 medullis
313 1129 464 1164 implentur.
478 1128 535 1161 Quo
548 1128 577 1163 [it
590 1132 618 1154 ut
629 1127 782 1154 concubitus
794 1126 828 1153 iis
841 1130 904 1153 tent-

113 1174 223 1209 poribus
246 1175 331 1201 minus
351 1174 456 1209 oﬂiciat.
483 1173 518 1199 Et
538 1173 661 1209 quoniam
686 1172 774 1199 omnia
793 1171 902 1198 humore

114 1220 221 1253 imbuit,
238 1221 267 1255 fit
285 1225 313 1247 ut
328 1229 419 1247 carnes
432 1220 515 1246 radiis
529 1220 602 1247 illius
616 1219 742 1254 exposita:
754 1217 900 1250 tabescunt,

115 1272 194 1301 atque
206 1267 322 1293 homines
339 1275 430 1293 somno
447 1266 555 1300 uinoque
570 1266 660 1300 sopiti,
683 1265 811 1301 pallorem
827 1264 902 1299 capi-

115 1314 200 1349 tisque
221 1313 386 1348 gravedinem
405 1313 579 1344 contrahant,
601 1321 632 1340 ac
655 1312 745 1340 morbo
772 1312 902 1340 comitiali

115 1361 264 1394 afﬁciantur
279 1367 288 1386 .'
301 1360 404 1386 relaxat
426 1360 495 1386 enim
519 1367 619 1392 nervos,
641 1367 672 1385 ac
690 1359 822 1386 cerebrum
840 1357 899 1393 plus

115 1407 181 1433 satis
198 1406 341 1438 humectat,
357 1406 485 1441 mentique
501 1406 525 1433 vi
541 1405 649 1441 algiﬁca
662 1410 793 1439 stuporem
808 1404 899 1439 infert.

116 1452 215 1480 Oceani
232 1461 332 1487 quoque
354 1459 434 1480 aestus
459 1453 584 1484 excitare,
607 1460 765 1487 causamque
785 1452 901 1486 recipro-

112 1498 193 1526 candi
208 1498 248 1525 illi
260 1498 375 1533 prwbere
388 1506 440 1524 non
449 1503 487 1525 est
503 1497 571 1533 quod
586 1498 642 1532 quis
656 1496 782 1532 ambigat.
801 1496 831 1524 Si
845 1496 901 1530 qui-

110 1545 170 1571 dem
202 1552 261 1571 cum
287 1544 457 1579 perspicimus
479 1543 569 1570 silenti
589 1548 666 1578 atque
688 1543 799 1569 obscura
818 1542 897 1573 luna;

109 1598 194 1624 eaque
208 1589 246 1616 vel
261 1589 345 1616 medio
361 1589 422 1616 orbe
437 1588 563 1621 dissecta,
584 1588 623 1615 vel
639 1588 665 1615 in
682 1595 781 1615 cornua
796 1587 899 1622 falcata

108 1637 164 1663 sine
192 1640 330 1671 augescat,
363 1640 408 1662 aut
430 1635 575 1666 minuatur,
601 1634 688 1661 nullos
712 1633 898 1668 propemodum

109 1682 171 1717 ﬁeri
194 1690 322 1716 aquarum
342 1689 496 1713 concursus,
522 1688 567 1707 nec
582 1680 609 1707 in
632 1680 717 1706 ullam
731 1679 897 1706 altitudinem

109 1728 201 1755 attolli
223 1736 366 1760 oceanum,
391 1735 551 1763 quaecunque
580 1727 661 1754 etiam
693 1726 784 1753 littora
807 1725 895 1752 alluit.

108 1773 227 1800 Rursum
244 1773 289 1799 ubi
311 1781 370 1799 cum
396 1772 450 1800 sole
477 1771 655 1807 congreditur,
682 1776 758 1806 atque
777 1770 898 1797 innovari

108 1820 213 1854 incipit,
227 1824 272 1846 aut
290 1820 317 1846 in
335 1819 422 1847 orbem
442 1818 621 1846 circumducta
636 1817 713 1851 plena
735 1817 898 1851 conspicitur

109 1866 243 1892 mammas
258 1865 370 1892 excitari
380 1869 471 1895 (estus,
482 1864 629 1898 ﬂuctusque
644 1862 731 1889 attolli
745 1862 773 1888 in
786 1862 897 1888 immen-

108 1918 181 1942 sum,
205 1912 262 1945 quis
284 1911 337 1937 alio
360 1918 440 1945 quant
466 1910 493 1937 in
509 1911 579 1936 lunw
595 1913 703 1940 motum,
718 1908 831 1942 fluxum,
855 1914 896 1934 re-

109 1957 264 1991 ﬂuxumque
285 1956 375 1983 oceani
396 1955 512 1990 referat?
537 1953 571 1981 Ut
585 1955 654 1981 enim
670 1961 776 1988 magnes
794 1952 896 1987 ferrum

110 2003 207 2034 allicit,
227 2004 264 2029 sic
281 2002 355 2029 sidus
369 2001 417 2028 hoc
439 2006 516 2028 terra:
528 2000 677 2035 proximum
692 2008 764 2026 mare
784 1999 895 2026 attrahit

109 2049 283 2083 coucitatque.
302 2047 374 2074 Nam
397 2055 455 2074 cum
476 2046 539 2073 luna
561 2046 663 2077 oritur,
690 2053 802 2072 oceanus
823 2045 896 2071 circa

109 2096 172 2123 illas
192 2096 285 2130 plagas
303 2094 458 2126 devolvitur,
480 2100 568 2127 nempe
587 2092 738 2125 orientales,
757 2097 896 2127 partesque

109 2140 284 2168 occidentales
304 2139 411 2167 deserit.
419 2138 532 2172 Quando
547 2146 605 2165 vero
620 2137 654 2165 ad
668 2145 791 2164 occasum
802 2138 894 2172 vergit,

963 207 1064 235 Oceani
1079 208 1131 235 sub
1146 208 1249 235 torrida
1268 208 1296 235 in
1307 208 1489 242 occidentem,
1507 209 1599 244 quoad
1622 210 1748 245 impingit

963 252 997 280 ad
1009 253 1145 281 contraria
1169 254 1271 286 littora,
1293 259 1478 290 curvaturque
1498 256 1532 282 ab
1547 255 1582 283 iis
1599 256 1748 284 :dissolvi-

962 303 1008 326 tur
1022 307 1087 327 vero
1105 299 1231 328 discessu
1249 301 1320 327 lunte
1340 300 1485 328 concilium
1506 308 1650 336 aquarum,
1673 302 1745 336 quod

961 349 1003 372 cst
1018 344 1046 372 in
1062 344 1161 373 itinere
1175 353 1273 373 versus
1295 345 1438 379 torridam,
1456 354 1517 381 qua:
1531 346 1675 382 desertae}
1691 352 1747 375 tra-

961 394 1006 418 ctu
1020 391 1068 426 qui
1091 391 1151 419 illas
1166 392 1315 424 exciverat,
1344 392 1445 427 impetu
1468 397 1559 428 capto,
1580 397 1694 426 remeat,
1718 399 1756 422 et.

961 438 1077 465 assultat
1101 438 1135 465 ad
1160 438 1252 465 littora
1274 446 1342 472 sua;
1361 444 1387 466 et
1409 439 1453 467 hic
1471 439 1587 475 impetus
1603 444 1646 468 est
1674 440 1745 468 alius

960 486 1106 518 generatus
1117 491 1165 518 per
1186 483 1338 511 absentiam
1355 484 1436 516 lunze,
1454 485 1541 512 donec
1561 485 1619 520 ipsa
1635 486 1744 513 rediens

960 528 1035 555 l'rena
1056 528 1174 564 impetus
1188 529 1271 563 hujus
1287 529 1401 564 recipiat
1414 530 1515 558 modert
1526 534 1634 566 turque,
1648 536 1675 559 et
1690 528 1749 559 una'

960 582 1022 601 cum
1043 582 1094 603 suo
1120 579 1194 603 motu
1222 576 1399 612 circumagat.
1425 577 1463 605 ita
1488 578 1578 606 littora
1602 580 1744 614 aqualiter

960 621 1080 655 patentia
1101 621 1195 649 iisdem
1212 621 1288 649 horis
1305 622 1453 658 implentur
1467 625 1569 657 omnia,
1587 625 1742 652 reductiora

959 673 1025 693 vero
1054 666 1170 699 tardius,
1195 667 1326 695 nonnulla
1352 668 1534 697 diversimode
1560 670 1596 698 ob
1617 670 1741 700 diversos

959 712 1055 740 oceani
1069 713 1170 740 aditus.

993 758 1074 792 lbid.,
1090 759 1137 786 lin.
1153 759 1199 786 55.
1218 759 1354 787 Κάτωθεν
1367 760 1423 795 γὰρ
1443 759 1462 795 ἠ
1483 761 1610 797 σελήνη.
1632 761 1661 790 ln
1675 763 1742 791 ecli-

958 804 1053 840 psibus
1068 805 1215 837 solarihus,
1230 814 1348 841 quanam
1362 807 1470 835 ratione
1484 808 1551 835 solis
1567 808 1635 835 radii
1648 809 1739 836 lunam

955 858 1011 878 non
1018 855 1171 886 penetrent,
1183 856 1210 879 et
1225 853 1361 887 quomodo
1379 853 1455 885 luna,
1470 861 1532 880 cum
1545 854 1581 882 sit
1596 854 1675 890 longe
1690 856 1741 882 mi-

956 906 1018 930 nor,
1036 902 1120 925 totum
1138 902 1230 926 tamen
1246 899 1330 926 solem
1347 900 1489 932 obscuret,
1507 900 1607 929 diserte
1622 901 1740 937 explicat

954 943 1124 978 Cleomedes,
1136 943 1245 971 Meteor.
1259 944 1306 972 lib.
1320 953 1351 978 ιι,
1370 953 1432 980 pag.
1450 945 1485 973 80
1502 946 1630 975 editionis
1650 946 1738 974 Paris.

989 987 1070 1022 lbid.,
1097 989 1146 1016 lin.
1171 989 1217 1017 55.
1241 990 1324 1024 Μέγα
1343 990 1377 1016 δὲ
1397 991 1447 1018 καὶ
1466 990 1543 1025 αὐτὴ
1569 992 1589 1026 ὴ
1610 991 1737 1025 σελήνη.

955 1035 993 1063 De
1008 1035 1194 1071 magnitudine
1211 1036 1291 1069 lunae,
1304 1039 1331 1063 et
1348 1036 1463 1063 aliorum
1475 1036 1645 1071 planetarum
1659 1037 1739 1073 plura

954 1082 1113 1110 Cleomedes
1142 1082 1203 1110 loco
1227 1082 1255 1110 d.
1286 1087 1312 1110 et
1339 1082 1395 1110 alii.
1419 1083 1596 1118 Anaxagoras
1627 1087 1739 1111 auctore

954 1127 1102 1155 Plutarcho
1117 1128 1207 1156 lunam
1226 1129 1333 1157 dicebat
1350 1136 1412 1156 esse
1424 1137 1523 1170 parem
1537 1129 1736 1165 Peloponneso.

953 1174 1108 1202 Ludovicus
1121 1174 1223 1203 Fidelis
1238 1175 1277 1203 De
1292 1184 1364 1202 mun.
1378 1180 1438 1208 ειν-η
1454 1175 1473 1203 l.
1486 1183 1512 1208 ν,
1529 1182 1554 1204 c.
1575 1175 1601 1209 7,
1616 1183 1738 1211 qitatrcre

953 1224 1035 1256 atque
1055 1221 1174 1248 scrutari
1191 1221 1224 1248 de
1240 1221 1425 1256 magnitudine
1441 1225 1467 1248 ct
1498 1222 1652 1256 quantitate
1671 1222 1738 1249 solis

952 1270 979 1293 et
994 1266 1064 1293 lunae
1074 1274 1205 1302 arrogans
1224 1274 1285 1294 esse
1302 1266 1455 1298 contendit,
1473 1274 1577 1303 nosque
1592 1271 1737 1294 contentos

952 1319 1014 1342 esse
1027 1311 1125 1339 debere
1145 1311 1283 1346 descripto
1297 1312 1374 1343 solis,
1399 1315 1427 1338 et
1445 1312 1526 1343 lunae,
1543 1318 1575 1338 ac
1595 1311 1736 1339 stellarum

952 1357 1004 1384 hoc
1017 1365 1139 1390 munere,
1156 1361 1186 1384 ut
1205 1358 1246 1385 sol
1261 1357 1327 1389 diei,
1345 1361 1372 1385 et
1389 1357 1453 1384 luna
1471 1357 1544 1385 nocti
1555 1358 1680 1392 praesint,
1698 1357 1737 1384 di-

951 1402 1099 1438 vidantque
1112 1404 1183 1430 inter
1194 1404 1281 1431 lucem
1297 1406 1324 1430 et
1345 1403 1482 1435 tenebras,
1494 1402 1565 1430 diem
1577 1406 1604 1430 et
1616 1407 1736 1430 noctem.

957 1448 1060 1476 Vanum
1074 1454 1112 1477 est
1132 1450 1211 1482 enim,
1228 1449 1327 1485 inquit,
1346 1448 1505 1484 praeclarum
1526 1453 1606 1476 terere
1623 1453 1735 1483 tempus,

951 1500 975 1522 et
996 1496 1092 1523 sudare
1118 1496 1201 1523 multo
1219 1496 1365 1531 exquirere,
1395 1503 1453 1523 aute
1473 1494 1544 1522 Deus
1570 1495 1660 1530 ignota
1680 1501 1737 1522 esse

951 1541 1042 1569 valuit.

986 1588 1053 1615 Ibid.
1073 1588 1168 1615 Μῦθοι
1186 1587 1220 1614 δὲ
1233 1587 1376 1622 ,ληρώδεις
1388 1587 1448 1615 ὑπὸ
1458 1588 1639 1622 μεθυόντων.
1658 1587 1737 1615 Basi-

951 1633 1013 1666 lius,
1030 1634 1103 1661 honi.
1119 1633 1136 1661 6
1153 1643 1160 1660 :
1176 1634 1262 1660 Μῦθοι
1279 1642 1350 1665 τινες
1366 1633 1574 1667 καταγέλαστοι,
1589 1633 1641 1660 ὑπὸ
1658 1635 1736 1669 γραῖ-

948 1681 1011 1707 δίων
1028 1680 1255 1716 κωθωνιζομένων
1277 1679 1526 1715 παραληρούμενοι,
1554 1679 1688 1714 πανταχοῦ
1700 1679 1736 1706 δι-

948 1727 1093 1763 εδόθησαν,
1122 1728 1163 1754 ὅτι
1181 1727 1360 1762 μαγγανείαις
1377 1726 1432 1753 τισὶ
1446 1727 1496 1761 τῆς
1520 1725 1623 1757 οἰκείας
1654 1725 1735 1761 ἔδρας

947 1773 1142 1809 ἀποκινηθεῐσα
1163 1773 1262 1809 σελήνη
1288 1773 1356 1808 πρὸς
1377 1772 1429 1807 γῆν
1451 1771 1644 1807 καταφέρεται.
1671 1772 1734 1803 Πῶς

949 1821 998 1857 μὲν
1019 1818 1064 1847 οὖν
1078 1820 1171 1855 κινήσε
1203 1820 1307 1855 γοήτων
1319 1818 1443 1853 ὲπαοιδὴ,
1452 1818 1486 1853 ἢν
1501 1817 1581 1850 αὐτὸς
1592 1816 1735 1852 ἐθεμελίω-

948 1874 994 1893 σεν
1008 1866 1022 1892 ὁ
1030 1865 1254 1900 ”Υψιστος·,ποῖος
1270 1865 1291 1891 δ’
1300 1864 1333 1891 ἂν
1345 1865 1393 1892 καὶ
1401 1864 1482 1896 τόπος
1496 1863 1734 1891 κατασπασθείσαν

947 1912 1031 1947 αὐτὴν
1050 1911 1212 1944 sagacem;
1235 1911 1331 1947 Sagas,
1354 1919 1504 1946 magosque
1524 1911 1622 1938 costum
1651 1910 1735 1944 depo-

947 1965 1023 1990 nere,
1044 1961 1144 1989 terratn
1167 1957 1345 1992 suspendere.
1367 1962 1398 1984 ut
1412 1957 1503 1985 verbis
1528 1956 1636 1991 Apuleii
1660 1960 1732 1989 utar:

947 2004 1036 2032 fontes
1052 2004 1162 2035 durare,
1180 2009 1287 2031 montes
1315 2003 1430 2035 diluere,
1454 2010 1550 2030 manes
1573 2002 1732 2035 sublimare,

945 2052 1011 2079 deos
1029 2051 1176 2083 inﬁrmare,
1192 2050 1281 2078 sidera
1295 2050 1479 2085 exstinguere,
1494 2053 1626 2076 tartarum
1642 2048 1732 2085 ipsum

946 2097 1112 2129 illuminare,
1126 2104 1202 2124 mare
1214 2097 1322 2132 pigrum
1343 2096 1481 2131 colligare,
1496 2097 1581 2124 solem
1597 2095 1731 2127 inhibere.

946 2144 1039 2171 lunam
1069 2143 1214 2177 deducere,
1242 2143 1336 2170 stellas
1363 2143 1488 2174 evellere,
1510 2146 1537 2170 et
1566 2142 1619 2168 alia
1645 2142 1732 2169 multa

108 2189 136 2215 in
155 2188 209 2214 illis
222 2187 341 2221 partibus
357 2186 521 2213 crebrescunt
538 2185 646 2219 ﬂuctus,
669 2184 695 2211 in
712 2184 745 2211 iis
765 2191 823 2210 vero
836 2191 894 2218 qua!

955 2189 1020 2217 lictu
1035 2190 1138 2225 gravia,
1154 2195 1181 2217 et
1196 2189 1320 2217 maximae
1336 2188 1534 2220 admirationis,
1551 2188 1609 2216 suis
1625 2188 1732 2223 magnis

107 2233 144 2260 ad
157 2237 243 2259 ortum
256 2236 372 2266 spectant
384 2231 574 2261 detumescunt,
589 2229 665 2264 idque
679 2228 842 2264 afﬂuentibus
855 2228 894 2254 cel

107 2279 216 2314 parcius
233 2286 279 2312 pro
294 2279 452 2304 incremento
478 2276 629 2310 defectuque
645 2275 710 2301 lucis
721 2282 800 2310 quam
816 2273 894 2300 luna-

109 2334 152 2353 res
166 2325 237 2351 radii
250 2323 381 2351 exhibent.
397 2323 501 2350 Caetera
524 2318 558 2349 ad
577 2321 628 2348 hoc
651 2321 723 2348 idem
742 2320 894 2355 spectantia

106 2374 168 2408 lege
186 2371 257 2406 apud
278 2371 377 2406 ipsum.
399 2369 519 2397 Joannes
534 2368 685 2410 Keppleru‘s
715 2367 742 2393 in
765 2366 893 2394 Introdu-

108 2420 201 2445 ctione
227 2417 261 2444 ad
289 2424 367 2444 suam
392 2416 569 2449 Astrologiam
593 2422 687 2441 not-am
710 2413 894 2447 αἰτιολὸγητον

107 2465 232 2491 rationes
253 2463 343 2490 lituus
359 2466 385 2489 et
406 2461 525 2490 relluxus
545 2461 628 2488 maris
648 2460 684 2487 ita
701 2460 820 2487 insinuat
836 2469 841 2486 :
857 2459 895 2486 lu-

108 2518 173 2537 nam
186 2510 288 2537 scilicet
303 2517 352 2537 sua
377 2507 536 2535 attractoria
550 2507 587 2539 vi,
607 2514 668 2542 quae
688 2506 722 2533 ad
741 2511 829 2533 terras
850 2513 893 2533 us-

107 2565 162 2591 que
186 2556 343 2591 porrigitur,
361 2562 445 2591 aquas
468 2555 519 2583 sub
535 2561 630 2581 zonam
651 2553 782 2580 torridam
804 2553 895 2588 prole-

108 2608 196 2634 ctarc,
215 2610 268 2637 quo
288 2602 360 2629 facto
373 2601 470 2628 nudari
486 2602 579 2628 littora
603 2608 745 2633 zonarum,
760 2604 787 2627 et
803 2599 895 2627 clima-

107 2654 167 2676 tum
185 2649 348 2677 lateralium.
367 2648 460 2683 itaque
474 2647 552 2683 aquis
572 2647 600 2674 in
616 2647 706 2675 latiori
723 2646 800 2674 alveo
812 2652 894 2674 ocea-

108 2697 137 2724 ni
155 2695 376 2731 assurgentibus’,
405 2693 462 2721 ﬁeri
480 2697 580 2729 potest,
602 2697 632 2720 ut
646 2693 675 2720 in
688 2691 894 2728 angustioribus

107 2743 170 2778 ejus
184 2741 310 2773 sinubus,
323 2741 402 2768 modo
412 2748 466 2768 non
479 2740 560 2768 nimis
572 2743 646 2767 arcte
655 2739 803 2771 conclusis,
815 2746 893 2774 aqua:

110 2793 245 2824 praesente
270 2789 332 2815 luna
355 2788 436 2815 etiam
463 2787 594 2822 aufugero
619 2786 654 2813 ab
679 2792 711 2813 ea
737 2785 890 2813 videantur.

108 2835 178 2863 Cum
196 2839 287 2863 autem
305 2841 380 2869 aquae
400 2834 491 2861 lunam
513 2834 642 2860 verticem
661 2832 786 2862 celeriter
799 2836 892 2860 trans-

270 2882 399 2910 l’nuOL.
418 2881 475 2910 (in.
494 2879 604 2910 XVIII.

946 2236 1192 2269 susurraminibus,
1212 2235 1442 2271 quandocunque,
1467 2238 1495 2262 et
1518 2234 1673 2269 ubicunque
1700 2235 1732 2260 li-

946 2282 1036 2309 buerit
1049 2282 1127 2309 multi
1150 2282 1300 2314 credidere,
1316 2286 1344 2309 et
1361 2282 1479 2309 maxime
1496 2281 1617 2308 omnium
1635 2285 1729 2315 poetae.

946 2328 1013 2356 Dido
1039 2328 1071 2355 ad
1097 2329 1202 2355 Annam
1221 2336 1341 2356 sororem
1360 2329 1408 2358 ait,
1440 2327 1486 2356 lib.
1501 2334 1528 2354 iv
1542 2325 1651 2354 rEncid.
1666 2325 1729 2353 Vir-

944 2374 1050 2409 giliana:
1066 2384 1072 2400 :

945 2433 1014 2460 Hinc
1030 2433 1094 2459 mihi
1110 2432 1233 2468 Massylia
1252 2432 1334 2467 gentis
1346 2436 1494 2468 monstrata
1509 2430 1631 2458 sacerdos
1646 2436 1656 2456 :

947 2468 1010 2495 Ha'c
1027 2477 1053 2495 se
1069 2467 1231 2495 carminibus
1250 2468 1380 2501 promittit
1395 2467 1492 2494 solvere
1508 2472 1604 2492 mentes

944 2504 1018 2536 Quae
1034 2504 1102 2536 velit,
1118 2508 1161 2530 ast
1178 2503 1238 2530 aliis
1253 2502 1335 2529 duras
1348 2501 1486 2529 immittere
1497 2509 1587 2533 curas,

944 2539 1044 2574 Sistere
1058 2546 1153 2574 aquam
1167 2538 1265 2572 ﬂuviis.
1279 2542 1304 2564 ct
1321 2537 1432 2574 fiumina
1447 2542 1544 2574 uertere
1557 2541 1637 2567 retro.

944 2571 1147 2608 Nocturnosquc
1162 2571 1210 2600 ciet
1222 2581 1311 2600 manes
1324 2581 1332 2599 :
1345 2572 1445 2608 mugire
1456 2571 1552 2599 videbis

944 2609 998 2637 Sub
1014 2609 1121 2643 pedibus
1138 2613 1245 2640 terram,
1261 2612 1285 2635 et
1294 2608 1447 2635 descendere
1462 2608 1592 2634 utentibus
1601 2615 1689 2635 ornas.

943 2665 1111 2701 Propertius,
1128 2665 1202 2701 Eleg.
1216 2665 1263 2692 lib.
1282 2673 1302 2697 ι,
1319 2665 1386 2700 eleg.
1403 2665 1414 2691 l
1435 2674 1441 2692 :

943 2724 977 2752 At
992 2733 1034 2751 vos
1049 2723 1166 2751 deducta
1180 2723 1272 2758 quibus
1282 2727 1320 2750 est
1335 2722 1444 2758 fallacia
1459 2721 1528 2758 [ante

979 2759 1012 2787 Et
1029 2759 1103 2786 labor
1117 2759 1145 2786 in
1161 2757 1270 2794 magicis
1284 2766 1362 2785 sacra
1373 2758 1447 2792 piare
1462 2757 1537 2794 focis.

944 2795 983 2822 En
998 2793 1108 2829 agedum
1120 2792 1234 2821 domina:
1246 2798 1356 2820 mentem
1373 2792 1510 2829 convertite
1525 2796 1634 2822 nostrm.

981 2827 1106 2863 Etrfacite
1117 2830 1165 2857 illa
1178 2837 1235 2856 meo
1247 2829 1345 2862 palleat
1356 2836 1400 2855 ore
1418 2827 1510 2862 magis.

1568 2873 1605 2902 :23
