1962 3484
125 109 182 136 επ

636 103 669 130 ιΝ
690 101 874 131 liUSTATllll
890 99 1126 129 IIEXAEMERON
1142 99 1257 128 ΝΟΤᾹΞ.

1700 95 1752 123 8ῗ8

126 170 229 202 guntur
245 166 317 202 apud
331 165 471 198 Basilium,
484 165 558 192 hom.
572 163 588 191 6
604 172 610 190 :
629 164 745 199 Ὁμοίως
763 164 817 199 γὰρ
833 162 917 198 αὐτῆς

974 160 1007 188 ἔνι
1019 161 1053 188 τὰ
1066 160 1193 195 πελάγια,
1203 159 1238 186 τὰ
1252 158 1410 194 αἰγιαλώδη,
1421 157 1455 184 τά
1469 156 1558 192 βύθια,
1570 155 1604 183 τὰ
1614 155 1753 192 πετρώδη.

126 214 182 242 ἀπὸ
205 213 260 240 τῶν
284 211 448 248 ίσημερινῶν
471 211 560 237 τόπων
591 210 805 246 ἀνατελλούσης,
831 210 858 236 οἵ
885 218 915 238 τε

128 258 336 296 προσοικοῦντες
359 260 391 294 τῇ
415 257 621 293 κατεψυγμένη,
639 258 686 284 καὶ
701 257 752 283 ὑπὸ
766 257 814 288 τὰς
838 264 914 291 uspi—

129 306 249 342 στροφὰς
269 305 320 340 τῆς
343 305 443 340 ἄρκτου
464 304 585 339 κείμενοι
602 302 848 339 μεταλαμϐάνουσι,
869 302 917 328 καὶ

127 354 152 380 οἱ
167 352 238 379 κατὰ
249 351 284 378 τά
300 351 377 378 κοῖλα
390 350 440 386 τῆς
458 349 631 386 μεσημϐρίας
638 350 687 384 τῆς
700 348 918 384 διακεκαυμένης

126 400 249 435 γείτονες
260 406 267 414 ³
294 391 334 430 οἷς
354 398 420 425 πᾶσι
434 397 505 423 κατὰ
523 397 554 423 τὸ
569 396 668 428 πλάτος
684 394 915 430 ὰντιπαρήκουσα,

126 445 300 481 σαφεστάτην
316 444 468 480 μαρτυρίαν
477 443 522 470 τοῦ
551 443 681 479 μεγέθους
696 441 853 477 παρέχεται.

163 491 247 523 Ibid.,
261 491 309 526 lin.
328 490 371 518 18.
391 489 446 517 Kal
462 489 571 522 εὐθέως
592 489 611 523 ἡ
627 487 685 523 μὲν
699 487 849 515 θάλασσα.
867 487 918 514 Ba-

127 536 217 568 silius,
247 536 320 563 hom.
347 533 480 563 7ιἾιλθε
505 535 679 570 πρόσταγμα,
696 534 743 560 καὶ
771 532 852 565 εὐθὺς
870 533 918 560 καὶ

126 582 245 617 ποταμοὶ
266 581 384 617 ἐνεργοὶ,
409 581 456 607 καὶ
482 580 574 615 λίμναι
591 580 708 615 γόνιμοι,
735 579 789 606 τῶν
811 579 918 606 οἰκείων

124 628 242 654 ἕκαστον
257 627 346 654 αὐτῶν
375 627 422 653 καὶ
445 626 516 653 κατὰ
543 626 623 660 φύσιν
646 625 742 660 γενῶν·
761 626 808 652 καὶ
834 626 850 661 ἠ
871 625 920 652 θά-

124 674 215 700 λασσα
238 674 272 701 τὰ
295 673 456 700 παντοδαπὰ
470 673 535 708 γένη
559 672 613 699 τῶν
628 672 740 699 πλωτῶν
766 672 853 705 ὥδινε,
872 672 918 699 καὶ

123 719 188 745 οὐδὲ
208 719 270 745 ὅσον
284 719 312 745 ὲν
338 718 406 745 ίλύσι
429 718 476 745 καὶ
491 718 606 753 τέλμασι
620 717 667 744 τοῦ
689 717 784 749 ὓδατος
799 716 844 753 ἦν,
858 710 925 744 οὺδὲ

79 764 87 776 ⁵
123 765 207 792 τοῦτο
220 765 305 801 ἀργὸν
317 764 505 800 ούδὲ·ἄμοιρον
525 764 573 800 τῆς
589 764 659 791 κατὰ
679 764 727 800 τὴν
744 765 831 791 κτίσιν
855 773 917 791 συν-

125 811 236 842 τελείας
251 810 303 837 ἀπέ
307 819 339 846 με
344 819 392 838 ινε.

164 867 246 900 Ibid.,
263 868 312 895 lin.
328 868 372 895 19.
390 868 451 895 Τῶν
464 869 521 903 γὰρ
538 868 675 895 ἐναλίων.
692 867 821 901 Basilius,
841 870 915 896 hom.

126 915 142 941 7
164 924 171 941 :
193 914 318 941 Μάλιστα
340 914 389 949 μὲν
412 914 531 949 ἀμφίϐια
556 913 589 940 τὰ
610 913 694 940 πολλὰ
707 914 808 941 τούτων
833 915 905 940 ἐστὶν

125 957 185 987 οἷον
200 959 302 994 φῶκαι,
317 960 363 987 καὶ
378 960 552 996 κροκόδειλοι,
571 960 618 986 καὶ
640 960 664 986 οἱ
685 960 812 995 ποτάμιοι
828 960 915 992 ἵπποι,

126 1007 177 1034 καὶ
194 1006 333 1042 βάτραχοι,
353 1007 400 1034 καὶ
416 1008 554 1042 καρκῖνοι·
573 1006 629 1033 ἀλλ’
646 1004 692 1033 οὖν
713 1006 916 1042 προηγούμενον

126 1053 185 1088 ἔχει
201 1052 232 1079 τὺ
247 1053 384 1088 νηκτικόν.
400 1052 515 1085 Plinius,
539 1052 586 1079 lib.
605 1060 691 1085 xxxu,
706 1060 767 1087 cap.
785 1053 814 1079 Η
834 1062 840 1078 :
858 1052 916 1079 Jam

126 1098 270 1129 canicula-2,
291 1098 447 1130 dromones,
464 1102 593 1129 cornutae.
617 1098 709 1133 gladii.
737 1105 819 1124 sv-rrae
845 1105 918 1125 com-

127 1152 283 1180 munesque
300 1144 379 1176 mari,
395 1148 485 1177 teme,
511 1145 585 1171 amni
603 1144 799 1179 hippopotami,
823 1151 918 1171 croco-

126 1190 178 1218 u'.li
194 1200 201 1218 :
218 1195 244 1218 et
259 1191 332 1217 amni
349 1194 466 1222 tantum,
484 1198 516 1217 ac
533 1190 611 1221 mari,
624 1190 739 1226 thymni,
753 1189 917 1224 thymnides,

129 1236 220 1268 silari,
245 1236 376 1269 coracini,
402 1244 507 1271 percze;
535 1240 562 1263 et
578 1236 625 1263 lib.
656 1244 693 1268 ix,
709 1243 769 1270 cap.
786 1236 813 1269 5,
830 1236 864 1264 de
878 1237 919 1263 ln-

128 1282 184 1309 dici
208 1282 291 1309 maris
312 1281 410 1310 belluis
426 1288 580 1309 sermonem
593 1281 695 1309 habens
709 1290 715 1308 z
732 1280 847 1314 Exeunt,
870 1282 917 1314 ait,

128 1332 154 1355 et
169 1327 257 1362 pecori
270 1328 370 1355 similes
389 1328 482 1355 bellua:
502 1327 537 1354 ibi
552 1328 578 1354 in
595 1332 703 1359 terram,
720 1332 852 1362 pastaque
872 1336 918 1354 ra-

130 1375 202 1402 dices
216 1375 349 1409 fructuum
367 1378 493 1406 remeant,
505 1379 530 1401 et
544 1374 665 1409 quasdam
678 1382 814 1406 equorum,
829 1375 919 1401 asino-

131 1430 202 1453 rum,
217 1427 354 1448 taurorum
365 1420 495 1455 capitibus
506 1429 564 1456 quae
578 1421 755 1456 depascuntur
768 1426 839 1449 sata.
850 1420 918 1449 Vide

131 1468 251 1496 Plinium
270 1469 316 1496 lib.
332 1477 371 1499 Ix.
390 1476 450 1504 cap.
468 1468 510 1501 19,
525 1472 552 1495 et
566 1476 626 1503 cap.
644 1468 689 1501 57,
704 1472 731 1495 et
746 1468 916 1500 Athemeum,

128 1515 178 1543 lib.
196 1522 257 1547 vut,
267 1522 327 1550 pag.
344 1514 407 1542 248.
424 1513 603 1547 Onesicritus,
621 1514 693 1549 apud
705 1514 878 1547 Strabonem,
891 1521 915 1542 c.
933 1532 955 1562 ο

131 1561 176 1594 15,
192 1564 287 1588 narrat
301 1561 376 1588 circa
390 1560 579 1595 Taprobanem
588 1560 669 1588 ludia:
682 1560 785 1588 belluas
797 1561 918 1588 marinas

133 1606 269 1642 ancipites
284 1606 345 1633 vitae
358 1606 444 1637 nasci,
458 1606 526 1633 alias
537 1606 624 1633 bobus
635 1605 747 1638 similes,
757 1605 823 1633 alias
830 1606 917 1640 equis,

131 1653 201 1680 alias
211 1653 295 1681 variis
303 1652 465 1679 animalibus
480 1652 666 1679 terrestribus.
679 1652 756 1687 Κήτη
763 1651 791 1677 δὲ
802 1652 919 1687 ἀμφίϐια

130 1700 196 1735 περὶ
205 1698 288 1734 αὐτὴν
295 1697 467 1733 γίνεσθαι,τὰ
477 1698 524 1734 μὲν
533 1698 618 1733 βουσὶ,
625 1698 658 1724 τὰ
664 1697 684 1724 δ’
696 1698 797 1729 ἵπποις,
808 1697 841 1724 τὰ
849 1697 871 1723 δ’
878 1697 921 1725 ἄλ-

132 1743 333 1780 λοιςχερσαίοις
350 1745 466 1772 ἐοικότα.
480 1744 643 1772 Ambrosius
658 1745 722 1771 item
740 1744 786 1771 lib.
806 1752 822 1770 v
837 1743 891 1771 Hex
909 1753 915 1770 :

133 1789 204 1821 Quin
226 1788 306 1815 etiam
329 1797 389 1815 cum
415 1789 538 1824 pleraque
563 1789 640 1823 pedes
664 1788 785 1820 habeant,
812 1793 836 1815 et
860 1797 919 1815 am-

132 1835 242 1863 bulandi
253 1844 341 1868 usum,
350 1844 379 1862 eo
387 1835 455 1871 quod
465 1836 517 1863 sint
527 1835 668 1870 amphibia,
677 1843 734 1870 qua:
746 1835 783 1862 vel
799 1836 824 1862 in
834 1835 918 1870 aquis,

132 1881 172 1909 rei
184 1882 211 1908 in
227 1886 298 1909 terra
309 1882 406 1914 vivunt,
421 1887 476 1909 etc.
488 1881 584 1914 Varro,
595 1889 622 1908 tv
640 1881 678 1908 De
694 1881 784 1916 lingua
807 1880 919 1907 Latina:

134 1927 220 1955 erci
234 1937 266 1955 ea
281 1936 340 1963 qua:
352 1929 379 1955 in
396 1936 466 1963 aqua
478 1933 502 1955 et
513 1928 540 1955 in
555 1932 625 1955 terra
640 1932 749 1962 possunt
771 1927 851 1954 vivere
874 1935 919 1953 va-

131 1978 195 2000 cant
211 1973 352 2008 amphibia.
368 1974 528 2007 Columella,
544 1974 591 2000 lib.
614 1981 672 2006 νιιι,
689 1980 750 2008 cap.
769 1972 818 1999 12:
842 1971 920 1998 Venio

132 2027 203 2046 nunc
217 2020 251 2046 ad
265 2028 310 2047 eas
331 2028 390 2047 aves
402 2028 467 2055 quas
480 2019 566 2047 Graeci
580 2019 727 2055 ἀμφιΰίους
742 2023 844 2050 vacant,
858 2018 920 2053 quia

133 2075 187 2094 non
206 2072 310 2094 tantum
335 2068 480 2100 terrestria,
496 2068 540 2095 sed
558 2067 688 2102 aquatilia
702 2074 802 2102 quoque
818 2065 921 2093 deside-

131 2120 195 2141 rant
210 2114 324 2149 pabula;
339 2123 384 2141 nec
409 2115 492 2150 magis
512 2114 590 2141 humo
605 2122 684 2149 quam
699 2118 792 2148 stagno
812 2120 922 2140 consue-

132 2164 197 2187 runt
210 2168 219 2187 :
231 2159 338 2195 ejusque
352 2160 453 2195 generis
469 2167 547 2186 anser
565 2160 694 2194 praecipue
708 2159 814 2185 rusticis
828 2162 920 2193 gratus

966 207 1001 234 τὰ
1011 205 1136 240 ἀγελαῖα,
1148 205 1181 232 τὰ
1191 203 1350 241 σποραδικά,
1363 204 1398 230 τὰ
1413 205 1493 239 κήτη,
1507 202 1541 229 τὰ
1556 202 1706 237 ὑπέρογκα,
1720 201 1756 227 τὰ

966 252 1117 279 λεπτότατα
1141 251 1196 277 τῶν
1221 250 1330 285 ἰχθύων.
1346 249 1386 285 Τῇ
1405 249 1458 285 γὰρ
1475 249 1542 283 αὐτῇ
1566 247 1679 283 δυνάμει
1706 245 1756 274 καὶ

966 298 1005 334 τῷ
1018 299 1067 335 ῖσῳ
1083 297 1273 333 προστάγματι
1287 298 1317 323 τό
1332 305 1361 323 τε
1378 296 1450 332 μέγα
1476 296 1522 322 καὶ¹
1538 295 1568 321 τὸ
1593 290 1689 330 μικρὸν
1707 302 1754 329 με-

966 344 1131 379 ταλαγχάνει
1146 343 1193 370 τοῦ
1207 341 1285 369 εἶναι.

1004 390 1084 422 lbid.,
1096 390 1144 417 lin.
1161 388 1208 417 ‘27.
1227 388 1264 416 Τὰ
1276 387 1412 423 ἀγελαῖα,
1431 387 1467 414 τὰ
1482 385 1660 421 σποραδικά.
1678 384 1755 412 Cice-

967 444 1009 469 ro,
1039 435 1147 463 Tuscul.
1161 444 1189 466 v,
1208 434 1379 470 Congregata
1391 431 1426 461 ‘et
1443 433 1574 467 solivaga.
1593 431 1754 459 Theodorus

968 481 1051 514 Gaza,
1068 481 1196 516 Gregalia
1218 485 1246 508 et
1262 480 1398 513 incivilia;
1415 487 1478 506 nam
1493 483 1520 506 et
1531 478 1694 506 Aristoteles
1708 478 1755 505 do-

968 531 1012 555 cet
1042 533 1051 554 ι
1069 526 1106 553 De
1118 526 1180 553 hist.
1192 526 1287 558 anim.,
1310 533 1370 560 cap.
1388 526 1457 557 Lex
1476 524 1642 561 gregalibus,
1659 531 1755 559 quem-

968 572 1115 600 admodum
1139 577 1166 600 et
1180 579 1214 599 ex
1244 571 1375 599 solitariis
1398 571 1522 606 quadam
1542 578 1603 598 esse
1616 570 1752 603 πολιτικά,

969 619 1070 653 civilia,
1085 619 1208 654 quzedam
1222 618 1383 654 σποραδικά.

1003 674 1084 707 lbid.,
1100 675 1147 702 lin.
1164 674 1210 702 28.
1233 675 1412 710 Συγγένειαν
1428 675 1502 710 πρὸς
1516 675 1549 702 τὸ
1567 675 1653 708 ὕδωρ.
1677 674 1754 702 Basi—

969 721 1032 753 lius,
1050 720 1124 748 hom.
1141 720 1156 746 7
1171 730 1177 747 :
1194 721 1378 755 Ἐξαγιιγέτω
1395 721 1431 748 τὰ
1441 720 1544 748 ὕδατα.
1560 720 1688 753 Ἐξείξεσι
1703 721 1753 755 τὴν

969 766 1086 801 φυσικὴν
1099 765 1153 792 τῶν
1167 765 1273 802 νηκτῶν
1288 766 1355 801 πρὸς
1368 766 1399 792 τδ
1419 765 1489 801 ὕδωρ
1515 766 1673 799 συγγένειαν
1690 774 1697 780 ·
1713 766 1753 792 διὸ

970 811 1067 846 μικρὸν
1082 811 1106 838 οἱ
1121 811 1211 847 ἰχθύες
1221 811 1400 847 χωρισθέντες
1418 811 1464 837 τοῦ
1479 810 1572 842 ὓδατος
1586 810 1753 846 διαφθείρον-

969 867 1024 886 ται.
1041 858 1109 885 Οὒδὲ
1124 858 1178 893 γὰρ
1199 858 1307 894 ἔχουσιν
1329 859 1477 893 ἀναπνοὴν,
1505 857 1575 884 ὥστε
1596 857 1684 884 ἕλκειν
1707 857 1752 883 τὸν

968 904 1037 940 ἀέρα
1053 903 1148 931 τοῦτον
1166 912 1173 920 ο
1190 904 1248 930 ἀλλ’
1270 905 1339 940 ὅπερ
1359 906 1415 936 τοῖς
1438 905 1575 940 χερεαίοις
1595 904 1668 930 ἐστὶν
1688 904 1751 940 ἀὴρ,

968 949 1047 976 τοῦτο
1058 949 1097 984 τῷ
1114 949 1210 985 πλωτῷ
1227 950 1301 984 γένει
1321 950 1350 976 τὸ
1366 949 1446 986 ὕδωρ.

1003 1005 1083 1038 lbid.,
1098 1006 1146 1033 lin.
1168 1006 1211 1033 50.
1234 1007 1266 1033 Ἠ
1277 1006 1332 1041 γὰρ
1346 1007 1404 1033 τῶν
1416 1006 1595 1041 ,ϐραγχείωιπ
1624 1005 1752 1037 Basilius,

970 1051 1043 1079 hom.
1059 1052 1074 1078 7
1090 1062 1096 1079 ;
1114 1052 1194 1087 Καὶὴ
1216 1052 1290 1079 αἰτία
1310 1052 1387 1088 δήλη,
1406 1053 1445 1079 ὅτι
1458 1053 1523 1088 ἡμῖν
1543 1053 1557 1078 ὁ
1570 1052 1696 1087 πνεύμων
1711 1051 1754 1085 έγ-

970 1105 1057 1123 κειται
1071 1097 1167 1133 ἀραιὸν
1181 1098 1227 1124 κα)¹
1244 1097 1395 1133 πολύπορον
1420 1098 1582 1132 σπλάγχνον,
1608 1097 1622 1123 ὃ
1642 1097 1685 1124 διὰ
1704 1097 1753 1132 τῆς

969 1142 1016 1169 τοῦ
1035 1142 1158 1177 θώρακος
1176 1142 1318 1178 οιαστολῆς
1341 1143 1386 1169 τὸν
1414 1143 1482 1178 ἀέρα
1497 1143 1650 1178 δεχόμενον,
1667 1144 1696 1170 τὸ
1712 1143 1754 1169 ἐν·

969 1188 1013 1214 δον
1025 1188 1102 1224 ἡμῶν
1119 1188 1219 1224 θερμὸν
1237 1189 1413 1225 διαρῤιπίζει,
1437 1190 1483 1215 καὶ
1500 1189 1643 1224 ἀναψύχει.
1667 1190 1754 1216 Ἐκεὶο

969 1244 1025 1266 νοις
1036 1235 1064 1261 δὲ
1078 1236 1094 1270 ἡ
1113 1235 1166 1261 τῶν
1181 1235 1316 1271 βραγχίων
1326 1236 1450 1271 διαστολὴ
1462 1236 1509 1262 καὶ
1524 1236 1667 1269 ὲπῐπτυξις
1678 1237 1753 1272 δεχο-

972 1281 1059 1316 μένων
1071 1281 1100 1307 τδ
1111 1281 1183 1317 ὕδωρ
1200 1282 1247 1308 καὶ
1264 1282 1385 1309 διῖέντων
1403 1282 1447 1309 τὸν
1459 1283 1508 1317 τῆς
1523 1282 1660 1317 ἀναπνοῆς
1673 1282 1753 1316 λόγον

969 1326 1131 1363 ἀναπληροῖ.
1157 1326 1213 1354 11οο
1224 1327 1294 1354 idem
1305 1328 1388 1356 sentit
1399 1328 1570 1360 Aristoteles,
1586 1336 1614 1354 ιιι
1628 1327 1667 1354 De
1681 1333 1752 1362 part,

971 1369 1070 1401 anim.,
1088 1377 1149 1404 cap.
1174 1369 1202 1402 6,
1226 1369 1289 1397 dum
1309 1371 1357 1404 ait,
1381 1370 1497 1405 piscium
1519 1370 1624 1397 nullum
1655 1370 1755 1396 habere

970 1415 1139 1449 pulmonem,
1160 1416 1207 1444 sed
1236 1424 1285 1451 pro
1307 1424 1340 1444 eo
1367 1416 1513 1443 branchias
1530 1415 1670 1448 oblinere;
1684 1423 1754 1450 aqua

970 1461 1042 1488 enim
1054 1461 1144 1496 pisces
1153 1461 1359 1496 refrigerantur,
1377 1466 1407 1488 ut
1432 1469 1494 1488 aere
1512 1469 1572 1496 qtae
1593 1461 1708 1496 spirant.
1723 1461 1754 1488 Et

969 1505 1018 1533 lib.
1031 1514 1068 1537 ιν,
1086 1514 1137 1541 cap
1164 1506 1189 1539 i,
1204 1507 1293 1541 pisces
1306 1506 1433 1541 pulmone
1442 1514 1545 1537 carere.
1564 1511 1590 1534 et
1606 1507 1754 1534 branchias

973 1552 1032 1579 vice
1047 1552 1185 1586 pulmonis
1203 1553 1307 1580 sortiri.
1326 1553 1498 1586 Ambrosius,
1511 1553 1558 1581 lib.
1580 1562 1596 1580 v
1615 1553 1754 1586 Πεπαθιιι..

971 1604 1033 1632 cap.
1045 1597 1072 1630 4,
1088 1598 1150 1625 item
1175 1598 1222 1631 ait,
1236 1598 1307 1633 quod
1321 1598 1427 1626 caeteris
1442 1598 1628 1626 animantibus
1638 1604 1679 1627 est
1696 1607 1753 1631 aer,

972 1641 1023 1669 hoc
1035 1641 1157 1677 piscibus
1183 1650 1245 1671 esse
1265 1650 1374 1677 aquam.
1397 1647 1475 1670 extra
1494 1650 1575 1677 quam
1597 1643 1686 1671 vivere
1704 1652 1754 1670 nu-

970 1691 1074 1722 queunt
1084 1687 1156 1715 sicut
1168 1689 1317 1715 intercluso
1329 1687 1441 1723 spiritus
1457 1693 1610 1717 commeatu
1624 1690 1755 1717 animalia

971 1733 1058 1761 emori
1070 1741 1182 1761 necesse
1194 1739 1244 1761 est.
1262 1733 1401 1769 Oppianus
1421 1734 1547 1761 Ἀλιευτ.
1566 1742 1586 1761 ιι
1603 1743 1610 1761 :

1002 1780 1056 1808 Kal
1071 1780 1126 1815 γὰρ
1139 1780 1187 1807 καὶ
1203 1780 1367 1807 νεπόδεσσι
1383 1781 1544 1815 παλιβροος
1555 1780 1674 1808 ἕλκεται
1685 1781 1752 1814 ἀήρ.

971 1826 1008 1855 De
1019 1828 1070 1855 hac
1090 1828 1239 1862 quaestione
1252 1825 1368 1858 Plinius,
1386 1827 1433 1854 lib.
1450 1834 1488 1860 ix,
1499 1834 1560 1861 cap.
1574 1827 1601 1859 '7,
1619 1831 1646 1855 et
1656 1827 1754 1855 Callus

972 1872 1154 1908 Rhodiginus,
1172 1873 1219 1900 lib.
1233 1881 1268 1905 IV,
1281 1879 1342 1907 cap.
1362 1872 1405 1899 15.

1005 1929 1084 1961 lbid.,
1097 1930 1144 1956 lin.
1156 1930 1200 1957 53.
1211 1929 1286 1956 Οὐδὲ
1294 1931 1361 1963 παρ’
1377 1929 1478 1962 αὐτοῖς
1485 1930 1519 1962 ἐξ
1535 1931 1684 1965 ἡμισείας.
1704 1929 1755 1956 Ba-

971 1976 1060 2008 silius,
1074 1975 1146 2003 hom.
1162 1975 1177 2002 7
1189 1984 1195 2002 :
1207 1975 1289 2002 οὐδὲν
1306 1975 1381 2011 παρὰ
1392 1977 1448 2007 τοῖς
1462 1976 1565 2011 ἰχθύσιν
1582 1976 1611 2009 ἐξ
1629 1972 1755 2012 ἡμισείας

971 2020 1105 2047 ὥπλισται
1121 2022 1178 2053 τοῖς
1191 2020 1306 2053 ὀδοῦσιν,
1322 2021 1359 2052 ὼς
1379 2021 1442 2056 βοῦς
1454 2022 1517 2055 παρ’
1533 2022 1598 2056 ἡμῖν
1624 2022 1671 2049 καὶ
1688 2023 1755 2057 πρό-

973 2067 1062 2093 ϐατον.
1080 2066 1147 2093 Οὐδὲ
1161 2066 1215 2102 γὰρ
1225 2066 1376 2102 μηρυκάζει
1390 2075 1416 2093 τι
1431 2067 1496 2102 παρ’
1512 2067 1612 2098 αὐτοῖς,
1625 2069 1649 2094 εί
1662 2067 1699 2103 μὴ
1709 2068 1755 2094 τὸν

972 2113 1071 2149 σκάρον
1083 2113 1161 2149 μόνον
1185 2112 1320 2148 ἱστοροῦσί
1343 2121 1424 2144 τινες.
1448 2113 1539 2140 Πάντα
1559 2113 1588 2141 δὲ
1615 2114 1756 2147 ὀξυτάταις

971 2160 1073 2194 ἀκμαῖς
1087 2159 1199 2186 ὀδόντων
1223 2159 1480 2191 καταπεπύκνωται,
1503 2160 1545 2186 ἵνα
1561 2160 1597 2195 μὴ
1613 2160 1645 2195 τῇ
1662 2159 1757 2195 χρονίᾳ

132 2211 185 2234 est.
208 2205 271 2234 Haec
285 2205 383 2233 Cicero
395 2207 502 2233 vocavit
521 2206 646 2239 ancipites
664 2205 772 2237 bestias,
791 2204 838 2232 lib.
859 2212 867 2231 ι
884 2203 918 2230 De

975 2206 1090 2241 μασήσει
1103 2204 1215 2241 ἡτροφὴ
1237 2205 1350 2242 διαρῤέῃ
1369 2214 1375 2220 '
1394 2205 1489 2241 ἔμελλε
1501 2205 1565 2241 γὰρ,
1584 2205 1607 2231 εί
1621 2205 1658 2240 μὴ
1674 2204 1756 2237 ὀξέως

135 2256 192 2277 nat.
214 2252 323 2278 deorum
341 2259 350 2278 :
366 2251 516 2277 Bestiarum
526 2255 614 2277 autem
631 2254 740 2277 terrente
764 2253 823 2276 sunt
847 2248 919 2279 alite,

133 2298 234 2332 partim
261 2297 408 2332 aquatiles,
431 2297 493 2324 alia:
512 2297 589 2332 quasi
612 2296 737 2330 ancipites
763 2296 790 2322 in
812 2300 922 2330 utraque

135 2344 198 2371 sede
217 2344 338 2371 viventes.

173 2399 253 2432 lbid.,
277 2401 325 2427 lin.
337 2400 381 2428 25.
401 2401 439 2428 Τὰ
450 2400 484 2427 δὲ
498 2400 635 2431 ζωοτόκιι.
652 2399 779 2432 Basilius,
799 2398 873 2425 hom.
887 2398 920 2426 7:

142 2441 330 2477 Ἐξαγαγέτω
343 2444 379 2470 τὰ
393 2443 488 2469 ὕδατα
498 2441 615 2477 ἑρπετά.
637 2442 681 2468 Ἑν
692 2441 794 2472 τούτοις
804 2442 859 2472 τοῖς
881 2449 924 2475 μι-

136 2488 214 2523 κροῖς
230 2488 333 2522 ῥήμασι
354 2487 379 2514 τί
401 2490 528 2523 παρεῖται
546 2488 638 2522 γένοςς
665 2487 690 2513 τί
717 2487 766 2513 οὐκ
783 2485 923 2521 ἐμπεριεί-

136 2532 238 2568 λητιται
258 2533 296 2568 τῷ
316 2534 505 2569 προστάγματι
529 2534 579 2569 τῆς
601 2532 801 2569 δημιουργίας;
829 2532 866 2559 Οὐ
890 2531 924 2558 τὰ

136 2578 332 2612 ζυιοτοκοῦντα,
350 2577 405 2607 οἷον
429 2580 530 2615 φῶκαι,
546 2581 593 2607 καὶ
611 2579 742 2613 δελφῖνες,
755 2578 802 2605 καὶ
813 2578 923 2613 νάρκαι,

135 2626 187 2653 καὶ
197 2627 231 2653 τὰ
242 2627 323 2662 ὃμοια
336 2627 440 2660 τούτοις
449 2628 484 2654 τὰ
498 2627 598 2663 σελάχη
608 2627 760 2662 λεγόμενα;
774 2626 804 2652 οὐ
819 2624 854 2651 τὰ
875 2624 925 2651 ibo-

134 2674 217 2705 τόκα,
232 2674 304 2711 ἅπερ
315 2675 373 2702 ἐστὶ
386 2674 475 2702 πάντα
489 2674 582 2710 σχεδὸν
601 2673 655 2700 τῶν
671 2672 770 2708 ἰχθύων
789 2671 823 2698 τὰ
837 2671 902 2706 γένη
916 2678 924 2700 ;

135 2719 189 2754 οὐχ
209 2720 260 2746 ὅσα
280 2720 422 2754 φολιδωτὰ,
450 2721 499 2755 οὐχ
526 2718 566 2751 οἷς
580 2720 638 2746 ἐστι
662 2717 807 2754 πτερύγια,
825 2716 872 2744 καὶ
884 2713 925 2747 οἷς

139 2766 179 2800 μή
194 2766 284 2799 sci-rw;

177 2809 255 2844 lbid.,
277 2812 325 2839 lin.
353 2812 398 2839 25.
422 2813 523 2840 Μόνον
533 2811 566 2838 δὲ
582 2809 780 2844 προσέταξεν.
797 2808 923 2839 Basilius,

140 2858 215 2884 hom.
229 2858 243 2883 7
261 2868 266 2885 :
285 2858 465 2893 Ἐξηγίιγέτω
477 2859 510 2885 τὰ
528 2856 748 2890 ῧδίιτίιὲρίτετά.
760 2856 802 2881 Ἐν
820 2854 924 2884 τούτοις

973 2252 1197 2288 κατατεμνομένη
1208 2254 1240 2287 τῇ
1255 2252 1352 2288 γαστρὶ
1363 2252 1567 2287 παρεπέμπετο,
1582 2252 1611 2278 ὲν
1620 2253 1652 2286 τῇ
1662 2251 1757 2277 λεπτο‹

975 2300 1081 2334 ποιήσει
1100 2298 1285 2334 διαφορεῖσθαι
1313 2298 1360 2325 τοῦ
1385 2298 1489 2329 ὓδατος,
1509 2298 1672 2325 Aristoteles
1704 2296 1756 2324 lto?

974 2344 1055 2376 idem,
1065 2351 1115 2372 nec
1128 2343 1251 2378 ejusdem
1268 2351 1380 2371 causam
1391 2343 1511 2370 eamdem
1521 2350 1583 2369 cum
1595 2342 1646 2368 hoc
1661 2345 1749 2368 nostri

974 2394 1086 2418 auctore
1115 2389 1212 2421 reddit,
1239 2389 1287 2416 lib.
1312 2397 1340 2416 ιιι
1364 2388 1399 2416 De
1415 2394 1486 2424 part.
1503 2388 1597 2419 anim.,
1626 2395 1651 2415 c.
1672 2387 1706 2414 i:
1725 2387 1745 2413 Ο

974 2436 995 2462 δ’
1009 2436 1097 2471 ἰχθύες
1110 2435 1210 2467 πάντες
1233 2436 1286 2462 είσὶ
1310 2436 1530 2471 καρχαρόδοντες,
1549 2434 1616 2469 πλὴν
1635 2434 1682 2459 τοῦ
1699 2433 1755 2465 ὲνὸ;

973 2482 1020 2509 τοῦ
1038 2482 1203 2516 καλουμένου
1222 2482 1334 2517 σκάρου.
1355 2481 1449 2507 [Ιολλοὶ
1463 2481 1485 2506 δ’
1498 2480 1587 2515 ἔχουσι
1601 2479 1647 2505 καὶ
1657 2480 1685 2505 ἐν
1698 2480 1758 2509 ταῖς

974 2528 1107 2562 γλώτταις
1120 2527 1228 2558 ὀδόντας
1238 2527 1285 2554 καὶ
1303 2528 1331 2553 ἐν
1344 2528 1399 2558 τοῖς
1412 2527 1545 2562 οὐρανοῖς.
1558 2525 1658 2551 Τούτου
1676 2524 1698 2550 δ’
1715 2523 1757 2550 αῖ-

975 2582 1031 2600 τιον
1045 2574 1085 2600 ὅτι
1099 2573 1245 2607 ἀναγκαῖον
1259 2574 1288 2600 ἐν
1306 2573 1399 2609 ὑγροῖς
1413 2570 1472 2599 οὖσι
1493 2570 1715 2606 παρεισδὲχεσθαι
1727 2569 1756 2596 τᾶ

976 2619 1058 2655 ὑγρὸν
1072 2619 1129 2655 ἃμα
1144 2621 1177 2655 τῇ
1198 2621 1296 2656 τροφῇ,
1320 2619 1366 2645 καὶ
1379 2618 1458 2650 τοῦτο
1473 2617 1578 2652 ταχέως
1594 2616 1757 2651 ἐκπέμπειν.

976 2666 1013 2693 Οὐ
1038 2665 1093 2702 γὰρ
1114 2665 1249 2701 ἐνδέχεται
1278 2665 1431 2696 λεαίνοντας
1458 2663 1604 2697 διατρίϐειν
1624 2670 1632 2676 ·
1657 2661 1757 2696 είσρέει

976 2712 1030 2747 γὰρ
1046 2710 1076 2738 τὸ
1091 2711 1172 2747 ὑγρὸν
1196 2712 1224 2738 ὲν
1248 2712 1281 2746 τῇ
1306 2709 1395 2745 κοιλία
1410 2719 1416 2724 ·
1428 2709 1471 2736 διὰ
1484 2708 1562 2735 τοῦτο
1576 2708 1676 2738 πάντες
1689 2706 1756 2732 εἰσὶν

976 2758 1046 2790 ὀξεῖς
1059 2758 1125 2794 πρὸς
1134 2759 1181 2793 τὴν
1198 2757 1328 2793 διαίρεσιν
1340 2765 1346 2772 ο
1364 2756 1442 2783 πάλιν
1460 2756 1506 2782 καὶ
1522 2753 1623 2786 πολλοὶ,
1634 2755 1680 2782 καὶ
1693 2754 1758 2780 πολ-

976 2806 1057 2841 λαχῆ,
1070 2807 1111 2832 ἵνα
1126 2806 1186 2832 ἀντὶ
1199 2804 1246 2831 τοῦ
1260 2804 1375 2831 λεαίνειν
1383 2805 1422 2836 εἰς
1430 2802 1514 2830 πολλὰ
1526 2802 1709 2838 κερματίζωςι
1719 2801 1757 2834 τῷ

979 2851 1082 2886 πλήθει.
1104 2850 1206 2885 Γαμλᾲοὶ
1225 2850 1251 2876 δί
1267 2851 1309 2877 διὰ
1327 2850 1355 2876 τὺ
1371 2850 1418 2876 vi“;
1436 2849 1519 2882 ἀλκὴν
1538 2849 1628 2880 σχεδον
1649 2847 1754 2873 ἆπαταν

14 3098 1812 3247 ν
