3924 6968
513 303 647 359 879

502 5481 512 5504 ι

493 5633 502 5656 Ι

1885 296 2129 352 LEONIS
2167 293 2441 352 ALLATII

3633 297 3712 356 880

548 425 728 485 αὐτοῖς
757 421 844 474 διὰ
865 420 1070 473 τούτων
1104 413 1262 472 εἶναι.
1315 417 1548 484 Plinius,
1594 416 1690 470 lib.
1740 431 1819 479 XI,
1851 429 1974 487 cap.
2023 415 2112 478 '57,

2219 421 2398 467 autem
2447 411 2519 466 sit
2561 410 2664 465 hoc
2709 407 3042 482 μηρυκάζειν
3090 407 3280 478 Optime
3317 407 3526 479 explicat
3557 408 3715 482 Oppia.

545 530 644 571 sua
671 514 740 568 ab
762 512 1054 567 Aristotele
1086 519 1388 574 mutuatus,
1415 511 1472 565 in
1496 524 1663 565 causa
1689 515 1872 564 tamen
1898 507 2117 562 traden~

543 609 608 663 da
628 609 696 662 ab
718 623 784 662 eo
807 606 1105 676 discrepat,
1123 605 1376 660 convenit
1397 619 1521 657 cum
1543 601 1857 658 Eustatbio.
1885 600 2124 656 Piscium

543 701 782 755 omnibus
809 700 1026 765 serrati,
1049 706 1242 767 prwter
1262 712 1476 751 scarum
1498 710 1517 747 :
1539 695 1660 748 huic
1681 694 1775 748 uni
1803 692 2122 763 aquatilium

539 794 706 864 plani.
735 791 998 848 Cazternm
1017 791 1199 846 multis
1221 808 1402 845 eorum
1433 791 1489 844 in
1511 790 1713 859 lingua,
1731 796 1780 842 et
1816 795 1924 842 toto
1947 802 2037 840 ore
2065 795 2122 839 ut

543 885 701 939 turba
745 885 1023 939 vulnerum
1058 882 1327 951 molliant,
1361 899 1479 954 quoe
1527 881 1720 935 attritu
1751 880 1987 951 subigere
2017 895 2122 932 non

539 988 754 1051 queant.
784 976 972 1031 Multis
997 984 1047 1030 et
1088 977 1143 1029 in
1184 976 1392 1045 palato,
1434 984 1589 1044 atque
1621 975 1782 1027 etiam
1832 973 1887 1026 in
1925 971 2117 1024 cauda.

541 1073 811 1126 Praeterea
832 1071 886 1124 in
921 1087 978 1124 os
1001 1078 1282 1141 vergentes,
1303 1085 1364 1122 ne
1391 1066 1640 1122 excidant
1666 1065 1754 1120 ubi
1784 1064 1993 1119 nullum
2024 1064 2120 1118 ha-

543 1160 780 1215 bentibus
815 1159 1079 1214 retinendi
1109 1157 1518 1213 adminiculum.

610 1341 771 1408 lbid.,
799 1341 893 1395 lin.
923 1340 1010 1393 57.
1047 1335 1386 1407 Μηρυκάζει
1416 1335 1484 1389 δὲ
1517 1333 1698 1388 οὐδὲν
1735 1333 1909 1389 ἄλλο.
1963 1333 2118 1389 Basi-

540 1435 667 1500 lius,
700 1435 848 1488 bom.
884 1432 936 1496 7,
962 1431 1262 1506 Aristot._u
1290 1428 1364 1481 De
1397 1428 1522 1480 hist.
1551 1427 1742 1486 anim.,
1787 1440 1909 1495 cap.
1949 1425 2038 1488 l7,
2065 1433 2120 1479 et

539 1530 636 1584 lib.
661 1544 780 1594 νιιι,
812 1542 934 1597 cap.
970 1525 1026 1580 2.
1053 1525 1220 1587 ldem,
1253 1539 1312 1579 tu
1345 1523 1422 1577 De
1444 1531 1583 1591 part.
1616 1521 1865 1583 animal.,
1899 1534 2022 1590 cap.
2048 1520 2118 1574 M

538 1631 594 1678 et
616 1622 765 1676 alibi.
794 1619 1028 1683 Plinius,
1061 1619 1153 1673 lib.
1189 1634 1264 1683 ix,
1291 1632 1413 1687 cap.
1444 1616 1504 1670 l7
1544 1634 1555 1670 :
1587 1613 1748 1670 Solus
1781 1614 2006 1683 piscium
2033 1613 2118 1668 di-

537 1717 675 1769 citur
713 1713 1002 1778 ruminare,
1038 1710 1310 1781 herbisque
1351 1710 1508 1774 vesci,
1541 1725 1647 1762 non
1696 1707 1820 1760 aliis
1858 1707 2112 1776 piscibus,

515 1809 674 1862 mari
695 1804 985 1875 Carpathio
1010 1804 1237 1857 maxime
1265 1802 1532 1872 frequens.
1565 1799 1681 1856 Etsi
1712 1799 1892 1856 Herus
1917 1800 2112 1871 Apollo
2146 1793 2186 1848 Β

535 1901 696 1954 aliter
725 1897 948 1960 sentiat,
996 1895 1073 1950 ait
1111 1896 1259 1950 enim
1316 1894 1462 1948 hunc
1515 1909 1704 1950 omnes
1751 1903 2112 1949 occursantes

535 1991 832 2065 pisciculos
885 1989 1165 2044 devorare.
1215 1983 1382 2051 Οὗτος
1433 1987 1542 2059 γὰρ
1577 1988 1737 2059 μόνος
1765 1986 1876 2040 τῶν
1913 1985 2113 2058 ἰχθύων

536 2087 852 2159 μηρυκᾶται
909 2085 1005 2137 καὶ
1058 2083 1235 2136 πάντα
1294 2081 1364 2136 τὰ
1427 2081 1836 2152 προσπίπτοντα
1891 2080 2104 2151 ἰχθύδια

533 2181 724 2235 ἐσθίει.
750 2177 886 2234 Vide
918 2176 1198 2232 [Elianum
1217 2174 1292 2229 De
1310 2175 1498 2232 histor.
1537 2176 1728 2240 anim.,
1761 2175 1858 2229 lib.
1898 2190 1938 2240 ι,
1969 2189 2019 2228 c.
2054 2173 2110 2238 2,

532 2274 632 2330 lib.
686 2288 750 2334 ιι,
804 2286 924 2340 cap.
961 2269 1055 2332 54,
1101 2268 1199 2323 lib.
1248 2283 1347 2332 xu,
1408 2283 1531 2338 cap.
1582 2267 1689 2336 42;
1758 2267 2112 2322 Ambrosium

539 2367 793 2422 Hexaem.
836 2363 933 2418 lib.
984 2378 1038 2426 v,
1073 2376 1193 2431 cap.
1220 2360 1286 2426 5;
1333 2360 1651 2415 Athenaeum
1701 2359 1795 2415 lib.
1847 2375 1958 2426 vu;
1999 2357 2114 2412 Ma-

533 2459 804 2521 crobium,
863 2471 924 2509 ιιι
958 2453 1204 2517 Saturn.,
1254 2468 1376 2523 cap.
1421 2451 1522 2518 16;
1581 2451 1824 2506 Isidorus
1869 2451 1966 2507 lib.
2008 2465 2108 2515 xu,

531 2571 654 2624 cap.
673 2553 727 2616 6,
744 2565 996 2606 escarum
1015 2558 1172 2604 vocat
1190 2545 1468 2610 :Escarus,
1491 2543 1688 2614 inquit,
1707 2543 1878 2596 dictus
1896 2559 1955 2596 eo
1973 2541 2110 2613 quod

533 2647 677 2702 solus
708 2661 881 2699 escam
927 2643 1196 2695 ruminarc
1233 2639 1552 2709 perhibetur.
1588 2636 1824 2706 Denique
1877 2635 1976 2688 alii
2020 2635 2108 2704 pio

532 2756 642 2795 sces
675 2755 777 2791 non
799 2737 1089 2789 ruminant.
1124 2733 1271 2787 ldem
1325 2739 1506 2784 tamen
1543 2728 1791 2784 scribunt
1838 2726 2008 2781 Arist.
2054 2742 2110 2780 Ix

533 2831 679 2885 Ilist.
709 2828 898 2889 anim,
935 2841 1056 2896 cap.
1092 2825 1217 2885 ult.,
1248 2823 1315 2878 de
1341 2823 1578 2892 quodam
1609 2820 1780 2892 pisce,
1808 2820 1900 2890 qui
1933 2819 2109 2891 μήρυξ

530 2928 780 2982 vocatur,
811 2918 903 2990 qui
933 2932 999 2971 an
1025 2932 1170 2972 unus
1211 2929 1336 2968 cum
1365 2928 1526 2969 scaro
1562 2928 1672 2967 non
1711 2918 1797 2968 est
1825 2911 2109 2981 praesentis

531 3015 754 3086 negotii.
807 3011 943 3066 lllud
983 3025 1117 3066 sane
1163 3007 1458 3063 ridiculum
1511 3013 1616 3070 est,
1647 3020 1676 3058 a
1711 2991 2106 3068 Rittershusio,

533 3123 740 3163 murem
759 3105 1034 3177 ponticam
1049 3104 1192 3157 inter
1211 3102 1392 3172 pisces
1410 3098 1918 3154 adnumerarinotis
1938 3098 1993 3152 in
2006 3097 2108 3169 Op—
2135 3137 2178 3196 ο

529 3201 680 3272 piari.
709 3199 953 3252 Ἁλιευτ.
975 3196 1010 3249 1.
1030 3211 1067 3259 ι,
1094 3209 1239 3248 vers.
1260 3193 1360 3246 154
1383 3235 1398 3259 ,
1421 3190 1731 3247 Aristotelis
1761 3191 1942 3247 verbis
1968 3191 2110 3246 male

533 3293 823 3351 intellectis
850 3291 1096 3359 decepto.
1121 3287 1274 3343 Dicto
1295 3287 1441 3343 enim
1484 3285 1605 3339 loco
1642 3284 1717 3338 ait
1758 3283 2111 3338 Aristoteles:

533 3397 819 3459 postquam
865 3382 1320 3439 determinaverat
1353 3378 1609 3432 animalia
1629 3417 1643 3441 ,
1673 3391 1794 3448 quae
1834 3375 2117 3446 superiore

531 3478 724 3533 ordine
793 3475 1038 3544 dentium
1093 3479 1316 3537 carent,
1353 3470 1632 3524 ruminare
1657 3475 1715 3522 ut
1753 3468 1939 3530 boves,
1961 3483 2112 3533 oves,

530 3583 710 3638 caprae
769 3574 824 3623 et
883 3567 1010 3631 alia,
1039 3563 1267 3619 dubium
1320 3560 1502 3616 adhuc
1555 3559 1891 3624 remanebat,
1938 3573 2010 3614 an
2047 3574 2114 3614 ex

531 3661 769 3718 dentatis
812 3660 1071 3729 utrinque
1093 3659 1164 3712 sit
1197 3655 1400 3711 animal
1445 3653 1667 3724 aliquod
1709 3653 2018 3717 ruminans,
2062 3661 2117 3708 et

531 3750 912 3824 respondendo
940 3751 1016 3803 ait
1039 3763 1161 3804 esse
1182 3747 1468 3811 nonnulla,
1496 3753 1555 3800 ut
1579 3760 1764 3800 mures
1797 3743 2038 3808 Pontici,
2062 3753 2116 3801 et

529 3848 732 3917 pisces,
773 3853 827 3900 ct
877 3843 970 3915 qui
1004 3844 1074 3898 ob
1118 3858 1238 3898 eam
1293 3856 1408 3896 rem
1455 3838 1744 3894 ruminalis
1799 3853 1830 3892 a
1885 3838 2115 3908 quibus-

531 3941 656 3995 dam
692 3937 1013 4007 appellatur.
1049 3933 1126 3989 lta
1157 3933 1301 3989 enim
1334 3933 1488 3986 locus
1529 3929 1618 3985 ille
1653 3928 1950 3985 vertendus
1973 3937 2113 3995 erat,

531 4031 924 4104 Μηρυκαζουσι
944 4029 1000 4082 δὲ
1023 4028 1116 4082 καὶ
1140 4026 1248 4080 τῶν
1278 4025 1627 4097 ἀμφοδόντων
1658 4023 1794 4089 ἔνια,
1813 4024 1867 4078 οἵ
1897 4040 1956 4076 τε
1985 4023 2117 4094 μύες

530 4127 578 4178 οἱ
607 4124 877 4200 Ιιοντικοὶ,
902 4122 996 4176 καὶ
1026 4122 1076 4174 οἱ
1116 4120 1317 4192 ἰχθύες,
1347 4119 1442 4172 καὶ
1466 4118 1524 4171 ὃν
1558 4117 1813 4172 καλοῦσιν
1849 4116 1979 4171 ἔνιοι
2009 4116 2117 4170 ἀπὸ

530 4213 623 4268 τοῦ
654 4214 813 4286 ἔργου
842 4210 1245 4285 Μήριικα.ρυω
1271 4209 1457 4271 verba,
1485 4206 1738 4278 quamvis
1767 4207 1841 4260 ita
1866 4206 2117 4276 legantur

531 4310 601 4363 ab
637 4309 914 4370 omnibus,
961 4312 1220 4373 corrupta
1253 4316 1376 4357 csse
1409 4300 1634 4354 minime
1673 4297 1994 4360 dubitarim,
2029 4296 2114 4351 vel

532 4410 681 4457 certe
711 4399 1020 4453 Aristotelis
1063 4395 1298 4450 maxima
1326 4389 1826 4460 deprehenderetur
1871 4389 2111 4443 inscitia.

2224 521 2353 572 nus,
2403 503 2722 560 Ἁλιευτικ.
2757 521 2769 558 I
2810 521 2824 556 :

2224 620 2333 676 Kal
2382 619 2638 692 σκάρον,
2685 622 2754 690 ὃς
2811 621 2888 690 δὴ
2925 617 3149 688 μοῦνος
3191 617 3257 670 ὲν
3298 617 3518 705 ὶσχθύσι
3571 617 3716 705 πῇςιν

2224 772 2540 843 Φθέγγεται
2590 763 2884 837 ὶκμαλέην
2933 757 3228 828 datariam
3262 757 3352 810 καὶ
3395 687 3718 898 μυξῖνοῗῖᾷὲ

3629 848 3712 898 ,ην

2227 915 2532 984 Ἀψοῤῥον
2585 908 2868 984 προΐησιν
2913 900 3031 984 dicit
3074 901 3261 984 στρμα
3281 899 3560 984 ,δεύτεροη
3589 895 3720 967 αὖθις

2222 967 2911 1055 Α’ἆῖνῦᾗενοςάιήλοισιν
2933 967 3248 1029 ἀναπτύὼν
3280 971 3377 1022 ἶσα
3399 967 3612 1038 ςεορόήν.

2224 1077 2289 1132 Ει
2323 1076 2576 1132 Ᾱίιίίιιιιιε
2617 1070 2784 1126 Suida
2819 1070 3042 1131 citante,
3075 1065 3245 1127 Μόνος
3278 1063 3305 1114 ὁ
3340 1061 3596 1125 Θαλάσσιος
3622 1063 3722 1116 σκά-

2226 1187 2317 1241 ρος
2350 1167 2446 1239 τὴν
2473 1163 2678 1239 τροφὴν
2713 1160 2973 1216 ἁναπολεῖ
3028 1158 3214 1227 ὥσπερ
3262 1154 3352 1208 καὶ
3387 1152 3449 1205 τὰ
3493 1152 3720 1224 βλήχοντα,

2221 1263 2257 1317 ἆ
2288 1263 2353 1333 δὴ
2377 1262 2712 1334 μηρυκᾶται.
2733 1255 2908 1322 Hujus
2931 1251 3173 1308 nominis
3201 1247 3518 1320 ignoratione
3539 1249 3724 1302 maxime

2222 1356 2590 1410 ballucinatus
2610 1359 2695 1408 est
2723 1350 2913 1405 Billius
2929 1347 2984 1402 in
2999 1345 3247 1402 versione
3271 1343 3470 1397 illorum
3496 1340 3722 1395 verborum

2221 1447 2413 1505 lsidori
2445 1447 2737 1502 Pelusiotae
2783 1444 2908 1498 libr.
2942 1455 3006 1506 ιι,
3039 1438 3200 1509 epist.
3234 1436 3332 1490 119
3354 1433 3492 1488 εΤῶν
3521 1431 3645 1498 ζώων
3675 1432 3726 1485 τὰ

2223 1544 2320 1613 μὲν
2351 1537 2780 1612 διαμασσώμενα
2819 1535 2917 1606 τὴν
2951 1530 3162 1604 τροφὴν
3192 1528 3463 1594 ζωοτοκεῖ,
3493 1526 3553 1579 τὰ
3579 1525 3626 1578 δὲ
3653 1543 3724 1577 xa-

2219 1634 2510 1689 ταπίνοντα
2541 1631 2788 1686 ὼοτοκεῖ.
2826 1625 2918 1682 Sic
2959 1626 3108 1682 enim
3155 1623 3352 1678 vertit:
3381 1618 3458 1674 EI
3491 1620 3723 1673 animanti-

2219 1727 2314 1782 bus
2339 1743 2412 1782 ea:
2433 1741 2552 1798 qua:
2583 1722 2758 1778 cibum
2790 1719 3087 1782 ruminant,
3120 1715 3371 1770 animalia
3397 1714 3618 1782 pariunt;
3638 1728 3723 1782 qua

2217 1830 2392 1875 autem
2426 1818 2628 1883 bibunt,
2655 1833 2752 1871 ova
2776 1809 3364 1884 procreant.Multiplex
3394 1805 3720 1868 ballucinatio:

2215 1915 2402 1984 plures
2456 1913 2761 1966 animantes
2821 1915 2950 1963 sunt
2989 1904 3252 1974 viviparaa
3275 1915 3429 1972 quam
3463 1913 3568 1969 quae
3594 1896 3724 1951 rumi-

2216 2015 2368 2062 nant.
2403 2005 2461 2060 Si
2523 2018 2715 2059 omnes
2767 2015 2889 2072 qua:
2949 1999 3151 2054 bibunt
3213 1995 3501 2049 animantes
3543 1989 3725 2059 ovipara

2215 2109 2367 2166 sunt,
2416 2107 2471 2154 et
2499 2111 2681 2152 vacca:
2727 2093 2916 2165 igitur,
2946 2099 3001 2148 et
3053 2088 3209 2160 equi,
3238 2096 3290 2143 et
3315 2100 3456 2152 oves,
3478 2091 3592 2146 etc.;
3619 2081 3724 2134 aliud

2214 2204 2300 2251 est
2324 2188 2728 2263 διαμασσᾶσθαι
2759 2186 2860 2258 τὴν
2901 2184 3143 2257 τροφήν,
3172 2179 3315 2235 aliud
3348 2178 3590 2251 μηρυκᾷν,
3617 2171 3726 2228 aliud

2214 2286 2526 2344 masticare,
2561 2279 2710 2335 aliud
2751 2279 3052 2341 ruminare,
3093 2273 3240 2329 aliud
3287 2271 3470 2334 πίνειν,
3504 2265 3628 2322 aliud
3656 2283 3727 2318 κα-

2212 2375 2459 2431 ταπίνειν
2491 2411 2506 2436 ,
2557 2370 2693 2425 illud
2759 2369 2948 2424 bibere
2998 2363 3314 2437 signiﬁcat,
3358 2361 3456 2416 hoc
3498 2357 3724 2430 deglutire.

2213 2470 2394 2536 Quare
2428 2467 2632 2536 optime
2665 2461 3056 2518 animadvertit
3112 2461 3171 2515 in
3219 2455 3459 2512 eumdem
3492 2453 3660 2512 locum,
3689 2455 3727 2502 et

2212 2557 2376 2613 vertit
2426 2551 2838 2609 Rittershusius
2874 2549 3293 2605 :Animantium
3349 2561 3409 2599 ea
3458 2558 3560 2614 qua:
3599 2539 3727 2594 cibum

2213 2650 2519 2714 masticant,
2545 2656 2701 2717 atque
2730 2645 3100 2700 comminuunt
3129 2642 3372 2711 viuiparaa
3386 2646 3517 2703 sunt,
3531 2650 3627 2706 qua:
3642 2647 3727 2687 vero

2210 2742 2504 2814 deglutiunt
2553 2741 2839 2810 integrum,
2865 2738 3132 2806 ouiparae.
3162 2734 3239 2790 De
3286 2729 3618 2787 ruminatione
3641 2725 3727 2781 ani-

2211 2834 2434 2888 malium
2498 2833 2669 2887 multa
2725 2829 3007 2886 adnotavit
3063 2827 3383 2898 Hieronym.
3417 2821 3724 2881 Mercurialis,

2212 2923 2335 2978 libr.
2385 2941 2417 2978 v
2457 2921 2671 2976 Variar.
2724 2921 3027 2986 lectionum,
3081 2934 3208 2990 cap.
3257 2917 3344 2982 i3,
3385 2924 3437 2970 et
3478 2914 3627 2969 tribus
3664 2925 3728 2966 se-

2209 3019 2406 3084 quent.

2281 3103 2417 3159 Ibid.
2459 3104 2558 3158 lin.
2616 3102 2704 3157 58.
2765 3102 2942 3155 Ἐστι
2979 3099 3048 3154 δὲ
3085 3100 3189 3155 καὶ
3222 3102 3260 3168 ἠ
3293 3095 3494 3168 τροφή,
3523 3093 3725 3155 Basilius,

2217 3196 2365 3251 hom.
2409 3196 2439 3248 7
2467 3215 2479 3250 :
2506 3195 2694 3267 Τροφὴ
2739 3193 2796 3246 δὲ
2845 3191 3041 3263 ἰχθύων
3074 3193 3258 3256 ἄλλοις
3287 3191 3415 3261 ἄλλη
3460 3187 3581 3243 κατὰ
3613 3184 3730 3253 γένος

2217 3290 2571 3363 διωρισμένη.
2613 3290 2678 3343 Ol
2739 3289 2837 3359 μὲν
2883 3286 2992 3358 γὰρ
3023 3285 3138 3339 ἰλύῖ
3162 3287 3465 3358 τρέφονται,
3496 3281 3540 3333 οἱ
3571 3278 3618 3332 δὲ
3647 3277 3729 3336 τοῖς

2218 3383 2452 3455 φυκίοις,
2491 3381 2637 3437 ἄλλοι
2670 3380 2728 3434 δὲ
2768 3383 2890 3444 ταῖς
2920 3379 3181 3451 βοτάναις
3223 3382 3343 3442 ταῖς
3382 3371 3729 3448 ἐντρεφομὲναις

2216 3476 2293 3548 τῷ
2320 3476 2470 3530 ὕδατι
2503 3473 2817 3547 ἀρκοῦνται.
2861 3473 3263 3546 Ἀλληλοφάγοι
3300 3473 3356 3526 δὲ
3384 3470 3489 3524 τῶν
3520 3465 3677 3538 ἰχθύων
3697 3461 3732 3513 οἱ

2218 3569 2485 3622 πλεῖστοι*
2511 3567 2604 3621 καὶ
2627 3567 2656 3620 ὁ
2687 3567 3008 3639 μικρότερος
3032 3567 3176 3639 παρ’
3198 3565 3424 3627 ἐκείνοις
3461 3559 3631 3634 βρῶμά
3648 3559 3732 3609 ἐστι

2215 3663 2311 3718 τοῦ
2339 3663 2598 3735 μείζονος.
2623 3661 2740 3716 Κᾶν
2765 3677 2895 3713 ποτε
2922 3659 3101 3731 συμϐῇ
3136 3659 3231 3713 τὸν
3255 3657 3346 3711 τοῦ
3372 3657 3616 3714 ἐλάττονος
3634 3662 3732 3720 κρα-

2216 3757 2459 3828 τήσαντα
2517 3753 2704 3825 ἐτέρου
2754 3750 3008 3822 γενέσθαι
3068 3751 3324 3824 θήραμα,
3373 3747 3470 3802 ὑπὸ
3513 3745 3598 3818 τὴν
3641 3739 3734 3812 μίαν

2217 3847 2438 3918 ἄγονται
2494 3845 2736 3917 γαστέρα
2759 3844 2854 3899 τοῦ
2891 3845 3234 3898 τελευταίου.
3265 3843 3339 3900 De
3366 3840 3576 3913 piscium
3608 3845 3730 3906 gene-

2217 3939 2391 4001 ribus,
2445 3935 2788 4001 diﬂ‘erentiis,
2839 3935 3302 4006 proprietatibus,
3329 3951 3392 3990 ac
3437 3933 3578 3996 cibis,
3617 3928 3732 3998 plura

2217 4027 2561 4092 Aristoteles,
2608 4025 2842 4091 Plinius,
2877 4025 3156 4094 Elianus,
3181 4027 3464 4084 Conradus
3492 4025 3729 4082 Gesnerust

2218 4120 2458 4176 Achilles
2487 4119 2900 4184 Aldrovandus,
2931 4126 2986 4177 et
3015 4120 3134 4175 alii.

2289 4212 2452 4280 lbid.,
2485 4215 2584 4270 lin.
2616 4215 2705 4269 42.
2755 4215 2808 4267 '0
2844 4215 3032 4284 πρίων
3061 4213 3384 4286 πτέρυγας.
3428 4211 3543 4268 Haec
3588 4205 3730 4264 eadem

2219 4307 2294 4362 ita
2321 4318 2508 4363 narrat
2542 4306 2738 4363 Petrus
2768 4307 3090 4372 Damianus,
3129 4309 3228 4365 lib.
3262 4326 3323 4374 ιι,
3354 4307 3503 4379 epist.
3533 4298 3733 4358 l8:Sct-

2218 4416 2303 4465 ra,
2334 4400 2544 4454 marina
2575 4399 2774 4454 scilicet
2801 4398 2998 4464 bellua,
3029 4417 3152 4471 qum
3195 4418 3316 4455 cum
3347 4399 3566 4469 prolixus
3589 4390 3730 4444 habet“

532 4493 816 4563 Quomodo
865 4491 1008 4547 enim
1061 4490 1238 4559 pisces
1291 4485 1594 4547 ruminant,
1646 4499 1769 4538 cunt
1824 4481 1965 4537 inter
2017 4496 2112 4538 eos
2146 4483 2189 4538 D
2217 4508 2435 4561 pennas,
2486 4503 2696 4545 morem
2731 4491 2917 4546 videri;
2960 4509 3144 4547 navem
3190 4493 3544 4563 veliﬁcantem,
3573 4487 3732 4541 alarum

533 4590 685 4645 solus
732 4600 926 4642 scarus
975 4583 1029 4637 id
1068 4580 1255 4635 faciat.
1289 4577 1356 4632 Et
1387 4578 1432 4633 si
1462 4578 1566 4632 iste
1601 4576 1779 4648 μήρυξ
1807 4576 1974 4647 piscis
2006 4581 2111 4640 est,

521 4697 656 4736 cum
693 4680 835 4734 inter
866 4678 1045 4747 pisces
1095 4673 1410 4728 includatur
1461 4670 1661 4724 frustra
1721 4669 1777 4721 lit
1808 4668 1930 4736 ejus
1963 4683 2116 4722 men-

531 4776 642 4840 tio;
678 4773 725 4827 si
786 4787 894 4825 non
950 4767 1141 4839 piscis,
1189 4780 1361 4836 quare
1422 4764 1671 4817 muribus
1716 4760 1960 4816 Ponticis
2004 4775 2115 4814 non

533 4865 838 4934 conjunxit.
882 4860 989 4917 Sed
1046 4863 1293 4917 sinamus
1348 4858 1483 4912 lucc.
1511 4856 1674 4910 Certe
1709 4871 1774 4910 ex
1807 4855 1891 4910 his
1931 4854 2114 4909 verbis

531 4972 810 5028 nunquam
845 4969 1056 5009 murem
1097 4951 1382 5007 Ponticum
1415 4966 1537 5006 esse
1567 4950 1773 5020 piscem
1806 4948 2114 5019 deprehen-

531 5051 746 5113 demus,
768 5061 894 5100 cum
924 5060 1049 5099 eum
1079 5043 1403 5098 Aristoteles
1437 5057 1466 5094 a
1499 5041 1743 5110 piscibus
1775 5047 2109 5109 separatum,

457 5190 464 5218 τ
527 5152 584 5198 et
617 5150 874 5210 tanquam
901 5137 1030 5208 quid
1071 5135 1346 5190 diversum
1375 5135 1442 5188 ab
1475 5134 1584 5186 illis
1616 5134 1670 5186 in
1699 5131 1938 5187 Historia
1973 5133 2114 5186 refe-

492 5237 635 5287 "rat.
678 5232 946 5287 Praeterea
993 5229 1313 5283 Aristoteles
1369 5226 1493 5280 libr.
1525 5240 1620 5278 vni
1652 5224 1731 5278 De
1763 5225 1950 5278 histor.
1995 5223 2114 5276 ani-

506 5289 688 5396 ζωαί..
719 5327 880 5396 capit.
919 5325 1006 5388 17,
1045 5322 1234 5378 scribit
1289 5335 1498 5375 murem
1552 5317 1842 5373 Ponticum
1903 5300 2109 5380 album,

505 5386 694 5487 isicuti
717 5426 769 5472 et
789 5386 956 5487 iglires
986 5386 1041 5469 in
1068 5412 1361 5468 arboribus
1391 5410 1645 5467 conditos
1671 5411 1887 5465 latitare
1908 5409 2106 5464 hieme.

531 5507 830 5562 Conﬁrmat
873 5507 1082 5563 Plinius
1121 5505 1247 5560 libr.
1286 5520 1404 5568 vui,
1446 5504 1615 5575 capit.
1647 5503 1752 5569 37;
1779 5509 1833 5558 et
1857 5501 2110 5590 IElianus

532 5543 830 5562 νυν-...παι
873 5543 893 5560 .
918 5543 1082 5563 ...ιιυο
1294 5543 1404 5568 ....,
1446 5543 1615 5575 ναν...
1647 5543 1710 5557 υ.
1738 5546 1752 5569 ,
1780 5543 1833 5558 ι.
1857 5543 2109 5557 .............

496 5543 611 5662 iDe
655 5599 840 5655 histor.
888 5598 1107 5654 animal.
1143 5599 1266 5654 libr.
1320 5615 1395 5661 vr,
1453 5597 1618 5666 capit.
1659 5596 1749 5660 Η,
1787 5596 1840 5651 in
1869 5577 2109 5650 montem

531 5706 684 5748 more
722 5691 992 5745 exercitus
1027 5688 1143 5742 acie
1169 5689 1435 5743 instructa
1467 5687 1731 5744 decedere
1773 5696 1963 5742 narrat
1989 5703 2111 5757 qua:

529 5785 713 5843 nullus
752 5781 818 5840 de
861 5781 1130 5858 piscibus,
1159 5781 1266 5838 nisi
1310 5782 1590 5840 somnians
1620 5780 1930 5840 allirmaret.
1965 5781 2108 5848 Quid

2216 4593 2266 4638 et
2296 4585 2411 4653 ipsa
2459 4585 2748 4654 pra’cincta
2786 4585 3018 4656 remigiis
3057 4586 3330 4640 contendit
3373 4583 3608 4652 veli/itare
3647 4579 3732 4643 P9“

2218 4695 2420 4732 navem.
2455 4676 2558 4732 Sed
2589 4679 2674 4732 vix
2705 4694 2795 4746 per
2826 4678 3187 4750 quadraginta
3211 4679 3391 4734 stadia
3425 4680 3473 4733 in
3504 4674 3636 4744 hujus
3651 4681 3733 4721 cer-

2219 4771 2430 4824 taminis
2463 4770 2640 4824 labore
2673 4771 2961 4837 persistens
2995 4765 3208 4841 deﬁcit,
3239 4784 3289 4828 et
3326 4775 3402 4828 sic
3436 4771 3616 4838 defessa
3645 4760 3731 4814 alas

2217 4861 2353 4915 inter
2403 4861 2719 4916 discrimina
2773 4865 2982 4916 marina
3031 4863 3266 4931 deponit,
3298 4865 3460 4933 [luctu
3499 4863 3731 4925 itaquw‘

2215 4954 2358 5008 laute
2417 4933 2774 5024 compellitur,
2806 4965 2855 5009 et
2902 4955 2970 5009 ad
3003 4957 3174 5008 locum
3207 4956 3346 5010 unde
3383 4954 3637 5022 remigrare
3655 4958 3731 4997 caeo

2214 5056 2384 5117 perat,
2438 5048 2632 5107 iterum
2692 5046 2970 5102 relabitur.
3031 5047 3210 5106 Serra;
3243 5049 3412 5118 piscis
3457 5039 3667 5100 meminit
3689 5042 3730 5088 et

2214 5138 2424 5194 Plinius
2487 5139 2611 5193 libr.
2668 5155 2816 5194 x-xxu
2854 5138 3052 5194 Natur.
3085 5139 3302 5203 histor.,
3356 5138 3514 5209 capit.
3553 5133 3623 5188 ll.
3650 5124 3728 5182 Sed

2214 5231 2440 5285 dubium
2469 5241 2575 5295 est,
2609 5246 2676 5284 an
2704 5231 2770 5286 de
2799 5231 2901 5286 hoc
2930 5231 3220 5302 intelligat,
3253 5247 3378 5286 cum
3410 5245 3503 5285 nec
3532 5227 3579 5282 in
3599 5218 3728 5291 expli‘

2214 5323 2390 5378 cauda
2423 5339 2588 5380 serrae
2620 5323 2789 5394 piscis
2821 5333 3020 5379 natura
3047 5326 3380 5381 conveniant
3413 5331 3652 5378 auctores.

2283 5415 2444 5480 lbid.,
2480 5416 2578 5470 litt.
2612 5417 2698 5472 50.
2738 5418 2807 5472 Td
2839 5417 2909 5472 δὲ
2957 5418 3138 5486 κῆτος
3165 5419 3196 5472 ὃ
3231 5418 3488 5473 καλεῖται
3513 5412 3626 5484 μέν.
3648 5406 3728 5460 Ba-

2213 5507 2391 5570 silius,
2419 5506 2564 5561 hom.
2597 5507 2627 5560 7
2661 5525 2674 5561 ε
2721 5507 2856 5560 Ἀλλ’
2885 5508 3071 5580 ἐπειδὴ
3102 5511 3215 5571 τοῖς
3242 5506 3509 5578 μεγίστοις
3529 5503 3654 5570 ὄρεσι
3672 5490 3732 5560 τῷ

2211 5599 2358 5671 ὄγκῳ
2389 5599 2482 5653 τοῦ
2524 5599 2772 5672 σώματος
2804 5599 3184 5672 παρισὰξεται,
3207 5601 3315 5670 ἆγε
3342 5599 3431 5653 καί
3449 5598 3608 5667 νήσων
3631 5585 3734 5641 πολ-

2211 5691 2368 5755 λάκις
2419 5693 2715 5762 φαντασίαν
2769 5694 3086 5764 παρέχεται,
3126 5692 3342 5747 ἐπειδάν
3381 5705 3500 5742 ποτε
3548 5683 3628 5737 ἐπὶ
3655 5677 3734 5746 τὴν

2211 5783 2385 5856 ἄκραν
2440 5784 2758 5855 ἐπιφάνειαν
2805 5785 2899 5839 τοῦ
2932 5785 3146 5859 ,ὓδατος
3200 5783 3538 5853 ἁνανήχηται·
3589 5768 3734 5827 ταῦτα
