1962 3484
141 93 193 124 εει

656 96 690 123 IN
711 97 900 126 EUSTATHII
914 94 1151 125 HEXAEMERON
1171 94 1284 123 ΝΟἸἈΕ.

1719 90 1787 118 882ι

142 152 246 188 μέντοι,
264 151 415 188 τηλικαῦτα
434 152 509 183 avra,
529 154 558 179 οὑ
577 153 641 189 περὶ
660 154 757 187 ἀκτὰς,
786 155 846 182 οὐδὲ
872 154 935 190 περὶ
950 161 971 188 Α
987 152 1095 188 χωρίοις
1125 151 1183 187 μεθ’
1206 152 1302 188 ἡδονῆς
1325 142 1547 187 διαοαλπόμενον,
1560 149 1607 177 καί
1631 149 1698 185 πρὸς
1722 149 1772 184 τὴν

139 198 280 232 αἰγιαλοὺς
297 198 441 232 διατρίόει,
462 198 529 226 ἀλλὰ
546 199 577 226 τὸ
596 199 768 227 Ἀτλαντικὸν
787 200 931 236 λεγόμενον

139 244 259 278 πέλαγος
284 245 393 271 ἐνοικεῖ.
425 244 522 273 Petrus
546 245 707 279 Damianus,
723 247 771 274 lib.
796 255 826 279 ιι,
847 247 929 282 epist.

140 290 176 317 18
191 299 198 317 :
211 289 288 317 Ceius
310 294 336 316 et
356 289 401 317 ille
423 291 542 318 marinus
558 292 632 319 nobis
650 292 677 319 in
694 293 846 320 memoriam
858 302 930 321 revo-

138 339 216 362 catur
229 342 239 361 :
256 335 300 369 qui
316 336 442 362 nimirum
464 344 542 371 super
565 345 670 365 enorme
691 346 785 373 corpus
807 338 930 367 sabulum

136 386 238 415 portat,
255 389 286 408 ac
301 386 373 417 terga
388 390 437 409 sua
451 390 530 417 super
554 384 639 411 undas
658 385 749 416 elevat.
766 390 794 411 ut
804 389 929 421 tauquam

135 426 228 453 insula
239 427 334 461 ﬂuctus
343 428 458 455 marinos
470 429 589 457 excedat.
604 430 679 457 Hanc
690 431 930 465 igiturincunetan-

136 477 178 499 ter
187 474 301 500 insulam
308 482 364 501 esse
373 474 505 503 credentes
517 477 637 512 remiges,
650 478 794 512 applicant,
811 479 927 514 paxillo:

138 519 234 554 figunt,
248 521 333 547 navim
342 521 450 554 sistunt,
460 522 532 557 foros
545 523 697 556 instruunt;
707 524 752 551 sed
762 525 849 552 bellua
866 534 928 553 mox

134 570 165 592 ut
181 566 251 600 ignis
261 568 338 594 sentit
351 568 483 600 ardorem,
496 569 568 597 illico
578 571 705 605 mergitur
719 571 746 598 in
755 572 926 606 profundum,

133 618 160 639 et
180 621 271 641 navem
294 615 375 642 simul
394 623 425 642 ac
441 621 539 643 nautas
557 621 632 643 vorat
650 618 732 651 ferale
744 619 924 655 naufragium.

135 657 209 686 Nam
224 665 249 687 et
271 659 405 688 Gerardus
428 666 517 688 noster
542 661 814 691 videlicetmonacltus
836 665 926 691 retulit

133 705 163 732 in
180 704 355 734 Normandite
370 707 505 736 littoribus
529 714 634 744 captam
648 717 675 736 se
687 709 782 737 vidisse
793 710 925 738 baltenam

133 750 167 778 de
179 752 255 786 cujus
272 753 368 788 lingua:
383 755 507 781 carnibus
518 756 718 790 quatuordecim
735 757 848 791 agmarii
862 762 925 784 sunt

134 804 189 823 non
210 797 300 825 leviter
322 799 434 827 onerati.
462 798 578 832 Plinius,
600 800 647 828 lib.
669 809 756 834 xuii,
783 803 866 838 capit.
885 803 897 830 1
915 812 922 830 :

133 841 213 870 Catos
226 848 406 871 sexcentarum
419 845 514 879 pedum
530 846 702 882 longitudinis
714 853 738 875 et
751 853 924 876 trecentorum

132 889 273 924 sexaginta
304 890 453 918 latitudinis
481 892 509 919 in
535 892 634 927 [lumen
662 893 770 922 Arabiae
792 895 923 931 intrasse,

131 935 274 970 pinguique
284 935 341 971 ejus
352 938 535 972 negotiatores,
548 944 573 966 et
591 940 709 967 omnium
724 941 836 975 piscium
848 942 925 977 adipe

130 979 248 1007 camelos
261 980 403 1016 perungere
418 982 445 1008 in
458 990 488 1009 eo
503 983 567 1016 situ,
580 988 609 1010 ut
628 984 711 1012 asilos
726 985 759 1012 ab
773 986 814 1014 his
833 987 923 1022 fugent

128 1025 222 1052 odore.
267 1025 304 1054 De
329 1032 450 1055 cetorum
478 1030 634 1064 generibus,
648 1036 675 1058 et
702 1040 795 1059 eorum
817 1035 923 1062 naturis

127 1075 158 1098 et
175 1071 341 1106 proprietate
364 1072 503 1108 Eliauus,
530 1075 631 1110 lib..n,
647 1076 686 1104 De
709 1079 803 1106 histor.
827 1080 921 1114 anim.,

127 1124 193 1152 cap.
210 1117 259 1151 £5;
273 1118 321 1145 lib.
335 1127 372 1152 ιιι,
386 1127 448 1155 cap.
463 1120 514 1154 L9;
528 1120 576 1149 lib.
586 1130 643 1153 xvi.
655 1130 716 1158 cap.
730 1124 778 1158 l5;
793 1125 839 1152 lib.
853 1134 921 1159 nn,

128 1171 191 1198 cap.
219 1163 252 1207 6_;
282 1172 315 1192 ex
346 1165 477 1200 opinione
509 1166 673 1200 Onesicriti,
711 1169 871 1207 Orthagorae
896 1177 922 1200 et

128 1201 400 1246 Τιιευοίῖδεθεοκλῆς
413 1211 441 1238 δὲ
458 1212 487 1239 ὲν
501 1214 534 1249 τῇ
548 1213 569 1240 δ’
586 1216 649 1251 περὶ
663 1216 712 1251 τὴν
727 1201 826 1253 Σύρτιν
848 1217 921 1253 λέγει

126 1255 251 1289 γίνεσθαι
269 1257 339 1293 κήτη
352 1258 473 1293 τριήρων
490 1259 608 1294 μείζονα.
629 1262 697 1297 Περῖ¹
710 1262 738 1289 δὲ
753 1263 800 1299 τὴν
818 1264 921 1300 Γεδρω-

129 1301 193 1329 σίαν
208 1302 299 1338 χώραν
315 1303 383 1337 (ἔστι
405 1304 433 1331 δὲ
456 1306 537 1341 μοῖρα
551 1307 600 1341 τῆς
616 1308 667 1342 γῆς
678 1308 728 1343 τῆς
747 1309 859 1346 Ἰνδικῆς
870 1311 920 1338 οὑκ

127 1347 233 1383 ἄδοξος)
253 1349 437 1385 Ὀνησίκριτος
453 1351 537 1385 λέγει,
552 1353 599 1379 καὶ
607 1353 784 1391 Ὀρθαγόρας,
797 1357 919 1390 γίνεσθαι

127 1394 224 1430 κήτηῆ
229 1403 292 1430 μισυ
304 1395 400 1430 ἔχοντα
416 1396 522 1423 σταδίου
533 1398 564 1425 τὸ
576 1400 672 1434 μῆκος,
683 1400 790 1433 .πλάτος
809 1402 837 1429 δὲ
849 1403 919 1430 κατὰ

127 1439 208 1474 λόγον
230 1439 277 1467 τοῦ
302 1441 416 1477 μήκους,
439 1443 572 1470 καὶτοῦτο
585 1444 716 1479 δηλονότι.
737 1447 876 1483 Τοσαύτην
890 1448 918 1475 δέ

128 1494 212 1520 φασιν
228 1486 299 1522 ἔχειν
314 1487 427 1523 δύναμιν
441 1488 521 1521 αὐτὰ,
534 1489 572 1522 ὡς
585 1491 724 1525 πολλάκις,
737 1493 801 1520 ὅταν
815 1495 919 1529 ἀναφυ-

128 1530 200 1568 σήοῃ
209 1533 265 1564 τοῖς
277 1532 438 1569 μυκτῆρσιν,
448 1535 477 1566 ὲς
487 1535 612 1563 τοσοῦτον
624 1537 801 1573 ἀναρρίπτειν
811 1540 861 1575 τῆς
874 1540 921 1567 θα-

128 1576 231 1613 λάττης
262 1578 293 1605 τὸ
318 1578 472 1613 κλυδώνιον,
489 1580 527 1612 ὡς
549 1579 643 1609 δοκεῖν’
662 1585 719 1615 τοῖς
742 1585 857 1620 ἀμαθέσι
874 1587 920 1613 καὶ

129 1622 254 1658 ἀπείροις
265 1624 426 1659 πρηστῆρας
437 1622 506 1652 εἶναι
518 1626 612 1653 ταῦτα.
624 1626 656 1654 Ει
672 1628 718 1655 lib.
732 1637 786 1662 xvt,
798 1638 858 1666 cap.
875 1631 918 1665 18,

127 1668 220 1696 varias
235 1672 358 1696 cetorum
370 1669 472 1698 formas
488 1675 515 1698 et
542 1672 643 1707 ﬁguras
667 1680 836 1704 monstrosas
856 1685 919 1712 pcr-

127 1712 228 1746 currit,
251 1713 363 1749 vultque
386 1715 505 1750 ἀμφίϐια
521 1724 592 1751 esse,
612 1722 639 1745 et
662 1724 744 1747 noctu
768 1725 873 1756 segetes
891 1726 918 1750 et

128 1758 229 1786 herbas
245 1760 274 1787 in
291 1763 363 1788 terra
373 1761 484 1797 depasci
501 1763 590 1791 instar
604 1765 720 1793 aliorum
746 1768 916 1803 animalium,

126 1805 291 1839 crepusculo
312 1813 377 1834 vero
401 1808 536 1836 matutino
549 1809 577 1836 in
594 1817 670 1838 mare
685 1812 784 1844 redire,
799 1821 918 1843 mersas-

126 1857 182 1885 que
197 1851 270 1878 abdi.
285 1850 335 1879 llis
348 1860 402 1880 non
417 1853 562 1883 dissimilia
578 1856 662 1884 refert
679 1858 878 1896 Tbeodorctus,
890 1868 917 1890 et

125 1896 177 1924 lib.
203 1905 249 1924 ιιι
274 1896 525 1935 Histor.septentr.,
549 1910 609 1938 cap.
630 1903 676 1936 ιι,
701 1904 783 1934 Olaus
802 1906 915 1943 Magnus

124 1948 334 1973 commemorat.
362 1945 399 1973 De
414 1955 510 1975 eorum
526 1950 712 1985 magnitudine
726 1957 752 1980 et
767 1954 916 1988 piscatione

124 1989 328 2024 elegantissime
345 1990 485 2026 Oppianus
505 1993 625 2022 Ἁλιευτ.
641 1995 689 2023 lib.
706 2004 732 2024 v.
748 1996 851 2026 Hebraei
868 2000 916 2027 ba-

124 2036 211 2063 laenas
225 2035 293 2064 duas
307 2041 413 2065 tantum
426 2043 531 2067 creatas
543 2047 605 2068 esse
620 2040 725 2075 dicunt,
735 2050 769 2070 ne
785 2044 808 2070 si
822 2045 914 2079 plures

124 2085 231 2113 essent,
251 2082 342 2117 pisces
361 2091 457 2117 omnes
474 2085 647 2119 devorarent,
664 2091 690 2114 οἱ
716 2095 798 2117 naves
819 2098 913 2119 omnes

123 2127 315 2163 absorberent,
337 2130 441 2158 scilicet
461 2131 602 2167 feminam,
613 2141 695 2168 quam
713 2134 784 2163 Deus
800 2137 911 2170 occidit,

121 2177 153 2201 et
183 2179 304 2202 reservat
328 2176 410 2211 juslis
441 2177 475 2204 ad
503 2179 667 2213 epulandum
700 2184 822 2216 tempore
842 2182 912 2210 Mes-

122 2220 183 2253 sian,
200 2225 227 2249 et
243 2223 394 2250 masculum
413 2232 494 2259 queui
516 2230 639 2253 reservat
656 2231 686 2254 ut
705 2235 766 2255 cum
782 2236 814 2256 eo
828 2230 911 2258 certis

121 2267 200 2295 horis
223 2268 298 2296 ludat
320 2269 437 2305 singulis
458 2270 565 2304 diebus,
580 2277 609 2300 ut
629 2274 725 2308 ps:Ilm.
740 2282 807 2303 ctu:
824 2276 911 2303 Draco

122 2313 173 2340 iste
186 2321 261 2348 quem
282 2314 406 2348 formasti
420 2316 463 2342 ad'
475 2316 639 2345 illudendum
650 2319 685 2351 ei,
713 2318 854 2353 Hebraeus,
882 2326 912 2348 ut

122 2359 202 2387 ludas
217 2368 277 2387 cum
287 2369 327 2388 eo.
337 2360 414 2389 Hanc
423 2361 548 2390 fabellam
560 2370 737 2399 sumpserunt
749 2374 782 2394 ex
805 2367 867 2394 libr.
883 2376 910 2394 IV

123 2404 229 2438 Esdrze,
246 2413 306 2441 cap.
327 2415 366 2439 Vl.
392 2409 430 2435 uti
454 2408 537 2437 refert
554 2409 689 2445 Lyranus,
705 2416 732 2440 et
752 2412 909 2442 Abulensis.

157 2450 217 2479 Col.
242 2452 304 2485 725,
320 2453 367 2481 lin.
391 2454 416 2482 7.
436 2454 478 2488 Τῷ
497 2455 531 2483 δὲ
545 2457 674 2490 καρκίνῳ
689 2458 709 2491 ἡ
726 2458 814 2493 σάρξ.
833 2459 910 2487 Basi~

121 2496 187 2529 lius,
205 2496 280 2527 hom.
295 2498 328 2525 7:
352 2499 380 2525 '0
395 2501 522 2536 καρκῐνος
537 2500 586 2536 τῆς
598 2502 699 2537 σαρκὸς
722 2503 849 2539 ἐπιθυμεῖ
863 2504 909 2531 τοῦ

118 2542 245 2578 ὀστρέου.
264 2544 343 2571 Ἀλλὰ
355 2545 506 2578 δυσάλωτος
520 2547 536 2582 ἡ
549 2547 620 2583 ἄγρα.
631 2548 705 2583 αὐτῷ
716 2549 760 2576 διὰ
769 2549 818 2585 τὴν
834 2558 910 2586 περι-

118 2587 202 2623 6ολὴν
215 2588 412 2625 τοῦ.ὀστράκου
426 2591 541 2625 γίνεται.
562 2592 692 2628 Ἀρραγεῖ
712 2593 766 2629 γὰρ
781 2595 865 2630 ἐρκίῳ
879 2595 910 2622 τὸ

118 2634 225 2661 ἁπαλὸν
242 2636 291 2671 τῆς
311 2637 410 2672 σαρκὸς
423 2638 440 2673 ἡ
458 2638 539 2672 φύσις
554 2640 782 2675 κατησφαλίσατο.
799 2641 845 2668 Διὸ
862 2643 909 2669 καὶ

117 2680 336 2718 ὀστρακόδερμον
348 2685 575 2721 προσηγόρευται.
590 2687 646 2714 Καὶ
656 2687 748 2723 ἐπειδὴ
762 2688 808 2715 δύο
822 2689 909 2716 κοιλό-

118 2734 200 2761 τητες
220 2728 341 2764 ἀκριϐῶς
354 2729 482 2766 ἀλλήλαις
501 2733 743 2768 προσηρμοσμέναι
756 2735 786 2761 τὸ
798 2735 908 2771 δστρεον

118 2773 360 2808 περιπτύσσονται,
383 2777 539 2812 ἀναγκαίως
556 2779 692 2814 ἄπρακτοί
708 2781 776 2807 εἰσιν
788 2782 815 2808 αἰ
827 2782 907 2818 χηλαὶ

120 2818 167 2846 τοῦ
184 2821 324 2856 καρκίνου.
341 2822 373 2849 Τί
386 2821 432 2851 οὖν
447 2825 534 2857 ποιεῖ;
552 2825 634 2852 Ὅταν
649 2826 689 2861 ἴδῃ
708 2827 737 2854 ἐν
757 2827 906 2863 ἀπηνέμοις

941 833 961 862 Β

933 1514 954 1542 C

928 2186 949 2214 D

982 199 1078 225 ἀκτῖνα
1096 198 1143 224 τοῦ
1165 198 1240 233 ἡλίου
1261 198 1310 230 τὰς
1335 199 1439 234 πτύχας
1458 197 1554 225 ἑαυτοῦ
1570 195 1770 228 διαπλώσαντα,

981 245 1041 271 τότε
1065 244 1096 280 δὴ
1114 244 1200 280 λάθρα
1221 244 1325 280 ψηφῖδα
1350 244 1531 281 παρεμεαλὼν
1554 242 1695 270 διακωλύει
1720 242 1779 291 τὴν.

982 290 1134 326 σύμπτυξιν
1158 291 1204 317 καὶ
1228 291 1383 326 εὑρίσκεται
1403 291 1433 317 τὸ
1452 290 1543 317 λεῖπον
1557 291 1606 325 τῆς
1629 290 1771 325 δυνάμεως

979 336 1023 363 διὰ
1045 337 1096 372 τῆς
1115 336 1237 368 ὲπινοίας
1262 338 1466 373 περιεχόμενος.
1484 337 1584 364 Eadem
1607 336 1688 364 habet
1702 337 1769 363 Am-

980 382 1100 414 brosius,
1128 383 1175 409 lib.
1202 391 1230 414 ν,
1263 390 1324 417 cap.
1339 382 1369 415 8;
1394 382 1513 410 Isidorus
1534 382 1581 409 lib.
1600 389 1649 414 xu,
1664 390 1724 416 cap.
1741 381 1768 408 6.

979 427 1165 456 Disertissime
1178 428 1241 455 item
1257 428 1314 455 hac
1330 429 1421 456 omnia
1435 428 1576 464 Oppianus
1595 428 1718 455 Ἁλιευτ.
1737 436 1768 455 ιι.

979 474 1098 502 Consule
1113 473 1290 501 Plutarchum
1306 479 1332 501 et
1347 474 1474 507 Plinium,
1490 478 1517 502 et
1532 474 1642 502 Petrum
1660 474 1769 501 Damia-

978 528 1043 547 num
1058 520 1105 547 lib.
1120 528 1150 552 ιι,
1169 520 1252 555 epist.
1274 520 1319 548 18.

1012 565 1092 598 lbid.,
1116 566 1165 594 lin.
1192 566 1235 593 M.
1257 566 1283 592 '0
1298 566 1333 593 δὲ
1356 566 1457 602 ἐχῖνος
1471 567 1676 602 προγιγώσκει.
1692 567 1768 593 Basi-

977 611 1042 644 lius,
1058 613 1130 639 hom.
1148 612 1163 638 7
1176 622 1182 639 :
1201 613 1322 639 Ἤκουσα
1336 612 1391 646 ἐγὼ
1407 612 1460 639 τῶν
1476 613 1615 648 παραλίων
1631 613 1713 645 τινὸς,
1727 614 1767 639 ὅτι

976 658 990 684 ὁ
1006 658 1150 690 θαλάσσιος
1164 660 1260 694 ἐχῖνος,
1275 658 1305 685 τὺ
1325 659 1423 695 μικρὸν
1439 659 1578 691 παντελῶς
1595 660 1641 686 καὶ
1656 660 1768 686 εὐκατα-

977 705 1109 741 φρόνητον
1135 706 1215 738 ζῶον,
1240 706 1399 738 διδάσκαλος
1427 706 1555 737 πολλάκις
1579 706 1698 742 γαλήνης
1720 707 1768 733 καί

975 751 1109 784 κλύδωνος
1125 754 1182 784 τοῖς
1195 753 1306 779 πλέουσι
1319 753 1434 787 γίνεται,
1448 752 1477 784 ὃς
1489 753 1552 779 ὅταν
1566 753 1662 788 προῖδῃ
1680 761 1765 787 ταρα-

975 798 1024 834 χὴν
1052 798 1081 832 ἐξ
1106 799 1215 835 ἀνέμων
1230 799 1333 834 ψηφῖδα
1351 808 1411 825 τινα
1427 798 1550 826 ὑπελθὼν
1567 799 1704 833 γενναίαν,
1722 800 1765 825 ἐπ’

975 844 1062 880 αὐτῆς
1077 845 1172 881 ὥσπερ
1195 846 1238 872 ἐπ’
1253 846 1377 881 ἀγκύρας
1395 844 1502 872 σαλεύει
1529 845 1710 880 κατεχόμενος
1726 844 1765 879 τῷ

976 891 1065 928 βάρει,
1091 891 1160 928 πρὸς
1187 891 1217 919 τὸ
1242 892 1279 928 μὴ
1303 892 1401 927 ῥᾳδίως
1420 893 1476 923 τοῖς
1493 890 1612 927 κύμασιν
1629 891 1765 927 ἀποσὺρε-

967 937 1047 970 σθαι.
1074 937 1179 965 Similia
1197 938 1292 966 scribit
1310 938 1474 965 Ambrosius
1497 938 1571 965 hom.
1588 938 1615 966 5.
1632 938 1714 972 capit.
1728 939 1763 969 9;

974 984 1050 1012 Phile
1063 984 1090 1012 in
1103 984 1230 1017 Iambis.;
1243 984 1404 1012 Aristoteles
1415 993 1430 1011 ν
1447 984 1485 1011 De
1499 990 1615 1019 generat.
1636 985 1749 1012 animal.

975 1037 1025 1064 cap
1041 1030 1071 1063 5;
1087 1029 1213 1058 Elianus
1230 1029 1268 1057 De
1284 1030 1378 1057 histor.
1391 1029 1515 1063 animal.,
1532 1030 1596 1057 libr.
1613 1037 1664 1062 vn,
1679 1030 1763 1065 capit.

973 1076 1025 1103 ὅδε
1044 1075 1207 1104 Plutarchus
1221 1076 1248 1104 in
1263 1076 1374 1112 Dialogo
1385 1096 1392 1108 ,
1406 1076 1503 1117 Utrum
1517 1076 1694 1111 prudentiora
1709 1077 1765 1104 sint

973 1120 1123 1152 terrestria,
1142 1129 1177 1148 an
1201 1122 1348 1157 aquatilia;
1364 1125 1389 1148 et
1405 1120 1510 1148 Plinius
1528 1121 1591 1148 libr.
1610 1129 1637 1148 Ix
1651 1142 1658 1154 ,
1677 1121 1761 1155 capit.

972 1166 1016 1194 51.
1044 1165 1163 1193 Tradunt
1186 1167 1313 1194 saevitiam
1335 1167 1418 1193 maris
1437 1167 1580 1201 prtesagire
1603 1175 1657 1200 eos,
1676 1174 1763 1193 corre-

971 1212 1072 1247 ptisque
1093 1213 1197 1247 operari
1210 1213 1319 1247 lapillis,
1349 1212 1525 1240 mobilitatem
1550 1212 1663 1247 pondere
1680 1213 1763 1239 stabi-

973 1256 1072 1284 lienles.
1086 1256 1187 1284 Nolunt
1204 1257 1364 1285 volutatione
1376 1258 1465 1292 spinas
1482 1262 1594 1284 atterere
1613 1258 1702 1293 :quod
1717 1258 1762 1285 ubi

971 1302 1057 1330 videre
1068 1303 1177 1335 nautici,
1186 1304 1278 1330 statim
1294 1303 1414 1338 pluribus
1430 1303 1552 1330 anchoris
1565 1303 1669 1338 navigia
1679 1303 1761 1338 infro-

970 1354 1045 1376 nant.
1055 1348 1204 1384 Oppianus,
1226 1350 1392 1381 Ἁλιευτικ.,
1406 1349 1469 1376 libr.
1490 1356 1508 1375 ιι
1522 1357 1528 1374 :

973 1396 1059 1422 Ἔστι
1074 1396 1121 1422 καὶ
1139 1396 1315 1430 ὀξυκόμοισι
1331 1396 1410 1429 γόος,
1424 1396 1472 1423 καὶ
1484 1395 1575 1430 μῆτις
1588 1395 1712 1430 ἐχίνοις,

972 1431 1005 1456 Ol
1021 1431 1044 1457 τ’
1059 1430 1177 1465 ἀνέμων
1190 1431 1275 1457 ἴσασι
1285 1432 1367 1464 βΙιις,
1382 1431 1514 1465 ζαμενεῖς
1524 1439 1555 1457 τε
1566 1430 1696 1463 θυέλλας

976 1466 1167 1500 Ὀρνυμένας,
1184 1466 1303 1493 νώτοισι
1322 1466 1347 1493 δ’
1365 1466 1578 1500 ὰνοχλίζοιοσιν
1597 1465 1725 1498 ἕκαστος

971 1500 1148 1540 ᾼιῖαιςηὸσον
1156 1501 1328 1540 ﬂammma-(ot
1342 1501 1410 1540 περί
1418 1501 1611 1540 σφετέροισιφς
1617 1500 1762 1540 diturum;

977 1536 1110 1569 Ῥηϊδίως
1123 1536 1269 1570 φορέοιεν,
1284 1537 1328 1563 ἶν’
1343 1537 1430 1564 ἀντία
1446 1537 1576 1570 κύματος
1595 1536 1670 1571 ὁρμῇ

972 1571 1141 1605 Βριθόμενοι
1155 1572 1295 1605 μίμνωσι.
1321 1572 1356 1598 Τὸ
1376 1572 1430 1605 γὰρ
1443 1570 1601 1606 τρομέουσι
1614 1570 1758 1605 μάλιστα,

969 1606 1018 1639 Μὴ
1029 1604 1109 1640 σφας
1118 1604 1166 1632 ἐπὶ
1180 1604 1306 1640 ᾐόνεσσι
1322 1604 1593 1641 κυκώμενονρῖδμα
1611 1604 1757 1641 κυλίσσῃ.

1005 1661 1084 1693 lbid.,
1105 1661 1153 1688 lin.
1175 1662 1218 1688 17.
1240 1662 1271 1688 '0
1286 1661 1319 1688 δὲ
1333 1662 1502 1694 πολύπους.
1526 1661 1656 1693 Basilius.
1682 1662 1756 1689 hom.

969 1707 1006 1733 7:
1024 1708 1080 1733 Οὺκ
1102 1707 1135 1734 ἂν
1165 1707 1329 1743 παρέλθοιμι
1353 1707 1383 1734 τὸ
1404 1707 1451 1734 τοῦ
1477 1707 1625 1739 πολύποδος
1640 1708 1757 1744 δολερὸν,

968 1753 1015 1779 καὶ
1028 1753 1184 1786 ἐπίκλοπον,
1198 1753 1227 1785 ὃς
1242 1753 1323 1788 ὁποίᾳ
1337 1754 1396 1780 ποτ’
1409 1753 1441 1780 ἂν
1454 1753 1583 1780 ἑκάστοτε
1601 1753 1688 1790 πέτρᾳ
1702 1763 1758 1780 πε-

969 1799 1097 1836 ριπλακῇ,
1113 1799 1161 1835 τὴν
1185 1800 1292 1836 ἐκείνης
1318 1800 1465 1835 ὑπέρχεται
1491 1799 1590 1835 χρόαν·
1610 1799 1680 1826 ὥστε
1695 1800 1757 1831 τοὺς

967 1845 1081 1878 πολλοὺς
1098 1845 1152 1872 τῶν
1173 1846 1270 1881 ἰχθύων
1288 1846 1449 1882 ἁπροόπτως
1463 1845 1630 1882 νηχομένους
1646 1845 1685 1881 τῷ
1708 1854 1757 1872 πο-

966 1889 1060 1916 λύποδι
1079 1890 1263 1926 περιπίπτειν,
1279 1890 1316 1922 ὡς
1334 1891 1367 1925 τῇ
1389 1891 1475 1927 πέτρᾳ
1484 1891 1573 1926 δῆθεν,
1588 1892 1635 1918 καὶ
1649 1891 1756 1926 ἕτοιμον

965 1934 1086 1968 γίνεσθαι
1104 1935 1214 1971 θήραμα
1225 1935 1264 1971 τῷ
1279 1934 1434 1971 πανούργῳ.
1447 1935 1613 1972 Polypodem
1631 1936 1663 1963 ad
1679 1937 1756 1964 simi-

965 1979 1106 2007 litudinem
1120 1980 1173 2008 loci
1188 1981 1308 2008 colorem
1324 1985 1430 2008 mutare
1443 1989 1506 2008 cum
1523 1981 1618 2009 iisdem
1631 1982 1756 2009 scribunt

964 2024 1135 2058 Aristoteles,
1160 2025 1199 2053 De
1230 2025 1324 2052 histor.
1351 2026 1474 2057 animal.,
1491 2026 1554 2053 libr.
1576 2035 1613 2059 Ix,
1631 2035 1692 2063 cap.
1707 2028 1754 2060 57;

964 2069 1138 2103 Plutarchus,
1158 2071 1260 2104 Quwst.
1276 2078 1364 2099 natur.
1378 2072 1552 2105 i9;Plinius,
1570 2073 1632 2101 libr.
1644 2082 1682 2107 lx,
1692 2081 1753 2109 cap.

964 2116 1014 2150 29;
1031 2116 1106 2145 Philo
1124 2118 1193 2152 Περὶ
1204 2117 1298 2153 μέθης
1308 2126 1314 2132 ·
1327 2118 1525 2152 Nazianzenus,
1539 2119 1612 2146 hom.
1627 2125 1654 2147 et
1666 2128 1752 2148 carm.

964 2163 1012 2194 Είς
1028 2164 1127 2190 αὐτόν’
1146 2164 1273 2192 Clemens
1295 2165 1507 2198 Alexandrinus,
1531 2166 1578 2193 lib.
1603 2174 1633 2193 ιιι
1656 2166 1754 2194 Pada-

963 2209 1032 2243 gogi,
1045 2209 1127 2244 capit.
1145 2210 1188 2240 ﬂ;
1200 2210 1337 2238 Lucianus
1349 2231 1356 2243 ,
1373 2211 1411 2238 De
1427 2212 1588 2244 saltatione;
1599 2217 1625 2239 et
1640 2212 1752 2248 Dialogo

964 2254 1077 2282 Menelai
1104 2261 1128 2283 et
1160 2255 1269 2289 Protei;
1299 2257 1471 2290 Ambrosius,
1493 2258 1540 2285 ΠΙ).
1567 2266 1585 2285 v
1611 2257 1750 2290 lienem,

962 2301 1043 2336 capit.
1066 2302 1097 2336 8;
1125 2302 1250 2335 Nonnus,
1275 2303 1464 2339 Dionysiacon.
1490 2305 1594 2340 primo;
1612 2304 1750 2338 Elianus,

966 2346 1072 2373 Variar.
1092 2347 1185 2376 ltistor.
1210 2349 1271 2377 libr.
1296 2357 1316 2379 ι.
1341 2350 1424 2385 capit.
1445 2350 1474 2383 l;
1493 2349 1569 2377 Phile
1585 2351 1612 2377 in
1632 2350 1755 2383 lambis;-

961 2392 1101 2428 Oppianus
1115 2394 1240 2422 Ἀλιευτ.
1258 2404 1287 2427 ιι,
1301 2395 1463 2432 Phocylidcs
1480 2406 1486 2424 :

960 2439 1036 2472 ill/(6‘
1058 2440 1097 2472 ὠς
1117 2440 1288 2475 πετροφυὴς
1304 2442 1461 2475 πολύπους
1473 2443 1548 2470 κατὰ
1562 2442 1659 2477 χῶρον
1668 2444 1749 2477 ἀμεί-

961 2508 1059 2536 Πᾶσιν
1074 2509 1099 2536 δ’
1113 2509 1227 2544 ἄπλοος
1242 2511 1312 2544 ἶσοι,
1325 2512 1361 2538 τὰ
1371 2512 1397 2538 δ’
1408 2512 1442 2539 ἐκ
1458 2513 1561 2548 ψυχῆς
1578 2479 1762 2572 ιὶγόρεὲιῗῗυ.Ῐ

961 2554 1005 2572 Inn
1022 2555 1091 2572 unm!
1125 2556 1278 2572 Λιιιιιηωιιινι
1290 2567 1296 2572 .
1316 2558 1365 2572 νηὶ
1383 2558 1436 2572 -Ᾱ..
1459 2559 1595 2572 -,.--..τ--.
1621 2561 1731 2572 ..ιι-..-λ

960 2554 1006 2597 lon
1022 2555 1092 2590 apud
1120 2556 1296 2584 Athenaeum:
1312 2558 1366 2585 Kal
1383 2558 1436 2585 τὸν
1456 2559 1595 2593 πετραῖον
1617 2554 1759 2603 πλεκτά-ξ

959 2593 1027 2632 ἄμαις
1049 2600 1189 2635 ἀναίμοσι
1212 2601 1312 2636 στυγῶ
1329 2603 1559 2638 μεταλλακτῆρα
1588 2593 1759 2643 πολύπουνζ

959 2645 1059 2678 χροός.
1070 2643 1233 2673 Plutarchus
1244 2655 1275 2674 ex
1290 2646 1457 2682 Tlleognide,
1467 2649 1536 2682 Περὶ
1545 2651 1727 2684 πολυφιλίας
1737 2660 1745 2667 ·

960 2690 1177 2726 Theophrastus,
1199 2692 1246 2719 lib.
1264 2693 1334 2727 Περὶ
1354 2692 1414 2719 τῶν
1427 2695 1677 2728 μεταϐαλλόντων
1693 2696 1745 2729 τὰς

958 2738 1050 2771 χρόας
1060 2746 1067 2753 ⁸
1080 2737 1176 2766 Petrus
1189 2737 1346 2772 Damianus,
1362 2739 1424 2766 libr.
1435 2747 1464 2771 ιι,
1474 2741 1551 2775 epist.
1569 2741 1601 2768 18
1613 2741 1745 2769 :Ludovi-

958 2791 1007 2811 cus
1021 2783 1175 2814 Fidelis,De
1190 2789 1283 2812 struet.
1302 2784 1404 2818 mund.,
1422 2785 1483 2813 libr.
1496 2794 1533 2821 vi,
1551 2795 1610 2823 cap.
1631 2788 1665 2821 Ei;
1680 2787 1742 2816 Ovi-

959 2829 1019 2857 dius
1034 2829 1151 2858 Halieul.
1163 2839 1172 2857 .'

941 3138 956 3156 ι
964 3146 975 3162 ,
1472 3116 1575 3196 ἴδη-Β
1920 3120 1947 3153 ⁷7η

1464 3196 1506 3272 Mi

1496 3272 1505 3304 ι

1261 3304 1296 3364 \‘i
1555 3342 1619 3396 "RH
