3924 6968
492 273 598 328 835

495 389 558 440 At
596 398 781 443 contra
808 388 1039 458 scopulis
1065 386 1257 442 crinali
1286 403 1498 458 corpore
1533 387 1704 456 segnis

492 458 723 529 Polypus
747 460 927 524 lueret,
948 468 999 513 et
1021 457 1118 511 ltac
1137 458 1302 513 eludit
1331 457 1465 513 retia
1495 458 1704 528 fraude,

583 529 678 582 sub
716 529 823 610 lege
836 529 963 610 .loci
976 529 1159 594 sumit,
1188 538 1461 610 mutatque
1483 531 1711 610 colorem

489 602 703 665 Semper
730 598 778 651 ei
800 598 990 653 similis
1013 614 1172 667 quant
1193 598 1433 669 contigit,
1464 613 1615 669 atque
1634 600 1724 653 ubi
1753 600 1989 671 praedam

494 666 810 741 Pendentem
834 668 958 723 setis
999 668 1184 741 avidus
1211 670 1371 735 rapit,
1401 669 1485 721 hic
1522 686 1723 741 quoque
1774 670 1921 741 fallit

495 686 810 721 renuentem
834 686 958 723 86118
999 686 1184 722 avidus
1211 686 1371 735 raptt,
1401 686 1485 721 mc
1522 686 1723 739 quoque
1774 686 1814 741 μ

495 737 648 790 θείοιο
674 737 880 791 calamo
905 754 1023 792 cum
1061 738 1270 792 demum
1298 755 1532 793 emersus
1563 740 1618 791 in
1651 756 1814 795 auras

489 806 718 861 Brachia
743 808 1005 875 dissolvit,
1028 808 1437 881 populatumque
1461 810 1670 878 exspuit
1697 810 1934 866 hamum.

491 920 625 978 Hinc
637 931 764 978 nata
780 924 969 994 adagia
986 923 1237 993 Polypus,
1252 923 1442 993 Polgpi
1456 922 1827 993 caput,Polypi
1840 934 2060 979 mentem

490 1013 765 1083 obtinere:
806 1015 1029 1070 consule
1044 1016 1361 1086 adagiornm
1392 1016 1731 1071 collectores.
1762 1014 1871 1071 Nec
1889 1017 2060 1073 silen-

489 1107 618 1160 dum
651 1114 736 1161 est
790 1107 1085 1161 multorum
1113 1106 1282 1163 fuisse
1303 1106 1636 1176 opinionem,
1667 1107 1895 1179 polypos
1924 1108 2061 1178 seip-

492 1215 604 1263 sos,
636 1199 722 1254 vel
752 1197 937 1270 pedes,
967 1199 1054 1254 vel
1083 1199 1312 1272 cyrrhos
1346 1198 1487 1255 fame
1520 1208 1741 1256 coactos
1772 1201 2060 1257 absumere

491 1291 753 1348 rodendo.
796 1290 1084 1358 Hesiodus,
1117 1291 1210 1347 lib.
1256 1307 1295 1355 ι,
1330 1292 1453 1346 'Or’
1485 1293 1775 1360 ἀνόστεος
1803 1292 1878 1348 ὃν
1904 1293 2061 1348 πόδα

489 1383 680 1437 terea
701 1399 720 1448 ,'
745 1383 1055 1439 Carneades
1074 1383 1213 1454 apud
1245 1383 1517 1440 Stobazum
1538 1385 2057 1458 Περὶγραμμάτων·

490 1474 808 1546 Καρνεάδης
833 1475 929 1547 τὴν
951 1475 1290 1548 διαλεκτικὴν
1318 1476 1468 1547 ἔλεγε
1502 1476 1759 1530 πολύποδι
1792 1478 2025 1532 ἐοικέναι
2042 1494 2056 1507 ·

491 1567 584 1618 καὶ
626 1564 737 1637 γὰρ
794 1567 996 1620 ἐκεῖνον
1043 1566 1364 1639 αὐξηθείσας
1430 1566 1530 1631 τὰς
1570 1568 1871 1632 πλεκτάνας
1926 1583 2060 1622 κατ-

489 1655 712 1721 εσθίειν,
740 1658 836 1712 καὶ
864 1657 1082 1723 τούτους
1108 1659 1399 1731 προϊούσης
1416 1660 1514 1730 τῆς
1543 1660 1841 1732 δυνάμεως,
1874 1660 1968 1714 καὶ
1993 1659 2063 1713 τὰ

1835 269 2079 328 LEONIS
2117 271 2394 330 ALLATII

2038 353 2064 373 .
2081 421 2127 477 Α
2157 399 2213 445 et
2240 390 2488 455 inferius,
2523 388 2776 445 Eeheneis
2812 405 2934 460 ergo
2968 389 3083 460 ﬁgit
3114 388 3169 442 in
3196 383 3460 457 fluctibus.
3483 346 3723 440 lsidorns

3620 270 3721 325 88$

2160 483 2252 538 lib.
2295 498 2358 548 ιι,
2388 497 2508 554 cap.
2562 482 2620 547 2,
2679 481 2954 548 Echeneis,
3002 480 3200 551 inquit,
3232 493 3424 549 parvus
3473 485 3525 529 et
3569 475 3727 529 senti-

2157 575 2359 645 pedalis
2391 575 2675 645 pisciculus
2706 589 2893 629 nomen
2930 572 3153 641 sumpsit
3184 569 3321 642 quod
3339 583 3519 623 nauem
3547 563 3726 620 adhc-

2158 665 2319 720 rendo
2349 667 2595 722 retineat.
2618 665 2793 719 Ruant
2822 664 2938 720 licet
2956 663 3117 726 venti,
3135 671 3184 717 et
3209 660 3425 716 ueniant
3456 658 3727 727 procellae,

2158 758 2306 812 navis
2336 767 2507 813 tamen
2555 758 2707 828 quasi
2751 755 2998 811 radicata
3039 756 3096 809 in
3136 753 3277 808 mari
3314 760 3455 807 stare
3499 749 3727 815 videtur,

2159 863 2251 902 nec
2293 848 2511 913 moveri,
2540 864 2643 902 non
2679 846 2972 909 retinendo,
3016 844 3107 901 sed
3148 851 3353 898 tantum
3388 839 3729 896 adhaerendo.

2162 931 2319 986 Hunc
2345 931 2525 986 Latini
2552 948 2757 986 moram
2787 930 3140 1002 appellarunt,
3167 945 3226 984 eo
3246 927 3383 1000 quod
3408 936 3557 981 stare
3579 934 3730 995 cogat

2160 1024 2390 1096 navigia.
2409 1022 2642 1088 Plinius,
2670 1023 2766 1079 lib.
2790 1037 2868 1088 ix,
2897 1038 3019 1093 cap.
3045 1020 3137 1087 25,
3163 1020 3303 1075 idem
3332 1017 3647 1082 conﬁrmat,
3674 1022 3729 1071 et

2162 1116 2258 1172 lib.
2291 1132 2464 1181 xxxii,
2496 1130 2617 1187 cap.
2648 1116 2675 1171 1
2700 1133 2715 1170 :
2755 1115 2954 1170 Tamen
2977 1116 3155 1168 omnia
3183 1114 3294 1169 lure
3320 1113 3619 1184 pariterque
3642 1125 3732 1162 eo-

2159 1208 2276 1263 dem
2299 1207 2642 1279 impellentia,
2664 1223 2727 1262 ac
2750 1222 2945 1277 parvus
2966 1205 3248 1260 admodum
3266 1203 3553 1275 pisciculus
3580 1201 3731 1257 eche-

2160 1302 2270 1355 neis
2302 1300 2620 1371 appellatus,
2650 1301 2705 1355 in
2734 1315 2789 1355 se
2819 1308 2976 1355 tenet.
3000 1298 3178 1354 Ruant
3205 1298 3343 1353 uenti
3370 1297 3515 1361 licet,
3543 1304 3595 1351 et
3628 1311 3729 1350 sa-

2159 1395 2303 1449 piant
2324 1394 2587 1463 procellas,
2628 1394 2847 1463 imperat
2882 1391 3072 1462 furori,
3100 1392 3336 1461 uiresque
3366 1398 3549 1445 tantas
3587 1404 3731 1441 com-

2157 1487 2344 1555 pescit,
2370 1495 2422 1540 et
2441 1486 2579 1557 cogit
2601 1494 2744 1541 stare
2769 1485 2979 1556 navigia
2999 1500 3018 1539 :
3044 1482 3181 1554 quod
3220 1499 3325 1537 non
3354 1481 3566 1536 uincula
3590 1479 3727 1543 ulla,

2162 1595 2264 1633 non
2304 1578 2551 1634 anchora:
2597 1576 2824 1649 pondere
2880 1575 3213 1631 irrevocabili
3248 1574 3435 1643 iactae.
3484 1570 3731 1639 [refrenat

2162 1670 2405 1739 impetus,
2441 1681 2490 1725 et
2530 1670 2713 1725 domat
2755 1669 2938 1723 mundi
2978 1667 3173 1721 rabiem
3210 1665 3358 1721 nullo
3388 1681 3484 1720 suo
3529 1663 3728 1727 labore,

493 1748 708 1822 σφέτερ’
736 1752 1077 1821 ἀνατρέπειν.
1109 1753 1343 1808 Alcaeus
1372 1751 1578 1806 Ἐδωδα
1605 1751 1838 1823 ἐμαυτὸν
1856 1751 1931 1816 ὡς
1963 1768 2051 1805 πο-

2159 1781 2263 1819 non
2290 1761 2580 1830 retinendo,
2613 1771 2705 1817 aut
2729 1761 2837 1816 alio
2862 1759 3035 1824 modo,
3057 1774 3215 1829 quam
3239 1755 3579 1812 adhareudo.
3602 1755 3732 1809 Haec

490 1842 712 1908 λύπονς.
739 1842 1018 1914 Oppianus
1044 1845 1296 1898 Ἁλιευτ.
1316 1859 1390 1909 ιι;
1438 1842 1777 1916 Rhodiginus
1810 1843 1904 1899 lib.
1934 1859 2055 1910 xm,

491 1950 611 2005 cap.
648 1934 736 1991 σε.
770 1933 884 1991 Hoc
915 1935 1055 1991 idem
1082 1936 1331 1991 scribunt
1372 1936 1685 2000 Athenaeus,
1725 1935 1926 2004 Horus,
1950 1934 2059 1990 Eu-

491 2027 750 2092 stathius,
788 2025 1110 2099 Hesychius,
1152 2027 1349 2084 Suidas
1380 2035 1434 2086 et
1461 2028 1573 2084 alii.
1606 2027 1812 2100 Negant
1847 2028 2061 2084 Aristo-

491 2119 628 2174 teles
674 2118 797 2174 libr.
832 2135 951 2185 νιιι,
1003 2121 1169 2190 capit.
1216 2120 1273 2185 2,
1323 2118 1401 2175 De
1442 2119 1630 2175 histor.
1665 2121 1854 2187 anim.,
1907 2122 1969 2174 0i
2001 2119 2059 2175 δὲ

489 2209 716 2281 γόγγροι
746 2210 872 2275 τοὺς
921 2210 1225 2275 πολύποδας
1265 2209 1676 2266 κατεσθίουσιν·
1716 2219 1771 2267 et
1807 2227 1954 2277 mox,
1994 2213 2059 2266 Ὃ

489 2300 545 2356 δὲ
572 2302 787 2372 λέγουσί
805 2321 969 2370 τινες,
991 2305 1067 2370 ὡς
1092 2305 1248 2359 αὐτὸς
1273 2305 1432 2359 αὐτὴν
1454 2302 1621 2358 ἐσθίει
1639 2344 1653 2369 ,
1674 2304 1866 2373 ψεῦδός
1890 2306 2055 2358 ἐστιν.

502 2393 660 2448 Ἀλλὰ
670 2412 738 2447 πε
743 2394 1153 2469 ριεδηδεσμένας
1163 2396 1376 2469 ἔχουσιν
1388 2396 1517 2451 ἔνιοι
1532 2395 1630 2460 τὰς
1641 2395 1942 2460 πλεκτάνας
1956 2394 2060 2450 ὑπὸ

487 2482 596 2536 τῶν
628 2484 898 2558 γόγγρων.
933 2486 1260 2543 Plutarchus
1289 2486 1536 2558 Dialogo,
1585 2485 1777 2542 Utrum
1815 2487 2056 2557 pruden-

490 2576 630 2630 tiora
661 2576 790 2641 sint,
818 2586 951 2644 etc.,
978 2594 1007 2633 a
1023 2580 1242 2650 congris
1262 2589 1316 2635 et
1345 2577 1603 2635 muraenis
1626 2579 1817 2635 scribit
1842 2578 2057 2636 cirrbos

488 2669 754 2723 consumi.
778 2668 1011 2737 Plinius,
1042 2671 1164 2728 libr.
1192 2686 1266 2731 ix,
1290 2671 1455 2741 capit.
1485 2670 1555 2724 29
1587 2689 1600 2723 :
1627 2668 1807 2738 Ipsum
1842 2669 2057 2725 brachia

487 2774 587 2811 sua
621 2759 800 2816 rodere
821 2760 962 2830 falsa
994 2761 1167 2830 opinio
1192 2769 1289 2815 est.
1323 2759 1389 2813 Id
1424 2761 1560 2814 enim
1589 2777 1621 2814 a
1650 2761 1858 2830 congris
1886 2761 2056 2816 euenit

487 2847 569 2909 ei;
598 2848 688 2901 sed
718 2852 923 2905 renasci
948 2852 1083 2905 sicut
1109 2850 1315 2915 colatis,
1338 2857 1387 2904 et
1415 2848 1625 2904 lacertis
1645 2848 1889 2916 caudam,
1914 2849 2055 2903 haud

599 2962 706 3000 um.

599 2962 706 3000 um.

487 2947 718 3104 “Illud”
741 3037 839 3093 lin.
864 3037 955 3093 20.
983 3036 1353 3105 Μικρότατον
1377 3034 1445 3089 δὲ
1470 3035 1546 3105 τῇ
1570 3037 1769 3106 φύσει.
1794 3033 2052 3101 Basilius,

2162 1855 2378 1911 tantilla
2407 1865 2484 1910 est
2517 1856 2651 1909 satis
2681 1864 2866 1908 contra
2890 1861 2964 1907 tot
2991 1852 3212 1921 impetus
3242 1860 3299 1904 ut
3345 1857 3477 1904 vetet
3523 1850 3603 1903 ire
3631 1863 3731 1901 na-

2160 1949 2316 2019 vigia.
2367 1946 2471 2003 Sed
2513 1956 2738 2001 armatte
2779 1946 2975 2001 classes
3024 1946 3295 2015 imponunt
3338 1942 3441 1997 sibi
3495 1941 3728 1995 turrium

2158 2038 2553 2111 propugnacula
2591 2047 2647 2091 ut
2687 2038 2742 2092 in
2795 2038 2936 2091 mari
2984 2052 3187 2108 quoque
3224 2042 3480 2106 pugnetur
3522 2034 3667 2088 velut
3702 2049 3731 2088 e

2159 2135 2346 2189 muris.
2384 2132 2539 2187 Heu!
2576 2132 2783 2187 vanitas
2812 2132 3063 2194 humana,
3108 2146 3225 2183 cum
3256 2127 3582 2183 rostra~illa
3630 2142 3735 2182 tere

2159 2226 2399 2296 ferroque
2427 2225 2496 2280 ad
2512 2225 2644 2279 ictus
2675 2232 2907 2288 armata,
2932 2220 3263 2292 semipedalis
3291 2220 3523 2275 inhibere
3538 2220 3731 2290 possit,

2161 2334 2223 2372 ac
2249 2327 2418 2372 tenere
2439 2318 2675 2372 devincta
2702 2315 2983 2385 pisciculus
3005 2315 3026 2368 !
3047 2315 3290 2372 Isidorus
3317 2314 3502 2386 itaque
3532 2329 3638 2369 sua
3665 2328 3735 2368 ex

2157 2407 2423 2466 Plinianis
2453 2410 2604 2465 hisce
2625 2417 2906 2465 mutuatus
2933 2415 3037 2473 est,
3062 2407 3165 2462 etsi
3199 2406 3370 2464 mavis
3391 2406 3733 2475 compilavit.

2156 2515 2266 2554 non
2297 2515 2359 2555 ex
2389 2499 2697 2565 Ambrosio,
2722 2506 2781 2553 ut
2807 2495 3192 2553 animadvertit
3223 2493 3630 2550 Rittershusins
3674 2493 3735 2547 in

2163 2589 2394 2663 Oppiani
2421 2591 2662 2645 Ἁλιευτ.
2690 2589 2784 2645 lib.
2815 2606 2854 2645 ι.
2877 2587 3071 2643 Subdit
3091 2586 3301 2641 Plinius
3312 2585 3528 2641 Attiaco
3555 2592 3735 2639 marte

2158 2682 2467 2754 prtetoriam
2482 2695 2673 2736 navem
2695 2679 2916 2735 Antonii
2939 2678 3263 2751 pisciculum
3278 2676 3425 2731 hunc
3435 2675 3690 2731 tenuisse
3711 2689 3728 2726 :

2156 2780 2210 2828 et
2244 2786 2344 2827 sua
2372 2771 2635 2827 memoria
2677 2769 2795 2827 Caii
2845 2769 3113 2842 principis
3159 2768 3227 2822 ab
3254 2766 3457 2823 Astura
3504 2766 3732 2820 Antium

2155 2863 2478 2934 remigantis
2510 2880 2524 2916 :
2556 2863 2661 2920 hoc
2686 2872 2741 2919 et
2772 2863 3128 2934 experientiis
3169 2870 3483 2918 nostrorum
3522 2867 3728 2930 tempo-

2154 2971 2277 3012 rum
2295 2956 2708 3028 comprobatum
2742 2963 2849 3012 est.
2873 2951 3132 3010 Testatur
3150 2953 3449 3009 Guilelmus
3463 2950 3730 3006 Rondele-

2155 3047 2265 3106 tius
2280 3063 2339 3104 se
2358 3048 2678 3119 cognovisse
2689 3049 2986 3113 triremem,
3004 3045 3060 3101 in
3075 3060 3180 3117 qua
3195 3042 3490 3101 cardinalis
3503 3040 3726 3113 quidam

486 3132 634 3188 hom.
666 3131 733 3185 7:
759 3128 885 3184 Ἐὰν
912 3129 969 3182 δὲ
990 3128 1247 3200 ἀκούσῃς,
1276 3128 1358 3181 ὅτι
1376 3126 1445 3181 τὰ
1471 3128 1699 3198 μέγιστα
1717 3126 1825 3181 τῶν
1856 3126 2051 3180 πλοίων

2156 3139 2494 3196 Turonensis
2534 3139 2762 3195 Romam
2793 3147 2985 3196 vectus
3005 3146 3110 3203 est,
3142 3136 3322 3192 medio
3348 3150 3515 3190 cursu
3539 3132 3724 3189 anni-

485 3223 825 3296 ήιτλωμένοις
861 3222 1047 3285 ἱστίοις
1086 3220 1145 3287 ἐξ
1168 3220 1358 3293 οὐρίας
1391 3221 1668 3293 φερόμενα
1689 3218 1751 3272 τὸ
1791 3219 2054 3292 μικρότα-

482 3332 576 3369 τον
611 3313 841 3385 ἰχθύδιον
888 3313 921 3384 ἠ
970 3309 1181 3383 ὲχενηῒς
1217 3309 1358 3365 οὕτω
1400 3311 1596 3385 ῥᾳδίως
1640 3309 1872 3381 ἵστησιν,
1913 3307 2053 3361 ὥστε

485 3408 739 3480 ἀκίνητον
763 3406 857 3460 ἐπὶ
885 3404 1133 3458 πλεῖστον
1163 3403 1475 3473 φυλάσσειν,
1504 3402 1693 3476 ὥσπερ
1722 3402 2054 3478 καταρριζω-

485 3499 575 3553 θὲν
608 3501 665 3554 ὲν
691 3497 839 3570 αὐτῷ
878 3496 958 3569 τῷ
991 3495 1243 3566 πελάγει’
1275 3491 1363 3566 ἆρ’
1392 3495 1513 3566 οὐχὶ
1557 3494 1649 3549 κού⁸
1676 3495 1733 3547 ὲν
1764 3493 1842 3565 τῷ
1875 3491 2053 3564 μικρῷ

481 3592 657 3663 τούτῳ
702 3592 801 3663 τὴν
830 3588 997 3663 αὐτὴν
1024 3588 1122 3661 τῆς
1155 3588 1249 3643 τοῦ
1295 3588 1577 3651 κτίσαντος
1604 3586 1884 3659 δυνάμεως
1911 3586 2051 3658 λαμ-

485 3685 669 3750 ϐάνεις
697 3683 997 3750 ἀπόδειξινς
1028 3681 1275 3747 Nonnus,
1312 3681 1527 3752 Dionys.
1556 3678 1616 3733 2|
1651 3699 1665 3733 :

490 3800 748 3864 Ἔκλυες
775 3798 1049 3865 εἰναλίην
1077 3796 1377 3866 ὲχενηΐὸα,
1401 3794 1527 3862 πῶς
1558 3794 1649 3848 ἐνί
1677 3795 1876 3866 πόντῳ

497 3870 692 3939 Ἰχθὺς
719 3869 918 3935 βαιὸς,
958 3864 1204 3958 ἀναβὰς
1229 3865 1482 3988 exeamus
1504 3864 1763 3919 πολλάκι
1778 3864 2048 3943 ναύταις.

485 3942 600 3988 "An'r
622 3938 1040 3988 ἁνασειοάῖων.
1099 3940 1289 3988 Ολίγεω
1355 3939 1368 3956 ’
1393 3935 1512 3988 ὑπὸ
1541 3933 1795 3988 γάσαατι
1834 3937 2048 3988 damon

502 3933 600 4008 At}
622 3933 1040 4007 draoetpdtfwr.
1081 3933 1512 4008 ‘Olquid'tmd
1537 3933 1795 4008 χάσματι
1834 3933 2051 4008 [alito]?

482 4001 847 4078 Μήκεὸανὴνῖ
865 4008 1124 4076 ἀνέκυψε
1156 4001 1791 4074 κάτάσχετον’ὂλῖὶάδιι
1828 4001 2047 4072 δεσμῷ.

557 4124 753 4181 Eadem
785 4125 1061 4194 eleganter
1077 4130 1132 4177 et
1147 4122 1366 4193 copiose
1379 4119 1659 4192 Oppianus
1684 4120 1924 4173 Ἁλιευτ.
1954 4117 2046 4172 lib.

482 4235 500 4272 ι
526 4236 542 4283 ;
575 4224 629 4273 et
657 4215 933 4279 Lucanus,
951 4213 1045 4268 lib.
1076 4229 1127 4268 νι
1162 4232 1174 4267 :
1868 4226 1877 4233 ·

485 4328 608 4383 Non
636 4327 847 4396 puppim
878 4326 1103 4380 renitens
1132 4341 1258 4379 euro
1283 4322 1519 4379 tendente
1563 4322 1808 4375 rudentes

484 4398 551 4453 In
585 4398 771 4452 mediis
805 4396 1036 4451 echeneis
1061 4396 1231 4466 aquis.

546 4488 773 4547 Ovidius
808 4506 822 4543 :

482 4599 658 4654 Parua
686 4597 916 4653 echeneis
946 4595 1114 4663 adest,
1146 4594 1362 4658 mirum,
1388 4607 1538 4646 mora
1568 4590 1823 4662 puppibus
1846 4591 2045 4661 iugem.

477 4718 627 4773 Idem
649 4713 840 4770 scribit
881 4709 1231 4774 Plutarchus,
1273 4724 1311 4763 ιι
1356 4705 1600 4779 ngpos.
1634 4713 1829 4778 quaest.
1864 4705 1895 4760 7
1925 4713 1980 4762 et
2008 4722 2045 4760 ιι

479 4808 746 4882 problem.
786 4810 982 4875 quaest.
1029 4803 1092 4868 7;
1136 4800 1484 4863 Ambrosius,
1528 4796 1628 4856 lib.
1662 4814 1716 4865 v,
1762 4796 2044 4862 Hexaem.,

476 4917 603 4974 cap.
635 4899 737 4966 10;
763 4894 1093 4952 Franciscus
1139 4892 1457 4957 Petrarcba,
1505 4889 1740 4962 praefat,
1773 4889 1869 4946 lib.
1898 4906 1937 4951 ιι
1970 4888 2047 4943 De

386 5030 393 5039 ι
477 4991 675 5050 remed.
710 4997 820 5044 utr.
846 4987 1000 5057 [ort.;
1032 4983 1206 5041 Lilius
1234 4981 1514 5045 Giraldus,
1550 4980 1628 5035 De
1655 4979 1901 5051 nauigiis,
1919 4994 2040 5050 cap.

384 5072 396 5096 '
478 5085 547 5150 5;
578 5080 818 5138 Joannes
847 5074 1156 5132 Sambucus
1183 5072 1448 5131 Emblem.
1474 5071 1612 5141 205;
1639 5069 1793 5126 Phile
1815 5070 1870 5125 in
1897 5070 2046 5124 Iam-

478 5171 557 5226 bis
602 5186 698 5227 eas
742 5167 1053 5240 ναυκράτας
1096 5162 1331 5221 vocavit.
1391 5163 1634 5220 Meminit
1678 5160 2044 5218 Cassiodorus

477 5263 573 5319 lib.
601 5278 616 5317 ι
672 5261 799 5316 Var.
830 5257 1193 5315 Ecbeneidem
1227 5271 1488 5310 remoram
1517 5253 1693 5310 Latini
1737 5259 2041 5320 vocarunt;

477 5355 731 5411 Afranius
759 5359 812 5410 et
838 5351 1062 5407 Plautus
1091 5348 1235 5421 apud
1280 5347 1504 5406 Festum
1530 5347 1922 5419 remaliginem;
1945 5345 2045 5402 Pe-

479 5456 597 5502 trns
626 5445 942 5508 Damianus,
969 5445 1065 5500 lib.
1088 5460 1151 5512 n,
1180 5441 1343 5514 epist.
1381 5441 1469 5506 18,
1513 5441 1859 5508 echeneidem,
1904 5440 2043 5496 echi-

478 5554 605 5593 nam
626 5547 802 5602 vocat,
835 5536 979 5609 quod
1013 5546 1144 5608 puto
1169 5536 1386 5592 incuria
1428 5535 1781 5606 scriptorum,
1806 5541 1862 5591 et
1885 5533 2043 5590 simi-

478 5628 707 5685 litudine
750 5626 991 5685 nominis
1033 5626 1085 5684 id
1117 5627 1419 5694 accidisse;
1464 5641 1597 5698 ergo
1624 5625 1889 5681 Damiano
1916 5640 2043 5697 pro-

475 5722 676 5798 prium,
702 5730 757 5777 et
784 5720 1074 5786 scribatur,
1102 5718 1255 5789 Quod
1269 5718 1501 5776 echeneis
1521 5720 1677 5777 etiam
1704 5718 1889 5787 breuis,
1907 5725 2036 5787 etc.,

2156 3234 2259 3289 bus
2289 3233 2685 3289 admirantibus
2713 3232 3020 3288 inhibitam.
3077 3230 3146 3285 Et
3174 3245 3276 3301 ego
3300 3228 3430 3285 dum
3487 3226 3728 3285 Venetiis

2158 3337 2551 3388 commorarer,
2577 3325 2713 3380 alias
2735 3324 2977 3380 conchas
2998 3322 3137 3378 idem
3159 3322 3340 3377 valere
3365 3318 3726 3390 ejusdemque

2153 3432 2273 3473 esse
2311 3415 2567 3488 potentiae
2606 3414 2959 3486 deprehendi.
2990 3413 3123 3481 Qua
3164 3418 3220 3468 et
3252 3412 3407 3467 navis
3460 3410 3723 3481 impetum

2153 3508 2476 3579 impediunt,
2521 3517 2575 3565 et
2610 3523 2832 3564 cursum
2872 3507 3180 3578 segniorem
3229 3504 3487 3569 reddunt,
3535 3503 3586 3558 si
3629 3517 3725 3557 ea-

2152 3601 2287 3656 rina‘.
2308 3600 2393 3655 vel
2431 3600 2499 3655 iis
2529 3598 2778 3671 partibus
2807 3597 3033 3667 navigii,
3063 3611 3185 3668 qua:
3210 3595 3367 3667 aquis
3403 3608 3606 3650 mersa:
3644 3594 3726 3647 la-

2153 3698 2269 3746 tent
2312 3689 2671 3761 applicentur,
2704 3688 2824 3743 ideo
2854 3687 3038 3743 nautis
3078 3688 3322 3742 in'more
3365 3685 3611 3756 positum
3638 3691 3725 3740 est

2151 3798 2245 3839 eas
2277 3799 2341 3838 ex
2371 3782 2479 3838 illis
2508 3782 2775 3853 partibus,
2810 3781 2938 3836 dum
2973 3778 3041 3834 ad
3064 3780 3169 3833 iter
3197 3777 3463 3849 agendum
3499 3791 3563 3831 se
3586 3791 3722 3847 pra:-

2150 3879 2366 3945 parant,
2387 3872 2689 3928 extrahere.
2725 3871 2786 3926 In
2828 3871 2932 3926 hoc
2962 3878 3146 3925 tamen
3181 3877 3387 3923 naturae
3418 3881 3720 3932 consensu,

2150 3964 2394 4034 nullique
2415 3963 2581 4019 dubia
2605 3963 2938 4033 experientia
2955 3960 3175 4032 quidam
3197 3975 3321 4017 esse
3335 3959 3527 4014 volunt
3547 3960 3612 4012 οὐ
3626 3976 3723 4012 τα-

2151 4059 2445 4132 χυπειθεῖς,
2467 4068 2522 4115 et
2555 4074 2619 4115 ea
2646 4074 2766 4130 quae
2799 4052 3038 4113 diximus
3071 4058 3149 4112 uti
3180 4057 3450 4123 fabulosa,
3487 4063 3543 4111 et
3567 4071 3722 4111 com-

2150 4150 2396 4205 mentitis
2426 4149 2707 4205 damnant.
2737 4151 2885 4205 Inter
2927 4163 3023 4205 eos
3052 4157 3137 4204 est
3165 4148 3429 4204 Gerartus
3478 4145 3718 4202 Falken-

2149 4241 2375 4312 burgius
2399 4241 2453 4295 in
2489 4240 2813 4297 lectionibus
2840 4248 2895 4296 et
2921 4239 3251 4310 conjecturis
3284 4239 3350 4293 ad
3372 4236 3557 4293 Nonni
3591 4237 3720 4291 Dio-

2152 4334 2335 4403 nysica
2358 4350 2377 4388 :
2409 4332 2609 4404 quibus
2653 4331 2939 4403 responsio
2967 4332 3023 4385 in
3066 4339 3321 4402 promptu
3351 4345 3418 4386 ex
3441 4316 3735 4401 Oppiane.

2082 4450 2125 4505 ι)
2157 4422 2299 4489 Quid
2328 4438 2459 4479 vero
2489 4425 2560 4479 sit
2582 4423 2697 4477 haec
2726 4422 2982 4478 echeneis
3008 4437 3128 4493 quae
3158 4422 3463 4492 cogitatam
3477 4423 3719 4489 navigia,

2152 4522 2564 4571 controversum
2599 4515 2778 4571 adhuc
2802 4523 2906 4570 est.
2935 4513 3037 4581 Qui
3062 4512 3398 4584 temporibus
3427 4510 3548 4566 Caii
3571 4512 3719 4567 illam

2151 4606 2437 4672 viderunt,
2490 4607 2672 4662 limaci
2719 4620 2930 4677 magna;
2977 4605 3210 4661 similem
3259 4618 3383 4661 esse
3432 4603 3714 4659 dixerunt.

2149 4696 2456 4763 Mutianus,
2507 4699 2758 4752 muricem
2809 4712 2921 4751 esse
2969 4696 3211 4752 latiorem
3263 4712 3501 4767 purpura
3555 4712 3719 4767 neque

2148 4807 2332 4861 aspero
2354 4809 2514 4864 neque
2541 4793 2766 4847 rotundo
2787 4810 2895 4861 ore,
2920 4810 3080 4865 neque
3106 4793 3161 4846 in
3186 4791 3405 4862 angulos
3426 4792 3719 4860 prodeunte

2147 4892 2343 4949 rostro,
2374 4884 2465 4940 sed
2501 4884 2740 4955 simplice
2762 4886 2961 4940 concha
2989 4893 3209 4955 utroque
3236 4883 3400 4937 latere
3421 4898 3536 4939 sese
3556 4882 3716 4936 colli-

2145 4986 2330 5048 gente,
2352 4976 2623 5033 relerente
2666 4975 2869 5034 Plinio.
2913 4976 3169 5032 Straboni
3213 4982 3299 5031 est
3329 4973 3554 5046 βδέλλα;
3591 4973 3717 5030 aliis

2148 5068 2463 5139 pisciculus.
2487 5068 2775 5125 Cardanus
2800 5083 2909 5125 una
2941 5082 3066 5123 cum
3089 5067 3376 5138 torpedine
3396 5065 3711 5127 confundit,

2145 5164 2350 5233 aitque,
2373 5162 2655 5218 nominum
2678 5160 3057 5229 similitudine,
3089 5168 3143 5216 et
3167 5159 3392 5216 effectus
3423 5158 3712 5230 deceptum

2144 5253 2490 5311 Aristotelem
2529 5253 2791 5327 deceptus
2819 5255 2939 5327 ipse
2971 5268 3154 5309 rerum
3187 5252 3524 5307 naturalium
3557 5252 3711 5321 igno-

2145 5346 2380 5408 ratione,
2407 5355 2461 5402 et
2495 5345 2680 5403 minus
2707 5352 2916 5402 attenta
2947 5344 3311 5401 Aristotelicas
3341 5342 3610 5397 doctrinae
3643 5340 3713 5395 le-

2143 5439 2346 5496 ctione.
2377 5437 2469 5493 Sic
2506 5440 2670 5494 etiam
2722 5436 2956 5494 Trebius
3001 5437 3165 5508 Niger
3192 5434 3438 5507 pedalem
3478 5447 3625 5499 esse,
3657 5438 3713 5485 et

2144 5532 2511 5590 crassitudine
2537 5532 2781 5604 quinque
2818 5531 3115 5603 digitorum
3157 5528 3464 5592 allirmavit,
3496 5524 3712 5578 Plinius

2144 5622 2555 5696 semipedalem,
2582 5623 2862 5696 Oppianus
2907 5623 3190 5694 ἱσόπηχυν.
3244 5620 3429 5691 Neque
3486 5618 3547 5673 in
3601 5606 3751 5677 trs-2

2118 5716 2323 5777 .dcnda
2351 5731 2517 5774 causa
2544 5717 2896 5775 conveniunt.
2923 5715 3285 5789 Hieronymus
3300 5710 3711 5779 Fracastorins,
