3952 6204
222 228 328 287 885

1214 230 1278 285 IN
1320 225 1692 288 EUSTATHII
1731 225 2204 282 BEXAEMERON
2253 206 2501 284 nom.‘

3369 204 3497 288 sso'

227 349 302 404 De
330 351 632 420 sympathia
661 358 713 406 et
757 350 1052 420 antipathia
1099 365 1297 415 rerum,
1345 365 1466 421 cap.
1495 350 1551 415 8,
1585 364 1694 404 non
1724 348 1793 402 ab
1821 353 1866 410 Α
1897 356 2063 417 neget.
2109 347 2204 405 lib.
2250 363 2334 416 tu,
2379 348 2524 419 quod
2573 348 2732 420 hydri
2770 347 3090 406 Eustathius
3125 348 3475 405 ichneumuni

224 442 520 499 echenelde
559 443 736 498 navim
762 443 1030 508 cohiberi,
1067 443 1162 498 sed
1194 443 1543 498 echeneidem
1572 456 1695 496 esse
1722 441 1798 497 si-

226 553 394 609 gnum
426 537 660 608 scopuli,
693 537 786 608 qui
824 536 1001 594 subsit
1033 536 1136 592 sub
1162 537 1319 607 aquis
1371 537 1531 606 cujus
1560 535 1677 591 saxi
1714 533 1798 590 vis

227 645 420 685 navem
452 631 715 684 remorari
734 630 928 685 valeat.
952 628 1106 684 lllum
1118 629 1296 684 Julius
1319 627 1559 699 Scaliger
1575 631 1641 682 de
1669 626 1799 682 sub-

225 721 418 775 tilitate
433 720 501 774 ad
512 718 844 782 Cardanum,
858 733 1041 774 exere.
1061 719 1187 787 219,
1207 719 1452 792 pluribus
1464 717 1797 790 argumentis

222 810 446 874 refellit,
475 825 599 865 cum
617 811 752 864 nihil
783 811 896 880 ipse
913 809 979 864 de
1002 826 1101 866 suo
1125 811 1176 864 in
1205 809 1441 865 medium
1458 809 1666 874 all'crat,
1704 809 1798 864 sed

219 903 291 958 ad
338 902 586 958 occultas
612 900 876 972 quasdam
901 903 1194 972 qualitates
1233 901 1301 955 ab
1322 901 1606 956 elementis
1631 901 1797 956 rebus

219 995 677 1058 communicatas,
697 1009 834 1064 quas
858 993 1281 1048 nesciautanimi
1301 993 1584 1064 temperati
1612 1011 1624 1047 :
1654 999 1709 1047 et
1729 992 1798 1046 ad

218 1086 547 1144 manifestas
565 1087 1039 1142 omniadetlucere
1060 1086 1352 1157 qualitates
1376 1101 1586 1142 summa
1623 1085 1798 1156 impu-

217 1178 408 1235 dentia
425 1186 530 1236 est.
556 1178 774 1233 Scilicet
809 1178 911 1234 hoc
960 1185 1040 1233 est
1068 1178 1120 1231 in
1147 1177 1433 1233 sententiis
1453 1177 1802 1233 doctissimo-

218 1285 345 1325 rum
364 1286 423 1326 se
433 1285 707 1334 exercere,
720 1285 840 1340 quae
860 1285 973 1339 ipse
987 1269 1199 1325 nescias
1217 1268 1483 1334 refellere,
1500 1276 1552 1323 et
1569 1267 1797 1322 aliorum

217 1362 280 1417 in
303 1377 487 1418 rerum
517 1363 701 1417 causis
729 1361 1050 1432 indagandis
1077 1363 1314 1417 studium
1339 1370 1391 1417 et
1424 1360 1681 1430 impetum
1703 1375 1800 1430 op-

216 1453 542 1526 pugnando,
570 1453 700 1524 quid
733 1453 849 1524 ipse
879 1460 1066 1524 postea
1096 1454 1290 1524 possit,
1331 1460 1595 1524 quantum
1624 1454 1800 1508 valeat

217 1549 278 1603 in
308 1547 511 1619 ingenii
541 1547 765 1602 humani
798 1546 942 1602 vires
971 1545 1292 1608 imbecilles,
1323 1545 1408 1599 vel
1428 1537 1800 1601 occultissima

216 1657 439 1701 natura:
483 1653 691 1702 secreta
734 1643 1050 1700 amandare.
1085 1641 1130 1697 Ο
1161 1658 1289 1698 vere
1337 1641 1603 1712 lepidum!
1638 1656 1671 1696 ο
1702 1642 1800 1696 do—

1874 475 1876 478 τ
1906 440 2118 495 tribuit.

1913 553 2234 628 ξιχνεύμων
2275 555 2455 628 βᾳιὸς
2501 556 2636 624 μὲν,
2670 556 2816 628 ἀτὰρ
2863 556 3218 626 μεγάλοισιν
3261 560 3483 628 ομοίως

1899 624 2247 695 Μέλπεσθαι
2280 625 2528 692 θήρεσσι
2556 624 2846 693 πανὰξιος
2865 624 3067 682 εἵνεκα
3083 624 3340 695 βουλῆς,

1913 693 2128 766 ςΑλκῆς
2158 712 2220 748 τε
2249 697 2540 766 κρατερῆς
2565 697 2684 750 ὑπὸ
2721 698 3080 765 νηπεδανοῖς
3097 693 3388 766 μελέεσσι

2019 757 2129 832 γάρ
2161 783 2212 837 τι
2245 757 2531 834 κὲρδεσσὶ
2554 757 2875 821 κατέκτὰνε
2899 757 3116 822 διετλὲιὶ
3150 769 3334 837 φῦλα,

1912 832 1976 907 ΪΕ
1970 834 2213 907 pavorii
2211 832 2325 902 ρας
2337 837 2500 907 ὄφεις
2514 854 2576 890 τε
2587 839 2681 891 καὶ
2695 837 3028 907 ἀργαλέους
3038 832 3475 905 κροᾶιοδείλους.

1899 905 2494 984 ξείνους-Αἐιλῴους,
2524 905 2742 984 ξένιον
2763 905 2955 984 γτένος·
2981 911 3204 984 ὁππότε
3225 908 3332 978 γάρ
3356 928 3448 976 τις

1903 976 2108 1048 ξηρῶν
2134 976 2480 1048 λεογαλέων
2508 978 2679 1046 εὕδῃ,
2710 976 3020 1048 τρίστοιχα
3060 976 3372 1046 πετάσσας

1899 1045 2132 1119 Χείλεα,
2156 1046 2265 1119 nali
2276 1046 2420 1115 χάος
2437 1048 2600 1119 cupi),
2620 1049 2715 1102 καὶ
2736 1045 3226 1119 nummum»
3240 1045 3407 1119 ἕρκος

1899 1113 1978 1198 hri
1995 1116 2084 1198 ρει
2108 1113 2544 1198 τιξτἈὶρένεύμων
2573 1117 2786 1198 ᾷολζην
2819 1118 3116 1198 ἐπὶ-μῆτιν
3140 1113 3418 1198 modium?

1900 1185 2113 1258 Λοξοῖς
2147 1185 2544 1258 ᾂςρθᾳλμοῖσιν
2562 1190 2848 1257 ἀπείρονα
2867 1185 3031 1258 φῦλά
3060 1185 3311 1253 δοκεύει,

1900 1257 2120 1328 Εζσόκε
2143 1256 2218 1328 ᾂὴ
2246 1257 2447 1328 ,βαθύν
2475 1259 2671 1312 ὕπνον
2698 1256 2795 1312 ἐπὶ
2820 1256 2994 1328 φρεσὶ
3025 1264 3442 1328 πιστεύσηται.

1898 1321 2060 1402 Allia
2075 1321 2232 1402 (ξ’
2247 1327 2316 1379 ἐν
2332 1328 2656 1402 ψαμάθοισι
2674 1331 2773 1402 οιαὶ
2789 1321 3160 1402 ἐνίπηλοῖσιν
3177 1321 3441 1402 ἐνζισθεὶς,

1913 1396 2100 1470 Ῥίμφ’
2123 1397 2357 1470 ἓθορενλ
2377 1396 2657 1470 πυλεῶνα
2683 1396 3062 1470 διιπτάμενος
3087 1400 3361 1455 θανάτοιο

1907 1466 2450 1540 Τολμηρῇλκραδίῃ,
2481 1468 2578 1522 διὰ
2599 1468 2650 1521 δ’
2679 1466 2890 1540 εὐρέος
2915 1470 3102 1538 ἤλυθε
3129 1472 3366 1540 λαιμοῦ.

1901 1536 2098 1610 Αὐτὰρ
2122 1537 2208 1610 ὅγ’
2235 1539 2302 1601 ἐξ
2332 1539 2527 1592 ὕπνου
2549 1536 2852 1610 βαρυάέος
2883 1536 3085 1610 ἐγέρετο
3118 1536 3340 1609 δειλὸς,

1903 1607 2012 1660 Καὶ
2046 1607 2234 1661 κακὸν
2273 1610 2342 1662 ἐν
2381 1611 2709 1680 lardi-eam
2739 1607 3142 1679 φέρωντόσον
3171 1607 3480 1754 ἀπιῗοτίελ·

3305 1700 3476 1748 πτον,

3305 1700 3476 1748 πτον,

216 1749 374 1795 etum
402 1740 592 1809 caput!
629 1738 831 1793 habent
852 1752 1012 1806 quem
1035 1742 1334 1806 sequantur
1366 1732 1506 1805 frugi
1536 1733 1590 1788 in
1623 1733 1794 1789 scien-

1906 1748 2105 1822 Πάντη
2128 1752 2508 1822 μαινόμενος,
2537 1751 2633 1805 καὶ
2662 1751 2969 1822 ἀμήχανος
3000 1713 3444 1822 ἀμφαὶάλιιῖᾏῖιῖ

216 1833 322 1888 tiis
350 1832 623 1895 homines,
655 1847 775 1903 quae
811 1831 1086 1901 ignorant,
1121 1829 1232 1898 jam
1265 1843 1326 1883 se
1361 1828 1503 1884 scire
1552 1842 1803 1898 compro-

216 1925 454 1987 babunt,
496 1925 543 1980 si
580 1923 648 1978 ad
695 1924 989 1994 qualitates
1029 1921 1152 1975 illas
1202 1920 1469 1986 occultas,
1513 1935 1650 1990 quas
1700 1921 1804 1990 ipsi

217 2017 484 2071 nesciunt
509 2016 742 2082 scilicet,
777 2015 1070 2070 deducent.
1106 2011 1213 2067 Sed
1247 2013 1408 2068 nobis
1451 2013 1678 2068 tantillis
1699 2013 1802 2066 ho-

217 2108 618 2165 muncionihus
663 2109 715 2164 id
761 2108 948 2164 forsan
990 2112 1138 2161 esset
1185 2106 1344 2162 satis.
1382 2105 1450 2160 At
1502 2105 1800 2178 Scaligero,

215 2215 388 2272 quem
420 2201 557 2255 nihil
589 2201 645 2255 in
689 2216 875 2256 rerum
917 2209 1114 2256 natura
1144 2199 1280 2270 fugit
1319 2213 1578 2271 unquam,
1613 2207 1667 2255 et
1709 2199 1806 2271 qui

214 2293 365 2350 nihil
398 2309 524 2350 cum
556 2293 680 2349 aliis
719 2309 1030 2350 commune.

296 2474 457 2539 lbid.,
487 2475 586 2529 lin.
615 2474 706 2531 2'5.
745 2475 960 2544 "pooc
1001 2475 1068 2530 δέ
1107 2477 1276 2530 ἐστιν
1303 2475 1372 2528 ἐν
1419 2472 1498 2539 τῷ
1534 2470 1800 2542 ποταμῷ.

217 2568 423 2625 Petrus
456 2567 772 2632 Damianus,
805 2569 897 2622 lib.
933 2585 996 2632 ιι,
1029 2569 1190 2638 epist.
1227 2567 1291 2621 18
1319 2585 1332 2620 :
1364 2565 1579 2637 Hydrus
1605 2565 1806 2618 animal

215 2669 302 2716 est
330 2659 578 2715 habitans
615 2661 669 2714 in
699 2659 996 2731 gurgitibus
1033 2660 1332 2728 ﬂuminum,
1359 2659 1636 2712 crocodilis
1663 2657 1806 2726 fera-

214 2753 349 2807 l't'ter
401 2753 700 2806 inimicum.
747 2751 849 2805 Ilic
882 2753 1058 2821 itaque
1105 2767 1224 2804 cum
1267 2749 1456 2804 uiderit
1485 2747 1805 2802 crocodilum

215 2855 406 2915 aperto
438 2862 526 2899 ore
560 2847 614 2900 in
639 2845 900 2915 crepidine
933 2845 1166 2915 ﬂuminis
1200 2844 1564 2908 dormientem,
1601 2842 1799 2909 provol-

216 2940 366 2993 vitur
399 2938 450 2990 in
479 2937 604 2991 limo
632 2938 753 3004 luti,
788 2946 844 2990 ut
885 2935 1128 3006 faucibus
1165 2935 1311 2990 illius
1354 2933 1554 2988 lubrico
1590 2949 1808 3002 corpore

1909 1820 2153 1873 Ἀλλοτε
2227 1821 2295 1874 ὲν
2325 1822 2459 1875 ποτὶ
2489 1820 2719 1890 τέρματῖ
2745 1820 2848 1876 ἰὼν
2873 1820 3146 1891 μυχάιου
3171 1836 3324 1877 ποτα
3339 1825 3478 1888 tofo,

1911 1890 2151 1943 Ἀλλοτε
2236 1887 2314 1943 αὖ
2325 1891 2649 1943 ύαιιάθοισι
2667 1893 3093 1943 κυλινδόμενοι·
3109 1894 3246 1943 ποτὶ
3261 1844 3478 1943 γίοσον

1911 1890 2151 1964 ξΑλλοτε
2165 1887 2218 1964 ”
2236 1887 2314 1946 αὖ
2325 1887 2649 1964 ψαμάθοισι
2667 1887 3093 1964 κυλινδόμενος
3109 1894 3246 1964 ποτὶ
3257 1887 3483 1964 χέρσον

1908 1961 2521 2034 ’ᾼζιιοιονγάσθμαίνῳικ
2551 1961 2976 2034 στρωφώμενος
2997 1965 3139 2034 ἀμφ’
3161 1961 3476 2034 ὀδύνῄσιν·

1905 2032 2101 2116 ᾒρτὰρ
2119 2031 2202 2116 ὄϊς
2219 2035 2328 2116 orbae
2349 2031 2567 2116 ἀλέγευ
2588 2031 2851 2116 γλυκερῇ
2871 2034 2921 2088 δ’
2939 2031 3264 2116 ἐπιτερπεῖ
3288 2031 3482 2116 έξωὸῇ

1908 2101 2118 2174 ’ξΗπᾳτᾼι
2135 2101 2201 2174 δ’
2227 2101 2365 2171 ἄγχι
2392 2101 2659 2174 μάλιστα
2683 2101 3022 2174 παρήμενος
3043 2101 3422 2168 ειζλαπινάζει.

1917 2171 2053 2240 Ὀψὲ
2079 2171 2145 2227 δέ
2176 2189 2264 2226 τοι
2287 2173 2596 2242 προλιπὼν
2616 2171 2826 2228 κενεὸν
2841 2171 3031 2244 δέμας
3050 2174 3257 2244 ἔκθορε
3278 2176 3476 2246 θηρός.

1908 2283 2139 2339 Dubium
2179 2293 2341 2358 auget
2393 2285 2664 2344 Diodorus
2711 2288 2805 2358 qui
2852 2289 3268 2345 ichneumonem
3311 2303 3480 2359 parvo

1904 2374 2029 2428 cani
2069 2375 2303 2431 similem
2342 2376 2494 2444 facit,
2538 2379 2644 2434 etsi
2678 2381 2926 2436 mustela
2967 2379 3258 2436 Nicander.
3291 2379 3479 2437 Timo-

1905 2467 2065 2523 theus
2095 2469 2209 2524 sive
2245 2468 2583 2540 Theophilus
2615 2473 3042 2540 Alexandrinus,
3071 2474 3320 2530 oratione
3358 2473 3482 2527 Τίνι

1906 2562 2205 2630 ὁμοιοῦται
2251 2566 2284 2617 ό
2333 2564 2702 2633 ἀνθρώπινος
2739 2567 2900 2632 βίος,
2938 2566 3136 2620 animal
3188 2566 3290 2620 hoc
3334 2564 3481 2634 quod

1905 2667 2000 2720 per
2028 2667 2090 2707 os
2121 2655 2382 2708 crocodili
2414 2655 2607 2720 insilit,
2638 2657 2863 2711 subiens
2900 2658 2953 2710 in
2975 2663 3244 2722 ventrem,
3269 2664 3325 2713 et
3363 2657 3480 2711 dis-

1906 2750 2092 2812 cerpto
2142 2743 2264 2814 ejus
2295 2754 2507 2801 ventre
2551 2745 2665 2800 exit
2710 2747 2889 2800 bellua
2937 2753 3153 2801 mortua
3195 2745 3478 2808 derelicta,

1907 2831 2092 2907 hyfum
2126 2840 2381 2908 appellat,
2425 2840 2648 2910 vultque
2682 2840 2866 2896 alitem
2901 2856 3042 2896 esse.
3079 2841 3191 2894 Καὶ
3228 2839 3483 2911 καθάπερ

1905 2929 1965 2982 τὸ
1988 2929 2172 3001 ὄρνεον
2200 2931 2356 2995 ὓλλος
2384 2935 2541 3004 τηρεῖ
2569 2933 2659 2986 τὸν
2683 2933 3042 3005 κροκόδειλον,
3060 2932 3164 2997 ἕως
3188 2932 3253 2986 ἂν
3274 2933 3355 3004 ἴδῃ
3380 2934 3483 2986 αὖ·

219 3028 442 3099 {acilius
463 3028 629 3096 possit
663 3027 835 3081 illabi.
864 3026 1008 3081 Tunc
1036 3029 1093 3080 in
1123 3043 1180 3081 os
1202 3025 1455 3080 crocodili
1488 3025 1800 3079 dormientis

1907 3021 1998 3074 τὸν
2023 3022 2194 3093 ἡδέως
2221 3023 2312 3075 καὶ
2337 3023 2656 3095 ἀμερίμνως
2686 3023 3058 3088 ὑπνώσσοντα,
3096 3025 3190 3080 καὶ
3218 3025 3278 3078 τὸ
3309 3025 3482 3097 στόμα

213 3121 504 3191 perniciter
537 3119 730 3184 insilit,
763 3137 913 3190 quem
936 3120 1029 3174 ille
1049 3118 1378 3174 desubitatus
1402 3127 1607 3186 repente
1622 3116 1804 3186 deglu-

217 3216 308 3268 tit.
338 3211 558 3283 Hydrus
598 3229 715 3267 vero
746 3216 944 3268 viscera
983 3214 1094 3283 ejus
1127 3223 1315 3266 cuncta
1355 3212 1604 3274 dilaniat,
1641 3211 1805 3266 donec

214 3316 269 3360 et
297 3305 415 3375 jam
449 3322 667 3374 prorsus
697 3306 956 3360 exstincto
994 3304 1058 3358 de
1087 3304 1339 3359 cadavere
1374 3304 1520 3358 illius
1577 3305 1720 3358 vivus
1753 3312 1802 3357 et

213 3399 390 3453 uictor
421 3409 682 3467 erumpat.
711 3395 884 3465 Hujus
937 3397 1186 3452 animalis
1220 3396 1468 3451 meminit
1501 3396 1666 3450 etiam
1705 3395 1804 3448 Mi-

213 3491 380 3546 chael
404 3489 620 3562 Glycas,
650 3491 743 3545 lib.
779 3506 829 3544 tv
858 3489 1192 3554 Annalium;
1236 3487 1406 3544 David
1439 3481 1800 3553 Hceschelius,

212 3591 275 3640 et
319 3581 613 3639 Conradus
667 3581 1094 3642 Rittershusius.
1142 3581 1234 3636 hic
1282 3581 1430 3637 notis
1463 3581 1530 3636 ad
1572 3582 1802 3652 Oppiani

210 3675 474 3747 Cyneget.
506 3676 598 3730 lib.
621 3692 704 3740 In,
727 3691 837 3730 ver.
866 3675 990 3739 ΜΠ,
1021 3675 1115 3729 ille
1150 3675 1369 3730 notisin
1400 3673 1600 3728 Horum
1623 3673 1713 3728 lib.
1743 3691 1800 3739 ll,

212 3784 346 3839 cap.
384 3767 491 3832 35,
541 3767 742 3820 animal
795 3766 900 3820 hoc
957 3781 1082 3820 cum
1132 3765 1491 3820 ichneumone
1552 3765 1805 3821 videntur

213 3861 586 3925 confundere,
644 3865 697 3913 et
755 3857 1162 3914 Rittershusius
1230 3857 1412 3910 locum
1483 3856 1675 3912 lsidori
1737 3873 1803 3913 ex

213 3951 324 4006 lib.
349 3966 449 4014 xu,
473 3965 593 4022 cap.
627 3949 680 4013 6,
713 3949 953 4004 adducit.
985 3947 1163 4003 Verba
1201 3963 1323 4018 quae
1358 3947 1544 4002 laudat
1586 3948 1796 4016 lsidori,

217 4051 393 4100 sunt:
430 4043 661 4097 Bestiola
685 4057 748 4096 ea:
775 4057 835 4096 co
863 4049 1164 4110 nuncupata
1201 4040 1406 4110 quodin
1443 4041 1592 4110 aquis
1627 4057 1797 4096 verse-

218 4146 335 4199 tur,
387 4143 437 4188 et
484 4135 714 4187 maxime
759 4134 816 4187 in
851 4131 981 4187 Nilo
1025 4133 1247 4204 (nomen
1298 4132 1542 4187 bestiolae
1587 4133 1803 4205 ἔνυδρος

216 4228 356 4295 est),
389 4242 506 4296 quae
524 4227 572 4279 si
596 4226 846 4280 invenerit
863 4225 1203 4280 dormientem
1235 4224 1580 4289 crocodilum,
1604 4225 1802 4279 volutat

218 4337 280 4374 se
325 4321 380 4372 in
410 4318 578 4371 lutum
606 4319 833 4387 primum
865 4328 914 4373 et
957 4320 1120 4372 intrat
1148 4321 1202 4373 in
1236 4336 1292 4373 os
1328 4318 1441 4388 ejus
1464 4335 1555 4387 per
1579 4328 1801 4372 ventrem

1911 3114 2252 3184 ἀνεῳγμένον
2271 3115 2481 3186 ἔχοντα·
2531 3117 2626 3170 καὶ
2653 3118 2774 3170 τότε
2816 3118 3149 3190 εἰσπηδῆσαν
3177 3122 3481 3190 εἰσέρχεται

1903 3205 1990 3259 διὰ
2017 3206 2108 3258 τοῦ
2151 3207 2413 3277 στόματος
2446 3207 2610 3261 αὐτοῦ
2653 3212 2732 3272 εἰς
2776 3209 2876 3280 τὴν
2916 3210 3123 3264 κοιλίαν
3165 3211 3349 3278 αὐτοῦ,
3387 3212 3482 3266 καί

1903 3297 2199 3371 διαῤῥῆξσιν
2228 3300 2326 3370 τὴν
2352 3301 2593 3372 γαστέρα
2622 3301 2785 3355 αὑτοῦ
2819 3302 3124 3374 ἐξέρχεται,
3166 3302 3481 3359 καταλιπὼν

1904 3389 2065 3442 αὑτὸν
2100 3391 2311 3462 νεκρόν.
2352 3389 2458 3446 Sed
2495 3392 2561 3446 de
2596 3393 2958 3449 ichneumone
2991 3393 3242 3451 inferius.

1975 3482 2134 3546 lbid.,
2175 3483 2270 3537 lin.
2309 3485 2397 3538 50.
2435 3485 2604 3538 Ἐστι
2637 3485 2706 3540 δὲ
2743 3491 2775 3542 ό
2822 3487 3220 3558 κροκόδειλος.
3246 3489 3477 3557 Plinius,

1904 3577 1999 3632 lib.
2028 3593 2197 3641 xutt,
2230 3592 2349 3649 cap.
2374 3579 2432 3632 ll
2461 3597 2473 3634 :
2509 3579 2919 3653 Communesque
2949 3593 3123 3646 terrw,
3154 3584 3310 3646 mari,
3334 3586 3481 3638 amni

1905 3671 2304 3742 hippopotami,
2369 3673 2638 3728 crocodili.
2700 3673 3060 3729 Eustathiana
3119 3675 3232 3730 huic
3285 3676 3480 3731 eadem

1906 3767 1971 3820 ad
2007 3767 2230 3820 verbum
2256 3767 2512 3837 leguntur
2537 3767 2677 3837 apud
2703 3767 2971 3823 Achillem
3001 3766 3236 3823 Statium
3265 3769 3343 3822 De
3366 3767 3481 3824 Cli-

1907 3856 2167 3924 top/contis
2197 3866 2245 3910 et
2297 3855 2577 3927 Leucippes
2615 3857 2907 3922 amoribus,
2946 3858 3040 3912 lib.
3094 3875 3167 3914 tv.
3201 3859 3479 3916 Crocodili

1906 3955 2218 4001 accuratam
2263 3947 2686 4018 descriptionem
2735 3950 2902 4004 habes
2949 3949 3093 4020 apud
3145 3949 3480 4006 Herodotum

1908 4040 1962 4093 in
1995 4037 2256 4108 Euterpe;
2287 4039 2658 4106 Aristotelem,
2683 4041 2778 4095 lib.
2804 4056 2857 4095 ts
2894 4040 3100 4096 Histor.
3140 4044 3329 4106 anim.,
3355 4057 3475 4113 cap.

1905 4129 1975 4194 6;
2011 4130 2382 4194 Heliodorum,
2415 4131 2510 4186 lib.
2542 4149 2632 4198 vt;
2680 4133 3028 4187 Ammianum
3073 4131 3472 4199 Marcellinum,

1905 4226 1942 4279 l.
1971 4243 2117 4292 xxu;
2152 4225 2442 4291 lsidorum,
2475 4227 2568 4281 lib.
2601 4218 2702 4291 xu,
2729 4241 2851 4294 cap.
2883 4226 2952 4294 6;
2980 4227 3278 4283 Diodorum
3318 4228 3478 4282 Sicu-

1905 4321 2040 4388 lum,
2077 4322 2170 4376 lib.
2218 4339 2257 4387 l,
2309 4329 2450 4392 part.
2486 4338 2498 4375 l
2529 4339 2543 4387 ;
2574 4320 2834 4384 Plinium,
2882 4322 2976 4377 lib.
3022 4337 3144 4386 vm,
3197 4337 3318 4392 cap.
3367 4319 3475 4385 27;

215 4420 274 4465 et
304 4425 525 4476 carpens
568 4411 746 4463 omnia
784 4411 1040 4466 interiora
1065 4411 1176 4480 ejus
1206 4412 1314 4465 exit
1354 4412 1467 4466 viva
1505 4411 1569 4464 de
1593 4412 1804 4465 visceri-
1834 4414 1880 4470 D
1909 4411 2173 4468 Joannem
2216 4412 2447 4468 Leonem
2484 4413 2538 4466 in
2573 4412 2838 4482 Descript.
2870 4413 3088 4480 Africae,
3117 4413 3213 4467 lib.
3236 4429 3309 4467 ιι.
3334 4409 3476 4466 Soli-

218 4502 323 4555 bus
346 4501 613 4556 crocodilo
630 4503 745 4571 ipso
768 4503 1272 4558 mortuo.Crocodili
1295 4519 1418 4558 cum
1444 4503 1803 4558 ichneumone

217 4593 632 4650 internecinum
656 4595 857 4650 bellum
898 4597 1080 4651 sciunt
1106 4611 1316 4662 omnes,
1353 4612 1454 4651 nec
1501 4597 1610 4650 alio
1644 4596 1804 4652 modo

217 4687 333 4742 nisi
362 4702 606 4741 mersum
649 4687 799 4752 limo,
851 4703 1026 4759 eoque
1077 4690 1242 4745 veluti
1293 4689 1459 4746 coriis
1512 4689 1802 4744 loricatum

219 4780 283 4836 in
332 4778 745 4835 dimicationem
791 4796 1034 4853 pergere.
1054 4781 1345 4838 Crederem
1377 4792 1557 4838 tamen
1587 4781 1800 4854 hydrim

220 4871 508 4926 diversum
543 4872 673 4942 quid
714 4889 839 4930 esse
879 4875 946 4929 ab
981 4875 1367 4938 ichneumone,
1403 4891 1526 4930 cum
1571 4875 1803 4930 inferius

221 4972 421 5019 noster
467 4963 787 5022 Eustathius
832 4967 900 5023 de
945 4968 1306 5023 ichneumone
1343 4983 1649 5025 sermonem
1703 4968 1802 5022 ha-

223 5055 378 5120 heat,
415 5055 648 5128 ejusque
677 5059 878 5114 bellum
913 5074 1037 5113 cum
1078 5061 1269 5130 aspide
1298 5061 1604 5116 luculenter
1632 5061 1802 5131 expli-

223 5157 338 5211 cet,
368 5146 436 5202 de
470 5165 575 5218 qua
600 5149 758 5222 hydri
775 5159 829 5207 et
853 5152 1016 5207 verba
1045 5150 1239 5207 lsidori
1269 5153 1616 5224 intelligenda
1651 5160 1798 5207 sunt.

225 5238 339 5295 Nec
372 5239 518 5294 aliud
543 5242 888 5298 existimasse
913 5242 1159 5298 Solinum
1187 5245 1482 5314 comperio,
1501 5261 1646 5306 cum,
1678 5260 1800 5314 cap.

225 5329 319 5395 35,
349 5329 466 5387 haec
493 5333 718 5397 scribat,
750 5334 905 5400 Quod
934 5334 1162 5404 enydrus
1186 5336 1540 5405 conspicatus,
1577 5337 1801 5389 alterum

225 5419 631 5476 ichneumonum
670 5440 850 5492 genus,
885 5434 1121 5493 penetrat
1160 5423 1410 5490 belluam,
1436 5427 1802 5496 populatisque

226 5513 503 5577 vitalibus,
544 5531 697 5568 erosa
739 5517 849 5570 exit
898 5516 1064 5572 alveo.
1115 5516 1376 5583 Quamvis
1431 5517 1644 5574 Delrius
1688 5518 1798 5587 illa,

231 5606 470 5660 Alterum
492 5607 889 5662 ichneumonum
912 5626 1094 5680 genus,
1116 5617 1328 5666 veteres
1354 5610 1524 5668 libros
1549 5628 1656 5666 non
1670 5627 1772 5666 con
1787 5642 1801 5652 -

223 5698 406 5780 _tinere
435 5696 681 5754 afﬁrmet.
732 5697 850 5754 Non
887 5701 1146 5771 permittit
1209 5700 1488 5772 Oppianus
1539 5701 1631 5774 qui
1697 5700 1799 5772 Cy-

1904 4519 2009 4559 nus
2048 4504 2162 4558 lnee
2195 4504 2261 4558 de
2292 4519 2377 4567 eo,
2400 4519 2522 4572 cap.
2559 4503 2627 4557 55
2650 4523 2662 4558 :
2689 4501 2997 4558 Crocodilus
3028 4503 3225 4555 malum
3241 4501 3477 4572 quadru-

1903 4614 2012 4664 pes,
2040 4606 2095 4650 et'
2127 4597 2179 4650 in
2213 4607 2372 4660 terra,
2405 4605 2453 4649 et
2489 4597 2542 4648 in
2567 4595 2784 4665 [lumine
2814 4597 3013 4663 pariter
3040 4595 3196 4658 valet,
3241 4595 3474 4665 linguam
3507 4622 3511 4626 -

1903 4702 2007 4738 non
2036 4684 2213 4748 habet,
2250 4685 2528 4738 maxillam
2552 4695 2718 4740 movet
2741 4685 3096 4755 superiorem:
3119 4702 3325 4740 morsus
3355 4685 3472 4753 ejus

1903 4775 2150 4830 horribili
2181 4777 2461 4830 tenacitate
2506 4777 2833 4840 conveniunt,
2875 4777 3103 4846 stipante
3145 4793 3199 4831 se
3239 4776 3473 4830 dentium

1902 4870 2034 4922 serie
2069 4868 2374 4936 pectinatim
2401 4881 2421 4920 :
2449 4867 2750 4936 plerumque
2782 4867 2850 4920 ad
2881 4869 3060 4940 viginti
3088 4869 3239 4924 ulnas
3272 4869 3476 4940 magni-
3505 4905 3512 4909 -

1907 4960 2105 5015 tudinis
2137 4961 2387 5014 coalescit
2419 4971 2436 5012 :
2469 4961 2651 5029 qualia
2693 4977 2900 5014 anseres
2948 4962 3059 5014 edit
3089 4977 3215 5025 ora;
3249 4972 3474 5014 metatur

1906 5053 2078 5107 locum
2109 5052 2232 5106 nido
2265 5053 2502 5106 naturali
2531 5051 2882 5120 providentia,
2913 5071 3005 5107 nec
3033 5055 3160 5108 alibi
3193 5054 3330 5123 [etas
3354 5070 3473 5122 pre-

1902 5146 2032 5208 mit,
2065 5161 2223 5215 quant
2277 5161 2376 5214 quo
2421 5144 2697 5198 crescentis
2731 5142 2848 5197 Nili
2902 5162 3053 5216 aqua:
3091 5162 3196 5200 non
3251 5157 3470 5214 possunt
3506 5169 3516 5178 ~

1899 5239 2184 5307 pervenire.
2223 5236 2286 5291 In
2314 5247 2468 5305 partu
2497 5236 2717 5306 fovendo
2742 5255 2854 5292 mas
2877 5249 2925 5292 et
2958 5239 3156 5308 femina
3199 5239 3330 5293 vices
3356 5258 3468 5294 ser-
3507 5248 3511 5252 ’

1901 5342 2042 5387 uant.
2081 5330 2283 5385 Pra'tcr
2298 5330 2500 5384 hiatum
2523 5332 2629 5383 oris
2653 5341 2893 5386 armatus
2921 5341 2998 5385 est
3027 5333 3187 5386 etiam
3219 5334 3469 5402 unguium

1901 5424 2256 5478 immanitate.
2297 5420 2555 5476 Noctibus
2586 5423 2636 5475 in
2673 5438 2811 5491 aqua
2835 5422 3009 5492 degit;
3040 5439 3130 5492 per
3159 5423 3298 5477 diem
3324 5425 3471 5478 humi

1902 5517 2204 5586 acquiescit.
2235 5515 2612 5571 Circumdatur
2656 5516 2892 5570 maxima
2919 5517 3056 5570 cutis
3108 5518 3383 5587 ﬁrmitate,
3416 5522 3471 5574 in

1903 5615 2132 5670 tantum,
2168 5617 2224 5659 ut
2254 5608 2387 5661 ictus
2413 5606 2592 5678 quovis
2625 5614 2879 5662 tormento
2911 5607 3128 5664 adactos
3163 5619 3362 5679 tergore
3393 5628 3473 5664 re-

1902 5698 2178 5769 percutiat.
