3924 6968
505 283 608 340 887

1844 292 2087 348 LEONIS
2124 291 2394 348 ALLATll

3629 294 3726 349 888

577 395 733 466 lbitl‘.,
767 400 862 454 lin.
889 399 980 455 42.
1029 401 1162 456 Ἐὰν
1190 399 1451 474 suum.
1486 405 1679 461 Mirum
1707 413 1790 461 est
1819 406 1964 476 quod
1994 406 2064 461 de
2094 421 2138 476 Α
2167 406 2407 462 Achilles
2459 405 2671 462 Statius
2710 404 2804 462 lib.
2835 422 2910 470 IV,
2953 414 3007 462 et
3048 407 3225 462 simile
3261 405 3411 477 quid,
3443 406 3546 462 etsi
3589 407 3644 460 in
3677 424 3730 462 re

503 505 690 547 eorum
722 493 866 546 victu
919 501 1106 548 narrat
1151 493 1391 552 Joannes
1445 495 1557 552 Leo
1596 500 1652 552 in
1708 497 2065 567 Deseriptione

505 583 722 650 Africae,
752 581 848 638 lib.
872 600 925 638 sx
963 603 976 638 :
1014 585 1220 640 [larum
1255 587 1547 644 belluarum
1581 589 1807 659 amplius
1839 600 2066 645 trecenta

505 675 678 741 capita
701 673 863 730 Cana:
891 677 1144 733 mmnibus
1173 679 1388 734 diducto
1425 682 1563 734 rictu
1592 683 1748 752 afﬁxa
1780 682 1902 749 vidi,
1937 683 2065 736 adeo

505 780 709 834 magnae
762 781 823 820 ac
857 766 1126 830 stupendte
1169 770 1564 838 amplitudinis,
1593 780 1648 824 ut
1686 788 1895 827 vaccam
1937 773 2064 826 inte-

502 870 654 924 grain
701 871 884 926 capere
904 858 1217 924 potuissent,
1249 859 1491 915 dentibus
1518 861 1690 916 acutis
1722 871 1771 914 et
1799 878 2067 932 pmgran-

502 947 675 1003 dibus.
713 948 891 1004 Solent
922 960 1096 1005 autem
1124 951 1363 1023 /Egyptii
1384 954 1668 1022 piscatores
1693 954 1950 1009 crocodilo
1977 972 2067 1009 ca-

502 1049 594 1111 put
617 1041 981 1109 prazscindere,
1003 1043 1409 1115 oppidorumque
1431 1045 1705 1110 mwnibus,
1731 1046 2068 1116 quemadmo-

397 1163 399 1165 ι
502 1129 630 1186 dum
658 1143 925 1188 venatores
957 1134 1193 1204 ferarum
1224 1137 1400 1206 capita
1433 1138 1656 1208 afﬁgere.

571 1223 740 1290 lbid.,
787 1227 885 1283 lin.
933 1227 1024 1283 45.
1063 1229 1116 1281 '0
1164 1228 1233 1282 δὲ
1273 1233 1598 1300 λεγόμενος
1638 1233 2064 1302 ἰπποπόταμος.

502 1315 758 1372 Eamdem
806 1317 1228 1386 descriptionem
1268 1320 1460 1375 iisdem
1503 1320 1615 1376 fere
1654 1322 1838 1377 verbis
1880 1324 2068 1392 paucis

502 1409 805 1466 immutatis
849 1411 1015 1466 habes
1051 1412 1193 1480 apud
1242 1411 1507 1468 Achillem
1555 1412 1812 1476 Statium,
1847 1415 1940 1469 lib.
1974 1430 2064 1469 tv:

504 1499 732 1569 Ἔτυχον
774 1499 1038 1570 ποτάμιον
1066 1501 1270 1573 τθηρίον
1314 1503 1505 1574 ἄνδρες
1544 1503 1906 1575 τεθηρακότες
1943 1504 2069 1570 Θέας

501 1591 669 1656 ἄξιον.
703 1593 894 1647 Ἵππον
921 1595 978 1648 δὲ
1015 1594 1174 1648 αὐτὸν
1201 1593 1294 1647 τοῦ
1329 1594 1519 1649 Νείλου
1552 1597 1776 1650 ἐκάλουν
1814 1600 1862 1651 οἰ
1905 1599 2071 1668 Αἰγύ-

499 1686 793 1740 πτιοι”καὶ
819 1686 930 1739 ἐστι
963 1687 1062 1758 μὲν
1093 1687 1280 1751 ἵππος,
1317 1686 1393 1750 ὡς
1427 1688 1456 1739 ὁ
1487 1687 1643 1756 λόγος
1674 1687 1940 1758 βούλεται,
1971 1690 2069 1760 τὴν

2173 499 2410 565 diversa,
2441 498 2642 570 legitur
2662 498 2803 570 apud
2831 499 3072 570 Longum
3093 500 3412 570 sophistam,
3435 499 3532 553 lib.
3563 514 3580 552 ι
3611 499 3734 551 Ποι-

2169 591 2432 664 μενικῶν,
2463 594 2520 645 in
2549 607 2658 660 quo
2691 592 2852 648 simili
2883 591 3008 646 dolo
3038 599 3285 662 pastores
3305 592 3461 662 lupos
3483 589 3730 661 capiunt.

2239 685 2356 740 Col.
2381 683 2508 748 79.8,
2531 684 2627 738 lin.
2655 685 2708 739 5.
2731 686 3013 754 Δεύτερον
3028 686 3199 750 βοός.
3220 684 3360 739 Cave
3384 683 3530 737 hunc
3550 684 3733 736 locum

2167 777 2242 832 ita
2273 777 2568 847 intelligas,
2609 785 2669 832 ut
2698 778 3142 849 hippopotamum
3171 776 3545 847 magnitudine
3570 790 3738 844 supe-

2168 868 2280 924 rari
2310 869 2611 935 existimes,
2651 882 2716 924 ea
2759 869 2904 922 enim
2948 869 3243 923 maximum
3274 882 3602 937 quemquem
3636 867 3736 921 bo-

2169 975 2287 1016 vem
2333 960 2651 1030 aequiparat.
2697 960 2933 1016 Achilles
2981 960 3206 1025 Statius,
3249 959 3475 1030 μέγεθος
3502 959 3563 1011 δὲ
3593 957 3738 1012 κατά

2169 1051 2296 1124 βοῦν
2326 1053 2418 1106 τὸν
2451 1053 2722 1124 μέγιστον.
2753 1050 2932 1118 Quare
2964 1051 3144 1106 locum
3180 1051 3325 1104 hunc
3364 1050 3438 1103 ita
3477 1050 3739 1112 restituo,

2166 1145 2379 1200 videtur
2409 1147 2554 1200 enim
2600 1145 2845 1208 mutilus,
2890 1144 2999 1197 Kal
3037 1145 3084 1197 οἰ
3124 1143 3379 1214 θηρευταὶ
3410 1142 3576 1204 εὐθὺς
3599 1141 3745 1192 ἁπο-

2168 1237 2426 1290 κλείουσι.
2468 1238 2578 1291 Καὶ
2616 1237 2730 1290 ἐστι
2775 1237 2871 1308 μὲν
2915 1238 2996 1299 εἰς
3031 1234 3200 1306 ἀλκὴν
3241 1234 3529 1303 ἐλέφαντος
3568 1231 3743 1286 Ἰνὼῦ

2166 1328 2434 1400 δεύτερον·
2463 1328 2584 1399 βοὸς
2609 1329 2665 1382 δὲ
2691 1329 2803 1400 ἔχει
2836 1327 2896 1381 τὸ
2921 1327 3108 1398 θηρίον
3130 1327 3191 1380 τὸ
3227 1325 3470 1397 μέγεθος.

2240 1418 2398 1485 lbid.,
2432 1421 2524 1474 lin.
2558 1421 2611 1476 5.
2648 1421 2744 1474 Ἑν
2761 1419 2830 1472 δὲ
2847 1419 2972 1483 τοῖς
2989 1420 3186 1488 ἰχθύσι
3213 1415 3415 1483 πολλή
3455 1432 3568 1481 τις.
3606 1413 3745 1467 Ari-

2169 1510 2394 1566 stoteles
2423 1517 2604 1565 tamen
2629 1511 2707 1564 De
2737 1512 3067 1580 generatione
3095 1509 3285 1570 anim.,
3310 1507 3403 1561 lib.
3426 1522 3510 1568 ιιι,
3531 1521 3660 1575 cap.
3691 1504 3744 1571 l,

2170 1599 2403 1670 piscium
2425 1608 2675 1653 naturam
2702 1599 3033 1670 l'rigidiorem
3063 1612 3185 1652 esse
3217 1595 3464 1659 allirmat,
3499 1596 3746 1664 ideoque

2173 1690 2245 1743 ita
2275 1688 2385 1744 illis
2411 1690 2556 1743 sicut
2592 1696 2646 1743 et
2691 1689 2884 1743 avibus
2923 1694 3205 1743 menstrua
3234 1686 3382 1740 nulla
3413 1685 3665 1756 prodire,
3689 1691 3744 1738 et

501 1776 742 1848 γαστέρα
783 1777 874 1830 καί
908 1779 1034 1842 τοῦς
1077 1777 1262 1842 πόδας,
1307 1777 1444 1850 πλὴν
1481 1779 1606 1833 ὅσον
1640 1781 1697 1833 ὲν
1727 1780 1863 1852 χηλῇ
1897 1781 2063 1852 σχίζει

2171 1787 2496 1850 conceptum
2543 1780 2849 1836 consistere
2880 1778 2997 1834 sine
3034 1778 3212 1844 coitu;
3243 1786 3298 1834 et
3326 1778 3421 1831 lib.
3444 1791 3568 1840 vni,
3611 1790 3738 1846 cap.

499 1868 598 1938 τὴν
672 1867 863 1940 ὁπλήν.
906 1869 1150 1939 Μέγεθος
1189 1869 1246 1923 δὲ
1295 1868 1438 1924 κατὰ
1482 1868 1608 1939 βοῦν
1650 1870 1743 1924 τὸν
1794 1871 2064 1941 μέγιστον.

497 1959 650 2031 Ούρὰ
679 1959 924 2031 βραχεῖα,
961 1961 1052 2015 καὶ
1083 1961 1211 2032 ψιλὴ
1242 1961 1463 2034 τριχῶν,
1501 1962 1583 2014 ὅτι
1621 1963 1714 2016 καὶ
1750 1963 1810 2016 τὸ
1839 1965 1946 2016 πᾶν
1974 1961 2067 2016 τοῦ

500 2052 749 2122 σώματος
779 2053 949 2118 οὕτως
993 2053 1123 2124 ἔχει·
1168 2053 1376 2126 κεφαλὴ
1409 2054 1708 2128 περιφερὴς
1738 2055 1798 2108 οὐ
1841 2060 2099 2126 σμικρα.“

513 2145 708 2213 Ἐγγὺς
726 2145 891 2199 ἵππου
911 2147 1152 2218 παμιαί,
1177 2146 1390 2218 μυκτὴρ
1417 2148 1510 2200 ἐπὶ
1533 2145 1674 2218 μέγα
1697 2145 1958 2217 κεχηνὼς,
1977 2145 2070 2199 καὶ

499 2236 678 2289 πνέων
720 2236 938 2308 πυρώδη
970 2237 1195 2298 καπνὸν,
1230 2237 1305 2301 ὡς
1340 2237 1446 2291 ἀπὸ
1478 2237 1660 2308 πηγῆς
1687 2237 1874 2308 πυρός·
1910 2236 2071 2304 γένυς

499 2328 711 2399 εὐρεῖα,
737 2326 868 2381 ὡσεὶ
895 2330 986 2382 καὶ
1012 2329 1233 2403 παρειά.
1264 2330 1439 2401 Μέχρι
1472 2327 1579 2382 τῶν
1611 2327 1896 2400 κροτάφων
1927 2327 2070 2381 ἀνοί-

499 2434 586 2488 γει
615 2417 674 2471 τὸ
715 2420 914 2491 στόμα..
959 2420 1110 2490 Ἔχει
1155 2419 1212 2473 δὲ
1237 2421 1332 2473 ual
1377 2419 1694 2482 κυνόδοντας
1731 2418 2066 2490 καμπύλους,

499 2509 643 2567 κατὰ
694 2512 790 2581 μὲν
839 2511 938 2584 τὴν
980 2512 1122 2566 ἰδέαν
1173 2513 1266 2567 καὶ
1304 2511 1402 2583 τὴν
1448 2511 1595 2565 θέσιν
1637 2512 1712 2575 ὼς
1767 2512 1962 2576 ἵππος,
2008 2509 2069 2564 τδ

499 2602 559 2656 δὲ
611 2602 840 2674 μέγεθος
896 2604 976 2666 εἰς
1022 2603 1361 2675 τριπλάσιον.
1413 2602 1481 2656 Et
1532 2602 1742 2658 Plinius
1793 2603 1888 2658 lib.
1941 2617 2062 2664 vm,

499 2707 622 2763 cap.
648 2692 716 2746 '59
749 2707 762 2744 :
792 2690 972 2760 Major
1000 2693 1280 2747 altitudine
1308 2694 1362 2746 in
1382 2693 1559 2748 eodem
1588 2691 1714 2746 Nilo
1745 2693 1918 2747 bellua
1951 2693 2068 2763 hip-

498 2792 806 2854 pOpotamus
858 2783 1034 2840 editur
1073 2801 1092 2840 :
1131 2785 1343 2856 ungulis
1387 2785 1586 2854 biﬁdis,
1630 2787 1812 2856 quales
1869 2785 2065 2850 bubus,

497 2877 656 2931 dorso
687 2879 826 2949 equi,
842 2888 891 2932 et
918 2877 1066 2942 iuba,
1093 2889 1143 2934 st
1169 2877 1398 2944 hinnitu,
1431 2889 1601 2933 rostto
1628 2880 1839 2945 resima,
1872 2879 2066 2944 cauda,

498 2978 549 3022 ct
578 2967 820 3023 dentibus
849 2983 1120 3037 aprorum,
1154 2969 1374 3024 aduncis
1407 2971 1498 3026 sed
1521 2970 1692 3025 minus
1733 2971 1906 3026 noxiis
1929 2985 1949 3030 ;
1971 2980 2068 3025 ter-

499 3060 642 3130 goris
673 3059 742 3114 ad
767 3071 918 3117 scuta
958 3071 1238 3132 galeasque
1265 3063 1672 3130 impenetrabilis
1702 3074 1892 3134 prwter
1909 3080 2066 3133 quam

2092 3125 2135 3180 C

2172 1873 2258 1934 l9,
2295 1871 2372 1926 De
2397 1871 2584 1926 histor.
2612 1872 2800 1934 anim.,
2835 1871 3012 1940 pisces
3041 1871 3096 1924 in
3131 1869 3266 1924 locis
3299 1868 3512 1938 frigidis
3541 1882 3738 1936 parum

2170 1963 2373 2034 vigere.
2411 1961 2590 2029 Quare
2624 1962 2846 2016 minime
2878 1961 3074 2014 mirum
3104 1969 3187 2015 est
3233 1959 3462 2030 gelidam
3499 1957 3736 2011 hiemem

2171 2069 2361 2108 omnes
2393 2053 2618 2117 sentire,
2654 2051 2995 2121 maximeque
3025 2066 3144 2116 eos,
3181 2051 3273 2120 qui
3302 2048 3536 2120 lapidem
3567 2047 3741 2100 babe-

2171 2161 2227 2199 re
2264 2145 2318 2200 in
2351 2146 2529 2214 capite
2557 2145 2945 2200 existimantur
2975 2161 2990 2198 :
3023 2151 3078 2198 et
3121 2156 3247 2196 cum
3281 2155 3491 2211 asperae
3524 2138 3740 2192 hiemes

2172 2237 2392 2291 luerunt
2440 2237 2643 2292 multos
2692 2252 2866 2292 caecos
2907 2243 3098 2305 captos
3130 2233 3318 2297 fuisse,
3354 2232 3422 2286 ita
3462 2230 3744 2286 referente

2171 2328 2344 2383 Plinio
2367 2329 2461 2383 lib.
2495 2345 2570 2391 ιιι,
2602 2343 2723 2398 cap.
2755 2327 2856 2392 l6;
2885 2343 2949 2382 ex
2973 2326 3266 2381 Aristotele
3289 2323 3363 2376 De
3385 2323 3511 2376 hist.
3541 2323 3740 2383 anim.,

2171 2421 2267 2475 lit).
2306 2435 2426 2484 vm,
2467 2435 2588 2490 cap.
2631 2421 2728 2486 l9;
2760 2423 2948 2489 sicque
2975 2419 3060 2473 his
3092 2416 3375 2472 mensibus
3394 2415 3580 2484 jacere
3615 2428 3744 2482 spe-

2172 2512 2349 2567 luncis
2375 2513 2649 2576 conditos,
2694 2512 2832 2567 alios
2864 2511 3066 2573 arenis,
3096 2511 3232 2564 alios
3263 2523 3518 2564 saxorum
3563 2521 3744 2573 angu-

2171 2602 2312 2656 stiis.
2339 2602 2443 2657 Ubi
2475 2617 2603 2656 vero
2626 2601 2940 2672 temperiem
2967 2601 3130 2665 aeris,
3154 2593 3208 2655 ei
3235 2599 3402 2654 maris
3423 2595 3743 2666 tranquilli-

2171 2701 2337 2750 tatem
2391 2693 2798 2763 praasenserint,
2843 2693 3102 2748 continuo
3157 2708 3216 2748 se
3261 2691 3454 2747 ellerre
3483 2690 3744 2746 choreas-

2171 2793 2276 2856 que
2305 2786 2526 2841 ducere.
2554 2785 2905 2841 Cultissimus
2931 2783 3203 2848 A‘Ilianus,
3226 2785 3320 2838 lib.
3366 2798 3441 2847 ιι,
3476 2798 3601 2852 cap.
3632 2783 3737 2837 57:

2183 2880 2270 2932 ‘Ev
2298 2878 2355 2932 δὲ
2387 2877 2464 2948 τῷ
2493 2876 2720 2948 χειμῶνι
2751 2876 3060 2947 βιαιοτάτῳ,
3099 2874 3467 2946 κυμαινούσης
3511 2875 3610 2943 μὲν
3639 2874 3742 2937 τῆς

2170 2969 2464 3039 θαλάσσης,
2497 2969 2730 3042 σκληρόν
2767 2986 2830 3038 γε
2861 2969 2967 3023 τῶν
2997 2969 3210 3039 ἀνέμων
3243 2970 3336 3021 καὶ
3368 2967 3540 3037 βίαιον
3568 2983 3743 3020 κατα.-

2171 3063 2458 3127 πνεόντων,
2486 3063 2766 3135 φρίττουσι
2786 3063 2885 3135 τὴν
2909 3062 3201 3133 σύντροφόν
3232 3078 3291 3114 τε
3313 3062 3428 3131 ἃμα
3459 3061 3553 3114 καὶ
3576 3060 3740 3130 φίλην

498 3151 548 3206 si
581 3151 796 3207 humore
825 3151 1058 3206 madeat.
1116 3151 1430 3221 Depascitur
1463 3164 1680 3224 segetes,
1715 3153 2063 3209 destinatione

2171 3158 2212 3209 οἰ
2247 3155 2426 3227 ἰχθύες
2463 3155 2751 3210 θάλατταν.
2790 3157 2899 3210 Καὶ
2931 3157 2980 3209 οἰ
3025 3156 3123 3227 μὲν
3164 3155 3342 3209 αὐτῶν
3373 3156 3486 3218 τοῖς
3529 3170 3739 3224 πτερυ-

499 3255 640 3310 ante,
676 3254 734 3298 ut
782 3245 981 3314 ferunt,
1013 3245 1392 3301 determinatas
1424 3247 1479 3300 in
1530 3246 1688 3311 diem,
1718 3257 1768 3301 et
1817 3264 1883 3302 ea:
1937 3263 2062 3318 agro

501 3338 788 3409 ferentibus
819 3338 1072 3408 uestigiis,
1105 3354 1166 3392 ne
1186 3354 1303 3409 quw
1323 3339 1595 3392 reuertenti
1616 3337 1825 3392 insidia:
1852 3354 2066 3407 compa-

500 3439 703 3483 rentur.
737 3427 804 3482 Et
853 3428 948 3484 lib.
988 3445 1062 3492 ix,
1095 3443 1214 3498 cap.
1260 3429 1348 3494 ll,
1391 3430 1606 3485 diversa
1646 3429 1716 3484 ab
1754 3430 1962 3485 Achille
2010 3440 2064 3486 et

501 3519 788 3576 Eustathio
818 3521 1032 3584 scribit,
1069 3519 1488 3591 hippopotamos
1520 3522 1804 3584 duntaxat,
1839 3525 1980 3578 sicut
2009 3532 2063 3577 et

499 3611 699 3668 vitulos
724 3611 992 3683 aquatiles
1014 3611 1164 3666 corio
1179 3620 1233 3666 et
1255 3611 1379 3682 pilis
1411 3612 1596 3681 integi.
1630 3611 1702 3667 De
1726 3611 1828 3668 hoc
1854 3613 2064 3667 Aristo-

498 3701 655 3767 teles,
687 3698 765 3756 De
791 3701 928 3758 hist.
948 3701 1112 3758 anim.
1148 3700 1241 3757 lib.
1269 3717 1330 3766 ιι,
1362 3717 1479 3772 cap.
1505 3702 1804 3768 7;Strabo,
1835 3703 1931 3758 lib.
1958 3719 2060 3770 xv;

497 3794 738 3852 Joannes
794 3796 926 3858 Leo.
980 3795 1361 3866 Descriptionis
1435 3796 1630 3865 Africa:
1687 3796 1780 3850 lib.
1835 3813 1920 3861 ix,
1969 3797 2062 3866 qui

498 3889 665 3944 etiam
699 3902 796 3943 eos
825 3887 1032 3959 depiles
1066 3903 1191 3943 esse
1220 3887 1431 3942 scribit.
1458 3886 1534 3943 De
1570 3887 1690 3956 ejus
1721 3888 1774 3941 in
1807 3896 2064 3958 parentes

500 3977 778 4048 impietate
811 3986 866 4034 et
910 3979 1182 4050 iniustitia
1218 3977 1568 4043 Plutarchus,
1601 3979 1690 4034 lib.
1731 3978 1802 4033 De
1844 3979 2064 4034 solertia

498 4072 698 4133 anim.;
722 4079 777 4127 et
804 4071 1079 4142 quomodo
1111 4063 1409 4142 Symbolice
1447 4079 1598 4126 notet
1645 4071 2060 4142 impudentiam.

500 4161 669 4228 ldem,
688 4164 783 4218 lib.
817 4163 890 4217 De
907 4162 1071 4218 Iside.
1097 4161 1234 4216 Vide
1255 4161 1555 4228 Elianum,
1583 4162 1678 4218 lib.
1708 4177 1807 4227 vn,
1831 4178 1951 4233 cap.
1973 4162 2060 4224 l9,

499 4257 577 4311 De
623 4257 749 4314 hist.
793 4258 996 4322 anim.,
1025 4267 1080 4312 et
1131 4263 1326 4326 praeter
1365 4264 1590 4311 caeteros
1631 4253 1857 4319 llorum,
1908 4255 1982 4309 lib
2022 4271 2060 4317 ι,

497 4365 619 4420 cap.
662 4349 748 4407 l6.
1307 4359 1309 4362 '

2163 3247 2303 3316 γίοις
2349 3246 2668 3318 ἐπαμῶνται
2710 3246 2810 3318 τὴν
2839 3246 3090 3318 ψάμμον,
3142 3246 3238 3300 καὶ
3280 3245 3505 3307 ἑαυτοὺς
3534 3245 3740 3314 ἐπηλυ-

2163 3339 2432 3408 γάσαντες
2471 3339 2895 3394 ύποθὰλπουσινο
2931 3340 2981 3392 οἰ
3015 3338 3068 3392 δὲ
3103 3336 3446 3391 ύπειλοῦνταί
3479 3355 3602 3390 τινα
3636 3336 3738 3388 πέ-

2165 3447 2320 3503 τραν,
2346 3433 2402 3484 ὲν
2425 3431 2601 3503 σκέπῃ
2628 3447 2687 3483 τε
2707 3429 2800 3485 τοῦ
2822 3429 3036 3501 κρύους,
3054 3430 3146 3484 καὶ
3161 3424 3218 3481 εὖ
3240 3427 3382 3498 μάλα
3399 3444 3461 3495 γε
3484 3428 3738 3497 ἁσμέκως

2165 3519 2548 3592 ἡσυχάζουσινο
2582 3522 2631 3574 οἰ
2665 3520 2721 3574 δὲ
2753 3521 2810 3582 ἐς
2837 3521 2960 3583 τοὺς
2990 3519 3190 3590 μυχοὺς
3216 3517 3310 3572 τοῦ
3341 3517 3613 3585 πελάγους
3638 3533 3737 3568 κα-

2162 3614 2462 3677 ταθέοντες,
2504 3604 2622 3666 εἶτα
2651 3613 2752 3683 τὴν
2788 3611 2992 3666 ἄνωθεν
3033 3611 3231 3684 φρίκην
3266 3609 3542 3676 ἐξέκλιναν
3584 3610 3739 3663 κάτω

2164 3707 2257 3762 καὶ
2279 3706 2337 3758 ἐν
2364 3704 2529 3776 βυθῷ.
2554 3705 2666 3774 Ούχ
2697 3701 2872 3766 οὕτως
2911 3702 3020 3774 γάρ
3049 3719 3232 3770 φασιν,
3268 3701 3455 3772 ὥσπερ
3497 3697 3593 3754 οὖν
3627 3702 3736 3755 ἄνω

2162 3798 2466 3854 διοιδαίνειν
2499 3814 2558 3853 τε
2601 3797 2694 3854 καὶ
2711 3795 2933 3850 τύπτειν
2953 3795 3015 3848 τὺ
3032 3793 3183 3866 κῦμα
3205 3797 3500 3865 ἀγριαῖνον.
3532 3795 3736 3864 Ὕπαρ-

2165 3892 2390 3964 χομένου
2413 3892 2470 3945 δὲ
2502 3889 2596 3944 τοῦ
2633 3886 2786 3962 ἦρος,
2821 3889 2914 3943 καὶ
2943 3887 3037 3942 τοῦ
3072 3889 3168 3958 μὲν
3200 3887 3356 3958 ἀέρος
3389 3886 3619 3956 φαιδροῦ
3644 3903 3737 3954 γε·

2163 3983 2410 4053 νομένου,
2443 3981 2551 4034 τῶν
2588 3980 2644 4036 δὲ
2687 3979 2868 4049 φυτῶν
2896 3979 3110 4033 θάλλειν
3138 3978 3474 4050 ἀρχομένων,
3504 3977 3601 4030 καί
3625 3977 3735 4031 τῶν

2163 4074 2438 4144 λειμώνων
2469 4072 2538 4128 τὰ
2571 4073 2841 4143 σύντροφα
2871 4071 3182 4143 κομώντων,
3214 4071 3421 4142 γαληνά
3451 4088 3510 4123 τε
3541 4069 3613 4122 τὰ
3640 4069 3731 4123 τοῦ

2163 4168 2432 4236 πελάγους
2453 4168 2549 4221 καὶ
2564 4167 2789 4220 ὑπεύδια
2809 4165 3117 4236 αἰσθόμενοι
3136 4165 3185 4217 οί
3217 4161 3413 4232 ἰχθύες,
3446 4161 3732 4215 ἀναθέουσι

2164 4260 2259 4313 καὶ
2293 4259 2521 4330 πηδῶσι,
2550 4260 2644 4312 καὶ
2673 4258 2896 4330 πλησίον
2923 4258 3018 4326 τῆς
3039 4257 3140 4326 γῆς
3166 4257 3415 4327 νήχονται
3445 4253 3729 4325 ὠσπεροῦν

2163 4355 2388 4424 ἥκοντες
2432 4352 2490 4418 ἐξ
2539 4351 2870 4423 ἀποδημίας.
2918 4349 3028 4404 Nec
3076 4358 3360 4419 prOpterea
3405 4346 3729 4400 Aristotcles

570 4439 730 4502 lbid.,
760 4438 854 4494 lin.
885 4439 973 4493 54.
999 4437 1108 4492 Kal
1147 4438 1319 4492 ἔστιν
1359 4435 1841 4506 ἀδημαῃώτατον.
1877 4435 2063 4491 Achil-

2171 4452 2326 4515 negat
2364 4445 2544 4514 pisces
2571 4460 2795 4500 voraces
2819 4459 2941 4499 esse
2961 4449 3017 4498 et
3037 4444 3278 4513 gulosos,
3299 4440 3394 4496 sed
3412 4441 3465 4494 id
3484 4440 3552 4493 ad
3567 4441 3728 4493 aliam

498 4531 579 4588 les
609 4530 838 4595 Statius,
863 4531 957 4585 lib.
989 4544 1076 4583 Iv:
1110 4528 1332 4600 Πρῶτον
1369 4529 1468 4599 μὲν
1499 4528 1600 4598 τὴν
1633 4526 1794 4597 φύσιν
1829 4527 1922 4580 τοῦ
1961 4525 2060 4598 θη-

499 4624 615 4700 ρίου
647 4623 986 4692 καταλέγων,
1017 4619 1138 4676 εἶτα
1169 4619 1376 4674 καὶτὸν
1406 4620 1606 4692 τρόπον
1633 4620 1730 4692 τῆς
1757 4620 1951 4691 ἄγρας,
1988 4618 2064 4683 ὥς

495 4716 612 4768 ἐστι
664 4717 762 4784 μὲν
799 4710 1244 4783 ἁδηφαγώτατον,
1303 4709 1398 4762 καὶ
1437 4711 1668 4763 ποιεῖται
1714 4708 1917 4780 τροφὴν
1945 4706 2063 4760 ὅλον

496 4804 663 4877 λήϊον.
691 4802 917 4860 Nonnus
945 4802 1302 4873 Dionysiacon
1325 4801 1422 4854 lib.
1449 4815 1572 4854 xm
1602 4819 1614 4854 :

809 4945 880 4956 —
911 4914 1076 4980 ἐώιος
1115 4913 1295 4979 Ἰνδὸς
1319 4912 1642 4980 Ὑδάσπης.

496 4987 654 5076 Ιςεθῖθι
688 4985 1105 5108 μελρέιψὲφίὸι
1140 4983 1397 5048 διαξύων
1415 4985 1563 5052 ῥόον

496 5061 754 5108 Il'nyerat
790 5076 828 5108 υ
867 5073 939 5108 ατ
975 5074 1060 5108 εις
1088 5053 1413 5108 ποτααήτος
1446 5055 1628 5108 ἵππος
1659 5056 1737 5107 αλ

495 5052 754 5127 Naxum
781 5052 1060 5127 _1')5dtdétc
1088 5053 1413 5127 ποταμήῖος
1446 5055 1628 5127 ἵππος
1659 5052 1888 5127 ἀλήτης

501 5120 635 5192 Οἷός
661 5125 807 5194 ἐμοῦ
846 5120 1079 5180 Νείλοιο
1108 5120 1433 5193 θερεὶγένὲς
1452 5120 1626 5194 οἶδμα
1647 5123 1972 5193 χαράσσων

495 5193 762 5254 Naturales
789 5196 1027 5263 ,ϐυθίοιο
1051 5195 1124 5249 δι’
1155 5194 1369 5261 ὕδατος
1403 5193 1586 5264 ῠγῖρός
1615 5195 1818 5260 ὁδίτης

497 5267 844 5333 Μηκεδανός
870 5265 1204 5336 peresa-Uir,
1237 5266 1326 5319 ἐπ’
1357 5264 1645 5336 αἰγιαλοῖο
1667 5264 1744 5336 δέ
1758 5265 1958 5329 βαίνει

496 5336 690 5418 ᾼ-Ῑχμᾳῇ
719 5334 1142 5418 κᾳρχῂρᾴδϋντι
1172 5334 1486 5418 δρσχίζων
1502 5334 1684 5418 ῥάχιν
1714 5335 1866 5403 ὕλης

499 5356 689 5458 Αἰχμῃ
719 5356 1142 5424 καρχαρροοντι
1172 5356 1486 5404 οιασχιςων
1502 5356 1684 5418 ραχιν
1714 5356 1866 5403 υλης
1993 5403 2018 5414 α

499 5411 586 5462 Ita
627 5406 830 5477 διερὴν
847 5409 1186 5477 ἁχαρακτον
1206 5405 1362 5475 ἔχων
1377 5404 1558 5477 γένυν
1572 5421 1804 5477 αρπᾳγα
1824 5418 2064 5474 καρπων

497 5473 740 5545 Μιμηλῆ
764 5473 1028 5545 δρεπάίοῃ
1054 5473 1446 5545 σταχύηφόρα
1468 5473 1615 5541 λήτιι
1641 5473 1836 5544 τέμνει

512 5547 756 5614 Ἆμητὴρ
777 5547 1064 5616 ὼίδτωος
1092 5547 1512 5617 ἀμαλλοφόρου
1545 5546 1822 5600 τοκετοῖο.

499 5635 768 5701 Λῑιὶιιιιιιδ,
794 5637 887 5693 lib.
916 5655 970 5700 ν,
997 5654 1117 5709 cap.
1149 5640 1238 5702 55,
1276 5647 1331 5693 et
1361 5639 1585 5702 Plinius,
1612 5639 1707 5694 lib.
1737 5655 1849 5695 vm.

569 5725 729 5794 lbid.,
756 5727 852 5782 lin.
885 5729 972 5787 55.
1025 5729 1236 5799 Ἀπάτη
1267 5729 1335 5782 δὲ
1366 5730 1628 5800 θηρᾶται.
1672 5729 1869 5788 Eadem
1901 5731 2062 5786 habet

2166 4551 2409 4598 causam,
2434 4551 2539 4590 non
2563 4536 2626 4591 ad
2646 4535 2883 4590 calorem
2909 4533 3096 4596 refert,
3119 4548 3240 4604 quae
3257 4542 3313 4588 et
3335 4532 3507 4602 magis
3529 4531 3731 4585 νει·οεὶ-

2165 4629 2310 4684 milis
2328 4629 2567 4696 videtur;
2587 4629 2726 4683 libro
2745 4627 2890 4686 enim
2910 4643 2993 4691 ιιι,
3014 4626 3091 4680 De
3113 4626 3456 4693 part.anim.,
3473 4639 3598 4693 cap.
3621 4623 3687 4676 ιι
3720 4664 3726 4674 .

2167 4719 2338 4776 Genus
2362 4722 2584 4790 piscium
2614 4737 2783 4783 omne,
2809 4721 3055 4790 quoniam
3073 4717 3246 4772 cibum
3273 4719 3444 4770 minus
3474 4717 3728 4784 conﬁcere

2164 4814 2351 4881 possit,
2396 4814 2662 4883 crudaque
2708 4820 2902 4883 egerat,
2935 4820 2984 4864 et
3033 4824 3198 4862 vorax
3253 4817 3303 4861 et
3339 4807 3584 4878 gulosum
3627 4814 3725 4858 est.

2167 4900 2373 4956 Cretera
2405 4903 2564 4956 etiam
2597 4903 2796 4962 omnia,
2820 4901 3008 4971 quibus
3030 4899 3282 4952 intestina
3313 4906 3435 4952 sunt
3461 4906 3626 4956 recta,
3653 4900 3727 4947 ci-

2165 4994 2348 5048 borum
2380 4993 2535 5047 avida
2554 5004 2693 5048 sunt.
2714 4993 2844 5048 Cum
2865 4994 3001 5046 enim
3025 4991 3170 5045 cibus
3198 4991 3431 5044 celeriter
3461 4997 3723 5058 egeratur,

2168 5085 2485 5156 proindequ-e
2515 5085 2680 5142 brevis
2711 5102 2837 5140 usus
2869 5085 3080 5153 {ruendi
3099 5084 3191 5147 sit,
3215 5083 3353 5137 brevi
3385 5090 3625 5150 repetant
3652 5082 3723 5132 ci-

2167 5177 2290 5230 bum
2313 5177 2468 5232 aeida
2495 5193 2699 5233 necesse
2725 5187 2824 5234 est.

2235 5268 2392 5333 lbid.,
2429 5270 2525 5323 lin.
2567 5269 2618 5323 9.
2675 5271 2735 5324 Ἠ
2769 5270 2836 5324 δὲ
2867 5269 3198 5336 θαλάσσιος
3238 5267 3504 5335 ἀλώπηξ.
3561 5267 3724 5321 Aliter

2163 5361 2267 5418 hoc
2298 5371 2484 5417 narrat
2507 5361 2758 5418 Elianus
2787 5363 2862 5418 De
2891 5363 3012 5418 hist.
3045 5363 3348 5427 anim.,lib.
3381 5374 3599 5430 tx,cap.
3624 5358 3720 5424 ης

2165 5452 2401 5507 aitenim
2433 5451 2646 5522 vulpem
2669 5453 2933 5508 marinam
2965 5453 3126 5508 hamo
3145 5453 3402 5509 devorato
3431 5451 3618 5506 omnia
3651 5449 3724 5502 in-

2166 5545 2368 5600 teriora
2411 5559 2661 5601 evomere
2689 5555 2942 5616 tanquam
2971 5553 3177 5601 vestem
3213 5545 3596 5604 iuvertentem,
3624 5542 3725 5596 do-

2167 5652 2265 5691 nec
2306 5638 2526 5691 hamum
2578 5645 2784 5708 egerat,
2823 5638 3018 5694 deinde
3047 5639 3352 5696 resorbcrc.
3393 5637 3470 5692 Ex
3505 5634 3728 5695 Eliauo

2164 5728 2452 5797 exscripsit
2483 5728 2634 5786 Phile
2669 5731 2723 5786 in
2747 5729 2944 5788 lambis
2972 5747 2989 5786 :
