3924 6968
559 255 659 312 891

561 463 698 535 ἄλλη
729 466 1040 537 κατασκευὴ
1063 467 1347 538 πρέπουσα
1371 469 1448 541 τῷ
1469 470 1654 543 τρόπῳ
1680 473 1782 543 τῆς
1805 473 2013 546 διαίτης
2039 476 2139 529 αὑ-

560 557 690 620 τῶν,
723 557 927 628 ὀνύχων
955 559 1151 631 ἀκμαὶ,
1189 563 1282 616 καὶ
1317 564 1490 634 χεῖλος
1527 565 1781 634 ἀγκύλον,
1813 568 1908 622 καὶ
1941 571 2138 644 πτερὸν

561 646 676 712 ὀξὺ,
704 645 842 700 ὥστε
875 649 969 703 καὶ
1004 650 1373 724 συλληφθῆναι
1419 657 1617 728 ῥᾳδίως
1654 659 1715 713 τὸ
1758 661 2001 734 θήραμα,
2045 665 2140 720 καὶ

559 737 934 812 διασπαραγὲν
971 745 1181 816 τροφὴν
1218 746 1296 817 τῷ
1327 747 1498 803 ἑλόντι
1541 751 1812 819 γενέσθαι·
1867 755 1998 828 ἄλλη
2031 757 2138 814 τῶν

562 832 950 904 σπερμολόγων
977 838 1307 910 κατασκευὴ,
1339 839 1470 911 ἄλλη
1501 842 1609 897 τῶν
1634 845 1697 898 ὲκ
1724 847 1923 912 παντὸς
1944 865 2138 921 τρεφο-

563 928 740 997 μένων
761 928 854 982 τοῦ
882 933 1252 1002 συντυχόντος,
1278 934 1372 988 καὶ
1393 938 1449 990 ὲν
1468 936 1676 1002 τούτοις
1695 939 1942 994 πλεῖσται
1960 942 2138 1013 διαιρο-

561 1018 672 1090 ραί.
732 1017 808 1075 De
852 1023 1030 1077 avium
1080 1025 1393 1094 generibus,
1453 1027 1708 1100 ingeniis,
1759 1029 2132 1100 facultatibus,

558 1110 881 1180 (teterisque
903 1112 968 1166 ad
987 1127 1082 1168 eas
1104 1116 1478 1184 spectantibus
1499 1118 1679 1187 plura,
1712 1128 1767 1175 et
1789 1120 2130 1188 Aristoteles,

557 1205 613 1257 et
632 1201 860 1268 Plinius,
895 1212 950 1260 et
983 1203 1257 1274 Elianus,
1305 1217 1358 1262 et
1387 1207 1645 1266 Albertus
1675 1209 1903 1282 Magnus
1933 1221 1987 1270 et
2016 1215 2129 1280 alii,

559 1307 697 1362 quos
725 1292 772 1347 si
818 1293 950 1349 libet
979 1295 1087 1350 adi.
1127 1294 1304 1350 Unum
1339 1305 1551 1353 tantum
1593 1299 1904 1358 Aristotelis
1952 1303 2131 1359 locum

557 1382 613 1434 in
643 1380 882 1436 medium
931 1382 1152 1438 afferam
1196 1401 1260 1441 ex
1295 1387 1391 1442 lib.
1431 1403 1495 1444 ut
1553 1389 1630 1446 De
1663 1392 1903 1460 partibus
1940 1395 2128 1460 anim.,

556 1469 720 1540 capit.
772 1471 862 1538 Η,
913 1473 1005 1542 qui
1042 1476 1226 1530 omnia
1278 1477 1392 1534 hare
1445 1495 1566 1550 quae
1604 1496 1636 1535 a
1679 1489 1869 1538 nostro
1908 1493 2131 1542 auctore

556 1563 764 1619 strictis
793 1571 847 1620 et
877 1566 1222 1635 paucissimis
1274 1571 1457 1641 verbis
1490 1573 1853 1645 attinguntur,
1883 1578 2125 1647 exponit,

553 1667 782 1724 quaeque
804 1659 1184 1714 commentarii
1211 1659 1330 1716 loco
1349 1661 1627 1719 deservire
1648 1675 1908 1734 possunt:
1928 1668 2125 1724 Avibus

554 1761 633 1807 os,
657 1743 797 1813 quod
831 1756 1063 1800 rostrum
1109 1759 1346 1813 vocatur,
1392 1751 1488 1805 hoc
1524 1754 1665 1806 enim
1708 1770 1803 1823 pro
1859 1754 2024 1809 labris
2077 1765 2127 1810 et

552 1834 795 1891 dentibus
823 1836 1035 1905 habent,
1072 1840 1162 1894 sed
1194 1843 1336 1896 varie
1371 1858 1467 1908 pro
1501 1861 1599 1898 usu
1651 1854 1702 1900 et
1743 1847 1984 1912 auxilio;
2012 1863 2129 1918 qua:

550 1929 694 1981 enim
734 1928 954 1984 aduncis
985 1932 1244 2002 unguibus
1283 1944 1428 2000 sunt,
1459 1937 1710 2006 quoniam
1739 1954 1899 1992 carne
1927 1939 2124 2006 vivunt,

549 2026 600 2070 et
654 2018 805 2071 nullo
854 2019 1030 2088 fructu
1069 2031 1379 2090 vescuntur,
1439 2036 1672 2080 rostrum
1717 2029 1898 2083 omnia
1937 2029 2173 2086 habent.

549 2107 835 2164 aduncum.
882 2110 1009 2166 Tale
1051 2113 1188 2167 enim
1229 2123 1337 2168 tum
1367 2115 1435 2170 ad
1476 2117 1825 2198 retinendum,
1861 2127 1971 2174 tum
2008 2138 2125 2177 vero

549 2199 620 2255 ad
651 2203 754 2256 vim
786 2204 1114 2272 inferendam
1155 2210 1480 2265 commodius
1509 2220 1666 2283 atque
1699 2214 1876 2283 aptius
1904 2223 2019 2278 est;
2049 2216 2124 2270 vis

549 2303 726 2349 autem
756 2297 812 2350 in
851 2295 967 2362 hoc,
1006 2308 1056 2353 et
1099 2299 1155 2354 in
1187 2302 1451 2371 unguibus
1491 2304 1597 2358 sita
1637 2314 1734 2359 est.
1777 2303 1924 2360 Unde
1952 2307 2035 2376 ﬁt,
2067 2317 2127 2362 ut

545 2402 743 2458 ungues
775 2389 936 2443 etiam
966 2389 1194 2447 habeant
1221 2393 1554 2450 adunciores.
1590 2393 1916 2452 Ceterarum
1951 2400 2124 2454 avium

546 2487 779 2533 rostrum
837 2480 966 2536 utile
1006 2481 1075 2535 ad
1123 2485 1316 2538 victum
1353 2485 1603 2557 cujusque
1645 2496 1745 2552 est,
1784 2489 1923 2543 verbi
1952 2492 2126 2560 gratia

546 2568 755 2624 roborsi
801 2574 1027 2642 generis,
1078 2584 1128 2628 et
1171 2576 1371 2630 corvini
1401 2577 1697 2645 robustum,
1737 2587 1890 2650 atque
1913 2580 2126 2648 prwdu-

547 2677 666 2714 rum
702 2678 758 2716 os
787 2673 866 2718 est
895 2680 913 2718 :
956 2666 1146 2720 minuti
1186 2669 1387 2738 generis
1419 2671 1587 2723 latum
1624 2671 1694 2723 ad
1728 2680 1883 2726 terra:
1918 2673 2123 2742 fructus

547 2753 889 2824 colligendos,
916 2765 966 2810 et
1003 2757 1072 2810 ad
1089 2757 1337 2815 bestiolas
1369 2762 1651 2832 capiendas
1691 2761 1958 2818 idoneum.
1993 2764 2124 2831 Qua:

547 2854 722 2899 autem
751 2845 924 2901 herbis
967 2849 1162 2915 vivunt,
1194 2868 1408 2922 quaeque
1443 2852 1583 2918 apud
1611 2853 1832 2921 paludes
1861 2854 2122 2923 victitant,

546 2945 607 2989 ut
638 2948 841 3004 nantes,
882 2947 930 2992 et
971 2940 1290 3010 palmipedes
1329 2943 1526 3011 partim
1571 2945 1678 2998 alio
1711 2946 1938 3016 quodam
1972 2946 2123 3002 modo

547 3028 707 3080 rostri
768 3029 1194 3086 commoditatem
1257 3031 1489 3089 obtinent
1519 3075 1535 3101 ,
1581 3038 1779 3105 partim
1847 3038 2125 3094 latitudine

1862 265 2110 324 LEONIS

2224 269 2407 327 LAT"
3657 302 3731 360 89!

558 371 712 429 hom.
735 371 801 429 8:
823 369 983 428 Ἀλλο
1003 375 1103 446 μὲν
1125 369 1218 431 οὖν
1239 375 1397 445 γένος
1419 377 1481 432 τὸ
1503 377 1612 433 τῶν
1638 382 2020 452 σαρκοφάγων,
2043 383 2136 438 καὶ
2164 393 2212 447 Α

2588 394 2811 468 Λέρυσι
2845 396 3023 468 χάσμ’
3057 400 3338 468 ὀδόντων,

2589 465 2718 540 Tch
2745 465 2942 540 ἰχθύσι
2962 465 3037 524 ’τό
3068 473 3312 540 νηκτόν,

2592 536 2722 609 Τοῖς
2749 537 2975 609 ὀρνέοις
3003 536 3314 609 πέτὰσθαι,

2594 607 2723 681 ζοῖς
2755 608 3008 681 ἀνδράσι
3030 607 3336 681 φρόνημά.

2585 677 2876 750 Γυνιξιξὶν
2899 677 3094 750 οὐκέτ⁶
3121 677 3301 750 εἶχέν.

2591 748 2652 821 Τί
2686 743 2810 821 οὖν.
2827 748 3031 821 δίδωσι
3048 767 3067 814 ;
3093 743 3351 821 Κᾶἇλος,

2603 818 2745 871 Ἄντ⁹
2779 818 3055 873 ἀσπίδων
3085 818 3353 878 ἁπασῶν.

2598 887 2740 956 Ἀπ’
2768 888 2992 956 ἐγχέων
3014 891 3314 944 ἁπάντων·

2584 955 2737 1030 Νικᾷ
2767 955 2847 1030 δὲ
2863 955 2961 1013 καὶ
2987 961 3263 1030 σίδηρον,

2582 1028 2693 1082 Καὶ
2727 1029 2847 1097 πῦρ
2884 1031 3043 1099 καλή
3077 1028 3165 1098 τις
3197 1030 3370 1090 οὖσα.

2237 1159 2303 1215 Ει
2327 1160 2679 1234 Phocylides:

2235 1275 2458 1359 :leor
2488 1276 2741 1359 ιῖῖαςάστῳΔ
2766 1279 2931 1359 [cipe
2963 1282 3110 1359 Θεὸς
3159 1285 3370 1359 φύσινΔ
3389 1288 3710 1359 ἠερόφοιτον

2235 1347 2457 1429 ’ρρνισι
2481 1347 2867 1429 Εἶὲν-πολλὴν
2893 1347 3196 1429 ταχύζὴτῖ,
3231 1347 3426 1429 ἀλκὴν
3448 1347 3721 1429 δὲ”λέουσμ

2236 1417 2477 1502 ξ’,ειύροις
2491 1417 2544 1470 δ’
2559 1417 2912 1502 σύτοχύτρις
2923 1417 3230 1492 κεράεσσι,
3244 1417 3744 1502 κένὲραμελίσσῖιιξ,

2235 1486 2535 1555 Ἔμφυτον
2560 1486 2752 1560 ἄλκάρ
2775 1486 3016 1547 ἔδωκεν.

2229 1596 2458 1665 Plinius,
2491 1600 2586 1657 lib.
2621 1618 2676 1668 ι,
2707 1617 2827 1673 cap.
2851 1603 2942 1670 24,
2972 1605 3325 1663 hirundinem
3361 1611 3519 1666 solam
3544 1629 3670 1670 avem
3695 1633 3742 1672 ex

2230 1689 2320 1756 iis,
2361 1705 2483 1760 quas
2528 1692 2775 1751 aduncos
2827 1712 3040 1768 ungues
3093 1715 3205 1754 non
3272 1701 3487 1768 habent,
3539 1707 3745 1762 carnibus

2230 1783 2378 1839 vesci
2411 1793 2584 1841 notat.

2301 1874 2462 1942 lbid.,
2514 1880 2611 1935 lin.
2649 1881 2741 1936 40.
2785 1882 2896 1936 Kal
2932 1883 3006 1936 τὰ
3027 1883 3150 1954 μὲν
3177 1885 3348 1940 ἐστιν
3376 1888 3604 1960 ἇναρχα.
3630 1891 3744 1948 Basi-

2230 1967 2358 2034 lius,
2385 1970 2534 2026 hom.
2561 1972 2625 2027 8:
2662 1973 2831 2028 Πάλιν
2869 1978 2925 2028 ὲν
2957 1975 3179 2042 τούτοις
3201 1979 3269 2032 τὰ
3308 1981 3404 2050 μὲν
3430 1982 3618 2054 ἄναρχά
3643 1986 3742 2049 ἐστι,

2231 2063 2325 2116 καὶ
2356 2057 2467 2117 οἷον
2495 2065 2626 2118 αὐτὸ
2651 2066 2840 2138 ὄνομα,
2871 2068 2940 2123 τὰ
2965 2070 3021 2124 δὲ
3043 2073 3147 2142 ὑφ’
3177 2075 3400 2145 ἡγεμόνι
3427 2077 3653 2148 τετάχθαι
3675 2098 3744 2132 κα-

2229 2152 2581 2224 ταδεχόμενα,
2614 2157 2689 2219 ὼς
2717 2159 2772 2209 αἱ
2802 2159 3042 2230 γέρανοι.
3086 2163 3227 2234 Ἤδη
3257 2163 3313 2217 δέ
3337 2182 3417 2228 τις
3439 2168 3525 2221 καὶ
3550 2167 3683 2240 ἑτέρα
3704 2171 3744 2224 ἐν

2233 2244 2442 2310 τούτοις
2480 2247 2596 2300 ἐστὶ
2627 2248 2880 2322 διαφορὰ,
2924 2253 3044 2306 καθ’
3087 2256 3157 2326 ἢν
3203 2255 3270 2310 τὰ
3305 2259 3399 2329 μὲν
3439 2261 3745 2333 ὲπιδημητικά

2227 2336 2287 2389 τέ
2313 2339 2427 2391 ἐστι
2459 2341 2552 2394 καὶ
2578 2341 2838 2412 ἐγχώρια,
2871 2343 2938 2397 τὰ
2969 2345 3027 2399 δὲ
3055 2348 3322 2420 ἀπαίρειν
3357 2351 3551 2422 πέφυκε
3579 2358 3744 2428 πυρρω-

2227 2428 2396 2492 τάτω,
2415 2433 2507 2486 καὶ
2522 2433 2787 2504 χειμῶνος
2799 2434 3114 2503 ἐγγίζοντος
3132 2439 3434 2505 ὲκτοπίλζειν
3447 2443 3515 2508 ώς
3527 2445 3586 2497 τὰ
3599 2447 3741 2500 πολλά.

2299 2541 2458 2606 ΕΜ..
2500 2546 2595 2600 lin.
2642 2547 2732 2602 44.
2777 2549 3016 2618 Γαῦρον
3065 2556 3104 2607 ό
3141 2554 3495 2624 ἀλεκτρυών.
3540 2557 3739 2626 Basilius,

2229 2634 2377 2692 hom.
2434 2637 2507 2692 8:
2540 2639 2748 2712 Γαῢρον
2791 2644 2818 2696 ὀ
2862 2643 3204 2717 ἀλεκτρυὼν,
3246 2649 3519 2718 φιλόκαλον
3557 2655 3581 2704 ὀ
3617 2652 3738 2718 ταὼς,

2228 2725 2413 2795 λάγνοι
2447 2731 2503 2783 αἱ
2539 2735 2855 2805 περιστεραὶ⁵
2890 2737 2983 2789 καὶ
3014 2740 3071 2791 αἱ
3113 2741 3430 2796 κατοικίδιοι
3473 2743 3642 2816 ὄρνεις,
3675 2748 3740 2799 ἐπὶ

2232 2819 2433 2884 παντὸς
2462 2821 2731 2893 καιρούτδ
2762 2831 3213 2884 συνουσιαστικὸν
3243 2830 3475 2902 ἔχουσαι.
3499 2832 3739 2890 Lucillius:

2233 2952 2590 3035 gallinaceus,
2615 2975 2744 3035 cum
2773 2961 2938 3035 victor
2965 2979 3020 3017 se
3043 2967 3224 3035 gallus
3251 2967 3457 3025 honeste

2233 3021 2480 3088 Sustulit,
2512 3028 2565 3080 in
2591 3027 2781 3099 digitos
2807 3021 3171 3106 primoresque
3203 3021 3583 3113 erigitvuingues.

548 3118 710 3171 rostri
746 3117 848 3172 sibi
891 3119 1166 3189 sufﬁciunt
1199 3137 1219 3176 :
1260 3125 1447 3194 quippe
1491 3103 1610 3194 qua:
1647 3137 1822 3183 rostro
1863 3128 2125 3198 ejusmodi

2299 3134 2431 3191 Ibid.
2483 3139 2536 3190 Ὁ
2571 3139 2640 3194 δὲ
2665 3141 2833 3211 ἱέραξ
2856 3147 3296 3218 εὐνούστατος.
3327 3153 3634 3219 Aristoteles,
3664 3156 3735 3210 lib.

546 3206 784 3277 infodere
813 3210 1040 3278 possint,
1075 3213 1230 3283 quale
1256 3215 1392 3269 inter
1430 3216 1796 3288 quadrupedes
1823 3220 1986 3274 etiam
2015 3220 2125 3275 suis

543 3308 664 3365 est;
698 3316 817 3354 nam
849 3301 895 3355 is
933 3301 1072 3372 quod
1105 3304 1342 3359 radicum
1373 3315 1616 3376 appetens
1646 3317 1746 3364 est.
1781 3308 1924 3376 Quin
1961 3312 2126 3365 etiam

547 3409 689 3458 aves,
714 3411 830 3466 quw
864 3395 974 3450 lato
1001 3405 1123 3451 sunt
1155 3407 1326 3453 rostro
1356 3398 1662 3470 radicesque
1685 3401 1897 3468 esitant,
1919 3411 1969 3456 et
2000 3402 2126 3457 reli-

543 3503 769 3560 quarum
793 3488 957 3543 victus
983 3489 1176 3543 similis
1203 3488 1471 3544 nonnulla:
1489 3499 1752 3545 serratum
1772 3493 1935 3548 rostri
1953 3501 2126 3548 extre-

543 3597 689 3634 mum
714 3580 906 3635 habent
931 3597 949 3635 τ
984 3581 1061 3635 ita
1077 3581 1228 3636 enim
1254 3580 1536 3636 herbarum
1572 3592 1788 3652 carptus
1819 3599 1920 3654 quo
1947 3585 2124 3638 vivunt

543 3673 756 3744 facilius
779 3674 978 3744 agitur.
1024 3672 1134 3728 Nec
1189 3682 1400 3729 tantum
1451 3674 1520 3729 ad
1559 3675 1868 3749 necessaria
1901 3690 2124 3748 compa-

542 3766 716 3822 randa
744 3769 820 3822 ita
851 3775 975 3821 nata
1006 3774 1138 3821 sunt
1189 3767 1470 3834 animalia,
1514 3767 1610 3824 sed
1644 3776 1704 3821 ut
1751 3769 2124 3826 instrumenta

539 3857 799 3926 habeant,
828 3859 1031 3929 quibus
1068 3874 1127 3914 se
1166 3858 1235 3914 ab
1269 3858 1615 3914 inimicorum
1666 3858 1901 3925 insidiis,
1936 3861 2052 3918 sive
2084 3862 2123 3918 ii

543 3950 790 4006 homines
840 3952 971 4016 sint,
1023 3950 1138 4006 sive
1187 3951 1382 4006 bellua:
1411 3951 1728 4020 defendant,
1769 3969 1891 4024 quae
1938 3955 2123 4011 omnia

539 4042 743 4112 optime
807 4050 1032 4108 norunt,
1085 4050 1138 4098 et
1198 4041 1325 4097 dum
1398 4045 1618 4099 occasio
1673 4044 1840 4101 fuerit
1886 4047 2122 4105 scientes

538 4143 791 4190 utuntur.
816 4133 1257 4206 Theophylactus
1290 4132 1600 4193 Simocatus
1641 4136 1697 4192 in
1727 4137 1930 4203 Quest.
1963 4150 2123 4194 natu—

539 4229 763 4292 ralibus,
791 4237 986 4300 quaest.
1019 4229 1052 4284 5
1081 4247 1094 4282 :
1136 4229 1322 4282 Ἔστιν
1347 4230 1600 4301 αἴσθησις
1625 4231 1720 4285 καὶ
1755 4234 1872 4296 τοῖς
1907 4231 2122 4301 ἀλόγοις

537 4321 720 4388 ζώοις,
763 4322 1131 4394 Πολύκρατες,
1178 4323 1301 4378 καθ’
1345 4325 1411 4394 ἢν
1455 4325 1554 4396 τῆς
1595 4326 1802 4390 οἰκείας
1847 4327 2122 4398 σωτηρίας

2227 3233 2279 3282 ix
2321 3228 2395 3284 De
2421 3229 2607 3287 histor.
2634 3235 2822 3302 anim.,
2864 3253 2983 3309 cap.
3019 3240 3088 3295 56
3116 3263 3136 3296 ;
3179 3244 3268 3298 Ἐν
3301 3246 3358 3300 δὲ
3389 3247 3560 3322 Θρᾴκῃ
3585 3251 3638 3320 τῇ
3665 3266 3738 3301 u-

2226 3320 2457 3394 λουμένῃ
2497 3326 2628 3379 ποτὲ
2664 3327 2993 3400 Κεδροπόλει
3033 3333 3090 3386 ὲν
3127 3336 3214 3407 τῷ
3252 3337 3358 3390 ἕλει
3402 3320 3676 3411 θηρεύουσιν
3702 3339 3738 3392 oi

2227 3413 2503 3486 ἄνθρωποι
2520 3417 2588 3471 τὰ
2616 3419 2824 3491 ὀρνίθια
2849 3427 3001 3496 κοινῇ
3029 3427 3175 3496 μετὰ
3193 3429 3302 3482 τῶν
3333 3432 3565 3503 ἱεράκων.
3592 3434 3642 3485 Ol
3664 3432 3737 3502 pls

2225 3505 2334 3578 γὰρ
2359 3507 2571 3578 ἔχοντες
2599 3510 2732 3575 ξύλα
2760 3514 2979 3570 σοὸοὖσι
3005 3518 3098 3572 τὸν
3132 3522 3380 3594 κάλαμον
3411 3525 3498 3577 καὶ
3521 3524 3600 3596 τὴν
3621 3522 3732 3594 ὓλην,

2226 3599 2312 3652 ἵνα
2338 3600 2608 3656 πέτωνται
2633 3605 2700 3659 τὰ
2721 3605 2949 3676 ὀρνίθια·
2985 3611 3036 3663 οἱ
3069 3610 3128 3666 δὲ
3163 3614 3378 3686 ἱέρακες
3409 3616 3589 3670 ἄνωθεν
3612 3617 3734 3686 ὑπερ-

2225 3692 2539 3762 φαινόμενοι
2571 3695 2986 3754 καταδιώκουσι·
3021 3701 3202 3758 ταῦτα
3229 3706 3287 3760 δὲ
3320 3707 3600 3777 φοὸούμενα
3625 3706 3734 3760 κάτω

2225 3785 2446 3840 πέτεται
2473 3788 2634 3842 πάλιν
2662 3791 2797 3862 πρὸς
2826 3792 2924 3864 τὴν
2952 3798 3074 3866 γῆν·
3105 3800 3160 3851 οἱ
3187 3799 3244 3853 δὲ
3272 3799 3532 3873 ἄνθρωποι
3560 3801 3732 3854 τύπτον-

2223 3893 2316 3940 τες
2351 3880 2463 3942 τοῖς
2497 3878 2673 3945 ξύλοις
2703 3881 3058 3952 λαμϐάνουσι,
3091 3892 3192 3945 καὶ
3234 3891 3336 3962 τῆς
3375 3892 3536 3965 θήρας
3571 3890 3732 3962 μεταδι-

2223 3965 2404 4020 δόασιν
2436 3969 2639 4034 αὐτοῖς,
2669 3973 2920 4043 ῥίπτουσι
2949 3975 3058 4048 γὰρ
3089 3979 3208 4034 τῶν
3232 3981 3473 4054 ὀρνίθων,
3506 3982 3608 4036 οἰδὲ
3631 3982 3730 4034 ὑπο-

2222 4054 2606 4127 λαμϐάνουσιν.
2668 4061 2868 4118 Eadem
2925 4068 3120 4136 repetit
3173 4071 3358 4128 libello
3399 4073 3525 4140 Περὶ
3559 4077 3730 4140 θαυμα-

2223 4149 2374 4202 σίων
2419 4151 2854 4222 ἀκουσμάτων,
2921 4161 3014 4214 ubi
3090 4171 3279 4220 tamen
3348 4165 3634 4237 Ἀμφίπολιν
3659 4177 3730 4233 pro

2222 4241 2508 4314 Cedropoli
2552 4247 2818 4314 nominat,
2861 4266 2984 4320 qua:
3031 4253 3105 4306 ita
3147 4257 3396 4314 vertebat
3433 4257 3560 4313 Plin.
3590 4257 3664 4311 lib.
3689 4270 3727 4317 ι.

2222 4350 2273 4390 c.
2305 4338 2338 4390 8
2380 4356 2394 4391 :
2433 4335 2497 4390 In
2534 4338 2774 4395 Thracia:
2803 4353 2952 4410 parte
2979 4361 3135 4413 super
3163 4349 3511 4420 Amphipolim
3549 4348 3727 4401 homines

535 4416 870 4489 ἀπειλήφασι
896 4417 994 4487 τὴν
1015 4415 1325 4484 διάγνωσιν.
1351 4413 1502 4470 Οἶδεν
1529 4419 1561 4488 ἠ
1591 4417 1763 4489 σηπία
1792 4422 1892 4490 τῆς
1910 4420 2117 4483 οἰκείας

2223 4440 2378 4502 atque
2407 4434 2682 4502 accipitres
2707 4437 2956 4492 societate
2988 4440 3223 4510 quadam
3251 4413 3585 4514 ducupantur.
3608 4439 3666 4493 lli
3683 4453 3734 4493 et

534 4506 731 4576 ἀχλύος
757 4507 816 4561 τὸ
848 4507 1087 4577 σόφισμα
1117 4507 1210 4560 καί
1236 4524 1336 4560 που
1367 4507 1628 4580 θηραταῖς
1647 4509 1910 4580 ἀορασίαν
1941 4511 2116 4582 ἄγρας

537 4597 814 4669 ἐνέθηκεν.
846 4595 967 4653 Οῑδε
996 4599 1065 4652 τὰ
1086 4597 1425 4670 γαμψώνυχα
1442 4599 1542 4671 τὴν
1569 4600 1658 4654 διὰ
1681 4600 1789 4654 τῶν
1809 4600 2014 4674 ὀνύχων
2030 4602 2120 4657 ἀλ-

537 4691 660 4763 κήν.
680 4686 832 4746 Οἶδεν
855 4693 883 4746 ὀ
909 4691 1119 4761 λαγωός
1143 4690 1230 4744 διὰ
1249 4690 1344 4744 τοῦ
1359 4692 1560 4764 δρόμου
1585 4693 1796 4764 καὶτῆς
1811 4693 1920 4748 τῶν
1942 4695 2117 4749 ποδῶν

534 4781 792 4856 ὀξύτητος
828 4784 1124 4856 κυνηγέτου
1161 4783 1454 4848 ἐπιϐουλὰς
1492 4785 1932 4856 ἀποπέμπεσθαι.
1962 4783 2119 4842 Οἶδεν

537 4877 571 4946 ἡ
597 4875 790 4948 ἔλαφος
816 4875 1222 4949 ἀποκειραμένη
1247 4877 1316 4932 τὰ
1347 4876 1555 4950 κέρατα
1585 4877 1978 4952 ἀσθενεστέραν
2016 4879 2116 4954 τὴν

536 4967 698 5037 φύσιν
744 4967 1046 5039 ἀμύνεσθαι
1088 4969 1216 5034 τοὺς
1233 4968 1616 5041 ·λυπήσαντας,
1645 4980 1752 5029 etc.
1796 4971 2010 5039 Cicero,
2043 4974 2120 5030 De

539 5060 732 5129 finibus
762 5061 860 5116 lib.
891 5075 947 5121 v,
972 5061 1064 5131 qui
1095 5060 1349 5117 laudatur
1375 5077 1406 5117 a
1444 5061 1618 5118 Nonio
1653 5062 1910 5121 Marcello
1943 5085 1957 5122 :
1983 5065 2113 5122 Ser-

534 5167 654 5222 pere
683 5151 1015 5224 anguiculos,
1059 5162 1251 5209 natare
1288 5155 1610 5221 anaticulos,
1651 5157 1827 5214 volare
1858 5155 2124 5228 merulas,

536 5244 782 5301 cornibus
817 5246 896 5299 uti
937 5245 1206 5301 videamus
1251 5247 1398 5302 boves
1444 5249 1565 5320 (ego
1594 5250 1828 5321 legerem
1865 5251 2114 5307 cornibus

537 5335 682 5405 niti),
713 5353 872 5407 nepas
919 5339 1139 5404 aculeis,
1186 5355 1340 5394 suam
1379 5339 1600 5410 denique
1645 5342 1829 5412 cuique
1863 5352 2113 5398 naturam

536 5427 732 5481 “send
751 5429 1021 5484 vivendum
1049 5430 1256 5494 ducem;
1286 5438 1340 5485 et
1371 5431 1770 5490 mellitissimus
1798 5431 2108 5492 Anacreon:

886 5567 1073 5639 Φύσις
1101 5567 1317 5639 κέρατα
1344 5569 1598 5639 ταύροις,

903 5636 1118 5709 Ὀαξιὰς
1147 5637 1198 5689 δ’
1229 5636 1462 5694 ἔδωκεν
1485 5636 1710 5709 ἵπποις,

891 5703 1198 5776 Ποδωκίην
1229 5709 1501 5777 λαγωοῖς,

2217 4521 2386 4582 silvis.
2433 4533 2482 4577 et
2513 4526 2845 4582 arundinetis
2869 4530 3100 4583 excitant
3136 4549 3259 4589 aves
3299 4551 3318 4588 :
3348 4534 3426 4588 illi
3454 4532 3728 4601 supervolan-

2219 4624 2294 4671 tes
2314 4616 2630 4686 deprimunt.
2668 4617 2872 4676 Rursus
2911 4633 3093 4691 captas
3135 4642 3367 4697 aucupes
3394 4627 3608 4682 dividunt
3638 4638 3724 4678 cum

2219 4705 2304 4758 iis.
2334 4704 2612 4761 Traditum
2633 4719 2712 4763 est
2735 4710 2926 4765 missas
2954 4713 3009 4766 in
3031 4713 3260 4771 sublime
3287 4717 3390 4772 sibi
3414 4719 3617 4786 excipere
3630 4727 3724 4767 eas:

2217 4803 2266 4850 et
2299 4811 2417 4848 cum
2448 4805 2646 4866 tempus
2681 4799 2750 4852 sit
2782 4809 3018 4868 captura:
3054 4801 3303 4875 clangore
3345 4823 3408 4859 ac
3459 4806 3632 4859 volatus
3658 4814 3722 4870 9:-

2217 4902 2339 4941 nere
2366 4887 2588 4944 invitare
2613 4889 2683 4943 ad
2707 4892 3055 4948 occasionem.
3081 4893 3292 4952 Similia
3323 4897 3479 4954 habet
3505 4896 3718 4956 Elianus,

2216 4978 2295 5033 De
2315 4979 2443 5037 hist.
2465 4982 2658 5046 anim.,
2697 4983 2790 5037 lih.
2825 4999 2890 5052 tt,
2916 5001 3042 5058 cap.
3069 4986 3162 5052 ιε,
3187 4988 3279 5059 qui
3313 4989 3389 5045 ait
3417 4989 3629 5044 homines
3652 4998 3719 5037 ex.

2216 5071 2434 5142 plicatis
2463 5072 2672 5130 retibus
2705 5075 3011 5144 quiescere,
3044 5079 3338 5150 accipitres
3379 5077 3720 5151 supervolantes

2217 5176 2367 5227 aves,
2399 5172 2547 5218 metu
2581 5164 2827 5232 incusso,
2860 5166 2915 5220 in
2961 5169 3099 5222 retia
3146 5171 3482 5240 compellere.
3532 5168 3716 5222 Thraces

2216 5261 2408 5323 captas
2434 5267 2565 5310 aves
2587 5270 2713 5310 cum
2747 5256 2857 5312 illis
2884 5259 3094 5327 partiri,
3123 5268 3184 5314 ut
3213 5259 3349 5316 ﬁdos
3383 5261 3548 5316 socios
3573 5257 3628 5311 ad
3643 5269 3711 5308 au-

2215 5345 2437 5415 cupium
2460 5346 2715 5404 habeant.
2751 5345 2846 5402 Sin
2869 5349 3158 5419 accipitres
3181 5351 3248 5406 ab
3269 5352 3377 5407 illis
3397 5347 3616 5405 distracti
3633 5343 3694 5398 di.

2215 5436 2516 5490 sociantur.
2552 5437 2689 5503 Quae
2713 5439 2909 5508 repetit
2935 5439 3101 5495 etiam
3140 5440 3439 5513 Antigonus
3466 5436 3697 5510 Carystius

2215 5542 2336 5598 cap.
2364 5528 2465 5596 54;
2491 5530 2727 5586 Joannes
2766 5529 3040 5588 Meursius
3069 5531 3125 5588 in
3169 5542 3305 5601 not.,
3346 5549 3462 5589 cum
3492 5531 3691 5595 Cedr0P°
3723 5535 3728 5545 ’

2215 5621 2331 5677 leos
2374 5622 2563 5679 nullus
2586 5629 2828 5679 veterum
2855 5607 3187 5683 mentionem
3220 5627 3475 5688 habuerit,
3519 5621 3708 5715 suspici.

2216 5724 2310 5771 tur
2339 5732 2463 5776 esse
2487 5716 2744 5775 mendum
2781 5717 2836 5776 in
2863 5718 3157 5778 Aristotele
3187 5737 3293 5778 non
3327 5719 3477 5776 hodie
3503 5722 3587 5771 aut
3622 5712 3721 5766 heri
