  <div class='ocr_page' id='page_1' title='image "/cluster/home/n/w/nwhite01/storage/ocr_20150623/18/hvd.32044073501207/452.png"; bbox 0 0 1976 3102; ppageno 0'>
   <div class='ocr_carea' id='block_1_1' title="bbox 98 160 881 195">
    <p class='ocr_par' dir='ltr' id='par_1_1' title="bbox 98 160 881 191">
     <span class='ocr_line' id='line_1_1' title="bbox 98 160 881 191; baseline -0.001 -2"><span class='ocrx_word' id='word_1_1' title='bbox 98 161 152 189; x_wconf 70' lang='lat'><strong>895</strong></span> <span class='ocrx_word' id='word_1_2' title='bbox 587 163 621 190; x_wconf 82' lang='lat' dir='ltr'><strong>IN</strong></span> <span class='ocrx_word' id='word_1_3' title='bbox 637 161 822 191; x_wconf 65' lang='lat' dir='ltr'><strong>ausurum</strong></span> <span class='ocrx_word' id='word_1_4' title='bbox 842 160 881 189; x_wconf 77' lang='lat' dir='ltr'><strong>HE</strong></span> 
     </span>
    </p>
   </div>
   <div class='ocr_carea' id='block_1_2' title="bbox 933 160 1718 195">
    <p class='ocr_par' dir='ltr' id='par_1_2' title="bbox 933 161 1718 195">
     <span class='ocr_line' id='line_1_2' title="bbox 933 161 1718 195; baseline 0.009 -7"><span class='ocrx_word' id='word_1_5' title='bbox 933 161 1077 190; x_wconf 79' lang='lat' dir='ltr'><strong>.EMERON</strong></span> <span class='ocrx_word' id='word_1_6' title='bbox 1093 162 1209 191; x_wconf 82' lang='grc' dir='ltr'><strong>ΝΟΤᾹΞ.</strong></span> <span class='ocrx_word' id='word_1_7' title='bbox 1667 167 1718 195; x_wconf 69' lang='grc'><strong>894</strong></span> 
     </span>
    </p>
   </div>
   <div class='ocr_carea' id='block_1_3' title="bbox 98 219 881 262">
    <p class='ocr_par' dir='ltr' id='par_1_3' title="bbox 98 219 881 259">
     <span class='ocr_line' id='line_1_3' title="bbox 98 219 881 259; baseline 0.006 -13"><span class='ocrx_word' id='word_1_8' title='bbox 98 225 204 251; x_wconf 83' lang='lat' dir='ltr'><strong>natum,</strong></span> <span class='ocrx_word' id='word_1_9' title='bbox 222 219 269 247; x_wconf 90' lang='lat' dir='ltr'><strong>sed</strong></span> <span class='ocrx_word' id='word_1_10' title='bbox 283 220 339 255; x_wconf 88' lang='lat' dir='ltr'><strong>jam</strong></span> <span class='ocrx_word' id='word_1_11' title='bbox 351 224 413 248; x_wconf 88' lang='lat' dir='ltr'><strong>ante</strong></span> <span class='ocrx_word' id='word_1_12' title='bbox 428 220 555 257; x_wconf 81' lang='lat' dir='ltr'><strong>Antigoni</strong></span> <span class='ocrx_word' id='word_1_13' title='bbox 573 226 707 259; x_wconf 81' lang='lat' dir='ltr'><strong>tempora,</strong></span> <span class='ocrx_word' id='word_1_14' title='bbox 723 224 769 259; x_wconf 86' lang='lat' dir='ltr'><strong>qui</strong></span> <span class='ocrx_word' id='word_1_15' title='bbox 787 223 824 250; x_wconf 88' lang='lat' dir='ltr'><strong>ita</strong></span> <span class='ocrx_word' id='word_1_16' title='bbox 838 223 881 250; x_wconf 93' lang='lat' dir='ltr'><strong>iu-</strong></span> 
     </span>
    </p>
   </div>
   <div class='ocr_carea' id='block_1_4' title="bbox 933 219 1719 262">
    <p class='ocr_par' dir='ltr' id='par_1_4' title="bbox 934 222 1719 262">
     <span class='ocr_line' id='line_1_4' title="bbox 934 222 1719 262; baseline 0.006 -14"><span class='ocrx_word' id='word_1_17' title='bbox 934 222 1063 257; x_wconf 72' lang='grc' dir='ltr'><strong>πέψωσιν,</strong></span> <span class='ocrx_word' id='word_1_18' title='bbox 1075 224 1228 260; x_wconf 77' lang='grc' dir='ltr'><strong>ἐξεμοῦσιν,</strong></span> <span class='ocrx_word' id='word_1_19' title='bbox 1241 224 1284 252; x_wconf 76' lang='grc' dir='ltr'><strong>ἵνα</strong></span> <span class='ocrx_word' id='word_1_20' title='bbox 1292 226 1451 260; x_wconf 86' lang='grc' dir='ltr'><strong>χασκουσῶν</strong></span> <span class='ocrx_word' id='word_1_21' title='bbox 1460 225 1493 253; x_wconf 78' lang='grc' dir='ltr'><strong>τὰ</strong></span> <span class='ocrx_word' id='word_1_22' title='bbox 1503 225 1571 261; x_wconf 83' lang='grc' dir='ltr'><strong>κρέα</strong></span> <span class='ocrx_word' id='word_1_23' title='bbox 1582 226 1719 262; x_wconf 71' lang='grc' dir='ltr'><strong>ἐξαιροῦν-</strong></span> 
     </span>
    </p>
   </div>
   <div class='ocr_carea' id='block_1_5' title="bbox 99 267 883 304">
    <p class='ocr_par' dir='ltr' id='par_1_5' title="bbox 99 267 883 304">
     <span class='ocr_line' id='line_1_5' title="bbox 99 267 883 304; baseline 0.003 -10"><span class='ocrx_word' id='word_1_24' title='bbox 99 270 209 294; x_wconf 77' lang='lat' dir='ltr'><strong>ventum</strong></span> <span class='ocrx_word' id='word_1_25' title='bbox 226 267 373 301; x_wconf 84' lang='lat' dir='ltr'><strong>expressit,</strong></span> <span class='ocrx_word' id='word_1_26' title='bbox 393 268 567 303; x_wconf 73' lang='lat' dir='ltr'><strong>restituitque</strong></span> <span class='ocrx_word' id='word_1_27' title='bbox 585 269 732 304; x_wconf 83' lang='grc' dir='ltr'><strong>Κεκροπίδι</strong></span> <span class='ocrx_word' id='word_1_28' title='bbox 747 277 807 304; x_wconf 67' lang='lat' dir='ltr'><strong>quae</strong></span> <span class='ocrx_word' id='word_1_29' title='bbox 824 268 883 296; x_wconf 80' lang='lat' dir='ltr'><strong>Ste-</strong></span> 
     </span>
    </p>
   </div>
   <div class='ocr_carea' id='block_1_6' title="bbox 100 310 884 349">
    <p class='ocr_par' dir='ltr' id='par_1_6' title="bbox 100 310 884 349">
     <span class='ocr_line' id='line_1_6' title="bbox 100 310 884 349; baseline 0.004 -12"><span class='ocrx_word' id='word_1_30' title='bbox 100 311 192 346; x_wconf 89' lang='lat' dir='ltr'><strong>phano</strong></span> <span class='ocrx_word' id='word_1_31' title='bbox 205 310 328 338; x_wconf 62' lang='lat' dir='ltr'><strong>Thracia:</strong></span> <span class='ocrx_word' id='word_1_32' title='bbox 347 313 423 347; x_wconf 82' lang='lat' dir='ltr'><strong>regio</strong></span> <span class='ocrx_word' id='word_1_33' title='bbox 437 317 493 346; x_wconf 89' lang='lat' dir='ltr'><strong>est;</strong></span> <span class='ocrx_word' id='word_1_34' title='bbox 509 314 690 349; x_wconf 82' lang='lat' dir='ltr'><strong>conciliatque</strong></span> <span class='ocrx_word' id='word_1_35' title='bbox 710 322 801 342; x_wconf 88' lang='lat' dir='ltr'><strong>secum</strong></span> <span class='ocrx_word' id='word_1_36' title='bbox 823 314 884 340; x_wconf 84' lang='lat' dir='ltr'><strong>Ari-</strong></span> 
     </span>
    </p>
   </div>
   <div class='ocr_carea' id='block_1_7' title="bbox 101 356 882 394">
    <p class='ocr_par' dir='ltr' id='par_1_7' title="bbox 101 356 882 394">
     <span class='ocr_line' id='line_1_7' title="bbox 101 356 882 394; baseline 0.004 -10"><span class='ocrx_word' id='word_1_37' title='bbox 101 356 236 390; x_wconf 82' lang='lat' dir='ltr'><strong>stotelem,</strong></span> <span class='ocrx_word' id='word_1_38' title='bbox 248 356 312 384; x_wconf 89' lang='lat' dir='ltr'><strong>dum</strong></span> <span class='ocrx_word' id='word_1_39' title='bbox 325 357 507 394; x_wconf 83' lang='lat' dir='ltr'><strong>Amphipolim</strong></span> <span class='ocrx_word' id='word_1_40' title='bbox 520 359 614 387; x_wconf 82' lang='lat' dir='ltr'><strong>urbem</strong></span> <span class='ocrx_word' id='word_1_41' title='bbox 630 360 657 387; x_wconf 91' lang='lat' dir='ltr'><strong>in</strong></span> <span class='ocrx_word' id='word_1_42' title='bbox 670 359 787 387; x_wconf 85' lang='lat' dir='ltr'><strong>Thracia</strong></span> <span class='ocrx_word' id='word_1_43' title='bbox 803 360 882 387; x_wconf 82' lang='lat' dir='ltr'><strong>sitam</strong></span> 
     </span>
    </p>
   </div>
   <div class='ocr_carea' id='block_1_8' title="bbox 98 401 520 438">
    <p class='ocr_par' dir='ltr' id='par_1_8' title="bbox 98 401 520 438">
     <span class='ocr_line' id='line_1_8' title="bbox 98 401 520 438; baseline 0.007 -10"><span class='ocrx_word' id='word_1_44' title='bbox 98 401 126 429; x_wconf 86' lang='lat' dir='ltr'><strong>in</strong></span> <span class='ocrx_word' id='word_1_45' title='bbox 144 401 294 436; x_wconf 85' lang='lat' dir='ltr'><strong>Cecropide</strong></span> <span class='ocrx_word' id='word_1_46' title='bbox 311 403 422 438; x_wconf 78' lang='lat' dir='ltr'><strong>regione</strong></span> <span class='ocrx_word' id='word_1_47' title='bbox 433 405 520 438; x_wconf 93' lang='lat' dir='ltr'><strong>ponit.</strong></span> 
     </span>
    </p>
   </div>
   <div class='ocr_carea' id='block_1_9' title="bbox 130 447 881 481">
    <p class='ocr_par' dir='ltr' id='par_1_9' title="bbox 130 447 881 481">
     <span class='ocr_line' id='line_1_9' title="bbox 130 447 881 481; baseline 0.005 -8"><span class='ocrx_word' id='word_1_48' title='bbox 130 447 192 474; x_wconf 87' lang='lat' dir='ltr'><strong>Col.</strong></span> <span class='ocrx_word' id='word_1_49' title='bbox 209 447 276 481; x_wconf 70' lang='lat'><strong>729,</strong></span> <span class='ocrx_word' id='word_1_50' title='bbox 294 448 342 475; x_wconf 88' lang='lat' dir='ltr'><strong>lin.</strong></span> <span class='ocrx_word' id='word_1_51' title='bbox 374 449 400 476; x_wconf 84' lang='lat'><strong>5.</strong></span> <span class='ocrx_word' id='word_1_52' title='bbox 429 451 609 477; x_wconf 74' lang='grc' dir='ltr'><strong>Φιλότεκνον</strong></span> <span class='ocrx_word' id='word_1_53' title='bbox 635 452 651 477; x_wconf 80' lang='grc' dir='ltr'><em>ὁ</em></span> <span class='ocrx_word' id='word_1_54' title='bbox 670 450 810 477; x_wconf 77' lang='grc' dir='ltr'><strong>πελεκάν.</strong></span> <span class='ocrx_word' id='word_1_55' title='bbox 831 448 881 477; x_wconf 66' lang='lat' dir='ltr'><strong>Cir.</strong></span> 
     </span>
    </p>
   </div>
   <div class='ocr_carea' id='block_1_10' title="bbox 102 496 881 533">
    <p class='ocr_par' dir='ltr' id='par_1_10' title="bbox 102 496 881 533">
     <span class='ocr_line' id='line_1_10' title="bbox 102 496 881 533; baseline 0 -10"><span class='ocrx_word' id='word_1_56' title='bbox 102 496 281 532; x_wconf 80' lang='lat' dir='ltr'><strong>Physiologus</strong></span> <span class='ocrx_word' id='word_1_57' title='bbox 297 497 451 533; x_wconf 86' lang='lat' dir='ltr'><strong>Epiphanii,</strong></span> <span class='ocrx_word' id='word_1_58' title='bbox 463 502 489 525; x_wconf 91' lang='lat' dir='ltr'><strong>et</strong></span> <span class='ocrx_word' id='word_1_59' title='bbox 505 498 600 526; x_wconf 90' lang='lat' dir='ltr'><strong>Petrus</strong></span> <span class='ocrx_word' id='word_1_60' title='bbox 617 498 774 529; x_wconf 88' lang='lat' dir='ltr'><strong>Damianus,</strong></span> <span class='ocrx_word' id='word_1_61' title='bbox 789 497 836 525; x_wconf 89' lang='lat' dir='ltr'><strong>lib.</strong></span> <span class='ocrx_word' id='word_1_62' title='bbox 851 505 881 529; x_wconf 86' lang='grc' dir='ltr'>ιι,</span> 
     </span>
    </p>
   </div>
   <div class='ocr_carea' id='block_1_11' title="bbox 96 541 880 577">
    <p class='ocr_par' dir='ltr' id='par_1_11' title="bbox 96 541 880 577">
     <span class='ocr_line' id='line_1_11' title="bbox 96 541 880 577; baseline 0.004 -11"><span class='ocrx_word' id='word_1_63' title='bbox 96 541 181 574; x_wconf 72' lang='lat' dir='ltr'><strong>epist.</strong></span> <span class='ocrx_word' id='word_1_64' title='bbox 217 541 272 575; x_wconf 68' lang='lat'><strong>18;</strong></span> <span class='ocrx_word' id='word_1_65' title='bbox 307 541 505 577; x_wconf 83' lang='lat' dir='ltr'><strong>Hieronymus,</strong></span> <span class='ocrx_word' id='word_1_66' title='bbox 541 542 598 570; x_wconf 86' lang='lat' dir='ltr'><strong>sive</strong></span> <span class='ocrx_word' id='word_1_67' title='bbox 633 546 729 569; x_wconf 84' lang='lat' dir='ltr'><strong>auctor</strong></span> <span class='ocrx_word' id='word_1_68' title='bbox 759 542 880 577; x_wconf 76' lang='lat' dir='ltr'><strong>epistolae</strong></span> 
     </span>
    </p>
   </div>
   <div class='ocr_carea' id='block_1_12' title="bbox 97 586 883 623">
    <p class='ocr_par' dir='ltr' id='par_1_12' title="bbox 97 586 883 623">
     <span class='ocr_line' id='line_1_12' title="bbox 97 586 883 623; baseline 0.006 -11"><span class='ocrx_word' id='word_1_69' title='bbox 97 586 132 613; x_wconf 84' lang='lat' dir='ltr'><strong>ad</strong></span> <span class='ocrx_word' id='word_1_70' title='bbox 155 586 333 619; x_wconf 68' lang='lat' dir='ltr'><strong>Prmsidinm,</strong></span> <span class='ocrx_word' id='word_1_71' title='bbox 356 588 547 622; x_wconf 77' lang='lat' dir='ltr'><strong>pelecannrum</strong></span> <span class='ocrx_word' id='word_1_72' title='bbox 572 588 641 616; x_wconf 92' lang='lat' dir='ltr'><strong>ﬁlios</strong></span> <span class='ocrx_word' id='word_1_73' title='bbox 666 596 681 615; x_wconf 91' lang='lat' dir='ltr'><strong>a</strong></span> <span class='ocrx_word' id='word_1_74' title='bbox 711 589 883 623; x_wconf 90' lang='lat' dir='ltr'><strong>serpentibus</strong></span> 
     </span>
    </p>
   </div>
   <div class='ocr_carea' id='block_1_13' title="bbox 96 633 881 669">
    <p class='ocr_par' dir='ltr' id='par_1_13' title="bbox 96 633 881 669">
     <span class='ocr_line' id='line_1_13' title="bbox 96 633 881 669; baseline 0.003 -10"><span class='ocrx_word' id='word_1_75' title='bbox 96 633 198 665; x_wconf 71' lang='lat' dir='ltr'><strong>orcidi,</strong></span> <span class='ocrx_word' id='word_1_76' title='bbox 217 637 244 660; x_wconf 76' lang='lat' dir='ltr'><strong>ct</strong></span> <span class='ocrx_word' id='word_1_77' title='bbox 259 638 400 668; x_wconf 84' lang='lat' dir='ltr'><strong>parentum</strong></span> <span class='ocrx_word' id='word_1_78' title='bbox 418 635 548 669; x_wconf 83' lang='lat' dir='ltr'><strong>sanguine</strong></span> <span class='ocrx_word' id='word_1_79' title='bbox 565 635 695 662; x_wconf 88' lang='lat' dir='ltr'><strong>viviﬁcari</strong></span> <span class='ocrx_word' id='word_1_80' title='bbox 713 639 808 662; x_wconf 85' lang='lat' dir='ltr'><strong>auctor</strong></span> <span class='ocrx_word' id='word_1_81' title='bbox 829 639 881 662; x_wconf 91' lang='lat' dir='ltr'><strong>est.</strong></span> 
     </span>
    </p>
   </div>
   <div class='ocr_carea' id='block_1_14' title="bbox 96 679 882 715">
    <p class='ocr_par' dir='ltr' id='par_1_14' title="bbox 96 679 882 715">
     <span class='ocr_line' id='line_1_14' title="bbox 96 679 882 715; baseline 0 -9"><span class='ocrx_word' id='word_1_82' title='bbox 96 679 220 706; x_wconf 87' lang='lat' dir='ltr'><strong>Isidorus</strong></span> <span class='ocrx_word' id='word_1_83' title='bbox 237 680 282 707; x_wconf 83' lang='lat' dir='ltr'><strong>lib.</strong></span> <span class='ocrx_word' id='word_1_84' title='bbox 302 688 350 710; x_wconf 84' lang='lat' dir='ltr'><strong>xu.</strong></span> <span class='ocrx_word' id='word_1_85' title='bbox 364 687 389 707; x_wconf 91' lang='lat' dir='ltr'><strong>c.</strong></span> <span class='ocrx_word' id='word_1_86' title='bbox 409 680 424 706; x_wconf 90' lang='lat'><strong>7</strong></span> <span class='ocrx_word' id='word_1_87' title='bbox 438 690 444 707; x_wconf 92' lang='lat'>:</span> <span class='ocrx_word' id='word_1_88' title='bbox 460 680 601 707; x_wconf 80' lang='lat' dir='ltr'><strong>Palicanus</strong></span> <span class='ocrx_word' id='word_1_89' title='bbox 623 681 678 707; x_wconf 84' lang='lat' dir='ltr'><strong>avis</strong></span> <span class='ocrx_word' id='word_1_90' title='bbox 692 679 818 715; x_wconf 66' lang='lat' dir='ltr'><strong>Egyptia</strong></span> <span class='ocrx_word' id='word_1_91' title='bbox 833 680 882 706; x_wconf 82' lang='lat' dir='ltr'><strong>Ita-</strong></span> 
     </span>
    </p>
   </div>
   <div class='ocr_carea' id='block_1_15' title="bbox 96 724 882 759">
    <p class='ocr_par' dir='ltr' id='par_1_15' title="bbox 96 724 882 759">
     <span class='ocr_line' id='line_1_15' title="bbox 96 724 882 759; baseline 0.003 -9"><span class='ocrx_word' id='word_1_92' title='bbox 96 724 186 751; x_wconf 86' lang='lat' dir='ltr'><strong>bitans</strong></span> <span class='ocrx_word' id='word_1_93' title='bbox 211 725 237 751; x_wconf 90' lang='lat' dir='ltr'><strong>in</strong></span> <span class='ocrx_word' id='word_1_94' title='bbox 259 725 404 752; x_wconf 85' lang='lat' dir='ltr'><strong>solitudine</strong></span> <span class='ocrx_word' id='word_1_95' title='bbox 424 724 482 751; x_wconf 87' lang='lat' dir='ltr'><strong>Nili</strong></span> <span class='ocrx_word' id='word_1_96' title='bbox 501 726 629 759; x_wconf 83' lang='lat' dir='ltr'><strong>ﬂuminis,</strong></span> <span class='ocrx_word' id='word_1_97' title='bbox 650 725 718 752; x_wconf 86' lang='lat' dir='ltr'><strong>unde</strong></span> <span class='ocrx_word' id='word_1_98' title='bbox 741 730 766 752; x_wconf 86' lang='lat' dir='ltr'><strong>et</strong></span> <span class='ocrx_word' id='word_1_99' title='bbox 790 733 882 752; x_wconf 80' lang='lat' dir='ltr'><strong>nomen</strong></span> 
     </span>
    </p>
   </div>
   <div class='ocr_carea' id='block_1_16' title="bbox 95 769 883 806">
    <p class='ocr_par' dir='ltr' id='par_1_16' title="bbox 95 769 883 806">
     <span class='ocr_line' id='line_1_16' title="bbox 95 769 883 806; baseline 0.001 -10"><span class='ocrx_word' id='word_1_100' title='bbox 95 771 221 804; x_wconf 79' lang='lat' dir='ltr'><strong>sumpsit.</strong></span> <span class='ocrx_word' id='word_1_101' title='bbox 242 769 313 797; x_wconf 85' lang='lat' dir='ltr'><strong>Nam</strong></span> <span class='ocrx_word' id='word_1_102' title='bbox 327 770 459 805; x_wconf 87' lang='lat' dir='ltr'><strong>Canopius</strong></span> <span class='ocrx_word' id='word_1_103' title='bbox 476 771 607 806; x_wconf 64' lang='lat' dir='ltr'><strong>{Egyptus</strong></span> <span class='ocrx_word' id='word_1_104' title='bbox 622 771 730 799; x_wconf 81' lang='lat' dir='ltr'><strong>dicitur.</strong></span> <span class='ocrx_word' id='word_1_105' title='bbox 750 770 848 798; x_wconf 69' lang='lat' dir='ltr'><strong>Fertur</strong></span> <span class='ocrx_word' id='word_1_106' title='bbox 858 771 883 797; x_wconf 85' lang='lat' dir='ltr'><strong>si</strong></span> 
     </span>
    </p>
   </div>
   <div class='ocr_carea' id='block_1_17' title="bbox 95 817 881 853">
    <p class='ocr_par' dir='ltr' id='par_1_17' title="bbox 95 817 881 853">
     <span class='ocr_line' id='line_1_17' title="bbox 95 817 881 853; baseline 0 -10"><span class='ocrx_word' id='word_1_107' title='bbox 95 824 186 843; x_wconf 75' lang='lat' dir='ltr'><strong>verum</strong></span> <span class='ocrx_word' id='word_1_108' title='bbox 200 821 248 847; x_wconf 84' lang='lat' dir='ltr'><strong>est,</strong></span> <span class='ocrx_word' id='word_1_109' title='bbox 269 825 326 843; x_wconf 87' lang='lat' dir='ltr'><strong>eam</strong></span> <span class='ocrx_word' id='word_1_110' title='bbox 342 817 458 844; x_wconf 86' lang='lat' dir='ltr'><strong>occidere</strong></span> <span class='ocrx_word' id='word_1_111' title='bbox 480 823 554 845; x_wconf 85' lang='lat' dir='ltr'><strong>natos</strong></span> <span class='ocrx_word' id='word_1_112' title='bbox 571 826 642 849; x_wconf 88' lang='lat' dir='ltr'><strong>suos,</strong></span> <span class='ocrx_word' id='word_1_113' title='bbox 658 826 751 853; x_wconf 85' lang='lat' dir='ltr'><strong>eosque</strong></span> <span class='ocrx_word' id='word_1_114' title='bbox 768 825 813 851; x_wconf 82' lang='lat' dir='ltr'><strong>per</strong></span> <span class='ocrx_word' id='word_1_115' title='bbox 831 817 881 843; x_wconf 86' lang='lat' dir='ltr'><strong>tri-</strong></span> 
     </span>
    </p>
   </div>
   <div class='ocr_carea' id='block_1_18' title="bbox 95 861 880 898">
    <p class='ocr_par' dir='ltr' id='par_1_18' title="bbox 95 861 880 898">
     <span class='ocr_line' id='line_1_18' title="bbox 95 861 880 898; baseline 0 -10"><span class='ocrx_word' id='word_1_116' title='bbox 95 861 179 888; x_wconf 81' lang='lat' dir='ltr'><strong>duum</strong></span> <span class='ocrx_word' id='word_1_117' title='bbox 197 862 294 897; x_wconf 83' lang='lat' dir='ltr'><strong>lugere,</strong></span> <span class='ocrx_word' id='word_1_118' title='bbox 325 862 417 890; x_wconf 83' lang='lat' dir='ltr'><strong>deinde</strong></span> <span class='ocrx_word' id='word_1_119' title='bbox 437 863 549 898; x_wconf 78' lang='lat' dir='ltr'><strong>scipsam</strong></span> <span class='ocrx_word' id='word_1_120' title='bbox 572 864 721 896; x_wconf 71' lang='lat' dir='ltr'><strong>vulnerare,</strong></span> <span class='ocrx_word' id='word_1_121' title='bbox 743 867 767 889; x_wconf 86' lang='lat' dir='ltr'><strong>et</strong></span> <span class='ocrx_word' id='word_1_122' title='bbox 792 870 880 897; x_wconf 84' lang='lat' dir='ltr'><strong>asper-</strong></span> 
     </span>
    </p>
   </div>
   <div class='ocr_carea' id='block_1_19' title="bbox 95 908 882 943">
    <p class='ocr_par' dir='ltr' id='par_1_19' title="bbox 95 908 882 943">
     <span class='ocr_line' id='line_1_19' title="bbox 95 908 882 943; baseline 0 -9"><span class='ocrx_word' id='word_1_123' title='bbox 95 908 170 935; x_wconf 85' lang='lat' dir='ltr'><strong>sione</strong></span> <span class='ocrx_word' id='word_1_124' title='bbox 190 908 231 934; x_wconf 85' lang='lat' dir='ltr'><strong>sui</strong></span> <span class='ocrx_word' id='word_1_125' title='bbox 259 909 396 943; x_wconf 84' lang='lat' dir='ltr'><strong>sanguinis</strong></span> <span class='ocrx_word' id='word_1_126' title='bbox 410 909 540 943; x_wconf 77' lang='lat' dir='ltr'><strong>vivi/icore</strong></span> <span class='ocrx_word' id='word_1_127' title='bbox 550 909 631 942; x_wconf 79' lang='lat' dir='ltr'><strong>ﬁlios.</strong></span> <span class='ocrx_word' id='word_1_128' title='bbox 649 908 719 936; x_wconf 82' lang='lat' dir='ltr'><strong>Idem</strong></span> <span class='ocrx_word' id='word_1_129' title='bbox 736 908 816 935; x_wconf 84' lang='lat' dir='ltr'><strong>habet</strong></span> <span class='ocrx_word' id='word_1_130' title='bbox 827 908 882 935; x_wconf 88' lang='lat' dir='ltr'><strong>Au-</strong></span> 
     </span>
    </p>
   </div>
   <div class='ocr_carea' id='block_1_20' title="bbox 96 954 880 989">
    <p class='ocr_par' dir='ltr' id='par_1_20' title="bbox 96 954 880 989">
     <span class='ocr_line' id='line_1_20' title="bbox 96 954 880 989; baseline 0 -9"><span class='ocrx_word' id='word_1_131' title='bbox 96 954 225 989; x_wconf 76' lang='lat' dir='ltr'><strong>gustinus</strong></span> <span class='ocrx_word' id='word_1_132' title='bbox 245 954 272 981; x_wconf 93' lang='lat' dir='ltr'><strong>in</strong></span> <span class='ocrx_word' id='word_1_133' title='bbox 287 954 382 988; x_wconf 81' lang='lat' dir='ltr'><strong>psalm.</strong></span> <span class='ocrx_word' id='word_1_134' title='bbox 394 962 431 985; x_wconf 85' lang='lat' dir='ltr'><strong>ct,</strong></span> <span class='ocrx_word' id='word_1_135' title='bbox 454 959 481 982; x_wconf 89' lang='lat' dir='ltr'><strong>et</strong></span> <span class='ocrx_word' id='word_1_136' title='bbox 491 954 639 989; x_wconf 81' lang='lat' dir='ltr'><strong>Gregorius</strong></span> <span class='ocrx_word' id='word_1_137' title='bbox 655 962 733 989; x_wconf 81' lang='lat' dir='ltr'><strong>super</strong></span> <span class='ocrx_word' id='word_1_138' title='bbox 746 962 762 981; x_wconf 97' lang='lat' dir='ltr'><strong>v</strong></span> <span class='ocrx_word' id='word_1_139' title='bbox 784 954 880 989; x_wconf 87' lang='lat' dir='ltr'><strong>psalm.</strong></span> 
     </span>
    </p>
   </div>
   <div class='ocr_carea' id='block_1_21' title="bbox 96 999 881 1035">
    <p class='ocr_par' dir='ltr' id='par_1_21' title="bbox 96 999 881 1035">
     <span class='ocr_line' id='line_1_21' title="bbox 96 999 881 1035; baseline 0.001 -10"><span class='ocrx_word' id='word_1_140' title='bbox 96 1000 235 1033; x_wconf 70' lang='lat' dir='ltr'><strong>pwnitent.</strong></span> <span class='ocrx_word' id='word_1_141' title='bbox 249 1008 258 1031; x_wconf 88' lang='lat'><em>;</em></span> <span class='ocrx_word' id='word_1_142' title='bbox 272 1000 401 1028; x_wconf 84' lang='lat' dir='ltr'><strong>Alberlus</strong></span> <span class='ocrx_word' id='word_1_143' title='bbox 416 1000 529 1035; x_wconf 77' lang='lat' dir='ltr'><strong>Magnus</strong></span> <span class='ocrx_word' id='word_1_144' title='bbox 544 1008 607 1027; x_wconf 90' lang='lat' dir='ltr'><strong>cum</strong></span> <span class='ocrx_word' id='word_1_145' title='bbox 629 1005 723 1028; x_wconf 84' lang='lat' dir='ltr'><strong>nostro</strong></span> <span class='ocrx_word' id='word_1_146' title='bbox 740 999 881 1027; x_wconf 86' lang='lat' dir='ltr'><strong>Eustathio</strong></span> 
     </span>
    </p>
   </div>
   <div class='ocr_carea' id='block_1_22' title="bbox 95 1045 881 1080">
    <p class='ocr_par' dir='ltr' id='par_1_22' title="bbox 95 1045 881 1080">
     <span class='ocr_line' id='line_1_22' title="bbox 95 1045 881 1080; baseline 0.001 -8"><span class='ocrx_word' id='word_1_147' title='bbox 95 1046 236 1078; x_wconf 74' lang='lat' dir='ltr'><strong>convenit,</strong></span> <span class='ocrx_word' id='word_1_148' title='bbox 253 1046 298 1080; x_wconf 90' lang='lat' dir='ltr'><strong>qui</strong></span> <span class='ocrx_word' id='word_1_149' title='bbox 324 1046 361 1073; x_wconf 84' lang='lat' dir='ltr'><strong>ait</strong></span> <span class='ocrx_word' id='word_1_150' title='bbox 382 1050 507 1080; x_wconf 82' lang='lat' dir='ltr'><strong>parentes</strong></span> <span class='ocrx_word' id='word_1_151' title='bbox 525 1053 539 1072; x_wconf 92' lang='lat' dir='ltr'><strong>a</strong></span> <span class='ocrx_word' id='word_1_152' title='bbox 559 1045 620 1073; x_wconf 90' lang='lat' dir='ltr'><strong>ﬁliis</strong></span> <span class='ocrx_word' id='word_1_153' title='bbox 645 1049 817 1080; x_wconf 81' lang='lat' dir='ltr'><strong>provocatos,</strong></span> <span class='ocrx_word' id='word_1_154' title='bbox 834 1053 881 1073; x_wconf 87' lang='lat' dir='ltr'><strong>eos</strong></span> 
     </span>
    </p>
   </div>
   <div class='ocr_carea' id='block_1_23' title="bbox 95 1090 881 1128">
    <p class='ocr_par' dir='ltr' id='par_1_23' title="bbox 95 1090 881 1128">
     <span class='ocr_line' id='line_1_23' title="bbox 95 1090 881 1128; baseline 0.001 -11"><span class='ocrx_word' id='word_1_155' title='bbox 95 1090 262 1118; x_wconf 84' lang='lat' dir='ltr'><strong>interﬁcere.</strong></span> <span class='ocrx_word' id='word_1_156' title='bbox 289 1091 408 1119; x_wconf 87' lang='lat' dir='ltr'><strong>Consule</strong></span> <span class='ocrx_word' id='word_1_157' title='bbox 442 1091 600 1119; x_wconf 82' lang='lat' dir='ltr'><strong>Michaelem</strong></span> <span class='ocrx_word' id='word_1_158' title='bbox 631 1091 753 1128; x_wconf 85' lang='lat' dir='ltr'><strong>Glycam,</strong></span> <span class='ocrx_word' id='word_1_159' title='bbox 782 1091 881 1118; x_wconf 81' lang='lat' dir='ltr'><strong>Annal.</strong></span> 
     </span>
    </p>
   </div>
   <div class='ocr_carea' id='block_1_24' title="bbox 97 1136 882 1173">
    <p class='ocr_par' dir='ltr' id='par_1_24' title="bbox 97 1136 882 1173">
     <span class='ocr_line' id='line_1_24' title="bbox 97 1136 882 1173; baseline 0.001 -10"><span class='ocrx_word' id='word_1_160' title='bbox 97 1136 161 1163; x_wconf 86' lang='lat' dir='ltr'><strong>libr.</strong></span> <span class='ocrx_word' id='word_1_161' title='bbox 178 1136 317 1169; x_wconf 88' lang='lat' dir='ltr'><strong>|;llorum</strong></span> <span class='ocrx_word' id='word_1_162' title='bbox 334 1138 386 1165; x_wconf 86' lang='lat' dir='ltr'><strong>libr</strong></span> <span class='ocrx_word' id='word_1_163' title='bbox 414 1146 433 1168; x_wconf 86' lang='grc' dir='ltr'>ι,</span> <span class='ocrx_word' id='word_1_164' title='bbox 452 1138 533 1173; x_wconf 84' lang='lat' dir='ltr'><strong>capit.</strong></span> <span class='ocrx_word' id='word_1_165' title='bbox 550 1137 593 1165; x_wconf 69' lang='lat' dir='ltr'><strong>Si.</strong></span> <span class='ocrx_word' id='word_1_166' title='bbox 608 1137 696 1165; x_wconf 80' lang='lat' dir='ltr'><strong>Aliam</strong></span> <span class='ocrx_word' id='word_1_167' title='bbox 712 1137 882 1172; x_wconf 79' lang='grc' dir='ltr'>φιλοτεκνίας</span> 
     </span>
    </p>
   </div>
   <div class='ocr_carea' id='block_1_25' title="bbox 95 1183 881 1219">
    <p class='ocr_par' dir='ltr' id='par_1_25' title="bbox 95 1183 881 1219">
     <span class='ocr_line' id='line_1_25' title="bbox 95 1183 881 1219; baseline 0.003 -11"><span class='ocrx_word' id='word_1_168' title='bbox 95 1189 209 1210; x_wconf 80' lang='lat' dir='ltr'><strong>causam</strong></span> <span class='ocrx_word' id='word_1_169' title='bbox 222 1183 306 1211; x_wconf 83' lang='lat' dir='ltr'><strong>babes</strong></span> <span class='ocrx_word' id='word_1_170' title='bbox 318 1184 388 1219; x_wconf 89' lang='lat' dir='ltr'><strong>apud</strong></span> <span class='ocrx_word' id='word_1_171' title='bbox 403 1183 552 1216; x_wconf 64' lang='lat' dir='ltr'><strong>Elianum,</strong></span> <span class='ocrx_word' id='word_1_172' title='bbox 567 1184 605 1211; x_wconf 85' lang='lat' dir='ltr'><strong>De</strong></span> <span class='ocrx_word' id='word_1_173' title='bbox 613 1184 705 1211; x_wconf 86' lang='lat' dir='ltr'><strong>nistor.</strong></span> <span class='ocrx_word' id='word_1_174' title='bbox 715 1184 881 1217; x_wconf 81' lang='lat' dir='ltr'><strong>animalium,</strong></span> 
     </span>
    </p>
   </div>
   <div class='ocr_carea' id='block_1_26' title="bbox 95 1228 879 1265">
    <p class='ocr_par' dir='ltr' id='par_1_26' title="bbox 95 1228 879 1265">
     <span class='ocr_line' id='line_1_26' title="bbox 95 1228 879 1265; baseline 0.001 -10"><span class='ocrx_word' id='word_1_175' title='bbox 95 1228 145 1255; x_wconf 93' lang='lat' dir='ltr'><strong>lib.</strong></span> <span class='ocrx_word' id='word_1_176' title='bbox 162 1236 205 1257; x_wconf 84' lang='lat' dir='ltr'><strong>nl.</strong></span> <span class='ocrx_word' id='word_1_177' title='bbox 220 1230 303 1264; x_wconf 87' lang='lat' dir='ltr'><strong>capit.</strong></span> <span class='ocrx_word' id='word_1_178' title='bbox 319 1229 364 1257; x_wconf 77' lang='grc'><strong>24.</strong></span> <span class='ocrx_word' id='word_1_179' title='bbox 377 1229 455 1257; x_wconf 83' lang='lat' dir='ltr'><strong>Hunc</strong></span> <span class='ocrx_word' id='word_1_180' title='bbox 470 1229 575 1257; x_wconf 86' lang='lat' dir='ltr'><strong>Plinius</strong></span> <span class='ocrx_word' id='word_1_181' title='bbox 587 1231 714 1265; x_wconf 84' lang='lat' dir='ltr'><strong>plateam,</strong></span> <span class='ocrx_word' id='word_1_182' title='bbox 726 1230 879 1265; x_wconf 86' lang='lat' dir='ltr'><strong>plataleam,</strong></span> 
     </span>
    </p>
   </div>
   <div class='ocr_carea' id='block_1_27' title="bbox 95 1274 880 1311">
    <p class='ocr_par' dir='ltr' id='par_1_27' title="bbox 95 1274 880 1311">
     <span class='ocr_line' id='line_1_27' title="bbox 95 1274 880 1311; baseline 0.001 -10"><span class='ocrx_word' id='word_1_183' title='bbox 95 1274 205 1306; x_wconf 85' lang='lat' dir='ltr'><strong>Cicero,</strong></span> <span class='ocrx_word' id='word_1_184' title='bbox 222 1274 413 1311; x_wconf 79' lang='lat' dir='ltr'><strong>Hieronymus,</strong></span> <span class='ocrx_word' id='word_1_185' title='bbox 427 1280 454 1303; x_wconf 92' lang='lat' dir='ltr'><strong>et</strong></span> <span class='ocrx_word' id='word_1_186' title='bbox 468 1275 618 1303; x_wconf 80' lang='lat' dir='ltr'><strong>Eucherius</strong></span> <span class='ocrx_word' id='word_1_187' title='bbox 631 1275 816 1303; x_wconf 87' lang='lat' dir='ltr'><strong>onocrotalum</strong></span> <span class='ocrx_word' id='word_1_188' title='bbox 830 1282 880 1303; x_wconf 85' lang='lat' dir='ltr'><strong>vo-</strong></span> 
     </span>
    </p>
   </div>
   <div class='ocr_carea' id='block_1_28' title="bbox 95 1319 882 1355">
    <p class='ocr_par' dir='ltr' id='par_1_28' title="bbox 95 1319 882 1355">
     <span class='ocr_line' id='line_1_28' title="bbox 95 1319 882 1355; baseline 0 -9"><span class='ocrx_word' id='word_1_189' title='bbox 95 1324 206 1347; x_wconf 85' lang='lat' dir='ltr'><strong>carunt.</strong></span> <span class='ocrx_word' id='word_1_190' title='bbox 220 1319 353 1348; x_wconf 88' lang='lat' dir='ltr'><strong>Consalus</strong></span> <span class='ocrx_word' id='word_1_191' title='bbox 364 1320 477 1348; x_wconf 83' lang='lat' dir='ltr'><strong>Pontius</strong></span> <span class='ocrx_word' id='word_1_192' title='bbox 489 1321 561 1348; x_wconf 90' lang='lat' dir='ltr'><strong>notis</strong></span> <span class='ocrx_word' id='word_1_193' title='bbox 578 1320 606 1347; x_wconf 92' lang='lat' dir='ltr'><strong>in</strong></span> <span class='ocrx_word' id='word_1_194' title='bbox 620 1319 804 1355; x_wconf 78' lang='lat' dir='ltr'><strong>Physiologum</strong></span> <span class='ocrx_word' id='word_1_195' title='bbox 817 1319 882 1355; x_wconf 83' lang='lat' dir='ltr'><strong>Epi-</strong></span> 
     </span>
    </p>
   </div>
   <div class='ocr_carea' id='block_1_29' title="bbox 96 1365 880 1401">
    <p class='ocr_par' dir='ltr' id='par_1_29' title="bbox 96 1365 880 1401">
     <span class='ocr_line' id='line_1_29' title="bbox 96 1365 880 1401; baseline 0.001 -10"><span class='ocrx_word' id='word_1_196' title='bbox 96 1365 206 1399; x_wconf 82' lang='lat' dir='ltr'><strong>phanii,</strong></span> <span class='ocrx_word' id='word_1_197' title='bbox 220 1373 281 1400; x_wconf 74' lang='lat' dir='ltr'><strong>qua:</strong></span> <span class='ocrx_word' id='word_1_198' title='bbox 299 1366 332 1393; x_wconf 94' lang='lat' dir='ltr'><strong>de</strong></span> <span class='ocrx_word' id='word_1_199' title='bbox 350 1366 478 1401; x_wconf 84' lang='lat' dir='ltr'><strong>pelecano</strong></span> <span class='ocrx_word' id='word_1_200' title='bbox 500 1368 637 1398; x_wconf 85' lang='lat' dir='ltr'><strong>narratur,</strong></span> <span class='ocrx_word' id='word_1_201' title='bbox 652 1365 727 1393; x_wconf 92' lang='lat' dir='ltr'><strong>nullo</strong></span> <span class='ocrx_word' id='word_1_202' title='bbox 739 1369 786 1392; x_wconf 87' lang='lat' dir='ltr'><strong>aut</strong></span> <span class='ocrx_word' id='word_1_203' title='bbox 799 1373 880 1400; x_wconf 82' lang='lat' dir='ltr'><strong>expe-</strong></span> 
     </span>
    </p>
   </div>
   <div class='ocr_carea' id='block_1_30' title="bbox 95 1410 880 1446">
    <p class='ocr_par' dir='ltr' id='par_1_30' title="bbox 95 1410 880 1446">
     <span class='ocr_line' id='line_1_30' title="bbox 95 1410 880 1446; baseline 0.001 -10"><span class='ocrx_word' id='word_1_204' title='bbox 95 1410 226 1442; x_wconf 86' lang='lat' dir='ltr'><strong>rimento,</strong></span> <span class='ocrx_word' id='word_1_205' title='bbox 251 1415 297 1438; x_wconf 90' lang='lat' dir='ltr'><strong>aut</strong></span> <span class='ocrx_word' id='word_1_206' title='bbox 322 1411 405 1438; x_wconf 79' lang='lat' dir='ltr'><strong>veteri</strong></span> <span class='ocrx_word' id='word_1_207' title='bbox 431 1412 544 1446; x_wconf 89' lang='lat' dir='ltr'><strong>probato</strong></span> <span class='ocrx_word' id='word_1_208' title='bbox 571 1411 727 1438; x_wconf 91' lang='lat' dir='ltr'><strong>testimonio</strong></span> <span class='ocrx_word' id='word_1_209' title='bbox 751 1411 880 1438; x_wconf 81' lang='lat' dir='ltr'><strong>allirmari</strong></span> 
     </span>
    </p>
   </div>
   <div class='ocr_carea' id='block_1_31' title="bbox 95 1457 880 1493">
    <p class='ocr_par' dir='ltr' id='par_1_31' title="bbox 95 1457 880 1493">
     <span class='ocr_line' id='line_1_31' title="bbox 95 1457 880 1493; baseline 0.001 -10"><span class='ocrx_word' id='word_1_210' title='bbox 95 1465 179 1492; x_wconf 84' lang='lat' dir='ltr'><strong>posse</strong></span> <span class='ocrx_word' id='word_1_211' title='bbox 192 1457 343 1485; x_wconf 87' lang='lat' dir='ltr'><strong>contendit.</strong></span> <span class='ocrx_word' id='word_1_212' title='bbox 359 1457 448 1491; x_wconf 83' lang='lat' dir='ltr'><strong>Quare</strong></span> <span class='ocrx_word' id='word_1_213' title='bbox 461 1462 539 1493; x_wconf 86' lang='lat' dir='ltr'><strong>putat</strong></span> <span class='ocrx_word' id='word_1_214' title='bbox 554 1466 603 1493; x_wconf 90' lang='lat' dir='ltr'><strong>pro</strong></span> <span class='ocrx_word' id='word_1_215' title='bbox 617 1458 752 1493; x_wconf 91' lang='lat' dir='ltr'><strong>pictorum</strong></span> <span class='ocrx_word' id='word_1_216' title='bbox 767 1457 880 1485; x_wconf 85' lang='lat' dir='ltr'><strong>arbitrio</strong></span> 
     </span>
    </p>
   </div>
   <div class='ocr_carea' id='block_1_32' title="bbox 96 1504 880 1538">
    <p class='ocr_par' dir='ltr' id='par_1_32' title="bbox 96 1504 880 1538">
     <span class='ocr_line' id='line_1_32' title="bbox 96 1504 880 1538; baseline 0.001 -8"><span class='ocrx_word' id='word_1_217' title='bbox 96 1504 255 1531; x_wconf 88' lang='lat' dir='ltr'><strong>hominibus</strong></span> <span class='ocrx_word' id='word_1_218' title='bbox 281 1504 441 1538; x_wconf 77' lang='lat' dir='ltr'><strong>exhibitam,</strong></span> <span class='ocrx_word' id='word_1_219' title='bbox 468 1512 519 1532; x_wconf 88' lang='lat' dir='ltr'><strong>nec</strong></span> <span class='ocrx_word' id='word_1_220' title='bbox 545 1505 626 1532; x_wconf 87' lang='lat' dir='ltr'><strong>ullam</strong></span> <span class='ocrx_word' id='word_1_221' title='bbox 649 1504 761 1538; x_wconf 87' lang='lat' dir='ltr'><strong>hujusce</strong></span> <span class='ocrx_word' id='word_1_222' title='bbox 777 1507 880 1531; x_wconf 68' lang='lat' dir='ltr'><strong>natura!</strong></span> 
     </span>
    </p>
   </div>
   <div class='ocr_carea' id='block_1_33' title="bbox 96 1548 917 1597">
    <p class='ocr_par' dir='ltr' id='par_1_33' title="bbox 96 1548 917 1597">
     <span class='ocr_line' id='line_1_33' title="bbox 96 1548 917 1597; baseline 0.001 -21"><span class='ocrx_word' id='word_1_223' title='bbox 96 1557 174 1577; x_wconf 86' lang='lat' dir='ltr'><strong>avem</strong></span> <span class='ocrx_word' id='word_1_224' title='bbox 193 1558 307 1585; x_wconf 90' lang='lat' dir='ltr'><strong>usquam</strong></span> <span class='ocrx_word' id='word_1_225' title='bbox 321 1558 392 1582; x_wconf 87' lang='lat' dir='ltr'><strong>esse,</strong></span> <span class='ocrx_word' id='word_1_226' title='bbox 401 1548 617 1586; x_wconf 47' lang='lat' dir='ltr'><strong>&#39;comprobatque</strong></span> <span class='ocrx_word' id='word_1_227' title='bbox 633 1550 806 1578; x_wconf 60' lang='lat' dir='ltr'><strong>Hebraeorum</strong></span> <span class='ocrx_word' id='word_1_228' title='bbox 818 1558 880 1577; x_wconf 53' lang='lat' dir='ltr'><strong>sena</strong></span> <span class='ocrx_word' id='word_1_229' title='bbox 893 1566 917 1597; x_wconf 65' lang='grc' dir='ltr'><strong><em>ο</em></strong></span> 
     </span>
    </p>
   </div>
   <div class='ocr_carea' id='block_1_34' title="bbox 95 1595 881 1631">
    <p class='ocr_par' dir='ltr' id='par_1_34' title="bbox 95 1595 881 1631">
     <span class='ocr_line' id='line_1_34' title="bbox 95 1595 881 1631; baseline -0.003 -7"><span class='ocrx_word' id='word_1_230' title='bbox 95 1596 193 1627; x_wconf 85' lang='lat' dir='ltr'><strong>tentia,</strong></span> <span class='ocrx_word' id='word_1_231' title='bbox 209 1596 255 1631; x_wconf 90' lang='lat' dir='ltr'><strong>qui</strong></span> <span class='ocrx_word' id='word_1_232' title='bbox 274 1595 393 1624; x_wconf 82' lang='lat' dir='ltr'><strong>fatentur</strong></span> <span class='ocrx_word' id='word_1_233' title='bbox 407 1596 514 1624; x_wconf 84' lang='lat' dir='ltr'><strong>nescire</strong></span> <span class='ocrx_word' id='word_1_234' title='bbox 525 1604 554 1624; x_wconf 85' lang='lat' dir='ltr'><strong>se</strong></span> <span class='ocrx_word' id='word_1_235' title='bbox 567 1604 627 1631; x_wconf 79' lang='lat' dir='ltr'><strong>quae</strong></span> <span class='ocrx_word' id='word_1_236' title='bbox 644 1597 701 1624; x_wconf 83' lang='lat' dir='ltr'><strong>avis</strong></span> <span class='ocrx_word' id='word_1_237' title='bbox 720 1596 756 1624; x_wconf 90' lang='lat' dir='ltr'><strong>sit</strong></span> <span class='ocrx_word' id='word_1_238' title='bbox 772 1596 881 1631; x_wconf 85' lang='lat' dir='ltr'><strong>peleca-</strong></span> 
     </span>
    </p>
   </div>
   <div class='ocr_carea' id='block_1_35' title="bbox 95 1641 881 1677">
    <p class='ocr_par' dir='ltr' id='par_1_35' title="bbox 95 1641 881 1677">
     <span class='ocr_line' id='line_1_35' title="bbox 95 1641 881 1677; baseline 0.001 -9"><span class='ocrx_word' id='word_1_239' title='bbox 95 1649 160 1669; x_wconf 86' lang='lat' dir='ltr'><strong>nus.</strong></span> <span class='ocrx_word' id='word_1_240' title='bbox 179 1641 316 1676; x_wconf 85' lang='lat' dir='ltr'><strong>Quidquid</strong></span> <span class='ocrx_word' id='word_1_241' title='bbox 329 1646 420 1669; x_wconf 87' lang='lat' dir='ltr'><strong>tamen</strong></span> <span class='ocrx_word' id='word_1_242' title='bbox 436 1642 480 1674; x_wconf 89' lang='lat' dir='ltr'><strong>sit,</strong></span> <span class='ocrx_word' id='word_1_243' title='bbox 497 1642 555 1670; x_wconf 86' lang='lat' dir='ltr'><strong>avis</strong></span> <span class='ocrx_word' id='word_1_244' title='bbox 575 1642 632 1669; x_wconf 65' lang='lat' dir='ltr'><strong>hinc</strong></span> <span class='ocrx_word' id='word_1_245' title='bbox 652 1642 701 1669; x_wconf 93' lang='lat' dir='ltr'><strong>fuit</strong></span> <span class='ocrx_word' id='word_1_246' title='bbox 715 1642 821 1677; x_wconf 90' lang='lat' dir='ltr'><strong>insigne</strong></span> <span class='ocrx_word' id='word_1_247' title='bbox 833 1641 881 1669; x_wconf 87' lang='lat' dir='ltr'><strong>Ju-</strong></span> 
     </span>
    </p>
   </div>
   <div class='ocr_carea' id='block_1_36' title="bbox 95 1687 880 1724">
    <p class='ocr_par' dir='ltr' id='par_1_36' title="bbox 95 1687 880 1724">
     <span class='ocr_line' id='line_1_36' title="bbox 95 1687 880 1724; baseline 0.001 -10"><span class='ocrx_word' id='word_1_248' title='bbox 95 1688 124 1715; x_wconf 89' lang='lat' dir='ltr'><strong>lii</strong></span> <span class='ocrx_word' id='word_1_249' title='bbox 143 1688 254 1715; x_wconf 89' lang='lat' dir='ltr'><strong>Antonii</strong></span> <span class='ocrx_word' id='word_1_250' title='bbox 285 1687 419 1715; x_wconf 87' lang='lat' dir='ltr'><strong>Sanctorii</strong></span> <span class='ocrx_word' id='word_1_251' title='bbox 447 1688 605 1720; x_wconf 87' lang='lat' dir='ltr'><strong>cardinalis,</strong></span> <span class='ocrx_word' id='word_1_252' title='bbox 633 1693 695 1723; x_wconf 90' lang='lat' dir='ltr'><strong>post</strong></span> <span class='ocrx_word' id='word_1_253' title='bbox 720 1687 880 1724; x_wconf 72' lang='lat' dir='ltr'><strong>Gregorium</strong></span> 
     </span>
    </p>
   </div>
   <div class='ocr_carea' id='block_1_37' title="bbox 94 1733 882 1769">
    <p class='ocr_par' dir='ltr' id='par_1_37' title="bbox 94 1733 882 1769">
     <span class='ocr_line' id='line_1_37' title="bbox 94 1733 882 1769; baseline -0.004 -7"><span class='ocrx_word' id='word_1_254' title='bbox 94 1735 232 1762; x_wconf 86' lang='lat' dir='ltr'><strong>decimum</strong></span> <span class='ocrx_word' id='word_1_255' title='bbox 244 1735 354 1761; x_wconf 84' lang='lat' dir='ltr'><strong>tertium</strong></span> <span class='ocrx_word' id='word_1_256' title='bbox 369 1734 523 1769; x_wconf 86' lang='lat' dir='ltr'><strong>pontiﬁcem</strong></span> <span class='ocrx_word' id='word_1_257' title='bbox 537 1734 680 1769; x_wconf 85' lang='lat' dir='ltr'><strong>optimum,</strong></span> <span class='ocrx_word' id='word_1_258' title='bbox 692 1733 796 1768; x_wconf 75' lang='lat' dir='ltr'><strong>collegii</strong></span> <span class='ocrx_word' id='word_1_259' title='bbox 808 1733 882 1760; x_wconf 67' lang='lat' dir='ltr'><strong>Grae-</strong></span> 
     </span>
    </p>
   </div>
   <div class='ocr_carea' id='block_1_38' title="bbox 94 1779 882 1815">
    <p class='ocr_par' dir='ltr' id='par_1_38' title="bbox 94 1779 882 1815">
     <span class='ocr_line' id='line_1_38' title="bbox 94 1779 882 1815; baseline -0.003 -8"><span class='ocrx_word' id='word_1_260' title='bbox 94 1788 192 1808; x_wconf 89' lang='lat' dir='ltr'><strong>corum</strong></span> <span class='ocrx_word' id='word_1_261' title='bbox 208 1781 325 1815; x_wconf 85' lang='lat' dir='ltr'><strong>primum</strong></span> <span class='ocrx_word' id='word_1_262' title='bbox 340 1786 453 1815; x_wconf 87' lang='lat' dir='ltr'><strong>patrem,</strong></span> <span class='ocrx_word' id='word_1_263' title='bbox 472 1780 551 1815; x_wconf 89' lang='lat' dir='ltr'><strong>primi</strong></span> <span class='ocrx_word' id='word_1_264' title='bbox 567 1779 776 1814; x_wconf 78' lang='lat' dir='ltr'><strong>propugnatoris</strong></span> <span class='ocrx_word' id='word_1_265' title='bbox 790 1786 821 1805; x_wconf 86' lang='lat' dir='ltr'><strong>ac</strong></span> <span class='ocrx_word' id='word_1_266' title='bbox 836 1779 882 1806; x_wconf 86' lang='lat' dir='ltr'><strong>de—</strong></span> 
     </span>
    </p>
   </div>
   <div class='ocr_carea' id='block_1_39' title="bbox 95 1823 882 1861">
    <p class='ocr_par' dir='ltr' id='par_1_39' title="bbox 95 1823 882 1861">
     <span class='ocr_line' id='line_1_39' title="bbox 95 1823 882 1861; baseline -0.003 -8"><span class='ocrx_word' id='word_1_267' title='bbox 95 1827 227 1859; x_wconf 88' lang='lat' dir='ltr'><strong>fensoris,</strong></span> <span class='ocrx_word' id='word_1_268' title='bbox 244 1827 301 1861; x_wconf 87' lang='lat' dir='ltr'><strong>qui,</strong></span> <span class='ocrx_word' id='word_1_269' title='bbox 319 1831 347 1853; x_wconf 93' lang='lat' dir='ltr'><strong>ut</strong></span> <span class='ocrx_word' id='word_1_270' title='bbox 362 1826 516 1854; x_wconf 63' lang='lat' dir='ltr'><strong>Graecorum</strong></span> <span class='ocrx_word' id='word_1_271' title='bbox 534 1825 581 1852; x_wconf 85' lang='lat' dir='ltr'><strong>lilii</strong></span> <span class='ocrx_word' id='word_1_272' title='bbox 597 1833 630 1852; x_wconf 85' lang='lat' dir='ltr'><strong>ex</strong></span> <span class='ocrx_word' id='word_1_273' title='bbox 650 1825 732 1859; x_wconf 83' lang='lat' dir='ltr'><strong>impia</strong></span> <span class='ocrx_word' id='word_1_274' title='bbox 752 1825 797 1851; x_wconf 87' lang='lat' dir='ltr'><strong>illa</strong></span> <span class='ocrx_word' id='word_1_275' title='bbox 813 1823 882 1851; x_wconf 87' lang='lat' dir='ltr'><strong>Tur-</strong></span> 
     </span>
    </p>
   </div>
   <div class='ocr_carea' id='block_1_40' title="bbox 94 1870 882 1908">
    <p class='ocr_par' dir='ltr' id='par_1_40' title="bbox 94 1870 882 1908">
     <span class='ocr_line' id='line_1_40' title="bbox 94 1870 882 1908; baseline -0.003 -9"><span class='ocrx_word' id='word_1_276' title='bbox 94 1880 194 1900; x_wconf 89' lang='lat' dir='ltr'><strong>carum</strong></span> <span class='ocrx_word' id='word_1_277' title='bbox 208 1873 350 1908; x_wconf 80' lang='lat' dir='ltr'><strong>tyrannide</strong></span> <span class='ocrx_word' id='word_1_278' title='bbox 367 1877 394 1900; x_wconf 90' lang='lat' dir='ltr'><strong>et</strong></span> <span class='ocrx_word' id='word_1_279' title='bbox 417 1872 577 1906; x_wconf 63' lang='lat' dir='ltr'><strong>ignorantiae</strong></span> <span class='ocrx_word' id='word_1_280' title='bbox 597 1871 716 1898; x_wconf 85' lang='lat' dir='ltr'><strong>tenebris</strong></span> <span class='ocrx_word' id='word_1_281' title='bbox 739 1870 834 1905; x_wconf 85' lang='lat' dir='ltr'><strong>elapsi,</strong></span> <span class='ocrx_word' id='word_1_282' title='bbox 855 1873 882 1898; x_wconf 89' lang='lat' dir='ltr'><strong>et</strong></span> 
     </span>
    </p>
   </div>
   <div class='ocr_carea' id='block_1_41' title="bbox 95 1916 880 1951">
    <p class='ocr_par' dir='ltr' id='par_1_41' title="bbox 95 1916 880 1951">
     <span class='ocr_line' id='line_1_41' title="bbox 95 1916 880 1951; baseline -0.005 -5"><span class='ocrx_word' id='word_1_283' title='bbox 95 1919 179 1946; x_wconf 84' lang='lat' dir='ltr'><strong>bonis</strong></span> <span class='ocrx_word' id='word_1_284' title='bbox 191 1919 305 1951; x_wconf 90' lang='lat' dir='ltr'><strong>artibus,</strong></span> <span class='ocrx_word' id='word_1_285' title='bbox 321 1922 348 1945; x_wconf 88' lang='lat' dir='ltr'><strong>et</strong></span> <span class='ocrx_word' id='word_1_286' title='bbox 362 1917 518 1946; x_wconf 89' lang='lat' dir='ltr'><strong>lectissimis</strong></span> <span class='ocrx_word' id='word_1_287' title='bbox 531 1917 652 1944; x_wconf 86' lang='lat' dir='ltr'><strong>moribus</strong></span> <span class='ocrx_word' id='word_1_288' title='bbox 670 1916 880 1948; x_wconf 87' lang='lat' dir='ltr'><strong>instruerentur,</strong></span> 
     </span>
    </p>
   </div>
   <div class='ocr_carea' id='block_1_42' title="bbox 96 1962 883 1997">
    <p class='ocr_par' dir='ltr' id='par_1_42' title="bbox 96 1962 883 1997">
     <span class='ocr_line' id='line_1_42' title="bbox 96 1962 883 1997; baseline -0.004 -6"><span class='ocrx_word' id='word_1_289' title='bbox 96 1964 233 1991; x_wconf 79' lang='lat' dir='ltr'><strong>adversus</strong></span> <span class='ocrx_word' id='word_1_290' title='bbox 256 1964 410 1992; x_wconf 83' lang='lat' dir='ltr'><strong>malesanos</strong></span> <span class='ocrx_word' id='word_1_291' title='bbox 431 1963 589 1994; x_wconf 89' lang='lat' dir='ltr'><strong>nebulones,</strong></span> <span class='ocrx_word' id='word_1_292' title='bbox 609 1962 656 1997; x_wconf 84' lang='lat' dir='ltr'><strong>qui</strong></span> <span class='ocrx_word' id='word_1_293' title='bbox 680 1965 785 1988; x_wconf 90' lang='lat' dir='ltr'><strong>tantum</strong></span> <span class='ocrx_word' id='word_1_294' title='bbox 813 1969 883 1996; x_wconf 90' lang='lat' dir='ltr'><strong>opus</strong></span> 
     </span>
    </p>
   </div>
   <div class='ocr_carea' id='block_1_43' title="bbox 97 2007 883 2044">
    <p class='ocr_par' dir='ltr' id='par_1_43' title="bbox 97 2007 883 2044">
     <span class='ocr_line' id='line_1_43' title="bbox 97 2007 883 2044; baseline -0.004 -7"><span class='ocrx_word' id='word_1_295' title='bbox 97 2013 224 2037; x_wconf 83' lang='lat' dir='ltr'><strong>evertere</strong></span> <span class='ocrx_word' id='word_1_296' title='bbox 235 2010 414 2041; x_wconf 85' lang='lat' dir='ltr'><strong>conabantur,</strong></span> <span class='ocrx_word' id='word_1_297' title='bbox 430 2008 549 2044; x_wconf 88' lang='lat' dir='ltr'><strong>propriis</strong></span> <span class='ocrx_word' id='word_1_298' title='bbox 562 2007 657 2035; x_wconf 77' lang='lat' dir='ltr'><strong>ciliciis</strong></span> <span class='ocrx_word' id='word_1_299' title='bbox 668 2008 819 2042; x_wconf 86' lang='lat' dir='ltr'><strong>opibusque</strong></span> <span class='ocrx_word' id='word_1_300' title='bbox 835 2007 883 2034; x_wconf 92' lang='lat' dir='ltr'><strong>bo-</strong></span> 
     </span>
    </p>
   </div>
   <div class='ocr_carea' id='block_1_44' title="bbox 98 2053 882 2091">
    <p class='ocr_par' dir='ltr' id='par_1_44' title="bbox 98 2053 882 2091">
     <span class='ocr_line' id='line_1_44' title="bbox 98 2053 882 2091; baseline -0.004 -8"><span class='ocrx_word' id='word_1_301' title='bbox 98 2064 135 2083; x_wconf 83' lang='lat' dir='ltr'><strong>na</strong></span> <span class='ocrx_word' id='word_1_302' title='bbox 154 2064 169 2083; x_wconf 93' lang='lat' dir='ltr'><strong>a</strong></span> <span class='ocrx_word' id='word_1_303' title='bbox 186 2055 316 2091; x_wconf 79' lang='lat' dir='ltr'><strong>Gregorio</strong></span> <span class='ocrx_word' id='word_1_304' title='bbox 331 2056 429 2091; x_wconf 76' lang='lat' dir='ltr'><strong>legata,</strong></span> <span class='ocrx_word' id='word_1_305' title='bbox 454 2055 625 2082; x_wconf 88' lang='lat' dir='ltr'><strong>alumnorum</strong></span> <span class='ocrx_word' id='word_1_306' title='bbox 646 2053 800 2082; x_wconf 88' lang='lat' dir='ltr'><strong>educationi</strong></span> <span class='ocrx_word' id='word_1_307' title='bbox 813 2075 819 2086; x_wconf 87' lang='lat'><strong>,</strong></span> <span class='ocrx_word' id='word_1_308' title='bbox 836 2053 882 2080; x_wconf 91' lang='lat' dir='ltr'><strong>diu</strong></span> 
     </span>
    </p>
   </div>
   <div class='ocr_carea' id='block_1_45' title="bbox 93 2099 883 2137">
    <p class='ocr_par' dir='ltr' id='par_1_45' title="bbox 93 2099 883 2137">
     <span class='ocr_line' id='line_1_45' title="bbox 93 2099 883 2137; baseline -0.004 -9"><span class='ocrx_word' id='word_1_309' title='bbox 93 2102 154 2137; x_wconf 79' lang='lat' dir='ltr'><strong>jam</strong></span> <span class='ocrx_word' id='word_1_310' title='bbox 181 2101 347 2133; x_wconf 89' lang='lat' dir='ltr'><strong>corruentia,</strong></span> <span class='ocrx_word' id='word_1_311' title='bbox 376 2101 523 2134; x_wconf 88' lang='lat' dir='ltr'><strong>immunia,</strong></span> <span class='ocrx_word' id='word_1_312' title='bbox 546 2107 667 2135; x_wconf 86' lang='lat' dir='ltr'><strong>sanaque</strong></span> <span class='ocrx_word' id='word_1_313' title='bbox 691 2099 829 2131; x_wconf 88' lang='lat' dir='ltr'><strong>sustinuit,</strong></span> <span class='ocrx_word' id='word_1_314' title='bbox 857 2102 883 2126; x_wconf 89' lang='lat' dir='ltr'><strong>et</strong></span> 
     </span>
    </p>
   </div>
   <div class='ocr_carea' id='block_1_46' title="bbox 95 2144 882 2179">
    <p class='ocr_par' dir='ltr' id='par_1_46' title="bbox 95 2144 882 2179">
     <span class='ocr_line' id='line_1_46' title="bbox 95 2144 882 2179; baseline -0.004 -5"><span class='ocrx_word' id='word_1_315' title='bbox 95 2147 271 2175; x_wconf 84' lang='lat' dir='ltr'><strong>conﬁrmavit</strong></span> <span class='ocrx_word' id='word_1_316' title='bbox 294 2147 429 2179; x_wconf 87' lang='lat' dir='ltr'><strong>nutantia,</strong></span> <span class='ocrx_word' id='word_1_317' title='bbox 455 2147 512 2174; x_wconf 86' lang='lat' dir='ltr'><strong>suis</strong></span> <span class='ocrx_word' id='word_1_318' title='bbox 544 2145 694 2173; x_wconf 89' lang='lat' dir='ltr'><strong>commodis</strong></span> <span class='ocrx_word' id='word_1_319' title='bbox 727 2144 882 2172; x_wconf 71' lang='lat' dir='ltr'><strong>Graecorum</strong></span> 
     </span>
    </p>
   </div>
   <div class='ocr_carea' id='block_1_47' title="bbox 94 2190 884 2227">
    <p class='ocr_par' dir='ltr' id='par_1_47' title="bbox 94 2190 884 2227">
     <span class='ocr_line' id='line_1_47' title="bbox 94 2190 884 2227; baseline -0.005 -7"><span class='ocrx_word' id='word_1_320' title='bbox 94 2193 281 2220; x_wconf 86' lang='lat' dir='ltr'><strong>eruditionem</strong></span> <span class='ocrx_word' id='word_1_321' title='bbox 305 2196 490 2227; x_wconf 88' lang='lat' dir='ltr'><strong>anteponens,</strong></span> <span class='ocrx_word' id='word_1_322' title='bbox 515 2195 542 2219; x_wconf 91' lang='lat' dir='ltr'><strong>et</strong></span> <span class='ocrx_word' id='word_1_323' title='bbox 567 2198 636 2225; x_wconf 89' lang='lat' dir='ltr'><strong>quos</strong></span> <span class='ocrx_word' id='word_1_324' title='bbox 661 2191 718 2226; x_wconf 88' lang='lat' dir='ltr'><strong>jam</strong></span> <span class='ocrx_word' id='word_1_325' title='bbox 743 2190 884 2218; x_wconf 86' lang='lat' dir='ltr'><strong>charitatis</strong></span> 
     </span>
    </p>
   </div>
   <div class='ocr_carea' id='block_1_48' title="bbox 934 269 1720 307">
    <p class='ocr_par' dir='ltr' id='par_1_48' title="bbox 934 269 1720 307">
     <span class='ocr_line' id='line_1_48' title="bbox 934 269 1720 307; baseline 0.006 -13"><span class='ocrx_word' id='word_1_326' title='bbox 934 276 978 299; x_wconf 82' lang='grc' dir='ltr'><strong>τες</strong></span> <span class='ocrx_word' id='word_1_327' title='bbox 989 269 1108 296; x_wconf 63' lang='lat' dir='ltr'><strong>scillam.</strong></span> <span class='ocrx_word' id='word_1_328' title='bbox 1123 269 1229 302; x_wconf 89' lang='lat' dir='ltr'><strong>Cicero,</strong></span> <span class='ocrx_word' id='word_1_329' title='bbox 1247 270 1293 297; x_wconf 89' lang='lat' dir='ltr'><strong>lib.</strong></span> <span class='ocrx_word' id='word_1_330' title='bbox 1308 277 1338 302; x_wconf 85' lang='grc' dir='ltr'>ιι,</span> <span class='ocrx_word' id='word_1_331' title='bbox 1354 270 1391 297; x_wconf 87' lang='lat' dir='ltr'><strong>De</strong></span> <span class='ocrx_word' id='word_1_332' title='bbox 1408 276 1497 300; x_wconf 82' lang='lat' dir='ltr'><strong>natur.</strong></span> <span class='ocrx_word' id='word_1_333' title='bbox 1512 271 1620 298; x_wconf 86' lang='lat' dir='ltr'><strong>deorum</strong></span> <span class='ocrx_word' id='word_1_334' title='bbox 1636 272 1720 307; x_wconf 83' lang='lat' dir='ltr'><strong>:chi</strong></span> 
     </span>
    </p>
   </div>
   <div class='ocr_carea' id='block_1_49' title="bbox 933 313 1719 351">
    <p class='ocr_par' dir='ltr' id='par_1_49' title="bbox 933 313 1719 351">
     <span class='ocr_line' id='line_1_49' title="bbox 933 313 1719 351; baseline 0.005 -12"><span class='ocrx_word' id='word_1_335' title='bbox 933 313 1013 340; x_wconf 86' lang='lat' dir='ltr'><strong>etiam</strong></span> <span class='ocrx_word' id='word_1_336' title='bbox 1029 314 1155 348; x_wconf 86' lang='lat' dir='ltr'><strong>scriptum</strong></span> <span class='ocrx_word' id='word_1_337' title='bbox 1169 322 1224 342; x_wconf 79' lang='lat' dir='ltr'><strong>esse</strong></span> <span class='ocrx_word' id='word_1_338' title='bbox 1236 322 1306 341; x_wconf 77' lang='lat' dir='ltr'><strong>avem</strong></span> <span class='ocrx_word' id='word_1_339' title='bbox 1317 315 1469 349; x_wconf 87' lang='lat' dir='ltr'><strong>quamdam,</strong></span> <span class='ocrx_word' id='word_1_340' title='bbox 1486 317 1665 351; x_wconf 66' lang='lat' dir='ltr'><strong>quarplatalea</strong></span> <span class='ocrx_word' id='word_1_341' title='bbox 1675 326 1719 343; x_wconf 85' lang='lat' dir='ltr'><strong>no-</strong></span> 
     </span>
    </p>
   </div>
   <div class='ocr_carea' id='block_1_50' title="bbox 934 360 1717 396">
    <p class='ocr_par' dir='ltr' id='par_1_50' title="bbox 934 360 1717 396">
     <span class='ocr_line' id='line_1_50' title="bbox 934 360 1717 396; baseline 0.005 -11"><span class='ocrx_word' id='word_1_342' title='bbox 934 360 1088 393; x_wconf 81' lang='lat' dir='ltr'><strong>minaretur,</strong></span> <span class='ocrx_word' id='word_1_343' title='bbox 1097 368 1155 387; x_wconf 80' lang='lat' dir='ltr'><strong>cam</strong></span> <span class='ocrx_word' id='word_1_344' title='bbox 1170 360 1222 387; x_wconf 83' lang='lat' dir='ltr'><strong>sibi</strong></span> <span class='ocrx_word' id='word_1_345' title='bbox 1235 360 1320 387; x_wconf 82' lang='lat' dir='ltr'><strong>cibum</strong></span> <span class='ocrx_word' id='word_1_346' title='bbox 1331 369 1446 396; x_wconf 78' lang='lat' dir='ltr'><strong>quwrerc</strong></span> <span class='ocrx_word' id='word_1_347' title='bbox 1456 362 1620 389; x_wconf 80' lang='lat' dir='ltr'><strong>advolantem</strong></span> <span class='ocrx_word' id='word_1_348' title='bbox 1630 362 1664 389; x_wconf 88' lang='lat' dir='ltr'><strong>ad</strong></span> <span class='ocrx_word' id='word_1_349' title='bbox 1672 371 1717 389; x_wconf 84' lang='lat' dir='ltr'><strong>eas</strong></span> 
     </span>
    </p>
   </div>
   <div class='ocr_carea' id='block_1_51' title="bbox 934 404 1714 441">
    <p class='ocr_par' dir='ltr' id='par_1_51' title="bbox 934 404 1714 441">
     <span class='ocr_line' id='line_1_51' title="bbox 934 404 1714 441; baseline 0.005 -11"><span class='ocrx_word' id='word_1_350' title='bbox 934 411 1003 435; x_wconf 80' lang='lat' dir='ltr'><strong>aves,</strong></span> <span class='ocrx_word' id='word_1_351' title='bbox 1018 412 1075 438; x_wconf 77' lang='lat' dir='ltr'><strong>qua:</strong></span> <span class='ocrx_word' id='word_1_352' title='bbox 1083 412 1109 431; x_wconf 77' lang='lat' dir='ltr'><strong>sc</strong></span> <span class='ocrx_word' id='word_1_353' title='bbox 1124 404 1149 431; x_wconf 87' lang='lat' dir='ltr'><strong>in</strong></span> <span class='ocrx_word' id='word_1_354' title='bbox 1159 405 1227 431; x_wconf 86' lang='lat' dir='ltr'><strong>mari</strong></span> <span class='ocrx_word' id='word_1_355' title='bbox 1240 410 1393 439; x_wconf 79' lang='lat' dir='ltr'><strong>mergerent,</strong></span> <span class='ocrx_word' id='word_1_356' title='bbox 1403 414 1459 440; x_wconf 71' lang='lat' dir='ltr'><strong>qua:</strong></span> <span class='ocrx_word' id='word_1_357' title='bbox 1471 415 1530 433; x_wconf 82' lang='lat' dir='ltr'><strong>cum</strong></span> <span class='ocrx_word' id='word_1_358' title='bbox 1539 408 1714 441; x_wconf 71' lang='lat' dir='ltr'><strong>emersissent,</strong></span> 
     </span>
    </p>
   </div>
   <div class='ocr_carea' id='block_1_52' title="bbox 933 449 1716 488">
    <p class='ocr_par' dir='ltr' id='par_1_52' title="bbox 933 449 1716 488">
     <span class='ocr_line' id='line_1_52' title="bbox 933 449 1716 488; baseline 0.009 -14"><span class='ocrx_word' id='word_1_359' title='bbox 933 449 1080 484; x_wconf 77' lang='lat' dir='ltr'><strong>piscemque</strong></span> <span class='ocrx_word' id='word_1_360' title='bbox 1094 450 1240 483; x_wconf 66' lang='lat' dir='ltr'><strong>coepissent,</strong></span> <span class='ocrx_word' id='word_1_361' title='bbox 1253 458 1334 486; x_wconf 88' lang='lat' dir='ltr'><strong>usque</strong></span> <span class='ocrx_word' id='word_1_362' title='bbox 1349 459 1378 478; x_wconf 86' lang='lat' dir='ltr'><strong>eo</strong></span> <span class='ocrx_word' id='word_1_363' title='bbox 1394 459 1509 486; x_wconf 86' lang='lat' dir='ltr'><strong>premere</strong></span> <span class='ocrx_word' id='word_1_364' title='bbox 1523 461 1613 479; x_wconf 86' lang='lat' dir='ltr'><strong>earum</strong></span> <span class='ocrx_word' id='word_1_365' title='bbox 1628 454 1716 488; x_wconf 87' lang='lat' dir='ltr'><strong>capita</strong></span> 
     </span>
    </p>
   </div>
   <div class='ocr_carea' id='block_1_53' title="bbox 934 493 1715 533">
    <p class='ocr_par' dir='ltr' id='par_1_53' title="bbox 934 493 1715 533">
     <span class='ocr_line' id='line_1_53' title="bbox 934 493 1715 533; baseline 0.009 -14"><span class='ocrx_word' id='word_1_366' title='bbox 934 493 1065 521; x_wconf 78' lang='lat' dir='ltr'><strong>mordicus</strong></span> <span class='ocrx_word' id='word_1_367' title='bbox 1081 494 1144 521; x_wconf 84' lang='lat' dir='ltr'><strong>dum</strong></span> <span class='ocrx_word' id='word_1_368' title='bbox 1157 499 1261 528; x_wconf 83' lang='lat' dir='ltr'><strong>captum</strong></span> <span class='ocrx_word' id='word_1_369' title='bbox 1283 496 1338 523; x_wconf 66' lang='lat' dir='ltr'><strong>illia</strong></span> <span class='ocrx_word' id='word_1_370' title='bbox 1356 497 1515 530; x_wconf 80' lang='lat' dir='ltr'><strong>amitterent,</strong></span> <span class='ocrx_word' id='word_1_371' title='bbox 1534 498 1561 524; x_wconf 89' lang='lat' dir='ltr'><strong>id</strong></span> <span class='ocrx_word' id='word_1_372' title='bbox 1576 498 1645 533; x_wconf 86' lang='lat' dir='ltr'><strong>quod</strong></span> <span class='ocrx_word' id='word_1_373' title='bbox 1657 499 1715 533; x_wconf 87' lang='lat' dir='ltr'><strong>ipsa</strong></span> 
     </span>
    </p>
   </div>
   <div class='ocr_carea' id='block_1_54' title="bbox 933 539 1718 574">
    <p class='ocr_par' dir='ltr' id='par_1_54' title="bbox 933 539 1718 574">
     <span class='ocr_line' id='line_1_54' title="bbox 933 539 1718 574; baseline 0.009 -9"><span class='ocrx_word' id='word_1_374' title='bbox 933 539 1075 567; x_wconf 84' lang='lat' dir='ltr'><strong>invaderet.</strong></span> <span class='ocrx_word' id='word_1_375' title='bbox 1100 540 1250 574; x_wconf 86' lang='lat' dir='ltr'><strong>Eademque</strong></span> <span class='ocrx_word' id='word_1_376' title='bbox 1273 541 1327 569; x_wconf 72' lang='lat' dir='ltr'><strong>hate</strong></span> <span class='ocrx_word' id='word_1_377' title='bbox 1349 543 1404 570; x_wconf 84' lang='lat' dir='ltr'><strong>avis</strong></span> <span class='ocrx_word' id='word_1_378' title='bbox 1424 543 1548 570; x_wconf 71' lang='lat' dir='ltr'><strong>scribitur</strong></span> <span class='ocrx_word' id='word_1_379' title='bbox 1566 544 1669 572; x_wconf 76' lang='lat' dir='ltr'><strong>conchis</strong></span> <span class='ocrx_word' id='word_1_380' title='bbox 1688 553 1718 572; x_wconf 74' lang='lat' dir='ltr'><strong>se</strong></span> 
     </span>
    </p>
   </div>
   <div class='ocr_carea' id='block_1_55' title="bbox 933 584 1715 620">
    <p class='ocr_par' dir='ltr' id='par_1_55' title="bbox 933 584 1715 620">
     <span class='ocr_line' id='line_1_55' title="bbox 933 584 1715 620; baseline 0.008 -9"><span class='ocrx_word' id='word_1_381' title='bbox 933 584 1017 611; x_wconf 87' lang='lat' dir='ltr'><strong>solere</strong></span> <span class='ocrx_word' id='word_1_382' title='bbox 1032 584 1170 619; x_wconf 85' lang='lat' dir='ltr'><strong>complere,</strong></span> <span class='ocrx_word' id='word_1_383' title='bbox 1195 593 1290 620; x_wconf 83' lang='lat' dir='ltr'><strong>easque</strong></span> <span class='ocrx_word' id='word_1_384' title='bbox 1312 594 1370 613; x_wconf 88' lang='lat' dir='ltr'><strong>cum</strong></span> <span class='ocrx_word' id='word_1_385' title='bbox 1391 588 1518 615; x_wconf 74' lang='lat' dir='ltr'><strong>stomachi</strong></span> <span class='ocrx_word' id='word_1_386' title='bbox 1541 590 1629 616; x_wconf 85' lang='lat' dir='ltr'><strong>calore</strong></span> <span class='ocrx_word' id='word_1_387' title='bbox 1653 597 1715 617; x_wconf 88' lang='lat' dir='ltr'><strong>con-</strong></span> 
     </span>
    </p>
   </div>
   <div class='ocr_carea' id='block_1_56' title="bbox 933 629 1715 669">
    <p class='ocr_par' dir='ltr' id='par_1_56' title="bbox 933 629 1715 669">
     <span class='ocr_line' id='line_1_56' title="bbox 933 629 1715 669; baseline 0.008 -14"><span class='ocrx_word' id='word_1_388' title='bbox 933 629 1044 662; x_wconf 74' lang='lat' dir='ltr'><strong>coxerit,</strong></span> <span class='ocrx_word' id='word_1_389' title='bbox 1064 637 1189 663; x_wconf 82' lang='lat' dir='ltr'><strong>evomere,</strong></span> <span class='ocrx_word' id='word_1_390' title='bbox 1204 634 1282 665; x_wconf 81' lang='lat' dir='ltr'><strong>atque</strong></span> <span class='ocrx_word' id='word_1_391' title='bbox 1296 631 1334 657; x_wconf 90' lang='lat' dir='ltr'><strong>ita</strong></span> <span class='ocrx_word' id='word_1_392' title='bbox 1356 631 1450 667; x_wconf 83' lang='lat' dir='ltr'><strong>eligere</strong></span> <span class='ocrx_word' id='word_1_393' title='bbox 1471 640 1504 660; x_wconf 75' lang='lat' dir='ltr'><strong>ea:</strong></span> <span class='ocrx_word' id='word_1_394' title='bbox 1526 633 1559 660; x_wconf 88' lang='lat' dir='ltr'><strong>iis</strong></span> <span class='ocrx_word' id='word_1_395' title='bbox 1578 642 1636 669; x_wconf 78' lang='lat' dir='ltr'><strong>qua:</strong></span> <span class='ocrx_word' id='word_1_396' title='bbox 1654 640 1715 661; x_wconf 80' lang='lat' dir='ltr'><strong>sunt</strong></span> 
     </span>
    </p>
   </div>
   <div class='ocr_carea' id='block_1_57' title="bbox 933 674 1716 712">
    <p class='ocr_par' dir='ltr' id='par_1_57' title="bbox 933 674 1716 712">
     <span class='ocr_line' id='line_1_57' title="bbox 933 674 1716 712; baseline 0.009 -12"><span class='ocrx_word' id='word_1_397' title='bbox 933 675 1075 702; x_wconf 82' lang='lat' dir='ltr'><strong>esculenta.</strong></span> <span class='ocrx_word' id='word_1_398' title='bbox 1092 674 1206 707; x_wconf 83' lang='lat' dir='ltr'><strong>Plinius,</strong></span> <span class='ocrx_word' id='word_1_399' title='bbox 1227 676 1275 703; x_wconf 91' lang='lat' dir='ltr'><strong>lib.</strong></span> <span class='ocrx_word' id='word_1_400' title='bbox 1290 684 1318 710; x_wconf 69' lang='grc' dir='ltr'><strong>ι,</strong></span> <span class='ocrx_word' id='word_1_401' title='bbox 1333 684 1393 712; x_wconf 87' lang='lat' dir='ltr'><strong>cap.</strong></span> <span class='ocrx_word' id='word_1_402' title='bbox 1410 677 1444 705; x_wconf 73' lang='grc'>40</span> <span class='ocrx_word' id='word_1_403' title='bbox 1463 687 1475 705; x_wconf 78' lang='lat' dir='ltr'><strong>L</strong></span> <span class='ocrx_word' id='word_1_404' title='bbox 1486 678 1579 706; x_wconf 86' lang='lat' dir='ltr'><strong>Platea</strong></span> <span class='ocrx_word' id='word_1_405' title='bbox 1593 687 1652 706; x_wconf 88' lang='lat' dir='ltr'><strong>cum</strong></span> <span class='ocrx_word' id='word_1_406' title='bbox 1669 680 1716 707; x_wconf 83' lang='lat' dir='ltr'><strong>de-</strong></span> 
     </span>
    </p>
   </div>
   <div class='ocr_carea' id='block_1_58' title="bbox 933 721 1717 755">
    <p class='ocr_par' dir='ltr' id='par_1_58' title="bbox 933 721 1717 755">
     <span class='ocr_line' id='line_1_58' title="bbox 933 721 1717 755; baseline 0.009 -8"><span class='ocrx_word' id='word_1_407' title='bbox 933 721 1031 748; x_wconf 84' lang='lat' dir='ltr'><strong>voratis</strong></span> <span class='ocrx_word' id='word_1_408' title='bbox 1046 729 1073 747; x_wconf 87' lang='lat' dir='ltr'><strong>se</strong></span> <span class='ocrx_word' id='word_1_409' title='bbox 1088 721 1202 755; x_wconf 83' lang='lat' dir='ltr'><strong>implevit</strong></span> <span class='ocrx_word' id='word_1_410' title='bbox 1217 722 1333 754; x_wconf 82' lang='lat' dir='ltr'><strong>conchis,</strong></span> <span class='ocrx_word' id='word_1_411' title='bbox 1350 723 1437 751; x_wconf 82' lang='lat' dir='ltr'><strong>calore</strong></span> <span class='ocrx_word' id='word_1_412' title='bbox 1448 725 1542 751; x_wconf 77' lang='lat' dir='ltr'><strong>ventris</strong></span> <span class='ocrx_word' id='word_1_413' title='bbox 1557 731 1644 753; x_wconf 85' lang='lat' dir='ltr'><strong>coctus</strong></span> <span class='ocrx_word' id='word_1_414' title='bbox 1658 735 1717 754; x_wconf 85' lang='lat' dir='ltr'><strong>evo-</strong></span> 
     </span>
    </p>
   </div>
   <div class='ocr_carea' id='block_1_59' title="bbox 932 767 1713 807">
    <p class='ocr_par' dir='ltr' id='par_1_59' title="bbox 932 767 1713 807">
     <span class='ocr_line' id='line_1_59' title="bbox 932 767 1713 807; baseline 0.01 -15"><span class='ocrx_word' id='word_1_415' title='bbox 932 768 990 798; x_wconf 86' lang='lat' dir='ltr'><strong>mit,</strong></span> <span class='ocrx_word' id='word_1_416' title='bbox 1006 771 1083 801; x_wconf 87' lang='lat' dir='ltr'><strong>atque</strong></span> <span class='ocrx_word' id='word_1_417' title='bbox 1094 767 1132 793; x_wconf 85' lang='lat' dir='ltr'><strong>ita</strong></span> <span class='ocrx_word' id='word_1_418' title='bbox 1145 775 1177 794; x_wconf 76' lang='lat' dir='ltr'><strong>ea:</strong></span> <span class='ocrx_word' id='word_1_419' title='bbox 1189 768 1221 794; x_wconf 81' lang='lat' dir='ltr'><strong>iis</strong></span> <span class='ocrx_word' id='word_1_420' title='bbox 1236 768 1371 796; x_wconf 72' lang='lat' dir='ltr'><strong>esculenta</strong></span> <span class='ocrx_word' id='word_1_421' title='bbox 1386 770 1447 805; x_wconf 86' lang='lat' dir='ltr'><strong>legit</strong></span> <span class='ocrx_word' id='word_1_422' title='bbox 1471 775 1550 798; x_wconf 87' lang='lat' dir='ltr'><strong>testas</strong></span> <span class='ocrx_word' id='word_1_423' title='bbox 1564 779 1713 807; x_wconf 72' lang='lat' dir='ltr'><strong>excerpens.</strong></span> 
     </span>
    </p>
   </div>
   <div class='ocr_carea' id='block_1_60' title="bbox 932 813 1717 852">
    <p class='ocr_par' dir='ltr' id='par_1_60' title="bbox 932 813 1717 852">
     <span class='ocr_line' id='line_1_60' title="bbox 932 813 1717 852; baseline 0.006 -12"><span class='ocrx_word' id='word_1_424' title='bbox 932 813 965 840; x_wconf 86' lang='lat' dir='ltr'><strong>Et</strong></span> <span class='ocrx_word' id='word_1_425' title='bbox 979 814 1115 846; x_wconf 65' lang='lat' dir='ltr'><strong>Elianus,</strong></span> <span class='ocrx_word' id='word_1_426' title='bbox 1129 814 1167 842; x_wconf 87' lang='lat' dir='ltr'><strong>De</strong></span> <span class='ocrx_word' id='word_1_427' title='bbox 1181 814 1242 842; x_wconf 83' lang='lat' dir='ltr'><strong>hist.</strong></span> <span class='ocrx_word' id='word_1_428' title='bbox 1256 816 1338 843; x_wconf 86' lang='lat' dir='ltr'><strong>anim.</strong></span> <span class='ocrx_word' id='word_1_429' title='bbox 1357 816 1404 843; x_wconf 90' lang='lat' dir='ltr'><strong>lib.</strong></span> <span class='ocrx_word' id='word_1_430' title='bbox 1424 824 1465 849; x_wconf 87' lang='lat' dir='ltr'><strong>nt,</strong></span> <span class='ocrx_word' id='word_1_431' title='bbox 1483 824 1543 852; x_wconf 82' lang='lat' dir='ltr'><strong>cap.</strong></span> <span class='ocrx_word' id='word_1_432' title='bbox 1560 817 1595 845; x_wconf 79' lang='grc'><strong>20</strong></span> <span class='ocrx_word' id='word_1_433' title='bbox 1606 827 1612 845; x_wconf 86' lang='lat'><strong>:</strong></span> <span class='ocrx_word' id='word_1_434' title='bbox 1625 819 1656 845; x_wconf 80' lang='grc' dir='ltr'><strong>Οἱ</strong></span> <span class='ocrx_word' id='word_1_435' title='bbox 1668 827 1717 845; x_wconf 84' lang='grc' dir='ltr'><strong>πε-</strong></span> 
     </span>
    </p>
   </div>
   <div class='ocr_carea' id='block_1_61' title="bbox 933 860 1717 899">
    <p class='ocr_par' dir='ltr' id='par_1_61' title="bbox 933 860 1717 899">
     <span class='ocr_line' id='line_1_61' title="bbox 933 860 1717 899; baseline 0.006 -13"><span class='ocrx_word' id='word_1_436' title='bbox 933 860 1045 892; x_wconf 66' lang='lat' dir='ltr'><strong>lexiva;</strong></span> <span class='ocrx_word' id='word_1_437' title='bbox 1059 861 1087 887; x_wconf 79' lang='grc' dir='ltr'>ἐν</span> <span class='ocrx_word' id='word_1_438' title='bbox 1101 862 1157 893; x_wconf 86' lang='grc' dir='ltr'><strong>τοῖς</strong></span> <span class='ocrx_word' id='word_1_439' title='bbox 1172 863 1304 897; x_wconf 82' lang='grc' dir='ltr'><strong>ποταμοῖς</strong></span> <span class='ocrx_word' id='word_1_440' title='bbox 1316 862 1418 897; x_wconf 81' lang='grc' dir='ltr'><strong>κόγχας</strong></span> <span class='ocrx_word' id='word_1_441' title='bbox 1434 863 1645 899; x_wconf 70' lang='grc' dir='ltr'><strong>περιχαξνοντες,</strong></span> <span class='ocrx_word' id='word_1_442' title='bbox 1658 863 1717 892; x_wconf 76' lang='grc' dir='ltr'><strong>εἶτα</strong></span> 
     </span>
    </p>
   </div>
   <div class='ocr_carea' id='block_1_62' title="bbox 936 905 1717 945">
    <p class='ocr_par' dir='ltr' id='par_1_62' title="bbox 936 905 1717 945">
     <span class='ocr_line' id='line_1_62' title="bbox 936 905 1717 945; baseline 0.006 -14"><span class='ocrx_word' id='word_1_443' title='bbox 936 905 1138 933; x_wconf 71' lang='grc' dir='ltr'><strong>καταπίνουσιν.</strong></span> <span class='ocrx_word' id='word_1_444' title='bbox 1165 907 1258 933; x_wconf 78' lang='grc' dir='ltr'>Ἔνόον</span> <span class='ocrx_word' id='word_1_445' title='bbox 1274 906 1302 933; x_wconf 81' lang='grc' dir='ltr'><strong>δὲ</strong></span> <span class='ocrx_word' id='word_1_446' title='bbox 1324 907 1371 933; x_wconf 76' lang='grc' dir='ltr'><strong>καὶ</strong></span> <span class='ocrx_word' id='word_1_447' title='bbox 1392 908 1421 934; x_wconf 87' lang='grc' dir='ltr'>ὲν</span> <span class='ocrx_word' id='word_1_448' title='bbox 1440 908 1516 943; x_wconf 82' lang='grc' dir='ltr'><strong>μυχῷ</strong></span> <span class='ocrx_word' id='word_1_449' title='bbox 1532 908 1581 943; x_wconf 82' lang='grc' dir='ltr'><strong>τῆς</strong></span> <span class='ocrx_word' id='word_1_450' title='bbox 1599 910 1717 945; x_wconf 82' lang='grc' dir='ltr'><strong>γαστρὸς</strong></span> 
     </span>
    </p>
   </div>
   <div class='ocr_carea' id='block_1_63' title="bbox 935 951 1716 991">
    <p class='ocr_par' dir='ltr' id='par_1_63' title="bbox 935 951 1716 991">
     <span class='ocr_line' id='line_1_63' title="bbox 935 951 1716 991; baseline 0.006 -14"><span class='ocrx_word' id='word_1_451' title='bbox 935 951 1137 986; x_wconf 77' lang='grc' dir='ltr'><strong>ὑποθὰλψαντες</strong></span> <span class='ocrx_word' id='word_1_452' title='bbox 1149 952 1289 988; x_wconf 78' lang='grc' dir='ltr'><strong>ἀνεμοῦσι.</strong></span> <span class='ocrx_word' id='word_1_453' title='bbox 1305 953 1360 980; x_wconf 75' lang='grc' dir='ltr'><strong>Καὶ</strong></span> <span class='ocrx_word' id='word_1_454' title='bbox 1374 953 1408 980; x_wconf 84' lang='grc' dir='ltr'><strong>τὰ</strong></span> <span class='ocrx_word' id='word_1_455' title='bbox 1424 953 1472 988; x_wconf 86' lang='grc' dir='ltr'><strong>μὲν</strong></span> <span class='ocrx_word' id='word_1_456' title='bbox 1482 954 1614 990; x_wconf 82' lang='grc' dir='ltr'><strong>ὁστράκια</strong></span> <span class='ocrx_word' id='word_1_457' title='bbox 1627 955 1658 982; x_wconf 79' lang='grc' dir='ltr'>ἐκ</span> <span class='ocrx_word' id='word_1_458' title='bbox 1668 956 1716 991; x_wconf 79' lang='grc' dir='ltr'><strong>τῆς</strong></span> 
     </span>
    </p>
   </div>
   <div class='ocr_carea' id='block_1_64' title="bbox 935 998 1716 1036">
    <p class='ocr_par' dir='ltr' id='par_1_64' title="bbox 935 998 1716 1036">
     <span class='ocr_line' id='line_1_64' title="bbox 935 998 1716 1036; baseline 0.005 -12"><span class='ocrx_word' id='word_1_459' title='bbox 935 998 1016 1029; x_wconf 81' lang='grc' dir='ltr'><strong>ἀλέας</strong></span> <span class='ocrx_word' id='word_1_460' title='bbox 1032 998 1122 1033; x_wconf 80' lang='grc' dir='ltr'><strong>διέστη</strong></span> <span class='ocrx_word' id='word_1_461' title='bbox 1134 998 1276 1034; x_wconf 79' lang='grc' dir='ltr'><strong>ῶσπεροῦν</strong></span> <span class='ocrx_word' id='word_1_462' title='bbox 1291 998 1344 1025; x_wconf 83' lang='grc' dir='ltr'><strong>τῶν</strong></span> <span class='ocrx_word' id='word_1_463' title='bbox 1359 998 1458 1033; x_wconf 78' lang='grc' dir='ltr'>ἑφθῶν·</span> <span class='ocrx_word' id='word_1_464' title='bbox 1471 1000 1495 1026; x_wconf 86' lang='lat' dir='ltr'><strong>ol</strong></span> <span class='ocrx_word' id='word_1_465' title='bbox 1506 999 1535 1026; x_wconf 76' lang='grc' dir='ltr'><strong>δὲ</strong></span> <span class='ocrx_word' id='word_1_466' title='bbox 1545 1000 1716 1036; x_wconf 79' lang='grc' dir='ltr'><strong>ὲξορύττουσι</strong></span> 
     </span>
    </p>
   </div>
   <div class='ocr_carea' id='block_1_65' title="bbox 933 1043 1717 1080">
    <p class='ocr_par' dir='ltr' id='par_1_65' title="bbox 933 1043 1717 1080">
     <span class='ocr_line' id='line_1_65' title="bbox 933 1043 1717 1080; baseline 0.005 -10"><span class='ocrx_word' id='word_1_467' title='bbox 933 1043 968 1070; x_wconf 83' lang='grc' dir='ltr'><strong>τὰ</strong></span> <span class='ocrx_word' id='word_1_468' title='bbox 980 1044 1057 1079; x_wconf 84' lang='grc' dir='ltr'><strong>κρέα,</strong></span> <span class='ocrx_word' id='word_1_469' title='bbox 1071 1045 1118 1070; x_wconf 78' lang='grc' dir='ltr'><strong>καὶ</strong></span> <span class='ocrx_word' id='word_1_470' title='bbox 1137 1044 1228 1080; x_wconf 76' lang='grc' dir='ltr'><strong>ἔχουσι</strong></span> <span class='ocrx_word' id='word_1_471' title='bbox 1246 1044 1363 1072; x_wconf 82' lang='grc' dir='ltr'><strong>δεῖπνον.</strong></span> <span class='ocrx_word' id='word_1_472' title='bbox 1380 1045 1446 1078; x_wconf 67' lang='lat' dir='ltr'><strong>Quae</strong></span> <span class='ocrx_word' id='word_1_473' title='bbox 1462 1045 1582 1073; x_wconf 86' lang='lat' dir='ltr'><strong>carmine</strong></span> <span class='ocrx_word' id='word_1_474' title='bbox 1600 1046 1717 1074; x_wconf 89' lang='lat' dir='ltr'><strong>iambico</strong></span> 
     </span>
    </p>
   </div>
   <div class='ocr_carea' id='block_1_66' title="bbox 935 1089 1224 1118">
    <p class='ocr_par' dir='ltr' id='par_1_66' title="bbox 935 1089 1224 1118">
     <span class='ocr_line' id='line_1_66' title="bbox 935 1089 1224 1118; baseline 0.007 -2"><span class='ocrx_word' id='word_1_475' title='bbox 935 1089 973 1117; x_wconf 83' lang='lat' dir='ltr'><strong>ita</strong></span> <span class='ocrx_word' id='word_1_476' title='bbox 994 1089 1109 1117; x_wconf 87' lang='lat' dir='ltr'><strong>reddidit</strong></span> <span class='ocrx_word' id='word_1_477' title='bbox 1123 1089 1200 1118; x_wconf 88' lang='lat' dir='ltr'><strong>Phile</strong></span> <span class='ocrx_word' id='word_1_478' title='bbox 1218 1099 1224 1117; x_wconf 88' lang='lat'>:</span> 
     </span>
    </p>
   </div>
   <div class='ocr_carea' id='block_1_67' title="bbox 968 1156 1662 1193">
    <p class='ocr_par' dir='ltr' id='par_1_67' title="bbox 968 1156 1662 1193">
     <span class='ocr_line' id='line_1_67' title="bbox 968 1156 1662 1193; baseline 0.003 -11"><span class='ocrx_word' id='word_1_479' title='bbox 968 1156 1089 1193; x_wconf 67' lang='grc' dir='ltr'><strong>Κᾷγχην</strong></span> <span class='ocrx_word' id='word_1_480' title='bbox 1100 1157 1135 1183; x_wconf 79' lang='grc' dir='ltr'><strong>δὲ</strong></span> <span class='ocrx_word' id='word_1_481' title='bbox 1148 1157 1279 1193; x_wconf 73' lang='grc' dir='ltr'><strong>πελεκάν</strong></span> <span class='ocrx_word' id='word_1_482' title='bbox 1293 1157 1429 1193; x_wconf 73' lang='grc' dir='ltr'><strong>ἐμϐαλὼν</strong></span> <span class='ocrx_word' id='word_1_483' title='bbox 1441 1158 1503 1192; x_wconf 83' lang='grc' dir='ltr'><strong>τοῖς</strong></span> <span class='ocrx_word' id='word_1_484' title='bbox 1518 1158 1662 1193; x_wconf 77' lang='grc' dir='ltr'><strong>ὲτκὰτοις,</strong></span> 
     </span>
    </p>
   </div>
   <div class='ocr_carea' id='block_1_68' title="bbox 968 1192 1612 1229">
    <p class='ocr_par' dir='ltr' id='par_1_68' title="bbox 968 1192 1612 1229">
     <span class='ocr_line' id='line_1_68' title="bbox 968 1192 1612 1229; baseline 0.003 -11"><span class='ocrx_word' id='word_1_485' title='bbox 968 1192 1144 1229; x_wconf 58' lang='grc' dir='ltr'><strong>ιςᾴνάπαλιν</strong></span> <span class='ocrx_word' id='word_1_486' title='bbox 1157 1192 1253 1229; x_wconf 70' lang='grc' dir='ltr'><strong>αὐτὴν</strong></span> <span class='ocrx_word' id='word_1_487' title='bbox 1269 1193 1442 1229; x_wconf 72' lang='grc' dir='ltr'><strong>ἐξενεγκὼν,</strong></span> <span class='ocrx_word' id='word_1_488' title='bbox 1456 1192 1612 1227; x_wconf 79' lang='grc' dir='ltr'><strong>ὀστράκοις</strong></span> 
     </span>
    </p>
   </div>
   <div class='ocr_carea' id='block_1_69' title="bbox 971 1227 1592 1263">
    <p class='ocr_par' dir='ltr' id='par_1_69' title="bbox 971 1227 1592 1263">
     <span class='ocr_line' id='line_1_69' title="bbox 971 1227 1592 1263; baseline 0.003 -10"><span class='ocrx_word' id='word_1_489' title='bbox 971 1227 1005 1254; x_wconf 81' lang='grc' dir='ltr'><strong>Τὸ</strong></span> <span class='ocrx_word' id='word_1_490' title='bbox 1013 1228 1148 1263; x_wconf 60' lang='lat' dir='ltr'><strong>populor</strong></span> <span class='ocrx_word' id='word_1_491' title='bbox 1161 1228 1292 1262; x_wconf 76' lang='grc' dir='ltr'><strong>,βέϐρωκε</strong></span> <span class='ocrx_word' id='word_1_492' title='bbox 1303 1227 1419 1263; x_wconf 67' lang='grc' dir='ltr'><strong>ληφθὲν</strong></span> <span class='ocrx_word' id='word_1_493' title='bbox 1430 1230 1592 1262; x_wconf 82' lang='grc' dir='ltr'><strong>εὐστόχως.</strong></span> 
     </span>
    </p>
   </div>
   <div class='ocr_carea' id='block_1_70' title="bbox 971 1261 1661 1298">
    <p class='ocr_par' dir='ltr' id='par_1_70' title="bbox 971 1261 1661 1298">
     <span class='ocr_line' id='line_1_70' title="bbox 971 1261 1661 1298; baseline 0.003 -10"><span class='ocrx_word' id='word_1_494' title='bbox 971 1261 1026 1289; x_wconf 87' lang='grc' dir='ltr'><strong>Τοῦ</strong></span> <span class='ocrx_word' id='word_1_495' title='bbox 1043 1263 1098 1297; x_wconf 66' lang='grc' dir='ltr'><strong>τὺρ</strong></span> <span class='ocrx_word' id='word_1_496' title='bbox 1112 1263 1201 1298; x_wconf 76' lang='grc' dir='ltr'><strong>τόνου</strong></span> <span class='ocrx_word' id='word_1_497' title='bbox 1218 1261 1358 1291; x_wconf 69' lang='grc' dir='ltr'><strong>θλάσαὰἀ</strong></span> <span class='ocrx_word' id='word_1_498' title='bbox 1375 1263 1428 1296; x_wconf 84' lang='grc' dir='ltr'><strong>τὰς</strong></span> <span class='ocrx_word' id='word_1_499' title='bbox 1441 1261 1555 1298; x_wconf 42' lang='grc' dir='ltr'><strong>κλεῖςνῆ</strong></span> <span class='ocrx_word' id='word_1_500' title='bbox 1573 1264 1661 1297; x_wconf 80' lang='grc' dir='ltr'><strong>ζέσις,</strong></span> 
     </span>
    </p>
   </div>
   <div class='ocr_carea' id='block_1_71' title="bbox 970 1297 1596 1334">
    <p class='ocr_par' dir='ltr' id='par_1_71' title="bbox 970 1297 1596 1334">
     <span class='ocr_line' id='line_1_71' title="bbox 970 1297 1596 1334; baseline 0.002 -10"><span class='ocrx_word' id='word_1_501' title='bbox 970 1297 1103 1324; x_wconf 78' lang='grc' dir='ltr'><em>Ἕλυσεν</em></span> <span class='ocrx_word' id='word_1_502' title='bbox 1118 1297 1154 1330; x_wconf 76' lang='grc' dir='ltr'><strong>ἃς</strong></span> <span class='ocrx_word' id='word_1_503' title='bbox 1171 1298 1315 1333; x_wconf 69' lang='grc' dir='ltr'><strong>ἕσριγξεν</strong></span> <span class='ocrx_word' id='word_1_504' title='bbox 1329 1300 1348 1334; x_wconf 82' lang='grc' dir='ltr'><em>ὴ</em></span> <span class='ocrx_word' id='word_1_505' title='bbox 1363 1299 1457 1334; x_wconf 77' lang='grc' dir='ltr'><strong>κόγχη</strong></span> <span class='ocrx_word' id='word_1_506' title='bbox 1472 1299 1596 1333; x_wconf 79' lang='grc' dir='ltr'><strong>πτύχας.</strong></span> 
     </span>
    </p>
   </div>
   <div class='ocr_carea' id='block_1_72' title="bbox 968 1363 1716 1400">
    <p class='ocr_par' dir='ltr' id='par_1_72' title="bbox 968 1363 1716 1400">
     <span class='ocr_line' id='line_1_72' title="bbox 968 1363 1716 1400; baseline 0.003 -9"><span class='ocrx_word' id='word_1_507' title='bbox 968 1363 1049 1398; x_wconf 86' lang='lat' dir='ltr'><strong>lbid.,</strong></span> <span class='ocrx_word' id='word_1_508' title='bbox 1065 1364 1114 1392; x_wconf 87' lang='lat' dir='ltr'><strong>lin.</strong></span> <span class='ocrx_word' id='word_1_509' title='bbox 1131 1364 1176 1393; x_wconf 77' lang='grc'><strong>26.</strong></span> <span class='ocrx_word' id='word_1_510' title='bbox 1194 1366 1363 1393; x_wconf 78' lang='grc' dir='ltr'>Φιλόκαλον</span> <span class='ocrx_word' id='word_1_511' title='bbox 1378 1367 1395 1393; x_wconf 84' lang='grc' dir='ltr'><em>ό</em></span> <span class='ocrx_word' id='word_1_512' title='bbox 1410 1365 1495 1399; x_wconf 81' lang='grc' dir='ltr'><strong>ταώς.</strong></span> <span class='ocrx_word' id='word_1_513' title='bbox 1511 1365 1598 1400; x_wconf 80' lang='lat' dir='ltr'><strong>Hujus</strong></span> <span class='ocrx_word' id='word_1_514' title='bbox 1614 1366 1716 1393; x_wconf 90' lang='lat' dir='ltr'><strong>descri-</strong></span> 
     </span>
    </p>
   </div>
   <div class='ocr_carea' id='block_1_73' title="bbox 934 1410 1716 1447">
    <p class='ocr_par' dir='ltr' id='par_1_73' title="bbox 934 1410 1716 1447">
     <span class='ocr_line' id='line_1_73' title="bbox 934 1410 1716 1447; baseline 0.001 -10"><span class='ocrx_word' id='word_1_515' title='bbox 934 1410 1054 1445; x_wconf 89' lang='lat' dir='ltr'><strong>ptionem</strong></span> <span class='ocrx_word' id='word_1_516' title='bbox 1079 1410 1176 1438; x_wconf 88' lang='lat' dir='ltr'><strong>iisdem</strong></span> <span class='ocrx_word' id='word_1_517' title='bbox 1196 1419 1266 1446; x_wconf 83' lang='lat' dir='ltr'><strong>pene</strong></span> <span class='ocrx_word' id='word_1_518' title='bbox 1285 1411 1375 1439; x_wconf 85' lang='lat' dir='ltr'><strong>verbis</strong></span> <span class='ocrx_word' id='word_1_519' title='bbox 1390 1411 1474 1439; x_wconf 87' lang='lat' dir='ltr'><strong>habes</strong></span> <span class='ocrx_word' id='word_1_520' title='bbox 1494 1412 1564 1447; x_wconf 81' lang='lat' dir='ltr'><strong>apud</strong></span> <span class='ocrx_word' id='word_1_521' title='bbox 1584 1411 1716 1439; x_wconf 87' lang='lat' dir='ltr'><strong>Achillem</strong></span> 
     </span>
    </p>
   </div>
   <div class='ocr_carea' id='block_1_74' title="bbox 933 1453 1716 1492">
    <p class='ocr_par' dir='ltr' id='par_1_74' title="bbox 933 1453 1716 1492">
     <span class='ocr_line' id='line_1_74' title="bbox 933 1453 1716 1492; baseline 0 -10"><span class='ocrx_word' id='word_1_522' title='bbox 933 1454 1052 1488; x_wconf 83' lang='lat' dir='ltr'><strong>Tatium,</strong></span> <span class='ocrx_word' id='word_1_523' title='bbox 1069 1455 1117 1483; x_wconf 88' lang='lat' dir='ltr'><strong>lib.</strong></span> <span class='ocrx_word' id='word_1_524' title='bbox 1135 1463 1143 1483; x_wconf 85' lang='grc' dir='ltr'><strong>ι</strong></span> <span class='ocrx_word' id='word_1_525' title='bbox 1161 1465 1169 1482; x_wconf 83' lang='lat'><strong>:</strong></span> <span class='ocrx_word' id='word_1_526' title='bbox 1186 1455 1278 1492; x_wconf 83' lang='grc' dir='ltr'><strong>Ταύτῃ</strong></span> <span class='ocrx_word' id='word_1_527' title='bbox 1299 1456 1346 1483; x_wconf 82' lang='grc' dir='ltr'>νῦν</span> <span class='ocrx_word' id='word_1_528' title='bbox 1362 1453 1436 1487; x_wconf 74' lang='grc' dir='ltr'><strong>οὗτος</strong></span> <span class='ocrx_word' id='word_1_529' title='bbox 1455 1456 1486 1482; x_wconf 81' lang='grc' dir='ltr'><strong>τὸ</strong></span> <span class='ocrx_word' id='word_1_530' title='bbox 1502 1455 1598 1487; x_wconf 80' lang='grc' dir='ltr'>κάλλος</span> <span class='ocrx_word' id='word_1_531' title='bbox 1616 1456 1716 1482; x_wconf 63' lang='lat' dir='ltr'><strong>Emeisi-</strong></span> 
     </span>
    </p>
   </div>
   <div class='ocr_carea' id='block_1_75' title="bbox 933 1500 1716 1536">
    <p class='ocr_par' dir='ltr' id='par_1_75' title="bbox 933 1500 1716 1536">
     <span class='ocr_line' id='line_1_75' title="bbox 933 1500 1716 1536; baseline 0.001 -10"><span class='ocrx_word' id='word_1_532' title='bbox 933 1508 1028 1527; x_wconf 85' lang='grc' dir='ltr'>κνυται</span> <span class='ocrx_word' id='word_1_533' title='bbox 1044 1500 1165 1535; x_wconf 84' lang='grc' dir='ltr'><strong>λειμῶνα</strong></span> <span class='ocrx_word' id='word_1_534' title='bbox 1181 1500 1298 1536; x_wconf 83' lang='grc' dir='ltr'><strong>πτερῶν.</strong></span> <span class='ocrx_word' id='word_1_535' title='bbox 1316 1501 1346 1527; x_wconf 90' lang='lat'>&#39;0</span> <span class='ocrx_word' id='word_1_536' title='bbox 1358 1500 1386 1527; x_wconf 77' lang='grc' dir='ltr'><strong>δὲ</strong></span> <span class='ocrx_word' id='word_1_537' title='bbox 1398 1500 1444 1527; x_wconf 82' lang='grc' dir='ltr'><strong>τοῦ</strong></span> <span class='ocrx_word' id='word_1_538' title='bbox 1458 1500 1514 1527; x_wconf 79' lang='grc' dir='ltr'><strong>ταὼ</strong></span> <span class='ocrx_word' id='word_1_539' title='bbox 1526 1500 1627 1536; x_wconf 79' lang='grc' dir='ltr'>λειμὼν</span> <span class='ocrx_word' id='word_1_540' title='bbox 1637 1501 1716 1527; x_wconf 82' lang='grc' dir='ltr'><strong>εὐαν-</strong></span> 
     </span>
    </p>
   </div>
   <div class='ocr_carea' id='block_1_76' title="bbox 933 1545 1716 1582">
    <p class='ocr_par' dir='ltr' id='par_1_76' title="bbox 933 1545 1716 1582">
     <span class='ocr_line' id='line_1_76' title="bbox 933 1545 1716 1582; baseline 0.003 -11"><span class='ocrx_word' id='word_1_541' title='bbox 933 1545 1069 1581; x_wconf 74' lang='grc' dir='ltr'><strong>θέστερος.</strong></span> <span class='ocrx_word' id='word_1_542' title='bbox 1088 1545 1258 1580; x_wconf 73' lang='grc' dir='ltr'><strong>Πεερύτευται</strong></span> <span class='ocrx_word' id='word_1_543' title='bbox 1282 1546 1336 1582; x_wconf 79' lang='grc' dir='ltr'><strong>γὰρ</strong></span> <span class='ocrx_word' id='word_1_544' title='bbox 1351 1546 1425 1581; x_wconf 78' lang='grc' dir='ltr'>σῦτῷ</span> <span class='ocrx_word' id='word_1_545' title='bbox 1440 1546 1487 1573; x_wconf 70' lang='grc' dir='ltr'>καὶ</span> <span class='ocrx_word' id='word_1_546' title='bbox 1502 1546 1600 1582; x_wconf 83' lang='grc' dir='ltr'><strong>χρυσὸς</strong></span> <span class='ocrx_word' id='word_1_547' title='bbox 1618 1547 1646 1573; x_wconf 83' lang='grc' dir='ltr'>ὲν</span> <span class='ocrx_word' id='word_1_548' title='bbox 1661 1548 1716 1578; x_wconf 85' lang='grc' dir='ltr'><strong>τοῖς</strong></span> 
     </span>
    </p>
   </div>
   <div class='ocr_carea' id='block_1_77' title="bbox 934 1591 1716 1628">
    <p class='ocr_par' dir='ltr' id='par_1_77' title="bbox 934 1591 1716 1628">
     <span class='ocr_line' id='line_1_77' title="bbox 934 1591 1716 1628; baseline 0 -10"><span class='ocrx_word' id='word_1_549' title='bbox 934 1593 1053 1627; x_wconf 86' lang='grc' dir='ltr'><strong>πτεροῖς·</strong></span> <span class='ocrx_word' id='word_1_550' title='bbox 1065 1591 1156 1627; x_wconf 83' lang='grc' dir='ltr'>κύκλῳ</span> <span class='ocrx_word' id='word_1_551' title='bbox 1164 1592 1192 1618; x_wconf 79' lang='grc' dir='ltr'><strong>δὲ</strong></span> <span class='ocrx_word' id='word_1_552' title='bbox 1203 1592 1233 1618; x_wconf 85' lang='grc' dir='ltr'><strong>τὸ</strong></span> <span class='ocrx_word' id='word_1_553' title='bbox 1242 1592 1373 1627; x_wconf 72' lang='grc' dir='ltr'><strong>ἁλουργις</strong></span> <span class='ocrx_word' id='word_1_554' title='bbox 1380 1591 1425 1618; x_wconf 70' lang='grc' dir='ltr'><strong>τὸν</strong></span> <span class='ocrx_word' id='word_1_555' title='bbox 1435 1592 1534 1628; x_wconf 79' lang='grc' dir='ltr'>χρυσὸν</span> <span class='ocrx_word' id='word_1_556' title='bbox 1545 1601 1577 1619; x_wconf 87' lang='grc' dir='ltr'><strong>πε</strong></span> <span class='ocrx_word' id='word_1_557' title='bbox 1581 1592 1716 1628; x_wconf 79' lang='grc' dir='ltr'>ριοέειτὺν</span> 
     </span>
    </p>
   </div>
   <div class='ocr_carea' id='block_1_78' title="bbox 933 1636 1717 1673">
    <p class='ocr_par' dir='ltr' id='par_1_78' title="bbox 933 1636 1717 1673">
     <span class='ocr_line' id='line_1_78' title="bbox 933 1636 1717 1673; baseline 0.005 -11"><span class='ocrx_word' id='word_1_558' title='bbox 933 1636 989 1663; x_wconf 73' lang='grc' dir='ltr'><strong>ἴσον</strong></span> <span class='ocrx_word' id='word_1_559' title='bbox 998 1636 1106 1668; x_wconf 83' lang='grc' dir='ltr'><strong>κύκλον,</strong></span> <span class='ocrx_word' id='word_1_560' title='bbox 1116 1637 1164 1663; x_wconf 57' lang='grc' dir='ltr'><strong>καὶ¹</strong></span> <span class='ocrx_word' id='word_1_561' title='bbox 1173 1636 1246 1663; x_wconf 72' lang='grc' dir='ltr'>ἐστιν</span> <span class='ocrx_word' id='word_1_562' title='bbox 1253 1636 1389 1672; x_wconf 77' lang='grc' dir='ltr'><strong>ὀφθαλμὸς</strong></span> <span class='ocrx_word' id='word_1_563' title='bbox 1398 1638 1427 1664; x_wconf 83' lang='grc' dir='ltr'>ὲν</span> <span class='ocrx_word' id='word_1_564' title='bbox 1434 1637 1472 1673; x_wconf 84' lang='grc' dir='ltr'><strong>τῷ</strong></span> <span class='ocrx_word' id='word_1_565' title='bbox 1480 1637 1579 1673; x_wconf 84' lang='grc' dir='ltr'>πτερῷ.</span> <span class='ocrx_word' id='word_1_566' title='bbox 1586 1636 1717 1666; x_wconf 83' lang='lat' dir='ltr'><strong>Aristote-</strong></span> 
     </span>
    </p>
   </div>
   <div class='ocr_carea' id='block_1_79' title="bbox 932 1680 1716 1717">
    <p class='ocr_par' dir='ltr' id='par_1_79' title="bbox 932 1680 1716 1717">
     <span class='ocr_line' id='line_1_79' title="bbox 932 1680 1716 1717; baseline 0.003 -9"><span class='ocrx_word' id='word_1_567' title='bbox 932 1682 982 1713; x_wconf 88' lang='lat' dir='ltr'><strong>les,</strong></span> <span class='ocrx_word' id='word_1_568' title='bbox 997 1681 1044 1708; x_wconf 88' lang='lat' dir='ltr'><strong>lib.</strong></span> <span class='ocrx_word' id='word_1_569' title='bbox 1058 1688 1066 1708; x_wconf 80' lang='grc' dir='ltr'><strong>ι</strong></span> <span class='ocrx_word' id='word_1_570' title='bbox 1078 1680 1116 1707; x_wconf 84' lang='lat' dir='ltr'><strong>De</strong></span> <span class='ocrx_word' id='word_1_571' title='bbox 1123 1681 1186 1707; x_wconf 83' lang='lat' dir='ltr'><strong>hist.</strong></span> <span class='ocrx_word' id='word_1_572' title='bbox 1198 1681 1292 1712; x_wconf 84' lang='lat' dir='ltr'><strong>anim.,</strong></span> <span class='ocrx_word' id='word_1_573' title='bbox 1304 1688 1366 1708; x_wconf 89' lang='lat' dir='ltr'><strong>eum</strong></span> <span class='ocrx_word' id='word_1_574' title='bbox 1377 1681 1505 1717; x_wconf 79' lang='grc' dir='ltr'><strong>φθονερὸν</strong></span> <span class='ocrx_word' id='word_1_575' title='bbox 1513 1683 1559 1708; x_wconf 81' lang='grc' dir='ltr'><strong>καὶ</strong></span> <span class='ocrx_word' id='word_1_576' title='bbox 1574 1682 1716 1717; x_wconf 82' lang='grc' dir='ltr'>φιλόκαλον</span> 
     </span>
    </p>
   </div>
   <div class='ocr_carea' id='block_1_80' title="bbox 932 1726 1715 1761">
    <p class='ocr_par' dir='ltr' id='par_1_80' title="bbox 932 1726 1715 1761">
     <span class='ocr_line' id='line_1_80' title="bbox 932 1726 1715 1761; baseline 0 -7"><span class='ocrx_word' id='word_1_577' title='bbox 932 1731 1026 1760; x_wconf 87' lang='lat' dir='ltr'><strong>vocat;</strong></span> <span class='ocrx_word' id='word_1_578' title='bbox 1049 1727 1109 1761; x_wconf 87' lang='lat' dir='ltr'><strong>ejus</strong></span> <span class='ocrx_word' id='word_1_579' title='bbox 1131 1726 1351 1759; x_wconf 87' lang='lat' dir='ltr'><strong>ostentationem,</strong></span> <span class='ocrx_word' id='word_1_580' title='bbox 1375 1727 1530 1761; x_wconf 83' lang='lat' dir='ltr'><strong>superbiam</strong></span> <span class='ocrx_word' id='word_1_581' title='bbox 1560 1735 1592 1754; x_wconf 85' lang='lat' dir='ltr'><strong>ac</strong></span> <span class='ocrx_word' id='word_1_582' title='bbox 1616 1727 1715 1755; x_wconf 79' lang='lat' dir='ltr'><strong>fastum</strong></span> 
     </span>
    </p>
   </div>
   <div class='ocr_carea' id='block_1_81' title="bbox 931 1771 1715 1808">
    <p class='ocr_par' dir='ltr' id='par_1_81' title="bbox 931 1771 1715 1808">
     <span class='ocr_line' id='line_1_81' title="bbox 931 1771 1715 1808; baseline -0.001 -8"><span class='ocrx_word' id='word_1_583' title='bbox 931 1773 1047 1808; x_wconf 78' lang='lat' dir='ltr'><strong>explicat</strong></span> <span class='ocrx_word' id='word_1_584' title='bbox 1065 1772 1190 1800; x_wconf 66' lang='lat' dir='ltr'><strong>Elianus</strong></span> <span class='ocrx_word' id='word_1_585' title='bbox 1205 1772 1250 1799; x_wconf 89' lang='lat' dir='ltr'><strong>lib.</strong></span> <span class='ocrx_word' id='word_1_586' title='bbox 1266 1780 1282 1798; x_wconf 90' lang='lat' dir='ltr'><strong>v</strong></span> <span class='ocrx_word' id='word_1_587' title='bbox 1302 1771 1341 1798; x_wconf 82' lang='lat' dir='ltr'><strong>De</strong></span> <span class='ocrx_word' id='word_1_588' title='bbox 1360 1772 1454 1798; x_wconf 88' lang='lat' dir='ltr'><strong>histor.</strong></span> <span class='ocrx_word' id='word_1_589' title='bbox 1480 1772 1574 1804; x_wconf 83' lang='lat' dir='ltr'><strong>anim.,</strong></span> <span class='ocrx_word' id='word_1_590' title='bbox 1590 1780 1649 1807; x_wconf 88' lang='lat' dir='ltr'><strong>cap.</strong></span> <span class='ocrx_word' id='word_1_591' title='bbox 1664 1772 1715 1807; x_wconf 74' lang='lat'><strong>21;</strong></span> 
     </span>
    </p>
   </div>
   <div class='ocr_carea' id='block_1_82' title="bbox 932 1816 1714 1853">
    <p class='ocr_par' dir='ltr' id='par_1_82' title="bbox 932 1816 1714 1853">
     <span class='ocr_line' id='line_1_82' title="bbox 932 1816 1714 1853; baseline 0.001 -9"><span class='ocrx_word' id='word_1_592' title='bbox 932 1818 1083 1853; x_wconf 87' lang='lat' dir='ltr'><strong>Oppianus,</strong></span> <span class='ocrx_word' id='word_1_593' title='bbox 1095 1817 1134 1844; x_wconf 85' lang='lat' dir='ltr'><strong>De</strong></span> <span class='ocrx_word' id='word_1_594' title='bbox 1145 1817 1288 1849; x_wconf 82' lang='lat' dir='ltr'><strong>venatione,</strong></span> <span class='ocrx_word' id='word_1_595' title='bbox 1301 1816 1348 1844; x_wconf 92' lang='lat' dir='ltr'><strong>lib.</strong></span> <span class='ocrx_word' id='word_1_596' title='bbox 1371 1824 1402 1849; x_wconf 85' lang='grc' dir='ltr'>ιι,</span> <span class='ocrx_word' id='word_1_597' title='bbox 1419 1821 1444 1844; x_wconf 87' lang='lat' dir='ltr'><strong>et</strong></span> <span class='ocrx_word' id='word_1_598' title='bbox 1457 1817 1504 1845; x_wconf 90' lang='lat' dir='ltr'><strong>lib.</strong></span> <span class='ocrx_word' id='word_1_599' title='bbox 1515 1825 1558 1848; x_wconf 89' lang='grc' dir='ltr'>ιιι.</span> <span class='ocrx_word' id='word_1_600' title='bbox 1569 1818 1615 1852; x_wconf 92' lang='lat' dir='ltr'><strong>qui</strong></span> <span class='ocrx_word' id='word_1_601' title='bbox 1627 1818 1665 1844; x_wconf 89' lang='lat' dir='ltr'><strong>ait</strong></span> <span class='ocrx_word' id='word_1_602' title='bbox 1677 1819 1714 1845; x_wconf 94' lang='lat' dir='ltr'><strong>nil</strong></span> 
     </span>
    </p>
   </div>
   <div class='ocr_carea' id='block_1_83' title="bbox 930 1864 1715 1899">
    <p class='ocr_par' dir='ltr' id='par_1_83' title="bbox 930 1864 1715 1899">
     <span class='ocr_line' id='line_1_83' title="bbox 930 1864 1715 1899; baseline 0 -8"><span class='ocrx_word' id='word_1_603' title='bbox 930 1864 1079 1899; x_wconf 82' lang='lat' dir='ltr'><strong>jucundius</strong></span> <span class='ocrx_word' id='word_1_604' title='bbox 1100 1871 1131 1891; x_wconf 89' lang='lat' dir='ltr'><strong>ac</strong></span> <span class='ocrx_word' id='word_1_605' title='bbox 1153 1864 1295 1898; x_wconf 80' lang='lat' dir='ltr'><strong>pulchrius</strong></span> <span class='ocrx_word' id='word_1_606' title='bbox 1320 1870 1424 1898; x_wconf 83' lang='lat' dir='ltr'><strong>pavone</strong></span> <span class='ocrx_word' id='word_1_607' title='bbox 1447 1864 1475 1890; x_wconf 91' lang='lat' dir='ltr'><strong>in</strong></span> <span class='ocrx_word' id='word_1_608' title='bbox 1490 1864 1571 1891; x_wconf 88' lang='lat' dir='ltr'><strong>rebus</strong></span> <span class='ocrx_word' id='word_1_609' title='bbox 1588 1871 1603 1891; x_wconf 90' lang='lat' dir='ltr'><strong>a</strong></span> <span class='ocrx_word' id='word_1_610' title='bbox 1619 1868 1715 1891; x_wconf 84' lang='lat' dir='ltr'><strong>natura</strong></span> 
     </span>
    </p>
   </div>
   <div class='ocr_carea' id='block_1_84' title="bbox 931 1908 1714 1945">
    <p class='ocr_par' dir='ltr' id='par_1_84' title="bbox 931 1908 1714 1945">
     <span class='ocr_line' id='line_1_84' title="bbox 931 1908 1714 1945; baseline 0 -9"><span class='ocrx_word' id='word_1_611' title='bbox 931 1910 1099 1945; x_wconf 84' lang='lat' dir='ltr'><strong>profectum;</strong></span> <span class='ocrx_word' id='word_1_612' title='bbox 1129 1909 1218 1942; x_wconf 88' lang='lat' dir='ltr'><strong>Phile,</strong></span> <span class='ocrx_word' id='word_1_613' title='bbox 1248 1910 1275 1936; x_wconf 92' lang='lat' dir='ltr'><strong>in</strong></span> <span class='ocrx_word' id='word_1_614' title='bbox 1303 1908 1424 1940; x_wconf 84' lang='lat' dir='ltr'><strong>lambis;</strong></span> <span class='ocrx_word' id='word_1_615' title='bbox 1452 1908 1584 1945; x_wconf 77' lang='lat' dir='ltr'><strong>Georgius</strong></span> <span class='ocrx_word' id='word_1_616' title='bbox 1612 1910 1714 1942; x_wconf 87' lang='lat' dir='ltr'><strong>Pisida,</strong></span> 
     </span>
    </p>
   </div>
   <div class='ocr_carea' id='block_1_85' title="bbox 932 1953 1715 1990">
    <p class='ocr_par' dir='ltr' id='par_1_85' title="bbox 932 1953 1715 1990">
     <span class='ocr_line' id='line_1_85' title="bbox 932 1953 1715 1990; baseline -0.001 -8"><span class='ocrx_word' id='word_1_617' title='bbox 932 1956 971 1983; x_wconf 87' lang='lat' dir='ltr'><strong>De</strong></span> <span class='ocrx_word' id='word_1_618' title='bbox 986 1955 1077 1982; x_wconf 89' lang='lat' dir='ltr'><strong>mundi</strong></span> <span class='ocrx_word' id='word_1_619' title='bbox 1094 1956 1197 1990; x_wconf 77' lang='lat' dir='ltr'><strong>opiﬁc.,‘</strong></span> <span class='ocrx_word' id='word_1_620' title='bbox 1215 1954 1399 1982; x_wconf 82' lang='lat' dir='ltr'><strong>Philostratus</strong></span> <span class='ocrx_word' id='word_1_621' title='bbox 1414 1953 1510 1982; x_wconf 73' lang='lat' dir='ltr'><strong>Iunior</strong></span> <span class='ocrx_word' id='word_1_622' title='bbox 1528 1954 1635 1983; x_wconf 84' lang='lat' dir='ltr'><strong>Heroic.</strong></span> <span class='ocrx_word' id='word_1_623' title='bbox 1649 1955 1676 1986; x_wconf 77' lang='grc'><strong>2,</strong></span> <span class='ocrx_word' id='word_1_624' title='bbox 1689 1956 1715 1982; x_wconf 90' lang='lat' dir='ltr'><strong>in</strong></span> 
     </span>
    </p>
   </div>
   <div class='ocr_carea' id='block_1_86' title="bbox 933 2000 1716 2037">
    <p class='ocr_par' dir='ltr' id='par_1_86' title="bbox 933 2000 1716 2037">
     <span class='ocr_line' id='line_1_86' title="bbox 933 2000 1716 2037; baseline -0.001 -8"><span class='ocrx_word' id='word_1_625' title='bbox 933 2002 1105 2034; x_wconf 75' lang='lat' dir='ltr'><strong>Alexandro;</strong></span> <span class='ocrx_word' id='word_1_626' title='bbox 1129 2001 1276 2037; x_wconf 84' lang='lat' dir='ltr'><strong>Gregorius</strong></span> <span class='ocrx_word' id='word_1_627' title='bbox 1301 2000 1487 2029; x_wconf 83' lang='lat' dir='ltr'><strong>Nazianzenus</strong></span> <span class='ocrx_word' id='word_1_628' title='bbox 1505 2002 1587 2029; x_wconf 82' lang='grc' dir='ltr'><strong>Κατὰ</strong></span> <span class='ocrx_word' id='word_1_629' title='bbox 1608 2010 1716 2036; x_wconf 68' lang='grc' dir='ltr'><strong>γυναι-</strong></span> 
     </span>
    </p>
   </div>
   <div class='ocr_carea' id='block_1_87' title="bbox 932 2047 1716 2083">
    <p class='ocr_par' dir='ltr' id='par_1_87' title="bbox 932 2047 1716 2083">
     <span class='ocr_line' id='line_1_87' title="bbox 932 2047 1716 2083; baseline -0.001 -8"><span class='ocrx_word' id='word_1_630' title='bbox 932 2048 994 2076; x_wconf 79' lang='grc' dir='ltr'><strong>κῶν</strong></span> <span class='ocrx_word' id='word_1_631' title='bbox 1005 2047 1286 2083; x_wconf 73' lang='grc' dir='ltr'><strong>καλλωπιζομένων,</strong></span> <span class='ocrx_word' id='word_1_632' title='bbox 1297 2047 1453 2079; x_wconf 64' lang='lat' dir='ltr'><strong>Athenaeus,</strong></span> <span class='ocrx_word' id='word_1_633' title='bbox 1468 2047 1531 2074; x_wconf 91' lang='lat' dir='ltr'><strong>libr.</strong></span> <span class='ocrx_word' id='word_1_634' title='bbox 1548 2055 1586 2080; x_wconf 84' lang='lat' dir='ltr'><strong>ix,</strong></span> <span class='ocrx_word' id='word_1_635' title='bbox 1603 2048 1716 2083; x_wconf 85' lang='lat' dir='ltr'><strong>Deipno-</strong></span> 
     </span>
    </p>
   </div>
   <div class='ocr_carea' id='block_1_88' title="bbox 933 2093 1713 2129">
    <p class='ocr_par' dir='ltr' id='par_1_88' title="bbox 933 2093 1713 2129">
     <span class='ocr_line' id='line_1_88' title="bbox 933 2093 1713 2129; baseline -0.003 -7"><span class='ocrx_word' id='word_1_636' title='bbox 933 2094 1054 2129; x_wconf 69' lang='lat' dir='ltr'><strong>sophist;</strong></span> <span class='ocrx_word' id='word_1_637' title='bbox 1066 2094 1172 2125; x_wconf 81' lang='lat' dir='ltr'><strong>Cicero,</strong></span> <span class='ocrx_word' id='word_1_638' title='bbox 1192 2102 1220 2121; x_wconf 83' lang='grc' dir='ltr'><strong>ιιι</strong></span> <span class='ocrx_word' id='word_1_639' title='bbox 1239 2093 1278 2120; x_wconf 86' lang='lat' dir='ltr'><strong>De</strong></span> <span class='ocrx_word' id='word_1_640' title='bbox 1291 2093 1404 2129; x_wconf 80' lang='lat' dir='ltr'><strong>finibus;</strong></span> <span class='ocrx_word' id='word_1_641' title='bbox 1420 2093 1579 2127; x_wconf 83' lang='lat' dir='ltr'><strong>Columella,</strong></span> <span class='ocrx_word' id='word_1_642' title='bbox 1593 2094 1640 2121; x_wconf 91' lang='lat' dir='ltr'><strong>lib.</strong></span> <span class='ocrx_word' id='word_1_643' title='bbox 1655 2102 1713 2127; x_wconf 75' lang='lat' dir='ltr'><strong>vui,</strong></span> 
     </span>
    </p>
   </div>
   <div class='ocr_carea' id='block_1_89' title="bbox 933 2139 1714 2176">
    <p class='ocr_par' dir='ltr' id='par_1_89' title="bbox 933 2139 1714 2176">
     <span class='ocr_line' id='line_1_89' title="bbox 933 2139 1714 2176; baseline -0.001 -8"><span class='ocrx_word' id='word_1_644' title='bbox 933 2142 1015 2176; x_wconf 88' lang='lat' dir='ltr'><strong>capit.</strong></span> <span class='ocrx_word' id='word_1_645' title='bbox 1028 2142 1056 2168; x_wconf 89' lang='lat' dir='ltr'><strong>ll</strong></span> <span class='ocrx_word' id='word_1_646' title='bbox 1069 2150 1076 2175; x_wconf 89' lang='lat'><strong>;</strong></span> <span class='ocrx_word' id='word_1_647' title='bbox 1090 2140 1239 2173; x_wconf 89' lang='lat' dir='ltr'><strong>Lucianus,</strong></span> <span class='ocrx_word' id='word_1_648' title='bbox 1253 2140 1290 2167; x_wconf 86' lang='lat' dir='ltr'><strong>De</strong></span> <span class='ocrx_word' id='word_1_649' title='bbox 1298 2140 1391 2172; x_wconf 85' lang='lat' dir='ltr'><strong>domo;</strong></span> <span class='ocrx_word' id='word_1_650' title='bbox 1403 2139 1516 2172; x_wconf 89' lang='lat' dir='ltr'><strong>Gellius,</strong></span> <span class='ocrx_word' id='word_1_651' title='bbox 1530 2140 1576 2168; x_wconf 89' lang='lat' dir='ltr'><strong>lib.</strong></span> <span class='ocrx_word' id='word_1_652' title='bbox 1589 2148 1636 2171; x_wconf 87' lang='lat' dir='ltr'><strong>vn,</strong></span> <span class='ocrx_word' id='word_1_653' title='bbox 1653 2148 1714 2175; x_wconf 88' lang='lat' dir='ltr'><strong>cap.</strong></span> 
     </span>
    </p>
   </div>
   <div class='ocr_carea' id='block_1_90' title="bbox 934 2185 1714 2221">
    <p class='ocr_par' dir='ltr' id='par_1_90' title="bbox 934 2185 1714 2221">
     <span class='ocr_line' id='line_1_90' title="bbox 934 2185 1714 2221; baseline -0.001 -8"><span class='ocrx_word' id='word_1_654' title='bbox 934 2187 984 2219; x_wconf 78' lang='lat' dir='ltr'><strong>l7;</strong></span> <span class='ocrx_word' id='word_1_655' title='bbox 1001 2186 1050 2213; x_wconf 92' lang='lat' dir='ltr'><strong>Dio</strong></span> <span class='ocrx_word' id='word_1_656' title='bbox 1065 2186 1289 2221; x_wconf 87' lang='lat' dir='ltr'><strong>Ghrysostomus,</strong></span> <span class='ocrx_word' id='word_1_657' title='bbox 1312 2187 1436 2213; x_wconf 87' lang='lat' dir='ltr'><strong>oratione</strong></span> <span class='ocrx_word' id='word_1_658' title='bbox 1450 2185 1607 2221; x_wconf 86' lang='lat' dir='ltr'><strong>Olympica;</strong></span> <span class='ocrx_word' id='word_1_659' title='bbox 1625 2185 1714 2213; x_wconf 89' lang='lat' dir='ltr'><strong>Theo-</strong></span> 
     </span>
    </p>
   </div>
   <div class='ocr_carea' id='block_1_91' title="bbox 95 2231 1715 2273">
    <p class='ocr_par' dir='ltr' id='par_1_91' title="bbox 95 2231 1715 2273">
     <span class='ocr_line' id='line_1_91' title="bbox 95 2231 1715 2273; baseline -0.005 -7"><span class='ocrx_word' id='word_1_660' title='bbox 95 2238 192 2267; x_wconf 86' lang='lat' dir='ltr'><strong>studio</strong></span> <span class='ocrx_word' id='word_1_661' title='bbox 207 2238 248 2265; x_wconf 90' lang='lat' dir='ltr'><strong>uti</strong></span> <span class='ocrx_word' id='word_1_662' title='bbox 268 2237 337 2265; x_wconf 89' lang='lat' dir='ltr'><strong>ﬁlios</strong></span> <span class='ocrx_word' id='word_1_663' title='bbox 362 2237 519 2272; x_wconf 81' lang='lat' dir='ltr'><strong>complexus</strong></span> <span class='ocrx_word' id='word_1_664' title='bbox 550 2236 647 2267; x_wconf 87' lang='lat' dir='ltr'><strong>fuerat,</strong></span> <span class='ocrx_word' id='word_1_665' title='bbox 662 2235 742 2263; x_wconf 88' lang='lat' dir='ltr'><strong>etiam</strong></span> <span class='ocrx_word' id='word_1_666' title='bbox 773 2235 796 2262; x_wconf 93' lang='lat' dir='ltr'><strong>si</strong></span> <span class='ocrx_word' id='word_1_667' title='bbox 815 2242 883 2269; x_wconf 90' lang='lat' dir='ltr'><strong>opus</strong></span> <span class='ocrx_word' id='word_1_668' title='bbox 899 2246 922 2273; x_wconf 76' lang='lat' dir='ltr'><strong>D</strong></span> <span class='ocrx_word' id='word_1_669' title='bbox 935 2233 1078 2269; x_wconf 82' lang='lat' dir='ltr'><strong>phylactus</strong></span> <span class='ocrx_word' id='word_1_670' title='bbox 1088 2232 1252 2264; x_wconf 85' lang='lat' dir='ltr'><strong>Simocatus,</strong></span> <span class='ocrx_word' id='word_1_671' title='bbox 1266 2232 1347 2267; x_wconf 88' lang='lat' dir='ltr'><strong>epist.</strong></span> <span class='ocrx_word' id='word_1_672' title='bbox 1358 2232 1389 2259; x_wconf 77' lang='lat' dir='ltr'><strong>3i</strong></span> <span class='ocrx_word' id='word_1_673' title='bbox 1401 2240 1409 2265; x_wconf 89' lang='lat'><strong>;</strong></span> <span class='ocrx_word' id='word_1_674' title='bbox 1422 2231 1588 2267; x_wconf 85' lang='lat' dir='ltr'><strong>Epiphanius</strong></span> <span class='ocrx_word' id='word_1_675' title='bbox 1605 2232 1631 2258; x_wconf 90' lang='lat' dir='ltr'><strong>in</strong></span> <span class='ocrx_word' id='word_1_676' title='bbox 1644 2231 1715 2267; x_wconf 82' lang='lat' dir='ltr'><strong>Phy-</strong></span> 
     </span>
    </p>
   </div>
   <div class='ocr_carea' id='block_1_92' title="bbox 95 2279 883 2317">
    <p class='ocr_par' dir='ltr' id='par_1_92' title="bbox 95 2279 883 2317">
     <span class='ocr_line' id='line_1_92' title="bbox 95 2279 883 2317; baseline -0.006 -6"><span class='ocrx_word' id='word_1_677' title='bbox 95 2284 208 2317; x_wconf 84' lang='lat' dir='ltr'><strong>fuisset,</strong></span> <span class='ocrx_word' id='word_1_678' title='bbox 223 2284 264 2311; x_wconf 91' lang='lat' dir='ltr'><strong>sui</strong></span> <span class='ocrx_word' id='word_1_679' title='bbox 279 2283 421 2317; x_wconf 76' lang='lat' dir='ltr'><strong>sanguinis</strong></span> <span class='ocrx_word' id='word_1_680' title='bbox 439 2282 533 2310; x_wconf 89' lang='lat' dir='ltr'><strong>fovens</strong></span> <span class='ocrx_word' id='word_1_681' title='bbox 545 2281 686 2313; x_wconf 79' lang='lat' dir='ltr'><strong>effusione,</strong></span> <span class='ocrx_word' id='word_1_682' title='bbox 703 2287 719 2307; x_wconf 87' lang='lat'><strong>0</strong></span> <span class='ocrx_word' id='word_1_683' title='bbox 733 2288 796 2308; x_wconf 85' lang='lat' dir='ltr'><strong>vere</strong></span> <span class='ocrx_word' id='word_1_684' title='bbox 810 2279 883 2314; x_wconf 86' lang='lat' dir='ltr'><strong>pele-</strong></span> 
     </span>
    </p>
   </div>
   <div class='ocr_carea' id='block_1_93' title="bbox 94 2325 883 2363">
    <p class='ocr_par' dir='ltr' id='par_1_93' title="bbox 94 2325 883 2363">
     <span class='ocr_line' id='line_1_93' title="bbox 94 2325 883 2363; baseline -0.008 -5"><span class='ocrx_word' id='word_1_685' title='bbox 94 2338 211 2363; x_wconf 74' lang='lat' dir='ltr'><strong>canum,</strong></span> <span class='ocrx_word' id='word_1_686' title='bbox 229 2337 291 2357; x_wconf 88' lang='lat' dir='ltr'><strong>vere</strong></span> <span class='ocrx_word' id='word_1_687' title='bbox 317 2336 429 2357; x_wconf 83' lang='lat' dir='ltr'><strong>aureum</strong></span> <span class='ocrx_word' id='word_1_688' title='bbox 440 2350 447 2362; x_wconf 88' lang='lat'><strong>,</strong></span> <span class='ocrx_word' id='word_1_689' title='bbox 461 2336 524 2355; x_wconf 84' lang='lat' dir='ltr'><strong>vere</strong></span> <span class='ocrx_word' id='word_1_690' title='bbox 538 2327 702 2362; x_wconf 82' lang='grc' dir='ltr'>φιλότεκνον.</span> <span class='ocrx_word' id='word_1_691' title='bbox 723 2326 761 2354; x_wconf 88' lang='lat' dir='ltr'><strong>Ne</strong></span> <span class='ocrx_word' id='word_1_692' title='bbox 777 2325 883 2354; x_wconf 80' lang='lat' dir='ltr'><strong>felicem</strong></span> 
     </span>
    </p>
   </div>
   <div class='ocr_carea' id='block_1_94' title="bbox 95 2373 882 2407">
    <p class='ocr_par' dir='ltr' id='par_1_94' title="bbox 95 2373 882 2407">
     <span class='ocr_line' id='line_1_94' title="bbox 95 2373 882 2407; baseline -0.008 -2"><span class='ocrx_word' id='word_1_693' title='bbox 95 2382 124 2405; x_wconf 87' lang='lat' dir='ltr'><strong>te</strong></span> <span class='ocrx_word' id='word_1_694' title='bbox 139 2376 285 2407; x_wconf 60' lang='lat' dir='ltr'><strong>Greciam.</strong></span> <span class='ocrx_word' id='word_1_695' title='bbox 307 2375 399 2403; x_wconf 82' lang='lat' dir='ltr'><strong>felices</strong></span> <span class='ocrx_word' id='word_1_696' title='bbox 414 2378 477 2402; x_wconf 87' lang='lat' dir='ltr'><strong>tuos</strong></span> <span class='ocrx_word' id='word_1_697' title='bbox 497 2373 726 2405; x_wconf 85' lang='lat' dir='ltr'><strong>adolescentulos,</strong></span> <span class='ocrx_word' id='word_1_698' title='bbox 749 2373 817 2400; x_wconf 88' lang='lat' dir='ltr'><strong>tanti</strong></span> <span class='ocrx_word' id='word_1_699' title='bbox 834 2380 882 2407; x_wconf 80' lang='lat' dir='ltr'><strong>pa-</strong></span> 
     </span>
    </p>
   </div>
   <div class='ocr_carea' id='block_1_95' title="bbox 94 2417 883 2458">
    <p class='ocr_par' dir='ltr' id='par_1_95' title="bbox 94 2417 883 2458">
     <span class='ocr_line' id='line_1_95' title="bbox 94 2417 883 2458; baseline -0.008 -8"><span class='ocrx_word' id='word_1_700' title='bbox 94 2422 171 2450; x_wconf 80' lang='lat' dir='ltr'><strong>troni</strong></span> <span class='ocrx_word' id='word_1_701' title='bbox 184 2421 311 2458; x_wconf 71' lang='lat' dir='ltr'><strong>praesidio</strong></span> <span class='ocrx_word' id='word_1_702' title='bbox 321 2421 348 2448; x_wconf 92' lang='lat' dir='ltr'><strong>in</strong></span> <span class='ocrx_word' id='word_1_703' title='bbox 359 2421 476 2456; x_wconf 78' lang='lat' dir='ltr'><strong>maxima</strong></span> <span class='ocrx_word' id='word_1_704' title='bbox 489 2419 654 2447; x_wconf 84' lang='lat' dir='ltr'><strong>necessitate</strong></span> <span class='ocrx_word' id='word_1_705' title='bbox 670 2426 733 2446; x_wconf 87' lang='lat' dir='ltr'><strong>vere</strong></span> <span class='ocrx_word' id='word_1_706' title='bbox 747 2417 883 2445; x_wconf 84' lang='lat' dir='ltr'><strong>defensos.</strong></span> 
     </span>
    </p>
   </div>
   <div class='ocr_carea' id='block_1_96' title="bbox 95 2463 883 2502">
    <p class='ocr_par' dir='ltr' id='par_1_96' title="bbox 95 2463 883 2502">
     <span class='ocr_line' id='line_1_96' title="bbox 95 2463 883 2502; baseline -0.008 -6"><span class='ocrx_word' id='word_1_707' title='bbox 95 2467 205 2499; x_wconf 87' lang='lat' dir='ltr'><strong>Gaude,</strong></span> <span class='ocrx_word' id='word_1_708' title='bbox 223 2467 319 2502; x_wconf 84' lang='lat' dir='ltr'><strong>gaude,</strong></span> <span class='ocrx_word' id='word_1_709' title='bbox 347 2466 414 2493; x_wconf 82' lang='lat' dir='ltr'><strong>tanti</strong></span> <span class='ocrx_word' id='word_1_710' title='bbox 437 2465 489 2492; x_wconf 88' lang='lat' dir='ltr'><strong>viri</strong></span> <span class='ocrx_word' id='word_1_711' title='bbox 514 2464 639 2499; x_wconf 78' lang='lat' dir='ltr'><strong>exemplo</strong></span> <span class='ocrx_word' id='word_1_712' title='bbox 665 2463 883 2499; x_wconf 60' lang='lat' dir='ltr'><strong>praestantissimi</strong></span> 
     </span>
    </p>
   </div>
   <div class='ocr_carea' id='block_1_97' title="bbox 95 2510 884 2550">
    <p class='ocr_par' dir='ltr' id='par_1_97' title="bbox 95 2510 884 2550">
     <span class='ocr_line' id='line_1_97' title="bbox 95 2510 884 2550; baseline -0.006 -8"><span class='ocrx_word' id='word_1_713' title='bbox 95 2516 221 2550; x_wconf 85' lang='lat' dir='ltr'><strong>quinque</strong></span> <span class='ocrx_word' id='word_1_714' title='bbox 235 2514 366 2549; x_wconf 79' lang='lat' dir='ltr'><strong>praesules</strong></span> <span class='ocrx_word' id='word_1_715' title='bbox 380 2517 442 2540; x_wconf 84' lang='lat' dir='ltr'><strong>tuos</strong></span> <span class='ocrx_word' id='word_1_716' title='bbox 456 2511 536 2543; x_wconf 84' lang='lat' dir='ltr'><strong>ﬁlios,</strong></span> <span class='ocrx_word' id='word_1_717' title='bbox 552 2515 579 2538; x_wconf 91' lang='lat' dir='ltr'><strong>et</strong></span> <span class='ocrx_word' id='word_1_718' title='bbox 599 2511 685 2543; x_wconf 85' lang='lat' dir='ltr'><strong>alunt,</strong></span> <span class='ocrx_word' id='word_1_719' title='bbox 712 2514 740 2538; x_wconf 88' lang='lat' dir='ltr'><strong>et</strong></span> <span class='ocrx_word' id='word_1_720' title='bbox 762 2510 884 2538; x_wconf 90' lang='lat' dir='ltr'><strong>moribus</strong></span> 
     </span>
    </p>
   </div>
   <div class='ocr_carea' id='block_1_98' title="bbox 99 2555 884 2594">
    <p class='ocr_par' dir='ltr' id='par_1_98' title="bbox 99 2555 884 2594">
     <span class='ocr_line' id='line_1_98' title="bbox 99 2555 884 2594; baseline -0.008 -7"><span class='ocrx_word' id='word_1_721' title='bbox 99 2560 279 2594; x_wconf 84' lang='lat' dir='ltr'><strong>scicntiisque</strong></span> <span class='ocrx_word' id='word_1_722' title='bbox 287 2559 446 2589; x_wconf 84' lang='lat' dir='ltr'><strong>informant,</strong></span> <span class='ocrx_word' id='word_1_723' title='bbox 453 2564 569 2592; x_wconf 85' lang='lat' dir='ltr'><strong>quorum</strong></span> <span class='ocrx_word' id='word_1_724' title='bbox 580 2555 674 2583; x_wconf 79' lang='lat' dir='ltr'><strong>laudes</strong></span> <span class='ocrx_word' id='word_1_725' title='bbox 683 2563 756 2583; x_wconf 90' lang='lat' dir='ltr'><strong>nunc</strong></span> <span class='ocrx_word' id='word_1_726' title='bbox 765 2564 816 2582; x_wconf 86' lang='lat' dir='ltr'><strong>non</strong></span> <span class='ocrx_word' id='word_1_727' title='bbox 830 2559 884 2582; x_wconf 83' lang='lat' dir='ltr'><strong>tam</strong></span> 
     </span>
    </p>
   </div>
   <div class='ocr_carea' id='block_1_99' title="bbox 94 2601 884 2640">
    <p class='ocr_par' dir='ltr' id='par_1_99' title="bbox 94 2601 884 2640">
     <span class='ocr_line' id='line_1_99' title="bbox 94 2601 884 2640; baseline -0.006 -8"><span class='ocrx_word' id='word_1_728' title='bbox 94 2606 333 2640; x_wconf 67' lang='lat' dir='ltr'><strong>prietermt&#39;ttimus,</strong></span> <span class='ocrx_word' id='word_1_729' title='bbox 345 2611 423 2639; x_wconf 79' lang='lat' dir='ltr'><strong>quam</strong></span> <span class='ocrx_word' id='word_1_730' title='bbox 439 2603 473 2630; x_wconf 87' lang='lat' dir='ltr'><strong>ad</strong></span> <span class='ocrx_word' id='word_1_731' title='bbox 488 2604 615 2637; x_wconf 74' lang='lat' dir='ltr'><strong>majorem</strong></span> <span class='ocrx_word' id='word_1_732' title='bbox 630 2601 760 2629; x_wconf 77' lang='lat' dir='ltr'><strong>scribendi</strong></span> <span class='ocrx_word' id='word_1_733' title='bbox 773 2601 884 2636; x_wconf 82' lang='lat' dir='ltr'><strong>diligen-</strong></span> 
     </span>
    </p>
   </div>
   <div class='ocr_carea' id='block_1_100' title="bbox 97 2653 354 2678">
    <p class='ocr_par' dir='ltr' id='par_1_100' title="bbox 97 2653 354 2678">
     <span class='ocr_line' id='line_1_100' title="bbox 97 2653 354 2678; baseline -0.004 0"><span class='ocrx_word' id='word_1_734' title='bbox 97 2653 166 2678; x_wconf 82' lang='lat' dir='ltr'><strong>tiam</strong></span> <span class='ocrx_word' id='word_1_735' title='bbox 183 2658 354 2678; x_wconf 82' lang='lat' dir='ltr'><strong>reservamus.</strong></span> 
     </span>
    </p>
   </div>
   <div class='ocr_carea' id='block_1_101' title="bbox 134 2693 883 2728">
    <p class='ocr_par' dir='ltr' id='par_1_101' title="bbox 134 2693 883 2728">
     <span class='ocr_line' id='line_1_101' title="bbox 134 2693 883 2728; baseline -0.007 -4"><span class='ocrx_word' id='word_1_736' title='bbox 134 2697 216 2728; x_wconf 86' lang='lat' dir='ltr'><strong>lbid..</strong></span> <span class='ocrx_word' id='word_1_737' title='bbox 229 2697 278 2724; x_wconf 91' lang='lat' dir='ltr'><strong>lin.</strong></span> <span class='ocrx_word' id='word_1_738' title='bbox 292 2697 333 2723; x_wconf 81' lang='lat' dir='ltr'><strong>ll.</strong></span> <span class='ocrx_word' id='word_1_739' title='bbox 352 2693 439 2724; x_wconf 85' lang='grc' dir='ltr'><strong>Οὗτοι</strong></span> <span class='ocrx_word' id='word_1_740' title='bbox 453 2695 487 2722; x_wconf 81' lang='grc' dir='ltr'><strong>δὲ</strong></span> <span class='ocrx_word' id='word_1_741' title='bbox 501 2696 528 2721; x_wconf 82' lang='grc' dir='ltr'>οι</span> <span class='ocrx_word' id='word_1_742' title='bbox 541 2694 715 2727; x_wconf 72' lang='grc' dir='ltr'><strong>πελεκᾶνες.</strong></span> <span class='ocrx_word' id='word_1_743' title='bbox 734 2693 805 2721; x_wconf 87' lang='lat' dir='ltr'><strong>Idem</strong></span> <span class='ocrx_word' id='word_1_744' title='bbox 820 2701 883 2720; x_wconf 88' lang='lat' dir='ltr'><strong>nar-</strong></span> 
     </span>
    </p>
   </div>
   <div class='ocr_carea' id='block_1_102' title="bbox 98 2739 881 2775">
    <p class='ocr_par' dir='ltr' id='par_1_102' title="bbox 98 2739 881 2775">
     <span class='ocr_line' id='line_1_102' title="bbox 98 2739 881 2775; baseline -0.006 -5"><span class='ocrx_word' id='word_1_745' title='bbox 98 2748 141 2770; x_wconf 85' lang='lat' dir='ltr'><strong>rat</strong></span> <span class='ocrx_word' id='word_1_746' title='bbox 157 2743 319 2770; x_wconf 82' lang='lat' dir='ltr'><strong>Arisloteles</strong></span> <span class='ocrx_word' id='word_1_747' title='bbox 334 2742 382 2769; x_wconf 87' lang='lat' dir='ltr'><strong>lib.</strong></span> <span class='ocrx_word' id='word_1_748' title='bbox 400 2741 469 2775; x_wconf 80' lang='lat' dir='ltr'><strong>[Iepl</strong></span> <span class='ocrx_word' id='word_1_749' title='bbox 488 2740 662 2775; x_wconf 79' lang='grc' dir='ltr'><strong>θαυμασίων</strong></span> <span class='ocrx_word' id='word_1_750' title='bbox 674 2739 881 2773; x_wconf 81' lang='grc' dir='ltr'><strong>ἀκουσμάτων,</strong></span> 
     </span>
    </p>
   </div>
   <div class='ocr_carea' id='block_1_103' title="bbox 97 2784 882 2820">
    <p class='ocr_par' dir='ltr' id='par_1_103' title="bbox 97 2784 882 2820">
     <span class='ocr_line' id='line_1_103' title="bbox 97 2784 882 2820; baseline -0.005 -6"><span class='ocrx_word' id='word_1_751' title='bbox 97 2793 123 2814; x_wconf 75' lang='lat' dir='ltr'><strong>et</strong></span> <span class='ocrx_word' id='word_1_752' title='bbox 141 2789 188 2815; x_wconf 89' lang='lat' dir='ltr'><strong>lib.</strong></span> <span class='ocrx_word' id='word_1_753' title='bbox 202 2795 231 2814; x_wconf 76' lang='lat' dir='ltr'><strong>ix</strong></span> <span class='ocrx_word' id='word_1_754' title='bbox 240 2787 276 2814; x_wconf 88' lang='lat' dir='ltr'><strong>De</strong></span> <span class='ocrx_word' id='word_1_755' title='bbox 291 2787 352 2815; x_wconf 73' lang='lat' dir='ltr'><strong>hist.</strong></span> <span class='ocrx_word' id='word_1_756' title='bbox 372 2787 468 2817; x_wconf 85' lang='lat' dir='ltr'><strong>anim.,</strong></span> <span class='ocrx_word' id='word_1_757' title='bbox 482 2793 542 2820; x_wconf 82' lang='lat' dir='ltr'><strong>cap.</strong></span> <span class='ocrx_word' id='word_1_758' title='bbox 555 2786 604 2812; x_wconf 78' lang='lat' dir='ltr'><strong>ll):</strong></span> <span class='ocrx_word' id='word_1_759' title='bbox 617 2784 682 2810; x_wconf 77' lang='grc' dir='ltr'><strong>υἱδὲ</strong></span> <span class='ocrx_word' id='word_1_760' title='bbox 697 2784 844 2815; x_wconf 80' lang='grc' dir='ltr'><strong>πελεκᾶνες</strong></span> <span class='ocrx_word' id='word_1_761' title='bbox 858 2785 882 2810; x_wconf 81' lang='grc' dir='ltr'><strong>οἱ</strong></span> 
     </span>
    </p>
   </div>
   <div class='ocr_carea' id='block_1_104' title="bbox 99 2830 881 2868">
    <p class='ocr_par' dir='ltr' id='par_1_104' title="bbox 99 2830 881 2868">
     <span class='ocr_line' id='line_1_104' title="bbox 99 2830 881 2868; baseline -0.005 -7"><span class='ocrx_word' id='word_1_762' title='bbox 99 2837 126 2861; x_wconf 78' lang='grc' dir='ltr'>ὲν</span> <span class='ocrx_word' id='word_1_763' title='bbox 137 2835 195 2865; x_wconf 75' lang='grc' dir='ltr'><strong>τοῖς</strong></span> <span class='ocrx_word' id='word_1_764' title='bbox 212 2834 344 2868; x_wconf 80' lang='grc' dir='ltr'><strong>ποταμοῖς</strong></span> <span class='ocrx_word' id='word_1_765' title='bbox 358 2832 493 2866; x_wconf 82' lang='grc' dir='ltr'><strong>γινόμενοι</strong></span> <span class='ocrx_word' id='word_1_766' title='bbox 504 2831 681 2858; x_wconf 75' lang='grc' dir='ltr'><strong>καταπίνουσι</strong></span> <span class='ocrx_word' id='word_1_767' title='bbox 697 2830 746 2862; x_wconf 79' lang='grc' dir='ltr'><strong>τὰς</strong></span> <span class='ocrx_word' id='word_1_768' title='bbox 762 2830 881 2866; x_wconf 82' lang='grc' dir='ltr'><strong>μεγάλας</strong></span> 
     </span>
    </p>
   </div>
   <div class='ocr_carea' id='block_1_105' title="bbox 100 2876 881 2912">
    <p class='ocr_par' dir='ltr' id='par_1_105' title="bbox 100 2876 881 2912">
     <span class='ocr_line' id='line_1_105' title="bbox 100 2876 881 2912; baseline -0.004 -6"><span class='ocrx_word' id='word_1_769' title='bbox 100 2881 200 2912; x_wconf 59' lang='grc' dir='ltr'><strong>’κγ-(σς</strong></span> <span class='ocrx_word' id='word_1_770' title='bbox 211 2879 257 2906; x_wconf 71' lang='grc' dir='ltr'><strong>καὶ</strong></span> <span class='ocrx_word' id='word_1_771' title='bbox 268 2878 350 2911; x_wconf 70' lang='grc' dir='ltr'><strong>λεζας·</strong></span> <span class='ocrx_word' id='word_1_772' title='bbox 359 2879 422 2905; x_wconf 76' lang='grc' dir='ltr'><strong>ὅταν</strong></span> <span class='ocrx_word' id='word_1_773' title='bbox 432 2878 453 2905; x_wconf 83' lang='grc' dir='ltr'><strong>δ’</strong></span> <span class='ocrx_word' id='word_1_774' title='bbox 469 2879 496 2904; x_wconf 78' lang='grc' dir='ltr'>ὲν</span> <span class='ocrx_word' id='word_1_775' title='bbox 507 2878 545 2910; x_wconf 82' lang='grc' dir='ltr'><strong>τῷ</strong></span> <span class='ocrx_word' id='word_1_776' title='bbox 561 2878 612 2908; x_wconf 78' lang='grc' dir='ltr'><strong>πρὸ</strong></span> <span class='ocrx_word' id='word_1_777' title='bbox 629 2877 677 2911; x_wconf 79' lang='grc' dir='ltr'><strong>τῆς</strong></span> <span class='ocrx_word' id='word_1_778' title='bbox 692 2876 794 2909; x_wconf 72' lang='grc' dir='ltr'>κοιλίας</span> <span class='ocrx_word' id='word_1_779' title='bbox 806 2877 881 2910; x_wconf 78' lang='grc' dir='ltr'><strong>τόπῳ</strong></span> 
     </span>
    </p>
   </div>
   <div class='ocr_carea' id='block_1_106' title="bbox 936 2277 1712 2314">
    <p class='ocr_par' dir='ltr' id='par_1_106' title="bbox 936 2277 1712 2314">
     <span class='ocr_line' id='line_1_106' title="bbox 936 2277 1712 2314; baseline -0.003 -8"><span class='ocrx_word' id='word_1_780' title='bbox 936 2278 1190 2314; x_wconf 50' lang='grc' dir='ltr'><strong>εἰσιοθοῆονίιιὶυε,</strong></span> <span class='ocrx_word' id='word_1_781' title='bbox 1207 2282 1234 2305; x_wconf 91' lang='lat' dir='ltr'><strong>et</strong></span> <span class='ocrx_word' id='word_1_782' title='bbox 1249 2278 1306 2305; x_wconf 88' lang='lat' dir='ltr'><strong>alii.</strong></span> <span class='ocrx_word' id='word_1_783' title='bbox 1324 2277 1439 2309; x_wconf 89' lang='lat' dir='ltr'><strong>Plinius,</strong></span> <span class='ocrx_word' id='word_1_784' title='bbox 1457 2277 1505 2305; x_wconf 87' lang='lat' dir='ltr'><strong>lib.</strong></span> <span class='ocrx_word' id='word_1_785' title='bbox 1528 2285 1555 2310; x_wconf 81' lang='lat' dir='ltr'><strong>x,</strong></span> <span class='ocrx_word' id='word_1_786' title='bbox 1573 2285 1632 2312; x_wconf 83' lang='lat' dir='ltr'><strong>cap.</strong></span> <span class='ocrx_word' id='word_1_787' title='bbox 1654 2278 1689 2304; x_wconf 73' lang='lat'><strong>20</strong></span> <span class='ocrx_word' id='word_1_788' title='bbox 1707 2288 1712 2304; x_wconf 93' lang='lat'>:</span> 
     </span>
    </p>
   </div>
   <div class='ocr_carea' id='block_1_107' title="bbox 936 2324 1716 2359">
    <p class='ocr_par' dir='ltr' id='par_1_107' title="bbox 936 2324 1716 2359">
     <span class='ocr_line' id='line_1_107' title="bbox 936 2324 1716 2359; baseline -0.003 -7"><span class='ocrx_word' id='word_1_789' title='bbox 936 2325 1100 2352; x_wconf 79' lang='lat' dir='ltr'><strong>Gemmantes</strong></span> <span class='ocrx_word' id='word_1_790' title='bbox 1118 2325 1243 2352; x_wconf 86' lang='lat' dir='ltr'><strong>laudatus</strong></span> <span class='ocrx_word' id='word_1_791' title='bbox 1255 2324 1380 2359; x_wconf 75' lang='lat' dir='ltr'><strong>expandit</strong></span> <span class='ocrx_word' id='word_1_792' title='bbox 1391 2324 1501 2358; x_wconf 88' lang='lat' dir='ltr'><strong>colores,</strong></span> <span class='ocrx_word' id='word_1_793' title='bbox 1513 2324 1620 2351; x_wconf 84' lang='lat' dir='ltr'><strong>adverso</strong></span> <span class='ocrx_word' id='word_1_794' title='bbox 1634 2325 1716 2350; x_wconf 62' lang='lat' dir='ltr'><strong>maui-</strong></span> 
     </span>
    </p>
   </div>
   <div class='ocr_carea' id='block_1_108' title="bbox 935 2370 1716 2407">
    <p class='ocr_par' dir='ltr' id='par_1_108' title="bbox 935 2370 1716 2407">
     <span class='ocr_line' id='line_1_108' title="bbox 935 2370 1716 2407; baseline -0.003 -8"><span class='ocrx_word' id='word_1_795' title='bbox 935 2381 975 2400; x_wconf 86' lang='lat' dir='ltr'><strong>rne</strong></span> <span class='ocrx_word' id='word_1_796' title='bbox 989 2372 1053 2405; x_wconf 83' lang='lat' dir='ltr'><strong>sole,</strong></span> <span class='ocrx_word' id='word_1_797' title='bbox 1069 2373 1131 2406; x_wconf 86' lang='lat' dir='ltr'><strong>quia</strong></span> <span class='ocrx_word' id='word_1_798' title='bbox 1148 2373 1186 2399; x_wconf 85' lang='lat' dir='ltr'><strong>sic</strong></span> <span class='ocrx_word' id='word_1_799' title='bbox 1201 2372 1344 2407; x_wconf 71' lang='lat' dir='ltr'><strong>fulgentia:</strong></span> <span class='ocrx_word' id='word_1_800' title='bbox 1363 2372 1480 2398; x_wconf 87' lang='lat' dir='ltr'><strong>radiant.</strong></span> <span class='ocrx_word' id='word_1_801' title='bbox 1509 2370 1596 2398; x_wconf 87' lang='lat' dir='ltr'><strong>Simul</strong></span> <span class='ocrx_word' id='word_1_802' title='bbox 1617 2371 1716 2397; x_wconf 77' lang='lat' dir='ltr'><strong>umbra-</strong></span> 
     </span>
    </p>
   </div>
   <div class='ocr_carea' id='block_1_109' title="bbox 934 2418 1713 2454">
    <p class='ocr_par' dir='ltr' id='par_1_109' title="bbox 934 2418 1713 2454">
     <span class='ocr_line' id='line_1_109' title="bbox 934 2418 1713 2454; baseline -0.003 -9"><span class='ocrx_word' id='word_1_803' title='bbox 934 2419 1062 2454; x_wconf 84' lang='lat' dir='ltr'><strong>quosdam</strong></span> <span class='ocrx_word' id='word_1_804' title='bbox 1074 2426 1241 2453; x_wconf 76' lang='lat' dir='ltr'><strong>repercussus</strong></span> <span class='ocrx_word' id='word_1_805' title='bbox 1250 2419 1362 2451; x_wconf 61' lang='lat' dir='ltr'><strong>ceteris,</strong></span> <span class='ocrx_word' id='word_1_806' title='bbox 1371 2419 1399 2445; x_wconf 90' lang='lat' dir='ltr'><strong>in</strong></span> <span class='ocrx_word' id='word_1_807' title='bbox 1410 2426 1490 2452; x_wconf 81' lang='lat' dir='ltr'><strong>opaco</strong></span> <span class='ocrx_word' id='word_1_808' title='bbox 1498 2418 1596 2445; x_wconf 86' lang='lat' dir='ltr'><strong>clarius</strong></span> <span class='ocrx_word' id='word_1_809' title='bbox 1606 2418 1713 2448; x_wconf 86' lang='lat' dir='ltr'><strong>micant,</strong></span> 
     </span>
    </p>
   </div>
   <div class='ocr_carea' id='block_1_110' title="bbox 935 2464 1716 2500">
    <p class='ocr_par' dir='ltr' id='par_1_110' title="bbox 935 2464 1716 2500">
     <span class='ocr_line' id='line_1_110' title="bbox 935 2464 1716 2500; baseline -0.004 -8"><span class='ocrx_word' id='word_1_810' title='bbox 935 2466 1063 2492; x_wconf 83' lang='lat' dir='ltr'><strong>conchata</strong></span> <span class='ocrx_word' id='word_1_811' title='bbox 1075 2465 1170 2500; x_wconf 66' lang='lat' dir='ltr'><strong>quierit</strong></span> <span class='ocrx_word' id='word_1_812' title='bbox 1189 2465 1275 2492; x_wconf 85' lang='lat' dir='ltr'><strong>cauda</strong></span> <span class='ocrx_word' id='word_1_813' title='bbox 1290 2473 1299 2492; x_wconf 88' lang='lat'><em>:</em></span> <span class='ocrx_word' id='word_1_814' title='bbox 1320 2472 1458 2500; x_wconf 83' lang='lat' dir='ltr'><strong>omnesque</strong></span> <span class='ocrx_word' id='word_1_815' title='bbox 1476 2464 1503 2491; x_wconf 81' lang='lat' dir='ltr'><strong>in</strong></span> <span class='ocrx_word' id='word_1_816' title='bbox 1519 2472 1638 2491; x_wconf 82' lang='lat' dir='ltr'><strong>acervum</strong></span> <span class='ocrx_word' id='word_1_817' title='bbox 1655 2472 1716 2490; x_wconf 84' lang='lat' dir='ltr'><strong>con-</strong></span> 
     </span>
    </p>
   </div>
   <div class='ocr_carea' id='block_1_111' title="bbox 935 2509 1717 2546">
    <p class='ocr_par' dir='ltr' id='par_1_111' title="bbox 935 2509 1717 2546">
     <span class='ocr_line' id='line_1_111' title="bbox 935 2509 1717 2546; baseline 0 -10"><span class='ocrx_word' id='word_1_818' title='bbox 935 2511 1015 2538; x_wconf 86' lang='lat' dir='ltr'><strong>trahit</strong></span> <span class='ocrx_word' id='word_1_819' title='bbox 1033 2519 1189 2546; x_wconf 81' lang='lat' dir='ltr'><strong>pennarum,</strong></span> <span class='ocrx_word' id='word_1_820' title='bbox 1204 2519 1268 2546; x_wconf 83' lang='lat' dir='ltr'><strong>quos</strong></span> <span class='ocrx_word' id='word_1_821' title='bbox 1284 2510 1397 2545; x_wconf 76' lang='lat' dir='ltr'><strong>spectari</strong></span> <span class='ocrx_word' id='word_1_822' title='bbox 1417 2511 1513 2545; x_wconf 80' lang='lat' dir='ltr'><strong>gaudet</strong></span> <span class='ocrx_word' id='word_1_823' title='bbox 1530 2510 1629 2537; x_wconf 87' lang='lat' dir='ltr'><strong>oculos.</strong></span> <span class='ocrx_word' id='word_1_824' title='bbox 1650 2509 1717 2537; x_wconf 86' lang='lat' dir='ltr'><strong>Ter-</strong></span> 
     </span>
    </p>
   </div>
   <div class='ocr_carea' id='block_1_112' title="bbox 934 2556 1716 2591">
    <p class='ocr_par' dir='ltr' id='par_1_112' title="bbox 934 2556 1716 2591">
     <span class='ocr_line' id='line_1_112' title="bbox 934 2556 1716 2591; baseline -0.005 -6"><span class='ocrx_word' id='word_1_825' title='bbox 934 2558 1076 2590; x_wconf 81' lang='lat' dir='ltr'><strong>tulliauus,</strong></span> <span class='ocrx_word' id='word_1_826' title='bbox 1093 2557 1140 2585; x_wconf 92' lang='lat' dir='ltr'><strong>lib.</strong></span> <span class='ocrx_word' id='word_1_827' title='bbox 1161 2557 1198 2583; x_wconf 88' lang='lat' dir='ltr'><strong>De</strong></span> <span class='ocrx_word' id='word_1_828' title='bbox 1226 2557 1308 2591; x_wconf 89' lang='lat' dir='ltr'><strong>pallio</strong></span> <span class='ocrx_word' id='word_1_829' title='bbox 1336 2564 1346 2583; x_wconf 93' lang='lat'><em>:</em></span> <span class='ocrx_word' id='word_1_830' title='bbox 1374 2556 1445 2584; x_wconf 83' lang='lat' dir='ltr'><strong>Pavo</strong></span> <span class='ocrx_word' id='word_1_831' title='bbox 1468 2556 1559 2591; x_wconf 84' lang='lat' dir='ltr'><strong>pluma</strong></span> <span class='ocrx_word' id='word_1_832' title='bbox 1578 2557 1668 2587; x_wconf 82' lang='lat' dir='ltr'><strong>vestis,</strong></span> <span class='ocrx_word' id='word_1_833' title='bbox 1691 2562 1716 2582; x_wconf 74' lang='lat' dir='ltr'><strong>et</strong></span> 
     </span>
    </p>
   </div>
   <div class='ocr_carea' id='block_1_113' title="bbox 933 2600 1714 2638">
    <p class='ocr_par' dir='ltr' id='par_1_113' title="bbox 933 2600 1714 2638">
     <span class='ocr_line' id='line_1_113' title="bbox 933 2600 1714 2638; baseline -0.004 -9"><span class='ocrx_word' id='word_1_834' title='bbox 933 2602 1036 2638; x_wconf 81' lang='lat' dir='ltr'><strong>quidem</strong></span> <span class='ocrx_word' id='word_1_835' title='bbox 1046 2602 1077 2629; x_wconf 87' lang='lat' dir='ltr'><strong>de</strong></span> <span class='ocrx_word' id='word_1_836' title='bbox 1091 2601 1234 2633; x_wconf 86' lang='lat' dir='ltr'><strong>cataclitis,</strong></span> <span class='ocrx_word' id='word_1_837' title='bbox 1251 2602 1303 2628; x_wconf 89' lang='lat' dir='ltr'><strong>imo</strong></span> <span class='ocrx_word' id='word_1_838' title='bbox 1322 2602 1393 2628; x_wconf 85' lang='lat' dir='ltr'><strong>omni</strong></span> <span class='ocrx_word' id='word_1_839' title='bbox 1408 2601 1542 2635; x_wconf 85' lang='lat' dir='ltr'><strong>conchylio</strong></span> <span class='ocrx_word' id='word_1_840' title='bbox 1558 2600 1714 2634; x_wconf 79' lang='lat' dir='ltr'><strong>depressior.</strong></span> 
     </span>
    </p>
   </div>
   <div class='ocr_carea' id='block_1_114' title="bbox 933 2646 1717 2684">
    <p class='ocr_par' dir='ltr' id='par_1_114' title="bbox 933 2646 1717 2684">
     <span class='ocr_line' id='line_1_114' title="bbox 933 2646 1717 2684; baseline -0.005 -9"><span class='ocrx_word' id='word_1_841' title='bbox 933 2657 984 2684; x_wconf 84' lang='lat' dir='ltr'><strong>qua</strong></span> <span class='ocrx_word' id='word_1_842' title='bbox 1000 2648 1069 2675; x_wconf 87' lang='lat' dir='ltr'><strong>colla</strong></span> <span class='ocrx_word' id='word_1_843' title='bbox 1088 2648 1194 2682; x_wconf 84' lang='lat' dir='ltr'><strong>ﬂorent,</strong></span> <span class='ocrx_word' id='word_1_844' title='bbox 1210 2652 1234 2674; x_wconf 88' lang='lat' dir='ltr'><strong>et</strong></span> <span class='ocrx_word' id='word_1_845' title='bbox 1258 2647 1329 2674; x_wconf 80' lang='lat' dir='ltr'><strong>omni</strong></span> <span class='ocrx_word' id='word_1_846' title='bbox 1355 2646 1461 2681; x_wconf 82' lang='lat' dir='ltr'><strong>patagio</strong></span> <span class='ocrx_word' id='word_1_847' title='bbox 1482 2646 1640 2677; x_wconf 83' lang='lat' dir='ltr'><strong>inauratior,</strong></span> <span class='ocrx_word' id='word_1_848' title='bbox 1665 2654 1717 2680; x_wconf 84' lang='lat' dir='ltr'><strong>qua</strong></span> 
     </span>
    </p>
   </div>
   <div class='ocr_carea' id='block_1_115' title="bbox 933 2691 1716 2729">
    <p class='ocr_par' dir='ltr' id='par_1_115' title="bbox 933 2691 1716 2729">
     <span class='ocr_line' id='line_1_115' title="bbox 933 2691 1716 2729; baseline -0.003 -9"><span class='ocrx_word' id='word_1_849' title='bbox 933 2700 1005 2729; x_wconf 87' lang='lat' dir='ltr'><strong>terga</strong></span> <span class='ocrx_word' id='word_1_850' title='bbox 1026 2694 1141 2728; x_wconf 79' lang='lat' dir='ltr'><strong>fulgent;</strong></span> <span class='ocrx_word' id='word_1_851' title='bbox 1157 2697 1180 2719; x_wconf 88' lang='lat' dir='ltr'><strong>et</strong></span> <span class='ocrx_word' id='word_1_852' title='bbox 1197 2694 1268 2720; x_wconf 86' lang='lat' dir='ltr'><strong>omni</strong></span> <span class='ocrx_word' id='word_1_853' title='bbox 1286 2696 1402 2728; x_wconf 81' lang='lat' dir='ltr'><strong>syrmate</strong></span> <span class='ocrx_word' id='word_1_854' title='bbox 1422 2691 1544 2722; x_wconf 83' lang='lat' dir='ltr'><strong>solutior,</strong></span> <span class='ocrx_word' id='word_1_855' title='bbox 1559 2699 1610 2725; x_wconf 85' lang='lat' dir='ltr'><strong>qua</strong></span> <span class='ocrx_word' id='word_1_856' title='bbox 1625 2691 1716 2718; x_wconf 71' lang='lat' dir='ltr'><strong>eandm</strong></span> 
     </span>
    </p>
   </div>
   <div class='ocr_carea' id='block_1_116' title="bbox 928 2736 1715 2774">
    <p class='ocr_par' dir='ltr' id='par_1_116' title="bbox 928 2736 1715 2774">
     <span class='ocr_line' id='line_1_116' title="bbox 928 2736 1715 2774; baseline -0.005 -8"><span class='ocrx_word' id='word_1_857' title='bbox 928 2740 1029 2774; x_wconf 72' lang='lat' dir='ltr'><strong>jaceat,</strong></span> <span class='ocrx_word' id='word_1_858' title='bbox 1054 2737 1215 2769; x_wconf 78' lang='lat' dir='ltr'><strong>multicolor,</strong></span> <span class='ocrx_word' id='word_1_859' title='bbox 1235 2742 1260 2764; x_wconf 90' lang='lat' dir='ltr'><strong>et</strong></span> <span class='ocrx_word' id='word_1_860' title='bbox 1281 2737 1407 2769; x_wconf 87' lang='lat' dir='ltr'><strong>discolor,</strong></span> <span class='ocrx_word' id='word_1_861' title='bbox 1430 2740 1454 2763; x_wconf 86' lang='lat' dir='ltr'><strong>et</strong></span> <span class='ocrx_word' id='word_1_862' title='bbox 1479 2736 1630 2769; x_wconf 80' lang='lat' dir='ltr'><strong>uersicolor,</strong></span> <span class='ocrx_word' id='word_1_863' title='bbox 1646 2744 1715 2762; x_wconf 82' lang='lat' dir='ltr'><strong>nun-</strong></span> 
     </span>
    </p>
   </div>
   <div class='ocr_carea' id='block_1_117' title="bbox 932 2782 1716 2820">
    <p class='ocr_par' dir='ltr' id='par_1_117' title="bbox 932 2782 1716 2820">
     <span class='ocr_line' id='line_1_117' title="bbox 932 2782 1716 2820; baseline -0.005 -8"><span class='ocrx_word' id='word_1_864' title='bbox 932 2794 1010 2820; x_wconf 85' lang='lat' dir='ltr'><strong>quam</strong></span> <span class='ocrx_word' id='word_1_865' title='bbox 1023 2786 1079 2819; x_wconf 83' lang='lat' dir='ltr'><strong>ipsa</strong></span> <span class='ocrx_word' id='word_1_866' title='bbox 1090 2793 1190 2820; x_wconf 86' lang='lat' dir='ltr'><strong>semper</strong></span> <span class='ocrx_word' id='word_1_867' title='bbox 1202 2785 1267 2818; x_wconf 90' lang='lat' dir='ltr'><strong>alia,</strong></span> <span class='ocrx_word' id='word_1_868' title='bbox 1282 2784 1331 2811; x_wconf 89' lang='lat' dir='ltr'><strong>etsi</strong></span> <span class='ocrx_word' id='word_1_869' title='bbox 1344 2791 1445 2818; x_wconf 85' lang='lat' dir='ltr'><strong>semper</strong></span> <span class='ocrx_word' id='word_1_870' title='bbox 1458 2783 1515 2817; x_wconf 85' lang='lat' dir='ltr'><strong>ipsa</strong></span> <span class='ocrx_word' id='word_1_871' title='bbox 1528 2783 1632 2818; x_wconf 87' lang='lat' dir='ltr'><strong>quando</strong></span> <span class='ocrx_word' id='word_1_872' title='bbox 1644 2782 1716 2813; x_wconf 85' lang='lat' dir='ltr'><strong>alia;</strong></span> 
     </span>
    </p>
   </div>
   <div class='ocr_carea' id='block_1_118' title="bbox 934 2828 1716 2866">
    <p class='ocr_par' dir='ltr' id='par_1_118' title="bbox 934 2828 1716 2866">
     <span class='ocr_line' id='line_1_118' title="bbox 934 2828 1716 2866; baseline -0.004 -8"><span class='ocrx_word' id='word_1_873' title='bbox 934 2832 1010 2859; x_wconf 78' lang='lat' dir='ltr'><strong>toties</strong></span> <span class='ocrx_word' id='word_1_874' title='bbox 1025 2831 1133 2866; x_wconf 81' lang='lat' dir='ltr'><strong>denique</strong></span> <span class='ocrx_word' id='word_1_875' title='bbox 1149 2831 1278 2858; x_wconf 86' lang='lat' dir='ltr'><strong>mutanda</strong></span> <span class='ocrx_word' id='word_1_876' title='bbox 1294 2830 1396 2865; x_wconf 84' lang='lat' dir='ltr'><strong>quoties</strong></span> <span class='ocrx_word' id='word_1_877' title='bbox 1412 2828 1547 2856; x_wconf 83' lang='lat' dir='ltr'><strong>movenda.</strong></span> <span class='ocrx_word' id='word_1_878' title='bbox 1569 2828 1633 2855; x_wconf 66' lang='lat' dir='ltr'><strong>\‘ide</strong></span> <span class='ocrx_word' id='word_1_879' title='bbox 1647 2835 1716 2863; x_wconf 75' lang='lat' dir='ltr'><strong>prte-</strong></span> 
     </span>
    </p>
   </div>
   <div class='ocr_carea' id='block_1_119' title="bbox 932 2872 1716 2917">
    <p class='ocr_par' dir='ltr' id='par_1_119' title="bbox 932 2872 1716 2917">
     <span class='ocr_line' id='line_1_119' title="bbox 932 2872 1716 2917; baseline -0.004 -12"><span class='ocrx_word' id='word_1_880' title='bbox 932 2881 1004 2905; x_wconf 83' lang='lat' dir='ltr'><strong>terca</strong></span> <span class='ocrx_word' id='word_1_881' title='bbox 1017 2876 1148 2917; x_wconf 83' lang='lat' dir='ltr'><strong>Joannem</strong></span> <span class='ocrx_word' id='word_1_882' title='bbox 1166 2875 1360 2908; x_wconf 85' lang='lat' dir='ltr'><strong>Passeratium,</strong></span> <span class='ocrx_word' id='word_1_883' title='bbox 1374 2879 1400 2903; x_wconf 83' lang='lat' dir='ltr'><strong>et</strong></span> <span class='ocrx_word' id='word_1_884' title='bbox 1415 2873 1538 2909; x_wconf 73' lang='lat' dir='ltr'><strong>Ulyssem</strong></span> <span class='ocrx_word' id='word_1_885' title='bbox 1565 2872 1716 2907; x_wconf 58' lang='grc' dir='ltr'><strong>ΑΙάι-ογιιιέ</strong></span> 
     </span>
    </p>
   </div>
   <div class='ocr_carea' id='block_1_120' title="bbox 1785 2904 1841 2928">
    <p class='ocr_par' dir='ltr' id='par_1_120' title="bbox 1785 2904 1841 2928">
     <span class='ocr_line' id='line_1_120' title="bbox 1785 2904 1841 2928; baseline 0 0"><span class='ocrx_word' id='word_1_886' title='bbox 1785 2904 1841 2928; x_wconf 37' lang='grc' dir='ltr'><strong>ξῖῇᾦή</strong></span> 
     </span>
    </p>
   </div>
  </div>
