3924 6968
477 289 586 349 895

1800 277 2048 336 LEONIS
2083 277 2356 335 ALLATll

3622 281 3731 337 896

477 409 630 464 dum.
680 404 924 473 Scaliger
976 399 1204 455 exercit.
1255 397 1381 461 258.
1425 395 1479 450 in
1530 393 1860 459 Cardanum,
1904 392 2049 466 quod
2080 397 2128 455 Α
2154 394 2448 464 ἀπόφασιν.
2476 392 2740 450 Referunt
2759 402 2939 451 tamen
2967 395 3187 468 quidam
3211 395 3266 450 in
3289 395 3550 452 interiore
3573 395 3731 451 India

478 515 588 554 non
631 496 946 564 infrequens
975 500 1061 546 est
1096 489 1237 560 apud
1286 488 1606 558 scriptores,
1645 501 1908 559 pavonem
1945 485 2052 539 sci-

477 593 625 656 licet,
663 585 977 656 conspectis
1017 583 1284 655 pedibus,
1331 581 1477 652 quod
1524 588 1711 651 turpes
1751 580 1860 634 sint
1903 578 2052 634 voci-

477 681 663 747 ferari,
713 678 1055 734 anicularum
1108 675 1347 731 fabulam
1395 681 1571 730 vocat.
1621 672 1756 728 Vide
1790 671 2051 742 Pierium,

476 775 572 828 lib.
610 787 760 826 xxiv.

547 865 703 928 κήδη
739 864 834 918 lin.
861 862 949 918 35.
987 862 1041 914 Ὁ
1072 859 1140 914 δὲ
1163 859 1362 930 φοῖνιξ
1383 857 1632 929 μέγεθος
1657 857 1793 928 μέν.
1816 855 2048 924 Plinius,

474 958 571 1013 lib.
602 974 658 1023 ι,
687 973 807 1028 cap.
849 958 884 1011 2
914 975 926 1010 :
964 956 1170 1025 Aquila:
1201 965 1455 1008 narratur
1501 951 1881 1024 magnitudine,
1929 950 2049 1004 auri

473 1050 678 1122 fulgore
705 1052 846 1104 circa
881 1052 1042 1109 colla.
1081 1061 1274 1103 caetera
1303 1063 1616 1116 purpureus.
1653 1051 1931 1101 cazrulcam
1960 1061 2049 1098 ro-

471 1143 574 1197 seis
619 1141 847 1197 caudam
875 1142 1056 1210 pennis
1093 1139 1557 1210 distinguentibus.
1609 1140 1786 1194 cristis
1831 1139 2044 1207 faciem.

469 1245 731 1305 caputque
749 1236 958 1304 plumeo
987 1234 1131 1301 apice
1158 1233 1547 1287 colionestante.
1570 1232 1811 1287 Achilles
1832 1229 2046 1297 Tatius,

472 1327 568 1382 lib.
606 1342 664 1381 ιιι
684 1325 892 1391 ιΦοῐνιξ
919 1325 1016 1397 μὲν
1048 1327 1076 1377 6
1102 1324 1250 1394 ὅρνις
1273 1323 1463 1394 ὄνομα⁶
1491 1323 1552 1376 τὸ
1575 1322 1630 1376 δὲ
1654 1322 1809 1392 γένος
1831 1320 2044 1391 Αἰθίοψ,

474 1417 702 1488 μέγεθος
722 1421 863 1473 κατὰ
894 1417 1095 1470 ταῶνα·
1127 1417 1225 1488 τὴν
1250 1415 1437 1487 χροιὰν
1467 1413 1610 1478 ταὼς
1639 1415 1696 1467 ὲν
1719 1413 1904 1467 κάλλει
1929 1413 2050 1466 δεύ-

469 1526 646 1582 τερος.
683 1511 1025 1582 Κεκὲρασται
1073 1507 1172 1579 μὲν
1217 1506 1391 1577 πτερὰ
1427 1505 1611 1578 χρυσῷ
1643 1506 1738 1560 καὶ
1769 1507 2046 1578 πορφύρᾳ,

471 1602 628 1672 αὐχεῖ
652 1602 707 1655 δὲ
729 1601 819 1654 τὸν
844 1602 993 1672 ἥλιον
1016 1602 1304 1672 δεσπότην,
1335 1602 1429 1655 καὶ¹
1455 1603 1489 1672 ἡ
1519 1599 1729 1670 κεφαλὴ
1761 1602 2046 1672 μαρτυρεῖο
2068 1649 2069 1652 η

469 1697 810 1765 ἐστεφάνωσε
836 1696 944 1765 γὰρ
971 1695 1139 1767 αὐτὴν
1163 1695 1362 1759 κύκλος
1385 1695 1610 1766 εὐφυὴς,
1637 1695 1790 1766 ἡλίου
1819 1695 1874 1748 δέ
1902 1696 2048 1748 ἐστιν

2153 500 2304 540 avem
2325 500 2449 541 esse
2469 487 2687 540 nomine
2709 487 3041 550 semendam.
3060 503 3180 557 quae
3196 496 3433 543 rostrum
3452 489 3622 543 habet
3641 490 3736 542 tri-

2151 577 2276 648 plici
2298 577 2512 642 ordine,
2539 586 2702 649 atque
2724 586 2781 632 ut
2815 580 2868 633 in
2890 579 3197 652 ellychiniis
3221 582 3586 652 undequaque
3613 597 3736 652 per-

2151 669 2410 736 foratum,
2429 685 2550 740 quae
2571 671 2836 726 moritura
2857 671 3017 727 dulce
3038 683 3199 727 canat
3223 687 3523 749 cygnorum
3554 689 3732 726 more.

2150 760 2279 817 Inde
2319 764 2565 819 collectis
2591 765 2883 820 sarmentis
2913 776 3060 820 motu
3104 766 3310 819 alarum
3343 766 3615 819 accendat
3641 781 3734 828 ea.

2152 865 2472 928 uraturque,
2513 873 2578 912 ex
2621 859 2780 928 cujus
2821 858 3007 914 cinere
3033 858 3252 922 \ermis.
3293 867 3405 912 tum
3437 873 3504 912 ex
3547 872 3742 912 verme

2151 953 2266 1005 avis
2305 949 2485 1006 denuo
2520 959 2859 1007 renascatur.
2893 951 3158 1022 Scaliger,
3182 952 3577 1006 exercitatione
3599 965 3739 1004 con-

2150 1051 2235 1095 tra
2261 1040 2572 1098 Cardanum
2611 1044 2716 1098 253
2745 1062 2758 1098 :
2792 1045 3109 1108 Phoenicem,
3141 1044 3336 1114 inquit.
3368 1061 3472 1097 non
3502 1060 3618 1098 esse
3645 1060 3744 1112 pe—

2149 1135 2291 1188 nitus
2331 1135 2630 1204 fabulosam
2659 1136 2878 1208 legimus
2910 1137 2963 1190 in
2994 1135 3397 1192 Commentariis
3433 1137 3743 1205 navigatio-

2151 1241 2275 1279 num
2313 1226 2366 1278 in
2414 1226 2808 1280 mediterraneis
2856 1226 3031 1282 India:
3072 1227 3306 1296 reperiri.
3340 1226 3604 1281 Semenda
3651 1243 3746 1278 vo-

2150 1329 2304 1394 catur
2331 1318 2396 1374 ab
2419 1320 2627 1376 incolis.
2669 1320 2933 1375 Cazterum
2958 1321 3113 1390 hujus
3138 1320 3375 1375 historice
3405 1319 3564 1390 ﬁdem
3595 1319 3745 1373 levat

2151 1410 2393 1466 additum
2422 1411 2773 1469 mendacium.
2802 1412 2966 1466 Aiunt
2989 1414 3125 1466 enim
3155 1413 3203 1466 ei
3246 1421 3478 1465 rostrum
3512 1411 3750 1479 tri/istu-

2151 1505 2282 1574 lare,
2330 1515 2390 1564 ut
2425 1507 2683 1561 musicum
2731 1505 2853 1560 edat
2907 1522 3116 1560 sonum.
3161 1502 3328 1574 Cujus
3370 1505 3439 1558 ad
3468 1503 3747 1557 imitatio-

2151 1616 2266 1654 nem
2304 1608 2544 1669 pastores
2589 1599 2998 1654 instrumentum
3039 1597 3426 1669 composuerint
3463 1594 3612 1658 haud
3657 1595 3752 1650 in-

2151 1708 2331 1747 suave.

467 1755 618 1844 6106'
635 1789 833 1843 κύκλου
849 1755 1121 1858 ,στέφανος
1146 1755 1606 1852 εἰκῶνξκυάινεδς
1626 1755 1764 1853 ἐστι,
1794 1789 1887 1842 καί
1908 1789 2046 1841 εἰσιν
2078 1755 2124 1815 Β
2220 1782 2380 1848 lbid.,
2418 1785 2514 1840 lin.
2543 1785 2608 1840 «Η
2642 1803 2656 1840 :
2699 1785 2790 1852 Ὡς
2817 1783 3137 1854 ἱστορῆσαι
3169 1783 3270 1838 καὶ
3302 1782 3555 1848 ἄλλους.
3599 1779 3749 1834 Car-

467 1874 627 1934 αὗται
678 1881 892 1952 πτερῶν
942 1880 1218 1934 ἁνατολαί.
1271 1879 1598 1952 Μερίζονται
1648 1880 1706 1934 δὲ
1750 1879 1915 1933 αὑτοῦ
1952 1881 2048 1934 Al-

467 1973 654 2037 θίοπες
703 1975 800 2044 μὲν
847 1975 946 2045 τὴν
995 1973 1160 2044 ζωὴν,
1204 1974 1492 2042 Αἰγύπτιοι
1539 1973 1595 2027 δὲ
1639 1974 1736 2046 τὴν
1767 1973 2044 2046 τελευτὴν.

465 2065 780 2121 Ριιωιιὶοοηι
804 2067 1054 2136 deposito
1087 2067 1242 2121 senio
1264 2065 1595 2136 repullulare
1629 2081 1692 2120 ac
1721 2066 2048 2121 reviviscere

467 2168 628 2214 vetus
669 2158 860 2214 eadem
906 2166 960 2214 et
1006 2175 1168 2224 nova,
1205 2159 1431 2213 tradunt
1484 2157 1755 2214 Aristides
1797 2159 2046 2216 oratione

464 2254 534 2307 de
565 2250 798 2323 Smyrna
829 2251 1191 2316 reaediﬁcata;
1227 2250 1588 2312 Claudianus.
1620 2258 1812 2306 auctor
1839 2251 2046 2306 carmi-

464 2345 552 2399 nis
589 2343 657 2399 de
691 2344 944 2414 phoenice
987 2342 1133 2414 apud
1162 2341 1509 2398 Lactantium
1535 2360 1551 2409 ;
1580 2341 1820 2398 Joannes
1851 2341 2047 2414 Xipbi-

464 2437 634 2501 linus,
662 2437 718 2490 in
748 2435 997 2501 Tiberio;
1029 2435 1360 2500 Herodotus,
1395 2436 1490 2490 lib.
1525 2450 1604 2502 ll;
1641 2433 1844 2504 Horus,
1875 2435 1969 2490 lib.
2003 2451 2042 2502 ι,

463 2544 585 2598 cap.
620 2528 729 2594 55;
764 2525 1006 2591 Solinus,
1045 2542 1167 2596 cap.
1203 2527 1305 2594 55;
1348 2526 1685 2596 Pomponius
1730 2526 1892 2592 Mela,
1944 2527 2039 2582 lib.

463 2637 550 2686 ιιι,
587 2636 708 2690 cap.
746 2620 812 2688 9;
847 2622 1099 2676 Clemens
1148 2618 1428 2676 Romanus
1480 2621 1574 2674 lib.
1611 2636 1644 2674 ν
1687 2619 2042 2674 Constitutio-

461 2727 610 2777 num,
647 2726 770 2780 cap.
801 2710 856 2775 6.
891 2727 1051 2780 quem
1088 2711 1275 2765 laudat
1312 2710 1549 2782 Cyrillus
1589 2708 2040 2782 Hierosolymita-
2113 2745 2126 2758 .

462 2818 589 2866 nus,
633 2801 904 2858 Catcchcs.
944 2801 1032 2866 18,
1083 2801 1158 2856 De
1191 2803 1625 2870 resurrectione;
1666 2801 2040 2858 Tertullianus

460 2895 556 2949 lib.
585 2892 660 2948 De
688 2903 994 2957 resurrect.,
1025 2908 1147 2964 cap.
1186 2895 1287 2961 l5;
1347 2895 1690 2958 Ambrosius.
1736 2896 1830 2950 lib.
1866 2911 1943 2959 Vl,
1982 2896 2039 2950 in

462 2985 720 3054 Ilexaem,
749 3001 868 3056 cap.
899 2985 991 3052 25,
1017 2992 1070 3040 et
1099 2985 1192 3040 lib.
1231 2984 1309 3040 De
1337 2985 1442 3057 ﬁde
1473 2988 1912 3054 resurrectionis;
1937 2987 2041 3042 Na-

463 3081 757 3135 zianzenus
781 3078 994 3145 ,Carm.
1023 3078 1092 3132 ad
1123 3079 1390 3149 virgines;
1426 3079 1787 3150 Epiphanius,
1827 3081 1884 3138 in
1925 3084 2036 3136 An-
2064 3117 2110 3178 c

461 3180 676 3232 curato;
721 3169 1030 3241 Cyprianus
1083 3177 1140 3224 et
1196 3169 1451 3235 Ruﬁnus,
1487 3171 1541 3224 in
1583 3168 1864 3240 Symbolo.
1903 3171 2036 3242 Ejus

460 3261 708 3316 meminit
738 3258 1006 3314 Eusebius
1035 3257 1410 3320 Caesariensis.
1436 3259 1529 3314 lib.
1565 3275 1618 3314 tv
1654 3261 1732 3316 De
1769 3263 1861 3317 vit.
1893 3261 2038 3318 Com

459 3365 624 3410 stant.
656 3354 731 3410 De
775 3355 1002 3410 historia
1044 3355 1207 3425 hujus
1245 3355 1363 3410 avis
1400 3355 1612 3408 haesitat
1639 3353 2034 3420 Nazianzenus,

459 3456 513 3502 et
546 3451 598 3501 in
640 3448 867 3502 dubium
900 3456 1080 3513 vorat,
1112 3449 1260 3503 hom.
1295 3448 1363 3504 de
1396 3448 1603 3518 Spiritu
1629 3457 1818 3504 sancto
1846 3469 1858 3504 :
1887 3451 1949 3503 Et
1979 3450 2037 3504 δέ

456 3557 535 3610 τῳ
579 3539 767 3603 πιστὸς
812 3542 841 3593 6
879 3540 1055 3610 λόγος,
1096 3543 1191 3594 καὶ
1240 3540 1396 3604 ἄλλος
1447 3540 1564 3593 ἐστὶ
1607 3539 1807 3612 τρόπος
1847 3543 2035 3612 γεννή-

459 3647 616 3694 σεως,
649 3631 782 3684 αὐτό
811 3647 863 3683 τι
909 3632 1000 3701 ὑφ’
1045 3631 1240 3686 ἑαυτοῦ
1289 3630 1698 3702 δαπανώμενον,
1733 3632 1828 3684 κα)⁵
1855 3632 2036 3685 τικτό-

461 3737 639 3792 μενον.
689 3719 755 3773 Ει
788 3718 1022 3784 Plinius.
1050 3722 1140 3776 lib.
1175 3739 1234 3787 ι,
1269 3737 1390 3792 cap.
1423 3722 1459 3775 2
1502 3741 1515 3777 :
1556 3721 1852 3791 Aithiopes,
1882 3736 2035 3794 atque

460 3809 584 3865 Indi
617 3810 902 3866 discolores
923 3813 1153 3867 maxime
1189 3825 1235 3868 et
1274 3813 1652 3868 inenarrabiles
1683 3815 1857 3884 ferunt
1892 3833 2032 3881 aves,

455 3913 509 3959 et
561 3912 682 3958 ante
735 3920 911 3958 omnes
973 3904 1200 3960 nobilem
1254 3907 1454 3960 Arabia
1509 3906 1848 3963 Phoenicem:
1891 3909 2033 3964 haud

457 3996 567 4051 scio
621 4013 691 4050 an
731 3995 992 4065 fabulose,
1043 4013 1205 4051 unum
1257 3998 1310 4052 in
1363 4008 1470 4052 toto
1524 3998 1666 4064 orbe.
1715 4017 1806 4054 nec
1865 4003 2034 4054 visum

456 4104 789 4160 magnopere.
831 4088 1197 4162 Hieronymus
1225 4091 1531 4156 Cardanus.
1569 4093 1662 4146 lib.
1700 4109 1754 4160 ι,
1791 4092 1868 4148 De
1905 4094 2034 4148 sub-

459 4182 652 4237 tilitate
687 4199 706 4239 :
743 4183 1058 4238 thnicem
1090 4184 1458 4255 pmdicarunt
1503 4186 1679 4250 multi,
1716 4203 1890 4252 avem,
1950 4187 2034 4240 in-

458 4275 598 4345 quit,
633 4274 827 4330 fabula:
855 4291 1017 4345 quam
1050 4275 1261 4330 veritati
1296 4276 1603 4346 propiorem
1631 4293 1646 4342 ;
1682 4285 1736 4331 et
1765 4275 2032 4332 Maximus

458 4367 682 4439 Martyr,
718 4367 755 4422 l.
793 4366 860 4421 ad
903 4366 1124 4422 Petrum
1167 4368 1434 4424 illustrem
1473 4379 1668 4422 contra
1709 4368 1896 4424 Severi
1934 4369 2030 4424 do-

2148 1874 2296 1930 mina
2336 1883 2462 1931 sunt
2501 1875 2802 1932 Ezechielis
2843 1875 3229 1947 tragoediarum
3264 1871 3580 1942 scriptoris,
3613 1885 3746 1940 quae

2146 1969 2276 2025 item
2308 1969 2578 2026 Eusebius
2635 1969 2729 2024 lib.
2787 1985 2844 2024 ix
2888 1969 2964 2023 De
3006 1967 3396 2039 prwparatione
3429 1963 3746 2034 evangelica

2147 2065 2352 2121 retulit.
2380 2063 2474 2120 Sic
2497 2065 2696 2120 debent
2712 2063 2975 2135 distingui
2999 2107 3012 2119 .

2219 2181 2462 2248 Ἕτερον
2491 2179 2560 2234 δὲ
2598 2179 2749 2248 πρὸς
2781 2177 2969 2233 τοῖσδ’
2998 2177 3238 2248 ιι-ῑδομεκ⁸
3265 2175 3410 2236 ζῶον
3436 2172 3650 2240 ξένον,

2217 2247 2596 2320 Θαυμαστὸν,
2625 2247 2754 2320 οἷον
2781 2249 3014 2320 οὐδέπω
3039 2247 3230 2317 ὥρακέ
3243 2264 3366 2320 ψτις.

2215 2315 2480 2376 Atra-1051'
2505 2322 2615 2390 γὰρ
2645 2319 2723 2392 ἦν
2757 2320 2823 2373 τὸ
2849 2319 3044 2392 μῆκος
3072 2315 3270 2392 atterat")
3303 2315 3552 2386 σχεδὸν,

2215 2392 2486 2460 Πτεροῖσι
2513 2389 2906 2452 namNam-vr,
2943 2389 3051 2458 ἠδὲ
3083 2389 3410 2458 χρώμασιν.

2218 2463 2445 2530 Στῆθος
2471 2463 2587 2532 μὲν
2623 2461 2808 2516 αὑτοῦ
2840 2461 3188 2530 πορφιιροῦν
3213 2460 3516 2532 ἐφαίνετο·

2215 2529 2411 2601 Σκέλη
2443 2529 2511 2587 δὲ
2537 2536 2933 2604 μιλτόχρωτα,
2969 2533 3064 2584 καὶ
3097 2531 3234 2604 κατ’,
3248 2529 3486 2604 αὐχένα

2212 2599 2607 2673 Κροκωτίνόις
2634 2599 2962 2673 μαλλοῖσιν
2994 2599 3381 2669 εὐτρεπίζετο⁸

2213 2672 2378 2744 Κάρα
2402 2675 2470 2728 δὲ
2505 2672 2708 2742 κοίτὴς
2747 2672 2986 2744 ἡμέροις
3016 2673 3388 2744 παρεμφερὲς

2213 2728 2326 2800 Κὰῖ
2351 2747 2579 2815 μηλίνῃ
2604 2728 2720 2815 gis}
2748 2728 2822 2812 £27
2855 2728 3002 2811 ἷιόρῂ
3027 2728 3409 2815 ίπροᾶἐϐλεσέε

2211 2814 2447 2881 Κύκλῳ,
2481 2814 2627 2884 κόρῃ
2657 2815 2725 2868 δὲ
2758 2816 2975 2884 κόκκος
3003 2814 3083 2880 ὡς
3106 2815 3402 2884 ἐφαίνετο.

2213 2887 2426 2954 Φωνὴν
2455 2886 2524 2940 δὲ
2549 2881 2795 2940 lady-nor
2821 2881 2984 2954 εἶχεν
3010 2881 3522 2952 ἐκπρεπεστάτην.

2211 2956 2512 3022 Βασιλεὺς
2542 2956 2610 3009 δὲ
2644 2955 2888 3009 πάντων
2910 2954 3131 3025 (τριὴέων
3152 2956 3450 3025 ἐμαίνετο,

2223 3027 2317 3093 Ὠς
2350 3025 2428 3098 ἦν
2453 3022 3065 3098 νοῆσαιηΠά-νταςγὰρ
3087 3022 3370 3098 ,τὰςπτήνθ
3397 3022 3551 3093 ἐμοῦ

2216 3095 2496 3153 Ὄπιάθεν
2534 3097 2721 3150 αὑτοῦ
2751 3095 3038 3150 cautiore
3073 3095 3399 3157 ἐπέσσυτο,

2209 3169 2402 3251 ᾼρξὸς
2438 3167 2508 3220 δὲ
2541 3169 2786 3251 πρόσςὶε,
2811 3167 3039 3251 ξξιῖφος
3068 3168 3146 3231 ὡς
3172 3168 3600 3251 Ίῃιιρούμξτός,

2214 3241 2447 3293 Ἕϐαινε
2473 3236 2764 3308 κραιπνὸν
2790 3237 2961 3308 ,βῆμα
2988 3235 3304 3303 ,ϐαστάζων
3335 3235 3543 3302 ποδός.

2207 3349 2368 3417 lbid.,
2399 3350 2496 3404 lin.
2541 3349 2630 3405 58.
2676 3349 2856 3404 Τοῦτό
2893 3365 3042 3420 φασι
3087 3350 3434 3421 μονογενές.
3485 3351 3734 3408 Michael

2137 3442 2354 3515 Glycas,
2391 3442 2487 3496 lib.
2517 3458 2531 3496 I
2571 3443 2768 3496 Annal.
2791 3442 2884 3496 :'O
2915 3443 3090 3512 φοῖνιξ
3125 3446 3154 3497 6
3199 3443 3486 3515 Ἀραὸικδς
3513 3445 3729 3516 ὀρνέων

2135 3536 2351 3605 λέγεται
2389 3531 2530 3590 εἶναι
2577 3535 2861 3606 μονογενὲς
2907 3536 3107 3604 ἄζυγον
3148 3539 3204 3590 ὲν
3253 3539 3317 3608 τῇ
3359 3537 3723 3609 δημιουργίας

2135 3629 2278 3683 κατὰ
2319 3629 2414 3702 ῑτη
2471 3635 2522 3698 φ’
2573 3627 2732 3682 τοῦτο
2757 3630 2975 3700 πάσχει·
3018 3630 3046 3683 ὃ
3080 3631 3174 3684 καὶ
3222 3630 3452 3702 φαιδρὰν
3479 3635 3727 3703 παριστᾷ

2134 3722 2232 3794 τὴν
2257 3723 2571 3777 ἀνάστασιν.
2607 3721 2672 3776 Et
2699 3723 2801 3777 hoc
2828 3721 2928 3776 fuit
2965 3724 3296 3793 praecipuum
3334 3733 3726 3794 argumentum

2135 3815 2353 3870 Maximi
2400 3818 2674 3886 martyris.
2702 3815 2919 3870 Animal
2949 3831 3080 3886 ergo
3108 3831 3216 3871 non
3244 3818 3559 3888 singulare;
3601 3819 3724 3872 ani-

2135 3917 2339 3962 matum
2363 3909 2514 3978 quid,
2531 3917 2586 3964 et
2607 3923 2770 3964 sensu
2792 3908 3101 3979 praeditum,
3122 3923 3253 3980 ergo
3272 3924 3383 3964 non
3410 3910 3719 3981 singulare.

2133 4015 2258 4055 cum
2294 4001 2502 4056 nullum
2549 4001 2754 4056 animal
2793 4001 2994 4064 solum,
3041 4001 3246 4056 nullum
3279 4003 3607 4068 animatum,
3655 4018 3726 4060 se

2133 4107 2297 4148 sensu
2328 4091 2648 4163 praeditum,
2700 4092 2830 4147 dum
2870 4092 3230 4162 generationi,
3281 4100 3335 4147 et
3369 4095 3720 4164 corruptioni

2132 4187 2428 4244 obnoxium
2457 4195 2563 4251 est,
2597 4187 2776 4242 solum
2819 4202 2942 4242 esse
2985 4189 3175 4257 possit.

2202 4279 2322 4334 Col.
2353 4279 2476 4343 732,
2507 4279 2603 4336 lin.
2634 4281 2659 4333 1
2703 4299 2716 4335 :
2750 4279 2861 4335 Kal
2897 4280 3001 4348 ἐτη
3035 4279 3575 4350 ζῇνπεντακόσια.
3604 4281 3718 4338 Nec

2132 4371 2186 4426 in
2213 4373 2535 4443 explicando
2576 4372 2848 4444 pbmnicis
2878 4375 3002 4429 vitae
3033 4374 3258 4444 periodo
3286 4384 3543 4431 auctores
3583 4393 3718 4432 con-

459 4471 639 4531 gmata
664 4478 676 4514 :
703 4461 764 4512 Εἰ
796 4459 903 4530 γάρ
945 4461 1092 4512 ἐστιν
1132 4459 1280 4531 ὅρνις
1310 4462 1338 4514 ὁ
1367 4461 1561 4530 φοῖνιξ,
1599 4461 1693 4515 καὶ
1727 4461 1864 4525 ζῶον
1895 4463 2030 4516 πάν-

2144 4467 2381 4522 veniunt.
2413 4465 2623 4521 Plinius
2653 4475 2943 4522 sexcentos
2991 4469 3276 4537 sexaginta
3323 4482 3499 4522 annos
3533 4470 3718 4524 vivere

455 4570 565 4613 τως
597 4551 763 4605 ἐστίν.
801 4553 863 4605 Ei
903 4551 959 4605 δὲ
988 4551 1146 4616 ζῶον,
1177 4552 1392 4622 πρῶτον
1426 4553 1520 4624 μὲν
1551 4553 1611 4607 οὐ
1647 4554 1822 4625 πάντη
1863 4571 2028 4625 μονα-

455 4646 623 4709 δικδν,
648 4644 782 4699 καθὸ
808 4645 965 4712 ζῶον,
989 4645 1050 4698 οὐ
1077 4645 1184 4716 γὰρ
1211 4646 1368 4716 μόνον
1396 4643 1552 4711 ζῶον*
1575 4644 1766 4699 ἔπειτα
1792 4647 1848 4698 δὲ
1873 4647 2030 4718 εἴπερ

457 4737 615 4801 ζῶον,
663 4738 758 4790 καὶ
803 4737 961 4807 σῶμα
1003 4735 1244 4806 ἔμψυχον
1287 4736 1621 4807 αἰσθητικόν.
1668 4738 1733 4791 Et
1781 4737 1837 4790 δὲ
1871 4737 2033 4807 σῶμα

455 4831 698 4903 ἔμψυχον
737 4831 1052 4902 αἰσθητικόν
1087 4835 1233 4885 ἐστιν
1261 4833 1288 4884 6
1323 4831 1513 4901 φοῖνιξ,
1553 4833 1645 4886 καὶ
1683 4833 1788 4886 ὑπὸ
1817 4833 2030 4903 γένεσίν

455 4927 572 4978 ἐστι
607 4924 848 4996 δηλονότι
877 4925 969 4978 καὶ
1006 4925 1231 4998 φθοράν·
1266 4926 1463 4990 αὐτοὺς
1504 4929 1866 4999 ὲρωτήσωμεν
1903 4929 2030 4992 τοὺς

457 5018 654 5085 σοφοὺς
691 5016 800 5069 τῶν
836 5017 1004 5070 ὅντων
1043 5017 1333 5088 θεάμονας,
1369 5017 1416 5071 εἰ
1445 5017 1666 5072 δυνατόν
1703 5018 1818 5072 ἐστί
1856 5019 2029 5072 τιτῶν

455 5109 560 5160 ὑπὸ
581 5108 790 5176 γένεσιν
813 5109 905 5161 καὶ
931 5108 1135 5179 φθορὰν
1165 5109 1424 5182 ἐμψύχων
1449 5111 1542 5164 καὶ
1567 5110 1896 5182 αἰσθητικῶν
1921 5129 2028 5164 σω-

458 5201 664 5272 μάτων,
697 5203 988 5274 μοναδικῆς
1021 5203 1287 5275 ὑπάρχειν
1319 5203 1439 5256 καο’
1465 5204 1760 5258 ὑπόστασιν
1790 5204 2026 5275 φύσεως,

455 5289 530 5347 ὧν
561 5297 594 5363 ἡ
626 5294 682 5361 ἐξ
716 5294 960 5366 ἀλλήλων
1002 5297 1122 5350 κατ’
1157 5292 1297 5361 εἶδος
1337 5296 1552 5369 διαδοχὴ
1584 5297 1832 5369 ἀρίδηλος
1866 5315 2030 5370 χαρα-

454 5386 592 5456 κτὴρ
622 5386 720 5440 τοῦ
739 5382 877 5440 εἶναι
901 5387 994 5441 καὶ
1019 5389 1142 5460 ὄρος
1157 5388 1293 5453 ἐστὶ,
1313 5387 1561 5460 καθάπερ
1586 5388 1727 5458 καὶὴ
1746 5388 1862 5442 θεία
1887 5405 2026 5460 μαρ-

453 5480 608 5546 τυρεῖ
636 5479 826 5551 Γραφὴ
843 5479 901 5532 τὸ
920 5479 1137 5550 βέϐαιον
1153 5479 1218 5532 δι’
1250 5480 1446 5550 ἑαυτῆς
1475 5478 1566 5531 τοῦ
1598 5478 1757 5548 λόγου
1789 5496 2025 5551 παρεχο-

458 5564 592 5635 μένη
618 5565 697 5636 τῷ
723 5567 912 5637 δικαίῳ
936 5568 1079 5631 Νῶε,
1101 5569 1356 5622 Εἷσενιθε
1388 5568 1468 5622 σὺ
1497 5568 1594 5621 καὶ
1624 5566 1762 5634 πᾶς,
1790 5577 1921 5630 etc.,
1944 5565 2026 5634 οἷς

455 5655 612 5726 εἰπερ
630 5655 706 5718 ὡς
724 5659 922 5728 πτηνὸν
942 5659 1077 5721 ζῶον
1103 5661 1131 5712 6
1157 5659 1331 5727 φοῖνιξ
1348 5662 1495 5712 ἐστιν
1511 5659 1846 5731 ἐναρίθμιος,
1867 5676 2026 5732 μονα-

463 5747 605 5823 ,ὶικῆς
636 5746 758 5802 καθ’
792 5749 1083 5807 ὑπόστασιν
1111 5749 1325 5820 φύσεως
1355 5752 1454 5806 οὐκ
1471 5751 1583 5806 ἔστι
1602 5752 1741 5808 κατὰ
1759 5751 1856 5825 τὴν
1873 5753 2022 5809 θείαν

2135 4559 2228 4625 ait,
2295 4557 2516 4614 Solinus
2565 4559 2892 4630 quingentos
2959 4559 3354 4629 quadraginta,
3404 4558 3716 4617 Philostra-

2133 4663 2222 4708 tus
2262 4658 2572 4714 sexcentos,
2616 4649 2868 4712 Nonnus.
2913 4649 3222 4721 Dionysiae.
3264 4651 3358 4705 lib.
3408 4667 3498 4715 ιι,
3542 4652 3716 4718 mille.

2133 4743 2380 4815 quidam.
2442 4742 2717 4798 referente
2791 4742 3004 4804 Tacito.
3072 4743 3222 4798 mille
3277 4743 3718 4815 quadringentos

2132 4838 2420 4908 sexaginta
2454 4853 2649 4900 unum,
2687 4835 2926 4891 Joannes
2956 4835 3185 4892 Tzetzes
3234 4853 3296 4890 ex
3347 4836 3714 4894 Chaeremone

2130 4929 2388 5001 Egyptio
2413 4944 2695 4985 sacrarum
2735 4929 3036 4984 litterarum
3067 4927 3270 4993 scriba,
3300 4944 3397 4984 sex
3418 4938 3472 4984 et
3501 4937 3712 5000 septem

2131 5023 2370 5078 millibus
2423 5022 2582 5078 annis
2635 5022 2818 5076 vivere
2850 5021 3003 5076 illum
3063 5028 3380 5077 constanter
3431 5019 3716 5086 affirmat;

2128 5112 2326 5169 Noster
2384 5112 2742 5175 Eustathius.
2797 5111 3128 5177 Herodotus,
3191 5112 3440 5176 Tacitus.
3506 5112 3708 5179 llorns,

2127 5203 2383 5258 Aurelius
2442 5201 2649 5266 Victor,
2707 5200 2904 5274 Clycas
2956 5209 3011 5257 ct
3073 5202 3166 5256 alii
3221 5203 3561 5274 quingentis.
3622 5202 3710 5257 Sic

2127 5296 2289 5352 etiam
2326 5294 2659 5366 Epiphanius
2687 5295 2742 5350 in
2777 5295 3114 5366 Physiologo.
3146 5309 3268 5365 cap.
3296 5295 3384 5350 Η.

2197 5386 2354 5454 lbid.,
2384 5388 2481 5442 lin.
2515 5387 2572 5442 2.
2608 5389 2716 5443 Kal
2749 5389 2819 5442 ἐν
2844 5387 3026 5457 καιρῷ
3052 5388 3156 5442 τοῦ
3174 5388 3449 5459 μέλλειν.
3481 5386 3709 5441 Michael

2126 5479 2343 5553 Glycas.
2378 5481 2574 5536 Annal.
2607 5489 2741 5536 tom.
2783 5479 2804 5534 Ι
2837 5482 3036 5535 εΑὑτοὶ
3079 5481 3190 5552 γὰρ
3228 5481 3323 5534 καὶ
3361 5482 3414 5534 οἱ
3449 5481 3714 5550 Ἕλληνες

2127 5571 2256 5644 περὶ
2282 5570 2446 5624 αὐτοῦ
2476 5571 2810 5643 διηγοῦνται,
2851 5573 2932 5625 ὅτι
2969 5574 3234 5644 προγνοὺς
3261 5571 3323 5624 τὺ
3356 5571 3512 5634 τέλος
3545 5570 3711 5624 αὑτοῦ

2125 5663 2343 5736 ἔρχεται
2375 5663 2503 5734 περὶ
2542 5664 2642 5735 τὴν
2689 5665 2980 5733 Αἴγυπτον,
3026 5665 3120 5718 καὶ
3156 5663 3388 5735 ἀντικρὺ
3420 5663 3516 5716 τοῦ
3559 5663 3715 5733 ἡλίου

2127 5758 2358 5824 ἵσταται,
2379 5751 2498 5813 εἶτα
2523 5755 2834 5826 τεφροῦται,
2865 5758 2959 5813 καὶ
2983 5755 3205 5812 ἀπὸτοῦ
3223 5755 3345 5828 χοὸς
3368 5757 3537 5812 αὑτοῦ
3569 5755 3718 5811 σκώψ
