  <div class='ocr_page' id='page_1' title='image "/cluster/home/n/w/nwhite01/storage/ocr_20150623/18/hvd.32044073501207/454.png"; bbox 0 0 3952 6204; ppageno 0'>
   <div class='ocr_carea' id='block_1_1' title="bbox 212 354 326 410">
    <p class='ocr_par' dir='ltr' id='par_1_1' title="bbox 212 354 326 410">
     <span class='ocr_line' id='line_1_1' title="bbox 212 354 326 410; baseline -0.026 0"><span class='ocrx_word' id='word_1_1' title='bbox 212 354 326 410; x_wconf 79' lang='lat'><strong>89&#39;!</strong></span> 
     </span>
    </p>
   </div>
   <div class='ocr_carea' id='block_1_2' title="bbox 1216 337 2470 401">
    <p class='ocr_par' dir='ltr' id='par_1_2' title="bbox 1216 337 2470 401">
     <span class='ocr_line' id='line_1_2' title="bbox 1216 337 2470 401; baseline -0.005 -2"><span class='ocrx_word' id='word_1_2' title='bbox 1216 344 1283 400; x_wconf 83' lang='lat' dir='ltr'><strong>lN</strong></span> <span class='ocrx_word' id='word_1_3' title='bbox 1312 341 1681 401; x_wconf 79' lang='lat' dir='ltr'><strong>EL&#39;STATHII</strong></span> <span class='ocrx_word' id='word_1_4' title='bbox 1719 337 2189 396; x_wconf 76' lang='lat' dir='ltr'><strong>HEXAEMERON</strong></span> <span class='ocrx_word' id='word_1_5' title='bbox 2236 337 2470 394; x_wconf 68' lang='lat' dir='ltr'><strong>NOTIE.</strong></span> 
     </span>
    </p>
   </div>
   <div class='ocr_carea' id='block_1_3' title="bbox 203 447 1789 541">
    <p class='ocr_par' dir='ltr' id='par_1_3' title="bbox 203 457 1781 541">
     <span class='ocr_line' id='line_1_3' title="bbox 203 457 1781 541; baseline -0.008 -19"><span class='ocrx_word' id='word_1_6' title='bbox 203 468 313 541; x_wconf 69' lang='grc' dir='ltr'><strong>ληξ</strong></span> <span class='ocrx_word' id='word_1_7' title='bbox 343 465 618 536; x_wconf 77' lang='grc' dir='ltr'>γεννᾶται,</span> <span class='ocrx_word' id='word_1_8' title='bbox 660 462 752 516; x_wconf 79' lang='grc' dir='ltr'><strong>καὶ</strong></span> <span class='ocrx_word' id='word_1_9' title='bbox 780 461 939 525; x_wconf 80' lang='grc' dir='ltr'>αὐτὸς</span> <span class='ocrx_word' id='word_1_10' title='bbox 970 457 1123 523; x_wconf 80' lang='grc' dir='ltr'>αὖθις</span> <span class='ocrx_word' id='word_1_11' title='bbox 1155 463 1234 524; x_wconf 84' lang='grc' dir='ltr'><strong>εἰς</strong></span> <span class='ocrx_word' id='word_1_12' title='bbox 1275 461 1472 532; x_wconf 81' lang='grc' dir='ltr'><strong>πτηνὸν</strong></span> <span class='ocrx_word' id='word_1_13' title='bbox 1514 457 1781 530; x_wconf 74' lang='grc' dir='ltr'><strong>μεταϐάλ-</strong></span> 
     </span>
    </p>
   </div>
   <div class='ocr_carea' id='block_1_4' title="bbox 1889 447 3454 541">
    <p class='ocr_par' dir='ltr' id='par_1_4' title="bbox 1889 447 3454 518">
     <span class='ocr_line' id='line_1_4' title="bbox 1889 447 3454 518; baseline -0.003 -9"><span class='ocrx_word' id='word_1_14' title='bbox 1889 453 2088 510; x_wconf 83' lang='lat' dir='ltr'><strong>Versus</strong></span> <span class='ocrx_word' id='word_1_15' title='bbox 2128 453 2314 508; x_wconf 67' lang='lat' dir='ltr'><strong>Mustei</strong></span> <span class='ocrx_word' id='word_1_16' title='bbox 2347 453 2416 507; x_wconf 91' lang='lat' dir='ltr'><strong>de</strong></span> <span class='ocrx_word' id='word_1_17' title='bbox 2450 466 2679 506; x_wconf 86' lang='lat' dir='ltr'><strong>numero</strong></span> <span class='ocrx_word' id='word_1_18' title='bbox 2701 464 2929 505; x_wconf 87' lang='lat' dir='ltr'><strong>ovorum</strong></span> <span class='ocrx_word' id='word_1_19' title='bbox 2961 447 3266 518; x_wconf 83' lang='lat' dir='ltr'><strong>aquilarum</strong></span> <span class='ocrx_word' id='word_1_20' title='bbox 3288 447 3336 502; x_wconf 94' lang='lat' dir='ltr'><strong>is</strong></span> <span class='ocrx_word' id='word_1_21' title='bbox 3369 457 3454 504; x_wconf 86' lang='lat' dir='ltr'><strong>est</strong></span> 
     </span>
    </p>
   </div>
   <div class='ocr_carea' id='block_1_5' title="bbox 206 551 1323 625">
    <p class='ocr_par' dir='ltr' id='par_1_5' title="bbox 206 551 1323 625">
     <span class='ocr_line' id='line_1_5' title="bbox 206 551 1323 625; baseline -0.005 -11"><span class='ocrx_word' id='word_1_22' title='bbox 206 561 362 614; x_wconf 80' lang='grc' dir='ltr'>λεται</span> <span class='ocrx_word' id='word_1_23' title='bbox 391 556 482 610; x_wconf 80' lang='grc' dir='ltr'><strong>τὸν</strong></span> <span class='ocrx_word' id='word_1_24' title='bbox 516 554 751 625; x_wconf 79' lang='grc' dir='ltr'>φοίνικα.</span> <span class='ocrx_word' id='word_1_25' title='bbox 789 552 1041 617; x_wconf 78' lang='lat' dir='ltr'><strong>Nonnus,</strong></span> <span class='ocrx_word' id='word_1_26' title='bbox 1072 551 1127 607; x_wconf 89' lang='lat' dir='ltr'><strong>d.</strong></span> <span class='ocrx_word' id='word_1_27' title='bbox 1162 552 1280 606; x_wconf 94' lang='lat' dir='ltr'><strong>loco</strong></span> <span class='ocrx_word' id='word_1_28' title='bbox 1308 569 1323 608; x_wconf 87' lang='lat'><strong>:</strong></span> 
     </span>
    </p>
   </div>
   <div class='ocr_carea' id='block_1_6' title="bbox 209 663 1631 738">
    <p class='ocr_par' dir='ltr' id='par_1_6' title="bbox 209 663 1631 738">
     <span class='ocr_line' id='line_1_6' title="bbox 209 663 1631 738; baseline -0.009 -8"><span class='ocrx_word' id='word_1_29' title='bbox 209 676 325 731; x_wconf 83' lang='lat' dir='ltr'><strong>Kal</strong></span> <span class='ocrx_word' id='word_1_30' title='bbox 357 674 510 738; x_wconf 78' lang='grc' dir='ltr'><strong>ξύλα</strong></span> <span class='ocrx_word' id='word_1_31' title='bbox 538 669 803 738; x_wconf 77' lang='grc' dir='ltr'><strong>κηώεντα</strong></span> <span class='ocrx_word' id='word_1_32' title='bbox 828 668 1023 738; x_wconf 73' lang='grc' dir='ltr'><strong>φέρων</strong></span> <span class='ocrx_word' id='word_1_33' title='bbox 1053 666 1403 738; x_wconf 69' lang='grc' dir='ltr'><strong>ταμψώνυχι</strong></span> <span class='ocrx_word' id='word_1_34' title='bbox 1432 663 1631 738; x_wconf 52' lang='lat' dir='ltr'><strong>caput};</strong></span> 
     </span>
    </p>
   </div>
   <div class='ocr_carea' id='block_1_7' title="bbox 209 733 1615 810">
    <p class='ocr_par' dir='ltr' id='par_1_7' title="bbox 209 733 1615 810">
     <span class='ocr_line' id='line_1_7' title="bbox 209 733 1615 810; baseline -0.009 -11"><span class='ocrx_word' id='word_1_35' title='bbox 209 733 487 810; x_wconf 70' lang='grc' dir='ltr'><strong>Χιλιέτὴς</strong></span> <span class='ocrx_word' id='word_1_36' title='bbox 515 733 706 809; x_wconf 49' lang='grc' dir='ltr'><strong>σοφὸς</strong></span> <span class='ocrx_word' id='word_1_37' title='bbox 738 733 1016 810; x_wconf 42' lang='lat' dir='ltr'><strong>(Spfw—eri</strong></span> <span class='ocrx_word' id='word_1_38' title='bbox 1049 733 1277 810; x_wconf 74' lang='grc' dir='ltr'><strong>ὲύὅδμῳ</strong></span> <span class='ocrx_word' id='word_1_39' title='bbox 1300 733 1406 790; x_wconf 79' lang='grc' dir='ltr'><strong>σέο</strong></span> <span class='ocrx_word' id='word_1_40' title='bbox 1432 733 1615 810; x_wconf 49' lang='lat' dir='ltr'><strong>sane)</strong></span> 
     </span>
    </p>
   </div>
   <div class='ocr_carea' id='block_1_8' title="bbox 208 802 1664 881">
    <p class='ocr_par' dir='ltr' id='par_1_8' title="bbox 208 802 1664 881">
     <span class='ocr_line' id='line_1_8' title="bbox 208 802 1664 881; baseline -0.008 -12"><span class='ocrx_word' id='word_1_41' title='bbox 208 814 416 876; x_wconf 75' lang='grc' dir='ltr'>Φοῖνιξ</span> <span class='ocrx_word' id='word_1_42' title='bbox 435 802 632 881; x_wconf 63' lang='grc' dir='ltr'><strong>’ὗέρμξι</strong></span> <span class='ocrx_word' id='word_1_43' title='bbox 655 802 813 875; x_wconf 73' lang='grc' dir='ltr'><strong>βίοἱο</strong></span> <span class='ocrx_word' id='word_1_44' title='bbox 841 802 1034 881; x_wconf 54' lang='grc' dir='ltr'><em>φέρων</em></span> <span class='ocrx_word' id='word_1_45' title='bbox 1062 802 1440 881; x_wconf 57' lang='lat' dir='ltr'><strong>abderetqu</strong></span> <span class='ocrx_word' id='word_1_46' title='bbox 1466 802 1664 881; x_wconf 67' lang='grc' dir='ltr'><strong>άρχὴγ</strong></span> 
     </span>
    </p>
   </div>
   <div class='ocr_carea' id='block_1_9' title="bbox 161 874 1779 947">
    <p class='ocr_par' dir='ltr' id='par_1_9' title="bbox 161 874 1779 947">
     <span class='ocr_line' id='line_1_9' title="bbox 161 874 1779 947; baseline -0.008 -8"><span class='ocrx_word' id='word_1_47' title='bbox 161 895 166 910; x_wconf 76' lang='grc'><em>³</em></span> <span class='ocrx_word' id='word_1_48' title='bbox 213 874 480 939; x_wconf 62' lang='grc' dir='ltr'><strong>Τίκτείὲαι</strong></span> <span class='ocrx_word' id='word_1_49' title='bbox 509 874 820 935; x_wconf 65' lang='grc' dir='ltr'>ῖόνοτύποιο</span> <span class='ocrx_word' id='word_1_50' title='bbox 843 874 1078 947; x_wconf 65' lang='grc' dir='ltr'><strong>’χρόνον</strong></span> <span class='ocrx_word' id='word_1_51' title='bbox 1117 876 1546 947; x_wconf 57' lang='lat' dir='ltr'><strong>audiit-(irper</strong></span> <span class='ocrx_word' id='word_1_52' title='bbox 1582 874 1779 947; x_wconf 66' lang='grc' dir='ltr'><strong>εζκὼν,</strong></span> 
     </span>
    </p>
   </div>
   <div class='ocr_carea' id='block_1_10' title="bbox 203 945 1780 1021">
    <p class='ocr_par' dir='ltr' id='par_1_10' title="bbox 203 945 1780 1021">
     <span class='ocr_line' id='line_1_10' title="bbox 203 945 1780 1021; baseline -0.008 -11"><span class='ocrx_word' id='word_1_53' title='bbox 203 958 420 1021; x_wconf 84' lang='grc' dir='ltr'><strong>Λύσας</strong></span> <span class='ocrx_word' id='word_1_54' title='bbox 437 954 487 1006; x_wconf 72' lang='grc' dir='ltr'><strong>δ’</strong></span> <span class='ocrx_word' id='word_1_55' title='bbox 508 953 577 1006; x_wconf 85' lang='grc' dir='ltr'>ἐν</span> <span class='ocrx_word' id='word_1_56' title='bbox 595 953 736 1020; x_wconf 75' lang='grc' dir='ltr'>πυρὶ</span> <span class='ocrx_word' id='word_1_57' title='bbox 759 945 965 1021; x_wconf 50' lang='lat' dir='ltr'><strong>mag,</strong></span> <span class='ocrx_word' id='word_1_58' title='bbox 985 948 1282 1017; x_wconf 82' lang='grc' dir='ltr'><strong>ἀμείϐεται</strong></span> <span class='ocrx_word' id='word_1_59' title='bbox 1304 947 1372 1000; x_wconf 83' lang='grc' dir='ltr'><strong>ἐκ</strong></span> <span class='ocrx_word' id='word_1_60' title='bbox 1401 945 1590 1015; x_wconf 84' lang='grc' dir='ltr'><em>πυρὸς</em></span> <span class='ocrx_word' id='word_1_61' title='bbox 1607 945 1780 1013; x_wconf 77' lang='grc' dir='ltr'>ἥϐην.</span> 
     </span>
    </p>
   </div>
   <div class='ocr_carea' id='block_1_11' title="bbox 209 1064 718 1120">
    <p class='ocr_par' dir='ltr' id='par_1_11' title="bbox 209 1064 718 1120">
     <span class='ocr_line' id='line_1_11' title="bbox 209 1064 718 1120; baseline -0.012 0"><span class='ocrx_word' id='word_1_62' title='bbox 209 1065 462 1120; x_wconf 85' lang='lat' dir='ltr'><strong>Alcimus</strong></span> <span class='ocrx_word' id='word_1_63' title='bbox 483 1064 676 1117; x_wconf 83' lang='lat' dir='ltr'><strong>Avitus</strong></span> <span class='ocrx_word' id='word_1_64' title='bbox 705 1079 718 1114; x_wconf 91' lang='lat'><strong>:</strong></span> 
     </span>
    </p>
   </div>
   <div class='ocr_carea' id='block_1_12' title="bbox 219 1169 1362 1250">
    <p class='ocr_par' dir='ltr' id='par_1_12' title="bbox 219 1169 1362 1250">
     <span class='ocr_line' id='line_1_12' title="bbox 219 1169 1362 1250; baseline -0.009 -15"><span class='ocrx_word' id='word_1_65' title='bbox 219 1182 322 1235; x_wconf 77' lang='lat' dir='ltr'><strong>Hic</strong></span> <span class='ocrx_word' id='word_1_66' title='bbox 349 1195 465 1250; x_wconf 72' lang='lat' dir='ltr'><strong>qua:</strong></span> <span class='ocrx_word' id='word_1_67' title='bbox 488 1177 677 1231; x_wconf 88' lang='lat' dir='ltr'><strong>donari</strong></span> <span class='ocrx_word' id='word_1_68' title='bbox 701 1174 947 1250; x_wconf 82' lang='lat' dir='ltr'><strong>mentitur</strong></span> <span class='ocrx_word' id='word_1_69' title='bbox 977 1174 1124 1243; x_wconf 79' lang='lat' dir='ltr'><strong>fama</strong></span> <span class='ocrx_word' id='word_1_70' title='bbox 1160 1169 1362 1250; x_wconf 49' lang='lat' dir='ltr'><strong>Sabinis</strong></span> 
     </span>
    </p>
   </div>
   <div class='ocr_carea' id='block_1_13' title="bbox 198 1240 1571 1322">
    <p class='ocr_par' dir='ltr' id='par_1_13' title="bbox 198 1240 1571 1322">
     <span class='ocr_line' id='line_1_13' title="bbox 198 1240 1571 1322; baseline -0.01 -15"><span class='ocrx_word' id='word_1_71' title='bbox 198 1240 493 1322; x_wconf 57' lang='lat' dir='ltr'><strong>Cynn&#39;ama</strong></span> <span class='ocrx_word' id='word_1_72' title='bbox 529 1257 838 1322; x_wconf 76' lang='lat' dir='ltr'><strong>nascuntur,</strong></span> <span class='ocrx_word' id='word_1_73' title='bbox 872 1240 1021 1322; x_wconf 56' lang='lat' dir='ltr'><strong>vivas:</strong></span> <span class='ocrx_word' id='word_1_74' title='bbox 1049 1259 1164 1314; x_wconf 74' lang='lat' dir='ltr'><strong>qua:</strong></span> <span class='ocrx_word' id='word_1_75' title='bbox 1195 1242 1395 1310; x_wconf 89' lang='lat' dir='ltr'><strong>colligit</strong></span> <span class='ocrx_word' id='word_1_76' title='bbox 1441 1240 1571 1308; x_wconf 84' lang='lat' dir='ltr'><strong>ales,</strong></span> 
     </span>
    </p>
   </div>
   <div class='ocr_carea' id='block_1_14' title="bbox 209 1315 1370 1386">
    <p class='ocr_par' dir='ltr' id='par_1_14' title="bbox 209 1315 1370 1386">
     <span class='ocr_line' id='line_1_14' title="bbox 209 1315 1370 1386; baseline -0.008 -11"><span class='ocrx_word' id='word_1_77' title='bbox 209 1315 406 1376; x_wconf 73' lang='lat' dir='ltr'><strong>Natali</strong></span> <span class='ocrx_word' id='word_1_78' title='bbox 437 1337 554 1373; x_wconf 89' lang='lat' dir='ltr'><strong>cum</strong></span> <span class='ocrx_word' id='word_1_79' title='bbox 584 1321 686 1386; x_wconf 78' lang='lat' dir='ltr'><strong>ﬁne</strong></span> <span class='ocrx_word' id='word_1_80' title='bbox 721 1318 873 1384; x_wconf 87' lang='lat' dir='ltr'><strong>perit,</strong></span> <span class='ocrx_word' id='word_1_81' title='bbox 911 1315 1132 1386; x_wconf 87' lang='lat' dir='ltr'><strong>nidoque</strong></span> <span class='ocrx_word' id='word_1_82' title='bbox 1157 1324 1370 1381; x_wconf 89' lang='lat' dir='ltr'><strong>perusto</strong></span> 
     </span>
    </p>
   </div>
   <div class='ocr_carea' id='block_1_15' title="bbox 200 1382 1509 1456">
    <p class='ocr_par' dir='ltr' id='par_1_15' title="bbox 200 1382 1509 1456">
     <span class='ocr_line' id='line_1_15' title="bbox 200 1382 1509 1456; baseline -0.011 -8"><span class='ocrx_word' id='word_1_83' title='bbox 200 1391 506 1448; x_wconf 84' lang='lat' dir='ltr'><strong>Succedens</strong></span> <span class='ocrx_word' id='word_1_84' title='bbox 546 1382 749 1442; x_wconf 79' lang='lat' dir='ltr'><strong>sibimet</strong></span> <span class='ocrx_word' id='word_1_85' title='bbox 775 1385 996 1456; x_wconf 76' lang='lat' dir='ltr'><strong>quazsita</strong></span> <span class='ocrx_word' id='word_1_86' title='bbox 1047 1382 1210 1456; x_wconf 84' lang='lat' dir='ltr'><strong>morte</strong></span> <span class='ocrx_word' id='word_1_87' title='bbox 1245 1382 1509 1456; x_wconf 78' lang='lat' dir='ltr'><strong>resurgit;</strong></span> 
     </span>
    </p>
   </div>
   <div class='ocr_carea' id='block_1_16' title="bbox 210 1451 1550 1517">
    <p class='ocr_par' dir='ltr' id='par_1_16' title="bbox 210 1451 1550 1517">
     <span class='ocr_line' id='line_1_16' title="bbox 210 1451 1550 1517; baseline -0.01 0"><span class='ocrx_word' id='word_1_88' title='bbox 210 1463 325 1517; x_wconf 76' lang='lat' dir='ltr'><strong>Nec</strong></span> <span class='ocrx_word' id='word_1_89' title='bbox 357 1469 602 1516; x_wconf 79' lang='lat' dir='ltr'><strong>contenta</strong></span> <span class='ocrx_word' id='word_1_90' title='bbox 624 1473 718 1512; x_wconf 88' lang='lat' dir='ltr'><strong>suo</strong></span> <span class='ocrx_word' id='word_1_91' title='bbox 755 1451 959 1509; x_wconf 74' lang='lat' dir='ltr'><strong>tantum</strong></span> <span class='ocrx_word' id='word_1_92' title='bbox 990 1455 1146 1509; x_wconf 80' lang='lat' dir='ltr'><strong>semel</strong></span> <span class='ocrx_word' id='word_1_93' title='bbox 1170 1453 1351 1506; x_wconf 83' lang='lat' dir='ltr'><strong>ordine</strong></span> <span class='ocrx_word' id='word_1_94' title='bbox 1381 1451 1550 1515; x_wconf 89' lang='lat' dir='ltr'><strong>nasci,</strong></span> 
     </span>
    </p>
   </div>
   <div class='ocr_carea' id='block_1_17' title="bbox 203 1525 1440 1603">
    <p class='ocr_par' dir='ltr' id='par_1_17' title="bbox 203 1525 1440 1603">
     <span class='ocr_line' id='line_1_17' title="bbox 203 1525 1440 1603; baseline -0.011 -15"><span class='ocrx_word' id='word_1_95' title='bbox 203 1533 392 1603; x_wconf 87' lang='lat' dir='ltr'><strong>Longa</strong></span> <span class='ocrx_word' id='word_1_96' title='bbox 422 1529 678 1603; x_wconf 78' lang='lat' dir='ltr'><strong>veternosi</strong></span> <span class='ocrx_word' id='word_1_97' title='bbox 713 1535 989 1581; x_wconf 83' lang='lat' dir='ltr'><strong>renovatur</strong></span> <span class='ocrx_word' id='word_1_98' title='bbox 1013 1525 1248 1603; x_wconf 67' lang='lat' dir='ltr'><strong>corporis</strong></span> <span class='ocrx_word' id='word_1_99' title='bbox 1278 1533 1440 1588; x_wconf 77' lang='lat' dir='ltr'><strong>tetas,</strong></span> 
     </span>
    </p>
   </div>
   <div class='ocr_carea' id='block_1_18' title="bbox 209 1595 1604 1672">
    <p class='ocr_par' dir='ltr' id='par_1_18' title="bbox 209 1595 1604 1672">
     <span class='ocr_line' id='line_1_18' title="bbox 209 1595 1604 1672; baseline -0.009 -13"><span class='ocrx_word' id='word_1_100' title='bbox 209 1595 593 1672; x_wconf 56' lang='lat' dir='ltr'><strong>Inse&#39;nsamque</strong></span> <span class='ocrx_word' id='word_1_101' title='bbox 633 1598 801 1654; x_wconf 88' lang='lat' dir='ltr'><strong>levant</strong></span> <span class='ocrx_word' id='word_1_102' title='bbox 837 1595 1081 1650; x_wconf 78' lang='lat' dir='ltr'><strong>incendia</strong></span> <span class='ocrx_word' id='word_1_103' title='bbox 1119 1597 1299 1648; x_wconf 85' lang='lat' dir='ltr'><strong>crebra</strong></span> <span class='ocrx_word' id='word_1_104' title='bbox 1326 1600 1604 1647; x_wconf 77' lang='lat' dir='ltr'><strong><em>senectam.</em></strong></span> 
     </span>
    </p>
   </div>
   <div class='ocr_carea' id='block_1_19' title="bbox 204 1705 1780 1779">
    <p class='ocr_par' dir='ltr' id='par_1_19' title="bbox 204 1705 1780 1779">
     <span class='ocr_line' id='line_1_19' title="bbox 204 1705 1780 1779; baseline -0.008 -10"><span class='ocrx_word' id='word_1_105' title='bbox 204 1716 387 1770; x_wconf 83' lang='lat' dir='ltr'><strong>Aliter</strong></span> <span class='ocrx_word' id='word_1_106' title='bbox 415 1721 595 1767; x_wconf 88' lang='lat' dir='ltr'><strong>tamen</strong></span> <span class='ocrx_word' id='word_1_107' title='bbox 643 1717 871 1766; x_wconf 89' lang='lat' dir='ltr'><strong>narrant</strong></span> <span class='ocrx_word' id='word_1_108' title='bbox 914 1708 1034 1779; x_wconf 86' lang='lat' dir='ltr'><strong>ejus</strong></span> <span class='ocrx_word' id='word_1_109' title='bbox 1070 1716 1299 1762; x_wconf 89' lang='lat' dir='ltr'><strong>mortem</strong></span> <span class='ocrx_word' id='word_1_110' title='bbox 1351 1705 1548 1772; x_wconf 81' lang='lat' dir='ltr'><strong>llorus,</strong></span> <span class='ocrx_word' id='word_1_111' title='bbox 1592 1705 1686 1760; x_wconf 90' lang='lat' dir='ltr'><strong>lib.</strong></span> <span class='ocrx_word' id='word_1_112' title='bbox 1720 1718 1780 1769; x_wconf 87' lang='lat' dir='ltr'><strong>ll,</strong></span> 
     </span>
    </p>
   </div>
   <div class='ocr_carea' id='block_1_20' title="bbox 207 1797 1860 1878">
    <p class='ocr_par' dir='ltr' id='par_1_20' title="bbox 207 1797 1860 1878">
     <span class='ocr_line' id='line_1_20' title="bbox 207 1797 1860 1878; baseline -0.008 -16"><span class='ocrx_word' id='word_1_113' title='bbox 207 1823 334 1878; x_wconf 85' lang='lat' dir='ltr'><strong>cap.</strong></span> <span class='ocrx_word' id='word_1_114' title='bbox 373 1806 468 1872; x_wconf 84' lang='lat'><strong>57;</strong></span> <span class='ocrx_word' id='word_1_115' title='bbox 503 1803 788 1874; x_wconf 79' lang='lat' dir='ltr'><strong>Origenes,</strong></span> <span class='ocrx_word' id='word_1_116' title='bbox 825 1802 918 1856; x_wconf 87' lang='lat' dir='ltr'><strong>lib.</strong></span> <span class='ocrx_word' id='word_1_117' title='bbox 957 1817 1010 1855; x_wconf 86' lang='lat' dir='ltr'><strong>iv</strong></span> <span class='ocrx_word' id='word_1_118' title='bbox 1053 1809 1237 1854; x_wconf 88' lang='lat' dir='ltr'><strong>contra</strong></span> <span class='ocrx_word' id='word_1_119' title='bbox 1267 1797 1509 1861; x_wconf 78' lang='lat' dir='ltr'><strong>Celsum;</strong></span> <span class='ocrx_word' id='word_1_120' title='bbox 1548 1797 1785 1852; x_wconf 82' lang='lat' dir='ltr'><strong>Achilles</strong></span> <span class='ocrx_word' id='word_1_121' title='bbox 1819 1800 1860 1858; x_wconf 83' lang='grc' dir='ltr'>Β</span> 
     </span>
    </p>
   </div>
   <div class='ocr_carea' id='block_1_21' title="bbox 207 1888 1787 1963">
    <p class='ocr_par' dir='ltr' id='par_1_21' title="bbox 207 1888 1787 1963">
     <span class='ocr_line' id='line_1_21' title="bbox 207 1888 1787 1963; baseline -0.009 -8"><span class='ocrx_word' id='word_1_122' title='bbox 207 1899 428 1963; x_wconf 90' lang='lat' dir='ltr'><strong>Tatius,</strong></span> <span class='ocrx_word' id='word_1_123' title='bbox 463 1897 558 1952; x_wconf 85' lang='lat' dir='ltr'><strong>lib.</strong></span> <span class='ocrx_word' id='word_1_124' title='bbox 603 1911 685 1958; x_wconf 89' lang='lat' dir='ltr'><strong>in,</strong></span> <span class='ocrx_word' id='word_1_125' title='bbox 741 1894 797 1948; x_wconf 93' lang='lat' dir='ltr'><strong>in</strong></span> <span class='ocrx_word' id='word_1_126' title='bbox 839 1893 964 1947; x_wconf 86' lang='lat' dir='ltr'><strong>ﬁne.</strong></span> <span class='ocrx_word' id='word_1_127' title='bbox 1008 1890 1344 1963; x_wconf 84' lang='lat' dir='ltr'><strong>Epiphanius</strong></span> <span class='ocrx_word' id='word_1_128' title='bbox 1376 1889 1430 1943; x_wconf 92' lang='lat' dir='ltr'><strong>in</strong></span> <span class='ocrx_word' id='word_1_129' title='bbox 1473 1888 1787 1960; x_wconf 81' lang='lat' dir='ltr'><strong>Physiologo</strong></span> 
     </span>
    </p>
   </div>
   <div class='ocr_carea' id='block_1_22' title="bbox 205 1986 1787 2060">
    <p class='ocr_par' dir='ltr' id='par_1_22' title="bbox 205 1986 1787 2060">
     <span class='ocr_line' id='line_1_22' title="bbox 205 1986 1787 2060; baseline -0.009 -13"><span class='ocrx_word' id='word_1_130' title='bbox 205 1993 288 2046; x_wconf 92' lang='lat' dir='ltr'><strong>ait</strong></span> <span class='ocrx_word' id='word_1_131' title='bbox 323 2011 338 2047; x_wconf 88' lang='lat'>:</span> <span class='ocrx_word' id='word_1_132' title='bbox 377 1990 670 2060; x_wconf 77' lang='lat' dir='ltr'><strong>Postquam</strong></span> <span class='ocrx_word' id='word_1_133' title='bbox 709 1986 760 2040; x_wconf 92' lang='lat' dir='ltr'><strong>in</strong></span> <span class='ocrx_word' id='word_1_134' title='bbox 795 1986 1033 2040; x_wconf 88' lang='lat' dir='ltr'><strong>cinerem</strong></span> <span class='ocrx_word' id='word_1_135' title='bbox 1061 1991 1174 2038; x_wconf 90' lang='lat' dir='ltr'><strong>tota</strong></span> <span class='ocrx_word' id='word_1_136' title='bbox 1207 1988 1528 2051; x_wconf 88' lang='lat' dir='ltr'><strong>consumpta</strong></span> <span class='ocrx_word' id='word_1_137' title='bbox 1559 1988 1664 2046; x_wconf 87' lang='lat' dir='ltr'><strong>est,</strong></span> <span class='ocrx_word' id='word_1_138' title='bbox 1700 1995 1787 2035; x_wconf 88' lang='lat' dir='ltr'><strong>se-</strong></span> 
     </span>
    </p>
   </div>
   <div class='ocr_carea' id='block_1_23' title="bbox 199 2077 1790 2158">
    <p class='ocr_par' dir='ltr' id='par_1_23' title="bbox 199 2077 1790 2158">
     <span class='ocr_line' id='line_1_23' title="bbox 199 2077 1790 2158; baseline -0.009 -17"><span class='ocrx_word' id='word_1_139' title='bbox 199 2085 401 2158; x_wconf 87' lang='lat' dir='ltr'><strong>quenti</strong></span> <span class='ocrx_word' id='word_1_140' title='bbox 431 2085 519 2139; x_wconf 87' lang='lat' dir='ltr'><strong>die</strong></span> <span class='ocrx_word' id='word_1_141' title='bbox 550 2082 652 2138; x_wconf 92' lang='lat' dir='ltr'><strong>alis</strong></span> <span class='ocrx_word' id='word_1_142' title='bbox 679 2081 885 2136; x_wconf 77' lang='lat' dir='ltr'><strong>renatis</strong></span> <span class='ocrx_word' id='word_1_143' title='bbox 915 2079 1166 2146; x_wconf 89' lang='lat' dir='ltr'><strong>inveniri,</strong></span> <span class='ocrx_word' id='word_1_144' title='bbox 1200 2077 1360 2131; x_wconf 91' lang='lat' dir='ltr'><strong>tertio</strong></span> <span class='ocrx_word' id='word_1_145' title='bbox 1402 2077 1667 2146; x_wconf 86' lang='lat' dir='ltr'><strong>integram</strong></span> <span class='ocrx_word' id='word_1_146' title='bbox 1700 2089 1790 2130; x_wconf 82' lang='lat' dir='ltr'><strong>sa-</strong></span> 
     </span>
    </p>
   </div>
   <div class='ocr_carea' id='block_1_24' title="bbox 202 2166 1786 2242">
    <p class='ocr_par' dir='ltr' id='par_1_24' title="bbox 202 2166 1786 2242">
     <span class='ocr_line' id='line_1_24' title="bbox 202 2166 1786 2242; baseline -0.009 -8"><span class='ocrx_word' id='word_1_147' title='bbox 202 2177 491 2234; x_wconf 86' lang='lat' dir='ltr'><strong>cerdotem</strong></span> <span class='ocrx_word' id='word_1_148' title='bbox 523 2175 778 2237; x_wconf 88' lang='lat' dir='ltr'><strong>salutare,</strong></span> <span class='ocrx_word' id='word_1_149' title='bbox 803 2180 1276 2242; x_wconf 89' lang='lat' dir='ltr'><strong>restauratamque</strong></span> <span class='ocrx_word' id='word_1_150' title='bbox 1298 2168 1466 2223; x_wconf 87' lang='lat' dir='ltr'><strong>abire.</strong></span> <span class='ocrx_word' id='word_1_151' title='bbox 1495 2166 1786 2230; x_wconf 83' lang='lat' dir='ltr'><strong>&#39;Albertus,</strong></span> 
     </span>
    </p>
   </div>
   <div class='ocr_carea' id='block_1_25' title="bbox 206 2258 1787 2342">
    <p class='ocr_par' dir='ltr' id='par_1_25' title="bbox 206 2258 1787 2342">
     <span class='ocr_line' id='line_1_25' title="bbox 206 2258 1787 2342; baseline -0.009 -16"><span class='ocrx_word' id='word_1_152' title='bbox 206 2272 358 2342; x_wconf 82' lang='lat' dir='ltr'><strong>ignis</strong></span> <span class='ocrx_word' id='word_1_153' title='bbox 392 2270 445 2324; x_wconf 90' lang='lat' dir='ltr'><strong>vi</strong></span> <span class='ocrx_word' id='word_1_154' title='bbox 475 2269 529 2322; x_wconf 93' lang='lat' dir='ltr'><strong>in</strong></span> <span class='ocrx_word' id='word_1_155' title='bbox 559 2268 795 2322; x_wconf 89' lang='lat' dir='ltr'><strong>cinerem</strong></span> <span class='ocrx_word' id='word_1_156' title='bbox 826 2265 985 2328; x_wconf 89' lang='lat' dir='ltr'><strong>verti,</strong></span> <span class='ocrx_word' id='word_1_157' title='bbox 1017 2263 1105 2319; x_wconf 90' lang='lat' dir='ltr'><strong>die</strong></span> <span class='ocrx_word' id='word_1_158' title='bbox 1135 2263 1307 2316; x_wconf 89' lang='lat' dir='ltr'><strong>altero</strong></span> <span class='ocrx_word' id='word_1_159' title='bbox 1338 2275 1569 2316; x_wconf 90' lang='lat' dir='ltr'><strong>vermem</strong></span> <span class='ocrx_word' id='word_1_160' title='bbox 1621 2261 1675 2314; x_wconf 93' lang='lat' dir='ltr'><strong>in</strong></span> <span class='ocrx_word' id='word_1_161' title='bbox 1705 2258 1787 2313; x_wconf 86' lang='lat' dir='ltr'><strong>ci-</strong></span> 
     </span>
    </p>
   </div>
   <div class='ocr_carea' id='block_1_26' title="bbox 203 2353 1788 2431">
    <p class='ocr_par' dir='ltr' id='par_1_26' title="bbox 203 2353 1788 2431">
     <span class='ocr_line' id='line_1_26' title="bbox 203 2353 1788 2431; baseline -0.012 -10"><span class='ocrx_word' id='word_1_162' title='bbox 203 2380 343 2420; x_wconf 87' lang='lat' dir='ltr'><strong><em>nere</em></strong></span> <span class='ocrx_word' id='word_1_163' title='bbox 373 2362 546 2425; x_wconf 90' lang='lat' dir='ltr'><strong>uasci,</strong></span> <span class='ocrx_word' id='word_1_164' title='bbox 577 2361 669 2431; x_wconf 91' lang='lat' dir='ltr'><strong>qui</strong></span> <span class='ocrx_word' id='word_1_165' title='bbox 697 2360 799 2413; x_wconf 90' lang='lat' dir='ltr'><strong>alis</strong></span> <span class='ocrx_word' id='word_1_166' title='bbox 833 2358 919 2412; x_wconf 89' lang='lat' dir='ltr'><strong>die</strong></span> <span class='ocrx_word' id='word_1_167' title='bbox 943 2358 1100 2411; x_wconf 83' lang='lat' dir='ltr'><strong>tertia</strong></span> <span class='ocrx_word' id='word_1_168' title='bbox 1148 2353 1444 2423; x_wconf 84' lang='lat' dir='ltr'><strong>assumptis</strong></span> <span class='ocrx_word' id='word_1_169' title='bbox 1486 2353 1626 2407; x_wconf 81' lang='lat' dir='ltr'><strong>intra</strong></span> <span class='ocrx_word' id='word_1_170' title='bbox 1658 2366 1788 2421; x_wconf 89' lang='lat' dir='ltr'><strong>pau-</strong></span> 
     </span>
    </p>
   </div>
   <div class='ocr_carea' id='block_1_27' title="bbox 202 2448 1790 2522">
    <p class='ocr_par' dir='ltr' id='par_1_27' title="bbox 202 2448 1790 2522">
     <span class='ocr_line' id='line_1_27' title="bbox 202 2448 1790 2522; baseline -0.008 -11"><span class='ocrx_word' id='word_1_171' title='bbox 202 2471 307 2511; x_wconf 84' lang='lat' dir='ltr'><strong>cos</strong></span> <span class='ocrx_word' id='word_1_172' title='bbox 340 2455 459 2510; x_wconf 91' lang='lat' dir='ltr'><strong>dies</strong></span> <span class='ocrx_word' id='word_1_173' title='bbox 493 2454 546 2508; x_wconf 93' lang='lat' dir='ltr'><strong>in</strong></span> <span class='ocrx_word' id='word_1_174' title='bbox 593 2467 744 2506; x_wconf 89' lang='lat' dir='ltr'><strong>avem</strong></span> <span class='ocrx_word' id='word_1_175' title='bbox 799 2451 1045 2522; x_wconf 64' lang='lat' dir='ltr'><strong>pristina:</strong></span> <span class='ocrx_word' id='word_1_176' title='bbox 1092 2448 1277 2518; x_wconf 73' lang='lat' dir='ltr'><strong>figura:</strong></span> <span class='ocrx_word' id='word_1_177' title='bbox 1314 2453 1704 2504; x_wconf 86' lang='lat' dir='ltr'><strong>commutatur.</strong></span> <span class='ocrx_word' id='word_1_178' title='bbox 1737 2452 1790 2498; x_wconf 91' lang='lat' dir='ltr'><strong>et</strong></span> 
     </span>
    </p>
   </div>
   <div class='ocr_carea' id='block_1_28' title="bbox 207 2533 1789 2605">
    <p class='ocr_par' dir='ltr' id='par_1_28' title="bbox 207 2533 1789 2605">
     <span class='ocr_line' id='line_1_28' title="bbox 207 2533 1789 2605; baseline -0.011 -4"><span class='ocrx_word' id='word_1_179' title='bbox 207 2547 419 2600; x_wconf 84' lang='lat' dir='ltr'><strong>avolat.</strong></span> <span class='ocrx_word' id='word_1_180' title='bbox 477 2543 877 2605; x_wconf 88' lang='lat' dir='ltr'><strong>Artemidorus,</strong></span> <span class='ocrx_word' id='word_1_181' title='bbox 925 2539 1221 2596; x_wconf 86' lang='lat' dir='ltr'><strong>Onerocrit.</strong></span> <span class='ocrx_word' id='word_1_182' title='bbox 1266 2538 1386 2600; x_wconf 85' lang='lat' dir='ltr'><strong>lib..</strong></span> <span class='ocrx_word' id='word_1_183' title='bbox 1426 2551 1544 2605; x_wconf 88' lang='lat' dir='ltr'><strong>cap.</strong></span> <span class='ocrx_word' id='word_1_184' title='bbox 1570 2533 1661 2596; x_wconf 83' lang='grc'><strong>49,</strong></span> <span class='ocrx_word' id='word_1_185' title='bbox 1706 2533 1789 2586; x_wconf 89' lang='lat' dir='ltr'><strong>lo-</strong></span> 
     </span>
    </p>
   </div>
   <div class='ocr_carea' id='block_1_29' title="bbox 204 2625 1786 2706">
    <p class='ocr_par' dir='ltr' id='par_1_29' title="bbox 204 2625 1786 2706">
     <span class='ocr_line' id='line_1_29' title="bbox 204 2625 1786 2706; baseline -0.011 -13"><span class='ocrx_word' id='word_1_186' title='bbox 204 2654 341 2693; x_wconf 84' lang='lat' dir='ltr'><strong>cum</strong></span> <span class='ocrx_word' id='word_1_187' title='bbox 376 2653 441 2692; x_wconf 78' lang='lat' dir='ltr'><strong>ex</strong></span> <span class='ocrx_word' id='word_1_188' title='bbox 465 2650 571 2705; x_wconf 92' lang='lat' dir='ltr'><strong>quo</strong></span> <span class='ocrx_word' id='word_1_189' title='bbox 592 2634 808 2706; x_wconf 73' lang='lat' dir='ltr'><strong>phmnix</strong></span> <span class='ocrx_word' id='word_1_190' title='bbox 836 2631 1011 2687; x_wconf 89' lang='lat' dir='ltr'><strong>evolet</strong></span> <span class='ocrx_word' id='word_1_191' title='bbox 1045 2631 1097 2684; x_wconf 92' lang='lat' dir='ltr'><strong>in</strong></span> <span class='ocrx_word' id='word_1_192' title='bbox 1122 2629 1437 2700; x_wconf 65' lang='lat' dir='ltr'><strong>Egyptum,</strong></span> <span class='ocrx_word' id='word_1_193' title='bbox 1461 2635 1513 2680; x_wconf 89' lang='lat' dir='ltr'><strong>et</strong></span> <span class='ocrx_word' id='word_1_194' title='bbox 1537 2625 1606 2681; x_wconf 86' lang='lat' dir='ltr'><strong>ad</strong></span> <span class='ocrx_word' id='word_1_195' title='bbox 1626 2637 1786 2694; x_wconf 84' lang='lat' dir='ltr'><strong>quem</strong></span> 
     </span>
    </p>
   </div>
   <div class='ocr_carea' id='block_1_30' title="bbox 208 2709 1790 2794">
    <p class='ocr_par' dir='ltr' id='par_1_30' title="bbox 208 2709 1790 2794">
     <span class='ocr_line' id='line_1_30' title="bbox 208 2709 1790 2794; baseline -0.009 -10"><span class='ocrx_word' id='word_1_196' title='bbox 208 2745 344 2784; x_wconf 81' lang='lat' dir='ltr'><strong>mox</strong></span> <span class='ocrx_word' id='word_1_197' title='bbox 389 2734 724 2788; x_wconf 84' lang='lat' dir='ltr'><strong>revertatur,</strong></span> <span class='ocrx_word' id='word_1_198' title='bbox 757 2725 830 2778; x_wconf 89' lang='lat' dir='ltr'><strong>ait</strong></span> <span class='ocrx_word' id='word_1_199' title='bbox 875 2722 1132 2794; x_wconf 85' lang='lat' dir='ltr'><strong>ignorari.</strong></span> <span class='ocrx_word' id='word_1_200' title='bbox 1172 2709 1572 2775; x_wconf 72' lang='lat' dir='ltr'><strong>Artemidorum</strong></span> <span class='ocrx_word' id='word_1_201' title='bbox 1609 2724 1790 2770; x_wconf 88' lang='lat' dir='ltr'><strong>trans-</strong></span> 
     </span>
    </p>
   </div>
   <div class='ocr_carea' id='block_1_31' title="bbox 208 2809 1788 2893">
    <p class='ocr_par' dir='ltr' id='par_1_31' title="bbox 208 2809 1788 2893">
     <span class='ocr_line' id='line_1_31' title="bbox 208 2809 1788 2893; baseline -0.011 -13"><span class='ocrx_word' id='word_1_202' title='bbox 208 2821 410 2893; x_wconf 88' lang='lat' dir='ltr'><strong>cripsit</strong></span> <span class='ocrx_word' id='word_1_203' title='bbox 437 2817 636 2874; x_wconf 89' lang='lat' dir='ltr'><strong>Suidas</strong></span> <span class='ocrx_word' id='word_1_204' title='bbox 657 2817 823 2872; x_wconf 91' lang='lat' dir='ltr'><strong>verbo</strong></span> <span class='ocrx_word' id='word_1_205' title='bbox 849 2813 1046 2879; x_wconf 75' lang='grc' dir='ltr'>Φοῖνιξ.</span> <span class='ocrx_word' id='word_1_206' title='bbox 1067 2813 1143 2869; x_wconf 88' lang='lat' dir='ltr'><strong>De</strong></span> <span class='ocrx_word' id='word_1_207' title='bbox 1162 2811 1414 2884; x_wconf 75' lang='lat' dir='ltr'><strong>phmuice</strong></span> <span class='ocrx_word' id='word_1_208' title='bbox 1433 2817 1488 2864; x_wconf 83' lang='lat' dir='ltr'><strong>et</strong></span> <span class='ocrx_word' id='word_1_209' title='bbox 1512 2809 1629 2879; x_wconf 88' lang='lat' dir='ltr'><strong>ejus</strong></span> <span class='ocrx_word' id='word_1_210' title='bbox 1657 2821 1788 2878; x_wconf 88' lang='lat' dir='ltr'><strong>rogo</strong></span> 
     </span>
    </p>
   </div>
   <div class='ocr_carea' id='block_1_32' title="bbox 204 2901 1484 2973">
    <p class='ocr_par' dir='ltr' id='par_1_32' title="bbox 204 2901 1484 2973">
     <span class='ocr_line' id='line_1_32' title="bbox 204 2901 1484 2973; baseline -0.013 -3"><span class='ocrx_word' id='word_1_211' title='bbox 204 2913 338 2971; x_wconf 82' lang='lat' dir='ltr'><strong>vide</strong></span> <span class='ocrx_word' id='word_1_212' title='bbox 362 2911 585 2966; x_wconf 88' lang='lat' dir='ltr'><strong>Petrum</strong></span> <span class='ocrx_word' id='word_1_213' title='bbox 616 2908 955 2972; x_wconf 88' lang='lat' dir='ltr'><strong>Damianum,</strong></span> <span class='ocrx_word' id='word_1_214' title='bbox 989 2906 1082 2960; x_wconf 88' lang='lat' dir='ltr'><strong>lib.</strong></span> <span class='ocrx_word' id='word_1_215' title='bbox 1114 2920 1172 2972; x_wconf 85' lang='grc' dir='ltr'><strong>ιι,</strong></span> <span class='ocrx_word' id='word_1_216' title='bbox 1205 2903 1363 2973; x_wconf 84' lang='lat' dir='ltr'><strong>epist.</strong></span> <span class='ocrx_word' id='word_1_217' title='bbox 1397 2901 1484 2955; x_wconf 91' lang='grc'><strong>18.</strong></span> 
     </span>
    </p>
   </div>
   <div class='ocr_carea' id='block_1_33' title="bbox 283 2985 1785 3067">
    <p class='ocr_par' dir='ltr' id='par_1_33' title="bbox 283 2985 1785 3067">
     <span class='ocr_line' id='line_1_33' title="bbox 283 2985 1785 3067; baseline -0.009 -11"><span class='ocrx_word' id='word_1_218' title='bbox 283 3001 448 3067; x_wconf 90' lang='lat' dir='ltr'><strong>lbid.,</strong></span> <span class='ocrx_word' id='word_1_219' title='bbox 479 3000 576 3054; x_wconf 90' lang='lat' dir='ltr'><strong>lin.</strong></span> <span class='ocrx_word' id='word_1_220' title='bbox 607 2999 695 3052; x_wconf 80' lang='lat' dir='ltr'><strong>lt).</strong></span> <span class='ocrx_word' id='word_1_221' title='bbox 726 2997 779 3049; x_wconf 86' lang='lat'><strong>&#39;0</strong></span> <span class='ocrx_word' id='word_1_222' title='bbox 813 2995 881 3049; x_wconf 77' lang='grc' dir='ltr'><strong>δὲ</strong></span> <span class='ocrx_word' id='word_1_223' title='bbox 911 2995 1082 3060; x_wconf 80' lang='grc' dir='ltr'><em>ἀετὸς</em></span> <span class='ocrx_word' id='word_1_224' title='bbox 1110 2993 1242 3061; x_wconf 78' lang='grc' dir='ltr'><strong>περὶ</strong></span> <span class='ocrx_word' id='word_1_225' title='bbox 1273 2991 1389 3061; x_wconf 78' lang='grc' dir='ltr'><strong>τὴν</strong></span> <span class='ocrx_word' id='word_1_226' title='bbox 1415 2985 1785 3058; x_wconf 65' lang='grc' dir='ltr'><strong>ἀνατροφήν.</strong></span> 
     </span>
    </p>
   </div>
   <div class='ocr_carea' id='block_1_34' title="bbox 208 3078 1784 3157">
    <p class='ocr_par' dir='ltr' id='par_1_34' title="bbox 208 3078 1784 3157">
     <span class='ocr_line' id='line_1_34' title="bbox 208 3078 1784 3157; baseline -0.012 -7"><span class='ocrx_word' id='word_1_227' title='bbox 208 3096 478 3157; x_wconf 86' lang='lat' dir='ltr'><strong>Basilius.</strong></span> <span class='ocrx_word' id='word_1_228' title='bbox 511 3094 663 3147; x_wconf 91' lang='lat' dir='ltr'><strong>hom.</strong></span> <span class='ocrx_word' id='word_1_229' title='bbox 702 3091 734 3146; x_wconf 91' lang='lat'><strong>8</strong></span> <span class='ocrx_word' id='word_1_230' title='bbox 760 3109 773 3144; x_wconf 92' lang='lat'>:</span> <span class='ocrx_word' id='word_1_231' title='bbox 820 3087 1175 3149; x_wconf 81' lang='grc' dir='ltr'>Ἀδικώτατος</span> <span class='ocrx_word' id='word_1_232' title='bbox 1207 3086 1333 3157; x_wconf 75' lang='grc' dir='ltr'><strong>περὶ</strong></span> <span class='ocrx_word' id='word_1_233' title='bbox 1363 3083 1461 3154; x_wconf 81' lang='grc' dir='ltr'><strong>τὴν</strong></span> <span class='ocrx_word' id='word_1_234' title='bbox 1489 3082 1597 3136; x_wconf 85' lang='grc' dir='ltr'><strong>τῶν</strong></span> <span class='ocrx_word' id='word_1_235' title='bbox 1626 3078 1784 3148; x_wconf 83' lang='grc' dir='ltr'><strong>ὲκγό-</strong></span> 
     </span>
    </p>
   </div>
   <div class='ocr_carea' id='block_1_35' title="bbox 208 3159 1854 3258">
    <p class='ocr_par' dir='ltr' id='par_1_35' title="bbox 208 3159 1854 3258">
     <span class='ocr_line' id='line_1_35' title="bbox 208 3159 1854 3258; baseline -0.018 -15"><span class='ocrx_word' id='word_1_236' title='bbox 208 3209 324 3244; x_wconf 84' lang='grc' dir='ltr'>νων</span> <span class='ocrx_word' id='word_1_237' title='bbox 359 3185 631 3258; x_wconf 75' lang='grc' dir='ltr'><strong>ἐκτροφὴν</strong></span> <span class='ocrx_word' id='word_1_238' title='bbox 664 3185 692 3236; x_wconf 82' lang='grc' dir='ltr'>ὁ</span> <span class='ocrx_word' id='word_1_239' title='bbox 723 3182 898 3246; x_wconf 84' lang='grc' dir='ltr'><strong>ἀετός.</strong></span> <span class='ocrx_word' id='word_1_240' title='bbox 934 3180 1037 3233; x_wconf 85' lang='grc' dir='ltr'><strong>Δύο</strong></span> <span class='ocrx_word' id='word_1_241' title='bbox 1065 3179 1173 3250; x_wconf 79' lang='grc' dir='ltr'>γὰρ</span> <span class='ocrx_word' id='word_1_242' title='bbox 1198 3175 1482 3247; x_wconf 73' lang='grc' dir='ltr'>ἐξαγαγὼν</span> <span class='ocrx_word' id='word_1_243' title='bbox 1512 3173 1782 3235; x_wconf 79' lang='grc' dir='ltr'>νεοσσοὺς,</span> <span class='ocrx_word' id='word_1_244' title='bbox 1813 3159 1854 3214; x_wconf 84' lang='lat' dir='ltr'><strong>C</strong></span> 
     </span>
    </p>
   </div>
   <div class='ocr_carea' id='block_1_36' title="bbox 207 3264 1785 3350">
    <p class='ocr_par' dir='ltr' id='par_1_36' title="bbox 207 3264 1785 3350">
     <span class='ocr_line' id='line_1_36' title="bbox 207 3264 1785 3350; baseline -0.013 -16"><span class='ocrx_word' id='word_1_245' title='bbox 207 3287 305 3336; x_wconf 79' lang='grc' dir='ltr'><strong>τὸν</strong></span> <span class='ocrx_word' id='word_1_246' title='bbox 329 3281 516 3350; x_wconf 69' lang='grc' dir='ltr'>ἕτερον</span> <span class='ocrx_word' id='word_1_247' title='bbox 531 3275 707 3331; x_wconf 78' lang='grc' dir='ltr'>αὐτῶν</span> <span class='ocrx_word' id='word_1_248' title='bbox 727 3276 805 3338; x_wconf 75' lang='grc' dir='ltr'><strong>εἰς</strong></span> <span class='ocrx_word' id='word_1_249' title='bbox 820 3272 924 3343; x_wconf 79' lang='grc' dir='ltr'><strong>γῆν</strong></span> <span class='ocrx_word' id='word_1_250' title='bbox 946 3271 1375 3341; x_wconf 76' lang='grc' dir='ltr'><strong>καταρῤήγνυσι,</strong></span> <span class='ocrx_word' id='word_1_251' title='bbox 1404 3269 1523 3328; x_wconf 83' lang='grc' dir='ltr'><strong>ταῖς</strong></span> <span class='ocrx_word' id='word_1_252' title='bbox 1549 3264 1785 3334; x_wconf 79' lang='grc' dir='ltr'>πληγαῖς</span> 
     </span>
    </p>
   </div>
   <div class='ocr_carea' id='block_1_37' title="bbox 206 3357 1787 3443">
    <p class='ocr_par' dir='ltr' id='par_1_37' title="bbox 206 3357 1787 3443">
     <span class='ocr_line' id='line_1_37' title="bbox 206 3357 1787 3443; baseline -0.014 -15"><span class='ocrx_word' id='word_1_253' title='bbox 206 3375 323 3428; x_wconf 80' lang='grc' dir='ltr'><strong>τῶν</strong></span> <span class='ocrx_word' id='word_1_254' title='bbox 357 3371 574 3443; x_wconf 86' lang='grc' dir='ltr'>πτερῶν</span> <span class='ocrx_word' id='word_1_255' title='bbox 605 3366 1010 3432; x_wconf 82' lang='grc' dir='ltr'><strong>ὑπωθούμενος.</strong></span> <span class='ocrx_word' id='word_1_256' title='bbox 1050 3363 1152 3417; x_wconf 81' lang='grc' dir='ltr'>Τὸν</span> <span class='ocrx_word' id='word_1_257' title='bbox 1185 3362 1226 3415; x_wconf 79' lang='grc' dir='ltr'><strong>δ’</strong></span> <span class='ocrx_word' id='word_1_258' title='bbox 1257 3361 1442 3443; x_wconf 68' lang='grc' dir='ltr'><strong>ἕτερον</strong></span> <span class='ocrx_word' id='word_1_259' title='bbox 1472 3358 1628 3430; x_wconf 86' lang='grc' dir='ltr'>μόνον</span> <span class='ocrx_word' id='word_1_260' title='bbox 1657 3357 1787 3407; x_wconf 85' lang='grc' dir='ltr'>ἀνα-</span> 
     </span>
    </p>
   </div>
   <div class='ocr_carea' id='block_1_38' title="bbox 207 3437 1786 3513">
    <p class='ocr_par' dir='ltr' id='par_1_38' title="bbox 207 3437 1786 3513">
     <span class='ocr_line' id='line_1_38' title="bbox 207 3437 1786 3513; baseline -0.015 -5"><span class='ocrx_word' id='word_1_261' title='bbox 207 3452 399 3509; x_wconf 77' lang='grc' dir='ltr'>λαϐὼν</span> <span class='ocrx_word' id='word_1_262' title='bbox 453 3437 763 3510; x_wconf 73' lang='grc' dir='ltr'><strong>οἰκειοῦται,</strong></span> <span class='ocrx_word' id='word_1_263' title='bbox 826 3446 912 3499; x_wconf 80' lang='grc' dir='ltr'><strong>διὰ</strong></span> <span class='ocrx_word' id='word_1_264' title='bbox 979 3444 1042 3496; x_wconf 81' lang='grc' dir='ltr'><strong>τὸ</strong></span> <span class='ocrx_word' id='word_1_265' title='bbox 1116 3443 1213 3513; x_wconf 81' lang='grc' dir='ltr'><strong>τῆς</strong></span> <span class='ocrx_word' id='word_1_266' title='bbox 1267 3439 1472 3512; x_wconf 79' lang='grc' dir='ltr'><strong>τροφῆς</strong></span> <span class='ocrx_word' id='word_1_267' title='bbox 1533 3437 1786 3490; x_wconf 75' lang='grc' dir='ltr'>ἐπίπονον</span> 
     </span>
    </p>
   </div>
   <div class='ocr_carea' id='block_1_39' title="bbox 209 3525 1784 3612">
    <p class='ocr_par' dir='ltr' id='par_1_39' title="bbox 209 3525 1784 3612">
     <span class='ocr_line' id='line_1_39' title="bbox 209 3525 1784 3612; baseline -0.013 -15"><span class='ocrx_word' id='word_1_268' title='bbox 209 3540 652 3612; x_wconf 83' lang='grc' dir='ltr'>ἁποποιούμενος</span> <span class='ocrx_word' id='word_1_269' title='bbox 689 3537 748 3590; x_wconf 86' lang='grc' dir='ltr'>ὃν</span> <span class='ocrx_word' id='word_1_270' title='bbox 797 3535 1105 3606; x_wconf 77' lang='grc' dir='ltr'>ἐγέννησεν.</span> <span class='ocrx_word' id='word_1_271' title='bbox 1161 3530 1298 3585; x_wconf 85' lang='grc' dir='ltr'>Ἀλλ’</span> <span class='ocrx_word' id='word_1_272' title='bbox 1347 3531 1445 3582; x_wconf 81' lang='grc' dir='ltr'>οὐκ</span> <span class='ocrx_word' id='word_1_273' title='bbox 1475 3529 1540 3599; x_wconf 77' lang='grc' dir='ltr'><strong>ἐᾷ</strong></span> <span class='ocrx_word' id='word_1_274' title='bbox 1577 3525 1784 3586; x_wconf 82' lang='grc' dir='ltr'>τοῦτον,</span> 
     </span>
    </p>
   </div>
   <div class='ocr_carea' id='block_1_40' title="bbox 209 3615 1788 3704">
    <p class='ocr_par' dir='ltr' id='par_1_40' title="bbox 209 3615 1788 3704">
     <span class='ocr_line' id='line_1_40' title="bbox 209 3615 1788 3704; baseline -0.014 -15"><span class='ocrx_word' id='word_1_275' title='bbox 209 3636 293 3700; x_wconf 84' lang='grc' dir='ltr'><strong>ὥς</strong></span> <span class='ocrx_word' id='word_1_276' title='bbox 343 3650 498 3703; x_wconf 72' lang='grc' dir='ltr'>φασι,</span> <span class='ocrx_word' id='word_1_277' title='bbox 551 3628 914 3704; x_wconf 79' lang='grc' dir='ltr'>διαφθαρῆναι</span> <span class='ocrx_word' id='word_1_278' title='bbox 964 3629 996 3697; x_wconf 85' lang='grc' dir='ltr'><strong>ὴ</strong></span> <span class='ocrx_word' id='word_1_279' title='bbox 1048 3625 1218 3696; x_wconf 84' lang='grc' dir='ltr'>φήνη,</span> <span class='ocrx_word' id='word_1_280' title='bbox 1275 3620 1388 3676; x_wconf 80' lang='grc' dir='ltr'>ἀλλ’</span> <span class='ocrx_word' id='word_1_281' title='bbox 1447 3615 1788 3672; x_wconf 81' lang='grc' dir='ltr'>ὑπολαϐοῦσα</span> 
     </span>
    </p>
   </div>
   <div class='ocr_carea' id='block_1_41' title="bbox 209 3707 1786 3789">
    <p class='ocr_par' dir='ltr' id='par_1_41' title="bbox 209 3707 1786 3789">
     <span class='ocr_line' id='line_1_41' title="bbox 209 3707 1786 3789; baseline -0.015 -6"><span class='ocrx_word' id='word_1_282' title='bbox 209 3729 385 3783; x_wconf 77' lang='grc' dir='ltr'>αὑτὸν</span> <span class='ocrx_word' id='word_1_283' title='bbox 428 3727 540 3789; x_wconf 78' lang='grc' dir='ltr'>τοῖς</span> <span class='ocrx_word' id='word_1_284' title='bbox 581 3722 801 3784; x_wconf 78' lang='grc' dir='ltr'><strong>οἰκείοις</strong></span> <span class='ocrx_word' id='word_1_285' title='bbox 859 3719 1056 3788; x_wconf 79' lang='grc' dir='ltr'><strong>ἑαυτῆς</strong></span> <span class='ocrx_word' id='word_1_286' title='bbox 1120 3715 1358 3776; x_wconf 83' lang='grc' dir='ltr'><strong>νεοσσοῖς</strong></span> <span class='ocrx_word' id='word_1_287' title='bbox 1413 3707 1786 3780; x_wconf 81' lang='grc' dir='ltr'><strong>συνεκτρέφει.</strong></span> 
     </span>
    </p>
   </div>
   <div class='ocr_carea' id='block_1_42' title="bbox 207 3800 1791 3890">
    <p class='ocr_par' dir='ltr' id='par_1_42' title="bbox 207 3800 1791 3890">
     <span class='ocr_line' id='line_1_42' title="bbox 207 3800 1791 3890; baseline -0.016 -14"><span class='ocrx_word' id='word_1_288' title='bbox 207 3823 406 3890; x_wconf 81' lang='lat' dir='ltr'><strong>Quare</strong></span> <span class='ocrx_word' id='word_1_289' title='bbox 435 3817 615 3888; x_wconf 86' lang='lat' dir='ltr'><strong>aquila</strong></span> <span class='ocrx_word' id='word_1_290' title='bbox 651 3829 782 3870; x_wconf 85' lang='lat' dir='ltr'><strong>suos</strong></span> <span class='ocrx_word' id='word_1_291' title='bbox 823 3811 1004 3882; x_wconf 87' lang='lat' dir='ltr'><strong>pullos</strong></span> <span class='ocrx_word' id='word_1_292' title='bbox 1035 3807 1220 3877; x_wconf 88' lang='lat' dir='ltr'><strong>ejiciat</strong></span> <span class='ocrx_word' id='word_1_293' title='bbox 1261 3805 1420 3858; x_wconf 92' lang='lat' dir='ltr'><strong>aliam</strong></span> <span class='ocrx_word' id='word_1_294' title='bbox 1467 3800 1622 3856; x_wconf 66' lang='lat' dir='ltr'><strong>affert</strong></span> <span class='ocrx_word' id='word_1_295' title='bbox 1665 3813 1791 3853; x_wconf 91' lang='lat' dir='ltr'><strong>cau-</strong></span> 
     </span>
    </p>
   </div>
   <div class='ocr_carea' id='block_1_43' title="bbox 211 3888 1787 3971">
    <p class='ocr_par' dir='ltr' id='par_1_43' title="bbox 211 3888 1787 3971">
     <span class='ocr_line' id='line_1_43' title="bbox 211 3888 1787 3971; baseline -0.019 0"><span class='ocrx_word' id='word_1_296' title='bbox 211 3888 340 3971; x_wconf 74' lang='lat' dir='ltr'><strong>sam</strong></span> <span class='ocrx_word' id='word_1_297' title='bbox 380 3907 719 3966; x_wconf 88' lang='lat' dir='ltr'><strong>Aristoteles.</strong></span> <span class='ocrx_word' id='word_1_298' title='bbox 744 3905 838 3959; x_wconf 88' lang='lat' dir='ltr'><strong>lib.</strong></span> <span class='ocrx_word' id='word_1_299' title='bbox 875 3919 930 3956; x_wconf 73' lang='grc' dir='ltr'>ιιι</span> <span class='ocrx_word' id='word_1_300' title='bbox 962 3901 1040 3956; x_wconf 91' lang='lat' dir='ltr'><strong>De</strong></span> <span class='ocrx_word' id='word_1_301' title='bbox 1066 3900 1191 3953; x_wconf 86' lang='lat' dir='ltr'><strong>hist.</strong></span> <span class='ocrx_word' id='word_1_302' title='bbox 1225 3915 1340 3959; x_wconf 86' lang='lat' dir='ltr'><strong>an.,</strong></span> <span class='ocrx_word' id='word_1_303' title='bbox 1376 3910 1497 3964; x_wconf 87' lang='lat' dir='ltr'><strong>cap.</strong></span> <span class='ocrx_word' id='word_1_304' title='bbox 1518 3891 1586 3946; x_wconf 76' lang='grc'><strong>54</strong></span> <span class='ocrx_word' id='word_1_305' title='bbox 1611 3913 1624 3946; x_wconf 89' lang='lat'><strong>:</strong></span> <span class='ocrx_word' id='word_1_306' title='bbox 1654 3888 1787 3943; x_wconf 79' lang='lat' dir='ltr'><strong>Hit-</strong></span> 
     </span>
    </p>
   </div>
   <div class='ocr_carea' id='block_1_44' title="bbox 207 3983 1789 4075">
    <p class='ocr_par' dir='ltr' id='par_1_44' title="bbox 207 3983 1789 4075">
     <span class='ocr_line' id='line_1_44' title="bbox 207 3983 1789 4075; baseline -0.018 -13"><span class='ocrx_word' id='word_1_307' title='bbox 207 4009 285 4062; x_wconf 79' lang='lat' dir='ltr'><strong>tit</strong></span> <span class='ocrx_word' id='word_1_308' title='bbox 302 4020 528 4075; x_wconf 85' lang='lat' dir='ltr'><strong>namque</strong></span> <span class='ocrx_word' id='word_1_309' title='bbox 565 4017 687 4055; x_wconf 89' lang='lat' dir='ltr'><strong>suos</strong></span> <span class='ocrx_word' id='word_1_310' title='bbox 714 3997 892 4070; x_wconf 87' lang='lat' dir='ltr'><strong>aquila</strong></span> <span class='ocrx_word' id='word_1_311' title='bbox 933 4003 1212 4064; x_wconf 87' lang='lat' dir='ltr'><strong>antequam</strong></span> <span class='ocrx_word' id='word_1_312' title='bbox 1271 3999 1471 4057; x_wconf 78' lang='lat' dir='ltr'><strong>tempus</strong></span> <span class='ocrx_word' id='word_1_313' title='bbox 1500 3988 1590 4048; x_wconf 88' lang='lat' dir='ltr'><strong>sit,</strong></span> <span class='ocrx_word' id='word_1_314' title='bbox 1619 3983 1789 4037; x_wconf 80' lang='lat' dir='ltr'><strong>adhuc</strong></span> 
     </span>
    </p>
   </div>
   <div class='ocr_carea' id='block_1_45' title="bbox 208 4074 1788 4172">
    <p class='ocr_par' dir='ltr' id='par_1_45' title="bbox 208 4074 1788 4172">
     <span class='ocr_line' id='line_1_45' title="bbox 208 4074 1788 4172; baseline -0.017 -17"><span class='ocrx_word' id='word_1_315' title='bbox 208 4101 456 4172; x_wconf 74' lang='lat' dir='ltr'><strong>parentis</strong></span> <span class='ocrx_word' id='word_1_316' title='bbox 490 4109 702 4164; x_wconf 89' lang='lat' dir='ltr'><strong>operam</strong></span> <span class='ocrx_word' id='word_1_317' title='bbox 740 4088 1118 4147; x_wconf 79' lang='lat' dir='ltr'><strong>desiderantes,</strong></span> <span class='ocrx_word' id='word_1_318' title='bbox 1163 4098 1255 4136; x_wconf 89' lang='lat' dir='ltr'><strong>nec</strong></span> <span class='ocrx_word' id='word_1_319' title='bbox 1303 4078 1516 4135; x_wconf 76' lang='lat' dir='ltr'><strong>volandi</strong></span> <span class='ocrx_word' id='word_1_320' title='bbox 1575 4074 1788 4143; x_wconf 86' lang='lat' dir='ltr'><strong>adeptos</strong></span> 
     </span>
    </p>
   </div>
   <div class='ocr_carea' id='block_1_46' title="bbox 207 4165 1790 4264">
    <p class='ocr_par' dir='ltr' id='par_1_46' title="bbox 207 4165 1790 4264">
     <span class='ocr_line' id='line_1_46' title="bbox 207 4165 1790 4264; baseline -0.02 -17"><span class='ocrx_word' id='word_1_321' title='bbox 207 4165 532 4264; x_wconf 41' lang='lat' dir='ltr'><strong>&#39;{acultotem</strong></span> <span class='ocrx_word' id='word_1_322' title='bbox 574 4202 592 4240; x_wconf 90' lang='lat'><strong><em>:</em></strong></span> <span class='ocrx_word' id='word_1_323' title='bbox 621 4182 756 4254; x_wconf 89' lang='lat' dir='ltr'><strong>quod</strong></span> <span class='ocrx_word' id='word_1_324' title='bbox 791 4197 880 4251; x_wconf 88' lang='lat' dir='ltr'><strong>per</strong></span> <span class='ocrx_word' id='word_1_325' title='bbox 908 4177 1162 4233; x_wconf 77' lang='lat' dir='ltr'><strong>invidiam</strong></span> <span class='ocrx_word' id='word_1_326' title='bbox 1207 4174 1262 4228; x_wconf 88' lang='lat' dir='ltr'><strong>id</strong></span> <span class='ocrx_word' id='word_1_327' title='bbox 1302 4172 1474 4242; x_wconf 76' lang='lat' dir='ltr'><strong>facere</strong></span> <span class='ocrx_word' id='word_1_328' title='bbox 1506 4165 1742 4222; x_wconf 85' lang='lat' dir='ltr'><strong>creditur</strong></span> <span class='ocrx_word' id='word_1_329' title='bbox 1770 4177 1790 4216; x_wconf 93' lang='lat'><strong><em>:</em></strong></span> 
     </span>
    </p>
   </div>
   <div class='ocr_carea' id='block_1_47' title="bbox 215 4263 1790 4341">
    <p class='ocr_par' dir='ltr' id='par_1_47' title="bbox 215 4263 1790 4341">
     <span class='ocr_line' id='line_1_47' title="bbox 215 4263 1790 4341; baseline -0.019 -2"><span class='ocrx_word' id='word_1_330' title='bbox 215 4263 422 4340; x_wconf 83' lang='lat' dir='ltr'><strong>natura</strong></span> <span class='ocrx_word' id='word_1_331' title='bbox 448 4280 586 4334; x_wconf 88' lang='lat' dir='ltr'><strong>enim</strong></span> <span class='ocrx_word' id='word_1_332' title='bbox 611 4273 793 4331; x_wconf 87' lang='lat' dir='ltr'><strong>invida</strong></span> <span class='ocrx_word' id='word_1_333' title='bbox 812 4281 860 4327; x_wconf 90' lang='lat' dir='ltr'><strong>et</strong></span> <span class='ocrx_word' id='word_1_334' title='bbox 883 4268 1127 4341; x_wconf 81' lang='lat' dir='ltr'><strong>famelica</strong></span> <span class='ocrx_word' id='word_1_335' title='bbox 1147 4276 1245 4332; x_wconf 89' lang='lat' dir='ltr'><strong>est,</strong></span> <span class='ocrx_word' id='word_1_336' title='bbox 1264 4280 1356 4318; x_wconf 90' lang='lat' dir='ltr'><strong>nec</strong></span> <span class='ocrx_word' id='word_1_337' title='bbox 1390 4263 1599 4330; x_wconf 89' lang='lat' dir='ltr'><strong>copiosa</strong></span> <span class='ocrx_word' id='word_1_338' title='bbox 1633 4273 1790 4312; x_wconf 81' lang='lat' dir='ltr'><strong>vena-</strong></span> 
     </span>
    </p>
   </div>
   <div class='ocr_carea' id='block_1_48' title="bbox 217 4357 1788 4440">
    <p class='ocr_par' dir='ltr' id='par_1_48' title="bbox 217 4357 1788 4440">
     <span class='ocr_line' id='line_1_48' title="bbox 217 4357 1788 4440; baseline -0.02 -11"><span class='ocrx_word' id='word_1_339' title='bbox 217 4379 365 4429; x_wconf 86' lang='lat' dir='ltr'><strong>tione</strong></span> <span class='ocrx_word' id='word_1_340' title='bbox 390 4389 407 4426; x_wconf 93' lang='lat'><strong><em>:</em></strong></span> <span class='ocrx_word' id='word_1_341' title='bbox 437 4385 682 4440; x_wconf 86' lang='lat' dir='ltr'><strong>magnum</strong></span> <span class='ocrx_word' id='word_1_342' title='bbox 703 4375 877 4420; x_wconf 89' lang='lat' dir='ltr'><strong>tamen</strong></span> <span class='ocrx_word' id='word_1_343' title='bbox 905 4359 1029 4434; x_wconf 86' lang='lat' dir='ltr'><strong>quid</strong></span> <span class='ocrx_word' id='word_1_344' title='bbox 1050 4357 1374 4413; x_wconf 87' lang='lat' dir='ltr'><strong>nanciscitur</strong></span> <span class='ocrx_word' id='word_1_345' title='bbox 1404 4369 1522 4407; x_wconf 89' lang='lat' dir='ltr'><strong>cum</strong></span> <span class='ocrx_word' id='word_1_346' title='bbox 1554 4359 1788 4404; x_wconf 89' lang='lat' dir='ltr'><strong>venatur.</strong></span> 
     </span>
    </p>
   </div>
   <div class='ocr_carea' id='block_1_49' title="bbox 219 4441 1791 4532">
    <p class='ocr_par' dir='ltr' id='par_1_49' title="bbox 219 4441 1791 4532">
     <span class='ocr_line' id='line_1_49' title="bbox 219 4441 1791 4532; baseline -0.02 -10"><span class='ocrx_word' id='word_1_347' title='bbox 219 4467 435 4522; x_wconf 84' lang='lat' dir='ltr'><strong>Invidet</strong></span> <span class='ocrx_word' id='word_1_348' title='bbox 456 4479 577 4532; x_wconf 87' lang='lat' dir='ltr'><strong>ergo</strong></span> <span class='ocrx_word' id='word_1_349' title='bbox 609 4461 718 4514; x_wconf 87' lang='lat' dir='ltr'><strong>suis</strong></span> <span class='ocrx_word' id='word_1_350' title='bbox 736 4457 862 4527; x_wconf 77' lang='lat' dir='ltr'><strong>ﬁliis</strong></span> <span class='ocrx_word' id='word_1_351' title='bbox 869 4455 987 4524; x_wconf 90' lang='lat' dir='ltr'><strong>jam</strong></span> <span class='ocrx_word' id='word_1_352' title='bbox 1010 4449 1283 4510; x_wconf 83' lang='lat' dir='ltr'><strong>masculis,</strong></span> <span class='ocrx_word' id='word_1_353' title='bbox 1307 4460 1460 4516; x_wconf 84' lang='lat' dir='ltr'><strong>atque</strong></span> <span class='ocrx_word' id='word_1_354' title='bbox 1482 4441 1791 4496; x_wconf 86' lang='lat' dir='ltr'><strong>edaciuscu-</strong></span> 
     </span>
    </p>
   </div>
   <div class='ocr_carea' id='block_1_50' title="bbox 217 4630 1791 4720">
    <p class='ocr_par' dir='ltr' id='par_1_50' title="bbox 217 4630 1791 4720">
     <span class='ocr_line' id='line_1_50' title="bbox 217 4630 1791 4720; baseline -0.019 -17"><span class='ocrx_word' id='word_1_355' title='bbox 217 4662 463 4720; x_wconf 84' lang='lat' dir='ltr'><strong>pugnare</strong></span> <span class='ocrx_word' id='word_1_356' title='bbox 491 4642 747 4711; x_wconf 85' lang='lat' dir='ltr'><strong>incipiunt</strong></span> <span class='ocrx_word' id='word_1_357' title='bbox 771 4636 834 4692; x_wconf 91' lang='lat' dir='ltr'><strong>de</strong></span> <span class='ocrx_word' id='word_1_358' title='bbox 857 4634 978 4690; x_wconf 87' lang='lat' dir='ltr'><strong>sede</strong></span> <span class='ocrx_word' id='word_1_359' title='bbox 1005 4643 1056 4688; x_wconf 90' lang='lat' dir='ltr'><strong>et</strong></span> <span class='ocrx_word' id='word_1_360' title='bbox 1085 4641 1274 4700; x_wconf 88' lang='lat' dir='ltr'><strong>pastu;</strong></span> <span class='ocrx_word' id='word_1_361' title='bbox 1308 4630 1486 4698; x_wconf 88' lang='lat' dir='ltr'><strong>itaque</strong></span> <span class='ocrx_word' id='word_1_362' title='bbox 1521 4642 1552 4678; x_wconf 90' lang='lat' dir='ltr'><strong>a</strong></span> <span class='ocrx_word' id='word_1_363' title='bbox 1576 4632 1791 4694; x_wconf 87' lang='lat' dir='ltr'><strong>parente</strong></span> 
     </span>
    </p>
   </div>
   <div class='ocr_carea' id='block_1_51' title="bbox 216 4714 1795 4805">
    <p class='ocr_par' dir='ltr' id='par_1_51' title="bbox 216 4714 1795 4805">
     <span class='ocr_line' id='line_1_51' title="bbox 216 4714 1795 4805; baseline -0.02 -8"><span class='ocrx_word' id='word_1_364' title='bbox 216 4714 604 4805; x_wconf 72' lang='lat' dir='ltr'><strong>ejiciuntur,ct</strong></span> <span class='ocrx_word' id='word_1_365' title='bbox 633 4733 936 4803; x_wconf 84' lang='lat' dir='ltr'><strong>pulsantur,</strong></span> <span class='ocrx_word' id='word_1_366' title='bbox 970 4725 1158 4795; x_wconf 81' lang='lat' dir='ltr'><strong>dejecti</strong></span> <span class='ocrx_word' id='word_1_367' title='bbox 1176 4721 1547 4791; x_wconf 78' lang='lat' dir='ltr'><strong>vociferantur,</strong></span> <span class='ocrx_word' id='word_1_368' title='bbox 1577 4714 1795 4786; x_wconf 86' lang='lat' dir='ltr'><strong>pericli-</strong></span> 
     </span>
    </p>
   </div>
   <div class='ocr_carea' id='block_1_52' title="bbox 221 4806 1794 4899">
    <p class='ocr_par' dir='ltr' id='par_1_52' title="bbox 221 4806 1794 4899">
     <span class='ocr_line' id='line_1_52' title="bbox 221 4806 1794 4899; baseline -0.017 -13"><span class='ocrx_word' id='word_1_369' title='bbox 221 4841 552 4899; x_wconf 83' lang='lat' dir='ltr'><strong>tanturque;</strong></span> <span class='ocrx_word' id='word_1_370' title='bbox 581 4834 636 4880; x_wconf 87' lang='lat' dir='ltr'><strong>et</strong></span> <span class='ocrx_word' id='word_1_371' title='bbox 663 4824 758 4878; x_wconf 90' lang='lat' dir='ltr'><strong>lib.</strong></span> <span class='ocrx_word' id='word_1_372' title='bbox 784 4837 860 4884; x_wconf 89' lang='lat' dir='ltr'><strong>vi,</strong></span> <span class='ocrx_word' id='word_1_373' title='bbox 894 4833 1014 4888; x_wconf 87' lang='lat' dir='ltr'><strong>cap.</strong></span> <span class='ocrx_word' id='word_1_374' title='bbox 1051 4817 1104 4880; x_wconf 89' lang='lat'><strong>6,</strong></span> <span class='ocrx_word' id='word_1_375' title='bbox 1137 4814 1294 4869; x_wconf 65' lang='lat' dir='ltr'><strong>taedio</strong></span> <span class='ocrx_word' id='word_1_376' title='bbox 1323 4812 1486 4868; x_wconf 88' lang='lat' dir='ltr'><strong>etiam</strong></span> <span class='ocrx_word' id='word_1_377' title='bbox 1516 4806 1794 4863; x_wconf 90' lang='lat' dir='ltr'><strong>nutriendi</strong></span> 
     </span>
    </p>
   </div>
   <div class='ocr_carea' id='block_1_53' title="bbox 223 4901 1790 4988">
    <p class='ocr_par' dir='ltr' id='par_1_53' title="bbox 223 4901 1790 4988">
     <span class='ocr_line' id='line_1_53' title="bbox 223 4901 1790 4988; baseline -0.017 -10"><span class='ocrx_word' id='word_1_378' title='bbox 223 4926 355 4978; x_wconf 68' lang='lat' dir='ltr'><strong>illos</strong></span> <span class='ocrx_word' id='word_1_379' title='bbox 383 4918 654 4988; x_wconf 81' lang='lat' dir='ltr'><strong>expellere</strong></span> <span class='ocrx_word' id='word_1_380' title='bbox 674 4915 894 4976; x_wconf 85' lang='lat' dir='ltr'><strong>fatetur,</strong></span> <span class='ocrx_word' id='word_1_381' title='bbox 909 4925 974 4964; x_wconf 91' lang='lat' dir='ltr'><strong>eo</strong></span> <span class='ocrx_word' id='word_1_382' title='bbox 998 4907 1141 4963; x_wconf 89' lang='lat' dir='ltr'><strong>enim</strong></span> <span class='ocrx_word' id='word_1_383' title='bbox 1170 4917 1411 4974; x_wconf 89' lang='lat' dir='ltr'><strong>tempore</strong></span> <span class='ocrx_word' id='word_1_384' title='bbox 1436 4901 1790 4972; x_wconf 81' lang='lat' dir='ltr'><strong>degenerare,</strong></span> 
     </span>
    </p>
   </div>
   <div class='ocr_carea' id='block_1_54' title="bbox 218 4992 1794 5071">
    <p class='ocr_par' dir='ltr' id='par_1_54' title="bbox 218 4992 1794 5071">
     <span class='ocr_line' id='line_1_54' title="bbox 218 4992 1794 5071; baseline -0.016 -2"><span class='ocrx_word' id='word_1_385' title='bbox 218 5023 282 5070; x_wconf 84' lang='lat' dir='ltr'><strong>et</strong></span> <span class='ocrx_word' id='word_1_386' title='bbox 323 5013 616 5066; x_wconf 87' lang='lat' dir='ltr'><strong>hebescere</strong></span> <span class='ocrx_word' id='word_1_387' title='bbox 638 5006 860 5067; x_wconf 87' lang='lat' dir='ltr'><strong>dicitur,</strong></span> <span class='ocrx_word' id='word_1_388' title='bbox 895 5016 1107 5071; x_wconf 77' lang='lat' dir='ltr'><strong>ungues</strong></span> <span class='ocrx_word' id='word_1_389' title='bbox 1143 4995 1363 5058; x_wconf 89' lang='lat' dir='ltr'><strong>inverti,</strong></span> <span class='ocrx_word' id='word_1_390' title='bbox 1402 5008 1609 5064; x_wconf 87' lang='lat' dir='ltr'><strong>pennas</strong></span> <span class='ocrx_word' id='word_1_391' title='bbox 1645 4992 1794 5045; x_wconf 83' lang='lat' dir='ltr'><strong>albe-</strong></span> 
     </span>
    </p>
   </div>
   <div class='ocr_carea' id='block_1_55' title="bbox 220 5083 1796 5172">
    <p class='ocr_par' dir='ltr' id='par_1_55' title="bbox 220 5083 1796 5172">
     <span class='ocr_line' id='line_1_55' title="bbox 220 5083 1796 5172; baseline -0.019 -8"><span class='ocrx_word' id='word_1_392' title='bbox 220 5120 405 5166; x_wconf 87' lang='lat' dir='ltr'><strong>scere,</strong></span> <span class='ocrx_word' id='word_1_393' title='bbox 429 5116 598 5172; x_wconf 88' lang='lat' dir='ltr'><strong>quare</strong></span> <span class='ocrx_word' id='word_1_394' title='bbox 627 5107 684 5154; x_wconf 92' lang='lat' dir='ltr'><strong>ut</strong></span> <span class='ocrx_word' id='word_1_395' title='bbox 709 5099 777 5153; x_wconf 91' lang='lat' dir='ltr'><strong>ad</strong></span> <span class='ocrx_word' id='word_1_396' title='bbox 804 5096 1046 5165; x_wconf 88' lang='lat' dir='ltr'><strong>rapinam</strong></span> <span class='ocrx_word' id='word_1_397' title='bbox 1073 5094 1287 5161; x_wconf 70' lang='lat' dir='ltr'><strong>ineptae,</strong></span> <span class='ocrx_word' id='word_1_398' title='bbox 1307 5088 1486 5158; x_wconf 90' lang='lat' dir='ltr'><strong>pullos</strong></span> <span class='ocrx_word' id='word_1_399' title='bbox 1501 5101 1638 5158; x_wconf 88' lang='lat' dir='ltr'><strong>quos</strong></span> <span class='ocrx_word' id='word_1_400' title='bbox 1661 5083 1796 5139; x_wconf 86' lang='lat' dir='ltr'><strong>edu-</strong></span> 
     </span>
    </p>
   </div>
   <div class='ocr_carea' id='block_1_56' title="bbox 222 5175 1791 5260">
    <p class='ocr_par' dir='ltr' id='par_1_56' title="bbox 222 5175 1791 5260">
     <span class='ocr_line' id='line_1_56' title="bbox 222 5175 1791 5260; baseline -0.017 -11"><span class='ocrx_word' id='word_1_401' title='bbox 222 5210 360 5249; x_wconf 76' lang='lat' dir='ltr'><strong>care</strong></span> <span class='ocrx_word' id='word_1_402' title='bbox 417 5195 714 5260; x_wconf 86' lang='lat' dir='ltr'><strong>nequeunt,</strong></span> <span class='ocrx_word' id='word_1_403' title='bbox 762 5185 890 5240; x_wconf 90' lang='lat' dir='ltr'><strong>odio</strong></span> <span class='ocrx_word' id='word_1_404' title='bbox 941 5181 1174 5254; x_wconf 86' lang='lat' dir='ltr'><strong>quodam</strong></span> <span class='ocrx_word' id='word_1_405' title='bbox 1229 5178 1493 5246; x_wconf 68' lang='lat' dir='ltr'><strong>taedioque</strong></span> <span class='ocrx_word' id='word_1_406' title='bbox 1551 5175 1791 5226; x_wconf 88' lang='lat' dir='ltr'><strong>mittunt.</strong></span> 
     </span>
    </p>
   </div>
   <div class='ocr_carea' id='block_1_57' title="bbox 222 5267 1798 5350">
    <p class='ocr_par' dir='ltr' id='par_1_57' title="bbox 222 5267 1798 5350">
     <span class='ocr_line' id='line_1_57' title="bbox 222 5267 1798 5350; baseline -0.017 -9"><span class='ocrx_word' id='word_1_407' title='bbox 222 5285 464 5350; x_wconf 83' lang='lat' dir='ltr'><strong>Plinius,</strong></span> <span class='ocrx_word' id='word_1_408' title='bbox 498 5282 591 5335; x_wconf 88' lang='lat' dir='ltr'><strong>lib.</strong></span> <span class='ocrx_word' id='word_1_409' title='bbox 630 5296 684 5344; x_wconf 73' lang='grc' dir='ltr'><strong>ι,</strong></span> <span class='ocrx_word' id='word_1_410' title='bbox 719 5293 840 5348; x_wconf 92' lang='lat' dir='ltr'><strong>cap.</strong></span> <span class='ocrx_word' id='word_1_411' title='bbox 882 5276 955 5330; x_wconf 70' lang='grc' dir='ltr'><strong>δε</strong></span> <span class='ocrx_word' id='word_1_412' title='bbox 1009 5271 1307 5341; x_wconf 78' lang='lat' dir='ltr'><strong>Nidiﬁcant</strong></span> <span class='ocrx_word' id='word_1_413' title='bbox 1352 5269 1406 5321; x_wconf 87' lang='lat' dir='ltr'><strong>in</strong></span> <span class='ocrx_word' id='word_1_414' title='bbox 1430 5267 1594 5337; x_wconf 81' lang='lat' dir='ltr'><strong>petris</strong></span> <span class='ocrx_word' id='word_1_415' title='bbox 1627 5274 1676 5317; x_wconf 89' lang='lat' dir='ltr'><strong>et</strong></span> <span class='ocrx_word' id='word_1_416' title='bbox 1710 5279 1798 5316; x_wconf 88' lang='lat' dir='ltr'><strong>ar-</strong></span> 
     </span>
    </p>
   </div>
   <div class='ocr_carea' id='block_1_58' title="bbox 223 5355 1794 5443">
    <p class='ocr_par' dir='ltr' id='par_1_58' title="bbox 223 5355 1794 5443">
     <span class='ocr_line' id='line_1_58' title="bbox 223 5355 1794 5443; baseline -0.015 -11"><span class='ocrx_word' id='word_1_417' title='bbox 223 5376 443 5432; x_wconf 79' lang='lat' dir='ltr'><strong>boribus</strong></span> <span class='ocrx_word' id='word_1_418' title='bbox 476 5374 731 5443; x_wconf 88' lang='lat' dir='ltr'><strong>:pariunt</strong></span> <span class='ocrx_word' id='word_1_419' title='bbox 752 5387 851 5424; x_wconf 90' lang='lat' dir='ltr'><strong>ova</strong></span> <span class='ocrx_word' id='word_1_420' title='bbox 881 5377 1050 5428; x_wconf 88' lang='lat' dir='ltr'><strong>terna,</strong></span> <span class='ocrx_word' id='word_1_421' title='bbox 1085 5362 1369 5418; x_wconf 75' lang='lat' dir='ltr'><strong>excludunt</strong></span> <span class='ocrx_word' id='word_1_422' title='bbox 1396 5357 1568 5429; x_wconf 85' lang='lat' dir='ltr'><strong>pullos</strong></span> <span class='ocrx_word' id='word_1_423' title='bbox 1605 5355 1752 5408; x_wconf 89' lang='lat' dir='ltr'><strong>binos</strong></span> <span class='ocrx_word' id='word_1_424' title='bbox 1775 5370 1794 5409; x_wconf 90' lang='lat'><strong><em>:</em></strong></span> 
     </span>
    </p>
   </div>
   <div class='ocr_carea' id='block_1_59' title="bbox 221 5446 1794 5532">
    <p class='ocr_par' dir='ltr' id='par_1_59' title="bbox 221 5446 1794 5532">
     <span class='ocr_line' id='line_1_59' title="bbox 221 5446 1794 5532; baseline -0.016 -8"><span class='ocrx_word' id='word_1_425' title='bbox 221 5470 328 5524; x_wconf 78' lang='lat' dir='ltr'><strong>visi</strong></span> <span class='ocrx_word' id='word_1_426' title='bbox 361 5477 483 5520; x_wconf 77' lang='lat' dir='ltr'><strong>sunt</strong></span> <span class='ocrx_word' id='word_1_427' title='bbox 524 5476 571 5518; x_wconf 88' lang='lat' dir='ltr'><strong>et</strong></span> <span class='ocrx_word' id='word_1_428' title='bbox 597 5478 699 5517; x_wconf 87' lang='lat' dir='ltr'><strong>tres</strong></span> <span class='ocrx_word' id='word_1_429' title='bbox 727 5457 1036 5532; x_wconf 86' lang='lat' dir='ltr'><strong>aliquando,</strong></span> <span class='ocrx_word' id='word_1_430' title='bbox 1071 5457 1296 5510; x_wconf 86' lang='lat' dir='ltr'><strong>alterum</strong></span> <span class='ocrx_word' id='word_1_431' title='bbox 1331 5449 1598 5520; x_wconf 82' lang='lat' dir='ltr'><strong>expellunt</strong></span> <span class='ocrx_word' id='word_1_432' title='bbox 1638 5446 1794 5500; x_wconf 74' lang='lat' dir='ltr'><strong>twdio</strong></span> 
     </span>
    </p>
   </div>
   <div class='ocr_carea' id='block_1_60' title="bbox 225 5543 1799 5624">
    <p class='ocr_par' dir='ltr' id='par_1_60' title="bbox 225 5543 1799 5624">
     <span class='ocr_line' id='line_1_60' title="bbox 225 5543 1799 5624; baseline -0.014 -10"><span class='ocrx_word' id='word_1_433' title='bbox 225 5557 518 5615; x_wconf 73' lang='lat' dir='ltr'><strong>mittendi.</strong></span> <span class='ocrx_word' id='word_1_434' title='bbox 553 5556 750 5624; x_wconf 86' lang='lat' dir='ltr'><strong>Quippe</strong></span> <span class='ocrx_word' id='word_1_435' title='bbox 771 5570 830 5608; x_wconf 88' lang='lat' dir='ltr'><strong>eo</strong></span> <span class='ocrx_word' id='word_1_436' title='bbox 863 5565 1087 5620; x_wconf 83' lang='lat' dir='ltr'><strong>tempore</strong></span> <span class='ocrx_word' id='word_1_437' title='bbox 1111 5548 1238 5614; x_wconf 84' lang='lat' dir='ltr'><strong>ipsis</strong></span> <span class='ocrx_word' id='word_1_438' title='bbox 1267 5545 1439 5600; x_wconf 84' lang='lat' dir='ltr'><strong>cibum</strong></span> <span class='ocrx_word' id='word_1_439' title='bbox 1454 5543 1658 5614; x_wconf 83' lang='lat' dir='ltr'><strong>negavit</strong></span> <span class='ocrx_word' id='word_1_440' title='bbox 1701 5557 1799 5593; x_wconf 88' lang='lat' dir='ltr'><strong>na-</strong></span> 
     </span>
    </p>
   </div>
   <div class='ocr_carea' id='block_1_61' title="bbox 227 5637 1796 5719">
    <p class='ocr_par' dir='ltr' id='par_1_61' title="bbox 227 5637 1796 5719">
     <span class='ocr_line' id='line_1_61' title="bbox 227 5637 1796 5719; baseline -0.014 -11"><span class='ocrx_word' id='word_1_441' title='bbox 227 5665 352 5708; x_wconf 64' lang='lat' dir='ltr'><strong>tura</strong></span> <span class='ocrx_word' id='word_1_442' title='bbox 372 5649 716 5719; x_wconf 77' lang='lat' dir='ltr'><strong>prospiciens,</strong></span> <span class='ocrx_word' id='word_1_443' title='bbox 754 5662 814 5699; x_wconf 78' lang='lat' dir='ltr'><strong>ne</strong></span> <span class='ocrx_word' id='word_1_444' title='bbox 833 5644 1068 5698; x_wconf 87' lang='lat' dir='ltr'><strong>omnium</strong></span> <span class='ocrx_word' id='word_1_445' title='bbox 1101 5640 1339 5711; x_wconf 79' lang='lat' dir='ltr'><strong>ferarum</strong></span> <span class='ocrx_word' id='word_1_446' title='bbox 1369 5637 1504 5707; x_wconf 77' lang='lat' dir='ltr'><strong>{etus</strong></span> <span class='ocrx_word' id='word_1_447' title='bbox 1546 5649 1796 5703; x_wconf 87' lang='lat' dir='ltr'><strong>raperen-</strong></span> 
     </span>
    </p>
   </div>
   <div class='ocr_carea' id='block_1_62' title="bbox 230 5725 1800 5813">
    <p class='ocr_par' dir='ltr' id='par_1_62' title="bbox 230 5725 1800 5813">
     <span class='ocr_line' id='line_1_62' title="bbox 230 5725 1800 5813; baseline -0.015 -12"><span class='ocrx_word' id='word_1_448' title='bbox 230 5758 338 5802; x_wconf 89' lang='lat' dir='ltr'><strong>tur.</strong></span> <span class='ocrx_word' id='word_1_449' title='bbox 369 5743 572 5813; x_wconf 79' lang='lat' dir='ltr'><strong>Ungues</strong></span> <span class='ocrx_word' id='word_1_450' title='bbox 599 5755 798 5811; x_wconf 86' lang='lat' dir='ltr'><strong>quoque</strong></span> <span class='ocrx_word' id='word_1_451' title='bbox 818 5737 1346 5792; x_wconf 85' lang='lat' dir='ltr'><strong>earuminvertuntur</strong></span> <span class='ocrx_word' id='word_1_452' title='bbox 1365 5728 1548 5784; x_wconf 85' lang='lat' dir='ltr'><strong>diebus</strong></span> <span class='ocrx_word' id='word_1_453' title='bbox 1577 5742 1646 5780; x_wconf 81' lang='lat' dir='ltr'><strong>xv</strong></span> <span class='ocrx_word' id='word_1_454' title='bbox 1674 5742 1687 5790; x_wconf 92' lang='lat'><strong>;</strong></span> <span class='ocrx_word' id='word_1_455' title='bbox 1723 5725 1800 5778; x_wconf 87' lang='lat' dir='ltr'><strong>al-</strong></span> 
     </span>
    </p>
   </div>
   <div class='ocr_carea' id='block_1_63' title="bbox 236 5817 1791 5901">
    <p class='ocr_par' dir='ltr' id='par_1_63' title="bbox 236 5817 1791 5901">
     <span class='ocr_line' id='line_1_63' title="bbox 236 5817 1791 5901; baseline -0.013 -10"><span class='ocrx_word' id='word_1_456' title='bbox 236 5839 450 5894; x_wconf 81' lang='lat' dir='ltr'><strong>bescunt</strong></span> <span class='ocrx_word' id='word_1_457' title='bbox 471 5834 646 5889; x_wconf 88' lang='lat' dir='ltr'><strong>inedia</strong></span> <span class='ocrx_word' id='word_1_458' title='bbox 673 5847 853 5901; x_wconf 75' lang='lat' dir='ltr'><strong>penna:</strong></span> <span class='ocrx_word' id='word_1_459' title='bbox 873 5871 888 5898; x_wconf 92' lang='lat'><strong>,</strong></span> <span class='ocrx_word' id='word_1_460' title='bbox 912 5839 969 5883; x_wconf 85' lang='lat' dir='ltr'><strong>ut</strong></span> <span class='ocrx_word' id='word_1_461' title='bbox 999 5828 1185 5884; x_wconf 84' lang='lat' dir='ltr'><strong>merito</strong></span> <span class='ocrx_word' id='word_1_462' title='bbox 1206 5832 1391 5881; x_wconf 80' lang='lat' dir='ltr'><strong>partus</strong></span> <span class='ocrx_word' id='word_1_463' title='bbox 1419 5835 1541 5874; x_wconf 88' lang='lat' dir='ltr'><strong>suos</strong></span> <span class='ocrx_word' id='word_1_464' title='bbox 1565 5817 1791 5872; x_wconf 80' lang='lat' dir='ltr'><strong>oderint.</strong></span> 
     </span>
    </p>
   </div>
   <div class='ocr_carea' id='block_1_64' title="bbox 1885 537 3451 612">
    <p class='ocr_par' dir='ltr' id='par_1_64' title="bbox 1885 537 3451 612">
     <span class='ocr_line' id='line_1_64' title="bbox 1885 537 3451 612; baseline 0 -17"><span class='ocrx_word' id='word_1_465' title='bbox 1885 557 2045 612; x_wconf 88' lang='lat' dir='ltr'><strong>quem</strong></span> <span class='ocrx_word' id='word_1_466' title='bbox 2072 542 2238 599; x_wconf 83' lang='lat' dir='ltr'><strong>refert</strong></span> <span class='ocrx_word' id='word_1_467' title='bbox 2261 542 2585 597; x_wconf 83' lang='lat' dir='ltr'><strong>Aristoteles</strong></span> <span class='ocrx_word' id='word_1_468' title='bbox 2618 541 2764 595; x_wconf 91' lang='lat' dir='ltr'><strong>dicto</strong></span> <span class='ocrx_word' id='word_1_469' title='bbox 2794 540 2934 606; x_wconf 89' lang='lat' dir='ltr'><strong>loco,</strong></span> <span class='ocrx_word' id='word_1_470' title='bbox 2968 546 3021 594; x_wconf 89' lang='lat' dir='ltr'><strong>et</strong></span> <span class='ocrx_word' id='word_1_471' title='bbox 3047 537 3376 595; x_wconf 86' lang='lat' dir='ltr'><strong>Plutarchus</strong></span> <span class='ocrx_word' id='word_1_472' title='bbox 3394 540 3451 596; x_wconf 92' lang='lat' dir='ltr'><strong>iu</strong></span> 
     </span>
    </p>
   </div>
   <div class='ocr_carea' id='block_1_65' title="bbox 1883 625 3077 687">
    <p class='ocr_par' dir='ltr' id='par_1_65' title="bbox 1883 625 3077 687">
     <span class='ocr_line' id='line_1_65' title="bbox 1883 625 3077 687; baseline 0 0"><span class='ocrx_word' id='word_1_473' title='bbox 1883 631 2062 687; x_wconf 70' lang='lat' dir='ltr'><strong>Mario</strong></span> <span class='ocrx_word' id='word_1_474' title='bbox 2096 648 2116 687; x_wconf 90' lang='lat'><strong><em>:</em></strong></span> <span class='ocrx_word' id='word_1_475' title='bbox 3069 625 3077 634; x_wconf 79' lang='grc'><em>’</em></span> 
     </span>
    </p>
   </div>
   <div class='ocr_carea' id='block_1_66' title="bbox 1962 718 3448 796">
    <p class='ocr_par' dir='ltr' id='par_1_66' title="bbox 1962 718 3448 796">
     <span class='ocr_line' id='line_1_66' title="bbox 1962 718 3448 796; baseline -0.004 -18"><span class='ocrx_word' id='word_1_476' title='bbox 1962 727 2056 789; x_wconf 86' lang='grc' dir='ltr'><strong>Ὃς</strong></span> <span class='ocrx_word' id='word_1_477' title='bbox 2085 725 2209 796; x_wconf 86' lang='grc' dir='ltr'>τρία</span> <span class='ocrx_word' id='word_1_478' title='bbox 2241 725 2339 796; x_wconf 83' lang='grc' dir='ltr'><strong>μὲν</strong></span> <span class='ocrx_word' id='word_1_479' title='bbox 2363 723 2562 787; x_wconf 78' lang='grc' dir='ltr'><strong>τίκτει,</strong></span> <span class='ocrx_word' id='word_1_480' title='bbox 2585 722 2676 776; x_wconf 79' lang='grc' dir='ltr'>δύο</span> <span class='ocrx_word' id='word_1_481' title='bbox 2705 720 2993 785; x_wconf 79' lang='grc' dir='ltr'><strong>δ’ὲκλὲπει,</strong></span> <span class='ocrx_word' id='word_1_482' title='bbox 3031 720 3088 774; x_wconf 84' lang='grc' dir='ltr'>ἓν</span> <span class='ocrx_word' id='word_1_483' title='bbox 3105 720 3150 773; x_wconf 84' lang='grc' dir='ltr'>δ’</span> <span class='ocrx_word' id='word_1_484' title='bbox 3182 718 3448 788; x_wconf 77' lang='grc' dir='ltr'><strong>ἀλεγίζει·</strong></span> 
     </span>
    </p>
   </div>
   <div class='ocr_carea' id='block_1_67' title="bbox 1885 813 3452 886">
    <p class='ocr_par' dir='ltr' id='par_1_67' title="bbox 1885 813 3452 886">
     <span class='ocr_line' id='line_1_67' title="bbox 1885 813 3452 886; baseline -0.001 -16"><span class='ocrx_word' id='word_1_485' title='bbox 1885 816 1998 872; x_wconf 82' lang='lat' dir='ltr'><strong>Hoc</strong></span> <span class='ocrx_word' id='word_1_486' title='bbox 2037 817 2229 873; x_wconf 90' lang='lat' dir='ltr'><strong>ultimo</strong></span> <span class='ocrx_word' id='word_1_487' title='bbox 2259 816 2634 886; x_wconf 87' lang='lat' dir='ltr'><strong>Dalccainpius</strong></span> <span class='ocrx_word' id='word_1_488' title='bbox 2693 817 2841 886; x_wconf 90' lang='lat' dir='ltr'><strong>legit,</strong></span> <span class='ocrx_word' id='word_1_489' title='bbox 2897 814 2954 868; x_wconf 81' lang='grc' dir='ltr'>ἓν</span> <span class='ocrx_word' id='word_1_490' title='bbox 2995 813 3039 866; x_wconf 88' lang='grc' dir='ltr'><strong>δ’</strong></span> <span class='ocrx_word' id='word_1_491' title='bbox 3073 813 3340 878; x_wconf 78' lang='grc' dir='ltr'><strong>ἀλιϐἀζει,</strong></span> <span class='ocrx_word' id='word_1_492' title='bbox 3397 822 3452 869; x_wconf 91' lang='lat' dir='ltr'><strong>et</strong></span> 
     </span>
    </p>
   </div>
   <div class='ocr_carea' id='block_1_68' title="bbox 1885 908 3452 978">
    <p class='ocr_par' dir='ltr' id='par_1_68' title="bbox 1885 908 3452 978">
     <span class='ocr_line' id='line_1_68' title="bbox 1885 908 3452 978; baseline -0.004 -12"><span class='ocrx_word' id='word_1_493' title='bbox 1885 911 2207 966; x_wconf 90' lang='lat' dir='ltr'><strong>sententiam</strong></span> <span class='ocrx_word' id='word_1_494' title='bbox 2236 925 2353 963; x_wconf 90' lang='lat' dir='ltr'><strong>eam</strong></span> <span class='ocrx_word' id='word_1_495' title='bbox 2377 925 2500 964; x_wconf 89' lang='lat' dir='ltr'><strong>esse</strong></span> <span class='ocrx_word' id='word_1_496' title='bbox 2519 909 2649 972; x_wconf 88' lang='lat' dir='ltr'><strong>vult,</strong></span> <span class='ocrx_word' id='word_1_497' title='bbox 2675 908 2908 978; x_wconf 86' lang='lat' dir='ltr'><strong>aquilam</strong></span> <span class='ocrx_word' id='word_1_498' title='bbox 2941 923 3106 960; x_wconf 90' lang='lat' dir='ltr'><strong>unum</strong></span> <span class='ocrx_word' id='word_1_499' title='bbox 3135 921 3295 961; x_wconf 87' lang='lat' dir='ltr'><strong>ovum</strong></span> <span class='ocrx_word' id='word_1_500' title='bbox 3327 921 3452 962; x_wconf 86' lang='lat' dir='ltr'><strong>cor-</strong></span> 
     </span>
    </p>
   </div>
   <div class='ocr_carea' id='block_1_69' title="bbox 1885 997 3448 1072">
    <p class='ocr_par' dir='ltr' id='par_1_69' title="bbox 1885 997 3448 1072">
     <span class='ocr_line' id='line_1_69' title="bbox 1885 997 3448 1072; baseline -0.004 -15"><span class='ocrx_word' id='word_1_501' title='bbox 1885 1016 2160 1072; x_wconf 88' lang='lat' dir='ltr'><strong>rumpere,</strong></span> <span class='ocrx_word' id='word_1_502' title='bbox 2232 999 2478 1070; x_wconf 83' lang='lat' dir='ltr'><strong>perdere,</strong></span> <span class='ocrx_word' id='word_1_503' title='bbox 2541 999 2650 1054; x_wconf 93' lang='lat' dir='ltr'><strong>duo</strong></span> <span class='ocrx_word' id='word_1_504' title='bbox 2703 997 3016 1063; x_wconf 76' lang='lat' dir='ltr'><strong>excludere,</strong></span> <span class='ocrx_word' id='word_1_505' title='bbox 3072 997 3179 1051; x_wconf 75' lang='lat' dir='ltr'><strong>tria</strong></span> <span class='ocrx_word' id='word_1_506' title='bbox 3237 1011 3448 1066; x_wconf 86' lang='lat' dir='ltr'><strong>parere,</strong></span> 
     </span>
    </p>
   </div>
   <div class='ocr_carea' id='block_1_70' title="bbox 1884 1087 3453 1161">
    <p class='ocr_par' dir='ltr' id='par_1_70' title="bbox 1884 1087 3453 1161">
     <span class='ocr_line' id='line_1_70' title="bbox 1884 1087 3453 1161; baseline -0.006 -13"><span class='ocrx_word' id='word_1_507' title='bbox 1884 1091 2374 1161; x_wconf 89' lang='lat' dir='ltr'><strong>animadvertitque</strong></span> <span class='ocrx_word' id='word_1_508' title='bbox 2409 1091 2462 1144; x_wconf 92' lang='lat' dir='ltr'><strong>iu</strong></span> <span class='ocrx_word' id='word_1_509' title='bbox 2497 1090 2842 1159; x_wconf 82' lang='lat' dir='ltr'><strong>interpretem</strong></span> <span class='ocrx_word' id='word_1_510' title='bbox 2870 1090 2961 1158; x_wconf 91' lang='lat' dir='ltr'><strong>qui</strong></span> <span class='ocrx_word' id='word_1_511' title='bbox 2998 1088 3128 1141; x_wconf 93' lang='lat' dir='ltr'><strong>illud</strong></span> <span class='ocrx_word' id='word_1_512' title='bbox 3153 1089 3212 1141; x_wconf 76' lang='grc' dir='ltr'>ἓν</span> <span class='ocrx_word' id='word_1_513' title='bbox 3235 1087 3302 1141; x_wconf 89' lang='lat' dir='ltr'><strong>ad</strong></span> <span class='ocrx_word' id='word_1_514' title='bbox 3334 1087 3453 1156; x_wconf 89' lang='lat' dir='ltr'><strong>pul-</strong></span> 
     </span>
    </p>
   </div>
   <div class='ocr_carea' id='block_1_71' title="bbox 1885 1177 3448 1248">
    <p class='ocr_par' dir='ltr' id='par_1_71' title="bbox 1885 1177 3448 1248">
     <span class='ocr_line' id='line_1_71' title="bbox 1885 1177 3448 1248; baseline -0.004 -10"><span class='ocrx_word' id='word_1_515' title='bbox 1885 1184 2019 1248; x_wconf 88' lang='lat' dir='ltr'><strong>lum,</strong></span> <span class='ocrx_word' id='word_1_516' title='bbox 2049 1199 2157 1238; x_wconf 89' lang='lat' dir='ltr'><strong>non</strong></span> <span class='ocrx_word' id='word_1_517' title='bbox 2193 1183 2260 1236; x_wconf 90' lang='lat' dir='ltr'><strong>ad</strong></span> <span class='ocrx_word' id='word_1_518' title='bbox 2288 1196 2448 1236; x_wconf 91' lang='lat' dir='ltr'><strong>ovum</strong></span> <span class='ocrx_word' id='word_1_519' title='bbox 2482 1181 2757 1244; x_wconf 88' lang='lat' dir='ltr'><strong>retulerit;</strong></span> <span class='ocrx_word' id='word_1_520' title='bbox 2779 1194 2877 1234; x_wconf 88' lang='lat' dir='ltr'><strong>nec</strong></span> <span class='ocrx_word' id='word_1_521' title='bbox 2910 1180 3025 1248; x_wconf 90' lang='lat' dir='ltr'><strong>ipse</strong></span> <span class='ocrx_word' id='word_1_522' title='bbox 3054 1187 3234 1233; x_wconf 89' lang='lat' dir='ltr'><strong>tamen</strong></span> <span class='ocrx_word' id='word_1_523' title='bbox 3262 1177 3448 1233; x_wconf 69' lang='lat' dir='ltr'><strong>Musaei</strong></span> 
     </span>
    </p>
   </div>
   <div class='ocr_carea' id='block_1_72' title="bbox 1886 1273 3454 1343">
    <p class='ocr_par' dir='ltr' id='par_1_72' title="bbox 1886 1273 3454 1343">
     <span class='ocr_line' id='line_1_72' title="bbox 1886 1273 3454 1343; baseline -0.004 -8"><span class='ocrx_word' id='word_1_524' title='bbox 1886 1277 2212 1334; x_wconf 87' lang='lat' dir='ltr'><strong>sententiam</strong></span> <span class='ocrx_word' id='word_1_525' title='bbox 2233 1285 2516 1332; x_wconf 83' lang='lat' dir='ltr'><strong>assecutus</strong></span> <span class='ocrx_word' id='word_1_526' title='bbox 2537 1282 2641 1337; x_wconf 88' lang='lat' dir='ltr'><strong>est,</strong></span> <span class='ocrx_word' id='word_1_527' title='bbox 2674 1289 2836 1343; x_wconf 90' lang='lat' dir='ltr'><strong>quam</strong></span> <span class='ocrx_word' id='word_1_528' title='bbox 2867 1289 2933 1328; x_wconf 82' lang='lat' dir='ltr'><strong>ex</strong></span> <span class='ocrx_word' id='word_1_529' title='bbox 2964 1273 3267 1342; x_wconf 87' lang='lat' dir='ltr'><strong>aquilarum</strong></span> <span class='ocrx_word' id='word_1_530' title='bbox 3289 1273 3454 1328; x_wconf 90' lang='lat' dir='ltr'><strong>histo-</strong></span> 
     </span>
    </p>
   </div>
   <div class='ocr_carea' id='block_1_73' title="bbox 1885 1368 3447 1440">
    <p class='ocr_par' dir='ltr' id='par_1_73' title="bbox 1885 1368 3447 1440">
     <span class='ocr_line' id='line_1_73' title="bbox 1885 1368 3447 1440; baseline -0.004 -11"><span class='ocrx_word' id='word_1_531' title='bbox 1885 1375 1966 1429; x_wconf 90' lang='lat' dir='ltr'><strong>ria</strong></span> <span class='ocrx_word' id='word_1_532' title='bbox 1996 1373 2221 1438; x_wconf 87' lang='lat' dir='ltr'><strong>claram,</strong></span> <span class='ocrx_word' id='word_1_533' title='bbox 2254 1369 2443 1426; x_wconf 89' lang='lat' dir='ltr'><strong>nescio</strong></span> <span class='ocrx_word' id='word_1_534' title='bbox 2467 1368 2738 1440; x_wconf 88' lang='lat' dir='ltr'><strong>quomodo</strong></span> <span class='ocrx_word' id='word_1_535' title='bbox 2767 1369 3044 1438; x_wconf 84' lang='lat' dir='ltr'><strong>pervertit,</strong></span> <span class='ocrx_word' id='word_1_536' title='bbox 3077 1382 3140 1422; x_wconf 90' lang='lat' dir='ltr'><strong>ea</strong></span> <span class='ocrx_word' id='word_1_537' title='bbox 3163 1371 3306 1423; x_wconf 89' lang='lat' dir='ltr'><strong>enim</strong></span> <span class='ocrx_word' id='word_1_538' title='bbox 3331 1375 3447 1423; x_wconf 90' lang='lat' dir='ltr'><strong>est:</strong></span> 
     </span>
    </p>
   </div>
   <div class='ocr_carea' id='block_1_74' title="bbox 1884 1457 3450 1534">
    <p class='ocr_par' dir='ltr' id='par_1_74' title="bbox 1884 1457 3450 1534">
     <span class='ocr_line' id='line_1_74' title="bbox 1884 1457 3450 1534; baseline -0.006 -14"><span class='ocrx_word' id='word_1_539' title='bbox 1884 1463 2134 1534; x_wconf 80' lang='lat' dir='ltr'><strong>Aquilam</strong></span> <span class='ocrx_word' id='word_1_540' title='bbox 2168 1461 2270 1515; x_wconf 87' lang='lat' dir='ltr'><strong>tria</strong></span> <span class='ocrx_word' id='word_1_541' title='bbox 2300 1476 2401 1515; x_wconf 89' lang='lat' dir='ltr'><strong>ova</strong></span> <span class='ocrx_word' id='word_1_542' title='bbox 2432 1475 2714 1531; x_wconf 80' lang='lat' dir='ltr'><strong>generare,</strong></span> <span class='ocrx_word' id='word_1_543' title='bbox 2771 1458 2880 1512; x_wconf 91' lang='lat' dir='ltr'><strong>duo</strong></span> <span class='ocrx_word' id='word_1_544' title='bbox 2935 1457 3245 1520; x_wconf 83' lang='lat' dir='ltr'><strong>excludere,</strong></span> <span class='ocrx_word' id='word_1_545' title='bbox 3278 1472 3450 1511; x_wconf 86' lang='lat' dir='ltr'><strong>unum</strong></span> 
     </span>
    </p>
   </div>
   <div class='ocr_carea' id='block_1_75' title="bbox 1887 1549 3448 1624">
    <p class='ocr_par' dir='ltr' id='par_1_75' title="bbox 1887 1549 3448 1624">
     <span class='ocr_line' id='line_1_75' title="bbox 1887 1549 3448 1624; baseline -0.006 -11"><span class='ocrx_word' id='word_1_546' title='bbox 1887 1557 2094 1613; x_wconf 86' lang='lat' dir='ltr'><strong>scilicet</strong></span> <span class='ocrx_word' id='word_1_547' title='bbox 2142 1554 2372 1624; x_wconf 91' lang='lat' dir='ltr'><strong>pullum,</strong></span> <span class='ocrx_word' id='word_1_548' title='bbox 2405 1567 2528 1606; x_wconf 90' lang='lat' dir='ltr'><strong>cum</strong></span> <span class='ocrx_word' id='word_1_549' title='bbox 2561 1552 2673 1620; x_wconf 88' lang='lat' dir='ltr'><strong>jam</strong></span> <span class='ocrx_word' id='word_1_550' title='bbox 2732 1565 2832 1605; x_wconf 91' lang='lat' dir='ltr'><strong>ova</strong></span> <span class='ocrx_word' id='word_1_551' title='bbox 2869 1566 2976 1604; x_wconf 89' lang='lat' dir='ltr'><strong>non</strong></span> <span class='ocrx_word' id='word_1_552' title='bbox 3011 1559 3160 1614; x_wconf 90' lang='lat' dir='ltr'><strong>sunt,</strong></span> <span class='ocrx_word' id='word_1_553' title='bbox 3190 1549 3448 1613; x_wconf 88' lang='lat' dir='ltr'><strong>educare,</strong></span> 
     </span>
    </p>
   </div>
   <div class='ocr_carea' id='block_1_76' title="bbox 1845 1642 3459 1720">
    <p class='ocr_par' dir='ltr' id='par_1_76' title="bbox 1845 1642 3459 1720">
     <span class='ocr_line' id='line_1_76' title="bbox 1845 1642 3459 1720; baseline -0.006 -15"><span class='ocrx_word' id='word_1_554' title='bbox 1845 1661 1850 1667; x_wconf 86' lang='lat'><strong>’</strong></span> <span class='ocrx_word' id='word_1_555' title='bbox 1887 1652 2138 1720; x_wconf 87' lang='lat' dir='ltr'><strong>alereque</strong></span> <span class='ocrx_word' id='word_1_556' title='bbox 2166 1647 2286 1717; x_wconf 87' lang='lat' dir='ltr'><strong>ejus</strong></span> <span class='ocrx_word' id='word_1_557' title='bbox 2310 1661 2495 1700; x_wconf 89' lang='lat' dir='ltr'><strong>curam</strong></span> <span class='ocrx_word' id='word_1_558' title='bbox 2526 1644 2784 1716; x_wconf 85' lang='lat' dir='ltr'><strong>gerendo.</strong></span> <span class='ocrx_word' id='word_1_559' title='bbox 2817 1643 2998 1710; x_wconf 87' lang='lat' dir='ltr'><strong>Quare</strong></span> <span class='ocrx_word' id='word_1_560' title='bbox 3026 1650 3214 1713; x_wconf 91' lang='lat' dir='ltr'><strong>postea</strong></span> <span class='ocrx_word' id='word_1_561' title='bbox 3237 1642 3459 1697; x_wconf 73' lang='lat' dir='ltr'><strong>Aristo-</strong></span> 
     </span>
    </p>
   </div>
   <div class='ocr_carea' id='block_1_77' title="bbox 1886 1734 3451 1809">
    <p class='ocr_par' dir='ltr' id='par_1_77' title="bbox 1886 1734 3451 1809">
     <span class='ocr_line' id='line_1_77' title="bbox 1886 1734 3451 1809; baseline -0.005 -12"><span class='ocrx_word' id='word_1_562' title='bbox 1886 1744 2021 1797; x_wconf 91' lang='lat' dir='ltr'><strong>teles</strong></span> <span class='ocrx_word' id='word_1_563' title='bbox 2053 1739 2269 1797; x_wconf 86' lang='lat' dir='ltr'><strong>subdit:</strong></span> <span class='ocrx_word' id='word_1_564' title='bbox 2295 1737 2555 1805; x_wconf 85' lang='lat' dir='ltr'><strong>Quamvis</strong></span> <span class='ocrx_word' id='word_1_565' title='bbox 2583 1753 2777 1809; x_wconf 87' lang='lat' dir='ltr'><strong>magna</strong></span> <span class='ocrx_word' id='word_1_566' title='bbox 2803 1754 2868 1792; x_wconf 76' lang='lat' dir='ltr'><strong>es</strong></span> <span class='ocrx_word' id='word_1_567' title='bbox 2901 1745 3054 1807; x_wconf 88' lang='lat' dir='ltr'><strong>parte</strong></span> <span class='ocrx_word' id='word_1_568' title='bbox 3076 1737 3128 1792; x_wconf 91' lang='lat' dir='ltr'><strong>id</strong></span> <span class='ocrx_word' id='word_1_569' title='bbox 3158 1735 3267 1800; x_wconf 85' lang='lat' dir='ltr'><strong>flat,</strong></span> <span class='ocrx_word' id='word_1_570' title='bbox 3302 1734 3451 1790; x_wconf 86' lang='lat' dir='ltr'><strong>vide-</strong></span> 
     </span>
    </p>
   </div>
   <div class='ocr_carea' id='block_1_78' title="bbox 1888 1826 3454 1899">
    <p class='ocr_par' dir='ltr' id='par_1_78' title="bbox 1888 1826 3454 1899">
     <span class='ocr_line' id='line_1_78' title="bbox 1888 1826 3454 1899; baseline -0.004 -11"><span class='ocrx_word' id='word_1_571' title='bbox 1888 1835 2035 1898; x_wconf 89' lang='lat' dir='ltr'><strong>licet,</strong></span> <span class='ocrx_word' id='word_1_572' title='bbox 2067 1848 2235 1887; x_wconf 90' lang='lat' dir='ltr'><strong>unum</strong></span> <span class='ocrx_word' id='word_1_573' title='bbox 2266 1833 2519 1894; x_wconf 85' lang='lat' dir='ltr'><strong>educere,</strong></span> <span class='ocrx_word' id='word_1_574' title='bbox 2570 1836 2752 1884; x_wconf 87' lang='lat' dir='ltr'><strong>tamen</strong></span> <span class='ocrx_word' id='word_1_575' title='bbox 2793 1829 3085 1899; x_wconf 85' lang='lat' dir='ltr'><strong>aliquando</strong></span> <span class='ocrx_word' id='word_1_576' title='bbox 3118 1836 3172 1883; x_wconf 91' lang='lat' dir='ltr'><strong>et</strong></span> <span class='ocrx_word' id='word_1_577' title='bbox 3204 1836 3315 1883; x_wconf 89' lang='lat' dir='ltr'><strong>tres</strong></span> <span class='ocrx_word' id='word_1_578' title='bbox 3349 1826 3454 1881; x_wconf 88' lang='lat' dir='ltr'><strong>visi</strong></span> 
     </span>
    </p>
   </div>
   <div class='ocr_carea' id='block_1_79' title="bbox 1889 1921 3454 1996">
    <p class='ocr_par' dir='ltr' id='par_1_79' title="bbox 1889 1921 3454 1996">
     <span class='ocr_line' id='line_1_79' title="bbox 1889 1921 3454 1996; baseline -0.005 -16"><span class='ocrx_word' id='word_1_579' title='bbox 1889 1934 2017 1981; x_wconf 84' lang='lat' dir='ltr'><strong>sunt</strong></span> <span class='ocrx_word' id='word_1_580' title='bbox 2041 1926 2192 1996; x_wconf 92' lang='lat' dir='ltr'><strong>pulli.</strong></span> <span class='ocrx_word' id='word_1_581' title='bbox 2225 1921 2334 1978; x_wconf 84' lang='lat' dir='ltr'><strong>Nec</strong></span> <span class='ocrx_word' id='word_1_582' title='bbox 2371 1922 2680 1976; x_wconf 88' lang='lat' dir='ltr'><strong>Aristotelis</strong></span> <span class='ocrx_word' id='word_1_583' title='bbox 2714 1922 3036 1976; x_wconf 88' lang='lat' dir='ltr'><strong>sententiam</strong></span> <span class='ocrx_word' id='word_1_584' title='bbox 3062 1921 3326 1990; x_wconf 76' lang='lat' dir='ltr'><strong>integram</strong></span> <span class='ocrx_word' id='word_1_585' title='bbox 3357 1934 3454 1973; x_wconf 84' lang='lat' dir='ltr'><strong>ex-</strong></span> 
     </span>
    </p>
   </div>
   <div class='ocr_carea' id='block_1_80' title="bbox 1887 2009 3452 2090">
    <p class='ocr_par' dir='ltr' id='par_1_80' title="bbox 1887 2009 3452 2090">
     <span class='ocr_line' id='line_1_80' title="bbox 1887 2009 3452 2090; baseline -0.007 -15"><span class='ocrx_word' id='word_1_586' title='bbox 1887 2020 2086 2090; x_wconf 87' lang='lat' dir='ltr'><strong>pressit</strong></span> <span class='ocrx_word' id='word_1_587' title='bbox 2112 2017 2319 2070; x_wconf 86' lang='lat' dir='ltr'><strong>Plinius</strong></span> <span class='ocrx_word' id='word_1_588' title='bbox 2341 2034 2353 2069; x_wconf 86' lang='lat'><strong>:</strong></span> <span class='ocrx_word' id='word_1_589' title='bbox 2376 2013 2602 2067; x_wconf 87' lang='lat' dir='ltr'><strong>Pariunt</strong></span> <span class='ocrx_word' id='word_1_590' title='bbox 2630 2030 2724 2066; x_wconf 85' lang='lat' dir='ltr'><strong>ova</strong></span> <span class='ocrx_word' id='word_1_591' title='bbox 2755 2015 2895 2066; x_wconf 88' lang='lat' dir='ltr'><strong>trina</strong></span> <span class='ocrx_word' id='word_1_592' title='bbox 2922 2028 2936 2065; x_wconf 89' lang='lat'><strong>:</strong></span> <span class='ocrx_word' id='word_1_593' title='bbox 2983 2009 3452 2080; x_wconf 72' lang='lat' dir='ltr'><strong>excluduntpullos</strong></span> 
     </span>
    </p>
   </div>
   <div class='ocr_carea' id='block_1_81' title="bbox 1889 2101 3453 2174">
    <p class='ocr_par' dir='ltr' id='par_1_81' title="bbox 1889 2101 3453 2174">
     <span class='ocr_line' id='line_1_81' title="bbox 1889 2101 3453 2174; baseline -0.006 -9"><span class='ocrx_word' id='word_1_594' title='bbox 1889 2112 2035 2166; x_wconf 87' lang='lat' dir='ltr'><strong>binos</strong></span> <span class='ocrx_word' id='word_1_595' title='bbox 2066 2127 2084 2164; x_wconf 89' lang='lat'><strong><em>:</em></strong></span> <span class='ocrx_word' id='word_1_596' title='bbox 2113 2109 2206 2164; x_wconf 86' lang='lat' dir='ltr'><strong>visi</strong></span> <span class='ocrx_word' id='word_1_597' title='bbox 2233 2118 2421 2162; x_wconf 87' lang='lat' dir='ltr'><strong>suntet</strong></span> <span class='ocrx_word' id='word_1_598' title='bbox 2454 2118 2556 2160; x_wconf 89' lang='lat' dir='ltr'><strong>tres</strong></span> <span class='ocrx_word' id='word_1_599' title='bbox 2593 2105 2906 2174; x_wconf 83' lang='lat' dir='ltr'><strong>aliquando;</strong></span> <span class='ocrx_word' id='word_1_600' title='bbox 2927 2104 3111 2158; x_wconf 90' lang='lat' dir='ltr'><strong>omisit</strong></span> <span class='ocrx_word' id='word_1_601' title='bbox 3143 2103 3286 2157; x_wconf 90' lang='lat' dir='ltr'><strong>enim</strong></span> <span class='ocrx_word' id='word_1_602' title='bbox 3318 2101 3453 2156; x_wconf 88' lang='lat' dir='ltr'><strong>illud</strong></span> 
     </span>
    </p>
   </div>
   <div class='ocr_carea' id='block_1_82' title="bbox 1887 2191 3452 2272">
    <p class='ocr_par' dir='ltr' id='par_1_82' title="bbox 1887 2191 3452 2272">
     <span class='ocr_line' id='line_1_82' title="bbox 1887 2191 3452 2272; baseline -0.008 -16"><span class='ocrx_word' id='word_1_603' title='bbox 1887 2201 2032 2272; x_wconf 88' lang='lat' dir='ltr'><strong>quod</strong></span> <span class='ocrx_word' id='word_1_604' title='bbox 2065 2209 2182 2256; x_wconf 89' lang='lat' dir='ltr'><strong>erat</strong></span> <span class='ocrx_word' id='word_1_605' title='bbox 2203 2213 2413 2254; x_wconf 89' lang='lat' dir='ltr'><strong>summe</strong></span> <span class='ocrx_word' id='word_1_606' title='bbox 2445 2199 2832 2258; x_wconf 88' lang='lat' dir='ltr'><strong>necessarium,</strong></span> <span class='ocrx_word' id='word_1_607' title='bbox 2853 2209 3014 2246; x_wconf 89' lang='lat' dir='ltr'><strong>unum</strong></span> <span class='ocrx_word' id='word_1_608' title='bbox 3049 2192 3165 2246; x_wconf 86' lang='lat' dir='ltr'><strong>alit.</strong></span> <span class='ocrx_word' id='word_1_609' title='bbox 3199 2191 3287 2245; x_wconf 93' lang='lat' dir='ltr'><strong>Sic</strong></span> <span class='ocrx_word' id='word_1_610' title='bbox 3305 2191 3452 2245; x_wconf 90' lang='lat' dir='ltr'><strong>enim</strong></span> 
     </span>
    </p>
   </div>
   <div class='ocr_carea' id='block_1_83' title="bbox 1887 2283 3452 2358">
    <p class='ocr_par' dir='ltr' id='par_1_83' title="bbox 1887 2283 3452 2358">
     <span class='ocr_line' id='line_1_83' title="bbox 1887 2283 3452 2358; baseline -0.008 -8"><span class='ocrx_word' id='word_1_611' title='bbox 1887 2294 2168 2350; x_wconf 62' lang='lat' dir='ltr'><strong>sententia</strong></span> <span class='ocrx_word' id='word_1_612' title='bbox 2223 2291 2482 2345; x_wconf 65' lang='lat' dir='ltr'><strong>absolutae</strong></span> <span class='ocrx_word' id='word_1_613' title='bbox 2537 2288 2784 2358; x_wconf 78' lang='lat' dir='ltr'><strong>exceptio</strong></span> <span class='ocrx_word' id='word_1_614' title='bbox 2838 2288 2950 2350; x_wconf 75' lang='lat' dir='ltr'><strong>illa,</strong></span> <span class='ocrx_word' id='word_1_615' title='bbox 3002 2295 3055 2340; x_wconf 89' lang='lat' dir='ltr'><strong>et</strong></span> <span class='ocrx_word' id='word_1_616' title='bbox 3088 2283 3245 2355; x_wconf 88' lang='lat' dir='ltr'><strong>quasi</strong></span> <span class='ocrx_word' id='word_1_617' title='bbox 3277 2299 3341 2338; x_wconf 82' lang='lat' dir='ltr'><strong>ex</strong></span> <span class='ocrx_word' id='word_1_618' title='bbox 3382 2283 3452 2338; x_wconf 86' lang='lat' dir='ltr'><strong>iis</strong></span> 
     </span>
    </p>
   </div>
   <div class='ocr_carea' id='block_1_84' title="bbox 1887 2374 3452 2457">
    <p class='ocr_par' dir='ltr' id='par_1_84' title="bbox 1887 2374 3452 2457">
     <span class='ocr_line' id='line_1_84' title="bbox 1887 2374 3452 2457; baseline -0.01 -16"><span class='ocrx_word' id='word_1_619' title='bbox 1887 2401 2007 2457; x_wconf 70' lang='lat' dir='ltr'><strong>qua:</strong></span> <span class='ocrx_word' id='word_1_620' title='bbox 2035 2398 2161 2438; x_wconf 89' lang='lat' dir='ltr'><strong>raro</strong></span> <span class='ocrx_word' id='word_1_621' title='bbox 2229 2381 2553 2449; x_wconf 82' lang='lat' dir='ltr'><strong>contingunt</strong></span> <span class='ocrx_word' id='word_1_622' title='bbox 2599 2377 3007 2439; x_wconf 72' lang='lat' dir='ltr'><strong>notatiunculte,</strong></span> <span class='ocrx_word' id='word_1_623' title='bbox 3072 2374 3188 2428; x_wconf 81' lang='lat' dir='ltr'><strong>Visi</strong></span> <span class='ocrx_word' id='word_1_624' title='bbox 3239 2383 3360 2428; x_wconf 88' lang='lat' dir='ltr'><strong>sunt</strong></span> <span class='ocrx_word' id='word_1_625' title='bbox 3399 2380 3452 2426; x_wconf 90' lang='lat' dir='ltr'><strong>et</strong></span> 
     </span>
    </p>
   </div>
   <div class='ocr_carea' id='block_1_85' title="bbox 1888 2464 3452 2545">
    <p class='ocr_par' dir='ltr' id='par_1_85' title="bbox 1888 2464 3452 2545">
     <span class='ocr_line' id='line_1_85' title="bbox 1888 2464 3452 2545; baseline -0.008 -14"><span class='ocrx_word' id='word_1_626' title='bbox 1888 2466 2324 2545; x_wconf 43' lang='lat' dir='ltr'><strong>tres&#39;aliquando,</strong></span> <span class='ocrx_word' id='word_1_627' title='bbox 2368 2470 2837 2542; x_wconf 88' lang='lat' dir='ltr'><strong>corresponderet.</strong></span> <span class='ocrx_word' id='word_1_628' title='bbox 2874 2467 2981 2522; x_wconf 85' lang='lat' dir='ltr'><strong>Nec</strong></span> <span class='ocrx_word' id='word_1_629' title='bbox 3005 2467 3195 2521; x_wconf 91' lang='lat' dir='ltr'><strong>dubito</strong></span> <span class='ocrx_word' id='word_1_630' title='bbox 3240 2464 3452 2521; x_wconf 82' lang='lat' dir='ltr'><strong>exscri-</strong></span> 
     </span>
    </p>
   </div>
   <div class='ocr_carea' id='block_1_86' title="bbox 1887 2558 3458 2639">
    <p class='ocr_par' dir='ltr' id='par_1_86' title="bbox 1887 2558 3458 2639">
     <span class='ocr_line' id='line_1_86' title="bbox 1887 2558 3458 2639; baseline -0.007 -16"><span class='ocrx_word' id='word_1_631' title='bbox 1887 2577 2104 2639; x_wconf 85' lang='lat' dir='ltr'><strong>ptorum</strong></span> <span class='ocrx_word' id='word_1_632' title='bbox 2135 2567 2188 2621; x_wconf 88' lang='lat' dir='ltr'><strong>id</strong></span> <span class='ocrx_word' id='word_1_633' title='bbox 2235 2565 2458 2620; x_wconf 65' lang='lat' dir='ltr'><strong>incuriae</strong></span> <span class='ocrx_word' id='word_1_634' title='bbox 2514 2564 2716 2635; x_wconf 88' lang='lat' dir='ltr'><strong>potius,</strong></span> <span class='ocrx_word' id='word_1_635' title='bbox 2759 2576 2918 2630; x_wconf 89' lang='lat' dir='ltr'><strong>quam</strong></span> <span class='ocrx_word' id='word_1_636' title='bbox 2951 2559 3112 2614; x_wconf 89' lang='lat' dir='ltr'><strong>Plinii</strong></span> <span class='ocrx_word' id='word_1_637' title='bbox 3150 2558 3458 2614; x_wconf 60' lang='lat' dir='ltr'><strong>oscitantis</strong></span> 
     </span>
    </p>
   </div>
   <div class='ocr_carea' id='block_1_87' title="bbox 1889 2651 3448 2728">
    <p class='ocr_par' dir='ltr' id='par_1_87' title="bbox 1889 2651 3448 2728">
     <span class='ocr_line' id='line_1_87' title="bbox 1889 2651 3448 2728; baseline -0.008 -13"><span class='ocrx_word' id='word_1_638' title='bbox 1889 2659 2268 2725; x_wconf 84' lang='lat' dir='ltr'><strong>tribuendum;</strong></span> <span class='ocrx_word' id='word_1_639' title='bbox 2301 2657 2394 2728; x_wconf 90' lang='lat' dir='ltr'><strong>qui</strong></span> <span class='ocrx_word' id='word_1_640' title='bbox 2429 2656 2633 2726; x_wconf 88' lang='lat' dir='ltr'><strong>optima</strong></span> <span class='ocrx_word' id='word_1_641' title='bbox 2671 2669 2898 2724; x_wconf 65' lang='lat' dir='ltr'><strong>quaeque</strong></span> <span class='ocrx_word' id='word_1_642' title='bbox 2951 2655 3018 2706; x_wconf 87' lang='lat' dir='ltr'><strong>ab</strong></span> <span class='ocrx_word' id='word_1_643' title='bbox 3063 2653 3186 2707; x_wconf 76' lang='lat' dir='ltr'><strong>aliis</strong></span> <span class='ocrx_word' id='word_1_644' title='bbox 3221 2651 3448 2712; x_wconf 86' lang='lat' dir='ltr'><strong>dictata,</strong></span> 
     </span>
    </p>
   </div>
   <div class='ocr_carea' id='block_1_88' title="bbox 1886 2746 3453 2822">
    <p class='ocr_par' dir='ltr' id='par_1_88' title="bbox 1886 2746 3453 2822">
     <span class='ocr_line' id='line_1_88' title="bbox 1886 2746 3453 2822; baseline -0.009 -13"><span class='ocrx_word' id='word_1_645' title='bbox 1886 2755 1971 2810; x_wconf 91' lang='lat' dir='ltr'><strong>vel</strong></span> <span class='ocrx_word' id='word_1_646' title='bbox 2017 2755 2240 2822; x_wconf 88' lang='lat' dir='ltr'><strong>scripta,</strong></span> <span class='ocrx_word' id='word_1_647' title='bbox 2291 2747 2704 2822; x_wconf 84' lang='lat' dir='ltr'><strong>perversissime</strong></span> <span class='ocrx_word' id='word_1_648' title='bbox 2757 2746 3056 2815; x_wconf 79' lang='lat' dir='ltr'><strong>excipiunt,</strong></span> <span class='ocrx_word' id='word_1_649' title='bbox 3107 2748 3453 2814; x_wconf 88' lang='lat' dir='ltr'><strong>pervertunt-</strong></span> 
     </span>
    </p>
   </div>
   <div class='ocr_carea' id='block_1_89' title="bbox 1929 2860 2011 2899">
    <p class='ocr_par' dir='ltr' id='par_1_89' title="bbox 1929 2860 2011 2899">
     <span class='ocr_line' id='line_1_89' title="bbox 1929 2860 2011 2899; baseline 0 -2"><span class='ocrx_word' id='word_1_650' title='bbox 1929 2860 2011 2899; x_wconf 76' lang='lat' dir='ltr'><strong>lle.</strong></span> 
     </span>
    </p>
   </div>
   <div class='ocr_carea' id='block_1_90' title="bbox 1888 2862 3453 3002">
    <p class='ocr_par' dir='ltr' id='par_1_90' title="bbox 1888 2862 3453 3002">
     <span class='ocr_line' id='line_1_90' title="bbox 1929 2862 2011 2899; baseline 0 -2"><span class='ocrx_word' id='word_1_651' title='bbox 1929 2862 2011 2899; x_wconf 90' lang='lat' dir='ltr'><strong>ue.</strong></span> 
     </span>
     <span class='ocr_line' id='line_1_91' title="bbox 1888 2862 3453 3002; baseline -0.007 -11"><span class='ocrx_word' id='word_1_652' title='bbox 1888 2862 1923 2916; x_wconf 76' lang='lat' dir='ltr'><strong>q</strong></span> <span class='ocrx_word' id='word_1_653' title='bbox 1958 2937 2115 3002; x_wconf 90' lang='lat' dir='ltr'><strong>lbid.,</strong></span> <span class='ocrx_word' id='word_1_654' title='bbox 2138 2935 2235 2989; x_wconf 91' lang='lat' dir='ltr'><strong>lin.</strong></span> <span class='ocrx_word' id='word_1_655' title='bbox 2256 2934 2341 2989; x_wconf 77' lang='lat' dir='ltr'><strong>l3.</strong></span> <span class='ocrx_word' id='word_1_656' title='bbox 2369 2933 2430 2989; x_wconf 86' lang='grc' dir='ltr'><strong>Ἠ</strong></span> <span class='ocrx_word' id='word_1_657' title='bbox 2446 2931 2513 2984; x_wconf 83' lang='grc' dir='ltr'><strong>δὲ</strong></span> <span class='ocrx_word' id='word_1_658' title='bbox 2530 2929 2690 3001; x_wconf 62' lang='grc' dir='ltr'><strong>φήνῃ</strong></span> <span class='ocrx_word' id='word_1_659' title='bbox 2713 2929 2819 2983; x_wconf 82' lang='grc' dir='ltr'><strong>τὸν</strong></span> <span class='ocrx_word' id='word_1_660' title='bbox 2840 2929 3086 2983; x_wconf 60' lang='lat' dir='ltr'><strong>detonet.</strong></span> <span class='ocrx_word' id='word_1_661' title='bbox 3105 2923 3453 2992; x_wconf 80' lang='lat' dir='ltr'><strong>Aristoteles,</strong></span> 
     </span>
    </p>
   </div>
   <div class='ocr_carea' id='block_1_91' title="bbox 1888 3017 3456 3092">
    <p class='ocr_par' dir='ltr' id='par_1_91' title="bbox 1888 3017 3456 3092">
     <span class='ocr_line' id='line_1_92' title="bbox 1888 3017 3456 3092; baseline -0.01 -6"><span class='ocrx_word' id='word_1_662' title='bbox 1888 3032 1981 3086; x_wconf 90' lang='lat' dir='ltr'><strong>lib.</strong></span> <span class='ocrx_word' id='word_1_663' title='bbox 2016 3047 2068 3084; x_wconf 66' lang='grc' dir='ltr'><strong>γι</strong></span> <span class='ocrx_word' id='word_1_664' title='bbox 2113 3029 2184 3082; x_wconf 91' lang='lat' dir='ltr'><strong>De</strong></span> <span class='ocrx_word' id='word_1_665' title='bbox 2209 3027 2396 3081; x_wconf 85' lang='lat' dir='ltr'><strong>histor.</strong></span> <span class='ocrx_word' id='word_1_666' title='bbox 2435 3025 2627 3088; x_wconf 90' lang='lat' dir='ltr'><strong>anim.,</strong></span> <span class='ocrx_word' id='word_1_667' title='bbox 2656 3037 2774 3092; x_wconf 86' lang='lat' dir='ltr'><strong>cap.</strong></span> <span class='ocrx_word' id='word_1_668' title='bbox 2809 3023 2862 3083; x_wconf 85' lang='lat'><strong>6,</strong></span> <span class='ocrx_word' id='word_1_669' title='bbox 2893 3021 2996 3074; x_wconf 83' lang='grc' dir='ltr'><strong>Τὸν</strong></span> <span class='ocrx_word' id='word_1_670' title='bbox 3025 3019 3082 3073; x_wconf 84' lang='grc' dir='ltr'><strong>δὲ</strong></span> <span class='ocrx_word' id='word_1_671' title='bbox 3127 3017 3456 3088; x_wconf 75' lang='grc' dir='ltr'>ἐκϐληθέντα</span> 
     </span>
    </p>
   </div>
   <div class='ocr_carea' id='block_1_92' title="bbox 1889 3115 3454 3196">
    <p class='ocr_par' dir='ltr' id='par_1_92' title="bbox 1889 3115 3454 3196">
     <span class='ocr_line' id='line_1_93' title="bbox 1889 3115 3454 3196; baseline -0.008 -16"><span class='ocrx_word' id='word_1_672' title='bbox 1889 3128 2122 3196; x_wconf 77' lang='grc' dir='ltr'><strong>δέχεται,</strong></span> <span class='ocrx_word' id='word_1_673' title='bbox 2153 3125 2247 3177; x_wconf 73' lang='grc' dir='ltr'>καὶ</span> <span class='ocrx_word' id='word_1_674' title='bbox 2273 3121 2460 3194; x_wconf 79' lang='grc' dir='ltr'>τρέφει</span> <span class='ocrx_word' id='word_1_675' title='bbox 2485 3123 2517 3191; x_wconf 83' lang='grc' dir='ltr'>ἡ</span> <span class='ocrx_word' id='word_1_676' title='bbox 2546 3121 2707 3191; x_wconf 83' lang='grc' dir='ltr'>φήνη.</span> <span class='ocrx_word' id='word_1_677' title='bbox 2743 3126 2794 3173; x_wconf 83' lang='lat' dir='ltr'><strong>et</strong></span> <span class='ocrx_word' id='word_1_678' title='bbox 2819 3118 2912 3172; x_wconf 90' lang='lat' dir='ltr'><strong>lib.</strong></span> <span class='ocrx_word' id='word_1_679' title='bbox 2947 3134 3023 3182; x_wconf 78' lang='lat' dir='ltr'><strong>ix,</strong></span> <span class='ocrx_word' id='word_1_680' title='bbox 3048 3133 3166 3186; x_wconf 87' lang='lat' dir='ltr'><strong>cap.</strong></span> <span class='ocrx_word' id='word_1_681' title='bbox 3201 3116 3288 3178; x_wconf 70' lang='grc'><strong>34,</strong></span> <span class='ocrx_word' id='word_1_682' title='bbox 3316 3118 3376 3168; x_wconf 87' lang='lat' dir='ltr'><strong>Ol.</strong></span> <span class='ocrx_word' id='word_1_683' title='bbox 3398 3115 3454 3168; x_wconf 76' lang='grc' dir='ltr'><strong>δὲ</strong></span> 
     </span>
    </p>
   </div>
   <div class='ocr_carea' id='block_1_93' title="bbox 1893 3209 3455 3286">
    <p class='ocr_par' dir='ltr' id='par_1_93' title="bbox 1893 3209 3455 3286">
     <span class='ocr_line' id='line_1_94' title="bbox 1893 3209 3455 3286; baseline -0.008 -14"><span class='ocrx_word' id='word_1_684' title='bbox 1893 3216 2275 3286; x_wconf 75' lang='grc' dir='ltr'>ἐκϐαλλόμενοι</span> <span class='ocrx_word' id='word_1_685' title='bbox 2307 3209 2490 3283; x_wconf 81' lang='grc' dir='ltr'>βοῶσι,</span> <span class='ocrx_word' id='word_1_686' title='bbox 2525 3211 2620 3264; x_wconf 75' lang='grc' dir='ltr'><strong>καὶ</strong></span> <span class='ocrx_word' id='word_1_687' title='bbox 2657 3209 2828 3274; x_wconf 77' lang='grc' dir='ltr'><strong>οὕτως</strong></span> <span class='ocrx_word' id='word_1_688' title='bbox 2863 3209 3234 3280; x_wconf 76' lang='grc' dir='ltr'>ὑπολαμϐάνει</span> <span class='ocrx_word' id='word_1_689' title='bbox 3259 3209 3455 3270; x_wconf 74' lang='grc' dir='ltr'><strong>αὐτοὺς</strong></span> 
     </span>
    </p>
   </div>
   <div class='ocr_carea' id='block_1_94' title="bbox 1888 3297 3455 3380">
    <p class='ocr_par' dir='ltr' id='par_1_94' title="bbox 1888 3297 3455 3380">
     <span class='ocr_line' id='line_1_95' title="bbox 1888 3297 3455 3380; baseline -0.008 -17"><span class='ocrx_word' id='word_1_690' title='bbox 1888 3311 1920 3380; x_wconf 84' lang='grc' dir='ltr'>ἡ</span> <span class='ocrx_word' id='word_1_691' title='bbox 1951 3308 2111 3379; x_wconf 77' lang='grc' dir='ltr'><strong>φήνη.</strong></span> <span class='ocrx_word' id='word_1_692' title='bbox 2151 3305 2384 3366; x_wconf 86' lang='lat' dir='ltr'><strong>Plinius,</strong></span> <span class='ocrx_word' id='word_1_693' title='bbox 2421 3303 2514 3357; x_wconf 94' lang='lat' dir='ltr'><strong>lib.</strong></span> <span class='ocrx_word' id='word_1_694' title='bbox 2549 3318 2602 3364; x_wconf 70' lang='grc' dir='ltr'><strong>ς,</strong></span> <span class='ocrx_word' id='word_1_695' title='bbox 2628 3316 2746 3370; x_wconf 88' lang='lat' dir='ltr'><strong>cap.</strong></span> <span class='ocrx_word' id='word_1_696' title='bbox 2781 3300 2852 3354; x_wconf 79' lang='lat'><strong>5:</strong></span> <span class='ocrx_word' id='word_1_697' title='bbox 2884 3298 2985 3353; x_wconf 88' lang='lat' dir='ltr'><strong>Sed</strong></span> <span class='ocrx_word' id='word_1_698' title='bbox 3025 3301 3212 3368; x_wconf 81' lang='lat' dir='ltr'><strong>ejectos</strong></span> <span class='ocrx_word' id='word_1_699' title='bbox 3263 3297 3327 3352; x_wconf 85' lang='lat' dir='ltr'><strong>ab</strong></span> <span class='ocrx_word' id='word_1_700' title='bbox 3372 3299 3455 3351; x_wconf 83' lang='lat' dir='ltr'><strong>his</strong></span> 
     </span>
    </p>
   </div>
   <div class='ocr_carea' id='block_1_95' title="bbox 1887 3392 3454 3473">
    <p class='ocr_par' dir='ltr' id='par_1_95' title="bbox 1887 3392 3454 3473">
     <span class='ocr_line' id='line_1_96' title="bbox 1887 3392 3454 3473; baseline -0.008 -18"><span class='ocrx_word' id='word_1_701' title='bbox 1887 3409 2168 3473; x_wconf 86' lang='lat' dir='ltr'><strong>cognatum</strong></span> <span class='ocrx_word' id='word_1_702' title='bbox 2200 3413 2360 3466; x_wconf 86' lang='lat' dir='ltr'><strong>genus</strong></span> <span class='ocrx_word' id='word_1_703' title='bbox 2391 3394 2668 3463; x_wconf 77' lang='lat' dir='ltr'><strong>ossifraga:</strong></span> <span class='ocrx_word' id='word_1_704' title='bbox 2688 3393 2972 3460; x_wconf 75' lang='lat' dir='ltr'><strong>excipiunt,</strong></span> <span class='ocrx_word' id='word_1_705' title='bbox 3003 3401 3052 3446; x_wconf 88' lang='lat' dir='ltr'><strong>et</strong></span> <span class='ocrx_word' id='word_1_706' title='bbox 3068 3392 3304 3445; x_wconf 70' lang='lat' dir='ltr'><strong>educant</strong></span> <span class='ocrx_word' id='word_1_707' title='bbox 3334 3407 3454 3444; x_wconf 90' lang='lat' dir='ltr'><strong>cum</strong></span> 
     </span>
    </p>
   </div>
   <div class='ocr_carea' id='block_1_96' title="bbox 1887 3485 3456 3556">
    <p class='ocr_par' dir='ltr' id='par_1_96' title="bbox 1887 3485 3456 3556">
     <span class='ocr_line' id='line_1_97' title="bbox 1887 3485 3456 3556; baseline -0.006 -8"><span class='ocrx_word' id='word_1_708' title='bbox 1887 3494 2017 3548; x_wconf 84' lang='lat' dir='ltr'><strong>suis.</strong></span> <span class='ocrx_word' id='word_1_709' title='bbox 2058 3489 2208 3554; x_wconf 79' lang='lat' dir='ltr'><strong>Hanc</strong></span> <span class='ocrx_word' id='word_1_710' title='bbox 2259 3487 2582 3556; x_wconf 79' lang='lat' dir='ltr'><strong>ossifragam</strong></span> <span class='ocrx_word' id='word_1_711' title='bbox 2621 3500 2727 3539; x_wconf 83' lang='lat' dir='ltr'><strong>non</strong></span> <span class='ocrx_word' id='word_1_712' title='bbox 2773 3485 3003 3538; x_wconf 91' lang='lat' dir='ltr'><strong>multum</strong></span> <span class='ocrx_word' id='word_1_713' title='bbox 3056 3485 3232 3539; x_wconf 91' lang='lat' dir='ltr'><strong>oculis</strong></span> <span class='ocrx_word' id='word_1_714' title='bbox 3272 3485 3456 3539; x_wconf 85' lang='lat' dir='ltr'><strong>valere</strong></span> 
     </span>
    </p>
   </div>
   <div class='ocr_carea' id='block_1_97' title="bbox 1889 3571 3455 3646">
    <p class='ocr_par' dir='ltr' id='par_1_97' title="bbox 1889 3571 3455 3646">
     <span class='ocr_line' id='line_1_98' title="bbox 1889 3571 3455 3646; baseline -0.007 -8"><span class='ocrx_word' id='word_1_715' title='bbox 1889 3582 2054 3638; x_wconf 86' lang='lat' dir='ltr'><strong>tradit</strong></span> <span class='ocrx_word' id='word_1_716' title='bbox 2076 3579 2417 3635; x_wconf 84' lang='lat' dir='ltr'><strong>Aristoteles.</strong></span> <span class='ocrx_word' id='word_1_717' title='bbox 2451 3576 2525 3631; x_wconf 89' lang='lat' dir='ltr'><strong>De</strong></span> <span class='ocrx_word' id='word_1_718' title='bbox 2545 3575 2726 3646; x_wconf 89' lang='lat' dir='ltr'><strong>aquila</strong></span> <span class='ocrx_word' id='word_1_719' title='bbox 2761 3575 2862 3628; x_wconf 88' lang='lat' dir='ltr'><strong>hoc</strong></span> <span class='ocrx_word' id='word_1_720' title='bbox 2896 3574 3036 3628; x_wconf 92' lang='lat' dir='ltr'><strong>idem</strong></span> <span class='ocrx_word' id='word_1_721' title='bbox 3071 3573 3235 3627; x_wconf 88' lang='lat' dir='ltr'><strong>habet</strong></span> <span class='ocrx_word' id='word_1_722' title='bbox 3256 3571 3455 3627; x_wconf 84' lang='lat' dir='ltr'><strong>Petrus</strong></span> 
     </span>
    </p>
   </div>
   <div class='ocr_carea' id='block_1_98' title="bbox 1888 3657 3456 3739">
    <p class='ocr_par' dir='ltr' id='par_1_98' title="bbox 1888 3657 3456 3739">
     <span class='ocr_line' id='line_1_99' title="bbox 1888 3657 3456 3739; baseline -0.007 -11"><span class='ocrx_word' id='word_1_723' title='bbox 1888 3674 2202 3736; x_wconf 78' lang='lat' dir='ltr'><strong>Damianus,</strong></span> <span class='ocrx_word' id='word_1_724' title='bbox 2241 3672 2336 3726; x_wconf 91' lang='lat' dir='ltr'><strong>lib.</strong></span> <span class='ocrx_word' id='word_1_725' title='bbox 2389 3686 2450 3732; x_wconf 88' lang='grc' dir='ltr'><strong>ιι,</strong></span> <span class='ocrx_word' id='word_1_726' title='bbox 2485 3668 2645 3739; x_wconf 90' lang='lat' dir='ltr'><strong>epist.</strong></span> <span class='ocrx_word' id='word_1_727' title='bbox 2683 3666 2766 3720; x_wconf 87' lang='grc'><strong>18.</strong></span> <span class='ocrx_word' id='word_1_728' title='bbox 2799 3664 2987 3720; x_wconf 87' lang='lat' dir='ltr'><strong>Obiter</strong></span> <span class='ocrx_word' id='word_1_729' title='bbox 3021 3657 3202 3718; x_wconf 88' lang='lat' dir='ltr'><strong>tamen</strong></span> <span class='ocrx_word' id='word_1_730' title='bbox 3257 3674 3456 3718; x_wconf 89' lang='lat' dir='ltr'><strong>notau-</strong></span> 
     </span>
    </p>
   </div>
   <div class='ocr_carea' id='block_1_99' title="bbox 1889 3755 3453 3828">
    <p class='ocr_par' dir='ltr' id='par_1_99' title="bbox 1889 3755 3453 3828">
     <span class='ocr_line' id='line_1_100' title="bbox 1889 3755 3453 3828; baseline -0.009 -5"><span class='ocrx_word' id='word_1_731' title='bbox 1889 3769 2016 3825; x_wconf 90' lang='lat' dir='ltr'><strong>dum</strong></span> <span class='ocrx_word' id='word_1_732' title='bbox 2053 3767 2142 3821; x_wconf 90' lang='lat' dir='ltr'><strong>hic</strong></span> <span class='ocrx_word' id='word_1_733' title='bbox 2181 3772 2267 3821; x_wconf 91' lang='lat' dir='ltr'><strong>est</strong></span> <span class='ocrx_word' id='word_1_734' title='bbox 2333 3764 2482 3817; x_wconf 91' lang='lat' dir='ltr'><strong>illum</strong></span> <span class='ocrx_word' id='word_1_735' title='bbox 2519 3760 2786 3814; x_wconf 89' lang='lat' dir='ltr'><strong>allirmare</strong></span> <span class='ocrx_word' id='word_1_736' title='bbox 2823 3758 3027 3828; x_wconf 90' lang='lat' dir='ltr'><strong>pullum</strong></span> <span class='ocrx_word' id='word_1_737' title='bbox 3075 3757 3268 3827; x_wconf 70' lang='lat' dir='ltr'><strong>aquila:</strong></span> <span class='ocrx_word' id='word_1_738' title='bbox 3303 3755 3453 3825; x_wconf 88' lang='lat' dir='ltr'><strong>deje-</strong></span> 
     </span>
    </p>
   </div>
   <div class='ocr_carea' id='block_1_100' title="bbox 1890 3847 3454 3925">
    <p class='ocr_par' dir='ltr' id='par_1_100' title="bbox 1890 3847 3454 3925">
     <span class='ocr_line' id='line_1_101' title="bbox 1890 3847 3454 3925; baseline -0.01 -9"><span class='ocrx_word' id='word_1_739' title='bbox 1890 3869 2035 3916; x_wconf 92' lang='lat' dir='ltr'><strong>ctum</strong></span> <span class='ocrx_word' id='word_1_740' title='bbox 2057 3873 2164 3912; x_wconf 91' lang='lat' dir='ltr'><strong>non</strong></span> <span class='ocrx_word' id='word_1_741' title='bbox 2203 3856 2271 3911; x_wconf 91' lang='lat' dir='ltr'><strong>ab</strong></span> <span class='ocrx_word' id='word_1_742' title='bbox 2309 3854 2512 3925; x_wconf 90' lang='lat' dir='ltr'><strong>aquila,</strong></span> <span class='ocrx_word' id='word_1_743' title='bbox 2541 3866 2662 3922; x_wconf 63' lang='lat' dir='ltr'><strong>qua:</strong></span> <span class='ocrx_word' id='word_1_744' title='bbox 2695 3848 2963 3919; x_wconf 86' lang='lat' dir='ltr'><strong>ossifraga</strong></span> <span class='ocrx_word' id='word_1_745' title='bbox 2996 3847 3216 3908; x_wconf 87' lang='lat' dir='ltr'><strong>dicitur,</strong></span> <span class='ocrx_word' id='word_1_746' title='bbox 3248 3847 3454 3916; x_wconf 87' lang='lat' dir='ltr'><strong>suscipi</strong></span> 
     </span>
    </p>
   </div>
   <div class='ocr_carea' id='block_1_101' title="bbox 1889 3939 3456 4017">
    <p class='ocr_par' dir='ltr' id='par_1_101' title="bbox 1889 3939 3456 4017">
     <span class='ocr_line' id='line_1_102' title="bbox 1889 3939 3456 4017; baseline -0.009 -8"><span class='ocrx_word' id='word_1_747' title='bbox 1889 3962 1942 4009; x_wconf 90' lang='lat' dir='ltr'><strong>et</strong></span> <span class='ocrx_word' id='word_1_748' title='bbox 1966 3949 2217 4013; x_wconf 88' lang='lat' dir='ltr'><strong>enutriri,</strong></span> <span class='ocrx_word' id='word_1_749' title='bbox 2250 3948 2344 4004; x_wconf 89' lang='lat' dir='ltr'><strong>sed</strong></span> <span class='ocrx_word' id='word_1_750' title='bbox 2379 3963 2408 4001; x_wconf 89' lang='lat' dir='ltr'><strong>a</strong></span> <span class='ocrx_word' id='word_1_751' title='bbox 2432 3945 2638 4017; x_wconf 89' lang='lat' dir='ltr'><strong>plebeia</strong></span> <span class='ocrx_word' id='word_1_752' title='bbox 2671 3939 2904 4012; x_wconf 87' lang='lat' dir='ltr'><strong>quadam</strong></span> <span class='ocrx_word' id='word_1_753' title='bbox 2957 3940 3064 4003; x_wconf 75' lang='lat' dir='ltr'><strong>avi.</strong></span> <span class='ocrx_word' id='word_1_754' title='bbox 3109 3939 3273 3994; x_wconf 82' lang='lat' dir='ltr'><strong>fulica</strong></span> <span class='ocrx_word' id='word_1_755' title='bbox 3304 3940 3456 3996; x_wconf 82' lang='lat' dir='ltr'><strong>vide-</strong></span> 
     </span>
    </p>
   </div>
   <div class='ocr_carea' id='block_1_102' title="bbox 1890 4030 3453 4104">
    <p class='ocr_par' dir='ltr' id='par_1_102' title="bbox 1890 4030 3453 4104">
     <span class='ocr_line' id='line_1_103' title="bbox 1890 4030 3453 4104; baseline -0.009 -5"><span class='ocrx_word' id='word_1_756' title='bbox 1890 4045 2048 4098; x_wconf 91' lang='lat' dir='ltr'><strong>licet:</strong></span> <span class='ocrx_word' id='word_1_757' title='bbox 2080 4040 2378 4098; x_wconf 90' lang='lat' dir='ltr'><strong>secundum</strong></span> <span class='ocrx_word' id='word_1_758' title='bbox 2405 4038 2519 4092; x_wconf 89' lang='lat' dir='ltr'><strong>vult</strong></span> <span class='ocrx_word' id='word_1_759' title='bbox 2558 4035 2777 4090; x_wconf 82' lang='lat' dir='ltr'><strong>fulicam</strong></span> <span class='ocrx_word' id='word_1_760' title='bbox 2811 4033 2984 4104; x_wconf 79' lang='grc' dir='ltr'>φήνην</span> <span class='ocrx_word' id='word_1_761' title='bbox 3013 4030 3198 4088; x_wconf 60' lang='lat' dir='ltr'><strong>Graece</strong></span> <span class='ocrx_word' id='word_1_762' title='bbox 3235 4047 3453 4086; x_wconf 86' lang='lat' dir='ltr'><strong>nuncu-</strong></span> 
     </span>
    </p>
   </div>
   <div class='ocr_carea' id='block_1_103' title="bbox 1891 4121 3455 4206">
    <p class='ocr_par' dir='ltr' id='par_1_103' title="bbox 1891 4121 3455 4206">
     <span class='ocr_line' id='line_1_104' title="bbox 1891 4121 3455 4206; baseline -0.008 -17"><span class='ocrx_word' id='word_1_763' title='bbox 1891 4135 2027 4206; x_wconf 91' lang='lat' dir='ltr'><strong>pari.</strong></span> <span class='ocrx_word' id='word_1_764' title='bbox 2074 4132 2293 4187; x_wconf 85' lang='lat' dir='ltr'><strong>Falsum</strong></span> <span class='ocrx_word' id='word_1_765' title='bbox 2328 4140 2620 4198; x_wconf 91' lang='lat' dir='ltr'><strong>utrumque</strong></span> <span class='ocrx_word' id='word_1_766' title='bbox 2648 4131 2702 4180; x_wconf 89' lang='lat' dir='ltr'><strong>et</strong></span> <span class='ocrx_word' id='word_1_767' title='bbox 2733 4132 2927 4194; x_wconf 68' lang='lat' dir='ltr'><strong>praeter</strong></span> <span class='ocrx_word' id='word_1_768' title='bbox 2980 4121 3223 4177; x_wconf 70' lang='lat' dir='ltr'><strong>historiae</strong></span> <span class='ocrx_word' id='word_1_769' title='bbox 3253 4122 3455 4176; x_wconf 80' lang='lat' dir='ltr'><strong>verita-</strong></span> 
     </span>
    </p>
   </div>
   <div class='ocr_carea' id='block_1_104' title="bbox 1890 4213 3451 4292">
    <p class='ocr_par' dir='ltr' id='par_1_104' title="bbox 1890 4213 3451 4292">
     <span class='ocr_line' id='line_1_105' title="bbox 1890 4213 3451 4292; baseline -0.01 -10"><span class='ocrx_word' id='word_1_770' title='bbox 1890 4235 2021 4282; x_wconf 91' lang='lat' dir='ltr'><strong>tem.</strong></span> <span class='ocrx_word' id='word_1_771' title='bbox 2045 4223 2154 4279; x_wconf 81' lang='lat' dir='ltr'><strong>Nec</strong></span> <span class='ocrx_word' id='word_1_772' title='bbox 2189 4221 2332 4277; x_wconf 91' lang='lat' dir='ltr'><strong>enim</strong></span> <span class='ocrx_word' id='word_1_773' title='bbox 2360 4218 2650 4292; x_wconf 91' lang='lat' dir='ltr'><strong>pullusille</strong></span> <span class='ocrx_word' id='word_1_774' title='bbox 2684 4232 2713 4270; x_wconf 89' lang='lat' dir='ltr'><strong>a</strong></span> <span class='ocrx_word' id='word_1_775' title='bbox 2742 4215 2952 4288; x_wconf 89' lang='lat' dir='ltr'><strong>plebeia</strong></span> <span class='ocrx_word' id='word_1_776' title='bbox 2991 4215 3077 4268; x_wconf 90' lang='lat' dir='ltr'><strong>avi</strong></span> <span class='ocrx_word' id='word_1_777' title='bbox 3119 4213 3451 4285; x_wconf 89' lang='lat' dir='ltr'><strong>suscipitur;</strong></span> 
     </span>
    </p>
   </div>
   <div class='ocr_carea' id='block_1_105' title="bbox 1889 4298 2813 4380">
    <p class='ocr_par' dir='ltr' id='par_1_105' title="bbox 1889 4298 2813 4380">
     <span class='ocr_line' id='line_1_106' title="bbox 1889 4298 2813 4380; baseline -0.012 -8"><span class='ocrx_word' id='word_1_778' title='bbox 1889 4326 1942 4374; x_wconf 89' lang='lat' dir='ltr'><strong>et</strong></span> <span class='ocrx_word' id='word_1_779' title='bbox 1969 4315 2112 4371; x_wconf 89' lang='lat' dir='ltr'><strong>aliud</strong></span> <span class='ocrx_word' id='word_1_780' title='bbox 2139 4324 2223 4371; x_wconf 91' lang='lat' dir='ltr'><strong>est</strong></span> <span class='ocrx_word' id='word_1_781' title='bbox 2249 4314 2434 4374; x_wconf 87' lang='lat' dir='ltr'><strong>fulica,</strong></span> <span class='ocrx_word' id='word_1_782' title='bbox 2462 4309 2606 4365; x_wconf 87' lang='lat' dir='ltr'><strong>aliud</strong></span> <span class='ocrx_word' id='word_1_783' title='bbox 2649 4298 2813 4380; x_wconf 80' lang='grc' dir='ltr'><strong>φήνή.</strong></span> 
     </span>
    </p>
   </div>
   <div class='ocr_carea' id='block_1_106' title="bbox 1954 4395 3455 4473">
    <p class='ocr_par' dir='ltr' id='par_1_106' title="bbox 1954 4395 3455 4473">
     <span class='ocr_line' id='line_1_107' title="bbox 1954 4395 3455 4473; baseline -0.011 -9"><span class='ocrx_word' id='word_1_784' title='bbox 1954 4409 2114 4473; x_wconf 86' lang='lat' dir='ltr'><strong>lbid.,</strong></span> <span class='ocrx_word' id='word_1_785' title='bbox 2134 4407 2232 4461; x_wconf 91' lang='lat' dir='ltr'><strong>lin.</strong></span> <span class='ocrx_word' id='word_1_786' title='bbox 2257 4405 2345 4461; x_wconf 79' lang='grc'><strong>15.</strong></span> <span class='ocrx_word' id='word_1_787' title='bbox 2376 4401 2610 4471; x_wconf 70' lang='grc' dir='ltr'><strong>Θρέψας</strong></span> <span class='ocrx_word' id='word_1_788' title='bbox 2624 4400 2692 4453; x_wconf 80' lang='grc' dir='ltr'><strong>δὲ</strong></span> <span class='ocrx_word' id='word_1_789' title='bbox 2712 4399 2818 4453; x_wconf 81' lang='grc' dir='ltr'><strong>τὸν</strong></span> <span class='ocrx_word' id='word_1_790' title='bbox 2848 4399 3108 4453; x_wconf 76' lang='grc' dir='ltr'><strong>νεοττόν.</strong></span> <span class='ocrx_word' id='word_1_791' title='bbox 3127 4396 3326 4452; x_wconf 83' lang='lat' dir='ltr'><strong>Eadem</strong></span> <span class='ocrx_word' id='word_1_792' title='bbox 3355 4395 3455 4449; x_wconf 79' lang='lat' dir='ltr'><strong>lia-</strong></span> 
     </span>
    </p>
   </div>
   <div class='ocr_carea' id='block_1_107' title="bbox 1823 4491 3454 4586">
    <p class='ocr_par' dir='ltr' id='par_1_107' title="bbox 1823 4491 3454 4586">
     <span class='ocr_line' id='line_1_108' title="bbox 1823 4491 3454 4586; baseline -0.013 -27"><span class='ocrx_word' id='word_1_793' title='bbox 1823 4532 1866 4586; x_wconf 78' lang='grc' dir='ltr'><strong>ι)</strong></span> <span class='ocrx_word' id='word_1_794' title='bbox 1895 4503 1983 4558; x_wconf 90' lang='lat' dir='ltr'><strong>bet</strong></span> <span class='ocrx_word' id='word_1_795' title='bbox 2013 4500 2331 4556; x_wconf 84' lang='lat' dir='ltr'><strong>Aristoteles</strong></span> <span class='ocrx_word' id='word_1_796' title='bbox 2353 4499 2471 4551; x_wconf 91' lang='lat' dir='ltr'><strong>loco</strong></span> <span class='ocrx_word' id='word_1_797' title='bbox 2489 4497 2568 4556; x_wconf 88' lang='lat' dir='ltr'><strong>d..</strong></span> <span class='ocrx_word' id='word_1_798' title='bbox 2598 4501 2651 4548; x_wconf 86' lang='lat' dir='ltr'><strong>et</strong></span> <span class='ocrx_word' id='word_1_799' title='bbox 2674 4492 2912 4547; x_wconf 90' lang='lat' dir='ltr'><strong>Plinius:</strong></span> <span class='ocrx_word' id='word_1_800' title='bbox 2934 4491 3224 4544; x_wconf 68' lang='lat' dir='ltr'><strong>Halimetus</strong></span> <span class='ocrx_word' id='word_1_801' title='bbox 3249 4496 3454 4541; x_wconf 89' lang='lat' dir='ltr'><strong>tantum</strong></span> 
     </span>
    </p>
   </div>
   <div class='ocr_carea' id='block_1_108' title="bbox 1895 4578 3456 4662">
    <p class='ocr_par' dir='ltr' id='par_1_108' title="bbox 1895 4578 3456 4662">
     <span class='ocr_line' id='line_1_109' title="bbox 1895 4578 3456 4662; baseline -0.01 -13"><span class='ocrx_word' id='word_1_802' title='bbox 1895 4594 2169 4662; x_wconf 86' lang='lat' dir='ltr'><strong>implumes</strong></span> <span class='ocrx_word' id='word_1_803' title='bbox 2196 4593 2480 4646; x_wconf 89' lang='lat' dir='ltr'><strong>etiamnum</strong></span> <span class='ocrx_word' id='word_1_804' title='bbox 2519 4588 2692 4656; x_wconf 87' lang='lat' dir='ltr'><strong>pullos</strong></span> <span class='ocrx_word' id='word_1_805' title='bbox 2739 4601 2861 4640; x_wconf 89' lang='lat' dir='ltr'><strong>suos</strong></span> <span class='ocrx_word' id='word_1_806' title='bbox 2898 4583 3190 4654; x_wconf 86' lang='lat' dir='ltr'><strong>percutiens</strong></span> <span class='ocrx_word' id='word_1_807' title='bbox 3235 4578 3456 4633; x_wconf 82' lang='lat' dir='ltr'><strong>subinde</strong></span> 
     </span>
    </p>
   </div>
   <div class='ocr_carea' id='block_1_109' title="bbox 1894 4673 3452 4757">
    <p class='ocr_par' dir='ltr' id='par_1_109' title="bbox 1894 4673 3452 4757">
     <span class='ocr_line' id='line_1_110' title="bbox 1894 4673 3452 4757; baseline -0.011 -16"><span class='ocrx_word' id='word_1_808' title='bbox 1894 4688 2027 4757; x_wconf 85' lang='lat' dir='ltr'><strong>cogit</strong></span> <span class='ocrx_word' id='word_1_809' title='bbox 2050 4685 2293 4740; x_wconf 76' lang='lat' dir='ltr'><strong>adversos</strong></span> <span class='ocrx_word' id='word_1_810' title='bbox 2325 4681 2517 4736; x_wconf 86' lang='lat' dir='ltr'><strong>intueri</strong></span> <span class='ocrx_word' id='word_1_811' title='bbox 2546 4679 2672 4734; x_wconf 88' lang='lat' dir='ltr'><strong>solis</strong></span> <span class='ocrx_word' id='word_1_812' title='bbox 2695 4677 2893 4739; x_wconf 90' lang='lat' dir='ltr'><strong>radios,</strong></span> <span class='ocrx_word' id='word_1_813' title='bbox 2927 4686 2974 4729; x_wconf 89' lang='lat' dir='ltr'><strong>et</strong></span> <span class='ocrx_word' id='word_1_814' title='bbox 3001 4675 3046 4728; x_wconf 86' lang='lat' dir='ltr'><strong>si</strong></span> <span class='ocrx_word' id='word_1_815' title='bbox 3075 4673 3452 4735; x_wconf 87' lang='lat' dir='ltr'><strong>conniventem,</strong></span> 
     </span>
    </p>
   </div>
   <div class='ocr_carea' id='block_1_110' title="bbox 1893 4761 3459 4848">
    <p class='ocr_par' dir='ltr' id='par_1_110' title="bbox 1893 4761 3459 4848">
     <span class='ocr_line' id='line_1_111' title="bbox 1893 4761 3459 4848; baseline -0.013 -13"><span class='ocrx_word' id='word_1_816' title='bbox 1893 4781 2374 4848; x_wconf 80' lang='lat' dir='ltr'><strong>humectantemque</strong></span> <span class='ocrx_word' id='word_1_817' title='bbox 2391 4773 2781 4835; x_wconf 86' lang='lat' dir='ltr'><strong>animadvertit,</strong></span> <span class='ocrx_word' id='word_1_818' title='bbox 2806 4769 3104 4841; x_wconf 73' lang='lat' dir='ltr'><strong>prwcipitat</strong></span> <span class='ocrx_word' id='word_1_819' title='bbox 3142 4782 3170 4819; x_wconf 93' lang='lat' dir='ltr'><strong>e</strong></span> <span class='ocrx_word' id='word_1_820' title='bbox 3199 4763 3320 4818; x_wconf 85' lang='lat' dir='ltr'><strong>nido</strong></span> <span class='ocrx_word' id='word_1_821' title='bbox 3350 4761 3459 4817; x_wconf 75' lang='lat' dir='ltr'><strong>velo</strong></span> 
     </span>
    </p>
   </div>
   <div class='ocr_carea' id='block_1_111' title="bbox 1894 4855 3452 4939">
    <p class='ocr_par' dir='ltr' id='par_1_111' title="bbox 1894 4855 3452 4939">
     <span class='ocr_line' id='line_1_112' title="bbox 1894 4855 3452 4939; baseline -0.013 -10"><span class='ocrx_word' id='word_1_822' title='bbox 1894 4885 1950 4929; x_wconf 90' lang='lat' dir='ltr'><strong>ut</strong></span> <span class='ocrx_word' id='word_1_823' title='bbox 1974 4873 2329 4927; x_wconf 88' lang='lat' dir='ltr'><strong>adulterinum</strong></span> <span class='ocrx_word' id='word_1_824' title='bbox 2364 4879 2515 4939; x_wconf 84' lang='lat' dir='ltr'><strong>atque</strong></span> <span class='ocrx_word' id='word_1_825' title='bbox 2549 4867 2848 4938; x_wconf 84' lang='lat' dir='ltr'><strong>degenerem</strong></span> <span class='ocrx_word' id='word_1_826' title='bbox 2882 4878 2899 4916; x_wconf 92' lang='lat'><em>:</em></span> <span class='ocrx_word' id='word_1_827' title='bbox 2929 4861 3082 4914; x_wconf 86' lang='lat' dir='ltr'><strong>illum</strong></span> <span class='ocrx_word' id='word_1_828' title='bbox 3115 4858 3264 4928; x_wconf 82' lang='lat' dir='ltr'><strong>cujus</strong></span> <span class='ocrx_word' id='word_1_829' title='bbox 3314 4855 3452 4909; x_wconf 87' lang='lat' dir='ltr'><strong>acies</strong></span> 
     </span>
    </p>
   </div>
   <div class='ocr_carea' id='block_1_112' title="bbox 1896 4951 3457 5036">
    <p class='ocr_par' dir='ltr' id='par_1_112' title="bbox 1896 4951 3457 5036">
     <span class='ocr_line' id='line_1_113' title="bbox 1896 4951 3457 5036; baseline -0.013 -17"><span class='ocrx_word' id='word_1_830' title='bbox 1896 4968 2052 5036; x_wconf 79' lang='lat' dir='ltr'><strong>firma</strong></span> <span class='ocrx_word' id='word_1_831' title='bbox 2078 4973 2260 5018; x_wconf 87' lang='lat' dir='ltr'><strong>contra</strong></span> <span class='ocrx_word' id='word_1_832' title='bbox 2292 4962 2532 5025; x_wconf 86' lang='lat' dir='ltr'><strong>steterit,</strong></span> <span class='ocrx_word' id='word_1_833' title='bbox 2562 4958 2771 5013; x_wconf 87' lang='lat' dir='ltr'><strong>educat.</strong></span> <span class='ocrx_word' id='word_1_834' title='bbox 2803 4951 2957 5024; x_wconf 83' lang='lat' dir='ltr'><strong>Apud</strong></span> <span class='ocrx_word' id='word_1_835' title='bbox 2991 4951 3332 5005; x_wconf 84' lang='lat' dir='ltr'><strong>Aristotelem</strong></span> <span class='ocrx_word' id='word_1_836' title='bbox 3371 4955 3457 5001; x_wconf 84' lang='lat' dir='ltr'><strong>est</strong></span> 
     </span>
    </p>
   </div>
   <div class='ocr_carea' id='block_1_113' title="bbox 1896 5040 3456 5127">
    <p class='ocr_par' dir='ltr' id='par_1_113' title="bbox 1896 5040 3456 5127">
     <span class='ocr_line' id='line_1_114' title="bbox 1896 5040 3456 5127; baseline -0.011 -18"><span class='ocrx_word' id='word_1_837' title='bbox 1896 5056 2078 5127; x_wconf 84' lang='lat' dir='ltr'><strong>aquila</strong></span> <span class='ocrx_word' id='word_1_838' title='bbox 2110 5055 2292 5120; x_wconf 73' lang='grc' dir='ltr'><strong>ἀετός,</strong></span> <span class='ocrx_word' id='word_1_839' title='bbox 2331 5069 2441 5107; x_wconf 92' lang='lat' dir='ltr'><strong>non</strong></span> <span class='ocrx_word' id='word_1_840' title='bbox 2493 5051 2792 5110; x_wconf 69' lang='lat' dir='ltr'><strong>lialiaaetos,</strong></span> <span class='ocrx_word' id='word_1_841' title='bbox 2841 5043 3091 5114; x_wconf 86' lang='lat' dir='ltr'><strong>quamvis</strong></span> <span class='ocrx_word' id='word_1_842' title='bbox 3115 5044 3182 5095; x_wconf 85' lang='lat' dir='ltr'><strong>de</strong></span> <span class='ocrx_word' id='word_1_843' title='bbox 3207 5040 3456 5093; x_wconf 68' lang='lat' dir='ltr'><strong>baliaaeto</strong></span> 
     </span>
    </p>
   </div>
   <div class='ocr_carea' id='block_1_114' title="bbox 1897 5131 3456 5216">
    <p class='ocr_par' dir='ltr' id='par_1_114' title="bbox 1897 5131 3456 5216">
     <span class='ocr_line' id='line_1_115' title="bbox 1897 5131 3456 5216; baseline -0.012 -15"><span class='ocrx_word' id='word_1_844' title='bbox 1897 5146 2304 5216; x_wconf 80' lang='lat' dir='ltr'><strong>intelligendum</strong></span> <span class='ocrx_word' id='word_1_845' title='bbox 2339 5158 2461 5197; x_wconf 87' lang='lat' dir='ltr'><strong>esse</strong></span> <span class='ocrx_word' id='word_1_846' title='bbox 2504 5140 2709 5196; x_wconf 89' lang='lat' dir='ltr'><strong>nemini</strong></span> <span class='ocrx_word' id='word_1_847' title='bbox 2747 5137 2994 5198; x_wconf 89' lang='lat' dir='ltr'><strong>dubium,</strong></span> <span class='ocrx_word' id='word_1_848' title='bbox 3043 5149 3167 5187; x_wconf 90' lang='lat' dir='ltr'><strong>cum</strong></span> <span class='ocrx_word' id='word_1_849' title='bbox 3220 5131 3456 5201; x_wconf 86' lang='lat' dir='ltr'><strong>aquilam</strong></span> 
     </span>
    </p>
   </div>
   <div class='ocr_carea' id='block_1_115' title="bbox 1897 5221 3460 5308">
    <p class='ocr_par' dir='ltr' id='par_1_115' title="bbox 1897 5221 3460 5308">
     <span class='ocr_line' id='line_1_116' title="bbox 1897 5221 3460 5308; baseline -0.015 -14"><span class='ocrx_word' id='word_1_850' title='bbox 1897 5240 2037 5293; x_wconf 90' lang='lat' dir='ltr'><strong>hanc</strong></span> <span class='ocrx_word' id='word_1_851' title='bbox 2062 5253 2157 5308; x_wconf 91' lang='lat' dir='ltr'><strong>per</strong></span> <span class='ocrx_word' id='word_1_852' title='bbox 2195 5250 2344 5289; x_wconf 89' lang='lat' dir='ltr'><strong>mare</strong></span> <span class='ocrx_word' id='word_1_853' title='bbox 2371 5242 2425 5288; x_wconf 91' lang='lat' dir='ltr'><strong>et</strong></span> <span class='ocrx_word' id='word_1_854' title='bbox 2457 5233 2665 5294; x_wconf 87' lang='lat' dir='ltr'><strong>littora,</strong></span> <span class='ocrx_word' id='word_1_855' title='bbox 2695 5227 2840 5283; x_wconf 89' lang='lat' dir='ltr'><strong>unde</strong></span> <span class='ocrx_word' id='word_1_856' title='bbox 2867 5239 3062 5279; x_wconf 90' lang='lat' dir='ltr'><strong>nomen</strong></span> <span class='ocrx_word' id='word_1_857' title='bbox 3102 5221 3328 5290; x_wconf 89' lang='lat' dir='ltr'><strong>accepit,</strong></span> <span class='ocrx_word' id='word_1_858' title='bbox 3364 5233 3460 5273; x_wconf 84' lang='lat' dir='ltr'><strong>va-</strong></span> 
     </span>
    </p>
   </div>
   <div class='ocr_carea' id='block_1_116' title="bbox 1899 5324 2710 5401">
    <p class='ocr_par' dir='ltr' id='par_1_116' title="bbox 1899 5324 2710 5401">
     <span class='ocr_line' id='line_1_117' title="bbox 1899 5324 2710 5401; baseline -0.014 -14"><span class='ocrx_word' id='word_1_859' title='bbox 1899 5333 2012 5401; x_wconf 70' lang='lat' dir='ltr'><strong>gari</strong></span> <span class='ocrx_word' id='word_1_860' title='bbox 2039 5330 2214 5385; x_wconf 84' lang='lat' dir='ltr'><strong>tradat</strong></span> <span class='ocrx_word' id='word_1_861' title='bbox 2240 5328 2394 5383; x_wconf 84' lang='lat' dir='ltr'><strong>Phile</strong></span> <span class='ocrx_word' id='word_1_862' title='bbox 2423 5327 2478 5380; x_wconf 91' lang='lat' dir='ltr'><strong>in</strong></span> <span class='ocrx_word' id='word_1_863' title='bbox 2509 5324 2710 5378; x_wconf 80' lang='lat' dir='ltr'><strong>lambis</strong></span> 
     </span>
    </p>
   </div>
   <div class='ocr_carea' id='block_1_117' title="bbox 1972 5445 3204 5527">
    <p class='ocr_par' dir='ltr' id='par_1_117' title="bbox 1972 5445 3204 5527">
     <span class='ocr_line' id='line_1_118' title="bbox 1972 5445 3204 5527; baseline -0.015 -12"><span class='ocrx_word' id='word_1_864' title='bbox 1972 5465 2076 5527; x_wconf 86' lang='grc' dir='ltr'><strong>Ὃς</strong></span> <span class='ocrx_word' id='word_1_865' title='bbox 2102 5459 2241 5525; x_wconf 87' lang='grc' dir='ltr'><strong>τοὺς</strong></span> <span class='ocrx_word' id='word_1_866' title='bbox 2262 5456 2540 5521; x_wconf 75' lang='grc' dir='ltr'><strong>νεοττοὺς</strong></span> <span class='ocrx_word' id='word_1_867' title='bbox 2569 5455 2746 5527; x_wconf 58' lang='grc' dir='ltr'><em>ὄντας</em></span> <span class='ocrx_word' id='word_1_868' title='bbox 2766 5447 3041 5527; x_wconf 66' lang='grc' dir='ltr'><strong>ᾀῖξτῆνας</strong></span> <span class='ocrx_word' id='word_1_869' title='bbox 3063 5445 3204 5512; x_wconf 82' lang='grc' dir='ltr'><em>τέως</em></span> 
     </span>
    </p>
   </div>
   <div class='ocr_carea' id='block_1_118' title="bbox 1980 5515 3179 5596">
    <p class='ocr_par' dir='ltr' id='par_1_118' title="bbox 1980 5515 3179 5596">
     <span class='ocr_line' id='line_1_119' title="bbox 1980 5515 3179 5596; baseline -0.016 -11"><span class='ocrx_word' id='word_1_870' title='bbox 1980 5515 2105 5584; x_wconf 62' lang='grc' dir='ltr'><strong>Ἐἇὶ</strong></span> <span class='ocrx_word' id='word_1_871' title='bbox 2127 5515 2312 5596; x_wconf 52' lang='lat' dir='ltr'><strong>etim</strong></span> <span class='ocrx_word' id='word_1_872' title='bbox 2326 5515 2608 5591; x_wconf 62' lang='grc' dir='ltr'>βάσανῖον</span> <span class='ocrx_word' id='word_1_873' title='bbox 2635 5515 2960 5596; x_wconf 38' lang='lat' dir='ltr'><strong>dic-rwch</strong></span> <span class='ocrx_word' id='word_1_874' title='bbox 2994 5515 3179 5596; x_wconf 62' lang='lat' dir='ltr'><strong>dm,</strong></span> 
     </span>
    </p>
   </div>
   <div class='ocr_carea' id='block_1_119' title="bbox 1970 5587 3284 5666">
    <p class='ocr_par' dir='ltr' id='par_1_119' title="bbox 1970 5587 3284 5666">
     <span class='ocr_line' id='line_1_120' title="bbox 1970 5587 3284 5666; baseline -0.013 -9"><span class='ocrx_word' id='word_1_875' title='bbox 1970 5587 2444 5666; x_wconf 59' lang='grc' dir='ltr'><strong>Ποιεῒϐικὰσὶὴν</strong></span> <span class='ocrx_word' id='word_1_876' title='bbox 2470 5587 2794 5666; x_wconf 53' lang='grc' dir='ltr'><strong>πρακειόξὸν</strong></span> <span class='ocrx_word' id='word_1_877' title='bbox 2815 5590 2920 5666; x_wconf 52' lang='lat' dir='ltr'><strong>rer</strong></span> <span class='ocrx_word' id='word_1_878' title='bbox 2939 5587 3284 5666; x_wconf 46' lang='lat' dir='ltr'><strong>ywogdpor.</strong></span> 
     </span>
    </p>
   </div>
   <div class='ocr_carea' id='block_1_120' title="bbox 1981 5657 3321 5754">
    <p class='ocr_par' dir='ltr' id='par_1_120' title="bbox 1981 5657 3321 5754">
     <span class='ocr_line' id='line_1_121' title="bbox 1981 5657 3321 5754; baseline 0 0"><span class='ocrx_word' id='word_1_879' title='bbox 1981 5675 2047 5754; x_wconf 69' lang='lat'><strong>&#39;2</strong></span> <span class='ocrx_word' id='word_1_880' title='bbox 2066 5670 2182 5741; x_wconf 76' lang='grc' dir='ltr'><strong>μέν</strong></span> <span class='ocrx_word' id='word_1_881' title='bbox 2199 5669 2314 5754; x_wconf 62' lang='grc' dir='ltr'><strong>γάρ</strong></span> <span class='ocrx_word' id='word_1_882' title='bbox 2337 5657 2525 5754; x_wconf 57' lang='lat' dir='ltr'><strong>“iw?</strong></span> <span class='ocrx_word' id='word_1_883' title='bbox 2541 5657 3321 5754; x_wconf 48' lang='lat' dir='ltr'><strong>rrfsﬁétﬁisfrifffiirz&#39;</strong></span> 
     </span>
    </p>
   </div>
   <div class='ocr_carea' id='block_1_121' title="bbox 1974 5726 3322 5809">
    <p class='ocr_par' dir='ltr' id='par_1_121' title="bbox 1974 5726 3322 5809">
     <span class='ocr_line' id='line_1_122' title="bbox 1974 5726 3322 5809; baseline -0.016 -12"><span class='ocrx_word' id='word_1_884' title='bbox 1974 5726 2097 5797; x_wconf 62' lang='lat' dir='ltr'><strong>rei</strong></span> <span class='ocrx_word' id='word_1_885' title='bbox 2114 5726 2411 5809; x_wconf 62' lang='grc' dir='ltr'><strong>φιλτάτων</strong></span> <span class='ocrx_word' id='word_1_886' title='bbox 2445 5726 2710 5809; x_wconf 53' lang='lat' dir='ltr'><strong>siccari,</strong></span> <span class='ocrx_word' id='word_1_887' title='bbox 2749 5731 2845 5785; x_wconf 77' lang='grc' dir='ltr'><strong>καὶ</strong></span> <span class='ocrx_word' id='word_1_888' title='bbox 2873 5726 3322 5809; x_wconf 36' lang='lat' dir='ltr'><strong>Igitr-empturum,</strong></span> 
     </span>
    </p>
   </div>
   <div class='ocr_carea' id='block_1_122' title="bbox 1986 5796 3327 5881">
    <p class='ocr_par' dir='ltr' id='par_1_122' title="bbox 1986 5796 3327 5881">
     <span class='ocr_line' id='line_1_123' title="bbox 1986 5796 3327 5881; baseline -0.013 -14"><span class='ocrx_word' id='word_1_889' title='bbox 1986 5796 2216 5881; x_wconf 61' lang='grc' dir='ltr'><strong>Ὄφᾶεἰς</strong></span> <span class='ocrx_word' id='word_1_890' title='bbox 2241 5827 2307 5879; x_wconf 76' lang='grc' dir='ltr'><strong>τε</strong></span> <span class='ocrx_word' id='word_1_891' title='bbox 2340 5796 2597 5874; x_wconf 71' lang='grc' dir='ltr'><strong>καθαρὐς</strong></span> <span class='ocrx_word' id='word_1_892' title='bbox 2622 5799 2960 5866; x_wconf 71' lang='grc' dir='ltr'><strong>δυσγενοῦς</strong></span> <span class='ocrx_word' id='word_1_893' title='bbox 2983 5796 3260 5859; x_wconf 51' lang='lat' dir='ltr'><strong>{modum</strong></span> <span class='ocrx_word' id='word_1_894' title='bbox 3280 5810 3297 5825; x_wconf 78' lang='lat'>&#39;</span> <span class='ocrx_word' id='word_1_895' title='bbox 3321 5843 3327 5850; x_wconf 94' lang='lat'><strong>.</strong></span> 
     </span>
    </p>
   </div>
  </div>
