3924 6968
566 290 672 370 ⁸99

1915 294 2162 354 LEONIS
2194 275 2469 350 ALLATll
3679 295 3750 350 9ου

656 431 716 485 '0
737 431 788 484 δ’
821 426 923 490 αὖ,
952 429 1102 496 πρΐις
1141 425 1330 481 αὐτὸν
1356 423 1811 496 σκῳδαμρξας.
1853 420 2069 488 εὐθέως

2262 417 2404 474 Nam
2448 416 2609 474 herile
2645 431 2736 485 ego
2783 425 2830 469 te
2877 413 3038 468 barba
3086 412 3333 496 continuo
3371 411 3615 496 arripiant.
3643 423 3683 468 et
3718 420 3753 471 ιι

655 493 1190 569 Ἁλλοτριούτῲιος
1204 497 1253 550 θ’
1275 493 1489 569 εὑρέθη
1514 493 1892 569 σπέρματος,

640 571 751 625 Καὶ
772 565 879 638 τῆξ
908 566 1125 634 καλιᾶς
1146 565 1465 636 δυστυχῶς
1493 565 1809 632 ἀπεκρίθη.

568 659 689 716 Huc
713 659 966 715 allusisse
989 658 1210 713 videtur
1233 654 1620 719 Cassiodorus,
1659 653 1941 708 Variarum
1963 652 2001 707 l.
2027 667 2147 711 vnn

569 754 726 824 epist.
767 751 834 806 2i
875 767 889 803 :
927 749 1018 807 Sic
1051 750 1189 820 fetus
1225 750 1303 803 tui
1347 765 1492 803 more
1527 747 1720 818 aquin
1752 763 1807 802 se
1845 746 2148 815 probantes,

569 846 772 917 regales
807 843 990 902 oculos
1024 842 1089 895 ab
1123 842 1250 912 ipsis
1301 856 1430 911 pene
1468 839 1745 894 cunabulis
1799 839 2148 909 pertulerunt.

644 934 804 998 lbid.,
835 934 934 989 lin.
982 932 1073 988 21.
1137 931 1292 984 Φασὶ
1340 931 1452 1000 γὰρ
1501 929 1871 1002 γηράσαντα.
1916 930 2148 997 Plinius,

570 1027 668 1082 lib.
697 1043 753 1092 ι,
783 1041 902 1097 cap.
936 1026 970 1080 5
995 1043 1008 1078 :
1037 1024 1296 1095 Oppetunt
1336 1040 1439 1077 non
1468 1023 1633 1088 senio,
1677 1038 1768 1076 nec
1812 1021 2147 1092 mgritudine,

571 1119 662 1175 sed
689 1119 849 1188 fame,
880 1119 934 1172 in
962 1126 1168 1171 tantum
1203 1116 1470 1185 superiore
1501 1123 1823 1169 accrescente
1863 1125 2058 1180 rostro,
2091 1123 2150 1168 ut

571 1212 854 1268 aduncitas
884 1211 1077 1280 aperiri
1121 1226 1225 1263 non
1277 1216 1452 1278 queat.
1494 1207 1707 1294 Similia
1740 1207 1904 1262 habet
1944 1207 2147 1273 Horus,

570 1305 668 1361 lib.
697 1321 760 1368 ll,
785 1319 904 1376 cap.
927 1303 1017 1364 96,
1037 1300 1377 1367 Aristoteles,
1407 1300 1503 1354 lib.
1532 1316 1607 1363 lx,
1637 1299 1714 1354 De
1742 1301 1931 1356 histor.
1959 1302 2147 1369 anim.,

571 1407 693 1463 cap.
728 1391 827 1459 52;
865 1390 1204 1462 Epiphanius
1237 1389 1293 1442 in
1329 1387 1670 1459 Phgsiologo,
1695 1399 1750 1444 et
1783 1389 1896 1443 alii.

643 1484 802 1549 lbid.,
835 1483 931 1538 lin.
961 1482 1052 1536 22.
1079 1480 1190 1536 Kal
1227 1483 1313 1546 εὶς
1338 1480 1542 1551 πηγὴν
1561 1481 1958 1551 ἀφικνεῖσθαι.
1997 1481 2150 1538 Hanc

578 1577 772 1648 aquila:
797 1577 1204 1632 renovationem
1235 1577 1324 1630 alii
1355 1575 1511 1630 aliter
1538 1584 1781 1630 narrant.
1814 1574 2174 1646 Epiphanius

575 1670 651 1722 ait
708 1668 764 1722 in
808 1669 975 1722 altum
1018 1683 1144 1724 sese
1187 1667 1455 1730 attollere,
1507 1675 1562 1722 et
1619 1668 1673 1722 in
1715 1678 2046 1740 praeruptam
2091 1687 2150 1728 se

3235 479 3420 553 [ignem
3448 479 3707 553 conjiciunt,

2255 557 2424 629 Teque
2441 556 2858 612 ambustulatum
2876 553 3120 626 objiciam
3137 552 3340 623 magnis
3357 552 3522 606 avibus
3541 553 3757 622 pabulum.

2252 671 2390 731 Vide
2422 681 2682 745 praeterea
2709 668 3181 740 Theopbylactum
3206 662 3548 730 Simocatum,
3574 666 3624 720 in
3649 668 3761 735 ρια.

2253 762 2518 819 stionibus
2549 758 2908 823 naturalibus,
2942 764 3140 828 quaest.
3171 755 3226 818 8,
3249 755 3342 825 qui
3370 769 3464 810 sua
3504 770 3564 810 ex
3594 755 3761 813 Alliam

2251 862 2534 911 mutuatus
2564 860 2670 919 est,
2703 859 2757 906 et
2787 848 3091 920 Gasparum
3124 845 3478 909 Bauchinum,
3513 843 3582 908 De
3605 845 3764 900 herma.

2250 945 2620 1017 phroditorum
2662 950 3188 1008 monstrosorumque
3216 946 3460 1006 portuum
3485 945 3672 1001 natura,
3693 937 3764 991 lib.

2254 1057 2315 1111 ιι,
2351 1055 2471 1110 cap.
2506 1038 2720 1093 ultimo.

2321 1132 2484 1198 lbid.,
2517 1131 2614 1185 lin.
2662 1129 2754 1185 51.
2797 1123 3129 1187 Αὑλίζεται.
3163 1122 3496 1184 Aristoteles,
3533 1121 3617 1174 lib.
3650 1137 3692 1174 vt
3717 1120 3769 1176 De

2251 1229 2439 1283 histor.
2467 1226 2663 1288 anim.,
2695 1238 2816 1293 cap.
2847 1222 2901 1284 5,
2935 1219 3132 1277 scribit
3168 1218 3412 1272 vultures
3455 1213 3696 1270 nidiﬁcare
3730 1216 3769 1269 iu

2251 1320 2644 1378 excelsissimis
2697 1316 2945 1386 rupibus,
2993 1312 3144 1368 unde
3193 1311 3253 1365 lit
3302 1320 3362 1364 ut
3409 1323 3524 1362 raro
3568 1307 3703 1361 nidus
3731 1318 3769 1361 et

2250 1414 2385 1487 pulli
2417 1412 2654 1469 vulturis
2685 1415 3003 1466 cernantur.
3039 1404 3314 1472 Quocirca
3361 1401 3638 1457 Herodotus
3671 1399 3771 1470 Bry-

2252 1506 2405 1560 sonis
2436 1502 2679 1559 rhetoris
2707 1507 2861 1571 pater
2891 1499 3144 1554 vultures
3174 1512 3241 1552 ex
3268 1496 3479 1570 diverso
3517 1494 3630 1548 orbe
3651 1493 3770 1547 nobis

2252 1595 2530 1666 incognito
2569 1592 2824 1647 advolare
2851 1589 3136 1645 credebat.
3190 1585 3388 1640 Eadem
3416 1583 3590 1653 repetit
3622 1590 3666 1637 et
3697 1582 3766 1636 lib.

2253 1703 2326 1753 ιιι,
2354 1702 2474 1757 cap.
2515 1685 2599 1752 11,
2625 1683 2984 1751 afﬁrmatque,
3018 1678 3275 1750 quamvis
3303 1676 3356 1730 id
3400 1675 3466 1729 sit
3492 1673 3690 1735 dillicile,
3711 1673 3768 1725 vi-

573 1760 844 1830 projicere
871 1775 1084 1830 rupem,
1116 1759 1184 1815 ad
1212 1776 1375 1830 quam
1418 1769 1656 1816 rostrum
1690 1761 1896 1830 allidit;
1933 1770 1986 1820 et
2026 1778 2152 1818 cum
2185 1770 2226 1824 Β
2256 1793 2374 1833 sum
2405 1776 2588 1832 tamen
2632 1773 2930 1846 aliquando
2960 1772 3086 1842 ejus
3126 1769 3337 1824 nidum.
3385 1765 3594 1830 Plinius,
3623 1765 3696 1818 lib.
3723 1779 3762 1827 ι,

574 1867 636 1908 se
663 1851 875 1922 frigidis
905 1852 1233 1907 immerserit
1261 1853 1438 1922 aquis,
1474 1853 1540 1907 ad
1571 1855 1780 1909 solares
1809 1853 1993 1908 radios
2029 1871 2151 1910 sese

575 1960 872 2016 opponere,
905 1953 1142 2015 tuncque
1169 1961 1234 2001 ex
1261 1948 1436 2003 oculis
1463 1947 1659 2003 cadere
1691 1947 2065 2018 lippitudines,
2097 1956 2151 2003 et

576 2036 652 2092 ita
669 2037 1044 2108 juvenescere.
1069 2038 1262 2095 Petrus
1286 2038 1599 2105 Damianus,
1627 2041 1722 2096 lib.
1756 2057 1814 2106 ιι,
1843 2041 2002 2110 epist.
2039 2041 2103 2095 l8
2133 2060 2145 2095 :

574 2131 790 2203 Aquila,
820 2133 918 2196 ait,
963 2147 1078 2184 cum
1124 2133 1372 2198 senuerit,
1421 2142 1470 2186 et
1517 2134 1729 2204 gravari
1774 2135 2022 2202 coeperint
2050 2135 2152 2190 ala:

575 2224 711 2293 ejus,
741 2236 895 2296 atque
936 2222 1075 2278 oculi
1113 2223 1366 2293 caligare,
1393 2232 1512 2277 tunc
1553 2225 1740 2293 quierit
1769 2225 1964 2293 [autem
2003 2242 2153 2296 aqua:

576 2327 764 2373 contra
805 2334 956 2388 quem
999 2317 1172 2386 posita
1205 2317 1345 2370 volat
1389 2333 1548 2388 usque
1595 2319 1662 2371 ad
1711 2318 1965 2372 circulum
2001 2321 2150 2385 solis,

576 2409 789 2481 illicque
826 2410 885 2463 in
927 2407 1130 2478 puriori
1160 2409 1371 2463 wtheris
1408 2412 1655 2466 vastitate
1683 2411 1878 2465 librata
1901 2411 1970 2464 ad
1999 2428 2156 2480 vapo-

577 2517 688 2556 rem
733 2500 860 2554 solis
915 2509 965 2552 et
1028 2499 1144 2552 alas
1189 2499 1416 2553 incendit
1466 2509 1516 2554 et
1564 2501 1840 2572 caliginem
1885 2505 2154 2556 oculorum

577 2603 794 2658 prorsus
835 2587 1028 2651 exurit,
1081 2602 1300 2657 moxque
1326 2587 1639 2644 descendens
1676 2592 1842 2644 tribus
1875 2592 1927 2644 in
1959 2593 2152 2660 fontem

578 2679 773 2735 vicibus
804 2679 1074 2750 mergitur,
1113 2688 1162 2733 et
1205 2680 1283 2733 sic
1317 2680 1525 2734 alarum
1576 2683 1739 2752 vigor,
1783 2696 1832 2736 et
1882 2684 2154 2738 oculorum

578 2770 716 2823 acies
769 2767 932 2822 multo
967 2768 1151 2822 melius
1198 2784 1355 2838 quam
1405 2769 1647 2838 juventus
1698 2772 1969 2840 attulerat,
2003 2790 2154 2828 reno-

578 2870 754 2916 vatur.
795 2859 962 2913 Multa
1004 2859 1060 2913 in
1110 2858 1252 2913 hanc
1306 2860 1631 2914 sententiam
1674 2877 1741 2916 ex
1785 2862 2153 2936 Hieronymo,

579 2951 906 3023 Augustino,
939 2950 1092 3005 rabbi
1125 2949 1317 3015 David,
1351 2950 1654 3018 Vincentio,
1694 2955 1900 3027 colligit
1926 2957 2156 3016 Pontius

581 3045 636 3100 in
667 3043 873 3098 dictum
903 3043 1079 3098 locum
1108 3041 1416 3113 Epiphanii,
1444 3060 1602 3114 quem
1628 3049 1870 3103 consule.
1904 3048 2155 3106 Theodo-

2257 1892 2377 1946 cap.
2404 1875 2436 1927 6
2463 1890 2478 1926 :
2522 1872 2801 1927 Vulturum
2827 1867 3118 1939 prwvalent
3145 1865 3303 1933 nigri.
3335 1861 3497 1916 Nidos
3524 1876 3650 1913 nemo
3675 1862 3766 1911 atti-

2255 1970 2345 2040 git.
2380 1965 2506 2021 Ideo
2545 1966 2704 2020 etiam
2738 1964 2882 2032 fuere
2928 1962 3022 2032 qui
3069 1965 3318 2028 putarent
3358 1954 3473 2008 illos
3515 1968 3571 2006 ex
3602 1950 3766 2005 adverso

2258 2059 2378 2114 orbe
2408 2057 2675 2112 advolare.
2705 2054 2870 2109 Falso
2901 2069 2918 2106 :
2955 2051 3246 2120 nidiﬁcant
3294 2050 3426 2102 enim
3465 2046 3516 2098 in
3539 2045 3768 2099 excelsissi-

2258 2153 2357 2206 mis
2397 2149 2631 2218 rupibus.
2671 2146 2982 2212 Juvenalis,
3013 2150 3194 2212 satyr.
3222 2140 3309 2204 15,
3339 2135 3554 2192 credidit
3582 2134 3629 2188 in
3653 2131 3770 2187 arbo-

2259 2244 2411 2299 ribus
2440 2241 2599 2296 nidos
2640 2240 2819 2294 l‘acere
2845 2258 2858 2292 :

2269 2355 2480 2417 γυιων,
2505 2355 2744 2425 jumento
2781 2361 2829 2406 et
2856 2351 3084 2405 canibus
3112 2349 3452 2425 crucibusque
3483 2342 3671 2425 relictis,

2261 2426 2341 2479 Ad
2372 2416 2521 2494 fetus.
2538 2432 2779 2494 properat
2807 2432 3121 2494 partemque
3160 2419 3426 2494 cadaveris
3456 2416 3613 2494 aﬂ'ert,

2263 2487 2470 2550 Hic'est
2497 2487 2618 2565 ergo
2633 2487 2791 2548 'cibus
2808 2487 3005 2565 'magni
3024 2487 3249 2565 quoque
3280 2487 3514 2565 vulturis,
3538 2497 3584 2565 et
3600 2500 3644 2537 se

2263 2554 2576 2629 Pascentis:
2596 2565 2812 2635 propria
2841 2554 2958 2616 cum
2979 2554 3105 2632 ja'm
3140 2554 3272 2630 facit
3303 2558 3481 2612 arbore
3504 2554 3652 2609 nidos.

2334 2680 2493 2742 ιδιά..
2535 2679 2631 2732 lin.
2683 2677 2770 2732 55.
2808 2675 2917 2730 Kal
2961 2674 3172 2730 λαϐὼν
3214 2672 3322 2727 τὸν
3352 2671 3615 2725 εὺτόκιον.
3648 2663 3769 2718 Eulo-

2261 2770 2405 2826 cium
2435 2769 2665 2840 lapidem
2696 2767 2911 2822 aetitcm
2936 2781 3086 2827 esse,
3112 2763 3317 2820 nemini
3351 2761 3559 2816 dubium
3580 2772 3677 2813 esse
3698 2753 3770 2808 de-

2262 2863 2372 2928 bet,
2403 2877 2525 2916 cum
2553 2876 2674 2931 qua:
2695 2863 2762 2915 de
2799 2859 3016 2914 eutocio
3037 2857 3366 2914 Eustathius
3391 2852 3563 2916 refert,
3580 2849 3635 2918 de
3652 2847 3770 2902 actito

2263 2954 2352 3007 alii
2377 2954 2580 3008 dicant.
2608 2951 2838 3017 Plinius,
2867 2951 2962 3006 lib.
2993 2966 3052 3013 χ,
3089 2951 3260 3021 capit.
3294 2963 3344 3002 Iv
3375 2967 3386 3002 :
3418 2944 3586 3000 Tribus
3611 2940 3765 3011 primis,

2261 3053 2309 3097 et
2354 3044 2534 3113 quinto
2577 3041 2878 3112 aquilarum
2918 3041 3100 3110 generi
3145 3038 3494 3107 inwdiﬁcatur
3529 3031 3634 3087 nido
3671 3029 3767 3096 lapis

580 3151 679 3192 rus
707 3144 888 3190 tamen
922 3133 1320 3200 Heracleensis,
1355 3133 1644 3192 Comment.
1675 3139 1729 3192 in
1765 3141 1901 3208 psal.
1930 3156 2024 3206 cn,
2060 3159 2158 3198 ne-
2186 3127 2228 3185 Ο
2261 3136 2466 3199 uelites,
2510 3152 2660 3206 quem
2690 3135 2854 3205 aliqui
2883 3134 3064 3187 dixere
3091 3141 3359 3204 gagatem,
3390 3128 3455 3183 ad
3480 3125 3624 3180 multa
3645 3136 3766 3174 reme-

581 3235 674 3299 εει
730 3227 970 3297 aquilam
1023 3228 1322 3282 renovari:
1362 3227 1436 3280 Οὐ
1474 3227 1631 3282 τοῦτο
1679 3231 1925 3301 βούλεται
1970 3236 2162 3298 εἰπεῖν,

581 3321 665 3374 ὅτι
700 3317 1102 3382 ἀνακαινίζεται
1134 3320 1162 3370 ὁ
1193 3319 1349 3384 ἀετός
1371 3337 1384 3348 ⁸
1419 3322 1478 3374 οὐ
1517 3321 1624 3393 γὰρ
1663 3323 2084 3390 ἀνακαινίζεται,
2118 3334 2164 3386 εἰ

586 3413 662 3483 μὴ
691 3411 870 3482 μόνον,
897 3409 972 3473 ὥς
1001 3427 1184 3480 φασιν,
1218 3413 1247 3464 ό
1287 3412 1466 3480 φοῖνιξ
1497 3413 1556 3466 τὸ
1586 3413 1796 3484 ὄρνεον·
1832 3415 1946 3469 ἀλλ’
1979 3417 2165 3488 ἐπειδὴ

581 3507 612 3560 ὁ
638 3503 792 3567 ἀετὸς
819 3503 965 3556 δοκεῖ
989 3502 1290 3573 βασιλεύειν
1323 3503 1430 3558 τῶν
1465 3506 1724 3559 πετεινῶν
1747 3507 2023 3572 ἁπάντων,
2051 3509 2166 3580 βού-

582 3595 733 3648 λεται
775 3596 969 3658 εἰπεῖν,
1004 3595 1086 3647 ὅτι
1116 3595 1148 3664 ή
1183 3593 1482 3664 παλαιότης
1511 3593 1668 3665 ἡμῶν
1712 3598 1745 3665 ἡ
1787 3597 1844 3648 ὲν
1887 3597 2163 3652 Βαϐυλῶνι

583 3688 1095 3760 ἁνακαινισθήσεται
1130 3689 1210 3750 εἰς
1247 3685 1520 3757 βασιλείαν
1563 3682 1736 3752 αὖθις,
1783 3687 1972 3761 ὥσπερ
2024 3686 2165 3762 ἦμέν

583 3797 738 3835 ποτε.
768 3778 865 3833 Διὰ
892 3778 1000 3850 γὰρ
1036 3775 1129 3830 τοῦ
1163 3777 1375 3848 ὄρνιθος
1404 3777 1497 3830 τοῦ
1543 3776 1702 3830 ἀετοῦ
1747 3777 1846 3850 τὴν
1888 3779 2164 3850 βασιλείαν

585 3872 898 3928 αἰνίττεται.
927 3869 1164 3926 Consule
1204 3869 1333 3925 item
1375 3869 1596 3925 Caelium
1628 3869 1939 3943 Rodigium,
1972 3874 2006 3929 Ι.
2043 3889 2160 3938 xm,

587 3977 709 4035 cap.
744 3962 835 4018 20.

659 4073 819 4139 lbid.,
850 4073 949 4129 lin.
981 4073 1071 4129 29.
1109 4075 1172 4128 '0
1199 4073 1268 4128 δὲ
1299 4074 1426 4146 γὺψ
1446 4074 1795 4146 ὑπηνέμιον.
1830 4074 2026 4132 Petrus
2062 4076 2164 4131 Da-

587 4167 825 4233 mianus,
857 4166 952 4222 lib.
984 4167 1222 4237 n,epist.
1248 4167 1318 4220 18
1347 4186 1359 4221 :
1394 4166 1744 4221 Perhibentur
1766 4167 1996 4222 vultures
2056 4185 2163 4223 ca:-

589 4266 822 4311 terarum
844 4257 1017 4311 avium
1042 4273 1203 4321 more,
1224 4257 1524 4311 concubitui
1546 4257 1846 4312 nullatenus
1863 4257 2162 4328 indulgere:

586 4349 678 4406 sed
706 4353 898 4420 absque
928 4349 1043 4403 ulla
1074 4365 1290 4419 prorsus
1335 4350 1620 4405 masculini
1663 4366 1818 4405 sexus
1848 4350 2164 4409 admistione

2267 3228 2358 3280 dia
2389 3222 2566 3293 utilis,
2593 3226 2724 3279 nihil
2755 3225 2872 3295 igne
2900 3223 3213 3291 deperdens.
3258 3220 3354 3274 Est
3384 3227 3546 3272 autem
3569 3212 3678 3280 lapis
3699 3211 3768 3261 iste

2264 3333 2565 3388 prwgnans,
2595 3316 2737 3369 intus
2765 3331 2884 3368 cum
2912 3315 3156 3384 quatias,
3198 3315 3304 3367 alie
3336 3311 3464 3364 velut
3491 3308 3539 3360 in
3560 3313 3679 3354 utero
3707 3318 3768 3353 su-

2267 3421 2441 3475 nante,
2467 3409 2555 3464 sed
2581 3410 2655 3464 vis
2680 3409 2777 3462 illa
2809 3407 3010 3462 medica
3031 3424 3143 3462 non
3172 3407 3277 3461 nisi
3301 3405 3420 3458 nido
3447 3398 3654 3457 direptis.
3672 3393 3765 3449 0w:

2265 3497 2474 3553 Plinius
2515 3513 2627 3552 non
2681 3498 2817 3553 satis
2870 3496 3194 3568 distinguit,
3251 3497 3376 3551 dum
3430 3501 3643 3564 gagatem
3679 3498 3766 3539 cum

2267 3590 2428 3644 aetite
2467 3588 2772 3645 confundit.
2803 3589 3041 3645 Consule
3089 3591 3278 3659 ipsum
3329 3588 3419 3642 lib.
3462 3597 3619 3644 um,
3647 3582 3763 3647 capit.

2265 3683 2328 3736 21
2366 3691 2421 3738 et
2455 3683 2618 3754 capit.
2649 3683 2733 3746 l9,
2761 3682 3025 3738 Galenum
3061 3690 3114 3738 et
3166 3678 3544 3738 Dioscoridcm.
3572 3670 3764 3743 Lapidem

2267 3776 2410 3830 hunc
2459 3775 2814 3846 Harpocratio
2872 3776 3284 3832 Alexandrinus
3330 3772 3591 3844 ocytocion
3637 3774 3762 3820 vocat.

2267 3867 2661 3939 distinguitque
2715 3870 2784 3924 ab
2837 3871 3002 3924 aetite
3056 3887 3070 3923 :
3132 3868 3438 3929 Ὠκυτόκιος
3493 3861 3618 3922 λίθος
3661 3854 3765 3908 ἐστὶν

2265 3961 2457 4025 ἐοικὼς
2482 3961 2562 4032 τῷ
2587 3962 2794 4034 ἁετίτῃ,
2831 3963 3157 4033 μικρότερος
3183 3962 3240 4015 δὲ
3281 3959 3502 4020 ἐκείνου,
3529 3953 3643 4022 πλὴν
3662 3950 3762 4014 ἀπ’

2265 4052 2393 4125 χῶν,
2419 4053 2494 4119 ὡς
2527 4055 2755 4119 ἐκεῖνος,
2791 4056 2847 4108 ὲν
2878 4054 2955 4125 τῷ
2989 4054 3262 4109 κινεῖσθαι
3297 4052 3441 4126 παρὰ
3463 4050 3518 4103 τὸ
3540 4042 3633 4108 οὖς.
3653 4041 3763 4094 Ἐστι

2264 4145 2320 4198 δὲ
2353 4145 2445 4199 καὶ
2482 4145 2624 4212 λεῖος
2649 4150 2718 4218 τῇ
2749 4146 2870 4219 θέᾳ.

2333 4262 2493 4324 lbid.,
2519 4262 2614 4317 lib.
2650 4262 2739 4318 '55.
2767 4263 2871 4317 Kal
2895 4263 3220 4317 ἀποτίκτει.
3250 4259 3474 4321 Plinius,
3504 4255 3585 4310 lib.
3611 4268 3656 4312 ι,
3675 4261 3760 4314 ωρ-

2265 4354 2299 4410 6
2342 4374 2355 4410 :
2416 4355 2579 4410 Fetus
2626 4354 2835 4426 quidem
2881 4363 3170 4410 cernuntur
3226 4354 3333 4424 fere
3380 4352 3501 4405 bini.
3535 4341 3760 4401 Umbriciu

587 4443 872 4512 concipere.
906 4440 1190 4508 Quomodo
1242 4447 1422 4496 autem
1469 4441 1522 4495 id
1563 4442 1654 4497 ﬁat
1683 4443 1934 4513 pluribus
1975 4457 2158 4500 narrat

2266 4446 2570 4514 aruspicum
2620 4447 2677 4498 in
2723 4454 2902 4499 nostro
2934 4461 3042 4500 levo
3083 4445 3437 4512 peritissimus
3464 4450 3623 4509 parere
3646 4429 3762 4483 tradi!

588 4531 768 4588 ﬂorus
825 4533 919 4588 lib.
969 4548 1007 4598 ι,
1067 4547 1191 4600 cap.
1247 4531 1346 4598 ll;
1393 4529 1740 4596 Plutarchus,
1794 4532 2160 4590 Romanarum

586 4627 873 4696 quaestion.
906 4625 975 4682 95
1005 4644 1017 4680 :
1053 4626 1197 4698 Θῆλυ
1233 4627 1338 4679 πᾶν
1369 4624 1430 4678 τὸ
1458 4627 1612 4695 γένος
1651 4628 1768 4680 ἐστὶ
1791 4630 1884 4682 καὶ
1917 4630 2166 4684 κυΐσκον-

586 4735 676 4773 ται
703 4719 985 4789 δεχόμεναι
1017 4717 1107 4771 τὸν
1147 4715 1482 4789 ἀπηλιώτην,
1518 4717 1705 4790 ὥσπερ
1738 4718 1806 4772 τὰ
1847 4719 2038 4792 δένδρα
2076 4721 2165 4776 τόν

587 4811 843 4883 ζέφυρον.
876 4810 1147 4872 ΑΞΙιιιιιιιε,
1184 4811 1278 4865 lib.
1310 4825 1367 4871 ιι,
1395 4825 1515 4880 cap.
1546 4810 1652 4865 46:
1686 4811 1839 4865 Γῦπα
1873 4811 1930 4866 δὲ
1964 4812 2168 4884 ἄρρενα

587 4904 648 4956 οὐ
679 4904 810 4972 φασὶ
833 4901 1085 4972 γενέσθαι
1126 4901 1276 4964 ποτὲ,
1305 4898 1439 4953 ἀλλὰ
1464 4899 1685 4972 θηλείας
1721 4903 1957 4966 ἁπάσας.
1990 4903 2167 4976 Ὅπερ

589 4998 928 5069 ὲπιστάμενα
954 4996 1025 5050 τὰ
1053 4996 1186 5062 ζῶα,
1213 4997 1307 5050 καὶ
1334 4996 1569 5070 ἐρημίαν
1595 4994 1802 5050 τέκνων
1829 4997 2059 5060 δεδιότα,
2088 5000 2168 5061 εἰς

591 5091 846 5162 ἐπιγονὴν
869 5089 1073 5143 τέκνων
1113 5090 1337 5145 τοιαῦτα
1386 5092 1506 5163 δρᾷ.
1549 5090 1902 5162 Ἀντὶπρωροι
1929 5088 2007 5160 τῷ
2031 5091 2168 5160 νότῳ

590 5187 870 5249 πέτονται,
919 5184 968 5237 εἰ
1011 5183 1070 5238 δὲ
1111 5183 1186 5255 μὴ
1223 5185 1306 5255 εἴη
1340 5185 1510 5251 νότος,
1545 5182 1622 5254 τῷ
1672 5182 1816 5254 εὔρῳ
1875 5183 2166 5254 κεχήνασι,

588 5278 684 5331 καὶ
721 5277 783 5330 τὸ
834 5275 1050 5347 πνεῦμα
1099 5276 1308 5347 εἰσρέον
1348 5275 1545 5348 πληροῖ
1583 5273 1785 5338 αὐτὰς,
1841 5275 1935 5327 καὶ
1979 5273 2168 5327 κύουσι

562 5351 753 5440 ῗτριῶν
785 5369 940 5424 ἐτῶν.
977 5367 1109 5435 Quae
1136 5369 1378 5424 carmine
1410 5367 1642 5424 reddidit
1673 5368 1727 5422 in
1764 5365 1966 5422 lambis
1993 5366 2164 5422 Phile.

591 5462 864 5518 Adrianus
910 5460 1231 5529 Turnebus,
1287 5464 1380 5518 lib.
1416 5479 1580 5527 xxvr,
1629 5462 1796 5533 capit.
1838 5461 1913 5527 2,
1970 5471 2023 5518 et
2059 5463 2165 5533 lib.

590 5568 749 5618 χχιιι,
779 5555 940 5624 capit.
997 5555 1052 5620 5,
1103 5562 1157 5610 et
1204 5553 1582 5625 Dalecampius
1638 5556 1886 5610 scribunt
1926 5555 2170 5612 vultures

592 5659 817 5716 magnas
849 5662 976 5702 aves
1016 5662 1047 5700 a
1097 5647 1290 5702 Plauto
1328 5647 1382 5701 in
1426 5646 1658 5702 Rudente
1713 5655 2056 5719 nuncupatas
2113 5647 2168 5702 in

591 5737 698 5796 illis
739 5739 988 5794 versibus
1023 5759 1035 5792 :

2266 4553 2362 4591 ova
2383 4537 2487 4591 tria
2514 4552 2534 4591 :
2562 4553 2666 4591 uno
2693 4553 2758 4591 ea:
2801 4538 2867 4591 iis
2914 4536 3116 4606 reliqua
3156 4554 3254 4592 ova
3285 4535 3550 4603 nidumque
3575 4528 3759 4580 lustrare.

2266 4645 2390 4684 mox.
2419 4630 2666 4699 abjicere.
2711 4628 2856 4685 Idem
2906 4631 3067 4685 habet
3117 4629 3349 4684 Aristot.
3388 4625 3463 4680 De
3495 4624 3603 4677 hist.
3624 4615 3760 4671 anim»

2265 4739 2385 4793 cap.
2425 4723 2478 4778 6.
2513 4721 2741 4785 Tamen,
2774 4723 2870 4779 lib.
2923 4739 2996 4786 Ix,
3027 4738 3148 4791 cap.
3189 4723 3276 4787 11,
3310 4719 3494 4777 scribit
3522 4736 3533 4770 :
3564 4710 3665 4768 Edit
3688 4721 3758 4760 non

2266 4817 2384 4885 plus
2413 4830 2570 4888 quam
2598 4833 2760 4869 unum
2785 4832 2957 4879 ovum,
2978 4815 3188 4869 autduo
3205 4794 3758 4881 complurimum.Quzsi

2269 4914 2520 4960 naturam
2543 4907 2723 4962 avium
2754 4915 2902 4962 recte
2931 4906 3268 4970 consideres,
3295 4905 3417 4974 quis
3445 4902 3512 4956 ita
3532 4896 3704 4964 iniquus
3718 4892 3758 4938 ut

2271 5013 2468 5068 negare
2501 4997 2698 5053 audeat
2735 4999 3006 5053 vulturem
3031 5012 3185 5051 avem
3211 5012 3311 5051 ova
3327 4990 3564 5066 gignere?
3585 4987 3639 5039 At
3651 4980 3757 5035 luere

2269 5092 2360 5158 qui
2387 5089 2630 5145 dicerent
2657 5105 2752 5147 eos
2776 5095 2877 5145 ova
2917 5106 3025 5144 non
3067 5088 3373 5151 excludere,
3404 5084 3491 5141 sed
3523 5079 3665 5152 pullos
3687 5084 3755 5138 ια’

2269 5197 2411 5240 rere.
2441 5196 2645 5252 eosque
2670 5183 2854 5236 statim
2882 5197 2912 5235 a
2941 5192 3098 5251 partu
3125 5181 3372 5237 volatiles
3393 5190 3524 5233 esse.
3552 5168 3753 5224 Elianus.

2270 5275 2366 5331 lib.
2399 5290 2460 5341 ιι,
2485 5289 2606 5344 cap.
2641 5275 2710 5328 46
2736 5296 2748 5329 ;
2781 5275 2965 5337 Γῦπας
2996 5275 3051 5327 δὲ
3081 5274 3154 5344 μὴ
3182 5272 3265 5326 ὠὰ
3285 5272 3479 5324 τίκτειν
3505 5264 3750 5324 πέπεισμαιν

2269 5368 2517 5431 νεοττοὺς
2555 5367 2612 5420 δὲ
2646 5367 2877 5422 ὠδίνειν.
2918 5367 3029 5421 Καὶ
3077 5367 3150 5429 t'o;
3206 5365 3311 5418 ἀπὸ
3341 5362 3520 5432 γενεᾶς
3547 5351 3754 5409 natam:-

2273 5460 2356 5534 pol
2377 5462 2501 5523 εἱσι,
2525 5461 2615 5513 καὶ
2643 5458 2798 5514 τοῦτο
2828 5461 3056 5528 ἥκουσα.
3085 5458 3150 5512 Et
3187 5455 3594 5526 Theophylactus
3624 5442 3757 5534 Simo-

2271 5533 2473 5615 catus,‘
2497 5554 2553 5606 in
2596 5551 2800 5617 Quwst.
2834 5565 3036 5616 natura,
3072 5558 3261 5621 quaret.
3297 5548 3348 5615 8,
3383 5546 3455 5600 'de
3479 5533 3755 5596 vulturibus:

2271 5647 2383 5699 Καὶ
2425 5645 2668 5698 τίκτουσι
2711 5643 2845 5709 ζῶα,
2897 5644 2998 5696 οὐκ
3031 5644 3110 5698 ibi
3145 5641 3426 5712 ὑπηνέμια.
3457 5633 3540 5686 Διὸ
3565 5623 3759 5712 nislan

2273 5738 2464 5810 χρόνον
2495 5737 2664 5792 δεῖται
2695 5737 2728 5808 ἡ
2759 5735 2920 5804 φύσις
2949 5736 3087 5807 πρὸς
3120 5734 3255 5800 ζὼου
3287 5721 3658 5793 τελεσιουργὶανπ
3678 5709 3758 5765 5°“
