1962 3484
121 106 174 135 39!

122 204 189 231 εις..
205 203 232 227 et
249 198 336 232 Phile,
353 200 381 227 in
397 198 498 227 lambis
513 207 522 227 :

122 266 225 301 Θῆλυς
238 266 272 293 δὲ
287 266 346 299 πᾶς
358 266 431 302 γὺψ,
443 267 491 294 καὶ
507 267 623 302 σπορᾶς
640 266 712 294 ἄνευ
725 267 800 293 κύει.

121 303 240 329 Χαίνων
249 303 303 337 γὰρ
318 302 500 336 ἀντίπρωρος
515 303 596 337 ὑψοῦ
610 302 684 337 πρὸς
698 303 797 333 νότον,

119 336 330 371 Συλλαμϐάνει
344 337 377 364 τὸ
388 338 517 372 πνεῦμα.
534 338 582 365 καὶ
602 338 700 372 τρίτου
715 338 825 371 χρόνου

119 371 289 405 Στρουθοὺς
304 371 471 407 πτερωτοὺς
486 372 530 407 ἄρ’
542 372 601 400 ἀπὸ
617 372 732 407 μήτρας
747 371 855 407 ἐξάγει.

116 406 153 433 οι
165 406 255 437 ζῶσιν
266 406 360 440 εὐθὺς
369 407 403 440 ἐξ
414 406 532 440 ὀνύχων

549 407 689 442 ἁρπάγων

117 442 251 477 Πνίγους
264 443 376 470 κοιλιῶν
385 444 470 478 εὐρεθ

507 452 555 476 τες
569 443 744 477 κρείττονες.

157 509 238 543 lbid.,
254 509 301 536 lin.
315 510 359 537 58.
371 510 447 539 Φασὶ
459 510 493 538 δὲ
504 510 557 538 τὸν
567 510 656 546 γῦπα.
668 511 773 539 Plinius
787 510 908 538 vultures

118 555 205 582 odore
218 554 316 590 fugari,
335 555 382 583 lib.
400 564 430 589 ιι,
454 563 514 591 cap.
537 556 581 589 43,
601 556 706 584 scribit.
728 556 801 584 ldem
823 554 909 583 [Elia-

118 609 184 635 nus,
200 601 247 628 lib.
263 609 304 633 ιιι,
317 609 378 637 cap.
397 601 422 634 7,
435 606 462 630 et
479 602 526 629 lib.
545 610 582 634 ιν,
594 609 655 637 cap.
673 602 721 636 18;
737 602 907 637 Aristoteles,

118 645 168 672 lib.
184 645 253 679 Περὶ
271 646 442 680 θαυμασίων
464 645 670 680 ἀκουσμάτων.
694 646 907 682 Theophrastus,

118 691 169 719 lib.
200 691 239 719 De
267 692 390 719 odoribus
410 700 419 719 :
443 693 536 720 Πονετν
557 692 585 719 δὲ
612 692 671 719 ἔνια
695 693 819 728 φαίνεται
848 689 909 726 ταῖς

117 737 219 772 ὀσμαῖς
237 738 284 765 καὶ
302 739 361 769 ταῖς
387 738 521 772 εὐωδίαις,
534 739 557 765 εί
573 738 670 774 ἀληθὲς
682 739 712 765 τὺ
726 739 772 766 ἐπὶ
789 739 843 766 τῶν
858 748 902 774 γυ-

118 782 182 809 πῶν
206 783 253 809 καὶ
275 783 425 819 κανθάρων.
454 784 487 810 Ει
514 784 644 812 collector
667 783 835 819 Ceoponicor.
860 786 905 813 lib.

627 105 661 134 IN
682 104 865 134 EUSTATHII
886 104 1124 135 HEXAEMERON
1134 106 1252 136 NOTIE.

122 153 266 189 λύκρατες.
289 152 413 180 Χαλεπὸν
433 152 487 188 γὰρ
511 153 557 180 καὶ
572 152 630 180 λίαν
643 153 760 189 ἐργῶδες
773 154 806 189 τῇ
820 153 909 188 φύσει.
926 157 949 184 Α

1698 107 1748 134 9οἓ

1031 153 1141 181 Ciconia
1156 155 1236 181 etiam
1249 158 1337 189 grata,
1352 154 1499 189 peregrina,
1517 153 1629 188 hospita,

1030 189 1144 216 Pietatis
1158 188 1266 225 cultris,
1281 188 1430 224 gracilipes,
1443 188 1607 225 glotoristria

1031 224 1095 251 Avis
1109 224 1186 251 exsul
1202 224 1306 256 hiemis,
1321 228 1375 253 etc.

959 279 1078 308 Consule
1100 280 1212 308 Adriani
1232 279 1307 307 Junii
1322 280 1489 308 Animadver.
1507 280 1555 308 lib.
1568 288 1606 314 v1,
1621 287 1682 316 cap.
1705 281 1748 309 l5.

995 325 1075 359 lbid.,
1098 326 1146 353 lin.
1173 326 1218 353 Π.
1245 326 1528 361 Τετραυματισμέναι
1548 325 1612 361 γάρ.
1630 325 1689 359 Qua
1705 333 1741 352 ra~

959 371 1033 399 tione
1056 372 1108 399 sibi
1133 371 1293 399 medeantur
1312 371 1424 399 ciconiae
1440 380 1502 399 cum
1517 372 1616 399 vulnus
1633 379 1748 407 accepe-

958 414 1025 447 rint,
1040 414 1177 448 lElianus,
1190 415 1238 442 lib.
1256 424 1283 449 ν,
1303 423 1364 451 cap.
1377 415 1429 449 46;
1446 421 1473 443 et
1487 416 1658 445 Aristoteles.

993 460 1073 494 lbid.,
1088 461 1135 488 lin.
1152 461 1197 488 48.
1220 461 1290 489 Ἐὰν
1312 461 1346 488 δὲ
1362 462 1491 497 γηράσῃ.
1519 461 1650 494 Basilius,
1671 462 1745 490 hom.

959 506 994 534 8:
1017 507 1129 533 Ἐκεῖνοι
1142 507 1186 533 τὸν
1209 507 1324 543 πατέρα,
1339 508 1391 535 ὑπὸ
1405 508 1451 535 τοῦ
1470 509 1562 544 γήρως
1576 510 1748 545 πτεροῤῥυήυ

960 561 1054 584 σαντα,
1070 553 1248 589 περιστάντες
1265 555 1293 580 ὲν
1313 554 1415 589 κύκλῳ,
1429 555 1485 586 τοῖς
1507 555 1617 586 οἰκείοις
1638 557 1746 591 πτεροῖς

958 598 1142 631 διαθάλπουσι,
1163 600 1210 626 καὶ
1233 600 1281 631 τὰς
1307 600 1409 635 τροφὰς
1432 600 1555 635 ἀφθόνως
1574 602 1748 635 παρασκευά-

959 644 1060 680 ζοντες,
1078 645 1128 681 τὴν
1148 645 1262 681 δυνατὴν
1285 646 1333 672 καὶ
1355 647 1383 672 ὲν
1406 647 1439 682 τῇ
1461 647 1558 682 πτήσει
1582 648 1745 683 παρέχονται

959 690 1095 726 βοήθειαν,
1111 692 1202 727 ἠρέμα
1214 692 1251 728 τῷ
1266 692 1359 728 πτερῷ
1372 691 1544 726 κουφίζοντες
1566 693 1744 729 ἑκατέρωθεν.

958 738 1013 764 Καὶ
1038 737 1108 764 οὕτω
1124 738 1202 764 τοῦτο
1214 737 1289 773 παρὰ
1311 739 1378 765 πᾶσι
1399 737 1588 775 διαϐεϐόηται,
1606 739 1675 766 ὥστε
1694 740 1746 775 ήδη

957 784 1029 815 τινὲς
1042 784 1091 819 τὴν
1103 783 1157 810 τῶν
1178 784 1401 821 εὐεργετημάτων
1418 784 1560 816 ἀντίδοσιν,
1583 784 1746 821 ἀντιπελάρ-

118 837 186 857 XIV:
209 829 396 864 Ἀριστοτέλης
412 830 477 866 φησὶ
496 830 586 865 γῦπας
606 830 690 866 μύρου
706 832 776 867 ὀσμῇ
793 831 904 858 ἀπόλλυ-

959 838 1041 864 γωσιν
1059 829 1229 864 ὀνομάζουσι.
1246 829 1453 864 Aristophanes,
1467 829 1495 856 in
1509 829 1607 856 Avibus
1620 838 1630 856 :

120 874 199 901 σθαι·
220 874 370 911 κανθάρους
384 875 412 901 δὲ
427 877 459 911 τῇ
476 876 546 912 ὀσμῇ
569 876 623 903 τῶν
645 877 739 912 ῥόδων.
760 875 836 905 Εἶναι
853 878 906 913 γὰρ

118 920 226 952 τούτοις
242 921 373 956 σωτήριον
389 921 438 956 τὴν
456 922 597 949 δυσωδίαν.

156 965 236 999 lbid.,
250 967 297 994 lin.
310 967 353 994 41.
374 967 477 994 Ἠνίκα
492 967 525 994 δέ
537 976 632 1003 φασιν
645 969 761 1003 ἄνδρες.
777 969 905 1003 Basilius,

118 1012 195 1040 hom.
211 1012 228 1040 8
241 1022 247 1039 :
264 1013 311 1045 Τίς
324 1014 380 1045 τοῖς
400 1013 466 1049 γυψὶ
481 1015 713 1049 προαπαγγέλλων
734 1015 788 1042 τῶν
803 1016 908 1052 ἀνθρώ-

119 1067 180 1085 πων
192 1058 238 1085 τὸν
258 1059 381 1091 θάνατον,
394 1059 458 1086 ὅταν
473 1061 534 1086 κατ’
551 1060 672 1097 ἀλλήλων
689 1061 907 1097 ἐπιστρατεύσω-

120 1113 163 1130 σιν
177 1113 184 1137 ;
203 1104 282 1136 Ἰδοις
295 1104 350 1140 γὰρ
362 1105 396 1131 ἂν
412 1106 512 1141 μυρίας
531 1106 630 1141 ἀγέλας
643 1106 737 1141 γυπῶν
752 1108 808 1139 τοῖς
827 1116 908 1143 στρα-

117 1151 244 1182 τοπέδοις
266 1151 474 1187 παρεπομένας,
500 1153 532 1179 ὲκ
555 1153 604 1186 τῆς
629 1153 682 1180 τῶν
706 1153 794 1180 ὃπλων
820 1163 908 1190 παρα-

119 1196 222 1231 σκευῆς
247 1197 469 1233 τεκμαιρομένων
495 1198 544 1234 τὴν
577 1198 696 1225 ἔκϐασιν.
728 1198 799 1227 Idem
827 1200 896 1228 habe

119 1241 258 1275 Elianus,
272 1243 319 1270 lib.
342 1251 374 1275 ιι,
392 1244 475 1279 capit.
493 1244 549 1278 66;
571 1244 686 1277 Plinius,
704 1245 751 1273 lib.
774 1254 801 1277 ιι,
824 1246 906 1281 capit.

119 1289 159 1316 6:
181 1288 281 1316 Triduo
307 1294 394 1317 autem
416 1294 487 1322 ante,
509 1296 555 1318 aut
579 1290 658 1318 biduo
681 1293 769 1319 volare
787 1301 841 1324 eos,
864 1293 908 1320 ubi

119 1334 252 1362 cad-aera
265 1336 357 1370 futura
369 1341 440 1364 sunt.
457 1336 492 1364 Et
505 1337 618 1365 Plautus
630 1338 658 1365 in
675 1338 832 1366 Truculento
845 1347 855 1365 :

121 1392 198 1430 {llud
207 1397 245 1420 est
256 1402 265 1420 :
283 1394 339 1430 vide
355 1399 383 1420 ut
398 1394 452 1425 iam
466 1395 543 1430 quasi
557 1395 673 1427 volturii,
686 1395 773 1422 triduo

122 1428 203 1455 Prius
217 1428 393 1462 pradivinant
406 1438 456 1465 quo
469 1428 511 1457 die
525 1431 596 1457 esuri
607 1431 684 1458 sient.

997 884 1073 910 Ἀλλ’
1085 884 1172 911 ἐστιν
1182 884 1254 918 ἡμῖν
1268 883 1364 910 τοῖσιν
1375 883 1491 917 ὄρνισιν
1504 884 1595 918 νόμος

991 918 1133 952 Παλαιὸς,
1149 919 1183 945 ἐν
1193 919 1254 952 τοῖς
1272 918 1331 945 τῶν
1344 918 1500 953 πελαργῶν
1513 920 1655 952 κύρϐεσιν
1666 928 1672 935 ”

999 954 1089 988 Ὲπὴν
1099 955 1116 980 ὁ
1129 953 1225 987 πατὴρ
1239 955 1255 981 ό
1266 954 1414 988 πελαργὸς
1427 954 1646 988 ἐκπετησίμους

991 989 1111 1022 Πάντας
1122 989 1235 1023 ποιῆση
1251 989 1321 1022 τοὺς
1337 989 1524 1023 πελαργιδεῗς
1539 989 1665 1024 τρέφων,

991 1024 1041 1051 Δεῖ
1053 1024 1123 1057 τοὺς
1132 1024 1271 1057 νεοττοὺς
1282 1024 1335 1051 tor
1349 1024 1461 1058 πατέρα
1477 1024 1570 1051 πάλιν
1580 1025 1707 1060 τρέφειν.

957 1080 1084 1108 Ciconias
1107 1080 1224 1115 juvenes
1259 1079 1317 1115 jam
1345 1081 1548 1108 senescentibus
1584 1081 1745 1116 parenllius

958 1134 1037 1161 opem
1052 1126 1123 1154 l'erre
1136 1133 1238 1161 eosque
1250 1126 1367 1154 educare
1387 1126 1473 1154 tradit
1491 1126 1579 1158 Plato,
1603 1127 1743 1155 Alcibiade

957 1173 1042 1207 primo
1053 1172 1124 1199 κατὰ
1137 1172 1167 1199 τὸ
1187 1171 1279 1204 τέλος·
1296 1172 1457 1200 Aristoteles
1472 1172 1510 1199 De
1519 1173 1611 1200 histor.
1630 1174 1742 1200 animal.

958 1218 1004 1245 lib.
1021 1225 1129 1253 Ix,cap.
1144 1218 1194 1250 l3;
1210 1217 1346 1250 tElianus,
1358 1218 1405 1245 lib.
1419 1226 1532 1254 nt,cap.
1549 1219 1595 1251 25,
1610 1222 1637 1246 et
1650 1219 1698 1247 lib.
1714 1228 1742 1252 x,

958 1272 1019 1300 cap.
1036 1264 1086 1298 16;
1100 1264 1301 1297 Artemidorus,
1323 1264 1471 1292 Oneracrit.
1494 1265 1542 1292 lib.
1558 1273 1589 1298 ιι,
1613 1274 1673 1301 cap.
1691 1265 1743 1300 ‘20;

958 1308 1073 1341 Plinius,
1091 1309 1138 1336 lib.
1166 1317 1194 1340 ι,
1212 1317 1273 1345 cap.
1291 1310 1343 1342 25;
1368 1309 1468 1342 Horus,
1489 1310 1537 1337 lib.
1561 1319 1591 1344 ιι,
1609 1318 1669 1346 cap.
1690 1312 1742 1346 5i;

958 1354 1046 1388 Philo,
1065 1355 1092 1382 in
1118 1354 1289 1389 Expositione
1312 1355 1453 1391 Decalogi;
1478 1355 1620 1392 Origenes.
1650 1362 1744 1385 contra

959 1399 1075 1432 Celsum,
1088 1401 1134 1427 lib.
1145 1408 1172 1428 ιν
1184 1410 1190 1434 ;
1201 1400 1394 1433 Philostratus,
1405 1402 1442 1430 De
1453 1403 1500 1430 vit.
1520 1403 1655 1437 Apollonii
1670 1404 1742 1439 Tya-

959 1446 1010 1477 nei,
1023 1453 1084 1481 pag.
1105 1445 1154 1479 l9;
1172 1445 1288 1473 Basilius
1300 1446 1425 1481 Magnus,
1441 1451 1511 1474 orat.
1530 1448 1563 1475 de
1576 1448 1678 1476 honore
1688 1456 1743 1483 quo

120 1484 192 1530 (_)lim
218 1485 300 1512 etiam
331 1484 416 1513 lberis
443 1486 565 1514 vultures
590 1486 664 1514 luero
692 1487 810 1522 sepulcri
837 1489 906 1517 loco.
922 1499 943 1527 ε
960 1496 1025 1518 sunt
1045 1490 1176 1519 alliciendi
1189 1491 1520 1527 parentes;Epiphanius,
1532 1493 1559 1520 in
1572 1493 1742 1530 Physiologo,

121 1528 206 1557 Silius
222 1539 229 1557 :

158 1583 274 1622 tellure,
286 1587 314 1611 ut
326 1585 476 1622 perhibent,
489 1586 511 1613 is
528 1594 583 1613 mos
601 1587 725 1622 antiquus
742 1588 822 1615 lbera

157 1618 290 1646 Exanima
306 1619 430 1648 obscenus
446 1622 576 1649 consumit
593 1618 704 1657 corpora
718 1624 816 1651 vultur.

155 1676 235 1709 lbid.,
252 1677 301 1704 lin.
316 1677 361 1704 44.
375 1679 408 1705 Ol
419 1678 454 1704 δὲ
468 1679 620 1714 πελαργοί.
637 1678 765 1713 Basilius,
782 1680 855 1707 hom.
867 1680 883 1708 8
900 1691 906 1708 :

120 1723 159 1750 Τὸ
172 1724 200 1750 δὲ
212 1723 266 1750 τῶν
280 1724 424 1760 πελαργῶν
438 1725 497 1751 οὐδὲ
521 1725 616 1761 πόρρω
641 1725 699 1752 ἐστὶ
722 1726 854 1758 συνέσεως
866 1727 909 1753 λο-

123 1770 215 1805 γικῆς,
230 1769 301 1796 οὕτω
321 1770 368 1805 μὲν
380 1770 450 1798 κατὰ
465 1771 509 1797 τὸν
522 1771 569 1798 ἕνα
588 1771 682 1807 καιρὸν
698 1772 802 1804 πάντας
816 1773 909 1809 ἐπιδη-

121 1817 182 1851 μεῖν
198 1816 254 1848 τοῖς
274 1816 337 1852 τῇδε
362 1817 482 1852 χωρίοις,
495 1817 566 1844 οὕτω
586 1817 615 1844 δὲ
633 1818 677 1852 ὑφ’
699 1818 739 1844 ἑνὶ
760 1818 909 1854 συνθήματι

119 1863 225 1894 πάντας
247 1863 383 1898 ἀπαίρειν.
414 1863 596 1899 Δορυφοροῦσι
623 1863 651 1890 δὲ
673 1864 771 1896 αὐτοὺς
792 1864 820 1891 αί
846 1867 909 1901 παρ’

119 1910 187 1945 ἡμῖν
207 1909 324 1945 κορῶναι
342 1910 389 1936 καὶ
402 1910 642 1946 παραπέμπουσιν,
659 1910 833 1946 ἐμοὶδοκεῖν,
861 1911 910 1938 καὶ

119 1956 280 1992 συμμαχίαν
303 1956 364 1983 τινὰ
393 1956 577 1992 παρεχόμεναι
602 1956 670 1993 πρὸς
695 1956 804 1993 ὄρνιθας
831 1958 911 1984 πολε-

120 2002 211 2038 μίους.
224 2002 340 2037 Σημεῖον
352 2001 381 2028 δὲ
397 2001 503 2038 πρῶτον
526 2002 575 2038 μὲν
592 2002 622 2028 τὺ
646 2002 683 2038 μὴ
703 2002 843 2036 φαίνεσθαι
858 2003 910 2029 ὑπὸ

116 2048 166 2074 τὸν
185 2048 279 2084 καιρὸν
299 2049 401 2075 ἐκεῖνον
420 2047 542 2085 κορώνην
558 2047 747 2075 παντάπασιν·
767 2048 851 2075 ἔπειθ’
869 2049 910 2075 ὅτι

120 2094 192 2130 μετὰ
213 2094 377 2130 τραυμάτων
403 2093 615 2129 ἐπανερχόμεναι
643 2094 746 2129 ἐναργῆ
772 2094 818 2121 τοῦ
848 2103 910 2121 συν-

119 2140 259 2176 ασπισμοῦ
275 2141 322 2167 καὶ
337 2140 387 2176 τῆς
411 2140 559 2176 ἐπιμαχίας
577 2140 611 2167 τὰ
636 2142 738 2176 σημεῖα
756 2139 906 2176 κομίζουσι.

959 1545 1019 1572 cap.
1031 1537 1076 1564 Q5.
1089 1536 1157 1564 Hinc
1165 1541 1259 1564 natum
1271 1538 1442 1572 proverbium
1451 1539 1670 1575 ἁντιπελαργεῐν,
1683 1548 1744 1567 mu-

959 1585 1034 1609 tuam
1045 1581 1125 1609 olIicii
1141 1582 1227 1610 vicem
1244 1582 1403 1617 rependere.
1423 1582 1571 1615 Zenobius,
1598 1585 1742 1616 Erasmus,

959 1627 1148 1659 Aristaenetus,
1169 1628 1217 1655 lib.
1231 1635 1250 1660 ι,
1266 1628 1347 1662 epist.
1365 1628 1411 1660 25,
1424 1629 1456 1655 Τί
1472 1629 1499 1655 δὲ
1514 1630 1564 1656 οὐκ
1574 1630 1684 1665 ἔμελλον
1699 1631 1745 1666 ζή-

959 1673 1008 1709 λην
1025 1674 1087 1709 ἐμοὶ
1098 1673 1241 1710 καθορῶσα
1249 1674 1299 1709 τὴν
1315 1674 1389 1710 ἐμὴν.
1397 1675 1524 1711 ἀδελφὴν,
1537 1676 1571 1711 ἢν
1581 1678 1641 1709 ταῖς
1663 1679 1743 1713 ἐμαῖς

959 1721 1105 1755 ἀνέτρεφον
1118 1720 1252 1754 ἀγκάλαις
1265 1728 1273 1754 ;
1287 1721 1405 1749 Τοιαῦτα
1417 1731 1462 1757 μοι
1477 1723 1629 1758 παράὑτῆς
1641 1724 1676 1750 τὰ
1682 1733 1745 1759 τρο-

959 1768 1032 1802 φεῖα,
1040 1766 1110 1794 οὕτω
1124 1775 1157 1802 με
1168 1766 1216 1794 νῦν
1231 1767 1464 1804 ἀντιπελαργοῦσα
1476 1768 1584 1796 δικαίαν
1596 1770 1744 1797 ἀποδίδωσι

958 1814 1047 1849 χάριν,
1061 1814 1093 1840 Et
1106 1813 1202 1841 Crates
1218 1814 1330 1849 cynicus
1348 1815 1471 1843 scribens
1488 1815 1661 1850 Hipparchiae
1676 1824 1744 1844 uxo-

959 1861 981 1888 ri
997 1861 1030 1888 de
1045 1860 1100 1888 tilio
1116 1864 1191 1893 nato,
1220 1860 1365 1895 pollicetur
1392 1861 1443 1889 sibi
1472 1869 1545 1889 cura:
1561 1861 1694 1895 futurum,
1714 1868 1744 1891 ut

960 1906 1036 1933 illum
1048 1906 1129 1933 matri
1142 1906 1275 1934 ciconiam
1290 1914 1340 1941 pro
1350 1914 1417 1935 cane
1434 1908 1556 1935 remittat
1571 1909 1598 1936 in
1618 1913 1742 1937 senecta.

959 1951 1050 1979 Horus
1073 1951 1207 1978 ciconiam
1222 1952 1308 1980 solam
1330 1960 1363 1980 ex
1377 1953 1561 1981 animantibus
1577 1954 1681 1982 ratione
1695 1962 1743 1983 ca-

959 1996 1084 2024 rentibus
1103 1997 1246 2024 educatam
1266 2004 1282 2024 a
1301 1998 1461 2032 parentibus
1477 1998 1573 2026 iisdem
1586 2007 1679 2034 parem
1698 2008 1742 2027 re—

960 2041 1031 2069 ferre
1039 2042 1152 2078 gratiam
1164 2042 1240 2069 dicit.
1249 2042 1422 2076 Aristoteles,
1434 2044 1548 2077 Plinius,
1560 2044 1607 2072 lib.
1619 2053 1646 2077 x,
1656 2045 1741 2077 c.50;

960 2088 1096 2121 Elianus,
1112 2097 1139 2116 ix
1154 2088 1193 2115 De
1213 2089 1307 2116 histor.
1340 2089 1434 2122 anim.,
1461 2097 1522 2125 cap.
1546 2091 1599 2125 50;
1619 2091 1743 2127 Meropas

959 2134 1031 2162 idem
1055 2129 1145 2162 facere
1175 2135 1308 2162 scribunt.
1331 2134 1463 2171 Scaliger,
1481 2135 1628 2163 Exercitui.
1651 2142 1744 2164 contra

117 2185 236 2217 Plinius,
252 2186 299 2212 lib.
315 2193 341 2218 χ,
358 2192 417 2219 cap.
433 2184 464 2211 51
484 2194 490 2211 ;
509 2183 623 2211 Ciconia:
639 2193 752 2220 quonam
765 2193 779 2212 e
796 2185 852 2212 loco
867 2193 908 2212 ve-
925 2188 946 2215 ι)
959 2180 1122 2212 Cardanum.
1155 2181 1200 2214 25,
1237 2182 1269 2213 4.
1297 2181 1381 2209 rclert
1410 2182 1567 2210 Africanum
1604 2183 1743 2211 vulturem

119 2229 207 2262 niant,
226 2234 272 2255 aut
290 2237 341 2264 quo
364 2237 391 2256 se
404 2227 540 2262 conferant
555 2229 743 2264 incompertum
756 2229 841 2256 adhuc
856 2234 905 2256 est.

118 2274 146 2301 Ε
166 2274 308 2309 longinquo
323 2275 407 2301 venire
424 2282 475 2301 non
495 2274 614 2307 dubium,
641 2274 731 2302 eodem
754 2283 803 2310 quo
829 2283 906 2310 grues

120 2321 219 2347 modo:
234 2321 296 2348 illas
315 2321 424 2353 hiemis,
448 2320 496 2347 has
519 2321 619 2348 testatis
640 2321 764 2348 advenas.
788 2321 907 2348 Abiturte

120 2372 312 2402 congregantur
337 2368 363 2394 in
387 2368 443 2394 loco
476 2371 564 2399 certo,
595 2367 776 2402 comitumque
803 2368 851 2399 sic,
878 2372 907 2394 ut

120 2414 196 2440 nulla
218 2414 259 2441 sui
279 2415 378 2448 generis
394 2413 572 2448 relinquatur,
594 2414 646 2440 nisi
663 2414 766 2447 captiva
783 2418 807 2440 et
821 2423 906 2447 serva,

120 2467 169 2485 ceu
177 2459 232 2494 lege
250 2459 377 2492 prtedicta
388 2459 429 2486 die
444 2458 575 2486 recedunt.
584 2460 667 2486 Nemo
677 2460 741 2486 vidit
750 2468 841 2496 agmen
849 2461 907 2487 dis-

119 2504 266 2532 cedentium
278 2513 336 2532 cum
347 2505 523 2533 discessurum
541 2510 667 2541 appareat
678 2514 687 2533 :
698 2514 743 2533 nec
752 2507 846 2539 venire,
862 2506 907 2534 sed

119 2551 220 2579 venisse
245 2551 393 2584 cernimus;
416 2557 553 2587 utrumque
579 2551 714 2579 nocturnis
734 2552 765 2586 ﬁt
787 2553 908 2586 tempori—

120 2597 180 2623 bus.
197 2596 229 2623 Et
254 2597 371 2632 quamvis
393 2597 465 2624 ultra
489 2599 586 2625 citrare
605 2598 752 2633 pervolant,
776 2606 907 2633 nunquam

120 2649 210 2670 tamen
238 2644 372 2671 advenisse
398 2652 508 2679 usquam
533 2644 585 2671 nisi
609 2648 687 2671 noctu
711 2645 905 2671 existimantur.

121 2688 249 2715 Pithonos
273 2697 363 2716 comen
390 2693 481 2716 uocant
498 2689 525 2716 in
543 2690 609 2716 Asia
631 2689 779 2723 patentibus
796 2688 906 2723 campis,

119 2733 165 2761 ubi
178 2740 341 2770 congregem
356 2736 423 2762 inter
433 2743 461 2762 se
477 2739 713 2767 commurmurant,
729 2742 836 2769 eamque
850 2742 908 2770 qua:

121 2782 267 2809 novissima
283 2783 388 2809 advenit
401 2783 527 2814 lacerant,
544 2787 621 2817 atque
633 2782 671 2809 ita
686 2781 790 2808 abeunt.
811 2781 906 2810 Petro-

122 2828 186 2856 nius
201 2829 312 2857 Arbiter
327 2829 367 2857 his
387 2829 512 2864 epithetis
530 2829 566 2855 ita
582 2836 642 2856 eam
656 2828 783 2856 honestat
797 2837 804 2854 :

958 2227 1051 2254 tandiu
1068 2228 1095 2254 in
1121 2227 1205 2263 Libya
1223 2233 1250 2255 et
1270 2227 1381 2255 Atlante
1409 2233 1501 2255 monte
1521 2228 1566 2255 ubi
1588 2236 1651 2257 eum
1673 2228 1743 2257 Sner

956 2278 1067 2306 vocant,
1091 2275 1192 2308 vivere,
1210 2275 1300 2310 quoad
1319 2274 1410 2302 nudus
1435 2275 1559 2311 pennisa
1572 2275 1631 2304 suis
1654 2276 1743 2303 alatur

958 2321 1050 2356 pullis.
1066 2320 1135 2348 llinc
1151 2321 1318 2356 lepidissime
1332 2321 1441 2355 jocatur
1465 2322 1492 2349 in
1511 2321 1632 2354 Graecos,
1662 2323 1743 2357 quasi

957 2374 990 2394 ex
1000 2367 1061 2398 hac,
1074 2374 1154 2401 quam
1169 2366 1226 2401 ipse
1242 2371 1321 2394 vocat
1338 2374 1435 2394 novam
1453 2366 1596 2395 historiam
1611 2375 1662 2394 nec
1677 2375 1744 2395 con-

958 2412 1142 2443 temnendam.
1158 2412 1312 2447 tingendum
1326 2413 1361 2440 sit
1383 2413 1418 2440 iis
1433 2412 1506 2439 aliud
1529 2420 1639 2446 nomen,
1661 2421 1743 2448 quam

958 2458 1174 2493 ἀντιπελαργείν,
1187 2465 1285 2492 nempe
1297 2458 1461 2484 ἀντοιωνεῖν.
1476 2457 1539 2484 Haec
1549 2463 1639 2485 tamen
1649 2461 1742 2485 tantus

957 2503 1051 2535 homo,
1073 2503 1173 2530 Graecae
1189 2504 1288 2538 lingua:
1302 2502 1458 2538 Latinaeque
1484 2508 1623 2531 corrector
1636 2508 1663 2531 et
1680 2511 1744 2538 pro-

957 2553 1071 2584 pagator
1095 2549 1279 2585 ἀπορροιϐδεῖ,
1304 2549 1350 2575 καὶ
1377 2549 1465 2580 τοίους
1482 2549 1514 2575 ὲκ
1534 2548 1659 2585 τρίποδος
1671 2549 1743 2584 esset

958 2594 1132 2627 λιδανωτούς,
1146 2600 1173 2622 et
1186 2595 1238 2622 sibi
1256 2595 1325 2623 bene
1338 2596 1411 2623 olere
1422 2595 1540 2623 videtur.
1549 2595 1654 2623 Nomen
1667 2595 1743 2623 Grae-

959 2641 998 2668 cis
1013 2640 1194 2676 etlingendum
1212 2649 1227 2668 a
1241 2642 1348 2669 vulture
1364 2641 1470 2669 desumi
1486 2642 1574 2674 debet,
1590 2642 1670 2676 cujus
1692 2647 1742 2668 na-

959 2690 1020 2714 tura
1040 2687 1234 2723 ingeniumque
1264 2689 1482 2724 exprimendum,
1510 2696 1565 2716 non
1582 2689 1617 2716 ab
1635 2689 1741 2722 avibus,

959 2742 1075 2769 quorum
1091 2734 1214 2770 plerique
1235 2735 1263 2762 in
1278 2738 1404 2770 parentes
1422 2735 1499 2769 impii
1514 2742 1576 2763 esse
1590 2734 1742 2770 deprehen-

959 2779 1071 2807 duntur.
1084 2780 1152 2808 Cum
1165 2781 1237 2808 enim
1248 2781 1410 2809 sententiam
1425 2780 1495 2808 hanc
1506 2789 1562 2816 pra:
1573 2788 1602 2809 se
1617 2780 1688 2809 ferre
1695 2780 1743 2808 de-

959 2828 1032 2859 beat,
1043 2827 1118 2855 vices
1130 2827 1255 2856 videlicet
1269 2828 1392 2856 beneﬁcii
1409 2827 1567 2864 rependere,
1581 2828 1654 2864 quod
1670 2827 1744 2856 aliti-
