3924 6968
563 289 670 344 905
1893 262 2136 321 ιιιοΝιδ

2170 258 2446 316 ALLATII
3644 273 3725 330 ρο,

566 399 672 454 bus
701 396 954 452 omnibus
983 407 1091 447 non
1131 387 1409 454 convenit,
1461 401 1572 440 non
1599 383 1666 439 ab
1693 382 1825 447 illis,
1863 379 1955 436 sed
1987 385 2038 430 a'
2052 390 2129 436 re,
2160 375 2206 430 Α
2232 381 2474 442 pretatus
2502 379 2586 428 est
2613 373 2777 427 verba
2807 371 2988 431 Greca
3015 374 3282 446 Georgius
3309 375 3475 431 Dousa
3509 376 3558 432 in
3584 378 3726 437 Geor-

568 493 636 546 de
663 505 767 561 qua
786 487 840 541 id
870 484 1015 555 quod
1051 498 1147 553 per
1175 495 1374 535 nomen
1405 478 1709 548 explicatur
1736 473 1961 533 dicitur,
1995 477 2047 520 at
2067 465 2134 519 de

568 560 781 637 vulture
821 580 874 633 id
903 586 1114 631 tantum
1167 588 1356 630 verum
1392 585 1545 637 esse;
1590 565 1865 639 quomodo
1892 574 2021 632 ergo
2049 560 2134 611 ἀν-

569 675 806 729 τοιωνεῖν
830 671 884 725 id
915 670 1230 740 explicaret.
1280 663 1384 720 Sed
1437 662 1716 732 Scaligero
1748 658 1892 714 sicut
1938 659 2132 708 sonant

569 765 774 828 omnia,
803 765 876 818 ita
909 762 1120 828 ethoc;
1163 767 1217 814 et
1251 756 1494 825 Scaliger
1529 754 1604 807 ita
1656 749 1875 819 eﬂingit.
1914 743 2134 799 Graecus

571 874 680 913 non
712 858 862 918 item,
885 853 1000 924 qui,
1027 853 1072 908 si
1099 866 1130 904 a
1163 850 1378 903 vulture
1403 846 1455 900 id
1484 845 1644 899 vellet
1669 842 1921 902 formare,
1947 836 2136 904 utique

572 964 673 1004 nec
704 950 1003 1016 incongrue
1049 943 1256 997 diceret
1311 935 1703 1006 ἀντιγυπίξειν,
1765 940 1824 986 ιιι
1885 938 2134 984 naturam

572 1041 714 1093 banc
733 1036 968 1090 vulturis
990 1033 1338 1103 exprimeret,
1375 1026 1603 1083 sicutad
1630 1026 1854 1080 ciconia:
1885 1030 2135 1074 naturam

571 1121 980 1192 exprimendam
1025 1117 1435 1187 ἀντιπελαργεῖν
1475 1111 1739 1167 vocabulo
1767 1123 1902 1163 usus
1932 1104 2130 1158 fuerat.

572 1213 654 1267 En
685 1211 956 1266 Graeculos
983 1209 1355 1276 ~ciolos,quos
1379 1213 1437 1259 tu
1468 1203 1606 1256 male
1639 1209 1830 1255 contra
1863 1197 1944 1250 las
1966 1206 2131 1247 omne

574 1306 782 1361 laceras
812 1305 1052 1372 iniquus,
1107 1307 1229 1354 utut
1251 1304 1400 1360 sunt,
1427 1303 1549 1350 tuas
1571 1303 1751 1348 tamen
1773 1293 2133 1361 cognoscunt,

572 1409 630 1457 et
684 1399 952 1460 inscitias,
985 1403 1039 1449 et
1087 1399 1454 1462 nugamenta:
1485 1389 1608 1444 aliis
1643 1386 1849 1440 furnum
1880 1378 2133 1444 vendita;

572 1491 652 1548 illi
678 1493 849 1546 lucem
878 1485 1177 1558 possident.

645 1582 813 1653 [Εετο
845 1581 950 1635 fert
980 1580 1221 1632 calamus
1262 1573 1597 1628 ciconiarum
1626 1571 1681 1624 in
1723 1569 2011 1641 Byzantios
2043 1570 2138 1624 be-

578 1675 756 1730 neficii
799 1688 905 1726 non
959 1665 1324 1726 comminisci,
1360 1679 1589 1734 quarum
1637 1678 1738 1732 ope
1786 1663 1978 1717 civitas
2042 1663 2130 1716 illa

577 1779 773 1820 noxam
808 1767 1120 1830 serpentum
1157 1756 1385 1827 depulit.
1431 1754 1617 1809 Dinaro
1652 1769 1886 1824 namque
1934 1752 2141 1825 Byzan-

577 1857 778 1910 tiorum
811 1853 949 1908 duce
988 1849 1206 1920 plurimi
1237 1849 1503 1902 dracones
1530 1846 1674 1899 illam
1706 1845 2053 1907 infestabant,
2088 1854 2140 1900 et

576 1947 870 2021 perniciem
901 1943 1111 1998 civibus
1139 1940 1462 2005 all‘erebant;
1490 1953 1584 1994 eos
1613 1937 1957 1991 induetarum
1994 1937 2141 1991 cico-

576 2040 791 2092 niarum
825 2049 926 2104 ope
951 2029 1307 2086 sustulerunt.
1333 2026 1524 2081 Postea
1553 2040 1676 2078 cum
1708 2024 1932 2077 ciconiae
1967 2022 2141 2075 noxia:

575 2133 760 2182 essent
789 2123 998 2178 civibus
1053 2118 1346 2187 multisque
1379 2123 1608 2170 mortem
1661 2113 1940 2176 aﬂ‘errent,
1994 2112 2139 2181 quod

575 2223 856 2288 serpentes
893 2216 946 2269 in
972 2223 1164 2284 puteos
1189 2210 1496 2278 injicerent,
1516 2207 1703 2276 sicque
1732 2219 1902 2274 aquas
1925 2203 2143 2258 infesta-

576 2318 720 2369 rent.
771 2309 852 2362 vel
877 2303 1021 2377 quod
1052 2305 1105 2358 in
1137 2303 1284 2357 cives
1312 2300 1365 2354 in
1393 2299 1570 2352 triviis
1602 2297 1876 2366 insperato
1906 2295 2138 2365 projice-

577 2409 718 2464 rent,
752 2400 951 2470 populo
979 2403 1122 2449 metu
1143 2393 1327 2453 anxio,
1349 2398 1404 2446 et
1434 2389 1651 2444 concilii
1686 2387 1835 2458 inopi
1869 2403 2024 2457 opem
2052 2394 2141 2440 tu-

577 2494 638 2547 lit
666 2490 915 2563 Tyaneus
943 2485 1262 2556 Apollonius
1291 2482 1466 2536 tribus
1493 2478 1720 2535 ciconiis
1741 2493 1770 2533 e
1794 2477 1968 2546 lapide
2000 2477 2141 2530 inter

577 2599 638 2640 se
667 2581 916 2638 obversis
962 2577 1182 2638 erectis,
1215 2589 1336 2644 quae
1375 2572 1630 2642 deinceps
1665 2570 1787 2624 aliis
1815 2568 2042 2623 ciconiis
2074 2583 2140 2621 ne

577 2675 769 2728 urbem
802 2668 1162 2724 ascendereut
1193 2672 1349 2719 erant
1391 2663 1800 2732 impedimento.
1852 2659 2027 2727 Hujus
2056 2659 2140 2713 lii-

579 2765 763 2821 storise
791 2769 981 2816 auctor
1012 2767 1095 2813 est
1122 2754 1422 2826 Hesychius
1454 2751 1697 2807 Milesius
1729 2751 1908 2806 libello
1942 2750 2014 2804 De
2057 2766 2140 2803 re-

579 2858 676 2910 bus
698 2853 886 2924 patriis
930 2845 1552 2914 Constantinopolitanis.
1582 2841 1757 2898 Verba
1806 2843 1926 2912 ejus
1959 2851 2087 2896 sunt
2120 2858 2134 2896 :

579 2945 788 3017 Μικρὸν
819 2943 916 3014 μὲν
960 2940 1184 3009 ὕστερον
1228 2935 1438 2998 διαϐὰς.
1477 2933 1694 2988 Dinzeus
1729 2947 1942 3002 nempe.
1971 2932 2028 2983 ὲν
2070 2932 2136 3001 τῇ

580 3037 756 3101 πόλει,
779 3035 874 3088 καὶ
894 3034 1020 3095 τοὺς
1039 3027 1346 3102 βαρϐάρους
1373 3025 1750 3096 ἀπωσάμενος,
1769 3023 1927 3085 αὐτὸς
1945 3025 2139 3093 ὲστρα-
2169 3056 2211 3114 C

579 3132 786 3199 τήγησε
815 3125 910 3179 τοῦ
941 3124 1112 3195 δήμου
1144 3119 1250 3174 τῶν
1288 3117 1611 3183 Βυζαντίων.
1650 3115 1786 3168 Καθ’
1813 3113 1905 3177 οὒς
1930 3114 1994 3184 δὴ
2021 3113 2144 3185 χρό-

580 3237 704 3282 νους
737 3218 830 3271 καὶ
854 3215 1162 3287 δρακόντων
1187 3212 1413 3264 πλεῖστα
1435 3208 1566 3277 γένη
1599 3206 1922 3276 ὲπεφοίτησε
1943 3207 2008 3276 τῇ
2043 3205 2142 3256 πό-

579 3312 685 3375 λει,
716 3309 791 3372 ὡς
811 3309 936 3370 τοὺς
963 3305 1243 3366 οἰκοῦντας
1271 3301 1438 3370 αὐτὴν
1463 3297 1865 3370 διαφθείρεσθαι
1899 3312 1914 3327 θ
1962 3295 2054 3361 οὓς
2080 3295 2144 3367 δὴ

581 3403 648 3471 τῇ
681 3396 790 3450 τῶν
819 3393 1166 3465 καλουμένων
1198 3391 1486 3462 πελαργῶν
1513 3387 1740 3460 ὀρνίθων
1783 3388 2022 3458 ὲπιφορᾷ
2068 3387 2146 3440 δι-

580 3492 902 3562 εχρήσαντο,
938 3484 1286 3549 Ποσειδῶνος,
1315 3483 1389 3547 ῶς
1407 3499 1558 3552 φασι,
1593 3480 2038 3551 συνεργήσαντος.
2069 3480 2143 3532 Οὐ

584 3582 724 3653 μετὰ
759 3578 891 3633 πολὺ
917 3577 973 3631 δὲ
1002 3577 1096 3630 καὶ
1127 3575 1235 3629 τῶν
1264 3573 1492 3647 ὀρνίθων
1525 3573 1707 3635 αὐτοῖς
1754 3570 1970 3624 ἐναντία
2014 3587 2145 3640 φρο-

580 3675 836 3735 νούντων,
891 3673 986 3727 καὶ⁸
1039 3669 1284 3724 θανάτων
1336 3668 1514 3722 αἰτίαν
1545 3665 1876 3734 ἐπαγόντων,
1910 3661 2036 3726 τούς
2085 3680 2143 3715 τε

582 3764 973 3836 ἁλισκομένους
997 3763 1181 3826 αὐτοῖς
1199 3761 1348 3830 ὄφεις
1380 3758 1514 3830 πρὸς
1533 3757 1628 3821 τὰς
1645 3757 1752 3810 τῶν
1774 3755 1978 3809 ὑδάτων
1993 3754 2146 3820 δεξα-

585 3859 752 3931 μενὰς
803 3853 1208 3918 ἀκοντιζόντων,
1259 3853 1352 3906 καί
1407 3853 1519 3914 τοῖς
1543 3866 1607 3918 γε
1643 3848 1886 3910 πολίταις
1926 3845 2145 3917 ἀφανῶς

581 3949 998 4011 ἐπιϐαλλόντων,
1023 3947 1081 4000 ὲν
1102 3944 1311 4016 ἀφασία
1337 3943 1622 3997 διετέλουν.
1666 3940 1829 4012 Ἀνὴρ
1852 3939 1910 3993 δέ
1937 3957 2019 4002 τις
2042 3939 2145 3991 τῶν

582 4041 648 4095 ὲκ
659 4039 899 4103 Τυάνων,
916 4035 1150 4106 τοῦνομα
1165 4032 1536 4096 Ἀπολλώνιος,
1554 4033 1618 4085 ὲκ
1632 4030 1778 4083 λίθου
1796 4028 1980 4095 ξεστοῦ
2001 4031 2146 4098 τρεῖς

583 4134 915 4202 ἀνεστήσατο
941 4129 1244 4200 πελαργοὺς
1265 4123 1691 4197 ἀντιπροσώπως
1712 4120 1959 4192 ἀλλήλοις
1977 4119 2146 4189 ὁρῶν-

584 4242 704 4288 τας.
739 4224 786 4277 οἳ
819 4221 1103 4292 καὶμέχρι
1136 4218 1244 4271 τῶν
1275 4216 1370 4271 νῦν
1411 4214 1723 4287 διαμένουσι
1773 4211 1882 4265 τῶν
1916 4211 2142 4281 χρόνων,

585 4315 646 4367 οὐ
677 4310 1080 4384 συγχωροῦντες
1126 4305 1470 4376 ὲπιφοιτῆσαι
1525 4305 1590 4373 τῇ
1636 4301 1786 4354 πόλει
1822 4299 1882 4353 τὸ
1912 4299 2020 4352 τῶν
2059 4315 2148 4351 πε-

2235 463 2307 532 gii
2333 462 2523 516 Co’dini
2552 463 2734 518 libello
2756 464 2834 518 De
2862 467 3008 520 rebus
3031 468 3223 536 patriis
3241 466 3724 539 Constantinopoleos,

2233 567 2357 606 eum
2387 555 2461 607 ita
2485 554 2802 624 scripserit:
2840 555 2957 610 Non
2988 559 3138 628 longe
3166 568 3304 625 post,
3333 575 3443 611 cum
3471 577 3575 613 ares
3597 564 3727 618 inimiv

2234 661 2351 697 cum
2378 648 2613 698 animum
2638 647 2950 712 induissent,
2973 658 3196 702 mortem
3225 649 3428 718 insuper
3441 650 3676 719 inferrent,
3695 666 3732 708 er

2235 744 2495 803 serpentes
2530 735 2582 788 in
2617 752 2757 805 aqua
2800 748 2976 805 captos
3010 739 3065 790 in
3094 739 3233 791 viam
3277 739 3525 806 publicam
3551 744 3733 811 projice-

2235 832 2368 886 rent,
2405 825 2539 877 ciues
2564 833 2776 892 stupore
2804 826 3031 892 perculsi
3059 834 3233 878 erant.

2305 914 2464 979 lbid.,
2498 914 2593 968 lin.
2615 916 2701 969 54.
2749 919 2817 972 Αἱ
2859 915 2926 969 δὲ
2961 915 3197 986 γέρανοι
3227 916 3371 984 ὁμοῦ
3401 915 3589 971 πᾶσαι.
3625 919 3738 977 Basi-

2235 1007 2363 1074 lius,
2410 1008 2556 1061 hom.
2592 1007 2654 1062 8:
2691 1009 2812 1072 Πῶς
2852 1010 2948 1079 μὲν
2983 1012 3038 1063 αἱ
3076 1010 3295 1081 γέρανοι
3324 1011 3417 1073 τὰς
3446 1014 3498 1065 ὲν
3533 1018 3591 1085 τῇ
3618 1020 3739 1072 νυκτὶ

2237 1100 2481 1169 φυλακὰς
2531 1103 2595 1153 ἐκ
2645 1101 2978 1172 περιτροπῆς
3021 1101 3398 1171 ὑποδέχονται;
3448 1105 3531 1156 καὶ
3576 1108 3622 1159 al
3664 1109 3737 1176 μὲν

2236 1190 2604 1254 καθεύδουσιν,
2625 1193 2680 1243 αἱ
2708 1192 2762 1245 δὲ
2785 1191 2966 1262 κΰκλῳ
2991 1192 3300 1262 περιῖοῦσαι
3331 1196 3497 1247 πᾶσαν
3515 1183 3677 1261 αὑταῖς
3695 1201 3740 1252 ὲν

2234 1281 2311 1353 τῷ
2340 1281 2495 1353 ὕπνῳ
2519 1284 2842 1354 παρέχονται
2869 1285 2966 1355 τὴν
2989 1285 3312 1353 ἀσφάλειαν.
3337 1283 3464 1339 Εἶτα
3480 1288 3562 1339 τοῦ
3586 1290 3738 1360 καιροῦ

2235 1374 2333 1444 τῆς
2380 1375 2623 1445 φυλακῆς
2679 1375 3085 1446 πληρουμένου,
3140 1377 3173 1447 ἡ
3239 1377 3338 1446 μὲν
3373 1376 3592 1447 βοήσασα
3637 1381 3739 1450 πρὸς

2238 1462 2403 1518 ὕπνον
2433 1467 2720 1536 ἐτράπετο,
2753 1470 2785 1537 ἡ
2815 1466 2991 1537 δὲτὴν
3025 1467 3277 1538 διαδοχὴν
3311 1468 3660 1541 ὑποδεξαμένη,
3690 1469 3740 1542 ἧς

2239 1552 2426 1625 ἔτυχεν
2450 1555 2744 1624 ἀσφαλείας
2761 1555 3060 1609 ἀντέδωκεν
3087 1558 3145 1610 ὲν
3179 1556 3256 1626 τῷ
3286 1556 3453 1626 μέρει.
3477 1557 3660 1628 Ταύτην
3671 1560 3741 1612 καὶ

2245 1646 2300 1698 ὲν
2326 1648 2391 1716 τῇ
2411 1648 2606 1718 πτήσει
2623 1647 2720 1717 τὴν
2743 1646 2994 1712 εὐταξίαν
3025 1645 3270 1715 κατόψει.
3302 1646 3508 1700 Ἀλλοτε
3535 1649 3737 1718 γὰρᾶλλη

2173 1707 2214 1762 Β
2245 1737 2342 1806 τὴν
2366 1707 2590 1808 όδηγίαν
2616 1707 2918 1809 ἐκδέχεται,
2953 1740 3049 1792 καὶ
3084 1707 3283 1792 τακτόν
3306 1757 3420 1793 τινα
3449 1707 3615 1810 χρόνον
3638 1707 3739 1809 apo-

2246 1824 2667 1896 καθηγησαμένη
2694 1826 2793 1896 τῆς
2825 1827 3103 1898 πτήσεως,
3137 1829 3218 1891 είς
3248 1827 3306 1881 τὸ
3337 1829 3547 1882 κατόπιν
3574 1830 3739 1898 περιελ-

2248 1916 2415 1970 θοῦσα
2450 1919 2514 1987 τῇ
2541 1916 2658 1986 μεθ’
2681 1917 2849 1989 αὐτὴν
2883 1919 2981 1988 τὴν
3009 1918 3308 1990 ἡγεμονίαν
3329 1920 3422 1990 τῆς
3445 1919 3551 1972 6δοῦ
3573 1920 3742 1990 παραδί-

2244 2006 2430 2060 δωσιν.
2465 2005 2672 2060 Similia
2708 2009 2900 2062 scribit
2932 2009 3283 2073 Aristoteles,
3331 2009 3421 2063 lib.
3467 2025 3511 2063 ix
3541 2008 3607 2062 De
3645 2010 3737 2064 hist.

2246 2097 2436 2161 anim.,
2467 2113 2587 2167 cap.
2616 2099 2713 2165 10;
2744 2098 2977 2164 Plinius,
3008 2101 3111 2156 lib.
3143 2117 3200 2165 χ,
3233 2115 3350 2170 eap.
3375 2100 3478 2166 ‘23;
3517 2099 3663 2162 Phile,
3699 2102 3738 2155 in

2247 2189 2481 2255 lambis;
2511 2190 2776 2256 Elianus,
2811 2193 2907 2247 lib.
2943 2207 2984 2246 ιι
3015 2192 3102 2247 De
3125 2193 3251 2247 hist.
3282 2193 3460 2257 anim.,
3489 2209 3592 2262 cap.
3623 2195 3663 2246 l.

2316 2281 2434 2337 Col.
2469 2283 2591 2349 753,
2627 2283 2724 2337 lin.
2764 2285 2813 2339 1.
2876 2285 2979 2338 Ἐν
3008 2284 3088 2338 δὲ
3117 2283 3198 2350 τῷ
3227 2283 3535 2338 καθεύδειν.
3558 2282 3739 2347 Plinius,

2245 2372 2340 2429 lib.
2371 2390 2429 2440 x,
2458 2389 2576 2445 cap.
2625 2374 2729 2441 25;
2782 2374 3144 2441 Plutarchus,
3195 2375 3272 2430 De
3324 2376 3492 2429 solert.
3547 2375 3740 2438 animal..-

2246 2463 2450 2528 Horus,
2475 2465 2573 2521 lib.
2604 2481 2664 2531 ιι,
2696 2480 2818 2536 cap.
2847 2466 2952 2532 94;
3002 2466 3357 2530 Aristoteles,
3387 2467 3476 2521 lib.
3506 2483 3571 2528 ιι.
3596 2466 3657 2520 De
3681 2468 3740 2518 lu-

2245 2566 2378 2614 stor.
2435 2558 2681 2620 animal.,
2741 2574 2863 2628 cap.
2927 2557 3027 2625 lO;
3084 2558 3377 2624 Gregorius
3413 2558 3738 2624 Nazianlenus.

2245 2657 2386 2703 orat.
2418 2650 2474 2714 2,
2506 2650 2571 2706 de
2626 2648 2956 2719 Theologia;
2993 2649 3280 2716 Elianus,
3319 2655 3407 2708 lib.
3443 2667 3519 2716 ιιι.
3557 2653 3622 2707 De
3645 2652 3736 2704 bist.

2247 2745 2435 2809 anim.,
2470 2757 2590 2813 cap.
2624 2743 2721 2808 13;
2754 2742 3022 2800 Maximus
3047 2745 3276 2818 Tyrius,
3301 2755 3434 2802 orat.
3457 2746 3548 2812 40;
3573 2745 3736 2809 Cicero,

2246 2848 2284 2887 ιι
2321 2832 2393 2887 De
2422 2843 2614 2887 natura
2667 2833 2926 2900 deorum;
2974 2835 3228 2898 Solinus.
3258 2836 3492 2892 Andreas
3530 2837 3734 2896 Alciatus,

2245 2925 2339 2980 lil).
2377 2925 2732 2995 ll’arergon.,
2765 2941 2885 2996 cap.
2915 2927 3008 2990 20,
3040 2930 3142 2998 qui
3179 2939 3290 2983 tum
3317 2928 3382 2983 de
3416 2941 3586 2998 gruum
3615 2939 3736 2980 excu-

2246 3021 2371 3083 biis,
2422 3027 2536 3072 tum
2589 3020 2770 3072 volatu
2805 3027 3070 3074 tractant.
3106 3022 3170 3076 Et
3198 3021 3556 3080 Cassiodorus.
3576 3019 3652 3072 lib.
3678 3032 3734 3076 Ix.

2243 3111 2402 3180 epist.
2437 3109 2472 3162 ‘2
2502 3127 2516 3162 :
2554 3107 2716 3164 Grues
2742 3111 2994 3164 moralem
3027 3122 3284 3167 noverunt
3321 3127 3538 3167 exercere
3569 3122 3734 3162 concor-

2221 3203 2389 3256 diam
2420 3219 2438 3256 :
2468 3203 2602 3256 inter
2639 3220 2768 3273 quas
2821 3203 2999 3258 nullus
3062 3207 3327 3274 primatus
3372 3199 3733 3276 queritanqtu'a

2245 3293 2540 3362 iniquitatis
2571 3293 2798 3347 ambitus
2823 3310 2926 3346 non
2975 3294 3224 3350 habetur.
3287 3292 3501 3362 Vigilant
3540 3289 3730 3350 vicissim,

2247 3385 2508 3439 communi
2539 3401 2593 3439 se
2620 3386 2827 3440 cautela
2859 3384 3192 3449 custodiunt,
3226 3387 3331 3454 ipse
3352 3395 3519 3454 pastus
3554 3383 3730 3434 alternas

2245 3485 2342 3531 est.
2375 3474 2462 3530 Sic
2491 3475 2657 3528 honor
2680 3476 2840 3530 nullis
2866 3477 3152 3541 adimitur,
3185 3476 3310 3528 dum
3348 3474 3511 3528 omnia
3537 3470 3613 3525 sub
3637 3484 3736 3521 com-

2247 3567 2488 3621 munione
2517 3577 2807 3621 servantur.
2834 3566 2879 3620 ll
2889 3569 2931 3621 is
2955 3568 3116 3620 etiam
3154 3565 3356 3621 volatus
3377 3563 3550 3618 vicaria
3572 3557 3733 3629 aquati-

2248 3667 2354 3712 tate
2381 3658 2699 3724 disponitur,
2745 3659 2936 3711 ultima
2964 3659 3026 3726 ﬁt
3062 3660 3266 3727 prima,
3310 3667 3358 3711 et
3385 3671 3490 3726 quae
3515 3652 3731 3720 primatum

2248 3751 2412 3805 tenuit
2435 3766 2545 3804 esse
2569 3750 2827 3820 posterior
2854 3767 2957 3803 non
2987 3759 3222 3805 recusat.
3269 3748 3353 3804 Sic
3379 3745 3581 3818 quadam
3627 3755 3730 3793 com-

2247 3841 2491 3894 munione
2533 3840 2748 3894 sociata:
2771 3839 2871 3892 sibi
2909 3840 3021 3893 sine
3055 3841 3267 3910 regibus
3299 3838 3626 3906 obsequuntur,
3650 3828 3731 3881 sint

2246 3929 2521 3984 dominatu
2545 3940 2750 3999 parcnt,
2777 3931 2888 3983 sine
2917 3941 3115 3984 terrore
3167 3931 3498 3997 famulantur.
3537 3923 3729 3976 Valimta-

2246 4022 2341 4074 τίω
2388 4019 2656 4075 serviendo
2714 4019 2892 4073 libera:
2931 4029 3074 4084 sunt,
3112 4030 3167 4074 et
3199 4021 3409 4074 invicem
3439 4033 3487 4070 se
3527 4006 3728 4081 diligendo

2246 4113 2573 4172 muniuntur.
2594 4111 2832 4175 Quarum
2855 4127 3029 4165 rerum
3056 4113 3359 4179 scriptores,
3395 4121 3548 4162 rerum
3568 4111 3729 4156 natura-

2248 4202 2376 4254 lium
2404 4210 2726 4267 contuentes,
2775 4201 3017 4270 politiam
3049 4199 3429 4272 quodammodo
3474 4199 3588 4248 inter
3627 4192 3726 4257 ίΡ³⁰⁸

2246 4309 2357 4347 esse
2388 4307 2817 4359 commemorant,
2835 4313 2964 4361 quas
2983 4296 3146 4349 ciuica
3174 4295 3360 4363 affectu
3382 4292 3525 4345 virere
3542 4295 3726 4354 cognata-

587 4375 814 4475 λαργῶν
855 4375 1030 4470 ίίένος.
1074 4397 1205 4463 Quae
1236 4375 1516 4466 perperam
1546 4393 1704 4445 aliter
1733 4387 1926 4442 Latine
1974 4388 2144 4442 inter-
2177 4403 2222 4460 ι)
2251 4391 2392 4436 runt.
2445 4383 2598 4449 Quod
2653 4392 2832 4438 autem
2890 4385 3042 4438 multi
3091 4389 3316 4438 narrant
3359 4380 3422 4436 de
3452 4375 3616 4446 lapide,
3649 4381 3724 4436 quo

590 4505 797 4566 pretata
832 4500 978 4556 sunt,
1024 4505 1148 4544 cum
1181 4486 1462 4544 sententiae
1519 4481 1761 4537 auctoris
1807 4478 2008 4535 Graecae
2039 4477 2142 4532 La-

590 4591 704 4642 tina
734 4599 842 4638 non
873 4579 1257 4651 respondeant.
1290 4574 1409 4629 Non
1440 4573 1585 4628 enim
1620 4571 1846 4628 ciconia:
1879 4587 1946 4627 ex
1985 4572 2144 4640 aquis

587 4675 948 4733 extrahebant
999 4675 1300 4740 serpentes,
1356 4680 1494 4734 quos
1550 4663 1606 4717 in
1643 4663 1849 4734 plateas
1902 4661 2146 4731 publicas

589 4770 947 4844 projicerent;
986 4762 1082 4817 sed
1113 4758 1339 4815 ciconiae
1374 4756 1617 4810 sublatos
1677 4759 1979 4823 serpentes,
2021 4767 2148 4822 par-

587 4843 690 4918 tim
720 4862 774 4914 in
805 4867 1020 4929 puteos,
1054 4853 1169 4908 sive
1199 4850 1469 4904 cisternas
1507 4843 1884 4906 demittebant,
1914 4858 2144 4913 quorum

589 4967 800 5009 veneno
831 4962 985 5018 aqua:
1015 4942 1420 5003 inliciebantur,
1456 4937 1685 5006 ideoque
1712 4935 1923 4990 civibus
1954 4935 2148 4989 biben-

591 5045 737 5100 tibus
761 5042 955 5102 uoxiae,
987 5037 1070 5091 vel
1098 5035 1286 5090 saltem
1312 5039 1579 5101 suspecta:
1605 5027 1991 5092 reddebantur,
2024 5042 2149 5096 par»

593 5141 690 5193 tim
724 5149 889 5206 super
907 5133 1052 5202 ipsos
1084 5129 1228 5182 cives
1255 5124 1401 5179 aliud
1427 5129 1674 5193 agentes,
1707 5119 1790 5174 vel
1827 5119 1994 5174 rebus
2024 5119 2146 5172 aliis

594 5232 649 5286 in
693 5228 871 5283 triviis
920 5233 974 5279 et
1013 5221 1207 5292 plateis
1258 5215 1488 5288 publicis
1544 5212 1918 5267 incumbentes
1953 5219 2146 5280 praeter

565 5316 569 5392 ζ
596 5336 768 5392 spem,
804 5329 857 5374 et
879 5317 1158 5385 absqueeo
1184 5308 1328 5382 quod
1360 5307 1460 5378 ἱρεί
1496 5305 1548 5359 id
1570 5304 1950 5368 odorarentur,
1977 5303 2151 5372 conji-

562 5375 1204 5478 Iciebant.Quare.cives
1235 5407 1289 5455 et
1335 5405 1481 5453 metu
1521 5395 1767 5466 periculi,
1820 5404 1874 5448 et
1928 5393 2149 5449 remedii

597 5502 792 5571 ignari,
812 5498 1064 5553 maximis
1080 5494 1410 5564 urgebantur
1431 5489 1719 5557 angustiis.
1745 5486 1917 5541 Simili
1943 5501 2147 5548 errore,

597 5603 650 5646 et
678 5591 793 5661 pari
832 5589 1109 5646 sententiae
1135 5585 1472 5658 ignoratione
1494 5581 1548 5636 in
1588 5579 1857 5634 similibus
1887 5579 2066 5633 verbis
2097 5585 2152 5632 et

601 5681 792 5741 eadem
827 5681 1074 5745 materia,
1103 5676 1348 5748 quamvis
1381 5674 1437 5729 in
1481 5679 1700 5729 auctore
1723 5669 1937 5727 diverso
1971 5670 2142 5725 inter-

2247 4489 2410 4540 grues
2452 4481 2710 4544 tanquam
2766 4472 3080 4526 fulcimento
3129 4480 3374 4534 utuntur,
3418 4468 3530 4521 dum
3573 4459 3721 4513 volant.

2249 4563 2445 4620 falsum
2501 4581 2622 4620 esse
2662 4565 2794 4619 dicit
2840 4564 3183 4631 Aristoteles,
3247 4563 3338 4616 lib.
3386 4574 3493 4617 vui,
3538 4552 3600 4606 De
3632 4548 3719 4599 Itis!-

2249 4661 2436 4723 anim.,
2469 4675 2589 4729 cap.
2624 4657 2720 4711 ηε
2756 4655 2857 4710 Sed
2895 4657 3068 4709 avium
3091 4673 3266 4726 grues,
3308 4662 3361 4706 ut
3385 4652 3556 4703 dictant
3580 4649 3655 4698 est.
3677 4647 3722 4729 εξ

2249 4753 2449 4807 ultimis
2475 4752 2527 4804 in
2548 4750 2740 4802 ultima
2769 4747 2980 4813 abeunt,
3019 4724 3196 4802 volant
3224 4748 3354 4816 ﬂatu
3375 4737 3587 4797 secundo.
3611 4724 3719 4795 θειοδ

2248 4842 2312 4896 de
2338 4841 2510 4911 lapide
2547 4848 2790 4903 narrant,
2835 4837 3031 4906 falsum
3065 4847 3163 4897 est,
3192 4835 3406 4903 lapidem
3436 4829 3554 4884 enim
3577 4837 3645 4874 eas
3665 4825 3718 4911 ιετ

2250 4951 2368 4989 nere
2399 4933 2724 5004 fulcimento,
2761 4947 2909 5000 quem
2936 4930 3026 4982 ubi
3053 4901 3321 4991 deciderit,
3352 4921 3504 4989 accipi
3521 4901 3716 4970 utilemtld

2250 5028 2370 5081 auri
2384 5026 2743 5097 probationem
2775 5023 2947 5075 aiunt.
2992 5021 3177 5091 Neque
3213 5018 3420 5076 silentio
3462 5012 3715 5082 praeterean-

2251 5095 2392 5173 dumv
2440 5115 2586 5187 quod
2631 5114 2807 5169 Julius
2844 5111 3090 5183 Scaliger
3135 5112 3187 5166 in
3239 5107 3451 5164 Poeticis
3481 5105 3526 5155 in
3555 5095 3712 5149 Gratias

2225 5203 2227 5206 ’
2251 5209 2652 5264 animadvertit.
2694 5203 2952 5259 Fabulam
2977 5219 3098 5260 esse
3125 5202 3418 5273 graeculam,
3449 5205 3552 5262 qua:
3573 5184 3711 5273 Home:

2249 5261 2540 5355 rusﬂreiert
2565 5261 2648 5350 de,
2672 5308 2865 5365 gruum
2916 5309 3039 5347 cum
3094 5261 3342 5364 pigmteis
3392 5261 3709 5365 pugna.

2251 5406 2374 5448 cum
2427 5397 2572 5444 esset
2619 5386 2989 5449 Homericum,
3019 5387 3088 5440 ab
3132 5385 3353 5439 Homero
3387 5377 3580 5432 dictum,
3618 5355 3710 5416 "illil

2252 5484 2450 5538 mirum
2493 5480 2538 5534 si
2568 5495 2674 5535 non
2720 5478 2924 5534 arridet
2950 5477 3240 5549 Scaligero.
3272 5471 3394 5528 Illud
3423 5466 3587 5521 mirum
3609 5463 3709 5549 σέο·

2253 5573 2414 5629 modo
2445 5573 2524 5627 illi
2564 5587 2672 5626 non
2696 5570 2962 5634 arriserit,
3001 5569 3140 5625 idem
3175 5567 3448 5622 afﬁrmante
3466 5541 3709 5634 Aristotele:

2253 5627 2635 5734 llicnamque,
2691 5662 2785 5717 lib.
2823 5678 2917 5717 vni
2950 5627 3044 5717 'De
3080 5662 3203 5717 hist.
3235 5659 3404 5715 anim.
3440 5662 3539 5707 caD-
3573 5627 3708 5695 "vel
