  <div class='ocr_page' id='page_1' title='image "/cluster/home/n/w/nwhite01/storage/ocr_20150623/18/hvd.32044073501207/458.png"; bbox 0 0 3952 6204; ppageno 0'>
   <div class='ocr_carea' id='block_1_1' title="bbox 169 332 281 387">
    <p class='ocr_par' dir='ltr' id='par_1_1' title="bbox 169 332 281 387">
     <span class='ocr_line' id='line_1_1' title="bbox 169 332 281 387; baseline 0.009 -1"><span class='ocrx_word' id='word_1_1' title='bbox 169 332 281 387; x_wconf 85' lang='lat'><strong>905</strong></span> 
     </span>
    </p>
   </div>
   <div class='ocr_carea' id='block_1_2' title="bbox 1303 329 2550 388">
    <p class='ocr_par' dir='ltr' id='par_1_2' title="bbox 1303 329 2550 388">
     <span class='ocr_line' id='line_1_2' title="bbox 1303 329 2550 388; baseline 0.001 -2"><span class='ocrx_word' id='word_1_2' title='bbox 1303 333 1366 388; x_wconf 82' lang='lat' dir='ltr'><strong>IN</strong></span> <span class='ocrx_word' id='word_1_3' title='bbox 1403 331 1774 388; x_wconf 81' lang='lat' dir='ltr'><strong>EUSTATHII</strong></span> <span class='ocrx_word' id='word_1_4' title='bbox 1816 333 2286 388; x_wconf 72' lang='lat' dir='ltr'><strong>ilEXAEMERON</strong></span> <span class='ocrx_word' id='word_1_5' title='bbox 2325 329 2550 388; x_wconf 58' lang='lat' dir='ltr'><strong>NOTA&#39;l</strong></span> 
     </span>
    </p>
   </div>
   <div class='ocr_carea' id='block_1_3' title="bbox 3315 338 3420 393">
    <p class='ocr_par' dir='ltr' id='par_1_3' title="bbox 3315 338 3420 393">
     <span class='ocr_line' id='line_1_3' title="bbox 3315 338 3420 393; baseline 0 -1"><span class='ocrx_word' id='word_1_6' title='bbox 3315 338 3420 393; x_wconf 86' lang='lat'><strong>906</strong></span> 
     </span>
    </p>
   </div>
   <div class='ocr_carea' id='block_1_4' title="bbox 173 443 3428 526">
    <p class='ocr_par' dir='ltr' id='par_1_4' title="bbox 173 443 3428 526">
     <span class='ocr_line' id='line_1_4' title="bbox 173 443 3428 526; baseline 0.002 -23"><span class='ocrx_word' id='word_1_7' title='bbox 173 447 263 512; x_wconf 81' lang='lat' dir='ltr'><strong>l5,</strong></span> <span class='ocrx_word' id='word_1_8' title='bbox 284 453 345 501; x_wconf 93' lang='lat' dir='ltr'><strong>ut</strong></span> <span class='ocrx_word' id='word_1_9' title='bbox 370 445 487 499; x_wconf 86' lang='lat' dir='ltr'><strong>vult</strong></span> <span class='ocrx_word' id='word_1_10' title='bbox 536 443 795 515; x_wconf 82' lang='lat' dir='ltr'><strong>Scaliger,</strong></span> <span class='ocrx_word' id='word_1_11' title='bbox 842 447 912 500; x_wconf 92' lang='lat' dir='ltr'><strong>ita</strong></span> <span class='ocrx_word' id='word_1_12' title='bbox 948 447 1159 511; x_wconf 90' lang='lat' dir='ltr'><strong>scribit,</strong></span> <span class='ocrx_word' id='word_1_13' title='bbox 1205 447 1358 500; x_wconf 86' lang='grc' dir='ltr'>Ἔστι</span> <span class='ocrx_word' id='word_1_14' title='bbox 1415 448 1472 500; x_wconf 76' lang='grc' dir='ltr'><strong>δὲ</strong></span> <span class='ocrx_word' id='word_1_15' title='bbox 1515 450 1539 500; x_wconf 79' lang='grc' dir='ltr'><strong>ὁ</strong></span> <span class='ocrx_word' id='word_1_16' title='bbox 1583 450 1747 512; x_wconf 85' lang='grc' dir='ltr'><strong>τόπος</strong></span> <span class='ocrx_word' id='word_1_17' title='bbox 1782 465 1816 514; x_wconf 67' lang='grc' dir='ltr'>Α</span> <span class='ocrx_word' id='word_1_18' title='bbox 1851 450 2029 526; x_wconf 80' lang='lat' dir='ltr'><strong>pluvia</strong></span> <span class='ocrx_word' id='word_1_19' title='bbox 2069 453 2260 504; x_wconf 85' lang='lat' dir='ltr'><strong>divino</strong></span> <span class='ocrx_word' id='word_1_20' title='bbox 2295 451 2526 520; x_wconf 88' lang='lat' dir='ltr'><strong>quodam</strong></span> <span class='ocrx_word' id='word_1_21' title='bbox 2558 453 2778 504; x_wconf 90' lang='lat' dir='ltr'><strong>numine</strong></span> <span class='ocrx_word' id='word_1_22' title='bbox 2818 463 2980 505; x_wconf 88' lang='lat' dir='ltr'><strong>canes</strong></span> <span class='ocrx_word' id='word_1_23' title='bbox 3031 451 3319 524; x_wconf 73' lang='lat' dir='ltr'><strong>latratibus</strong></span> <span class='ocrx_word' id='word_1_24' title='bbox 3349 455 3428 508; x_wconf 88' lang='lat' dir='ltr'><strong>ci-</strong></span> 
     </span>
    </p>
   </div>
   <div class='ocr_carea' id='block_1_5' title="bbox 169 534 1746 610">
    <p class='ocr_par' dir='ltr' id='par_1_5' title="bbox 169 534 1746 610">
     <span class='ocr_line' id='line_1_5' title="bbox 169 534 1746 610; baseline -0.001 -16"><span class='ocrx_word' id='word_1_25' title='bbox 169 534 326 603; x_wconf 75' lang='grc' dir='ltr'>οὗτος</span> <span class='ocrx_word' id='word_1_26' title='bbox 347 538 474 610; x_wconf 78' lang='grc' dir='ltr'>περὶ</span> <span class='ocrx_word' id='word_1_27' title='bbox 507 537 566 590; x_wconf 80' lang='grc' dir='ltr'>ὃν</span> <span class='ocrx_word' id='word_1_28' title='bbox 601 540 648 590; x_wconf 84' lang='lat' dir='ltr'><strong>oi</strong></span> <span class='ocrx_word' id='word_1_29' title='bbox 678 539 948 610; x_wconf 80' lang='grc' dir='ltr'><strong>Πυγμαῖοι</strong></span> <span class='ocrx_word' id='word_1_30' title='bbox 988 539 1347 592; x_wconf 74' lang='grc' dir='ltr'><strong>κατοικοῦσιν.</strong></span> <span class='ocrx_word' id='word_1_31' title='bbox 1373 541 1446 592; x_wconf 65' lang='lat' dir='ltr'><strong>Ub</strong></span> <span class='ocrx_word' id='word_1_32' title='bbox 1480 541 1587 608; x_wconf 83' lang='grc' dir='ltr'><strong>γάρ</strong></span> <span class='ocrx_word' id='word_1_33' title='bbox 1633 542 1746 593; x_wconf 81' lang='grc' dir='ltr'>ἐστι</span> 
     </span>
    </p>
   </div>
   <div class='ocr_carea' id='block_1_6' title="bbox 172 630 1750 703">
    <p class='ocr_par' dir='ltr' id='par_1_6' title="bbox 172 630 1750 703">
     <span class='ocr_line' id='line_1_6' title="bbox 172 630 1750 703; baseline -0.001 -17"><span class='ocrx_word' id='word_1_34' title='bbox 172 633 333 686; x_wconf 78' lang='grc' dir='ltr'>τοῦτο</span> <span class='ocrx_word' id='word_1_35' title='bbox 365 630 549 703; x_wconf 71' lang='grc' dir='ltr'>μῦθος,</span> <span class='ocrx_word' id='word_1_36' title='bbox 580 631 694 684; x_wconf 82' lang='grc' dir='ltr'>ἀλλ’</span> <span class='ocrx_word' id='word_1_37' title='bbox 722 631 835 685; x_wconf 76' lang='grc' dir='ltr'>ἐστι</span> <span class='ocrx_word' id='word_1_38' title='bbox 864 633 1004 684; x_wconf 78' lang='grc' dir='ltr'>κατὰ</span> <span class='ocrx_word' id='word_1_39' title='bbox 1023 633 1122 703; x_wconf 77' lang='grc' dir='ltr'>τὴν</span> <span class='ocrx_word' id='word_1_40' title='bbox 1154 630 1410 702; x_wconf 80' lang='grc' dir='ltr'>ἀλήθειαν</span> <span class='ocrx_word' id='word_1_41' title='bbox 1431 671 1446 696; x_wconf 96' lang='grc'><strong>,</strong></span> <span class='ocrx_word' id='word_1_42' title='bbox 1475 632 1631 700; x_wconf 86' lang='grc' dir='ltr'>γένος</span> <span class='ocrx_word' id='word_1_43' title='bbox 1661 651 1750 702; x_wconf 81' lang='grc' dir='ltr'>μι-</span> 
     </span>
    </p>
   </div>
   <div class='ocr_carea' id='block_1_7' title="bbox 172 721 1744 796">
    <p class='ocr_par' dir='ltr' id='par_1_7' title="bbox 172 721 1744 796">
     <span class='ocr_line' id='line_1_7' title="bbox 172 721 1744 796; baseline 0 -20"><span class='ocrx_word' id='word_1_44' title='bbox 172 724 306 796; x_wconf 81' lang='grc' dir='ltr'>κρὸν</span> <span class='ocrx_word' id='word_1_45' title='bbox 342 724 438 795; x_wconf 87' lang='grc' dir='ltr'>μὲν</span> <span class='ocrx_word' id='word_1_46' title='bbox 475 721 665 795; x_wconf 75' lang='grc' dir='ltr'>ὥσπερ</span> <span class='ocrx_word' id='word_1_47' title='bbox 718 723 954 791; x_wconf 85' lang='grc' dir='ltr'>λέγεται,</span> <span class='ocrx_word' id='word_1_48' title='bbox 998 725 1091 778; x_wconf 72' lang='grc' dir='ltr'><strong>καὶ</strong></span> <span class='ocrx_word' id='word_1_49' title='bbox 1137 725 1289 778; x_wconf 76' lang='grc' dir='ltr'>αὐτοὶ</span> <span class='ocrx_word' id='word_1_50' title='bbox 1341 725 1433 777; x_wconf 80' lang='grc' dir='ltr'><strong>καὶ</strong></span> <span class='ocrx_word' id='word_1_51' title='bbox 1484 726 1533 776; x_wconf 79' lang='lat' dir='ltr'><strong>oi</strong></span> <span class='ocrx_word' id='word_1_52' title='bbox 1565 726 1744 785; x_wconf 78' lang='grc' dir='ltr'>ἵπποι,</span> 
     </span>
    </p>
   </div>
   <div class='ocr_carea' id='block_1_8' title="bbox 174 814 1750 886">
    <p class='ocr_par' dir='ltr' id='par_1_8' title="bbox 174 814 1750 886">
     <span class='ocr_line' id='line_1_8' title="bbox 174 814 1750 886; baseline 0.001 -18"><span class='ocrx_word' id='word_1_53' title='bbox 174 814 538 886; x_wconf 73' lang='grc' dir='ltr'><strong>τρωγλοδύται</strong></span> <span class='ocrx_word' id='word_1_54' title='bbox 567 815 611 867; x_wconf 75' lang='grc' dir='ltr'><strong>δ’</strong></span> <span class='ocrx_word' id='word_1_55' title='bbox 635 817 743 868; x_wconf 73' lang='grc' dir='ltr'>εἰσὶ</span> <span class='ocrx_word' id='word_1_56' title='bbox 765 815 855 867; x_wconf 72' lang='grc' dir='ltr'>τὸν</span> <span class='ocrx_word' id='word_1_57' title='bbox 884 815 1014 885; x_wconf 84' lang='grc' dir='ltr'>βίον.</span> <span class='ocrx_word' id='word_1_58' title='bbox 1047 816 1290 881; x_wconf 80' lang='lat' dir='ltr'><strong>Quorum</strong></span> <span class='ocrx_word' id='word_1_59' title='bbox 1322 830 1383 870; x_wconf 87' lang='lat' dir='ltr'><strong>ca</strong></span> <span class='ocrx_word' id='word_1_60' title='bbox 1412 825 1495 870; x_wconf 88' lang='lat' dir='ltr'><strong>est</strong></span> <span class='ocrx_word' id='word_1_61' title='bbox 1529 822 1750 870; x_wconf 90' lang='lat' dir='ltr'><strong>senten-</strong></span> 
     </span>
    </p>
   </div>
   <div class='ocr_carea' id='block_1_9' title="bbox 169 906 1747 978">
    <p class='ocr_par' dir='ltr' id='par_1_9' title="bbox 169 906 1747 978">
     <span class='ocr_line' id='line_1_9' title="bbox 169 906 1747 978; baseline -0.002 -17"><span class='ocrx_word' id='word_1_62' title='bbox 169 911 266 971; x_wconf 87' lang='lat' dir='ltr'><strong>tia,</strong></span> <span class='ocrx_word' id='word_1_63' title='bbox 300 907 359 961; x_wconf 82' lang='lat' dir='ltr'><strong>1&#39;s</strong></span> <span class='ocrx_word' id='word_1_64' title='bbox 386 907 530 960; x_wconf 87' lang='lat' dir='ltr'><strong>locus</strong></span> <span class='ocrx_word' id='word_1_65' title='bbox 549 917 650 971; x_wconf 86' lang='lat' dir='ltr'><strong>est,</strong></span> <span class='ocrx_word' id='word_1_66' title='bbox 683 923 834 978; x_wconf 80' lang='lat' dir='ltr'><strong>queat</strong></span> <span class='ocrx_word' id='word_1_67' title='bbox 863 910 1086 978; x_wconf 76' lang='lat' dir='ltr'><strong>pygmwi</strong></span> <span class='ocrx_word' id='word_1_68' title='bbox 1116 906 1358 960; x_wconf 84' lang='lat' dir='ltr'><strong>habitant</strong></span> <span class='ocrx_word' id='word_1_69' title='bbox 1382 923 1396 958; x_wconf 87' lang='lat'><em>:</em></span> <span class='ocrx_word' id='word_1_70' title='bbox 1425 922 1585 977; x_wconf 81' lang='lat' dir='ltr'><strong>neque</strong></span> <span class='ocrx_word' id='word_1_71' title='bbox 1609 908 1747 961; x_wconf 88' lang='lat' dir='ltr'><strong>enim</strong></span> 
     </span>
    </p>
   </div>
   <div class='ocr_carea' id='block_1_10' title="bbox 165 999 1747 1071">
    <p class='ocr_par' dir='ltr' id='par_1_10' title="bbox 165 999 1747 1071">
     <span class='ocr_line' id='line_1_10' title="bbox 165 999 1747 1071; baseline -0.001 -17"><span class='ocrx_word' id='word_1_72' title='bbox 165 1003 265 1056; x_wconf 74' lang='lat' dir='ltr'><strong>hoc</strong></span> <span class='ocrx_word' id='word_1_73' title='bbox 326 1001 508 1071; x_wconf 76' lang='lat' dir='ltr'><strong>fabula</strong></span> <span class='ocrx_word' id='word_1_74' title='bbox 541 1010 639 1066; x_wconf 86' lang='lat' dir='ltr'><strong>est,</strong></span> <span class='ocrx_word' id='word_1_75' title='bbox 690 1001 780 1054; x_wconf 88' lang='lat' dir='ltr'><strong>sed</strong></span> <span class='ocrx_word' id='word_1_76' title='bbox 813 1011 889 1053; x_wconf 89' lang='lat' dir='ltr'><strong>est</strong></span> <span class='ocrx_word' id='word_1_77' title='bbox 940 999 1223 1053; x_wconf 84' lang='lat' dir='ltr'><strong>secundum</strong></span> <span class='ocrx_word' id='word_1_78' title='bbox 1254 1001 1543 1064; x_wconf 78' lang='lat' dir='ltr'><strong>veritatem,</strong></span> <span class='ocrx_word' id='word_1_79' title='bbox 1589 1017 1747 1068; x_wconf 83' lang='lat' dir='ltr'><strong>genus</strong></span> 
     </span>
    </p>
   </div>
   <div class='ocr_carea' id='block_1_11' title="bbox 163 1091 1749 1162">
    <p class='ocr_par' dir='ltr' id='par_1_11' title="bbox 163 1091 1749 1162">
     <span class='ocr_line' id='line_1_11' title="bbox 163 1091 1749 1162; baseline -0.004 -14"><span class='ocrx_word' id='word_1_80' title='bbox 163 1094 442 1162; x_wconf 83' lang='lat' dir='ltr'><strong>pusillum,</strong></span> <span class='ocrx_word' id='word_1_81' title='bbox 464 1101 518 1145; x_wconf 91' lang='lat' dir='ltr'><strong>ut</strong></span> <span class='ocrx_word' id='word_1_82' title='bbox 548 1091 780 1144; x_wconf 80' lang='lat' dir='ltr'><strong>traditur</strong></span> <span class='ocrx_word' id='word_1_83' title='bbox 806 1101 855 1146; x_wconf 88' lang='lat' dir='ltr'><strong>et</strong></span> <span class='ocrx_word' id='word_1_84' title='bbox 885 1092 1005 1160; x_wconf 90' lang='lat' dir='ltr'><strong>ipsi,</strong></span> <span class='ocrx_word' id='word_1_85' title='bbox 1035 1103 1083 1145; x_wconf 89' lang='lat' dir='ltr'><strong>et</strong></span> <span class='ocrx_word' id='word_1_86' title='bbox 1114 1093 1248 1162; x_wconf 87' lang='lat' dir='ltr'><strong>equi,</strong></span> <span class='ocrx_word' id='word_1_87' title='bbox 1275 1102 1323 1144; x_wconf 77' lang='lat' dir='ltr'><strong>et</strong></span> <span class='ocrx_word' id='word_1_88' title='bbox 1354 1103 1413 1144; x_wconf 89' lang='lat' dir='ltr'><strong>ut</strong></span> <span class='ocrx_word' id='word_1_89' title='bbox 1441 1092 1749 1161; x_wconf 74' lang='lat' dir='ltr'><strong>troglodytre</strong></span> 
     </span>
    </p>
   </div>
   <div class='ocr_carea' id='block_1_12' title="bbox 167 1180 1748 1254">
    <p class='ocr_par' dir='ltr' id='par_1_12' title="bbox 167 1180 1748 1254">
     <span class='ocr_line' id='line_1_12' title="bbox 167 1180 1748 1254; baseline -0.005 -14"><span class='ocrx_word' id='word_1_90' title='bbox 167 1187 362 1254; x_wconf 77' lang='lat' dir='ltr'><strong>reliqui</strong></span> <span class='ocrx_word' id='word_1_91' title='bbox 403 1185 564 1238; x_wconf 80' lang='lat' dir='ltr'><strong>vitam</strong></span> <span class='ocrx_word' id='word_1_92' title='bbox 597 1184 811 1254; x_wconf 85' lang='lat' dir='ltr'><strong>degunt.</strong></span> <span class='ocrx_word' id='word_1_93' title='bbox 848 1181 1058 1247; x_wconf 85' lang='lat' dir='ltr'><strong>Quibus</strong></span> <span class='ocrx_word' id='word_1_94' title='bbox 1115 1181 1296 1236; x_wconf 80' lang='lat' dir='ltr'><strong>verbis</strong></span> <span class='ocrx_word' id='word_1_95' title='bbox 1341 1180 1470 1250; x_wconf 87' lang='lat' dir='ltr'><strong>quid</strong></span> <span class='ocrx_word' id='word_1_96' title='bbox 1516 1180 1748 1233; x_wconf 82' lang='lat' dir='ltr'><strong>manife-</strong></span> 
     </span>
    </p>
   </div>
   <div class='ocr_carea' id='block_1_13' title="bbox 166 1273 1749 1348">
    <p class='ocr_par' dir='ltr' id='par_1_13' title="bbox 166 1273 1749 1348">
     <span class='ocr_line' id='line_1_13' title="bbox 166 1273 1749 1348; baseline -0.005 -14"><span class='ocrx_word' id='word_1_97' title='bbox 166 1279 532 1348; x_wconf 81' lang='lat' dir='ltr'><strong>stius?negat</strong></span> <span class='ocrx_word' id='word_1_98' title='bbox 566 1289 690 1331; x_wconf 90' lang='lat' dir='ltr'><strong>esse</strong></span> <span class='ocrx_word' id='word_1_99' title='bbox 719 1273 978 1340; x_wconf 81' lang='lat' dir='ltr'><strong>fabulam,</strong></span> <span class='ocrx_word' id='word_1_100' title='bbox 1009 1273 1300 1328; x_wconf 81' lang='lat' dir='ltr'><strong>conﬁrmat</strong></span> <span class='ocrx_word' id='word_1_101' title='bbox 1329 1273 1630 1327; x_wconf 90' lang='lat' dir='ltr'><strong>secundum</strong></span> <span class='ocrx_word' id='word_1_102' title='bbox 1659 1289 1749 1326; x_wconf 86' lang='lat' dir='ltr'><strong>ve-</strong></span> 
     </span>
    </p>
   </div>
   <div class='ocr_carea' id='block_1_14' title="bbox 167 1363 1746 1435">
    <p class='ocr_par' dir='ltr' id='par_1_14' title="bbox 167 1363 1746 1435">
     <span class='ocr_line' id='line_1_14' title="bbox 167 1363 1746 1435; baseline -0.006 -10"><span class='ocrx_word' id='word_1_103' title='bbox 167 1373 390 1425; x_wconf 87' lang='lat' dir='ltr'><strong>ritatem</strong></span> <span class='ocrx_word' id='word_1_104' title='bbox 443 1369 515 1422; x_wconf 88' lang='lat' dir='ltr'><strong>ita</strong></span> <span class='ocrx_word' id='word_1_105' title='bbox 551 1380 610 1422; x_wconf 89' lang='lat' dir='ltr'><strong>se</strong></span> <span class='ocrx_word' id='word_1_106' title='bbox 665 1364 884 1431; x_wconf 87' lang='lat' dir='ltr'><strong>habere,</strong></span> <span class='ocrx_word' id='word_1_107' title='bbox 943 1365 1090 1435; x_wconf 90' lang='lat' dir='ltr'><strong>quod</strong></span> <span class='ocrx_word' id='word_1_108' title='bbox 1128 1364 1289 1433; x_wconf 82' lang='lat' dir='ltr'><strong>vulgo</strong></span> <span class='ocrx_word' id='word_1_109' title='bbox 1344 1363 1746 1427; x_wconf 77' lang='lat' dir='ltr'><strong>circumfertur,</strong></span> 
     </span>
    </p>
   </div>
   <div class='ocr_carea' id='block_1_15' title="bbox 168 1455 1746 1535">
    <p class='ocr_par' dir='ltr' id='par_1_15' title="bbox 168 1455 1746 1535">
     <span class='ocr_line' id='line_1_15' title="bbox 168 1455 1746 1535; baseline -0.003 -19"><span class='ocrx_word' id='word_1_110' title='bbox 168 1476 468 1535; x_wconf 66' lang='lat' dir='ltr'><strong>pygmmos,</strong></span> <span class='ocrx_word' id='word_1_111' title='bbox 497 1474 800 1529; x_wconf 87' lang='lat' dir='ltr'><strong>eorumque</strong></span> <span class='ocrx_word' id='word_1_112' title='bbox 828 1473 1000 1528; x_wconf 88' lang='lat' dir='ltr'><strong>equos</strong></span> <span class='ocrx_word' id='word_1_113' title='bbox 1034 1457 1262 1526; x_wconf 89' lang='lat' dir='ltr'><strong>pusillos</strong></span> <span class='ocrx_word' id='word_1_114' title='bbox 1282 1472 1424 1512; x_wconf 90' lang='lat' dir='ltr'><strong>esse.</strong></span> <span class='ocrx_word' id='word_1_115' title='bbox 1461 1455 1746 1521; x_wconf 87' lang='lat' dir='ltr'><strong>Quomodo</strong></span> 
     </span>
    </p>
   </div>
   <div class='ocr_carea' id='block_1_16' title="bbox 164 1548 1746 1626">
    <p class='ocr_par' dir='ltr' id='par_1_16' title="bbox 164 1548 1746 1626">
     <span class='ocr_line' id='line_1_16' title="bbox 164 1548 1746 1626; baseline -0.006 -15"><span class='ocrx_word' id='word_1_116' title='bbox 164 1571 299 1626; x_wconf 83' lang='lat' dir='ltr'><strong>ergo</strong></span> <span class='ocrx_word' id='word_1_117' title='bbox 325 1553 548 1608; x_wconf 80' lang='lat' dir='ltr'><strong>fabula?</strong></span> <span class='ocrx_word' id='word_1_118' title='bbox 569 1554 680 1616; x_wconf 79' lang='lat' dir='ltr'><strong>Ait,</strong></span> <span class='ocrx_word' id='word_1_119' title='bbox 709 1551 1094 1620; x_wconf 85' lang='lat' dir='ltr'><strong>philosophum</strong></span> <span class='ocrx_word' id='word_1_120' title='bbox 1129 1564 1344 1618; x_wconf 88' lang='lat' dir='ltr'><strong>semper</strong></span> <span class='ocrx_word' id='word_1_121' title='bbox 1385 1548 1746 1612; x_wconf 89' lang='lat' dir='ltr'><strong>moderatum,</strong></span> 
     </span>
    </p>
   </div>
   <div class='ocr_carea' id='block_1_17' title="bbox 164 1639 1750 1717">
    <p class='ocr_par' dir='ltr' id='par_1_17' title="bbox 164 1639 1750 1717">
     <span class='ocr_line' id='line_1_17' title="bbox 164 1639 1750 1717; baseline -0.005 -15"><span class='ocrx_word' id='word_1_122' title='bbox 164 1658 220 1702; x_wconf 87' lang='lat' dir='ltr'><strong>et</strong></span> <span class='ocrx_word' id='word_1_123' title='bbox 251 1645 582 1717; x_wconf 85' lang='lat' dir='ltr'><strong>prudentem</strong></span> <span class='ocrx_word' id='word_1_124' title='bbox 613 1643 750 1700; x_wconf 89' lang='lat' dir='ltr'><strong>illud</strong></span> <span class='ocrx_word' id='word_1_125' title='bbox 795 1642 1073 1698; x_wconf 83' lang='lat' dir='ltr'><strong>addidisse</strong></span> <span class='ocrx_word' id='word_1_126' title='bbox 1101 1639 1289 1711; x_wconf 77' lang='grc' dir='ltr'>ὥσπερ</span> <span class='ocrx_word' id='word_1_127' title='bbox 1318 1639 1557 1708; x_wconf 82' lang='grc' dir='ltr'>λέγεται.</span> <span class='ocrx_word' id='word_1_128' title='bbox 1587 1639 1750 1696; x_wconf 82' lang='lat' dir='ltr'><strong>Certe</strong></span> 
     </span>
    </p>
   </div>
   <div class='ocr_carea' id='block_1_18' title="bbox 165 1731 1747 1792">
    <p class='ocr_par' dir='ltr' id='par_1_18' title="bbox 165 1731 1747 1792">
     <span class='ocr_line' id='line_1_18' title="bbox 165 1731 1747 1792; baseline -0.003 -1"><span class='ocrx_word' id='word_1_129' title='bbox 165 1751 268 1792; x_wconf 90' lang='lat' dir='ltr'><strong>nec</strong></span> <span class='ocrx_word' id='word_1_130' title='bbox 283 1736 598 1791; x_wconf 84' lang='lat' dir='ltr'><strong>Aristotelis</strong></span> <span class='ocrx_word' id='word_1_131' title='bbox 620 1741 856 1789; x_wconf 87' lang='lat' dir='ltr'><strong>mentem</strong></span> <span class='ocrx_word' id='word_1_132' title='bbox 877 1746 977 1789; x_wconf 91' lang='lat' dir='ltr'><strong>nec</strong></span> <span class='ocrx_word' id='word_1_133' title='bbox 994 1731 1319 1788; x_wconf 88' lang='lat' dir='ltr'><strong>sententiam</strong></span> <span class='ocrx_word' id='word_1_134' title='bbox 1338 1738 1624 1786; x_wconf 85' lang='lat' dir='ltr'><strong>assecutus</strong></span> <span class='ocrx_word' id='word_1_135' title='bbox 1643 1737 1747 1786; x_wconf 90' lang='lat' dir='ltr'><strong>est.</strong></span> 
     </span>
    </p>
   </div>
   <div class='ocr_carea' id='block_1_19' title="bbox 1849 537 3426 609">
    <p class='ocr_par' dir='ltr' id='par_1_19' title="bbox 1849 537 3426 609">
     <span class='ocr_line' id='line_1_19' title="bbox 1849 537 3426 609; baseline 0.005 -21"><span class='ocrx_word' id='word_1_136' title='bbox 1849 553 1943 592; x_wconf 91' lang='lat' dir='ltr'><strong>ves</strong></span> <span class='ocrx_word' id='word_1_137' title='bbox 1980 537 2091 606; x_wconf 89' lang='lat' dir='ltr'><strong>jam</strong></span> <span class='ocrx_word' id='word_1_138' title='bbox 2154 555 2346 593; x_wconf 87' lang='lat' dir='ltr'><strong>somno</strong></span> <span class='ocrx_word' id='word_1_139' title='bbox 2396 538 2602 608; x_wconf 86' lang='lat' dir='ltr'><strong>sopitos</strong></span> <span class='ocrx_word' id='word_1_140' title='bbox 2658 539 3002 605; x_wconf 82' lang='lat' dir='ltr'><strong>excitarunt;</strong></span> <span class='ocrx_word' id='word_1_141' title='bbox 3057 541 3256 609; x_wconf 85' lang='lat' dir='ltr'><strong>quibus</strong></span> <span class='ocrx_word' id='word_1_142' title='bbox 3301 558 3426 597; x_wconf 90' lang='lat' dir='ltr'><strong>cum</strong></span> 
     </span>
    </p>
   </div>
   <div class='ocr_carea' id='block_1_20' title="bbox 1851 629 3422 700">
    <p class='ocr_par' dir='ltr' id='par_1_20' title="bbox 1851 629 3422 700">
     <span class='ocr_line' id='line_1_20' title="bbox 1851 629 3422 700; baseline 0.004 -19"><span class='ocrx_word' id='word_1_143' title='bbox 1851 629 2148 698; x_wconf 86' lang='lat' dir='ltr'><strong>lampades,</strong></span> <span class='ocrx_word' id='word_1_144' title='bbox 2184 647 2280 684; x_wconf 89' lang='lat' dir='ltr'><strong>seu</strong></span> <span class='ocrx_word' id='word_1_145' title='bbox 2315 631 2488 685; x_wconf 86' lang='lat' dir='ltr'><strong>nubes</strong></span> <span class='ocrx_word' id='word_1_146' title='bbox 2519 645 2761 684; x_wconf 69' lang='lat' dir='ltr'><strong>accensae</strong></span> <span class='ocrx_word' id='word_1_147' title='bbox 2787 631 3080 698; x_wconf 88' lang='lat' dir='ltr'><strong>periculum</strong></span> <span class='ocrx_word' id='word_1_148' title='bbox 3109 633 3220 700; x_wconf 90' lang='lat' dir='ltr'><strong>jam</strong></span> <span class='ocrx_word' id='word_1_149' title='bbox 3249 633 3422 687; x_wconf 85' lang='lat' dir='ltr'><strong>i&#39;mmi-</strong></span> 
     </span>
    </p>
   </div>
   <div class='ocr_carea' id='block_1_21' title="bbox 1853 721 3426 778">
    <p class='ocr_par' dir='ltr' id='par_1_21' title="bbox 1853 721 3426 778">
     <span class='ocr_line' id='line_1_21' title="bbox 1853 721 3426 778; baseline 0.003 -4"><span class='ocrx_word' id='word_1_150' title='bbox 1853 736 1988 775; x_wconf 88' lang='lat' dir='ltr'><strong>nens</strong></span> <span class='ocrx_word' id='word_1_151' title='bbox 2031 721 2401 775; x_wconf 73' lang='lat' dir='ltr'><strong>ostendzssent</strong></span> <span class='ocrx_word' id='word_1_152' title='bbox 2449 723 2614 774; x_wconf 86' lang='lat' dir='ltr'><strong>alacri</strong></span> <span class='ocrx_word' id='word_1_153' title='bbox 2643 723 2824 774; x_wconf 88' lang='lat' dir='ltr'><strong>animo</strong></span> <span class='ocrx_word' id='word_1_154' title='bbox 2852 722 3065 776; x_wconf 84' lang='lat' dir='ltr'><strong>hostem</strong></span> <span class='ocrx_word' id='word_1_155' title='bbox 3110 722 3178 776; x_wconf 91' lang='lat' dir='ltr'><strong>ab</strong></span> <span class='ocrx_word' id='word_1_156' title='bbox 3215 723 3302 777; x_wconf 92' lang='lat' dir='ltr'><strong>illa</strong></span> <span class='ocrx_word' id='word_1_157' title='bbox 3336 740 3426 778; x_wconf 87' lang='lat' dir='ltr'><strong>ur-</strong></span> 
     </span>
    </p>
   </div>
   <div class='ocr_carea' id='block_1_22' title="bbox 1849 812 3420 884">
    <p class='ocr_par' dir='ltr' id='par_1_22' title="bbox 1849 812 3420 884">
     <span class='ocr_line' id='line_1_22' title="bbox 1849 812 3420 884; baseline 0.003 -17"><span class='ocrx_word' id='word_1_158' title='bbox 1849 812 1934 868; x_wconf 87' lang='lat' dir='ltr'><strong>bis</strong></span> <span class='ocrx_word' id='word_1_159' title='bbox 1989 814 2271 868; x_wconf 84' lang='lat' dir='ltr'><strong>obsidione</strong></span> <span class='ocrx_word' id='word_1_160' title='bbox 2315 816 2646 884; x_wconf 80' lang='lat' dir='ltr'><strong>repulerunt.</strong></span> <span class='ocrx_word' id='word_1_161' title='bbox 2687 814 2973 869; x_wconf 89' lang='lat' dir='ltr'><strong>llesichins</strong></span> <span class='ocrx_word' id='word_1_162' title='bbox 3016 814 3280 880; x_wconf 77' lang='lat' dir='ltr'><strong>Milesius.</strong></span> <span class='ocrx_word' id='word_1_163' title='bbox 3327 818 3420 872; x_wconf 90' lang='lat' dir='ltr'><strong>lib.</strong></span> 
     </span>
    </p>
   </div>
   <div class='ocr_carea' id='block_1_23' title="bbox 1851 901 3426 980">
    <p class='ocr_par' dir='ltr' id='par_1_23' title="bbox 1851 901 3426 980">
     <span class='ocr_line' id='line_1_23' title="bbox 1851 901 3426 980; baseline 0.003 -26"><span class='ocrx_word' id='word_1_164' title='bbox 1851 901 1928 955; x_wconf 88' lang='lat' dir='ltr'><strong>De</strong></span> <span class='ocrx_word' id='word_1_165' title='bbox 1975 901 2127 956; x_wconf 81' lang='lat' dir='ltr'><strong>rebus</strong></span> <span class='ocrx_word' id='word_1_166' title='bbox 2175 905 2360 971; x_wconf 80' lang='lat' dir='ltr'><strong>patriis</strong></span> <span class='ocrx_word' id='word_1_167' title='bbox 2415 902 3011 973; x_wconf 84' lang='lat' dir='ltr'><strong>Constantinopolitanis</strong></span> <span class='ocrx_word' id='word_1_168' title='bbox 3053 922 3070 958; x_wconf 91' lang='lat'><em>:</em></span> <span class='ocrx_word' id='word_1_169' title='bbox 3119 903 3426 980; x_wconf 75' lang='grc' dir='ltr'>Ἑφόὗτιερ</span> 
     </span>
    </p>
   </div>
   <div class='ocr_carea' id='block_1_24' title="bbox 1847 994 3420 1070">
    <p class='ocr_par' dir='ltr' id='par_1_24' title="bbox 1847 994 3420 1070">
     <span class='ocr_line' id='line_1_24' title="bbox 1847 994 3420 1070; baseline 0.005 -27"><span class='ocrx_word' id='word_1_170' title='bbox 1847 994 2108 1058; x_wconf 84' lang='grc' dir='ltr'>Φίλιππος</span> <span class='ocrx_word' id='word_1_171' title='bbox 2160 999 2188 1048; x_wconf 89' lang='grc' dir='ltr'>ὁ</span> <span class='ocrx_word' id='word_1_172' title='bbox 2240 997 2346 1048; x_wconf 88' lang='grc' dir='ltr'><strong>τῶν</strong></span> <span class='ocrx_word' id='word_1_173' title='bbox 2395 997 2720 1050; x_wconf 72' lang='grc' dir='ltr'><strong>Μακεδόνων</strong></span> <span class='ocrx_word' id='word_1_174' title='bbox 2773 997 3046 1068; x_wconf 72' lang='grc' dir='ltr'>βασιλεὺς,</span> <span class='ocrx_word' id='word_1_175' title='bbox 3088 1000 3116 1052; x_wconf 83' lang='grc' dir='ltr'><strong>ὁ</strong></span> <span class='ocrx_word' id='word_1_176' title='bbox 3164 999 3420 1070; x_wconf 75' lang='grc' dir='ltr'>Ἀμύντου</span> 
     </span>
    </p>
   </div>
   <div class='ocr_carea' id='block_1_25' title="bbox 1851 1086 3423 1164">
    <p class='ocr_par' dir='ltr' id='par_1_25' title="bbox 1851 1086 3423 1164">
     <span class='ocr_line' id='line_1_25' title="bbox 1851 1086 3423 1164; baseline 0.007 -28"><span class='ocrx_word' id='word_1_177' title='bbox 1851 1088 1977 1149; x_wconf 79' lang='grc' dir='ltr'>παῖς</span> <span class='ocrx_word' id='word_1_178' title='bbox 2009 1086 2263 1155; x_wconf 80' lang='grc' dir='ltr'>γεγονὼς,</span> <span class='ocrx_word' id='word_1_179' title='bbox 2300 1088 2499 1160; x_wconf 80' lang='grc' dir='ltr'>πολλὴν</span> <span class='ocrx_word' id='word_1_180' title='bbox 2535 1091 2873 1161; x_wconf 78' lang='grc' dir='ltr'>ἐπαγόμενος</span> <span class='ocrx_word' id='word_1_181' title='bbox 2904 1093 3128 1164; x_wconf 71' lang='grc' dir='ltr'>δύναμιν</span> <span class='ocrx_word' id='word_1_182' title='bbox 3175 1093 3423 1164; x_wconf 77' lang='grc' dir='ltr'>ἐπολιόρσ-</span> 
     </span>
    </p>
   </div>
   <div class='ocr_carea' id='block_1_26' title="bbox 1851 1179 3425 1257">
    <p class='ocr_par' dir='ltr' id='par_1_26' title="bbox 1851 1179 3425 1257">
     <span class='ocr_line' id='line_1_26' title="bbox 1851 1179 3425 1257; baseline 0.008 -29"><span class='ocrx_word' id='word_1_183' title='bbox 1851 1194 1935 1229; x_wconf 86' lang='grc' dir='ltr'><strong>κει</strong></span> <span class='ocrx_word' id='word_1_184' title='bbox 1965 1179 2062 1248; x_wconf 82' lang='grc' dir='ltr'>τὴν</span> <span class='ocrx_word' id='word_1_185' title='bbox 2098 1179 2268 1242; x_wconf 81' lang='grc' dir='ltr'>πόλιν,</span> <span class='ocrx_word' id='word_1_186' title='bbox 2304 1180 2520 1252; x_wconf 78' lang='grc' dir='ltr'>διώρυξί</span> <span class='ocrx_word' id='word_1_187' title='bbox 2565 1200 2623 1235; x_wconf 89' lang='grc' dir='ltr'><strong>τε</strong></span> <span class='ocrx_word' id='word_1_188' title='bbox 2666 1183 2758 1236; x_wconf 79' lang='grc' dir='ltr'><strong>καὶ</strong></span> <span class='ocrx_word' id='word_1_189' title='bbox 2801 1188 3072 1249; x_wconf 72' lang='grc' dir='ltr'>παντοίοις</span> <span class='ocrx_word' id='word_1_190' title='bbox 3113 1184 3425 1257; x_wconf 80' lang='grc' dir='ltr'>πολεμικοῖς</span> 
     </span>
    </p>
   </div>
   <div class='ocr_carea' id='block_1_27' title="bbox 1855 1271 3424 1350">
    <p class='ocr_par' dir='ltr' id='par_1_27' title="bbox 1855 1271 3424 1350">
     <span class='ocr_line' id='line_1_27' title="bbox 1855 1271 3424 1350; baseline 0.008 -30"><span class='ocrx_word' id='word_1_191' title='bbox 1855 1271 2211 1341; x_wconf 76' lang='grc' dir='ltr'>μηχανήμασι</span> <span class='ocrx_word' id='word_1_192' title='bbox 2253 1275 2365 1336; x_wconf 79' lang='grc' dir='ltr'>τοῖς</span> <span class='ocrx_word' id='word_1_193' title='bbox 2404 1275 2606 1344; x_wconf 81' lang='grc' dir='ltr'>τείχεσι</span> <span class='ocrx_word' id='word_1_194' title='bbox 2644 1277 3052 1346; x_wconf 71' lang='grc' dir='ltr'>προσπελάζων.</span> <span class='ocrx_word' id='word_1_195' title='bbox 3100 1279 3210 1331; x_wconf 79' lang='grc' dir='ltr'>Καὶ</span> <span class='ocrx_word' id='word_1_196' title='bbox 3259 1279 3323 1350; x_wconf 82' lang='grc' dir='ltr'><strong>δὴ</strong></span> <span class='ocrx_word' id='word_1_197' title='bbox 3359 1281 3424 1334; x_wconf 85' lang='grc' dir='ltr'>ἂν</span> 
     </span>
    </p>
   </div>
   <div class='ocr_carea' id='block_1_28' title="bbox 1849 1361 3427 1440">
    <p class='ocr_par' dir='ltr' id='par_1_28' title="bbox 1849 1361 3427 1440">
     <span class='ocr_line' id='line_1_28' title="bbox 1849 1361 3427 1440; baseline 0.008 -28"><span class='ocrx_word' id='word_1_198' title='bbox 1849 1361 2053 1432; x_wconf 82' lang='grc' dir='ltr'>ταύτην</span> <span class='ocrx_word' id='word_1_199' title='bbox 2105 1362 2272 1426; x_wconf 81' lang='grc' dir='ltr'>ἐξεῖλε</span> <span class='ocrx_word' id='word_1_200' title='bbox 2319 1365 2509 1429; x_wconf 77' lang='grc' dir='ltr'>νυκτὸς</span> <span class='ocrx_word' id='word_1_201' title='bbox 2557 1366 2944 1437; x_wconf 74' lang='grc' dir='ltr'>ἐπιλαϐόμενος</span> <span class='ocrx_word' id='word_1_202' title='bbox 2989 1369 3245 1440; x_wconf 73' lang='grc' dir='ltr'>ἀσελήνου</span> <span class='ocrx_word' id='word_1_203' title='bbox 3272 1409 3286 1435; x_wconf 94' lang='grc'><strong>,</strong></span> <span class='ocrx_word' id='word_1_204' title='bbox 3333 1374 3427 1425; x_wconf 64' lang='grc' dir='ltr'>καὶ</span> 
     </span>
    </p>
   </div>
   <div class='ocr_carea' id='block_1_29' title="bbox 1851 1453 3425 1532">
    <p class='ocr_par' dir='ltr' id='par_1_29' title="bbox 1851 1453 3425 1532">
     <span class='ocr_line' id='line_1_29' title="bbox 1851 1453 3425 1532; baseline 0.006 -27"><span class='ocrx_word' id='word_1_205' title='bbox 1851 1453 2056 1526; x_wconf 75' lang='grc' dir='ltr'>ὄμϐρου</span> <span class='ocrx_word' id='word_1_206' title='bbox 2107 1458 2550 1528; x_wconf 73' lang='grc' dir='ltr'>καταρραγέντος</span> <span class='ocrx_word' id='word_1_207' title='bbox 2599 1457 2859 1523; x_wconf 77' lang='grc' dir='ltr'>ἐξαισίου,</span> <span class='ocrx_word' id='word_1_208' title='bbox 2912 1463 2959 1513; x_wconf 83' lang='grc' dir='ltr'>εἰ</span> <span class='ocrx_word' id='word_1_209' title='bbox 3008 1464 3080 1532; x_wconf 85' lang='grc' dir='ltr'>μή</span> <span class='ocrx_word' id='word_1_210' title='bbox 3128 1479 3210 1526; x_wconf 85' lang='grc' dir='ltr'><strong>τις</strong></span> <span class='ocrx_word' id='word_1_211' title='bbox 3245 1464 3425 1527; x_wconf 74' lang='grc' dir='ltr'>αὐτοῖς</span> 
     </span>
    </p>
   </div>
   <div class='ocr_carea' id='block_1_30' title="bbox 1851 1547 3416 1626">
    <p class='ocr_par' dir='ltr' id='par_1_30' title="bbox 1851 1547 3416 1626">
     <span class='ocr_line' id='line_1_30' title="bbox 1851 1547 3416 1626; baseline 0.007 -28"><span class='ocrx_word' id='word_1_212' title='bbox 1851 1547 1946 1599; x_wconf 80' lang='grc' dir='ltr'>τοῦ</span> <span class='ocrx_word' id='word_1_213' title='bbox 1984 1547 2127 1601; x_wconf 84' lang='grc' dir='ltr'>θείου</span> <span class='ocrx_word' id='word_1_214' title='bbox 2161 1550 2346 1617; x_wconf 87' lang='grc' dir='ltr'>γεγόνε</span> <span class='ocrx_word' id='word_1_215' title='bbox 2378 1551 2665 1622; x_wconf 56' lang='grc' dir='ltr'>,συμμαχία</span> <span class='ocrx_word' id='word_1_216' title='bbox 2691 1552 2816 1615; x_wconf 70' lang='grc' dir='ltr'>τοὺς</span> <span class='ocrx_word' id='word_1_217' title='bbox 2859 1552 2998 1606; x_wconf 84' lang='grc' dir='ltr'>κατὰ</span> <span class='ocrx_word' id='word_1_218' title='bbox 3025 1554 3122 1626; x_wconf 77' lang='grc' dir='ltr'><strong>τὴν</strong></span> <span class='ocrx_word' id='word_1_219' title='bbox 3149 1555 3298 1608; x_wconf 80' lang='grc' dir='ltr'>πόλιν</span> <span class='ocrx_word' id='word_1_220' title='bbox 3327 1555 3416 1608; x_wconf 82' lang='grc' dir='ltr'>κύ-</span> 
     </span>
    </p>
   </div>
   <div class='ocr_carea' id='block_1_31' title="bbox 1850 1642 3426 1718">
    <p class='ocr_par' dir='ltr' id='par_1_31' title="bbox 1850 1642 3426 1718">
     <span class='ocr_line' id='line_1_31' title="bbox 1850 1642 3426 1718; baseline 0.004 -24"><span class='ocrx_word' id='word_1_221' title='bbox 1850 1659 1946 1705; x_wconf 89' lang='grc' dir='ltr'><strong>νας</strong></span> <span class='ocrx_word' id='word_1_222' title='bbox 1975 1642 2110 1714; x_wconf 73' lang='grc' dir='ltr'>προς</span> <span class='ocrx_word' id='word_1_223' title='bbox 2143 1642 2343 1715; x_wconf 78' lang='grc' dir='ltr'>ὑλακὴν</span> <span class='ocrx_word' id='word_1_224' title='bbox 2383 1645 2780 1716; x_wconf 79' lang='grc' dir='ltr'>ἀναστήσαντος</span> <span class='ocrx_word' id='word_1_225' title='bbox 2800 1686 2814 1708; x_wconf 95' lang='grc'><strong>,</strong></span> <span class='ocrx_word' id='word_1_226' title='bbox 2858 1648 2950 1699; x_wconf 75' lang='grc' dir='ltr'><strong>καὶ</strong></span> <span class='ocrx_word' id='word_1_227' title='bbox 2983 1647 3209 1716; x_wconf 82' lang='grc' dir='ltr'>νεφέλας</span> <span class='ocrx_word' id='word_1_228' title='bbox 3258 1649 3426 1718; x_wconf 72' lang='grc' dir='ltr'>πυρὸς</span> 
     </span>
    </p>
   </div>
   <div class='ocr_carea' id='block_1_32' title="bbox 1852 1735 3421 1813">
    <p class='ocr_par' dir='ltr' id='par_1_32' title="bbox 1852 1735 3421 1813">
     <span class='ocr_line' id='line_1_32' title="bbox 1852 1735 3421 1813; baseline 0.003 -25"><span class='ocrx_word' id='word_1_229' title='bbox 1852 1739 1966 1799; x_wconf 86' lang='grc' dir='ltr'>τοῖς</span> <span class='ocrx_word' id='word_1_230' title='bbox 2019 1735 2286 1807; x_wconf 81' lang='grc' dir='ltr'>ἀρκτῴοις</span> <span class='ocrx_word' id='word_1_231' title='bbox 2340 1738 2709 1806; x_wconf 80' lang='grc' dir='ltr'>ἐπαγαγόντος</span> <span class='ocrx_word' id='word_1_232' title='bbox 2747 1740 3000 1811; x_wconf 77' lang='grc' dir='ltr'>μέρεσινο</span> <span class='ocrx_word' id='word_1_233' title='bbox 3049 1740 3106 1807; x_wconf 84' lang='grc' dir='ltr'>ἐξ</span> <span class='ocrx_word' id='word_1_234' title='bbox 3149 1737 3318 1813; x_wconf 74' lang='grc' dir='ltr'>οὗπερ</span> <span class='ocrx_word' id='word_1_235' title='bbox 3373 1745 3421 1793; x_wconf 86' lang='grc' dir='ltr'>οἱ</span> 
     </span>
    </p>
   </div>
   <div class='ocr_carea' id='block_1_33' title="bbox 165 1821 1747 1903">
    <p class='ocr_par' dir='ltr' id='par_1_33' title="bbox 165 1821 1747 1898">
     <span class='ocr_line' id='line_1_33' title="bbox 165 1821 1747 1898; baseline -0.004 -16"><span class='ocrx_word' id='word_1_236' title='bbox 165 1827 417 1898; x_wconf 82' lang='lat' dir='ltr'><strong>Namque</strong></span> <span class='ocrx_word' id='word_1_237' title='bbox 442 1827 576 1882; x_wconf 90' lang='lat' dir='ltr'><strong>illud</strong></span> <span class='ocrx_word' id='word_1_238' title='bbox 603 1826 792 1898; x_wconf 84' lang='grc' dir='ltr'>ῶσπερ</span> <span class='ocrx_word' id='word_1_239' title='bbox 814 1824 1054 1894; x_wconf 87' lang='grc' dir='ltr'>λέγεται,</span> <span class='ocrx_word' id='word_1_240' title='bbox 1086 1832 1141 1879; x_wconf 87' lang='lat' dir='ltr'><strong>et</strong></span> <span class='ocrx_word' id='word_1_241' title='bbox 1169 1837 1277 1877; x_wconf 90' lang='lat' dir='ltr'><strong>una</strong></span> <span class='ocrx_word' id='word_1_242' title='bbox 1299 1837 1512 1878; x_wconf 89' lang='lat' dir='ltr'><strong>mecum</strong></span> <span class='ocrx_word' id='word_1_243' title='bbox 1539 1821 1747 1878; x_wconf 81' lang='lat' dir='ltr'><strong>Aristo-</strong></span> 
     </span>
    </p>
   </div>
   <div class='ocr_carea' id='block_1_34' title="bbox 1854 1821 3426 1903">
    <p class='ocr_par' dir='ltr' id='par_1_34' title="bbox 1854 1826 3426 1903">
     <span class='ocr_line' id='line_1_34' title="bbox 1854 1826 3426 1903; baseline 0.004 -23"><span class='ocrx_word' id='word_1_244' title='bbox 1854 1826 2010 1898; x_wconf 81' lang='grc' dir='ltr'>δῆμοι</span> <span class='ocrx_word' id='word_1_245' title='bbox 2039 1827 2424 1900; x_wconf 83' lang='grc' dir='ltr'>διεγερθέντες,</span> <span class='ocrx_word' id='word_1_246' title='bbox 2452 1831 2544 1884; x_wconf 74' lang='grc' dir='ltr'><strong>καὶ</strong></span> <span class='ocrx_word' id='word_1_247' title='bbox 2586 1830 2800 1901; x_wconf 80' lang='grc' dir='ltr'>θερμῶς</span> <span class='ocrx_word' id='word_1_248' title='bbox 2835 1835 2946 1895; x_wconf 85' lang='grc' dir='ltr'>τοῖς</span> <span class='ocrx_word' id='word_1_249' title='bbox 2987 1831 3264 1903; x_wconf 87' lang='grc' dir='ltr'>πολεμίοις</span> <span class='ocrx_word' id='word_1_250' title='bbox 3305 1851 3426 1887; x_wconf 83' lang='grc' dir='ltr'>συν-</span> 
     </span>
    </p>
   </div>
   <div class='ocr_carea' id='block_1_35' title="bbox 165 1913 1750 1984">
    <p class='ocr_par' dir='ltr' id='par_1_35' title="bbox 165 1913 1750 1984">
     <span class='ocr_line' id='line_1_35' title="bbox 165 1913 1750 1984; baseline -0.004 -12"><span class='ocrx_word' id='word_1_251' title='bbox 165 1921 292 1975; x_wconf 91' lang='lat' dir='ltr'><strong>telis</strong></span> <span class='ocrx_word' id='word_1_252' title='bbox 312 1919 500 1984; x_wconf 82' lang='lat' dir='ltr'><strong>verba,</strong></span> <span class='ocrx_word' id='word_1_253' title='bbox 532 1919 718 1984; x_wconf 86' lang='lat' dir='ltr'><strong>lector,</strong></span> <span class='ocrx_word' id='word_1_254' title='bbox 744 1917 1051 1980; x_wconf 90' lang='lat' dir='ltr'><strong>considera,</strong></span> <span class='ocrx_word' id='word_1_255' title='bbox 1087 1931 1196 1970; x_wconf 89' lang='lat' dir='ltr'><strong>non</strong></span> <span class='ocrx_word' id='word_1_256' title='bbox 1228 1913 1462 1970; x_wconf 80' lang='lat' dir='ltr'><strong>refertur</strong></span> <span class='ocrx_word' id='word_1_257' title='bbox 1493 1913 1558 1968; x_wconf 90' lang='lat' dir='ltr'><strong>ad</strong></span> <span class='ocrx_word' id='word_1_258' title='bbox 1596 1913 1750 1968; x_wconf 81' lang='lat' dir='ltr'><strong>labu-</strong></span> 
     </span>
    </p>
   </div>
   <div class='ocr_carea' id='block_1_36' title="bbox 166 2005 1748 2082">
    <p class='ocr_par' dir='ltr' id='par_1_36' title="bbox 166 2005 1748 2082">
     <span class='ocr_line' id='line_1_36' title="bbox 166 2005 1748 2082; baseline -0.004 -16"><span class='ocrx_word' id='word_1_259' title='bbox 166 2013 296 2076; x_wconf 86' lang='lat' dir='ltr'><strong>lam,</strong></span> <span class='ocrx_word' id='word_1_260' title='bbox 349 2011 508 2082; x_wconf 90' lang='lat' dir='ltr'><strong>quasi</strong></span> <span class='ocrx_word' id='word_1_261' title='bbox 553 2010 684 2066; x_wconf 83' lang='lat' dir='ltr'><strong>velit</strong></span> <span class='ocrx_word' id='word_1_262' title='bbox 738 2009 1060 2065; x_wconf 85' lang='lat' dir='ltr'><strong>Aristoteles</strong></span> <span class='ocrx_word' id='word_1_263' title='bbox 1125 2022 1496 2080; x_wconf 61' lang='lat' dir='ltr'><strong>pygmaaorum</strong></span> <span class='ocrx_word' id='word_1_264' title='bbox 1546 2005 1748 2060; x_wconf 81' lang='lat' dir='ltr'><strong>famam</strong></span> 
     </span>
    </p>
   </div>
   <div class='ocr_carea' id='block_1_37' title="bbox 167 2097 1748 2174">
    <p class='ocr_par' dir='ltr' id='par_1_37' title="bbox 167 2097 1748 2174">
     <span class='ocr_line' id='line_1_37' title="bbox 167 2097 1748 2174; baseline -0.003 -16"><span class='ocrx_word' id='word_1_265' title='bbox 167 2121 279 2159; x_wconf 86' lang='lat' dir='ltr'><strong>non</strong></span> <span class='ocrx_word' id='word_1_266' title='bbox 307 2120 433 2160; x_wconf 89' lang='lat' dir='ltr'><strong>esse</strong></span> <span class='ocrx_word' id='word_1_267' title='bbox 466 2103 701 2158; x_wconf 81' lang='lat' dir='ltr'><strong>fabulam</strong></span> <span class='ocrx_word' id='word_1_268' title='bbox 733 2101 921 2174; x_wconf 82' lang='grc' dir='ltr'>ὥσπερ</span> <span class='ocrx_word' id='word_1_269' title='bbox 969 2100 1207 2168; x_wconf 89' lang='grc' dir='ltr'>λέγεται,</span> <span class='ocrx_word' id='word_1_270' title='bbox 1249 2098 1346 2154; x_wconf 88' lang='lat' dir='ltr'><strong>sed</strong></span> <span class='ocrx_word' id='word_1_271' title='bbox 1370 2097 1436 2152; x_wconf 87' lang='lat' dir='ltr'><strong>ad</strong></span> <span class='ocrx_word' id='word_1_272' title='bbox 1478 2113 1748 2170; x_wconf 66' lang='lat' dir='ltr'><strong>pygmaeos</strong></span> 
     </span>
    </p>
   </div>
   <div class='ocr_carea' id='block_1_38' title="bbox 167 2196 1747 2269">
    <p class='ocr_par' dir='ltr' id='par_1_38' title="bbox 167 2196 1747 2269">
     <span class='ocr_line' id='line_1_38' title="bbox 167 2196 1747 2269; baseline -0.002 -17"><span class='ocrx_word' id='word_1_273' title='bbox 167 2199 342 2268; x_wconf 88' lang='lat' dir='ltr'><strong>ipsos,</strong></span> <span class='ocrx_word' id='word_1_274' title='bbox 369 2197 463 2269; x_wconf 86' lang='lat' dir='ltr'><strong>qui</strong></span> <span class='ocrx_word' id='word_1_275' title='bbox 497 2206 556 2253; x_wconf 92' lang='lat' dir='ltr'><strong>ut</strong></span> <span class='ocrx_word' id='word_1_276' title='bbox 573 2198 853 2262; x_wconf 89' lang='lat' dir='ltr'><strong>dicuntur,</strong></span> <span class='ocrx_word' id='word_1_277' title='bbox 883 2196 1083 2266; x_wconf 84' lang='lat' dir='ltr'><strong>pusillo</strong></span> <span class='ocrx_word' id='word_1_278' title='bbox 1105 2203 1232 2250; x_wconf 85' lang='lat' dir='ltr'><strong>sunt</strong></span> <span class='ocrx_word' id='word_1_279' title='bbox 1262 2210 1480 2264; x_wconf 81' lang='lat' dir='ltr'><strong>genere,</strong></span> <span class='ocrx_word' id='word_1_280' title='bbox 1507 2209 1630 2248; x_wconf 89' lang='lat' dir='ltr'><strong>cum</strong></span> <span class='ocrx_word' id='word_1_281' title='bbox 1653 2209 1747 2249; x_wconf 88' lang='lat' dir='ltr'><strong>eos</strong></span> 
     </span>
    </p>
   </div>
   <div class='ocr_carea' id='block_1_39' title="bbox 168 2287 1750 2358">
    <p class='ocr_par' dir='ltr' id='par_1_39' title="bbox 168 2287 1750 2358">
     <span class='ocr_line' id='line_1_39' title="bbox 168 2287 1750 2358; baseline -0.003 -14"><span class='ocrx_word' id='word_1_282' title='bbox 168 2291 500 2347; x_wconf 81' lang='lat' dir='ltr'><strong>Aristoteles</strong></span> <span class='ocrx_word' id='word_1_283' title='bbox 526 2305 635 2346; x_wconf 93' lang='lat' dir='ltr'><strong>non</strong></span> <span class='ocrx_word' id='word_1_284' title='bbox 664 2288 880 2344; x_wconf 88' lang='lat' dir='ltr'><strong>viderit.</strong></span> <span class='ocrx_word' id='word_1_285' title='bbox 929 2287 1034 2342; x_wconf 86' lang='lat' dir='ltr'><strong>Sed</strong></span> <span class='ocrx_word' id='word_1_286' title='bbox 1084 2288 1206 2344; x_wconf 81' lang='lat' dir='ltr'><strong>vide</strong></span> <span class='ocrx_word' id='word_1_287' title='bbox 1246 2291 1538 2358; x_wconf 85' lang='lat' dir='ltr'><strong>pessimam</strong></span> <span class='ocrx_word' id='word_1_288' title='bbox 1575 2287 1750 2341; x_wconf 65' lang='lat' dir='ltr'><strong>homi-</strong></span> 
     </span>
    </p>
   </div>
   <div class='ocr_carea' id='block_1_40' title="bbox 170 2381 1749 2453">
    <p class='ocr_par' dir='ltr' id='par_1_40' title="bbox 170 2381 1749 2453">
     <span class='ocr_line' id='line_1_40' title="bbox 170 2381 1749 2453; baseline -0.001 -17"><span class='ocrx_word' id='word_1_289' title='bbox 170 2383 256 2436; x_wconf 89' lang='lat' dir='ltr'><strong>nis</strong></span> <span class='ocrx_word' id='word_1_290' title='bbox 290 2383 603 2448; x_wconf 80' lang='lat' dir='ltr'><strong>audaciam,</strong></span> <span class='ocrx_word' id='word_1_291' title='bbox 633 2389 798 2453; x_wconf 88' lang='lat' dir='ltr'><strong>atque</strong></span> <span class='ocrx_word' id='word_1_292' title='bbox 818 2382 1204 2446; x_wconf 84' lang='lat' dir='ltr'><strong>temeritatem,</strong></span> <span class='ocrx_word' id='word_1_293' title='bbox 1241 2381 1295 2435; x_wconf 91' lang='lat' dir='ltr'><strong>in</strong></span> <span class='ocrx_word' id='word_1_294' title='bbox 1337 2397 1436 2436; x_wconf 90' lang='lat' dir='ltr'><strong>sua</strong></span> <span class='ocrx_word' id='word_1_295' title='bbox 1484 2383 1749 2450; x_wconf 86' lang='lat' dir='ltr'><strong>interpre-</strong></span> 
     </span>
    </p>
   </div>
   <div class='ocr_carea' id='block_1_41' title="bbox 167 2471 1746 2544">
    <p class='ocr_par' dir='ltr' id='par_1_41' title="bbox 167 2471 1746 2544">
     <span class='ocr_line' id='line_1_41' title="bbox 167 2471 1746 2544; baseline -0.001 -18"><span class='ocrx_word' id='word_1_296' title='bbox 167 2475 380 2529; x_wconf 87' lang='lat' dir='ltr'><strong>tatione</strong></span> <span class='ocrx_word' id='word_1_297' title='bbox 411 2473 602 2528; x_wconf 87' lang='lat' dir='ltr'><strong>Latina</strong></span> <span class='ocrx_word' id='word_1_298' title='bbox 623 2473 807 2528; x_wconf 87' lang='lat' dir='ltr'><strong>omisit</strong></span> <span class='ocrx_word' id='word_1_299' title='bbox 833 2489 955 2544; x_wconf 82' lang='lat' dir='ltr'><strong>quae</strong></span> <span class='ocrx_word' id='word_1_300' title='bbox 979 2480 1173 2526; x_wconf 89' lang='lat' dir='ltr'><strong>contra</strong></span> <span class='ocrx_word' id='word_1_301' title='bbox 1207 2488 1266 2527; x_wconf 89' lang='lat' dir='ltr'><strong>se</strong></span> <span class='ocrx_word' id='word_1_302' title='bbox 1295 2473 1534 2526; x_wconf 85' lang='lat' dir='ltr'><strong>militare</strong></span> <span class='ocrx_word' id='word_1_303' title='bbox 1554 2471 1746 2527; x_wconf 82' lang='lat' dir='ltr'><strong>existi—</strong></span> 
     </span>
    </p>
   </div>
   <div class='ocr_carea' id='block_1_42' title="bbox 168 2563 1747 2634">
    <p class='ocr_par' dir='ltr' id='par_1_42' title="bbox 168 2563 1747 2634">
     <span class='ocr_line' id='line_1_42' title="bbox 168 2563 1747 2634; baseline -0.001 -16"><span class='ocrx_word' id='word_1_304' title='bbox 168 2565 378 2628; x_wconf 88' lang='lat' dir='ltr'><strong>mabat,</strong></span> <span class='ocrx_word' id='word_1_305' title='bbox 411 2574 466 2621; x_wconf 88' lang='lat' dir='ltr'><strong>et</strong></span> <span class='ocrx_word' id='word_1_306' title='bbox 487 2565 742 2632; x_wconf 82' lang='lat' dir='ltr'><strong>reddidit,</strong></span> <span class='ocrx_word' id='word_1_307' title='bbox 786 2563 867 2619; x_wconf 88' lang='lat' dir='ltr'><strong>Ea</strong></span> <span class='ocrx_word' id='word_1_308' title='bbox 903 2565 1018 2620; x_wconf 91' lang='lat' dir='ltr'><strong>loca</strong></span> <span class='ocrx_word' id='word_1_309' title='bbox 1051 2575 1174 2619; x_wconf 88' lang='lat' dir='ltr'><strong>sunt</strong></span> <span class='ocrx_word' id='word_1_310' title='bbox 1202 2581 1318 2634; x_wconf 73' lang='lat' dir='ltr'><strong>quae</strong></span> <span class='ocrx_word' id='word_1_311' title='bbox 1343 2565 1566 2634; x_wconf 72' lang='lat' dir='ltr'><strong>pygma&#39;i</strong></span> <span class='ocrx_word' id='word_1_312' title='bbox 1606 2567 1747 2616; x_wconf 81' lang='lat' dir='ltr'><strong>inco-</strong></span> 
     </span>
    </p>
   </div>
   <div class='ocr_carea' id='block_1_43' title="bbox 166 2657 1746 2729">
    <p class='ocr_par' dir='ltr' id='par_1_43' title="bbox 166 2657 1746 2729">
     <span class='ocr_line' id='line_1_43' title="bbox 166 2657 1746 2729; baseline -0.001 -20"><span class='ocrx_word' id='word_1_313' title='bbox 166 2659 285 2710; x_wconf 83' lang='lat' dir='ltr'><strong>lunt</strong></span> <span class='ocrx_word' id='word_1_314' title='bbox 319 2672 338 2710; x_wconf 89' lang='lat'><strong><em>:</em></strong></span> <span class='ocrx_word' id='word_1_315' title='bbox 373 2657 626 2726; x_wconf 84' lang='lat' dir='ltr'><strong>pusillum</strong></span> <span class='ocrx_word' id='word_1_316' title='bbox 688 2675 873 2729; x_wconf 87' lang='lat' dir='ltr'><strong>genus,</strong></span> <span class='ocrx_word' id='word_1_317' title='bbox 921 2667 980 2711; x_wconf 90' lang='lat' dir='ltr'><strong>ut</strong></span> <span class='ocrx_word' id='word_1_318' title='bbox 1017 2658 1166 2711; x_wconf 89' lang='lat' dir='ltr'><strong>aiunt</strong></span> <span class='ocrx_word' id='word_1_319' title='bbox 1201 2657 1325 2726; x_wconf 90' lang='lat' dir='ltr'><strong>ipsi,</strong></span> <span class='ocrx_word' id='word_1_320' title='bbox 1378 2666 1536 2726; x_wconf 88' lang='lat' dir='ltr'><strong>atque</strong></span> <span class='ocrx_word' id='word_1_321' title='bbox 1586 2657 1746 2710; x_wconf 85' lang='lat' dir='ltr'><strong>etiam</strong></span> 
     </span>
    </p>
   </div>
   <div class='ocr_carea' id='block_1_44' title="bbox 164 2747 1746 2821">
    <p class='ocr_par' dir='ltr' id='par_1_44' title="bbox 164 2747 1746 2821">
     <span class='ocr_line' id='line_1_44' title="bbox 164 2747 1746 2821; baseline -0.002 -17"><span class='ocrx_word' id='word_1_322' title='bbox 164 2752 328 2820; x_wconf 81' lang='lat' dir='ltr'><strong>equi:</strong></span> <span class='ocrx_word' id='word_1_323' title='bbox 362 2768 714 2821; x_wconf 84' lang='lat' dir='ltr'><strong>cavernasque</strong></span> <span class='ocrx_word' id='word_1_324' title='bbox 771 2752 1028 2806; x_wconf 83' lang='lat' dir='ltr'><strong>habitant.</strong></span> <span class='ocrx_word' id='word_1_325' title='bbox 1090 2749 1288 2807; x_wconf 78' lang='lat' dir='ltr'><strong>Hzecne</strong></span> <span class='ocrx_word' id='word_1_326' title='bbox 1327 2757 1430 2816; x_wconf 86' lang='lat' dir='ltr'><strong>est,</strong></span> <span class='ocrx_word' id='word_1_327' title='bbox 1482 2747 1746 2818; x_wconf 81' lang='lat' dir='ltr'><strong>Scaliger,</strong></span> 
     </span>
    </p>
   </div>
   <div class='ocr_carea' id='block_1_45' title="bbox 165 2842 1748 2916">
    <p class='ocr_par' dir='ltr' id='par_1_45' title="bbox 165 2842 1748 2916">
     <span class='ocr_line' id='line_1_45' title="bbox 165 2842 1748 2916; baseline -0.001 -21"><span class='ocrx_word' id='word_1_328' title='bbox 165 2858 319 2908; x_wconf 88' lang='lat' dir='ltr'><strong>vera,</strong></span> <span class='ocrx_word' id='word_1_329' title='bbox 357 2843 482 2909; x_wconf 85' lang='lat' dir='ltr'><strong>ﬁda,</strong></span> <span class='ocrx_word' id='word_1_330' title='bbox 508 2852 562 2898; x_wconf 92' lang='lat' dir='ltr'><strong>et</strong></span> <span class='ocrx_word' id='word_1_331' title='bbox 589 2858 753 2914; x_wconf 90' lang='lat' dir='ltr'><strong>quam</strong></span> <span class='ocrx_word' id='word_1_332' title='bbox 790 2844 846 2899; x_wconf 92' lang='lat' dir='ltr'><strong>in</strong></span> <span class='ocrx_word' id='word_1_333' title='bbox 875 2845 998 2900; x_wconf 89' lang='lat' dir='ltr'><strong>aliis</strong></span> <span class='ocrx_word' id='word_1_334' title='bbox 1026 2858 1137 2899; x_wconf 90' lang='lat' dir='ltr'><strong>non</strong></span> <span class='ocrx_word' id='word_1_335' title='bbox 1167 2842 1615 2916; x_wconf 86' lang='lat' dir='ltr'><strong>reprehenderes,</strong></span> <span class='ocrx_word' id='word_1_336' title='bbox 1664 2842 1748 2894; x_wconf 87' lang='lat' dir='ltr'><strong>in-</strong></span> 
     </span>
    </p>
   </div>
   <div class='ocr_carea' id='block_1_46' title="bbox 166 2936 1746 3007">
    <p class='ocr_par' dir='ltr' id='par_1_46' title="bbox 166 2936 1746 3007">
     <span class='ocr_line' id='line_1_46' title="bbox 166 2936 1746 3007; baseline 0.001 -19"><span class='ocrx_word' id='word_1_337' title='bbox 166 2936 525 3006; x_wconf 81' lang='lat' dir='ltr'><strong>terpretatio?</strong></span> <span class='ocrx_word' id='word_1_338' title='bbox 566 2936 830 2993; x_wconf 88' lang='lat' dir='ltr'><strong>Omitterc</strong></span> <span class='ocrx_word' id='word_1_339' title='bbox 881 2953 1002 3007; x_wconf 72' lang='lat' dir='ltr'><strong>qua:</strong></span> <span class='ocrx_word' id='word_1_340' title='bbox 1028 2945 1218 2992; x_wconf 88' lang='lat' dir='ltr'><strong>contra</strong></span> <span class='ocrx_word' id='word_1_341' title='bbox 1255 2947 1402 2991; x_wconf 91' lang='lat' dir='ltr'><strong>tuam</strong></span> <span class='ocrx_word' id='word_1_342' title='bbox 1437 2937 1746 3006; x_wconf 91' lang='lat' dir='ltr'><strong>opinionem</strong></span> 
     </span>
    </p>
   </div>
   <div class='ocr_carea' id='block_1_47' title="bbox 167 3026 1747 3100">
    <p class='ocr_par' dir='ltr' id='par_1_47' title="bbox 167 3026 1747 3100">
     <span class='ocr_line' id='line_1_47' title="bbox 167 3026 1747 3100; baseline 0 -21"><span class='ocrx_word' id='word_1_343' title='bbox 167 3026 418 3082; x_wconf 79' lang='lat' dir='ltr'><strong>faciunt?</strong></span> <span class='ocrx_word' id='word_1_344' title='bbox 443 3026 605 3083; x_wconf 83' lang='lat' dir='ltr'><strong>verba</strong></span> <span class='ocrx_word' id='word_1_345' title='bbox 634 3027 727 3082; x_wconf 88' lang='lat' dir='ltr'><strong>illa</strong></span> <span class='ocrx_word' id='word_1_346' title='bbox 753 3027 813 3080; x_wconf 83' lang='grc' dir='ltr'><strong>οὑ</strong></span> <span class='ocrx_word' id='word_1_347' title='bbox 835 3029 946 3098; x_wconf 80' lang='grc' dir='ltr'><strong>γάρ</strong></span> <span class='ocrx_word' id='word_1_348' title='bbox 975 3029 1092 3081; x_wconf 84' lang='grc' dir='ltr'>ἐστι</span> <span class='ocrx_word' id='word_1_349' title='bbox 1109 3029 1266 3083; x_wconf 79' lang='grc' dir='ltr'>τοῦτο</span> <span class='ocrx_word' id='word_1_350' title='bbox 1295 3027 1482 3100; x_wconf 75' lang='grc' dir='ltr'>μῦθος,</span> <span class='ocrx_word' id='word_1_351' title='bbox 1501 3027 1614 3080; x_wconf 78' lang='grc' dir='ltr'>ἀλλ’</span> <span class='ocrx_word' id='word_1_352' title='bbox 1634 3027 1747 3080; x_wconf 79' lang='grc' dir='ltr'>ἔστι</span> 
     </span>
    </p>
   </div>
   <div class='ocr_carea' id='block_1_48' title="bbox 166 3118 1745 3193">
    <p class='ocr_par' dir='ltr' id='par_1_48' title="bbox 166 3118 1745 3193">
     <span class='ocr_line' id='line_1_48' title="bbox 166 3118 1745 3193; baseline 0.003 -23"><span class='ocrx_word' id='word_1_353' title='bbox 166 3118 315 3173; x_wconf 74' lang='grc' dir='ltr'>κατὰ</span> <span class='ocrx_word' id='word_1_354' title='bbox 366 3119 464 3190; x_wconf 83' lang='grc' dir='ltr'>τὴν</span> <span class='ocrx_word' id='word_1_355' title='bbox 510 3118 788 3191; x_wconf 80' lang='grc' dir='ltr'>ἀλήθειαν,</span> <span class='ocrx_word' id='word_1_356' title='bbox 831 3118 1004 3176; x_wconf 79' lang='lat' dir='ltr'><strong>Sorex</strong></span> <span class='ocrx_word' id='word_1_357' title='bbox 1047 3122 1338 3193; x_wconf 86' lang='lat' dir='ltr'><strong>quispiam,</strong></span> <span class='ocrx_word' id='word_1_358' title='bbox 1397 3128 1457 3175; x_wconf 92' lang='lat' dir='ltr'><strong>ut</strong></span> <span class='ocrx_word' id='word_1_359' title='bbox 1485 3129 1637 3192; x_wconf 90' lang='lat' dir='ltr'><strong>puto,</strong></span> <span class='ocrx_word' id='word_1_360' title='bbox 1681 3137 1745 3175; x_wconf 83' lang='lat' dir='ltr'><strong>ex</strong></span> 
     </span>
    </p>
   </div>
   <div class='ocr_carea' id='block_1_49' title="bbox 165 3212 1746 3285">
    <p class='ocr_par' dir='ltr' id='par_1_49' title="bbox 165 3212 1746 3285">
     <span class='ocr_line' id='line_1_49' title="bbox 165 3212 1746 3285; baseline 0 -19"><span class='ocrx_word' id='word_1_361' title='bbox 165 3221 267 3268; x_wconf 93' lang='lat' dir='ltr'><strong>tuo</strong></span> <span class='ocrx_word' id='word_1_362' title='bbox 289 3213 590 3283; x_wconf 82' lang='lat' dir='ltr'><strong>exemplari</strong></span> <span class='ocrx_word' id='word_1_363' title='bbox 619 3214 808 3279; x_wconf 90' lang='lat' dir='ltr'><strong>erosit,</strong></span> <span class='ocrx_word' id='word_1_364' title='bbox 839 3214 1016 3269; x_wconf 90' lang='lat' dir='ltr'><strong>cuine</strong></span> <span class='ocrx_word' id='word_1_365' title='bbox 1049 3215 1294 3285; x_wconf 76' lang='lat' dir='ltr'><strong>ingratus</strong></span> <span class='ocrx_word' id='word_1_366' title='bbox 1318 3215 1463 3269; x_wconf 87' lang='lat' dir='ltr'><strong>vices</strong></span> <span class='ocrx_word' id='word_1_367' title='bbox 1484 3212 1746 3282; x_wconf 88' lang='lat' dir='ltr'><strong>repende-</strong></span> 
     </span>
    </p>
   </div>
   <div class='ocr_carea' id='block_1_50' title="bbox 165 3305 1746 3378">
    <p class='ocr_par' dir='ltr' id='par_1_50' title="bbox 165 3305 1746 3378">
     <span class='ocr_line' id='line_1_50' title="bbox 165 3305 1746 3378; baseline -0.001 -18"><span class='ocrx_word' id='word_1_368' title='bbox 165 3321 281 3372; x_wconf 87' lang='lat' dir='ltr'><strong>res,</strong></span> <span class='ocrx_word' id='word_1_369' title='bbox 322 3307 441 3361; x_wconf 56' lang='lat' dir='ltr'><strong>hac</strong></span> <span class='ocrx_word' id='word_1_370' title='bbox 475 3315 568 3362; x_wconf 91' lang='lat' dir='ltr'><strong>tua</strong></span> <span class='ocrx_word' id='word_1_371' title='bbox 599 3307 781 3377; x_wconf 86' lang='lat' dir='ltr'><strong>qualia</strong></span> <span class='ocrx_word' id='word_1_372' title='bbox 828 3308 1010 3377; x_wconf 86' lang='lat' dir='ltr'><strong>qualia</strong></span> <span class='ocrx_word' id='word_1_373' title='bbox 1067 3315 1196 3362; x_wconf 90' lang='lat' dir='ltr'><strong>sunt</strong></span> <span class='ocrx_word' id='word_1_374' title='bbox 1247 3308 1428 3378; x_wconf 90' lang='lat' dir='ltr'><strong>potius</strong></span> <span class='ocrx_word' id='word_1_375' title='bbox 1470 3305 1746 3361; x_wconf 89' lang='lat' dir='ltr'><strong>erodenda</strong></span> 
     </span>
    </p>
   </div>
   <div class='ocr_carea' id='block_1_51' title="bbox 164 3397 1748 3469">
    <p class='ocr_par' dir='ltr' id='par_1_51' title="bbox 164 3397 1748 3469">
     <span class='ocr_line' id='line_1_51' title="bbox 164 3397 1748 3469; baseline -0.001 -15"><span class='ocrx_word' id='word_1_376' title='bbox 164 3399 516 3454; x_wconf 88' lang='lat' dir='ltr'><strong>committere</strong></span> <span class='ocrx_word' id='word_1_377' title='bbox 543 3398 798 3456; x_wconf 90' lang='lat' dir='ltr'><strong>debuisti.</strong></span> <span class='ocrx_word' id='word_1_378' title='bbox 833 3398 940 3455; x_wconf 86' lang='lat' dir='ltr'><strong>Sed</strong></span> <span class='ocrx_word' id='word_1_379' title='bbox 965 3415 1027 3455; x_wconf 90' lang='lat' dir='ltr'><strong>ea</strong></span> <span class='ocrx_word' id='word_1_380' title='bbox 1051 3408 1273 3454; x_wconf 85' lang='lat' dir='ltr'><strong>manent</strong></span> <span class='ocrx_word' id='word_1_381' title='bbox 1294 3399 1480 3469; x_wconf 85' lang='lat' dir='ltr'><strong>pejora</strong></span> <span class='ocrx_word' id='word_1_382' title='bbox 1512 3397 1644 3452; x_wconf 82' lang='lat' dir='ltr'><strong>lata.</strong></span> <span class='ocrx_word' id='word_1_383' title='bbox 1672 3397 1748 3453; x_wconf 90' lang='lat' dir='ltr'><strong>Ite</strong></span> 
     </span>
    </p>
   </div>
   <div class='ocr_carea' id='block_1_52' title="bbox 166 3491 1746 3562">
    <p class='ocr_par' dir='ltr' id='par_1_52' title="bbox 166 3491 1746 3562">
     <span class='ocr_line' id='line_1_52' title="bbox 166 3491 1746 3562; baseline -0.001 -16"><span class='ocrx_word' id='word_1_384' title='bbox 166 3507 320 3546; x_wconf 86' lang='lat' dir='ltr'><strong>nunc</strong></span> <span class='ocrx_word' id='word_1_385' title='bbox 341 3491 543 3562; x_wconf 89' lang='lat' dir='ltr'><strong>quibus</strong></span> <span class='ocrx_word' id='word_1_386' title='bbox 570 3499 758 3548; x_wconf 89' lang='lat' dir='ltr'><strong>tantus</strong></span> <span class='ocrx_word' id='word_1_387' title='bbox 783 3491 945 3548; x_wconf 92' lang='lat' dir='ltr'><strong>homo</strong></span> <span class='ocrx_word' id='word_1_388' title='bbox 969 3493 1104 3548; x_wconf 91' lang='lat' dir='ltr'><strong>deus</strong></span> <span class='ocrx_word' id='word_1_389' title='bbox 1129 3498 1233 3557; x_wconf 90' lang='lat' dir='ltr'><strong>est,</strong></span> <span class='ocrx_word' id='word_1_390' title='bbox 1254 3498 1307 3546; x_wconf 92' lang='lat' dir='ltr'><strong>et</strong></span> <span class='ocrx_word' id='word_1_391' title='bbox 1334 3491 1453 3561; x_wconf 88' lang='lat' dir='ltr'><strong>ejus</strong></span> <span class='ocrx_word' id='word_1_392' title='bbox 1479 3491 1746 3560; x_wconf 89' lang='lat' dir='ltr'><strong>interpre-</strong></span> 
     </span>
    </p>
   </div>
   <div class='ocr_carea' id='block_1_53' title="bbox 165 3582 1750 3650">
    <p class='ocr_par' dir='ltr' id='par_1_53' title="bbox 165 3582 1750 3650">
     <span class='ocr_line' id='line_1_53' title="bbox 165 3582 1750 3650; baseline -0.001 -12"><span class='ocrx_word' id='word_1_393' title='bbox 165 3585 498 3650; x_wconf 89' lang='lat' dir='ltr'><strong>tationibus,</strong></span> <span class='ocrx_word' id='word_1_394' title='bbox 529 3599 592 3639; x_wconf 92' lang='lat' dir='ltr'><strong>ac</strong></span> <span class='ocrx_word' id='word_1_395' title='bbox 620 3585 907 3640; x_wconf 88' lang='lat' dir='ltr'><strong>sententiis</strong></span> <span class='ocrx_word' id='word_1_396' title='bbox 939 3593 1174 3640; x_wconf 89' lang='lat' dir='ltr'><strong>mentem</strong></span> <span class='ocrx_word' id='word_1_397' title='bbox 1205 3583 1410 3639; x_wconf 83' lang='lat' dir='ltr'><strong>inﬂate.</strong></span> <span class='ocrx_word' id='word_1_398' title='bbox 1442 3582 1548 3638; x_wconf 89' lang='lat' dir='ltr'><strong>Sed</strong></span> <span class='ocrx_word' id='word_1_399' title='bbox 1574 3583 1750 3637; x_wconf 90' lang='lat' dir='ltr'><strong>dehis</strong></span> 
     </span>
    </p>
   </div>
   <div class='ocr_carea' id='block_1_54' title="bbox 165 3674 1748 3748">
    <p class='ocr_par' dir='ltr' id='par_1_54' title="bbox 165 3674 1748 3748">
     <span class='ocr_line' id='line_1_54' title="bbox 165 3674 1748 3748; baseline 0 -19"><span class='ocrx_word' id='word_1_400' title='bbox 165 3677 341 3732; x_wconf 81' lang='lat' dir='ltr'><strong>latius</strong></span> <span class='ocrx_word' id='word_1_401' title='bbox 377 3691 600 3748; x_wconf 79' lang='lat' dir='ltr'><strong>agemus</strong></span> <span class='ocrx_word' id='word_1_402' title='bbox 624 3678 679 3732; x_wconf 90' lang='lat' dir='ltr'><strong>in</strong></span> <span class='ocrx_word' id='word_1_403' title='bbox 711 3687 901 3733; x_wconf 88' lang='lat' dir='ltr'><strong>nostro</strong></span> <span class='ocrx_word' id='word_1_404' title='bbox 923 3675 1159 3733; x_wconf 84' lang='lat' dir='ltr'><strong>Homero</strong></span> <span class='ocrx_word' id='word_1_405' title='bbox 1184 3692 1213 3730; x_wconf 88' lang='lat' dir='ltr'><strong>a</strong></span> <span class='ocrx_word' id='word_1_406' title='bbox 1245 3675 1536 3731; x_wconf 85' lang='lat' dir='ltr'><strong>calumniis</strong></span> <span class='ocrx_word' id='word_1_407' title='bbox 1567 3674 1748 3729; x_wconf 85' lang='lat' dir='ltr'><strong>vindi-</strong></span> 
     </span>
    </p>
   </div>
   <div class='ocr_carea' id='block_1_55' title="bbox 167 3776 320 3824">
    <p class='ocr_par' dir='ltr' id='par_1_55' title="bbox 167 3776 320 3824">
     <span class='ocr_line' id='line_1_55' title="bbox 167 3776 320 3824; baseline -0.013 0"><span class='ocrx_word' id='word_1_408' title='bbox 167 3776 320 3824; x_wconf 86' lang='lat' dir='ltr'><strong>cato.</strong></span> 
     </span>
    </p>
   </div>
   <div class='ocr_carea' id='block_1_56' title="bbox 239 3858 1743 3932">
    <p class='ocr_par' dir='ltr' id='par_1_56' title="bbox 239 3858 1743 3932">
     <span class='ocr_line' id='line_1_56' title="bbox 239 3858 1743 3932; baseline -0.003 -16"><span class='ocrx_word' id='word_1_409' title='bbox 239 3860 411 3926; x_wconf 90' lang='lat' dir='ltr'><strong>lbid.,</strong></span> <span class='ocrx_word' id='word_1_410' title='bbox 463 3861 558 3915; x_wconf 92' lang='lat' dir='ltr'><strong>lin.</strong></span> <span class='ocrx_word' id='word_1_411' title='bbox 613 3860 666 3915; x_wconf 84' lang='lat'><strong>6.</strong></span> <span class='ocrx_word' id='word_1_412' title='bbox 731 3861 799 3915; x_wconf 83' lang='grc' dir='ltr'><strong><em>Τὸ</em></strong></span> <span class='ocrx_word' id='word_1_413' title='bbox 851 3860 919 3914; x_wconf 81' lang='grc' dir='ltr'><strong>δὲ</strong></span> <span class='ocrx_word' id='word_1_414' title='bbox 971 3859 1171 3932; x_wconf 70' lang='grc' dir='ltr'>γηνῶν</span> <span class='ocrx_word' id='word_1_415' title='bbox 1225 3859 1420 3931; x_wconf 78' lang='grc' dir='ltr'>γένος.</span> <span class='ocrx_word' id='word_1_416' title='bbox 1485 3858 1743 3924; x_wconf 87' lang='lat' dir='ltr'><strong>Basilius,</strong></span> 
     </span>
    </p>
   </div>
   <div class='ocr_carea' id='block_1_57' title="bbox 165 3951 1748 4024">
    <p class='ocr_par' dir='ltr' id='par_1_57' title="bbox 165 3951 1748 4024">
     <span class='ocr_line' id='line_1_57' title="bbox 165 3951 1748 4024; baseline -0.003 -16"><span class='ocrx_word' id='word_1_417' title='bbox 165 3954 320 4008; x_wconf 81' lang='lat' dir='ltr'><strong>hom.</strong></span> <span class='ocrx_word' id='word_1_418' title='bbox 351 3951 404 4017; x_wconf 89' lang='lat'><strong>8,</strong></span> <span class='ocrx_word' id='word_1_419' title='bbox 441 3952 562 4016; x_wconf 85' lang='grc' dir='ltr'>Πῶς</span> <span class='ocrx_word' id='word_1_420' title='bbox 586 3953 882 4024; x_wconf 77' lang='grc' dir='ltr'>’ἄγρυπνον</span> <span class='ocrx_word' id='word_1_421' title='bbox 929 3953 991 4006; x_wconf 78' lang='grc' dir='ltr'><strong>τὸ</strong></span> <span class='ocrx_word' id='word_1_422' title='bbox 1037 3951 1146 4006; x_wconf 86' lang='grc' dir='ltr'><strong>τῶν</strong></span> <span class='ocrx_word' id='word_1_423' title='bbox 1189 3953 1370 4024; x_wconf 88' lang='grc' dir='ltr'>γηνῶν</span> <span class='ocrx_word' id='word_1_424' title='bbox 1427 3951 1605 4020; x_wconf 81' lang='grc' dir='ltr'>γένος,</span> <span class='ocrx_word' id='word_1_425' title='bbox 1654 3952 1748 4004; x_wconf 75' lang='grc' dir='ltr'><strong>καὶ</strong></span> 
     </span>
    </p>
   </div>
   <div class='ocr_carea' id='block_1_58' title="bbox 165 4041 1748 4117">
    <p class='ocr_par' dir='ltr' id='par_1_58' title="bbox 165 4041 1748 4117">
     <span class='ocr_line' id='line_1_58' title="bbox 165 4041 1748 4117; baseline -0.003 -20"><span class='ocrx_word' id='word_1_426' title='bbox 165 4042 310 4117; x_wconf 80' lang='grc' dir='ltr'>πρὸς</span> <span class='ocrx_word' id='word_1_427' title='bbox 331 4043 432 4115; x_wconf 81' lang='grc' dir='ltr'>τὴν</span> <span class='ocrx_word' id='word_1_428' title='bbox 453 4045 559 4098; x_wconf 86' lang='grc' dir='ltr'><strong>τῶν</strong></span> <span class='ocrx_word' id='word_1_429' title='bbox 583 4043 953 4098; x_wconf 80' lang='grc' dir='ltr'>λανθανόντων</span> <span class='ocrx_word' id='word_1_430' title='bbox 981 4042 1234 4113; x_wconf 75' lang='grc' dir='ltr'>αἴσθησιν</span> <span class='ocrx_word' id='word_1_431' title='bbox 1273 4041 1554 4108; x_wconf 76' lang='grc' dir='ltr'>ὀξύτατον.</span> <span class='ocrx_word' id='word_1_432' title='bbox 1590 4041 1657 4094; x_wconf 81' lang='grc' dir='ltr'><strong>Οἵ</strong></span> <span class='ocrx_word' id='word_1_433' title='bbox 1684 4041 1748 4108; x_wconf 83' lang='grc' dir='ltr'><strong>γέ</strong></span> 
     </span>
    </p>
   </div>
   <div class='ocr_carea' id='block_1_59' title="bbox 165 4130 1752 4206">
    <p class='ocr_par' dir='ltr' id='par_1_59' title="bbox 165 4130 1752 4206">
     <span class='ocr_line' id='line_1_59' title="bbox 165 4130 1752 4206; baseline -0.006 -17"><span class='ocrx_word' id='word_1_434' title='bbox 165 4153 304 4189; x_wconf 81' lang='grc' dir='ltr'>ποτε</span> <span class='ocrx_word' id='word_1_435' title='bbox 338 4135 434 4188; x_wconf 74' lang='grc' dir='ltr'><strong>καὶ</strong></span> <span class='ocrx_word' id='word_1_436' title='bbox 479 4134 575 4206; x_wconf 76' lang='grc' dir='ltr'>τὴν</span> <span class='ocrx_word' id='word_1_437' title='bbox 626 4133 868 4204; x_wconf 84' lang='grc' dir='ltr'>βασιλίδα</span> <span class='ocrx_word' id='word_1_438' title='bbox 909 4132 1060 4186; x_wconf 78' lang='grc' dir='ltr'>πόλιν</span> <span class='ocrx_word' id='word_1_439' title='bbox 1107 4130 1532 4204; x_wconf 81' lang='grc' dir='ltr'>περιεσώσαντο,</span> <span class='ocrx_word' id='word_1_440' title='bbox 1599 4130 1752 4182; x_wconf 84' lang='grc' dir='ltr'>πολε-</span> 
     </span>
    </p>
   </div>
   <div class='ocr_carea' id='block_1_60' title="bbox 167 4223 1750 4300">
    <p class='ocr_par' dir='ltr' id='par_1_60' title="bbox 167 4223 1750 4300">
     <span class='ocr_line' id='line_1_60' title="bbox 167 4223 1750 4300; baseline -0.004 -19"><span class='ocrx_word' id='word_1_441' title='bbox 167 4229 332 4300; x_wconf 86' lang='grc' dir='ltr'>μίους</span> <span class='ocrx_word' id='word_1_442' title='bbox 365 4228 513 4291; x_wconf 74' lang='grc' dir='ltr'>τινὰς</span> <span class='ocrx_word' id='word_1_443' title='bbox 537 4229 780 4296; x_wconf 79' lang='grc' dir='ltr'>ἀφανεῖς,</span> <span class='ocrx_word' id='word_1_444' title='bbox 811 4227 854 4294; x_wconf 64' lang='grc' dir='ltr'>δῖ</span> <span class='ocrx_word' id='word_1_445' title='bbox 880 4227 1166 4297; x_wconf 82' lang='grc' dir='ltr'>ὑπονόμων</span> <span class='ocrx_word' id='word_1_446' title='bbox 1209 4223 1433 4293; x_wconf 76' lang='grc' dir='ltr'>ἀφανῶν</span> <span class='ocrx_word' id='word_1_447' title='bbox 1481 4224 1581 4294; x_wconf 74' lang='grc' dir='ltr'><strong>ἤδη</strong></span> <span class='ocrx_word' id='word_1_448' title='bbox 1626 4223 1750 4294; x_wconf 84' lang='grc' dir='ltr'><strong>μὲλ-</strong></span> 
     </span>
    </p>
   </div>
   <div class='ocr_carea' id='block_1_61' title="bbox 159 4315 1748 4392">
    <p class='ocr_par' dir='ltr' id='par_1_61' title="bbox 159 4315 1748 4392">
     <span class='ocr_line' id='line_1_61' title="bbox 159 4315 1748 4392; baseline -0.005 -18"><span class='ocrx_word' id='word_1_449' title='bbox 159 4324 365 4384; x_wconf 69' lang='grc' dir='ltr'>λοντας</span> <span class='ocrx_word' id='word_1_450' title='bbox 404 4321 502 4391; x_wconf 82' lang='grc' dir='ltr'>τὴν</span> <span class='ocrx_word' id='word_1_451' title='bbox 530 4321 706 4390; x_wconf 84' lang='grc' dir='ltr'>ἄκραν</span> <span class='ocrx_word' id='word_1_452' title='bbox 736 4320 836 4390; x_wconf 87' lang='grc' dir='ltr'><strong>τῆς</strong></span> <span class='ocrx_word' id='word_1_453' title='bbox 870 4319 1060 4392; x_wconf 74' lang='grc' dir='ltr'>ῥώμης</span> <span class='ocrx_word' id='word_1_454' title='bbox 1089 4315 1530 4388; x_wconf 78' lang='grc' dir='ltr'>καταλαμϐάνειν</span> <span class='ocrx_word' id='word_1_455' title='bbox 1581 4332 1748 4368; x_wconf 84' lang='grc' dir='ltr'>κατα-</span> 
     </span>
    </p>
   </div>
   <div class='ocr_carea' id='block_1_62' title="bbox 166 4407 1751 4487">
    <p class='ocr_par' dir='ltr' id='par_1_62' title="bbox 166 4407 1751 4487">
     <span class='ocr_line' id='line_1_62' title="bbox 166 4407 1751 4487; baseline -0.004 -22"><span class='ocrx_word' id='word_1_456' title='bbox 166 4412 533 4487; x_wconf 80' lang='grc' dir='ltr'>μηνύσαντες.</span> <span class='ocrx_word' id='word_1_457' title='bbox 555 4413 622 4468; x_wconf 85' lang='grc' dir='ltr'>Ει</span> <span class='ocrx_word' id='word_1_458' title='bbox 644 4412 872 4478; x_wconf 84' lang='lat' dir='ltr'><strong>Plinius,</strong></span> <span class='ocrx_word' id='word_1_459' title='bbox 902 4413 996 4466; x_wconf 88' lang='lat' dir='ltr'><strong>lib.</strong></span> <span class='ocrx_word' id='word_1_460' title='bbox 1030 4429 1084 4477; x_wconf 65' lang='grc' dir='ltr'>Χ,</span> <span class='ocrx_word' id='word_1_461' title='bbox 1119 4427 1239 4482; x_wconf 89' lang='lat' dir='ltr'><strong>cap.</strong></span> <span class='ocrx_word' id='word_1_462' title='bbox 1275 4409 1366 4475; x_wconf 70' lang='grc'><strong>22,</strong></span> <span class='ocrx_word' id='word_1_463' title='bbox 1402 4407 1499 4462; x_wconf 88' lang='lat' dir='ltr'><strong>Est</strong></span> <span class='ocrx_word' id='word_1_464' title='bbox 1520 4417 1569 4461; x_wconf 86' lang='lat' dir='ltr'><strong>et</strong></span> <span class='ocrx_word' id='word_1_465' title='bbox 1595 4423 1751 4461; x_wconf 85' lang='lat' dir='ltr'><strong>anse-</strong></span> 
     </span>
    </p>
   </div>
   <div class='ocr_carea' id='block_1_63' title="bbox 163 4499 2080 4597">
    <p class='ocr_par' dir='ltr' id='par_1_63' title="bbox 163 4499 2080 4597">
     <span class='ocr_line' id='line_1_63' title="bbox 163 4499 2080 4597; baseline 0.001 -39"><span class='ocrx_word' id='word_1_466' title='bbox 163 4507 215 4559; x_wconf 87' lang='lat' dir='ltr'><strong>ri</strong></span> <span class='ocrx_word' id='word_1_467' title='bbox 244 4505 374 4575; x_wconf 75' lang='lat' dir='ltr'><strong>vigil</strong></span> <span class='ocrx_word' id='word_1_468' title='bbox 403 4521 564 4569; x_wconf 84' lang='lat' dir='ltr'><strong>cura;</strong></span> <span class='ocrx_word' id='word_1_469' title='bbox 589 4512 642 4559; x_wconf 89' lang='lat' dir='ltr'><strong>et</strong></span> <span class='ocrx_word' id='word_1_470' title='bbox 671 4504 935 4570; x_wconf 88' lang='lat' dir='ltr'><strong>Isidorus,</strong></span> <span class='ocrx_word' id='word_1_471' title='bbox 976 4504 1070 4558; x_wconf 91' lang='lat' dir='ltr'><strong>lib.</strong></span> <span class='ocrx_word' id='word_1_472' title='bbox 1097 4519 1194 4569; x_wconf 81' lang='lat' dir='ltr'><strong>xu,</strong></span> <span class='ocrx_word' id='word_1_473' title='bbox 1229 4517 1350 4573; x_wconf 89' lang='lat' dir='ltr'><strong>cap.</strong></span> <span class='ocrx_word' id='word_1_474' title='bbox 1378 4502 1430 4566; x_wconf 88' lang='lat'><strong>7,</strong></span> <span class='ocrx_word' id='word_1_475' title='bbox 1463 4499 1576 4554; x_wconf 83' lang='lat' dir='ltr'><strong>Iste</strong></span> <span class='ocrx_word' id='word_1_476' title='bbox 1609 4500 1740 4570; x_wconf 83' lang='lat' dir='ltr'><strong>vigi-</strong></span> <span class='ocrx_word' id='word_1_477' title='bbox 1779 4519 1820 4572; x_wconf 77' lang='grc' dir='ltr'><strong>ι)</strong></span> <span class='ocrx_word' id='word_1_478' title='bbox 1851 4533 2080 4597; x_wconf 56' lang='lat' dir='ltr'><strong>Minius,</strong></span> 
     </span>
    </p>
   </div>
   <div class='ocr_carea' id='block_1_64' title="bbox 163 4596 1384 4667">
    <p class='ocr_par' dir='ltr' id='par_1_64' title="bbox 163 4596 1384 4667">
     <span class='ocr_line' id='line_1_64' title="bbox 163 4596 1384 4667; baseline -0.003 -17"><span class='ocrx_word' id='word_1_479' title='bbox 163 4599 274 4652; x_wconf 84' lang='lat' dir='ltr'><strong>lias</strong></span> <span class='ocrx_word' id='word_1_480' title='bbox 301 4599 473 4650; x_wconf 88' lang='lat' dir='ltr'><strong>noctis</strong></span> <span class='ocrx_word' id='word_1_481' title='bbox 504 4596 816 4651; x_wconf 74' lang='lat' dir='ltr'><strong>assiduitate</strong></span> <span class='ocrx_word' id='word_1_482' title='bbox 841 4596 1107 4667; x_wconf 88' lang='lat' dir='ltr'><strong>clangoris</strong></span> <span class='ocrx_word' id='word_1_483' title='bbox 1135 4605 1384 4649; x_wconf 77' lang='lat' dir='ltr'><strong>testatur.</strong></span> 
     </span>
    </p>
   </div>
   <div class='ocr_carea' id='block_1_65' title="bbox 236 4685 1746 4758">
    <p class='ocr_par' dir='ltr' id='par_1_65' title="bbox 236 4685 1746 4758">
     <span class='ocr_line' id='line_1_65' title="bbox 236 4685 1746 4758; baseline -0.001 -16"><span class='ocrx_word' id='word_1_484' title='bbox 236 4687 402 4750; x_wconf 89' lang='lat' dir='ltr'><strong>lbid.,</strong></span> <span class='ocrx_word' id='word_1_485' title='bbox 452 4687 546 4742; x_wconf 92' lang='lat' dir='ltr'><strong>lin.</strong></span> <span class='ocrx_word' id='word_1_486' title='bbox 607 4689 660 4743; x_wconf 90' lang='lat'><strong>8.</strong></span> <span class='ocrx_word' id='word_1_487' title='bbox 711 4688 874 4742; x_wconf 81' lang='grc' dir='ltr'>Οὕτω</span> <span class='ocrx_word' id='word_1_488' title='bbox 917 4689 1066 4758; x_wconf 77' lang='grc' dir='ltr'>γοῦν</span> <span class='ocrx_word' id='word_1_489' title='bbox 1109 4688 1429 4758; x_wconf 78' lang='grc' dir='ltr'>πολεμίων.</span> <span class='ocrx_word' id='word_1_490' title='bbox 1482 4685 1746 4752; x_wconf 85' lang='lat' dir='ltr'><strong>Isidorus,</strong></span> 
     </span>
    </p>
   </div>
   <div class='ocr_carea' id='block_1_66' title="bbox 162 4780 1749 4840">
    <p class='ocr_par' dir='ltr' id='par_1_66' title="bbox 162 4780 1749 4840">
     <span class='ocr_line' id='line_1_66' title="bbox 162 4780 1749 4840; baseline -0.004 0"><span class='ocrx_word' id='word_1_491' title='bbox 162 4787 292 4840; x_wconf 88' lang='lat' dir='ltr'><strong>loco</strong></span> <span class='ocrx_word' id='word_1_492' title='bbox 326 4784 477 4838; x_wconf 87' lang='lat' dir='ltr'><strong>dicto</strong></span> <span class='ocrx_word' id='word_1_493' title='bbox 506 4801 518 4837; x_wconf 88' lang='lat'><strong>:</strong></span> <span class='ocrx_word' id='word_1_494' title='bbox 555 4780 778 4836; x_wconf 88' lang='lat' dir='ltr'><strong>Nullum</strong></span> <span class='ocrx_word' id='word_1_495' title='bbox 807 4792 983 4836; x_wconf 82' lang='lat' dir='ltr'><strong>autent</strong></span> <span class='ocrx_word' id='word_1_496' title='bbox 1011 4782 1214 4838; x_wconf 88' lang='lat' dir='ltr'><strong>animal</strong></span> <span class='ocrx_word' id='word_1_497' title='bbox 1242 4785 1318 4835; x_wconf 89' lang='lat' dir='ltr'><strong>ita</strong></span> <span class='ocrx_word' id='word_1_498' title='bbox 1344 4780 1555 4834; x_wconf 85' lang='lat' dir='ltr'><strong>odorem</strong></span> <span class='ocrx_word' id='word_1_499' title='bbox 1583 4781 1749 4835; x_wconf 80' lang='lat' dir='ltr'><strong>homi-</strong></span> 
     </span>
    </p>
   </div>
   <div class='ocr_carea' id='block_1_67' title="bbox 162 4871 1748 4945">
    <p class='ocr_par' dir='ltr' id='par_1_67' title="bbox 162 4871 1748 4945">
     <span class='ocr_line' id='line_1_67' title="bbox 162 4871 1748 4945; baseline -0.004 -13"><span class='ocrx_word' id='word_1_500' title='bbox 162 4881 252 4932; x_wconf 85' lang='lat' dir='ltr'><strong>nis</strong></span> <span class='ocrx_word' id='word_1_501' title='bbox 276 4879 436 4932; x_wconf 81' lang='lat' dir='ltr'><strong>sentit</strong></span> <span class='ocrx_word' id='word_1_502' title='bbox 470 4887 526 4929; x_wconf 91' lang='lat' dir='ltr'><strong>ut</strong></span> <span class='ocrx_word' id='word_1_503' title='bbox 563 4893 718 4931; x_wconf 83' lang='lat' dir='ltr'><strong>anser</strong></span> <span class='ocrx_word' id='word_1_504' title='bbox 741 4893 759 4930; x_wconf 78' lang='lat'><strong>.&#39;</strong></span> <span class='ocrx_word' id='word_1_505' title='bbox 801 4876 939 4930; x_wconf 86' lang='lat' dir='ltr'><strong>unde</strong></span> <span class='ocrx_word' id='word_1_506' title='bbox 965 4885 1014 4929; x_wconf 86' lang='lat' dir='ltr'><strong>et</strong></span> <span class='ocrx_word' id='word_1_507' title='bbox 1053 4875 1296 4945; x_wconf 86' lang='lat' dir='ltr'><strong>clangore</strong></span> <span class='ocrx_word' id='word_1_508' title='bbox 1328 4874 1440 4942; x_wconf 85' lang='lat' dir='ltr'><strong>ejus</strong></span> <span class='ocrx_word' id='word_1_509' title='bbox 1473 4871 1748 4926; x_wconf 80' lang='lat' dir='ltr'><strong>Gallorum</strong></span> 
     </span>
    </p>
   </div>
   <div class='ocr_carea' id='block_1_68' title="bbox 163 4965 1750 5041">
    <p class='ocr_par' dir='ltr' id='par_1_68' title="bbox 163 4965 1750 5041">
     <span class='ocr_line' id='line_1_68' title="bbox 163 4965 1750 5041; baseline -0.006 -12"><span class='ocrx_word' id='word_1_510' title='bbox 163 4989 420 5029; x_wconf 84' lang='lat' dir='ltr'><strong>ascensus</strong></span> <span class='ocrx_word' id='word_1_511' title='bbox 457 4973 506 5023; x_wconf 90' lang='lat' dir='ltr'><strong>in</strong></span> <span class='ocrx_word' id='word_1_512' title='bbox 532 4969 791 5041; x_wconf 86' lang='lat' dir='ltr'><strong>Capitolio</strong></span> <span class='ocrx_word' id='word_1_513' title='bbox 822 4968 1166 5037; x_wconf 84' lang='lat' dir='ltr'><strong>deprehensus</strong></span> <span class='ocrx_word' id='word_1_514' title='bbox 1192 4975 1289 5021; x_wconf 85' lang='lat' dir='ltr'><strong>est.</strong></span> <span class='ocrx_word' id='word_1_515' title='bbox 1322 4965 1562 5021; x_wconf 78' lang='lat' dir='ltr'><strong>Meminit</strong></span> <span class='ocrx_word' id='word_1_516' title='bbox 1587 4965 1750 5034; x_wconf 86' lang='lat' dir='ltr'><strong>hujus</strong></span> 
     </span>
    </p>
   </div>
   <div class='ocr_carea' id='block_1_69' title="bbox 162 5055 1746 5128">
    <p class='ocr_par' dir='ltr' id='par_1_69' title="bbox 162 5055 1746 5128">
     <span class='ocr_line' id='line_1_69' title="bbox 162 5055 1746 5128; baseline -0.006 -10"><span class='ocrx_word' id='word_1_517' title='bbox 162 5063 416 5118; x_wconf 68' lang='lat' dir='ltr'><strong>historia:</strong></span> <span class='ocrx_word' id='word_1_518' title='bbox 447 5059 675 5126; x_wconf 89' lang='lat' dir='ltr'><strong>Plinius,</strong></span> <span class='ocrx_word' id='word_1_519' title='bbox 709 5060 802 5112; x_wconf 93' lang='lat' dir='ltr'><strong>lib.</strong></span> <span class='ocrx_word' id='word_1_520' title='bbox 835 5075 890 5125; x_wconf 68' lang='grc' dir='ltr'><strong>ι,</strong></span> <span class='ocrx_word' id='word_1_521' title='bbox 921 5072 1040 5128; x_wconf 88' lang='lat' dir='ltr'><strong>cap.</strong></span> <span class='ocrx_word' id='word_1_522' title='bbox 1090 5057 1182 5118; x_wconf 71' lang='grc'>22,</span> <span class='ocrx_word' id='word_1_523' title='bbox 1215 5063 1268 5112; x_wconf 89' lang='lat' dir='ltr'><strong>et</strong></span> <span class='ocrx_word' id='word_1_524' title='bbox 1316 5055 1409 5110; x_wconf 90' lang='lat' dir='ltr'><strong>lib.</strong></span> <span class='ocrx_word' id='word_1_525' title='bbox 1445 5070 1595 5118; x_wconf 76' lang='lat' dir='ltr'><strong>xxtx,</strong></span> <span class='ocrx_word' id='word_1_526' title='bbox 1629 5071 1746 5125; x_wconf 86' lang='lat' dir='ltr'><strong>cap.</strong></span> 
     </span>
    </p>
   </div>
   <div class='ocr_carea' id='block_1_70' title="bbox 161 5149 1747 5220">
    <p class='ocr_par' dir='ltr' id='par_1_70' title="bbox 161 5149 1747 5220">
     <span class='ocr_line' id='line_1_70' title="bbox 161 5149 1747 5220; baseline -0.006 -9"><span class='ocrx_word' id='word_1_527' title='bbox 161 5157 217 5219; x_wconf 78' lang='lat'><strong>3,</strong></span> <span class='ocrx_word' id='word_1_528' title='bbox 256 5170 474 5211; x_wconf 87' lang='lat' dir='ltr'><strong>necnon</strong></span> <span class='ocrx_word' id='word_1_529' title='bbox 503 5155 664 5208; x_wconf 88' lang='lat' dir='ltr'><strong>etiam</strong></span> <span class='ocrx_word' id='word_1_530' title='bbox 708 5152 954 5215; x_wconf 87' lang='lat' dir='ltr'><strong>honoris,</strong></span> <span class='ocrx_word' id='word_1_531' title='bbox 982 5164 1145 5220; x_wconf 75' lang='lat' dir='ltr'><strong>Quem</strong></span> <span class='ocrx_word' id='word_1_532' title='bbox 1175 5163 1445 5211; x_wconf 87' lang='lat' dir='ltr'><strong>meruere,</strong></span> <span class='ocrx_word' id='word_1_533' title='bbox 1475 5149 1747 5218; x_wconf 89' lang='lat' dir='ltr'><strong>quomodo</strong></span> 
     </span>
    </p>
   </div>
   <div class='ocr_carea' id='block_1_71' title="bbox 162 5226 1750 5305">
    <p class='ocr_par' dir='ltr' id='par_1_71' title="bbox 162 5226 1750 5305">
     <span class='ocr_line' id='line_1_71' title="bbox 162 5226 1750 5305; baseline -0.008 -3"><span class='ocrx_word' id='word_1_534' title='bbox 162 5256 353 5302; x_wconf 85' lang='lat' dir='ltr'><strong>autem</strong></span> <span class='ocrx_word' id='word_1_535' title='bbox 386 5246 436 5300; x_wconf 92' lang='lat' dir='ltr'><strong>id</strong></span> <span class='ocrx_word' id='word_1_536' title='bbox 473 5243 730 5299; x_wconf 90' lang='lat' dir='ltr'><strong>acciderit</strong></span> <span class='ocrx_word' id='word_1_537' title='bbox 763 5249 946 5297; x_wconf 86' lang='lat' dir='ltr'><strong>narrat</strong></span> <span class='ocrx_word' id='word_1_538' title='bbox 987 5239 1260 5305; x_wconf 66' lang='lat' dir='ltr'><strong>Elianus,</strong></span> <span class='ocrx_word' id='word_1_539' title='bbox 1295 5226 1368 5292; x_wconf 89' lang='lat' dir='ltr'><strong>De</strong></span> <span class='ocrx_word' id='word_1_540' title='bbox 1409 5239 1593 5292; x_wconf 82' lang='lat' dir='ltr'><strong>histor.</strong></span> <span class='ocrx_word' id='word_1_541' title='bbox 1631 5239 1750 5290; x_wconf 86' lang='lat' dir='ltr'><strong>ani-</strong></span> 
     </span>
    </p>
   </div>
   <div class='ocr_carea' id='block_1_72' title="bbox 163 5328 1750 5404">
    <p class='ocr_par' dir='ltr' id='par_1_72' title="bbox 163 5328 1750 5404">
     <span class='ocr_line' id='line_1_72' title="bbox 163 5328 1750 5404; baseline -0.004 -14"><span class='ocrx_word' id='word_1_542' title='bbox 163 5337 298 5390; x_wconf 87' lang='lat' dir='ltr'><strong>mal.</strong></span> <span class='ocrx_word' id='word_1_543' title='bbox 360 5336 454 5390; x_wconf 89' lang='lat' dir='ltr'><strong>lib.</strong></span> <span class='ocrx_word' id='word_1_544' title='bbox 505 5351 600 5395; x_wconf 68' lang='grc' dir='ltr'>ιιι,</span> <span class='ocrx_word' id='word_1_545' title='bbox 651 5336 814 5404; x_wconf 90' lang='lat' dir='ltr'><strong>capit.</strong></span> <span class='ocrx_word' id='word_1_546' title='bbox 864 5333 951 5388; x_wconf 76' lang='grc'><strong>55.</strong></span> <span class='ocrx_word' id='word_1_547' title='bbox 1001 5331 1236 5386; x_wconf 88' lang='lat' dir='ltr'><strong>Consule</strong></span> <span class='ocrx_word' id='word_1_548' title='bbox 1281 5328 1489 5383; x_wconf 86' lang='lat' dir='ltr'><strong>Livium</strong></span> <span class='ocrx_word' id='word_1_549' title='bbox 1523 5337 1576 5382; x_wconf 90' lang='lat' dir='ltr'><strong>et</strong></span> <span class='ocrx_word' id='word_1_550' title='bbox 1615 5330 1750 5383; x_wconf 91' lang='lat' dir='ltr'><strong>alios</strong></span> 
     </span>
    </p>
   </div>
   <div class='ocr_carea' id='block_1_73' title="bbox 164 5423 1751 5498">
    <p class='ocr_par' dir='ltr' id='par_1_73' title="bbox 164 5423 1751 5498">
     <span class='ocr_line' id='line_1_73' title="bbox 164 5423 1751 5498; baseline -0.006 -11"><span class='ocrx_word' id='word_1_551' title='bbox 164 5433 432 5487; x_wconf 76' lang='lat' dir='ltr'><strong>Romana:</strong></span> <span class='ocrx_word' id='word_1_552' title='bbox 481 5431 722 5485; x_wconf 70' lang='lat' dir='ltr'><strong>historia:</strong></span> <span class='ocrx_word' id='word_1_553' title='bbox 767 5429 1081 5498; x_wconf 89' lang='lat' dir='ltr'><strong>scriptores.</strong></span> <span class='ocrx_word' id='word_1_554' title='bbox 1119 5424 1229 5480; x_wconf 87' lang='lat' dir='ltr'><strong>Nec</strong></span> <span class='ocrx_word' id='word_1_555' title='bbox 1259 5423 1509 5479; x_wconf 90' lang='lat' dir='ltr'><strong>dissimili</strong></span> <span class='ocrx_word' id='word_1_556' title='bbox 1543 5424 1751 5478; x_wconf 88' lang='lat' dir='ltr'><strong>ratione</strong></span> 
     </span>
    </p>
   </div>
   <div class='ocr_carea' id='block_1_74' title="bbox 164 5511 1747 5591">
    <p class='ocr_par' dir='ltr' id='par_1_74' title="bbox 164 5511 1747 5591">
     <span class='ocr_line' id='line_1_74' title="bbox 164 5511 1747 5591; baseline -0.008 -13"><span class='ocrx_word' id='word_1_557' title='bbox 164 5541 334 5580; x_wconf 85' lang='lat' dir='ltr'><strong>canes</strong></span> <span class='ocrx_word' id='word_1_558' title='bbox 357 5534 646 5580; x_wconf 80' lang='lat' dir='ltr'><strong>servarunt</strong></span> <span class='ocrx_word' id='word_1_559' title='bbox 673 5521 945 5591; x_wconf 85' lang='lat' dir='ltr'><strong>juniorem</strong></span> <span class='ocrx_word' id='word_1_560' title='bbox 971 5517 1222 5578; x_wconf 81' lang='lat' dir='ltr'><strong>Romam,</strong></span> <span class='ocrx_word' id='word_1_561' title='bbox 1250 5523 1381 5568; x_wconf 93' lang='lat' dir='ltr'><strong>tunc</strong></span> <span class='ocrx_word' id='word_1_562' title='bbox 1407 5511 1747 5584; x_wconf 85' lang='lat' dir='ltr'><strong>Byzantium.</strong></span> 
     </span>
    </p>
   </div>
   <div class='ocr_carea' id='block_1_75' title="bbox 168 5603 1752 5683">
    <p class='ocr_par' dir='ltr' id='par_1_75' title="bbox 168 5603 1752 5683">
     <span class='ocr_line' id='line_1_75' title="bbox 168 5603 1752 5683; baseline -0.008 -16"><span class='ocrx_word' id='word_1_563' title='bbox 168 5617 302 5672; x_wconf 71' lang='lat' dir='ltr'><strong>llum</strong></span> <span class='ocrx_word' id='word_1_564' title='bbox 339 5616 485 5671; x_wconf 90' lang='lat' dir='ltr'><strong>enim</strong></span> <span class='ocrx_word' id='word_1_565' title='bbox 528 5615 830 5683; x_wconf 79' lang='lat' dir='ltr'><strong>Philippus,</strong></span> <span class='ocrx_word' id='word_1_566' title='bbox 866 5609 1037 5679; x_wconf 88' lang='lat' dir='ltr'><strong>copiis</strong></span> <span class='ocrx_word' id='word_1_567' title='bbox 1087 5607 1336 5662; x_wconf 87' lang='lat' dir='ltr'><strong>adductis</strong></span> <span class='ocrx_word' id='word_1_568' title='bbox 1383 5605 1616 5674; x_wconf 85' lang='lat' dir='ltr'><strong>aliisque</strong></span> <span class='ocrx_word' id='word_1_569' title='bbox 1663 5603 1752 5656; x_wconf 87' lang='lat' dir='ltr'><strong>in-</strong></span> 
     </span>
    </p>
   </div>
   <div class='ocr_carea' id='block_1_76' title="bbox 165 5701 1750 5770">
    <p class='ocr_par' dir='ltr' id='par_1_76' title="bbox 165 5701 1750 5770">
     <span class='ocr_line' id='line_1_76' title="bbox 165 5701 1750 5770; baseline -0.008 -9"><span class='ocrx_word' id='word_1_570' title='bbox 165 5708 490 5764; x_wconf 80' lang='lat' dir='ltr'><strong>strumentis</strong></span> <span class='ocrx_word' id='word_1_571' title='bbox 520 5705 751 5770; x_wconf 89' lang='lat' dir='ltr'><strong>bellicis,</strong></span> <span class='ocrx_word' id='word_1_572' title='bbox 787 5703 1058 5760; x_wconf 71' lang='lat' dir='ltr'><strong>mamilius</strong></span> <span class='ocrx_word' id='word_1_573' title='bbox 1102 5701 1414 5754; x_wconf 84' lang='lat' dir='ltr'><strong>immineret</strong></span> <span class='ocrx_word' id='word_1_574' title='bbox 1455 5705 1509 5752; x_wconf 87' lang='lat' dir='ltr'><strong>et</strong></span> <span class='ocrx_word' id='word_1_575' title='bbox 1539 5703 1750 5750; x_wconf 92' lang='lat' dir='ltr'><strong>tantum</strong></span> 
     </span>
    </p>
   </div>
   <div class='ocr_carea' id='block_1_77' title="bbox 163 5787 1748 5869">
    <p class='ocr_par' dir='ltr' id='par_1_77' title="bbox 163 5787 1748 5869">
     <span class='ocr_line' id='line_1_77' title="bbox 163 5787 1748 5869; baseline -0.008 -13"><span class='ocrx_word' id='word_1_576' title='bbox 163 5806 562 5869; x_wconf 70' lang='lat' dir='ltr'><strong>concepisset,</strong></span> <span class='ocrx_word' id='word_1_577' title='bbox 616 5797 672 5851; x_wconf 88' lang='lat' dir='ltr'><strong>in</strong></span> <span class='ocrx_word' id='word_1_578' title='bbox 715 5803 868 5850; x_wconf 89' lang='lat' dir='ltr'><strong>tanto</strong></span> <span class='ocrx_word' id='word_1_579' title='bbox 908 5792 1173 5864; x_wconf 89' lang='lat' dir='ltr'><strong>periculo,</strong></span> <span class='ocrx_word' id='word_1_580' title='bbox 1228 5798 1387 5848; x_wconf 86' lang='lat' dir='ltr'><strong>nocte</strong></span> <span class='ocrx_word' id='word_1_581' title='bbox 1445 5787 1640 5853; x_wconf 88' lang='lat' dir='ltr'><strong>illumi,</strong></span> <span class='ocrx_word' id='word_1_582' title='bbox 1693 5801 1748 5843; x_wconf 84' lang='lat' dir='ltr'><strong>e&#39;</strong></span> 
     </span>
    </p>
   </div>
   <div class='ocr_carea' id='block_1_78' title="bbox 446 5888 1122 5956">
    <p class='ocr_par' dir='ltr' id='par_1_78' title="bbox 446 5888 1122 5956">
     <span class='ocr_line' id='line_1_78' title="bbox 446 5888 1122 5956; baseline -0.007 -3"><span class='ocrx_word' id='word_1_583' title='bbox 446 5895 718 5956; x_wconf 72' lang='grc' dir='ltr'>ΡΑτιιοι..</span> <span class='ocrx_word' id='word_1_584' title='bbox 752 5892 867 5952; x_wconf 74' lang='lat' dir='ltr'><strong>lin.</strong></span> <span class='ocrx_word' id='word_1_585' title='bbox 895 5888 1122 5950; x_wconf 75' lang='lat' dir='ltr'><strong>XVlll.</strong></span> 
     </span>
    </p>
   </div>
   <div class='ocr_carea' id='block_1_79' title="bbox 1852 1918 3424 1995">
    <p class='ocr_par' dir='ltr' id='par_1_79' title="bbox 1852 1918 3424 1995">
     <span class='ocr_line' id='line_1_79' title="bbox 1852 1918 3424 1995; baseline 0.006 -25"><span class='ocrx_word' id='word_1_586' title='bbox 1852 1918 2184 1989; x_wconf 85' lang='grc' dir='ltr'>ενεχθέντες,</span> <span class='ocrx_word' id='word_1_587' title='bbox 2223 1920 2321 1992; x_wconf 72' lang='grc' dir='ltr'><strong>ἤδη</strong></span> <span class='ocrx_word' id='word_1_588' title='bbox 2355 1921 2452 1992; x_wconf 82' lang='grc' dir='ltr'><strong>τὴν</strong></span> <span class='ocrx_word' id='word_1_589' title='bbox 2492 1921 2641 1974; x_wconf 81' lang='grc' dir='ltr'>πόλιν</span> <span class='ocrx_word' id='word_1_590' title='bbox 2673 1921 2776 1975; x_wconf 75' lang='grc' dir='ltr'>ὑπὸ</span> <span class='ocrx_word' id='word_1_591' title='bbox 2807 1923 2884 1994; x_wconf 79' lang='grc' dir='ltr'>τῷ</span> <span class='ocrx_word' id='word_1_592' title='bbox 2911 1924 3162 1995; x_wconf 81' lang='grc' dir='ltr'>Φιλίππῳ</span> <span class='ocrx_word' id='word_1_593' title='bbox 3197 1927 3424 1995; x_wconf 71' lang='grc' dir='ltr'>γενομέο</span> 
     </span>
    </p>
   </div>
   <div class='ocr_carea' id='block_1_80' title="bbox 1858 2009 2260 2082">
    <p class='ocr_par' dir='ltr' id='par_1_80' title="bbox 1858 2009 2260 2082">
     <span class='ocr_line' id='line_1_80' title="bbox 1858 2009 2260 2082; baseline 0.005 -21"><span class='ocrx_word' id='word_1_594' title='bbox 1858 2026 1954 2079; x_wconf 80' lang='grc' dir='ltr'>νην</span> <span class='ocrx_word' id='word_1_595' title='bbox 1983 2009 2260 2082; x_wconf 76' lang='grc' dir='ltr'>ἐρύσαντο.</span> 
     </span>
    </p>
   </div>
   <div class='ocr_carea' id='block_1_81' title="bbox 1921 2101 3424 2174">
    <p class='ocr_par' dir='ltr' id='par_1_81' title="bbox 1921 2101 3424 2174">
     <span class='ocr_line' id='line_1_81' title="bbox 1921 2101 3424 2174; baseline 0.006 -21"><span class='ocrx_word' id='word_1_596' title='bbox 1921 2101 2079 2165; x_wconf 89' lang='lat' dir='ltr'><strong>lbid.,</strong></span> <span class='ocrx_word' id='word_1_597' title='bbox 2113 2102 2206 2156; x_wconf 91' lang='lat' dir='ltr'><strong>lin.</strong></span> <span class='ocrx_word' id='word_1_598' title='bbox 2238 2101 2290 2156; x_wconf 88' lang='lat'><strong>9.</strong></span> <span class='ocrx_word' id='word_1_599' title='bbox 2326 2104 2405 2155; x_wconf 83' lang='lat' dir='ltr'><strong>At‘</strong></span> <span class='ocrx_word' id='word_1_600' title='bbox 2450 2105 2767 2174; x_wconf 80' lang='grc' dir='ltr'><strong>ὑπονόμων</strong></span> <span class='ocrx_word' id='word_1_601' title='bbox 2811 2105 3184 2161; x_wconf 81' lang='grc' dir='ltr'>ὐποδύντων.</span> <span class='ocrx_word' id='word_1_602' title='bbox 3217 2106 3424 2173; x_wconf 86' lang='lat' dir='ltr'><strong>Livius,</strong></span> 
     </span>
    </p>
   </div>
   <div class='ocr_carea' id='block_1_82' title="bbox 1852 2193 3424 2258">
    <p class='ocr_par' dir='ltr' id='par_1_82' title="bbox 1852 2193 3424 2258">
     <span class='ocr_line' id='line_1_82' title="bbox 1852 2193 3424 2258; baseline 0.003 -11"><span class='ocrx_word' id='word_1_603' title='bbox 1852 2193 1946 2248; x_wconf 90' lang='lat' dir='ltr'><strong>lib.</strong></span> <span class='ocrx_word' id='word_1_604' title='bbox 1988 2209 2036 2258; x_wconf 76' lang='grc' dir='ltr'><strong>ν,</strong></span> <span class='ocrx_word' id='word_1_605' title='bbox 2096 2195 2286 2250; x_wconf 90' lang='lat' dir='ltr'><strong>scribit</strong></span> <span class='ocrx_word' id='word_1_606' title='bbox 2342 2194 2525 2250; x_wconf 81' lang='lat' dir='ltr'><strong>Gallos</strong></span> <span class='ocrx_word' id='word_1_607' title='bbox 2580 2197 2943 2251; x_wconf 67' lang='lat' dir='ltr'><strong>animadverso</strong></span> <span class='ocrx_word' id='word_1_608' title='bbox 2999 2199 3068 2251; x_wconf 87' lang='lat' dir='ltr'><strong>ad</strong></span> <span class='ocrx_word' id='word_1_609' title='bbox 3128 2198 3424 2254; x_wconf 67' lang='lat' dir='ltr'><strong>Carmentis</strong></span> 
     </span>
    </p>
   </div>
   <div class='ocr_carea' id='block_1_83' title="bbox 1851 2272 3424 2361">
    <p class='ocr_par' dir='ltr' id='par_1_83' title="bbox 1851 2272 3424 2361">
     <span class='ocr_line' id='line_1_83' title="bbox 1851 2272 3424 2361; baseline 0.004 -22"><span class='ocrx_word' id='word_1_610' title='bbox 1851 2302 2038 2339; x_wconf 76' lang='lat' dir='ltr'><strong>saxum</strong></span> <span class='ocrx_word' id='word_1_611' title='bbox 2084 2304 2302 2341; x_wconf 86' lang='lat' dir='ltr'><strong>ascensu</strong></span> <span class='ocrx_word' id='word_1_612' title='bbox 2350 2304 2519 2358; x_wconf 77' lang='lat' dir='ltr'><strong>(equo,</strong></span> <span class='ocrx_word' id='word_1_613' title='bbox 2578 2272 2724 2341; x_wconf 60' lang='lat' dir='ltr'><strong>nocte</strong></span> <span class='ocrx_word' id='word_1_614' title='bbox 2784 2289 3038 2343; x_wconf 84' lang='lat' dir='ltr'><strong>sublustri</strong></span> <span class='ocrx_word' id='word_1_615' title='bbox 3087 2308 3202 2344; x_wconf 87' lang='lat' dir='ltr'><strong>cum</strong></span> <span class='ocrx_word' id='word_1_616' title='bbox 3254 2293 3424 2361; x_wconf 84' lang='lat' dir='ltr'><strong>primo</strong></span> 
     </span>
    </p>
   </div>
   <div class='ocr_carea' id='block_1_84' title="bbox 1849 2377 3426 2450">
    <p class='ocr_par' dir='ltr' id='par_1_84' title="bbox 1849 2377 3426 2450">
     <span class='ocr_line' id='line_1_84' title="bbox 1849 2377 3426 2450; baseline 0.004 -20"><span class='ocrx_word' id='word_1_617' title='bbox 1849 2377 2118 2445; x_wconf 82' lang='lat' dir='ltr'><strong>inermem,</strong></span> <span class='ocrx_word' id='word_1_618' title='bbox 2147 2380 2236 2449; x_wconf 89' lang='lat' dir='ltr'><strong>qui</strong></span> <span class='ocrx_word' id='word_1_619' title='bbox 2266 2390 2485 2433; x_wconf 86' lang='lat' dir='ltr'><strong>tentaret</strong></span> <span class='ocrx_word' id='word_1_620' title='bbox 2524 2382 2659 2433; x_wconf 84' lang='lat' dir='ltr'><strong>viam</strong></span> <span class='ocrx_word' id='word_1_621' title='bbox 2689 2382 3068 2450; x_wconf 78' lang='lat' dir='ltr'><strong>prwmisissent</strong></span> <span class='ocrx_word' id='word_1_622' title='bbox 3093 2423 3108 2446; x_wconf 92' lang='lat'><strong>,</strong></span> <span class='ocrx_word' id='word_1_623' title='bbox 3162 2385 3426 2438; x_wconf 71' lang='lat' dir='ltr'><strong>tradentes</strong></span> 
     </span>
    </p>
   </div>
   <div class='ocr_carea' id='block_1_85' title="bbox 1850 2458 3424 2544">
    <p class='ocr_par' dir='ltr' id='par_1_85' title="bbox 1850 2458 3424 2544">
     <span class='ocr_line' id='line_1_85' title="bbox 1850 2458 3424 2544; baseline 0.004 -21"><span class='ocrx_word' id='word_1_624' title='bbox 1850 2469 1969 2523; x_wconf 87' lang='lat' dir='ltr'><strong>inde</strong></span> <span class='ocrx_word' id='word_1_625' title='bbox 2001 2486 2174 2532; x_wconf 90' lang='lat' dir='ltr'><strong>arma,</strong></span> <span class='ocrx_word' id='word_1_626' title='bbox 2207 2458 2297 2524; x_wconf 82' lang='lat' dir='ltr'><strong>ubi</strong></span> <span class='ocrx_word' id='word_1_627' title='bbox 2325 2471 2451 2542; x_wconf 87' lang='lat' dir='ltr'><strong>quid</strong></span> <span class='ocrx_word' id='word_1_628' title='bbox 2488 2474 2653 2544; x_wconf 86' lang='lat' dir='ltr'><strong>iniqui</strong></span> <span class='ocrx_word' id='word_1_629' title='bbox 2675 2482 2828 2538; x_wconf 87' lang='lat' dir='ltr'><strong>esset,</strong></span> <span class='ocrx_word' id='word_1_630' title='bbox 2861 2472 3053 2526; x_wconf 90' lang='lat' dir='ltr'><strong>alterni</strong></span> <span class='ocrx_word' id='word_1_631' title='bbox 3078 2475 3272 2539; x_wconf 75' lang='lat' dir='ltr'><strong>innixi,</strong></span> <span class='ocrx_word' id='word_1_632' title='bbox 3303 2477 3424 2529; x_wconf 75' lang='lat' dir='ltr'><strong>sub-</strong></span> 
     </span>
    </p>
   </div>
   <div class='ocr_carea' id='block_1_86' title="bbox 1849 2561 3426 2636">
    <p class='ocr_par' dir='ltr' id='par_1_86' title="bbox 1849 2561 3426 2636">
     <span class='ocr_line' id='line_1_86' title="bbox 1849 2561 3426 2636; baseline 0.004 -22"><span class='ocrx_word' id='word_1_633' title='bbox 1849 2561 2178 2633; x_wconf 82' lang='lat' dir='ltr'><strong>levantesque</strong></span> <span class='ocrx_word' id='word_1_634' title='bbox 2207 2563 2444 2629; x_wconf 85' lang='lat' dir='ltr'><strong>invicem,</strong></span> <span class='ocrx_word' id='word_1_635' title='bbox 2475 2575 2524 2618; x_wconf 92' lang='lat' dir='ltr'><strong>et</strong></span> <span class='ocrx_word' id='word_1_636' title='bbox 2560 2565 2820 2618; x_wconf 82' lang='lat' dir='ltr'><strong>trahentes</strong></span> <span class='ocrx_word' id='word_1_637' title='bbox 2863 2564 2958 2617; x_wconf 88' lang='lat' dir='ltr'><strong>alii</strong></span> <span class='ocrx_word' id='word_1_638' title='bbox 2988 2565 3120 2618; x_wconf 86' lang='lat' dir='ltr'><strong>alios</strong></span> <span class='ocrx_word' id='word_1_639' title='bbox 3150 2575 3303 2635; x_wconf 85' lang='lat' dir='ltr'><strong>prout</strong></span> <span class='ocrx_word' id='word_1_640' title='bbox 3331 2583 3426 2636; x_wconf 85' lang='lat' dir='ltr'><strong>po-</strong></span> 
     </span>
    </p>
   </div>
   <div class='ocr_carea' id='block_1_87' title="bbox 1849 2653 3425 2719">
    <p class='ocr_par' dir='ltr' id='par_1_87' title="bbox 1849 2653 3425 2719">
     <span class='ocr_line' id='line_1_87' title="bbox 1849 2653 3425 2719; baseline 0.002 -12"><span class='ocrx_word' id='word_1_641' title='bbox 1849 2653 2071 2707; x_wconf 84' lang='lat' dir='ltr'><strong>stularet</strong></span> <span class='ocrx_word' id='word_1_642' title='bbox 2109 2654 2272 2719; x_wconf 87' lang='lat' dir='ltr'><strong>locus,</strong></span> <span class='ocrx_word' id='word_1_643' title='bbox 2305 2656 2359 2709; x_wconf 90' lang='lat' dir='ltr'><strong>in</strong></span> <span class='ocrx_word' id='word_1_644' title='bbox 2393 2672 2660 2708; x_wconf 83' lang='lat' dir='ltr'><strong>summum</strong></span> <span class='ocrx_word' id='word_1_645' title='bbox 2705 2656 2952 2711; x_wconf 75' lang='lat' dir='ltr'><strong>evasisse.</strong></span> <span class='ocrx_word' id='word_1_646' title='bbox 2995 2655 3061 2709; x_wconf 90' lang='lat' dir='ltr'><strong>Et</strong></span> <span class='ocrx_word' id='word_1_647' title='bbox 3099 2655 3425 2712; x_wconf 78' lang='lat' dir='ltr'><strong>Plutarchus</strong></span> 
     </span>
    </p>
   </div>
   <div class='ocr_carea' id='block_1_88' title="bbox 1852 2743 3425 2819">
    <p class='ocr_par' dir='ltr' id='par_1_88' title="bbox 1852 2743 3425 2819">
     <span class='ocr_line' id='line_1_88' title="bbox 1852 2743 3425 2819; baseline 0.001 -19"><span class='ocrx_word' id='word_1_648' title='bbox 1852 2743 2076 2800; x_wconf 88' lang='lat' dir='ltr'><strong>Camillo</strong></span> <span class='ocrx_word' id='word_1_649' title='bbox 2105 2761 2122 2799; x_wconf 92' lang='lat'><strong><em>:</em></strong></span> <span class='ocrx_word' id='word_1_650' title='bbox 2151 2748 2286 2818; x_wconf 75' lang='grc' dir='ltr'>Περὶ</span> <span class='ocrx_word' id='word_1_651' title='bbox 2317 2747 2485 2819; x_wconf 84' lang='grc' dir='ltr'>μέσας</span> <span class='ocrx_word' id='word_1_652' title='bbox 2524 2747 2722 2812; x_wconf 80' lang='grc' dir='ltr'>νύκτας</span> <span class='ocrx_word' id='word_1_653' title='bbox 2768 2747 3055 2811; x_wconf 79' lang='grc' dir='ltr'>ἐπιϐάντες</span> <span class='ocrx_word' id='word_1_654' title='bbox 3083 2749 3199 2819; x_wconf 87' lang='grc' dir='ltr'>ἆμα</span> <span class='ocrx_word' id='word_1_655' title='bbox 3243 2748 3425 2802; x_wconf 70' lang='grc' dir='ltr'>πολλοὶ</span> 
     </span>
    </p>
   </div>
   <div class='ocr_carea' id='block_1_89' title="bbox 1849 2833 3424 2908">
    <p class='ocr_par' dir='ltr' id='par_1_89' title="bbox 1849 2833 3424 2908">
     <span class='ocr_line' id='line_1_89' title="bbox 1849 2833 3424 2908; baseline 0.003 -21"><span class='ocrx_word' id='word_1_656' title='bbox 1849 2838 1946 2906; x_wconf 85' lang='grc' dir='ltr'><strong>τῆς</strong></span> <span class='ocrx_word' id='word_1_657' title='bbox 1985 2836 2186 2907; x_wconf 82' lang='grc' dir='ltr'>πέτρας</span> <span class='ocrx_word' id='word_1_658' title='bbox 2212 2836 2449 2908; x_wconf 82' lang='grc' dir='ltr'>ἐχώρουν</span> <span class='ocrx_word' id='word_1_659' title='bbox 2479 2837 2589 2891; x_wconf 81' lang='grc' dir='ltr'>ἄνω</span> <span class='ocrx_word' id='word_1_660' title='bbox 2625 2837 2762 2906; x_wconf 85' lang='grc' dir='ltr'>μετὰ</span> <span class='ocrx_word' id='word_1_661' title='bbox 2797 2838 3004 2908; x_wconf 82' lang='grc' dir='ltr'>σιωπῆς</span> <span class='ocrx_word' id='word_1_662' title='bbox 3029 2833 3050 2903; x_wconf 76' lang='grc'><strong>;”</strong></span> <span class='ocrx_word' id='word_1_663' title='bbox 3078 2835 3304 2896; x_wconf 73' lang='lat' dir='ltr'><strong>Servius</strong></span> <span class='ocrx_word' id='word_1_664' title='bbox 3341 2847 3424 2892; x_wconf 80' lang='lat' dir='ltr'><strong>ta-</strong></span> 
     </span>
    </p>
   </div>
   <div class='ocr_carea' id='block_1_90' title="bbox 1851 2928 2728 2992">
    <p class='ocr_par' dir='ltr' id='par_1_90' title="bbox 1851 2928 2728 2992">
     <span class='ocr_line' id='line_1_90' title="bbox 1851 2928 2728 2992; baseline 0.005 -10"><span class='ocrx_word' id='word_1_665' title='bbox 1851 2942 1995 2992; x_wconf 90' lang='lat' dir='ltr'><strong>men,</strong></span> <span class='ocrx_word' id='word_1_666' title='bbox 2026 2946 2120 2984; x_wconf 82' lang='lat' dir='ltr'><strong>viti</strong></span> <span class='ocrx_word' id='word_1_667' title='bbox 2152 2928 2410 2985; x_wconf 73' lang='lat' dir='ltr'><strong>.Eneidos</strong></span> <span class='ocrx_word' id='word_1_668' title='bbox 2456 2932 2512 2986; x_wconf 91' lang='lat' dir='ltr'><strong>in</strong></span> <span class='ocrx_word' id='word_1_669' title='bbox 2553 2931 2686 2986; x_wconf 89' lang='lat' dir='ltr'><strong>illud</strong></span> <span class='ocrx_word' id='word_1_670' title='bbox 2715 2950 2728 2985; x_wconf 93' lang='lat'><strong>:</strong></span> 
     </span>
    </p>
   </div>
   <div class='ocr_carea' id='block_1_91' title="bbox 1923 3043 3355 3114">
    <p class='ocr_par' dir='ltr' id='par_1_91' title="bbox 1923 3043 3355 3114">
     <span class='ocr_line' id='line_1_91' title="bbox 1923 3043 3355 3114; baseline 0.003 -18"><span class='ocrx_word' id='word_1_671' title='bbox 1923 3043 2063 3097; x_wconf 79' lang='lat' dir='ltr'><strong>Galli</strong></span> <span class='ocrx_word' id='word_1_672' title='bbox 2091 3059 2182 3112; x_wconf 89' lang='lat' dir='ltr'><strong>per</strong></span> <span class='ocrx_word' id='word_1_673' title='bbox 2211 3043 2396 3098; x_wconf 85' lang='lat' dir='ltr'><strong>dumos</strong></span> <span class='ocrx_word' id='word_1_674' title='bbox 2429 3044 2671 3110; x_wconf 86' lang='lat' dir='ltr'><strong>aderant,</strong></span> <span class='ocrx_word' id='word_1_675' title='bbox 2705 3061 2978 3114; x_wconf 87' lang='lat' dir='ltr'><strong>arcemque</strong></span> <span class='ocrx_word' id='word_1_676' title='bbox 3012 3045 3355 3114; x_wconf 81' lang='lat' dir='ltr'><strong>triumphant,</strong></span> 
     </span>
    </p>
   </div>
   <div class='ocr_carea' id='block_1_92' title="bbox 1775 3155 3425 3230">
    <p class='ocr_par' dir='ltr' id='par_1_92' title="bbox 1775 3155 3425 3230">
     <span class='ocr_line' id='line_1_92' title="bbox 1775 3155 3425 3230; baseline 0.001 -19"><span class='ocrx_word' id='word_1_677' title='bbox 1775 3175 1816 3230; x_wconf 73' lang='grc' dir='ltr'><em>ς</em></span> <span class='ocrx_word' id='word_1_678' title='bbox 1853 3158 1968 3213; x_wconf 66' lang='lat' dir='ltr'><strong>haec</strong></span> <span class='ocrx_word' id='word_1_679' title='bbox 1997 3159 2218 3213; x_wconf 88' lang='lat' dir='ltr'><strong>adnotat</strong></span> <span class='ocrx_word' id='word_1_680' title='bbox 2249 3176 2264 3211; x_wconf 87' lang='lat'><strong>:</strong></span> <span class='ocrx_word' id='word_1_681' title='bbox 2300 3156 2502 3219; x_wconf 84' lang='lat' dir='ltr'><strong>Gallos,</strong></span> <span class='ocrx_word' id='word_1_682' title='bbox 2535 3158 2630 3210; x_wconf 87' lang='lat' dir='ltr'><strong>alii</strong></span> <span class='ocrx_word' id='word_1_683' title='bbox 2664 3172 2754 3224; x_wconf 86' lang='lat' dir='ltr'><strong>per</strong></span> <span class='ocrx_word' id='word_1_684' title='bbox 2782 3155 2997 3211; x_wconf 85' lang='lat' dir='ltr'><strong>dumeta</strong></span> <span class='ocrx_word' id='word_1_685' title='bbox 3029 3171 3078 3211; x_wconf 89' lang='lat' dir='ltr'><strong>et</strong></span> <span class='ocrx_word' id='word_1_686' title='bbox 3108 3174 3245 3212; x_wconf 80' lang='lat' dir='ltr'><strong>saxa</strong></span> <span class='ocrx_word' id='word_1_687' title='bbox 3276 3175 3425 3228; x_wconf 86' lang='lat' dir='ltr'><strong>aspe-</strong></span> 
     </span>
    </p>
   </div>
   <div class='ocr_carea' id='block_1_93' title="bbox 1849 3247 3421 3318">
    <p class='ocr_par' dir='ltr' id='par_1_93' title="bbox 1849 3247 3421 3318">
     <span class='ocr_line' id='line_1_93' title="bbox 1849 3247 3421 3318; baseline -0.001 -16"><span class='ocrx_word' id='word_1_688' title='bbox 1849 3266 1932 3312; x_wconf 90' lang='lat' dir='ltr'><strong>ra,</strong></span> <span class='ocrx_word' id='word_1_689' title='bbox 1963 3250 2058 3303; x_wconf 86' lang='lat' dir='ltr'><strong>alii</strong></span> <span class='ocrx_word' id='word_1_690' title='bbox 2085 3265 2175 3318; x_wconf 89' lang='lat' dir='ltr'><strong>per</strong></span> <span class='ocrx_word' id='word_1_691' title='bbox 2201 3249 2490 3309; x_wconf 85' lang='lat' dir='ltr'><strong>cuniculos,</strong></span> <span class='ocrx_word' id='word_1_692' title='bbox 2525 3247 2702 3299; x_wconf 88' lang='lat' dir='ltr'><strong>dicunt</strong></span> <span class='ocrx_word' id='word_1_693' title='bbox 2731 3257 2944 3300; x_wconf 89' lang='lat' dir='ltr'><strong>conatos</strong></span> <span class='ocrx_word' id='word_1_694' title='bbox 2979 3262 3092 3300; x_wconf 86' lang='lat' dir='ltr'><strong>esse</strong></span> <span class='ocrx_word' id='word_1_695' title='bbox 3125 3248 3421 3302; x_wconf 81' lang='lat' dir='ltr'><strong>ascendere.</strong></span> 
     </span>
    </p>
   </div>
   <div class='ocr_carea' id='block_1_94' title="bbox 1917 3337 3420 3404">
    <p class='ocr_par' dir='ltr' id='par_1_94' title="bbox 1917 3337 3420 3404">
     <span class='ocr_line' id='line_1_94' title="bbox 1917 3337 3420 3404; baseline 0 -9"><span class='ocrx_word' id='word_1_696' title='bbox 1917 3341 2078 3404; x_wconf 87' lang='lat' dir='ltr'><strong>lbid.,</strong></span> <span class='ocrx_word' id='word_1_697' title='bbox 2110 3341 2206 3394; x_wconf 91' lang='lat' dir='ltr'><strong>lin.</strong></span> <span class='ocrx_word' id='word_1_698' title='bbox 2239 3341 2321 3394; x_wconf 79' lang='grc'><strong>15.</strong></span> <span class='ocrx_word' id='word_1_699' title='bbox 2351 3337 2608 3393; x_wconf 76' lang='grc' dir='ltr'>Ἀλκυὼν</span> <span class='ocrx_word' id='word_1_700' title='bbox 2639 3340 2770 3391; x_wconf 81' lang='grc' dir='ltr'>ἐστι</span> <span class='ocrx_word' id='word_1_701' title='bbox 2799 3338 3134 3393; x_wconf 72' lang='grc' dir='ltr'>θαλάττιον.</span> <span class='ocrx_word' id='word_1_702' title='bbox 3166 3339 3420 3394; x_wconf 88' lang='lat' dir='ltr'><strong>Basilius.</strong></span> 
     </span>
    </p>
   </div>
   <div class='ocr_carea' id='block_1_95' title="bbox 1848 3429 3422 3502">
    <p class='ocr_par' dir='ltr' id='par_1_95' title="bbox 1848 3429 3422 3502">
     <span class='ocr_line' id='line_1_95' title="bbox 1848 3429 3422 3502; baseline -0.001 -16"><span class='ocrx_word' id='word_1_703' title='bbox 1848 3433 1994 3486; x_wconf 90' lang='lat' dir='ltr'><strong>hom.</strong></span> <span class='ocrx_word' id='word_1_704' title='bbox 2025 3432 2058 3486; x_wconf 91' lang='lat'>8</span> <span class='ocrx_word' id='word_1_705' title='bbox 2093 3451 2105 3485; x_wconf 88' lang='lat'>:</span> <span class='ocrx_word' id='word_1_706' title='bbox 2151 3429 2386 3484; x_wconf 69' lang='grc' dir='ltr'>Ἀλκυὼν</span> <span class='ocrx_word' id='word_1_707' title='bbox 2417 3433 2532 3483; x_wconf 83' lang='grc' dir='ltr'>ἐστι</span> <span class='ocrx_word' id='word_1_708' title='bbox 2565 3429 2846 3484; x_wconf 85' lang='grc' dir='ltr'>θαλάττιον</span> <span class='ocrx_word' id='word_1_709' title='bbox 2882 3429 3085 3500; x_wconf 79' lang='grc' dir='ltr'>ὄρνεον.</span> <span class='ocrx_word' id='word_1_710' title='bbox 3118 3430 3265 3502; x_wconf 82' lang='grc' dir='ltr'>Αὕτη</span> <span class='ocrx_word' id='word_1_711' title='bbox 3293 3433 3422 3501; x_wconf 81' lang='grc' dir='ltr'>παρ’</span> 
     </span>
    </p>
   </div>
   <div class='ocr_carea' id='block_1_96' title="bbox 1848 3520 3421 3592">
    <p class='ocr_par' dir='ltr' id='par_1_96' title="bbox 1848 3520 3421 3592">
     <span class='ocr_line' id='line_1_96' title="bbox 1848 3520 3421 3592; baseline 0 -16"><span class='ocrx_word' id='word_1_712' title='bbox 1848 3523 2043 3586; x_wconf 76' lang='grc' dir='ltr'>αὐτοὺς</span> <span class='ocrx_word' id='word_1_713' title='bbox 2071 3523 2342 3576; x_wconf 86' lang='grc' dir='ltr'>νοσσεύειν</span> <span class='ocrx_word' id='word_1_714' title='bbox 2369 3523 2494 3584; x_wconf 78' lang='grc' dir='ltr'>τοὺς</span> <span class='ocrx_word' id='word_1_715' title='bbox 2531 3520 2808 3589; x_wconf 80' lang='grc' dir='ltr'>αίγιαλοὺς</span> <span class='ocrx_word' id='word_1_716' title='bbox 2839 3520 3098 3589; x_wconf 83' lang='grc' dir='ltr'>πέφυκεν,</span> <span class='ocrx_word' id='word_1_717' title='bbox 3138 3522 3225 3575; x_wconf 88' lang='grc' dir='ltr'>ἐπ’</span> <span class='ocrx_word' id='word_1_718' title='bbox 3255 3523 3421 3592; x_wconf 81' lang='grc' dir='ltr'>αὐτῆς</span> 
     </span>
    </p>
   </div>
   <div class='ocr_carea' id='block_1_97' title="bbox 1847 3610 3422 3684">
    <p class='ocr_par' dir='ltr' id='par_1_97' title="bbox 1847 3610 3422 3684">
     <span class='ocr_line' id='line_1_97' title="bbox 1847 3610 3422 3684; baseline 0 -18"><span class='ocrx_word' id='word_1_719' title='bbox 1847 3614 1916 3668; x_wconf 77' lang='grc' dir='ltr'>τὰ</span> <span class='ocrx_word' id='word_1_720' title='bbox 1960 3615 2042 3667; x_wconf 75' lang='grc' dir='ltr'>ὠά</span> <span class='ocrx_word' id='word_1_721' title='bbox 2083 3614 2181 3684; x_wconf 88' lang='grc' dir='ltr'><strong>τῆς</strong></span> <span class='ocrx_word' id='word_1_722' title='bbox 2212 3613 2438 3684; x_wconf 71' lang='grc' dir='ltr'>ψάμμου</span> <span class='ocrx_word' id='word_1_723' title='bbox 2473 3610 2816 3684; x_wconf 78' lang='grc' dir='ltr'>καταθεμένη</span> <span class='ocrx_word' id='word_1_724' title='bbox 2838 3629 2851 3642; x_wconf 83' lang='lat'><strong><em>°</em></strong></span> <span class='ocrx_word' id='word_1_725' title='bbox 2887 3613 2980 3665; x_wconf 78' lang='grc' dir='ltr'><strong>καὶ</strong></span> <span class='ocrx_word' id='word_1_726' title='bbox 3007 3612 3248 3666; x_wconf 83' lang='grc' dir='ltr'>νοσσεύει</span> <span class='ocrx_word' id='word_1_727' title='bbox 3282 3615 3422 3666; x_wconf 71' lang='grc' dir='ltr'>κατὰ</span> 
     </span>
    </p>
   </div>
   <div class='ocr_carea' id='block_1_98' title="bbox 1853 3703 3423 3776">
    <p class='ocr_par' dir='ltr' id='par_1_98' title="bbox 1853 3703 3423 3776">
     <span class='ocr_line' id='line_1_98' title="bbox 1853 3703 3423 3776; baseline -0.001 -18"><span class='ocrx_word' id='word_1_728' title='bbox 1853 3705 2015 3776; x_wconf 91' lang='grc' dir='ltr'>μέσον</span> <span class='ocrx_word' id='word_1_729' title='bbox 2065 3723 2164 3758; x_wconf 88' lang='grc' dir='ltr'><strong>που</strong></span> <span class='ocrx_word' id='word_1_730' title='bbox 2204 3706 2296 3758; x_wconf 84' lang='grc' dir='ltr'><strong>τὸν</strong></span> <span class='ocrx_word' id='word_1_731' title='bbox 2350 3703 2594 3774; x_wconf 85' lang='grc' dir='ltr'>χειμῶνα</span> <span class='ocrx_word' id='word_1_732' title='bbox 2617 3743 2632 3769; x_wconf 95' lang='grc'><strong>,</strong></span> <span class='ocrx_word' id='word_1_733' title='bbox 2681 3705 2769 3756; x_wconf 83' lang='grc' dir='ltr'>ὅτε</span> <span class='ocrx_word' id='word_1_734' title='bbox 2829 3703 3040 3766; x_wconf 83' lang='grc' dir='ltr'>πολλοῖς</span> <span class='ocrx_word' id='word_1_735' title='bbox 3087 3704 3179 3756; x_wconf 74' lang='grc' dir='ltr'><strong>καὶ</strong></span> <span class='ocrx_word' id='word_1_736' title='bbox 3231 3703 3423 3774; x_wconf 85' lang='grc' dir='ltr'>βιαίοις</span> 
     </span>
    </p>
   </div>
   <div class='ocr_carea' id='block_1_99' title="bbox 1848 3795 3423 3869">
    <p class='ocr_par' dir='ltr' id='par_1_99' title="bbox 1848 3795 3423 3869">
     <span class='ocr_line' id='line_1_99' title="bbox 1848 3795 3423 3869; baseline -0.003 -17"><span class='ocrx_word' id='word_1_737' title='bbox 1848 3798 2070 3869; x_wconf 86' lang='grc' dir='ltr'>ἀνέμοις</span> <span class='ocrx_word' id='word_1_738' title='bbox 2098 3799 2131 3869; x_wconf 82' lang='grc' dir='ltr'>ἡ</span> <span class='ocrx_word' id='word_1_739' title='bbox 2159 3797 2395 3851; x_wconf 84' lang='grc' dir='ltr'>θάλαττα</span> <span class='ocrx_word' id='word_1_740' title='bbox 2420 3799 2486 3868; x_wconf 78' lang='grc' dir='ltr'>τῇ</span> <span class='ocrx_word' id='word_1_741' title='bbox 2511 3799 2580 3868; x_wconf 83' lang='grc' dir='ltr'>γῇ</span> <span class='ocrx_word' id='word_1_742' title='bbox 2615 3796 3074 3868; x_wconf 84' lang='grc' dir='ltr'>προσαράσσεται.</span> <span class='ocrx_word' id='word_1_743' title='bbox 3114 3795 3251 3850; x_wconf 73' lang='grc' dir='ltr'>Ἀλλ’</span> <span class='ocrx_word' id='word_1_744' title='bbox 3276 3797 3423 3866; x_wconf 83' lang='grc' dir='ltr'>ὅμως</span> 
     </span>
    </p>
   </div>
   <div class='ocr_carea' id='block_1_100' title="bbox 1850 3887 3424 3961">
    <p class='ocr_par' dir='ltr' id='par_1_100' title="bbox 1850 3887 3424 3961">
     <span class='ocr_line' id='line_1_100' title="bbox 1850 3887 3424 3961; baseline -0.001 -17"><span class='ocrx_word' id='word_1_745' title='bbox 1850 3891 2184 3961; x_wconf 74' lang='grc' dir='ltr'>κοιμίζονται</span> <span class='ocrx_word' id='word_1_746' title='bbox 2219 3891 2316 3960; x_wconf 86' lang='grc' dir='ltr'>μὲν</span> <span class='ocrx_word' id='word_1_747' title='bbox 2344 3889 2543 3953; x_wconf 88' lang='grc' dir='ltr'>πάντες</span> <span class='ocrx_word' id='word_1_748' title='bbox 2589 3889 2776 3960; x_wconf 79' lang='grc' dir='ltr'>ἄνεμοι</span> <span class='ocrx_word' id='word_1_749' title='bbox 2803 3927 2817 3952; x_wconf 96' lang='grc'><strong>,</strong></span> <span class='ocrx_word' id='word_1_750' title='bbox 2866 3887 3127 3960; x_wconf 75' lang='grc' dir='ltr'>ἡσυχάζει</span> <span class='ocrx_word' id='word_1_751' title='bbox 3173 3889 3230 3943; x_wconf 87' lang='grc' dir='ltr'><strong>δέ</strong></span> <span class='ocrx_word' id='word_1_752' title='bbox 3273 3889 3424 3960; x_wconf 82' lang='grc' dir='ltr'>κῦμα</span> 
     </span>
    </p>
   </div>
   <div class='ocr_carea' id='block_1_101' title="bbox 1850 3980 3420 4054">
    <p class='ocr_par' dir='ltr' id='par_1_101' title="bbox 1850 3980 3420 4054">
     <span class='ocr_line' id='line_1_101' title="bbox 1850 3980 3420 4054; baseline -0.001 -19"><span class='ocrx_word' id='word_1_753' title='bbox 1850 3983 2151 4049; x_wconf 85' lang='grc' dir='ltr'>θαλάττιον,</span> <span class='ocrx_word' id='word_1_754' title='bbox 2194 3985 2319 4036; x_wconf 83' lang='grc' dir='ltr'>ὅταν</span> <span class='ocrx_word' id='word_1_755' title='bbox 2352 3981 2566 4036; x_wconf 87' lang='grc' dir='ltr'>ἀλκυὼν</span> <span class='ocrx_word' id='word_1_756' title='bbox 2603 3981 2826 4054; x_wconf 77' lang='grc' dir='ltr'>ἐπωάζῃ</span> <span class='ocrx_word' id='word_1_757' title='bbox 2869 3980 2968 4045; x_wconf 84' lang='grc' dir='ltr'>τὰς</span> <span class='ocrx_word' id='word_1_758' title='bbox 3017 3981 3156 4034; x_wconf 77' lang='grc' dir='ltr'>ἐπτὰ</span> <span class='ocrx_word' id='word_1_759' title='bbox 3191 3981 3420 4053; x_wconf 79' lang='grc' dir='ltr'>ἡμέρας.</span> 
     </span>
    </p>
   </div>
   <div class='ocr_carea' id='block_1_102' title="bbox 1863 4075 3422 4147">
    <p class='ocr_par' dir='ltr' id='par_1_102' title="bbox 1863 4075 3422 4147">
     <span class='ocr_line' id='line_1_102' title="bbox 1863 4075 3422 4147; baseline -0.001 -17"><span class='ocrx_word' id='word_1_760' title='bbox 1863 4078 1948 4130; x_wconf 88' lang='grc' dir='ltr'>Ἐν</span> <span class='ocrx_word' id='word_1_761' title='bbox 1975 4077 2262 4139; x_wconf 80' lang='grc' dir='ltr'>τοσαύταις</span> <span class='ocrx_word' id='word_1_762' title='bbox 2296 4075 2403 4147; x_wconf 84' lang='grc' dir='ltr'>γὰρ</span> <span class='ocrx_word' id='word_1_763' title='bbox 2434 4077 2624 4147; x_wconf 79' lang='grc' dir='ltr'>μόναις</span> <span class='ocrx_word' id='word_1_764' title='bbox 2667 4076 2941 4140; x_wconf 81' lang='grc' dir='ltr'>ἐκλεπίζει</span> <span class='ocrx_word' id='word_1_765' title='bbox 2991 4076 3117 4139; x_wconf 76' lang='grc' dir='ltr'>τοὺς</span> <span class='ocrx_word' id='word_1_766' title='bbox 3158 4076 3422 4140; x_wconf 73' lang='grc' dir='ltr'>νεοττούς.</span> 
     </span>
    </p>
   </div>
   <div class='ocr_carea' id='block_1_103' title="bbox 1863 4165 3424 4238">
    <p class='ocr_par' dir='ltr' id='par_1_103' title="bbox 1863 4165 3424 4238">
     <span class='ocr_line' id='line_1_103' title="bbox 1863 4165 3424 4238; baseline -0.001 -17"><span class='ocrx_word' id='word_1_767' title='bbox 1863 4169 2012 4221; x_wconf 74' lang='grc' dir='ltr'>Ἐπεὶ</span> <span class='ocrx_word' id='word_1_768' title='bbox 2038 4168 2093 4220; x_wconf 76' lang='grc' dir='ltr'>δὲ</span> <span class='ocrx_word' id='word_1_769' title='bbox 2121 4169 2212 4221; x_wconf 69' lang='grc' dir='ltr'>καὶ</span> <span class='ocrx_word' id='word_1_770' title='bbox 2239 4169 2444 4238; x_wconf 85' lang='grc' dir='ltr'>τροφῆς</span> <span class='ocrx_word' id='word_1_771' title='bbox 2467 4169 2659 4230; x_wconf 77' lang='grc' dir='ltr'>αὐτοῖς</span> <span class='ocrx_word' id='word_1_772' title='bbox 2687 4168 2866 4238; x_wconf 85' lang='grc' dir='ltr'>χρεία,</span> <span class='ocrx_word' id='word_1_773' title='bbox 2900 4166 3066 4230; x_wconf 81' lang='grc' dir='ltr'>ἄλλας</span> <span class='ocrx_word' id='word_1_774' title='bbox 3107 4165 3247 4220; x_wconf 79' lang='grc' dir='ltr'>ἑπτά</span> <span class='ocrx_word' id='word_1_775' title='bbox 3290 4167 3424 4238; x_wconf 76' lang='grc' dir='ltr'>πρὸς</span> 
     </span>
    </p>
   </div>
   <div class='ocr_carea' id='block_1_104' title="bbox 1849 4258 3425 4332">
    <p class='ocr_par' dir='ltr' id='par_1_104' title="bbox 1849 4258 3425 4332">
     <span class='ocr_line' id='line_1_104' title="bbox 1849 4258 3425 4332; baseline -0.003 -19"><span class='ocrx_word' id='word_1_776' title='bbox 1849 4262 1946 4332; x_wconf 76' lang='grc' dir='ltr'>τὴν</span> <span class='ocrx_word' id='word_1_777' title='bbox 1995 4258 2103 4311; x_wconf 86' lang='grc' dir='ltr'><strong>τῶν</strong></span> <span class='ocrx_word' id='word_1_778' title='bbox 2144 4260 2370 4312; x_wconf 86' lang='grc' dir='ltr'>νεοττῶν</span> <span class='ocrx_word' id='word_1_779' title='bbox 2424 4258 2650 4328; x_wconf 53' lang='grc' dir='ltr'>αῠῂσιν</span> <span class='ocrx_word' id='word_1_780' title='bbox 2690 4261 2718 4311; x_wconf 87' lang='grc' dir='ltr'>ὁ</span> <span class='ocrx_word' id='word_1_781' title='bbox 2768 4258 3138 4330; x_wconf 80' lang='grc' dir='ltr'>μεγαλόδωρος</span> <span class='ocrx_word' id='word_1_782' title='bbox 3177 4258 3309 4322; x_wconf 84' lang='grc' dir='ltr'>Θεὸς</span> <span class='ocrx_word' id='word_1_783' title='bbox 3347 4260 3425 4328; x_wconf 77' lang='grc' dir='ltr'><strong>τῷ</strong></span> 
     </span>
    </p>
   </div>
   <div class='ocr_carea' id='block_1_105' title="bbox 1853 4349 3423 4424">
    <p class='ocr_par' dir='ltr' id='par_1_105' title="bbox 1853 4349 3423 4424">
     <span class='ocr_line' id='line_1_105' title="bbox 1853 4349 3423 4424; baseline -0.003 -18"><span class='ocrx_word' id='word_1_784' title='bbox 1853 4352 2162 4424; x_wconf 83' lang='grc' dir='ltr'>μικροτάτῳ</span> <span class='ocrx_word' id='word_1_785' title='bbox 2193 4351 2314 4422; x_wconf 75' lang='grc' dir='ltr'><strong>ζῴῳ</strong></span> <span class='ocrx_word' id='word_1_786' title='bbox 2341 4352 2663 4422; x_wconf 82' lang='grc' dir='ltr'>παρέσχετο.</span> <span class='ocrx_word' id='word_1_787' title='bbox 2702 4349 2799 4406; x_wconf 66' lang='lat' dir='ltr'><strong>llis</strong></span> <span class='ocrx_word' id='word_1_788' title='bbox 2832 4351 3009 4404; x_wconf 86' lang='lat' dir='ltr'><strong>allinia</strong></span> <span class='ocrx_word' id='word_1_789' title='bbox 3038 4352 3200 4406; x_wconf 85' lang='lat' dir='ltr'><strong>tradit</strong></span> <span class='ocrx_word' id='word_1_790' title='bbox 3231 4349 3423 4405; x_wconf 66' lang='lat' dir='ltr'><strong>Petrus</strong></span> 
     </span>
    </p>
   </div>
   <div class='ocr_carea' id='block_1_106' title="bbox 1854 4441 3424 4512">
    <p class='ocr_par' dir='ltr' id='par_1_106' title="bbox 1854 4441 3424 4512">
     <span class='ocr_line' id='line_1_106' title="bbox 1854 4441 3424 4512; baseline -0.001 -18"><span class='ocrx_word' id='word_1_791' title='bbox 1854 4442 2169 4503; x_wconf 85' lang='lat' dir='ltr'><strong>Damianus,</strong></span> <span class='ocrx_word' id='word_1_792' title='bbox 2220 4443 2314 4494; x_wconf 83' lang='lat' dir='ltr'><strong>lib.</strong></span> <span class='ocrx_word' id='word_1_793' title='bbox 2373 4457 2430 4506; x_wconf 86' lang='grc' dir='ltr'><strong>ιι,</strong></span> <span class='ocrx_word' id='word_1_794' title='bbox 2479 4444 2638 4510; x_wconf 81' lang='lat' dir='ltr'><strong>epist.</strong></span> <span class='ocrx_word' id='word_1_795' title='bbox 2684 4441 2787 4508; x_wconf 82' lang='lat' dir='ltr'><strong>l8;</strong></span> <span class='ocrx_word' id='word_1_796' title='bbox 2841 4443 3117 4512; x_wconf 84' lang='lat' dir='ltr'><strong>alcyonem</strong></span> <span class='ocrx_word' id='word_1_797' title='bbox 3165 4441 3424 4496; x_wconf 88' lang='lat' dir='ltr'><strong>describit</strong></span> 
     </span>
    </p>
   </div>
   <div class='ocr_carea' id='block_1_107' title="bbox 2123 4532 3427 4604">
    <p class='ocr_par' dir='ltr' id='par_1_107' title="bbox 2123 4532 3427 4604">
     <span class='ocr_line' id='line_1_107' title="bbox 2123 4532 3427 4604; baseline 0.001 -18"><span class='ocrx_word' id='word_1_798' title='bbox 2123 4534 2218 4587; x_wconf 92' lang='lat' dir='ltr'><strong>lib.</strong></span> <span class='ocrx_word' id='word_1_799' title='bbox 2265 4550 2316 4598; x_wconf 87' lang='lat' dir='ltr'><strong>x,</strong></span> <span class='ocrx_word' id='word_1_800' title='bbox 2361 4548 2483 4604; x_wconf 89' lang='lat' dir='ltr'><strong>cap.</strong></span> <span class='ocrx_word' id='word_1_801' title='bbox 2518 4533 2626 4588; x_wconf 70' lang='lat'><strong>&#39;52:</strong></span> <span class='ocrx_word' id='word_1_802' title='bbox 2663 4532 2789 4602; x_wconf 86' lang='lat' dir='ltr'><strong>Ipsa</strong></span> <span class='ocrx_word' id='word_1_803' title='bbox 2847 4535 2954 4587; x_wconf 80' lang='lat' dir='ltr'><strong>avis</strong></span> <span class='ocrx_word' id='word_1_804' title='bbox 2997 4533 3155 4602; x_wconf 89' lang='lat' dir='ltr'><strong>paulo</strong></span> <span class='ocrx_word' id='word_1_805' title='bbox 3201 4533 3427 4601; x_wconf 86' lang='lat' dir='ltr'><strong>amplior</strong></span> 
     </span>
    </p>
   </div>
   <div class='ocr_carea' id='block_1_108' title="bbox 1850 4628 3428 4698">
    <p class='ocr_par' dir='ltr' id='par_1_108' title="bbox 1850 4628 3428 4698">
     <span class='ocr_line' id='line_1_108' title="bbox 1850 4628 3428 4698; baseline -0.001 -15"><span class='ocrx_word' id='word_1_806' title='bbox 1850 4647 2080 4698; x_wconf 87' lang='lat' dir='ltr'><strong>passere,</strong></span> <span class='ocrx_word' id='word_1_807' title='bbox 2127 4629 2301 4684; x_wconf 90' lang='lat' dir='ltr'><strong>colore</strong></span> <span class='ocrx_word' id='word_1_808' title='bbox 2335 4646 2565 4698; x_wconf 84' lang='lat' dir='ltr'><strong>cyanea,</strong></span> <span class='ocrx_word' id='word_1_809' title='bbox 2621 4645 2685 4683; x_wconf 76' lang='lat' dir='ltr'><strong>ea:</strong></span> <span class='ocrx_word' id='word_1_810' title='bbox 2735 4638 2884 4698; x_wconf 88' lang='lat' dir='ltr'><strong>parte</strong></span> <span class='ocrx_word' id='word_1_811' title='bbox 2940 4628 3178 4694; x_wconf 86' lang='lat' dir='ltr'><strong>majore,</strong></span> <span class='ocrx_word' id='word_1_812' title='bbox 3223 4638 3428 4682; x_wconf 83' lang='lat' dir='ltr'><strong>tantum</strong></span> 
     </span>
    </p>
   </div>
   <div class='ocr_carea' id='block_1_109' title="bbox 1849 4719 3428 4790">
    <p class='ocr_par' dir='ltr' id='par_1_109' title="bbox 1849 4719 3428 4790">
     <span class='ocr_line' id='line_1_109' title="bbox 1849 4719 3428 4790; baseline -0.003 -15"><span class='ocrx_word' id='word_1_813' title='bbox 1849 4723 2122 4790; x_wconf 84' lang='lat' dir='ltr'><strong>purpureis</strong></span> <span class='ocrx_word' id='word_1_814' title='bbox 2164 4731 2212 4774; x_wconf 88' lang='lat' dir='ltr'><strong>et</strong></span> <span class='ocrx_word' id='word_1_815' title='bbox 2256 4721 2494 4775; x_wconf 82' lang='lat' dir='ltr'><strong>candidis</strong></span> <span class='ocrx_word' id='word_1_816' title='bbox 2548 4721 2792 4773; x_wconf 83' lang='lat' dir='ltr'><strong>admistie</strong></span> <span class='ocrx_word' id='word_1_817' title='bbox 2836 4719 3036 4788; x_wconf 88' lang='lat' dir='ltr'><strong>pennis,</strong></span> <span class='ocrx_word' id='word_1_818' title='bbox 3066 4719 3200 4773; x_wconf 88' lang='lat' dir='ltr'><strong>collo</strong></span> <span class='ocrx_word' id='word_1_819' title='bbox 3238 4720 3428 4788; x_wconf 87' lang='lat' dir='ltr'><strong>gracili</strong></span> 
     </span>
    </p>
   </div>
   <div class='ocr_carea' id='block_1_110' title="bbox 1852 4810 3429 4880">
    <p class='ocr_par' dir='ltr' id='par_1_110' title="bbox 1852 4810 3429 4880">
     <span class='ocr_line' id='line_1_110' title="bbox 1852 4810 3429 4880; baseline -0.002 -14"><span class='ocrx_word' id='word_1_820' title='bbox 1852 4830 1913 4867; x_wconf 90' lang='lat' dir='ltr'><strong>ac</strong></span> <span class='ocrx_word' id='word_1_821' title='bbox 1957 4830 2190 4880; x_wconf 88' lang='lat' dir='ltr'><strong>procero.</strong></span> <span class='ocrx_word' id='word_1_822' title='bbox 2236 4813 2367 4879; x_wconf 61' lang='lat' dir='ltr'><strong>Quae</strong></span> <span class='ocrx_word' id='word_1_823' title='bbox 2418 4815 2599 4866; x_wconf 87' lang='lat' dir='ltr'><strong>omnia</strong></span> <span class='ocrx_word' id='word_1_824' title='bbox 2658 4812 2844 4866; x_wconf 85' lang='lat' dir='ltr'><strong>habuit</strong></span> <span class='ocrx_word' id='word_1_825' title='bbox 2895 4827 2957 4865; x_wconf 82' lang='lat' dir='ltr'><strong>ex</strong></span> <span class='ocrx_word' id='word_1_826' title='bbox 3008 4811 3318 4876; x_wconf 81' lang='lat' dir='ltr'><strong>Aristotele,</strong></span> <span class='ocrx_word' id='word_1_827' title='bbox 3353 4810 3429 4863; x_wconf 85' lang='lat' dir='ltr'><strong>De</strong></span> 
     </span>
    </p>
   </div>
   <div class='ocr_carea' id='block_1_111' title="bbox 1852 4904 3426 4974">
    <p class='ocr_par' dir='ltr' id='par_1_111' title="bbox 1852 4904 3426 4974">
     <span class='ocr_line' id='line_1_111' title="bbox 1852 4904 3426 4974; baseline 0.001 -17"><span class='ocrx_word' id='word_1_828' title='bbox 1852 4906 2038 4958; x_wconf 87' lang='lat' dir='ltr'><strong>histor.</strong></span> <span class='ocrx_word' id='word_1_829' title='bbox 2085 4907 2303 4958; x_wconf 86' lang='lat' dir='ltr'><strong>animal.</strong></span> <span class='ocrx_word' id='word_1_830' title='bbox 2339 4905 2430 4958; x_wconf 87' lang='lat' dir='ltr'><strong>lib.</strong></span> <span class='ocrx_word' id='word_1_831' title='bbox 2468 4923 2520 4967; x_wconf 89' lang='lat' dir='ltr'><strong>v,</strong></span> <span class='ocrx_word' id='word_1_832' title='bbox 2553 4921 2671 4974; x_wconf 81' lang='lat' dir='ltr'><strong>cap.</strong></span> <span class='ocrx_word' id='word_1_833' title='bbox 2711 4906 2766 4962; x_wconf 85' lang='lat'><strong>8.</strong></span> <span class='ocrx_word' id='word_1_834' title='bbox 2796 4912 2850 4958; x_wconf 83' lang='lat' dir='ltr'><strong>et</strong></span> <span class='ocrx_word' id='word_1_835' title='bbox 2895 4904 2988 4957; x_wconf 89' lang='lat' dir='ltr'><strong>lib.</strong></span> <span class='ocrx_word' id='word_1_836' title='bbox 3045 4918 3120 4966; x_wconf 78' lang='lat' dir='ltr'><strong>lx,</strong></span> <span class='ocrx_word' id='word_1_837' title='bbox 3170 4918 3291 4973; x_wconf 87' lang='lat' dir='ltr'><strong>cap.</strong></span> <span class='ocrx_word' id='word_1_838' title='bbox 3340 4904 3426 4958; x_wconf 78' lang='grc'><strong>14.</strong></span> 
     </span>
    </p>
   </div>
   <div class='ocr_carea' id='block_1_112' title="bbox 1856 4995 3428 5066">
    <p class='ocr_par' dir='ltr' id='par_1_112' title="bbox 1856 4995 3428 5066">
     <span class='ocr_line' id='line_1_112' title="bbox 1856 4995 3428 5066; baseline -0.003 -16"><span class='ocrx_word' id='word_1_839' title='bbox 1856 4997 2028 5066; x_wconf 88' lang='lat' dir='ltr'><strong>llnjus</strong></span> <span class='ocrx_word' id='word_1_840' title='bbox 2064 5000 2199 5061; x_wconf 68' lang='lat' dir='ltr'><strong>avis,</strong></span> <span class='ocrx_word' id='word_1_841' title='bbox 2250 5013 2370 5064; x_wconf 63' lang='lat' dir='ltr'><strong>quae</strong></span> <span class='ocrx_word' id='word_1_842' title='bbox 2418 4999 2698 5051; x_wconf 88' lang='lat' dir='ltr'><strong>rarissima</strong></span> <span class='ocrx_word' id='word_1_843' title='bbox 2743 4995 2974 5059; x_wconf 86' lang='lat' dir='ltr'><strong>videtur,</strong></span> <span class='ocrx_word' id='word_1_844' title='bbox 3014 5003 3072 5049; x_wconf 91' lang='lat' dir='ltr'><strong>ut</strong></span> <span class='ocrx_word' id='word_1_845' title='bbox 3108 4996 3428 5049; x_wconf 76' lang='lat' dir='ltr'><strong>Aristoteles</strong></span> 
     </span>
    </p>
   </div>
   <div class='ocr_carea' id='block_1_113' title="bbox 1854 5086 3427 5148">
    <p class='ocr_par' dir='ltr' id='par_1_113' title="bbox 1854 5086 3427 5148">
     <span class='ocr_line' id='line_1_113' title="bbox 1854 5086 3427 5148; baseline -0.002 -5"><span class='ocrx_word' id='word_1_846' title='bbox 1854 5100 1906 5143; x_wconf 89' lang='lat' dir='ltr'><strong>et</strong></span> <span class='ocrx_word' id='word_1_847' title='bbox 1933 5089 2142 5144; x_wconf 87' lang='lat' dir='ltr'><strong>Plinius</strong></span> <span class='ocrx_word' id='word_1_848' title='bbox 2178 5088 2438 5148; x_wconf 82' lang='lat' dir='ltr'><strong>referunt,</strong></span> <span class='ocrx_word' id='word_1_849' title='bbox 2469 5088 2764 5141; x_wconf 86' lang='lat' dir='ltr'><strong>meminere</strong></span> <span class='ocrx_word' id='word_1_850' title='bbox 2793 5086 3061 5142; x_wconf 86' lang='lat' dir='ltr'><strong>Pacuvius</strong></span> <span class='ocrx_word' id='word_1_851' title='bbox 3094 5087 3149 5140; x_wconf 94' lang='lat' dir='ltr'><strong>in</strong></span> <span class='ocrx_word' id='word_1_852' title='bbox 3187 5086 3385 5139; x_wconf 85' lang='lat' dir='ltr'><strong>Teucro</strong></span> <span class='ocrx_word' id='word_1_853' title='bbox 3411 5103 3427 5140; x_wconf 92' lang='lat'><strong><em>:</em></strong></span> 
     </span>
    </p>
   </div>
   <div class='ocr_carea' id='block_1_114' title="bbox 1857 5199 3262 5272">
    <p class='ocr_par' dir='ltr' id='par_1_114' title="bbox 1857 5199 3262 5272">
     <span class='ocr_line' id='line_1_114' title="bbox 1857 5199 3262 5272; baseline -0.001 -18"><span class='ocrx_word' id='word_1_854' title='bbox 1857 5201 2171 5256; x_wconf 75' lang='lat' dir='ltr'><strong>Flexanima</strong></span> <span class='ocrx_word' id='word_1_855' title='bbox 2209 5213 2457 5272; x_wconf 86' lang='lat' dir='ltr'><strong>tanquam</strong></span> <span class='ocrx_word' id='word_1_856' title='bbox 2490 5201 2760 5270; x_wconf 81' lang='lat' dir='ltr'><strong>lymphata</strong></span> <span class='ocrx_word' id='word_1_857' title='bbox 2788 5209 2836 5253; x_wconf 89' lang='lat' dir='ltr'><strong>et</strong></span> <span class='ocrx_word' id='word_1_858' title='bbox 2868 5199 3062 5254; x_wconf 80' lang='lat' dir='ltr'><strong>Bacchi</strong></span> <span class='ocrx_word' id='word_1_859' title='bbox 3095 5201 3262 5253; x_wconf 89' lang='lat' dir='ltr'><strong>sacris</strong></span> 
     </span>
    </p>
   </div>
   <div class='ocr_carea' id='block_1_115' title="bbox 1853 5271 3425 5336">
    <p class='ocr_par' dir='ltr' id='par_1_115' title="bbox 1853 5271 3425 5336">
     <span class='ocr_line' id='line_1_115' title="bbox 1853 5271 3425 5336; baseline -0.002 -9"><span class='ocrx_word' id='word_1_860' title='bbox 1853 5271 2148 5336; x_wconf 85' lang='lat' dir='ltr'><strong>Commota,</strong></span> <span class='ocrx_word' id='word_1_861' title='bbox 2189 5274 2240 5324; x_wconf 89' lang='lat' dir='ltr'><strong>in</strong></span> <span class='ocrx_word' id='word_1_862' title='bbox 2281 5273 2497 5325; x_wconf 83' lang='lat' dir='ltr'><strong>tmnulis</strong></span> <span class='ocrx_word' id='word_1_863' title='bbox 2554 5272 2808 5324; x_wconf 87' lang='lat' dir='ltr'><strong>Teucrum</strong></span> <span class='ocrx_word' id='word_1_864' title='bbox 2855 5286 3186 5324; x_wconf 87' lang='lat' dir='ltr'><strong>commorans</strong></span> <span class='ocrx_word' id='word_1_865' title='bbox 3230 5286 3425 5336; x_wconf 75' lang='lat' dir='ltr'><strong>meum,</strong></span> 
     </span>
    </p>
   </div>
   <div class='ocr_carea' id='block_1_116' title="bbox 1854 5341 2900 5412">
    <p class='ocr_par' dir='ltr' id='par_1_116' title="bbox 1854 5341 2900 5412">
     <span class='ocr_line' id='line_1_116' title="bbox 1854 5341 2900 5412; baseline -0.002 -16"><span class='ocrx_word' id='word_1_866' title='bbox 1854 5344 2104 5412; x_wconf 82' lang='lat' dir='ltr'><strong>Alcyonis</strong></span> <span class='ocrx_word' id='word_1_867' title='bbox 2133 5344 2238 5396; x_wconf 90' lang='lat' dir='ltr'><strong>ritu</strong></span> <span class='ocrx_word' id='word_1_868' title='bbox 2268 5343 2415 5395; x_wconf 88' lang='lat' dir='ltr'><strong>littus</strong></span> <span class='ocrx_word' id='word_1_869' title='bbox 2438 5343 2709 5409; x_wconf 79' lang='lat' dir='ltr'><strong>peruolans</strong></span> <span class='ocrx_word' id='word_1_870' title='bbox 2740 5341 2900 5410; x_wconf 77' lang='lat' dir='ltr'><strong>feror.</strong></span> 
     </span>
    </p>
   </div>
   <div class='ocr_carea' id='block_1_117' title="bbox 1854 5456 2506 5511">
    <p class='ocr_par' dir='ltr' id='par_1_117' title="bbox 1854 5456 2506 5511">
     <span class='ocr_line' id='line_1_117' title="bbox 1854 5456 2506 5511; baseline 0.005 -3"><span class='ocrx_word' id='word_1_871' title='bbox 1854 5458 2076 5510; x_wconf 86' lang='lat' dir='ltr'><strong>Plautus</strong></span> <span class='ocrx_word' id='word_1_872' title='bbox 2107 5457 2160 5510; x_wconf 91' lang='lat' dir='ltr'><strong>in</strong></span> <span class='ocrx_word' id='word_1_873' title='bbox 2196 5456 2454 5510; x_wconf 79' lang='lat' dir='ltr'><strong>Pseudolo</strong></span> <span class='ocrx_word' id='word_1_874' title='bbox 2489 5471 2506 5511; x_wconf 90' lang='lat'><em>:</em></span> 
     </span>
    </p>
   </div>
   <div class='ocr_carea' id='block_1_118' title="bbox 1853 5569 3424 5655">
    <p class='ocr_par' dir='ltr' id='par_1_118' title="bbox 1853 5569 3424 5655">
     <span class='ocr_line' id='line_1_118' title="bbox 1853 5569 3424 5655; baseline 0.001 -31"><span class='ocrx_word' id='word_1_875' title='bbox 1853 5571 1995 5637; x_wconf 76' lang='lat' dir='ltr'><strong>lam,</strong></span> <span class='ocrx_word' id='word_1_876' title='bbox 2025 5571 2226 5626; x_wconf 78' lang='lat' dir='ltr'><strong>hercle!</strong></span> <span class='ocrx_word' id='word_1_877' title='bbox 2252 5581 2305 5624; x_wconf 88' lang='lat' dir='ltr'><strong>tu</strong></span> <span class='ocrx_word' id='word_1_878' title='bbox 2326 5570 2529 5639; x_wconf 87' lang='lat' dir='ltr'><strong>peristi,</strong></span> <span class='ocrx_word' id='word_1_879' title='bbox 2562 5571 2664 5624; x_wconf 89' lang='lat' dir='ltr'><strong>nisi</strong></span> <span class='ocrx_word' id='word_1_880' title='bbox 2695 5569 2844 5624; x_wconf 90' lang='lat' dir='ltr'><strong>illam</strong></span> <span class='ocrx_word' id='word_1_881' title='bbox 2875 5569 3003 5623; x_wconf 84' lang='lat' dir='ltr'><strong>mihi</strong></span> <span class='ocrx_word' id='word_1_882' title='bbox 3027 5580 3136 5655; x_wconf 61' lang='lat' dir='ltr'><strong>tam</strong></span> <span class='ocrx_word' id='word_1_883' title='bbox 3165 5575 3424 5655; x_wconf 67' lang='lat' dir='ltr'><strong>tranquil-</strong></span> 
     </span>
    </p>
   </div>
   <div class='ocr_carea' id='block_1_119' title="bbox 1855 5641 3430 5857">
    <p class='ocr_par' dir='ltr' id='par_1_119' title="bbox 1855 5641 3430 5857">
     <span class='ocr_line' id='line_1_119' title="bbox 1855 5641 3430 5857; baseline 0.001 -89"><span class='ocrx_word' id='word_1_884' title='bbox 1855 5715 2029 5784; x_wconf 82' lang='lat' dir='ltr'><strong>Quam</strong></span> <span class='ocrx_word' id='word_1_885' title='bbox 2066 5728 2208 5768; x_wconf 86' lang='lat' dir='ltr'><strong>mare</strong></span> <span class='ocrx_word' id='word_1_886' title='bbox 2235 5721 2311 5768; x_wconf 89' lang='lat' dir='ltr'><strong>est</strong></span> <span class='ocrx_word' id='word_1_887' title='bbox 2347 5711 2494 5778; x_wconf 88' lang='lat' dir='ltr'><strong>olim,</strong></span> <span class='ocrx_word' id='word_1_888' title='bbox 2533 5727 2650 5766; x_wconf 79' lang='lat' dir='ltr'><strong>cum</strong></span> <span class='ocrx_word' id='word_1_889' title='bbox 2691 5712 2761 5768; x_wconf 85' lang='lat' dir='ltr'><strong>ibi</strong></span> <span class='ocrx_word' id='word_1_890' title='bbox 2804 5712 2986 5770; x_wconf 89' lang='lat' dir='ltr'><strong>alcedo</strong></span> <span class='ocrx_word' id='word_1_891' title='bbox 3032 5641 3430 5857; x_wconf 36' lang='lat' dir='ltr'><strong>adijcit</strong></span> 
     </span>
     <span class='ocr_line' id='line_1_120' title="bbox 3214 5801 3358 5841; baseline 0.014 -2"><span class='ocrx_word' id='word_1_892' title='bbox 3214 5801 3358 5841; x_wconf 84' lang='lat' dir='ltr'><strong>suos.</strong></span> 
     </span>
    </p>
   </div>
   <div class='ocr_carea' id='block_1_120' title="bbox 3214 5801 3358 5841">
    <p class='ocr_par' dir='ltr' id='par_1_120' title="bbox 3214 5801 3358 5841">
     <span class='ocr_line' id='line_1_121' title="bbox 3214 5801 3358 5841; baseline 0.014 -2"><span class='ocrx_word' id='word_1_893' title='bbox 3214 5801 3358 5841; x_wconf 84' lang='lat' dir='ltr'><strong>suos.</strong></span> 
     </span>
    </p>
   </div>
   <div class='ocr_carea' id='block_1_121' title="bbox 3077 5881 3156 5941">
    <p class='ocr_par' dir='ltr' id='par_1_121' title="bbox 3077 5881 3156 5941">
     <span class='ocr_line' id='line_1_122' title="bbox 3077 5881 3156 5941; baseline 0.013 -1"><span class='ocrx_word' id='word_1_894' title='bbox 3077 5881 3156 5941; x_wconf 76' lang='lat'><strong>29</strong></span> 
     </span>
    </p>
   </div>
  </div>
