3924 6968
517 320 623 375 907

1853 316 2093 374 LEONIS
2133 316 2397 373 ALLATII

519 436 720 493 llarum
774 438 881 492 duo
928 449 1124 507 genera
1163 434 1403 498 tradunt,
1445 447 1615 504 eaque
1665 436 1926 507 distingui
1966 453 2083 492 ma-
2114 444 2157 499 Α
2188 437 2361 504 [erunt
2421 435 2549 489 alio.
2597 433 2716 489 Illa:
2756 436 2963 506 quidem
3002 444 3052 489 et
3099 435 3323 489 maritos
3382 452 3505 490 suos
3542 435 3761 504 fallunt,

518 529 799 599 gnitudine
831 535 884 582 et
912 535 1075 581 cantu
1104 546 1117 581 :
1152 535 1207 581 et
1248 527 1489 582 minores
1525 527 1582 581 in
1624 526 1963 583 arundinetis
1995 543 2085 582 ca-

517 636 666 675 nere.
696 618 869 673 Mares
897 619 1061 691 ceryli
1096 628 1383 681 vocantur,
1416 626 1476 671 ut
1507 618 1889 672 animadvertit
1930 620 2086 673 Anti-

514 726 688 781 gouus
721 710 1007 772 Caristius,
1037 711 1130 765 lib.
1169 708 1242 763 De
1269 708 1503 763 mirabil.
1540 719 1747 765 narrat.
1777 709 1919 777 Qui,
1959 726 2081 765 cum

515 803 668 858 senio
717 803 925 856 viribus
970 800 1210 866 amissis,
1242 801 1425 856 volare
1474 816 1637 871 posse
1677 801 1955 866 desinunt,
1989 819 2084 873 ge-

512 902 733 949 stantur
772 893 875 948 alis
924 892 1282 950 femellarum.
1333 890 1444 946 Hoc
1493 907 1657 947 senex
1703 892 1815 962 jam
1854 902 1909 948 et
1945 910 2087 963 aeger

511 985 763 1051 Alcman,
795 1000 897 1039 nec
928 1002 1033 1039 una
1062 999 1187 1038 cum
1221 985 1415 1055 puellis
1442 984 1640 1039 choros
1670 984 1870 1040 ducere
1895 986 2083 1041 valens

514 1075 581 1130 ad
613 1077 916 1148 cerylorum
965 1076 1377 1132 similitudinem
1423 1077 1574 1147 cupit
1606 1077 1806 1147 gestari
1845 1093 1875 1132 a
1919 1080 2085 1151 virgi-

512 1169 696 1225 nibus.

506 1282 588 1335 Οὔ
616 1281 676 1349 μ’
703 1280 788 1333 ἔτι
820 1280 1166 1349 παρθενικαὶ
1190 1277 1546 1349 μελιγάρυες
1568 1278 1874 1349 ἱερόερωνοι

509 1347 662 1405 Γυῗα
702 1347 909 1419 φέρειν’
941 1347 1208 1406 δύναται.
1252 1348 1409 1402 Βάλε
1437 1347 1536 1415 δὴ,
1577 1348 1758 1410 βάλε.
1811 1351 2084 1472 ξίιῖρύλος

1836 1439 1863 1472 ε
1894 1439 1970 1472 ην
1993 1440 2006 1452 ·

513 1492 671 1543 Ὅστ“
700 1491 795 1559 ἐπῇ
822 1491 1083 1559 κύματος
1112 1490 1294 1555 ἄνθος
1314 1488 1409 1558 ἅμ’
1437 1421 2083 1559 ἀλκυόιέσσι[ἕδῖτζῖται

509 1559 735 1628 Νηλεὲς
762 1557 905 1629 ἦτορ
925 1560 1082 1629 ἔχων
1099 1557 1510 1628 ἁλιπόρφυρος
1535 1562 1731 1628 ετιιρος
1756 1561 1940 1629 ὄρνις.

510 1672 643 1726 Illud
681 1672 1045 1745 ἁλιπόρφυρος
1090 1674 1156 1727 ad
1209 1674 1450 1745 corylum
1492 1675 1669 1745 ipsum
1725 1681 1957 1744 spectat,
1986 1671 2080 1743 qui

508 1765 786 1820 coloribus
821 1780 1026 1835 cyaneo
1055 1780 1435 1836 purpureoque
1464 1766 1839 1836 distinguitur,
1872 1782 1981 1820 non
2012 1764 2077 1819 ad

509 1857 684 1911 undas
735 1856 974 1911 marinas
1038 1866 1097 1910 ut
1159 1855 1478 1913 Guilielmus
1534 1857 1825 1929 lelander
1878 1867 2077 1913 temere

512 1949 693 2002 vertit.
765 1950 778 1964 '

577 2038 737 2099 lbid.,
772 2037 869 2092 lin.
915 2037 1007 2093 '50.
1056 2037 1165 2091 Kal
1211 2037 1368 2106 παρὰ
1414 2036 1553 2103 τοὺς
1601 2036 1710 2105 τῆς
1761 2035 2077 2103 θαλάττης.

505 2128 853 2191 Plutarchus,
884 2128 979 2183 lib.
1015 2127 1093 2182 De
1115 2145 1293 2181 amore
1316 2137 1591 2198 parentum
1628 2130 1683 2182 in
1707 2129 1873 2197 ﬁlios,
1901 2128 2082 2199 alcyo-

508 2222 591 2274 nei
644 2220 756 2274 nidi
805 2231 1135 2275 structuram
1194 2221 1384 2274 miram
1436 2221 1859 2291 elegantissimis
1898 2222 2079 2276 verbis

506 2313 873 2384 prosequitur,
928 2313 1072 2382 quod
1132 2311 1398 2382 prolixius
1462 2313 1801 2382 exsequitur,
1855 2313 1950 2367 lib.
2004 2311 2080 2365 De

504 2404 769 2470 industria
805 2403 1138 2458 animalium.
1183 2402 1314 2460 Vide
1356 2403 1578 2458 omnino
1625 2402 1927 2466 .Elianum,
1978 2403 2077 2457 lib.

506 2510 590 2559 ix,
645 2494 721 2548 De
765 2494 955 2551 histor.
1000 2494 1247 2559 animal.,
1291 2509 1411 2564 cap.
1460 2493 1547 2559 17,
1616 2494 1711 2564 qui
1774 2493 2076 2548 admirabili

504 2587 791 2640 verborum
824 2587 1041 2655 eloquio
1071 2588 1196 2641 talis
1229 2586 1339 2640 nidi
1368 2594 1703 2641 structuram
1732 2587 1973 2655 exponit.

575 2677 735 2743 lbid.,
765 2679 858 2733 lin.
891 2678 1170 2733 45mm
1194 2674 1308 2732 οὖν
1326 2677 1667 2744 ἐπωάζηται.
1695 2663 1928 2747 Ideoque
1956 2678 2074 2735 dies

504 2769 580 2823 illi
635 2769 948 2841 alcyonides
990 2778 1278 2836 vocantur,
1324 2770 1390 2824 de
1447 2770 1793 2839 tranquillam
1838 2781 1893 2825 et
1934 2771 2075 2826 otio-

503 2874 620 2915 sam
655 2860 821 2914 vitam
850 2861 1155 2930 agentibus.
1186 2860 1581 2929 Aristophanes
1611 2862 1664 2914 in
1686 2861 1900 2915 Avibns.

656 2950 1043 3016 Ἀλκυονιδας
1084 2952 1134 3005 τ’
1177 2951 1337 3021 ἤγεθ’
1377 2950 1598 3019 ἡμέρας
1629 2952 1741 3005 ἀεί.

500 3044 739 3099 Consule
795 3042 1021 3098 Luciani
1075 3043 1356 3113 Dialogum
1405 3045 1493 3098 cui
1555 3046 1745 3101 titulus
1779 3044 2062 3101 Ἀλκυὼν.

502 3136 762 3207 Virgilius
792 3138 934 3192 inter
962 3137 1309 3208 prognostica
1356 3136 1554 3190 futura:
1600 3140 1937 3205 tempestatis
1961 3138 2064 3193 hoc
2095 3151 2134 3207 ο

500 3243 718 3298 quoque
746 3226 913 3284 refert
942 3247 955 3283 :

503 3339 626 3393 Non
672 3341 900 3410 tepidum
949 3340 1015 3395 ad
1051 3342 1211 3395 solem
1255 3357 1452 3410 pennas
1498 3342 1553 3394 in
1605 3342 1782 3395 littore
1823 3340 2059 3409 pandunt

499 3411 720 3466 Dilecta:
751 3411 956 3466 Thetidi
990 3413 1255 3482 alcyones.

498 3523 578 3577 Ad
610 3523 711 3579 hoc
748 3524 930 3579 allusit
962 3531 1015 3579 et
1043 3523 1366 3579 Theocritus
1400 3524 1452 3578 in

496 3658 841 3725 Χάλκυόνες
874 3659 1260 3727 στορεσεῦντι
1309 3658 1379 3711 τὰ
1421 3661 1671 3727 κύματα,
1707 3658 1831 3799 ulla
1857 3675 1919 3711 τε
1958 3657 2059 3713 θά-

1835 3744 2059 3790 ασσαν,

1835 3744 2037 3781 ασσαν
2048 3770 2059 3790 ,

503 3798 614 3851 Τόν
638 3815 700 3851 τε
714 3799 913 3861 νότον,
938 3799 1044 3850 τόν
1069 3799 1117 3850 τ’
1133 3794 1340 3867 εὖρον,
1356 3798 1423 3863 ὃς
1442 3798 1668 3867 ἔσχατα
1685 3794 1870 3866 saviata
1889 3798 2056 3851 κινεῖ.

510 3867 830 3933 Ἀλκυόνες
855 3868 1142 3937 γλαυκαῐς
1173 3871 1424 3936 Νηρηΐσι
1450 3871 1546 3922 ταί
1578 3885 1640 3921 τε
1657 3868 1923 3935 μάλιστα

507 3938 777 4005 Ὀρνίθων
803 3940 1138 4007 Ἐφίλαθεν,
1169 3938 1343 4005 ὅσαις
1370 3937 1429 3992 τέ
1450 3955 1559 4006 περ
1580 3938 1648 4003 ἐξ
1666 3939 1813 4004 ἁλὸς
1831 3938 2000 4007 ἄγρα.

561 4052 721 4115 lbid.,
765 4052 862 4107 lin.
911 4052 996 4106 18.
1042 4053 1317 4107 Ἐπειδὰν
1345 4045 1461 4107 οὖν
1491 4053 1852 4120 περιγλύψῃ.
1885 4048 2059 4106 Varia

493 4146 658 4200 etiam
718 4154 842 4200 sunt
894 4146 1223 4215 scriptorum
1277 4146 1583 4215 opiniones.
1629 4144 1972 4207 Aristoteles,
2004 4153 2057 4197 et

496 4235 802 4292 Simonides
852 4236 1110 4307 quinque,
1172 4234 1500 4306 Demagoras
1558 4234 1774 4287 Samius
1825 4241 2055 4303 septem,

493 4327 847 4384 Philochorus
900 4342 1114 4391 novem,
1148 4326 1397 4381 nonnulli
1441 4324 1873 4395 quatuordecim.
1910 4323 2056 4377 Con-

492 4421 611 4475 sule
657 4419 1007 4491 Rodiginum,
1040 4419 1133 4474 lib.
1172 4435 1283 4483 nv,
1319 4433 1438 4488 cap.
1467 4418 1551 4472 ll.
1579 4416 1807 4487 Dignum
1834 4415 2051 4470 tandem

2184 530 2431 599 quoniam
2461 529 2862 597 intemperantia
2886 527 3121 582 libidinis
3142 527 3395 598 frangunt
3424 544 3611 582 earum
3646 545 3763 592 an,

2185 637 2250 674 ne
2309 620 2603 673 incubando
2663 620 3013 673 detineantur.
3084 618 3238 674 Unde
3292 629 3347 674 et
3402 621 3768 691 Aristophani

2186 713 2368 767 ﬁctum
2406 713 2630 767 verbum
2658 713 2712 765 in
2737 712 2927 765 Avibus
2961 711 3382 782 ἐκπερδικίζειν,
3425 714 3463 767 i.
3492 729 3547 769 e.
3585 723 3770 770 astute

2184 805 2323 858 elabi
2380 804 2791 874 periculumque
2839 803 3027 857 vitare.
3093 801 3228 858 Vide
3274 802 3629 874 llodiginum,
3674 806 3768 864 lib.

2186 911 2336 959 xxtx,
2393 911 2511 967 cap.
2561 895 2649 950 26.
2686 894 2910 960 Tamen,
2961 903 3019 949 ut
3064 912 3162 967 ego
3206 897 3422 966 Opinor,
3447 906 3651 952 auctor
3679 898 3770 954 hic

2184 996 2371 1042 noster
2397 1002 2516 1042 eam
2544 986 2847 1059 πανοῦργον
2875 989 3162 1057 appellavit
3190 990 3259 1043 ob
3292 990 3538 1046 libidinis
3570 993 3770 1046 intem-

2185 1079 2507 1146 perantiam,
2567 1079 2634 1133 de
2685 1095 2791 1150 qua
2824 1080 2945 1135 vide
2992 1079 3218 1145 ﬂorum,
3266 1081 3364 1137 lib.
3402 1098 3466 1147 ιι,
3499 1100 3631 1154 cap.
3663 1084 3767 1151 95;

2183 1165 2417 1220 Plinium
2472 1167 2527 1223 d.
2581 1169 2740 1236 loco;
2790 1171 3129 1232 Athenaeum,
3172 1171 3265 1225 lib.
3324 1189 3412 1239 ix;
3446 1173 3766 1238 IElianum,

2185 1260 2279 1314 lib.
2305 1276 2396 1325 ut;
2434 1276 2554 1331 cap.
2581 1261 2681 1326 l6;
2717 1262 2942 1318 Aristot.
2970 1278 3044 1325 Ix,
3080 1261 3156 1316 De
3178 1262 3299 1316 hist.
3329 1266 3521 1329 anim.,
3552 1281 3684 1336 cap.
3709 1266 3767 1329 8,

2182 1367 2305 1421 quae
2341 1354 2569 1406 aliorum
2610 1354 2920 1407 animalium
2968 1354 3174 1409 viribus
3200 1371 3306 1409 non
3344 1365 3634 1420 omitenta,
3667 1372 3767 1412 ne-

2180 1441 2317 1497 farie
2341 1444 2396 1497 in
2420 1444 2690 1498 masculos
2716 1459 2836 1497 sese
2857 1444 3053 1513 agitat;
3075 1460 3174 1499 nec
3197 1462 3320 1498 cum
3340 1446 3530 1500 eadem
3552 1448 3766 1516 specie,

2183 1535 2280 1591 sed
2330 1543 2385 1589 ct
2430 1551 2551 1589 cum
2595 1534 2795 1590 diversi
2843 1536 3058 1604 generis
3091 1536 3284 1591 avibus
3312 1552 3370 1592 se
3405 1540 3765 1598 commiscet.

2182 1627 2227 1681 si
2255 1627 2530 1681 Aristoteli
2554 1624 2829 1680 credimus
2856 1623 2931 1677 De
2951 1625 3280 1693 generatione
3308 1625 3534 1679 animal.
3553 1640 3682 1696 cap.
3707 1626 3766 1681 5.

2181 1713 2462 1785 Origenes,
2490 1714 2636 1768 hom.
2667 1714 2720 1767 4.
2758 1714 2814 1766 in
2844 1711 3129 1767 Jeremiam
3166 1730 3186 1769 :
3216 1712 3370 1766 Ἔστι
3399 1715 3458 1767 δὲ
3491 1714 3591 1767 καὶ
3622 1714 3768 1768 ἀκά-

2112 1816 2150 1870 ί]
2180 1809 2396 1881 θαρτον,
2453 1807 2593 1861 ὥστε
2651 1807 2776 1871 τοὺς
2834 1805 3159 1878 θηρεύοντας
3207 1807 3348 1877 (lego
3395 1806 3766 1877 χηρεύοντας)

2187 1904 2508 1973 μονομαχεῖν
2540 1900 2786 1970 ἀλλήλοις
2834 1901 2962 1970 περὶ
3007 1900 3103 1970 τῆς
3156 1899 3374 1971 μίξεως,
3404 1900 3501 1952 καὶ⁵
3545 1899 3764 1971 ἄρρενα

2185 1993 2322 2063 μετὰ
2345 1993 2500 2062 νίκην
2530 1991 2825 2045 ὲπιόαίνειν
2845 1990 2939 2043 τοῦ
2970 1992 3214 2063 ἄρρενος.
3239 1990 3351 2045 Nisi
3378 2000 3567 2046 tamen
3600 1992 3762 2046 aliter

2181 2083 2359 2137 locum
2394 2083 2528 2138 velis
2551 2098 2615 2137 ex
2661 2082 2883 2147 Basilio,
2917 2082 3065 2135 boni.
3098 2083 3152 2145 8,
3196 2083 3371 2151 legere
3408 2100 3422 2135 :
3453 2082 3693 2153 Δολερὸν
3730 2086 3763 2138 6

2181 2172 2386 2244 πέρδιξ,
2418 2173 2512 2227 καὶ
2541 2173 2855 2243 ζηλότυπον,
2883 2171 3203 2242 κακούργως
3236 2172 3613 2242 συμπράττων
3640 2175 3762 2236 τοῖς

2181 2264 2468 2336 θηρευταῖς
2515 2265 2649 2335 πρὸς
2689 2264 2788 2337 τὴν
2832 2263 3028 2335 ἄγραν.
3068 2262 3159 2317 Sic
3196 2263 3341 2317 enim
3386 2280 3497 2317 non
3532 2262 3606 2316 ad
3637 2263 3754 2332 ejus

2179 2355 2479 2418 libidinem,
2508 2354 2601 2409 sed
2640 2353 2708 2408 ad
2762 2354 3042 2417 callidum,
3069 2353 3511 2423 malitiosumque
3543 2352 3753 2408 referes

2179 2446 2474 2517 ingenium,
2526 2461 2634 2515 quo
2678 2444 3022 2499 venatoribus
3068 2450 3126 2497 ut
3183 2444 3315 2498 alias
3356 2444 3617 2514 deceptas
3661 2460 3752 2498 ca-

2178 2539 2347 2607 piant,
2378 2551 2597 2607 Operam
2628 2544 2871 2607 prastat.

2240 2629 2377 2683 lbid.
2410 2629 2505 2682 lin.
2536 2627 2624 2681 ΕΞ.
2654 2626 3055 2697 Συμπράττων
3088 2626 3211 2692 τοῖς
3240 2625 3577 2695 θτιρευταῖς.
3607 2623 3751 2681 νοω

2174 2723 2316 2776 enim
2361 2721 2497 2775 alias
2536 2721 2802 2785 alliciunt,
2848 2721 3180 2791 laqueosque
3213 2729 3521 2791 praeparant
3555 2720 3751 2774 amicis

2173 2814 2592 2882 inexspectatos,
2652 2813 2993 2883 praedamque
3070 2813 3335 2881 objiciunt
3405 2812 3745 2869 hominibus.

2172 2903 2565 2967 Theodoretus,
2605 2912 2784 2960 catcn.
2836 2905 2891 2958 in
2923 2903 3144 2968 Jerem.,
3200 2919 3321 2975 cap.
3355 2921 3487 2958 xvn.
3523 2906 3751 2973 Λέτοιτο

2168 2995 2211 3048 δ’
2248 2994 2314 3049 ἂν
2342 2996 2531 3067 πέρδιξ
2563 2996 2853 3068 θηρατικὸς
2888 2998 2981 3049 καὶ
3012 2999 3039 3049 ὁ
3068 2995 3424 3059 Βαϐυλώνιος.
3455 2997 3749 3060 Τοιούτους

2169 3086 2275 3158 γὰρ
2304 3088 2351 3140 ol
2384 3086 2489 3141 τῶν
2519 3087 2787 3161 περδίκων
2810 3088 3164 3160 περιφέρουσι
3191 3088 3471 3159 (lapsu-cal,
3503 3082 3582 3142 ὧν
3612 3089 3749 3161 πρὸς

2172 3179 2268 3249 τὴν
2307 3180 2488 3249 φωνὴν
2529 3180 2578 3232 οἱ
2613 3180 2889 3249 ὁμογενεῖς
2926 3179 3309 3249 συντρέχοντες
3338 3179 3594 3252 πέρδικες
3632 3183 3748 3244 τοῖς

2171 3270 2458 3343 θηράτροις
2498 3272 2877 3343 ἐμπίπτουσιν.
2903 3270 3079 3328 lllices
3132 3272 3362 3337 Latinis,
3398 3275 3606 3329 Graecis
3642 3290 3745 3326 πα-

2168 3360 2425 3432 λευτρίαι.
2481 3361 2660 3426 Quare
2701 3371 2753 3417 et
2809 3360 3116 3426 Turnebus,
3168 3363 3373 3417 advers.
3426 3364 3521 3417 lib.
3591 3381 3743 3429 utr,

2168 3473 2288 3526 cap.
2336 3457 2426 3522 '58,
2487 3459 2665 3512 locum
2716 3457 2875 3512 Plinii
2920 3458 2993 3511 ita
3030 3456 3518 3530 legit:Capiuntur
3541 3476 3745 3529 quoque

2165 3553 2518 3620 pugnacitate,
2548 3563 2732 3605 contra
2780 3553 2997 3619 aucupis
3036 3552 3231 3605 illiccm
3266 3562 3482 3606 exeunte
3512 3554 3566 3605 in
3604 3567 3743 3620 prc-

2170 3645 2294 3696 lium
2347 3642 2476 3696 duce
2530 3644 2687 3697 totius
2736 3643 2925 3712 gregis.
2982 3640 3259 3711 Oppianus
3312 3641 3385 3696 De
3443 3646 3737 3704 venatione.

2167 3732 2260 3786 lib.
2296 3748 2354 3787 ιι.
2406 3731 2724 3787 Perdicibus
2787 3732 3035 3786 homines
3078 3732 3156 3785 uti
3202 3732 3268 3785 ad
3299 3732 3489 3787 damas
3517 3740 3740 3803 capien-

2166 3820 2283 3885 das,
2309 3822 2587 3891 damisquc
2612 3821 2678 3875 ad
2717 3822 2986 3891 perdices,
3016 3831 3200 3875 mutua
3233 3838 3468 3892 namque
3503 3823 3740 3878 familia-

2166 3911 2347 3973 ritate,
2375 3918 2428 3964 et
2462 3910 2821 3964 contubernio
2852 3911 3097 3974 devicta,
3127 3912 3327 3982 vicina,
3352 3914 3559 3967 habent
3585 3914 3741 3969 cubi-

2167 4002 2257 4064 lia,
2282 4000 2579 4072 eodemque
2611 4010 2911 4072 pascuntur
2936 4003 2990 4056 in
3021 4004 3160 4057 loco.

2164 4115 2443 4182 Πέρδικες
2470 4116 2667 4183 θοῦροι
2703 4115 2770 4169 δὲ
2806 4117 3105 4185 πυρώδεες
3138 4117 3489 4184 αἱολόδειροι

2164 4189 2492 4251 Δόρκοισιν,
2547 4188 2756 4255 φιλίην
2794 4189 2953 4254 παρὰ
2997 4188 3284 4256 τέμπεσιν
3340 4189 3731 4244 ἐσπείσαντο.

2177 4257 2445 4311 Ἦθαλεοί
2473 4273 2535 4308 τε
2564 4255 2858 4311 πέλουσιν
2895 4258 2989 4310 καὶ
3009 4255 3371 4322 ἀλλήλοισιν
3388 4258 3666 4326 ligatum,

2165 4327 2362 4394 Εὐνάς
2377 4327 2424 4379 τ’
2436 4326 2614 4394 ἐγγὺς
2629 4326 2864 4394 ἔχουσι,
2879 4328 2975 4380 καὶ
2990 4330 3098 4379 οὐκ
3112 4326 3409 4380 ἀπάνευθε
3424 4328 3733 4393 νέμονται.

2165 4344 2362 4390 ιιύνας
2377 4344 2421 4379 τ·
2436 4344 2466 4378 ε
2583 4347 2614 4391 ς
2629 4344 2659 4379 ε
2667 4344 2864 4394 χουσι,
2879 4344 2975 4380 και
2990 4344 3098 4379 ουκ
3112 4344 3409 4380 απανευσε
3424 4344 3671 4393 νεμοντι

2163 4393 2245 4452 ἿΙ
2270 4396 2436 4465 μάλα
2464 4344 2926 4464 ἒῃιετόπισθεν
2947 4398 3236 4464 ἐταιρείης
3258 4396 3408 4465 τάχα
3442 4398 3671 4466 πικρῆς

2162 4467 2897 4537 Καὶίςριλίηςᾲὰπέλαυσαν
2933 4467 3231 4535 ἁμειδέος,
3272 4468 3499 4520 ὁππότε
3542 4468 3736 4537 φῶτες

492 4519 677 4565 natatu
709 4522 810 4576 est,
864 4511 1007 4581 quod
1056 4512 1123 4566 de
1170 4512 1457 4582 alcyonum
1506 4509 1637 4573 pelle
1679 4509 2059 4563 animadvertit

2172 4509 2497 4603 Κερδῖιλέοῗ
2508 4535 2799 4590 δειλοῖσιν
2842 4509 3131 4606 ἐπίεέρονα
3154 4509 3512 4605 ιῖἧτίσαιντο

490 4602 897 4674 Theophrastus
981 4602 1303 4658 Paracelsus
1366 4604 1434 4657 de
1499 4601 1710 4658 coalesti
1763 4601 2052 4665 medicina,

488 4705 648 4752 tract.
685 4696 736 4758 1,
764 4695 896 4751 Item
924 4698 1057 4752 vires
1098 4696 1268 4749 adhuc
1307 4696 1527 4749 retinere
1559 4702 1676 4762 post
1701 4704 1917 4746 mortem
1952 4692 2055 4745 ali-

486 4803 591 4856 qua
617 4790 778 4855 probo
828 4804 918 4857 per
966 4790 1235 4858 alcyonem
1285 4801 1454 4847 avem,
1491 4784 1642 4854 cujus
1687 4783 1838 4852 pellis
1882 4799 1915 4835 a
1958 4798 2053 4835 suo

486 4877 735 4935 cadavere
760 4887 1006 4948 separata
1037 4877 1184 4931 clavo
1211 4892 1465 4946 suspensa
1490 4886 1540 4930 et
1564 4877 1832 4929 exsiccata
1866 4875 2049 4942 singu-

487 4974 552 5024 lis
578 4973 729 5026 annis
758 4974 967 5042 plumas
990 4974 1177 5042 rejicit,
1198 4974 1415 5042 aliaque
1441 4980 1729 5033 nascuntur
1752 4971 1820 5034 ei,
1845 4985 1908 5023 ne
1927 4968 2052 5021 dum

480 5080 588 5117 uno
617 5065 695 5119 vel
718 5063 921 5118 duobus
945 5065 1118 5128 annis,
1144 5074 1200 5118 at
1226 5063 1463 5132 pluribus
1496 5079 1600 5116 uno
1629 5072 1744 5129 post
1776 5064 1960 5116 alium.

555 5153 715 5221 lbid.,
745 5155 840 5208 lin.
871 5154 960 5208 21.
985 5155 1242 5223 Δολερὸν
1266 5159 1299 5209 ό
1330 5153 1560 5222 πέρδιξ.
1593 5151 1761 5206 Multa
1798 5153 1885 5207 hic
1922 5168 2050 5223 pos-

483 5257 625 5314 sent,
664 5264 728 5303 ex
767 5247 1005 5313 Eliano,
1030 5247 1228 5314 Plinio,
1260 5247 1552 5302 Aristotele
1580 5247 1812 5316 aliisque
1840 5246 2047 5310 allerri,

482 5339 678 5406 quibus
735 5340 836 5393 hoc
891 5339 1090 5393 animal
1137 5338 1370 5411 δολερὸν,
1413 5337 1740 5409 πανοῦργον,
1771 5338 1860 5390 καὶ
1891 5336 2049 5407 ζηλό-

481 5447 647 5484 τυπον
692 5441 877 5501 posset
923 5433 1207 5500 convinci;
1243 5448 1366 5486 nam
1395 5431 1548 5499 spina
1585 5440 1634 5484 et
1665 5430 1873 5499 frutice,
1910 5427 2046 5483 refe-

481 5534 633 5581 rente
669 5526 864 5593 Plinio,
899 5528 977 5583 sic
1029 5529 1270 5581 muniunt
1322 5525 1732 5596 receptaculum,
1773 5533 1830 5576 ut
1860 5532 2043 5577 contra

481 5617 622 5684 feras
672 5617 873 5672 abunde
910 5618 1189 5673 vallentur.
1230 5617 1334 5684 Qui
1375 5616 1693 5687 stragulum,
1742 5615 1889 5668 molli
1924 5613 2041 5681 pul-

478 5724 594 5764 vere
619 5711 1003 5773 contumulant,
1038 5726 1128 5763 nec
1154 5711 1209 5762 in
1240 5726 1340 5780 quo
1365 5710 1477 5764 loco
1505 5724 1742 5778 peperere
1770 5706 2040 5771 incubant,

473 5816 595 5858 nere
631 5801 713 5853 cui
745 5799 1069 5878 frequentior
1099 5804 1423 5858 conversatio
1461 5803 1529 5857 sit
1557 5811 1817 5870 suspecta,
1861 5811 2038 5854 trans—

2160 4606 2446 4674 Πέρδικας
2470 4607 2733 4675 δόρποισι
2770 4609 2970 4675 φίλοις
2999 4607 3298 4673 ἀπατήλια
3323 4606 3532 4673 θέντες

2163 4679 2423 4746 Ἐμπαλι
2449 4676 2501 4729 δ’
2526 4673 2602 4731 αὖ
2643 4673 2895 4746 δόραὶους
2929 4676 3161 4746 ἑτάροις
3188 4678 3294 4731 τσα
3312 4676 3729 4745 περδίκεσσιν.

2226 4787 2360 4845 lbid.
2392 4791 2701 4858 Ἀλλότρια
2728 4789 2797 4842 δὲ
2834 4790 3124 4847 κλέπτων.
3182 4790 3444 4854 Isidorus,
3476 4791 3573 4847 lib.
3632 4808 3727 4850 xu.

2157 4872 2321 4955 capit.
2376 4883 2430 4949 7,
2487 4882 2628 4937 Adeo
2676 4891 2849 4936 autem
2901 4882 3261 4947 fraudulenta,
3315 4892 3373 4935 ut
3422 4884 3585 4937 alteri
3634 4901 3729 4937 osa

2155 4975 2404 5041 diripiens
2435 4974 2603 5042 foveat
2633 4990 2652 5026 ε
2696 4973 2846 5040 fraus
2885 4971 3116 5041 fructum
3146 4988 3247 5026 non
3288 4971 3464 5028 habet.
3491 4972 3730 5043 Denique

2154 5064 2278 5116 dum
2317 5062 2449 5131 pulli
2475 5063 2703 5131 proprio:
2726 5078 2897 5116 vocem
2927 5064 3196 5131 genitricis
3246 5063 3537 5129 audierint,
3562 5077 3727 5120 natu-

2153 5154 2256 5205 rali
2275 5153 2501 5223 quodam
2522 5153 2773 5206 instinctu
2794 5152 2948 5215 hanc,
2966 5168 3082 5223 qua:
3106 5168 3195 5206 eos
3222 5152 3371 5221 fovit,
3399 5154 3722 5225 relinquunt,

2150 5255 2201 5300 et
2259 5245 2328 5299 ad
2378 5245 2613 5299 eamdem
2650 5261 2767 5314 qua
2806 5247 2981 5315 genuit
3025 5255 3372 5301 revertuntur.
3401 5247 3722 5302 Costsimilia

2152 5336 2315 5391 habet
2355 5334 2701 5399 Ambrosius,
2764 5335 2860 5388 lib.
2918 5350 3001 5398 vi,
3050 5350 3171 5405 cap.
3215 5336 3281 5398 5,
3331 5335 3386 5388 in
3424 5333 3723 5399 Heraens..-

2150 5425 2303 5481 Phile
2332 5429 2387 5480 iu
2418 5425 2642 5493 iambis;
2672 5424 3008 5496 Epiphanius
3038 5428 3091 5479 in
3122 5424 3461 5497 Physiologo,
3514 5428 3720 5498 cap.9;

2150 5518 2511 5589 Hieronymus
2559 5518 2613 5572 in
2667 5533 2789 5588 cap.
2815 5534 2923 5572 xvn
2960 5517 3226 5582 Jeremiae,
3262 5524 3316 5572 in
3342 5535 3506 5588 quem
3543 5522 3723 5574 locum

2147 5620 2202 5667 et
2263 5610 2584 5681 Hippolytus
2657 5620 2865 5681 martyr
2931 5612 2986 5665 in
3036 5620 3251 5674 catena,
3307 5613 3383 5665 οὐ
3457 5612 3641 5684 μάτην
3692 5615 3725 5665 6

2147 5706 2430 5777 προφήτης
2460 5704 2770 5774 ἀπεφήνετο
2793 5704 2855 5756 τὸ
2886 5703 3048 5775 ῥητὸν
3076 5707 3141 5774 τῇ
3177 5704 3269 5758 τοῦ
3303 5703 3440 5770 (dion
3473 5704 3724 5777 παραδο-

2145 5796 2209 5872 λῇ
2233 5796 2527 5869 χρώμενος.
2560 5794 2667 5849 Τοῦ
2684 5796 2792 5866 γὰρ
2810 5796 3065 5869 πέρδικος
3087 5797 3364 5864 κενοδόξου
3387 5796 3530 5862 ζώου
3552 5799 3729 5856 ﬁndor
