1976 3102
133 143 184 171 909

691 144 725 171 IN
745 144 932 173 EUSTATIHI
952 145 1190 173 HEXAEMEBON
1207 143 1321 172 NOTAE.

1697 148 1748 174 910

131 210 233 238 χοντος,
262 202 330 229 ἐπὰν
358 204 469 239 πλησίον
489 204 531 240 ῐδῃ
559 204 650 240 ἑτέρου
676 204 801 240 πέρδικος
821 205 909 231 καλιὰπ

969 209 1014 231 aut
1042 206 1154 239 pavonis
1177 206 1263 231 cauda
1292 212 1345 231 non
1373 205 1505 239 dignosci,
1526 205 1561 231 ob
1590 205 1748 232 continuum

132 249 253 280 νεοττοὺς
268 248 392 283 ἔχουσαν,
408 250 576 281 ἁποπτάντος
589 249 636 276 τοῦ
655 251 754 285 πατρὸς
766 250 855 277 αὐτῶν
870 251 916 277 ἐπὶ

132 296 180 331 τὴν
192 295 286 330 νομὴν,
297 294 462 330 μιμούμενος
473 295 521 330 τὴν
528 295 575 321 τοῦ
584 295 722 329 ἀλλοτρίου
734 296 823 331 φωνὴν
834 305 916 331 προσ-

132 340 252 367 καλεῖται
278 340 346 375 πρὸς
367 339 460 366 ἑαυτὸν
483 340 545 371 τοὺς
563 340 694 371 νεοττούς.
711 341 741 366 Οί
760 340 789 366 δὲ
801 342 914 373 νεοσσοὶ,

131 387 290 422 νομίσαντες
308 386 354 412 τὸν
368 386 432 412 ἴδιον
447 386 534 412 αὐτῶν
552 386 683 421 ὑπάρχειν
701 386 815 421 πατέρα,
833 394 915 420 προσ-

130 433 272 468 τρέχουσιν
301 432 383 467 αὺτῷ.
408 432 436 458 ’0
455 432 483 458 δὲ
507 432 639 467 ὲγγιιυριᾷ
659 433 686 457 ἐν
702 431 849 467 ἀλλοτρίοις
869 431 914 457 τέ-

130 486 206 509 κνοις
223 477 260 509 ὡς
281 478 364 508 ἰδίοις.
386 477 521 508 Ἑλθόντος
541 477 569 503 δὲ
590 477 636 503 τοῦ
657 477 722 503 ίδίου
739 477 850 512 πατρὸς,
868 477 914 503 καὶ

130 523 287 559 βοήσαντος,
310 523 358 558 τὴν
386 522 452 549 ἰδίαν
471 523 561 557 φωνὴν
579 523 735 556 ἐπιγνόντες
749 523 773 548 οἱ
791 523 912 554 νεοσσοὶ,

131 569 326 600 καταλιπόντες
338 569 382 595 τὸν
395 569 479 599 νόθον,
491 569 556 604 πρὸς
566 569 610 595 τὸν
625 569 690 595 ἴδιον
705 569 810 604 πατέρα
821 568 915 603 πορεύ-

129 624 215 642 ονται.
229 615 259 641 Ει.
269 614 476 650 Olylnpiodorus
489 624 495 641 :
510 615 539 640 ὐ
553 614 655 650 πέρδιξ,
670 614 707 646 ὥς
719 623 808 649 φασιν,
828 615 910 649 ὑπερ-

127 663 233 696 ήφανος
241 660 288 693 ὢν,
297 660 341 687 διὰ
350 661 398 696 τῆς
406 661 497 695 φωνῆς
512 662 574 692 τοὺς
588 662 741 697 ἀλλοτρίους
755 661 915 697 προσκαλεί-

126 716 173 733 ται
187 706 309 738 νεοττούς
321 715 328 722 ⁸
347 708 450 739 Οῖτινες
464 707 572 741 γνόντες
587 707 708 743 ὕστερον,
725 708 764 734 ὃτι
781 708 830 733 οὐκ
846 707 913 733 εἰσὶν

125 751 221 783 αὐτοῦ,
248 751 496 787 καταλιμπάνουσιν
526 751 616 779 αὐτόν.
641 751 853 787 Clirysostomus
885 750 912 776 in

125 798 253 824 eumdem
265 798 364 825 locum.
378 797 547 829 Perdicibus,
562 798 648 828 aiunt,
666 797 717 823 hoc
732 804 792 824 esse
810 796 837 823 in
861 803 912 823 usu

125 847 189 877 post
202 850 316 870 ovorum
330 843 515 871 exclusionem
527 844 616 877 pullos
633 842 752 869 clamore
765 842 909 873 advocare,

126 889 215 923 iisque
229 894 342 916 matrem
363 890 478 924 privare.
494 889 583 921 Ἔοος.
599 889 664 924 φησι
674 887 836 923 (1εςοφασὶ),
848 887 911 919 τοὺς
927 883 947 910 Β

125 934 268 970 πέρδικας,
285 935 353 971 μετὰ
375 935 404 961 τὸ
425 935 606 971 ἁποτεχθῆναι
621 934 674 961 τῶν
687 934 747 960 ὠῶν
761 935 824 965 τοὺς
837 943 911 960 νεοτ-

124 981 189 1012 τοὺς
203 983 236 1017 τῇ
254 983 328 1017 φωνῇ
348 981 569 1016 προσκαλεῖσθαι,
592 982 639 1008 καὶ
662 980 782 1016 γυμνοῦν
803 980 851 1016 τὴν
866 989 912 1006 τε-

124 1029 239 1055 κοῦσαν.

160 1075 242 1108 lbid.,
258 1075 306 1102 lin.
322 1075 366 1102 26.
383 1074 501 1110 Λάγννον
522 1075 540 1108 ὴ
563 1074 731 1108 περιστερά.
750 1073 807 1101 lllas
826 1073 908 1104 enim,

124 1127 157 1149 ut
180 1123 263 1149 tradit
279 1122 377 1154 llorus,
396 1123 439 1149 ubi
465 1122 602 1149 robustior
617 1122 734 1149 evaserit
745 1129 778 1148 ex
795 1127 909 1147 consor-

124 1168 164 1194 tio
180 1168 284 1199 matris,
296 1173 399 1203 patrem
415 1168 534 1202 expellit,
547 1167 640 1201 sicque
654 1168 677 1194 ei
695 1167 835 1193 connubio
845 1166 911 1200 jun-

122 1215 208 1248 gitur.
233 1214 261 1240 '0
276 1214 329 1249 γὰρ
344 1215 440 1249 ἄρσην,
458 1214 629 1249 ίσχυρότερος
647 1213 800 1248 γενόμενος,
818 1211 909 1238 διώκει

122 1260 171 1287 τὸν
191 1260 285 1286 ἑαυτοῦ
303 1260 406 1295 πατέρα
419 1260 472 1286 ἀπὸ
486 1260 535 1295 τῆς
553 1259 665 1294 μητρὸς,
675 1259 722 1285 καὶ
736 1258 821 1289 οὕτως
841 1258 908 1293 αὐτῇ

124 1307 197 1341 πρὸς
220 1306 307 1341 γάμον
339 1306 463 1341 μίσγεται
483 1314 490 1331 :
508 1305 548 1332 vel
574 1309 603 1331 ut
629 1305 789 1331 Aristoteles
817 1303 908 1335 tradit,

125 1353 190 1379 libr.
208 1360 246 1383 ix,
270 1352 307 1379 De
321 1352 414 1377 histor.
428 1351 521 1382 anim.,
540 1358 600 1384 cap.
629 1350 654 1380 7,
686 1349 775 1384 pullos
802 1348 910 1376 adultos

122 1398 194 1432 jam,
209 1405 270 1425 cum
287 1402 393 1432 tempus
408 1396 560 1431 prodeundi
573 1403 604 1423 ex
619 1396 682 1422 nido
697 1400 749 1428 est,
763 1402 822 1422 uias
846 1395 911 1422 sub-

125 1445 188 1480 igit.
204 1443 252 1470 Vel
268 1444 330 1478 quia
347 1451 378 1470 ex
408 1443 502 1470 eodem
528 1442 575 1469 lib.
596 1449 634 1474 vl,
653 1449 712 1476 cap.
727 1441 754 1473 2,
770 1445 796 1467 et
823 1440 910 1467 Plinio

125 1489 175 1515 lib.
195 1496 222 1518 ι,
237 1495 298 1522 cap.
319 1487 364 1518 58,
382 1487 518 1522 peculiare
535 1488 570 1514 sit
587 1487 651 1518 illis,
670 1490 700 1513 ut
724 1487 752 1513 in
766 1486 839 1513 coitu
858 1486 909 1513 nisi

966 250 1044 282 lucis,
1054 254 1080 276 et
1091 255 1243 277 atomorum
1258 249 1476 285 eiﬂuxum,quod
1492 249 1648 281 Lucretius,
1658 251 1705 278 lib.
1719 259 1747 279 ιι.

965 295 1008 322 his
1025 295 1148 323 versibus
1162 295 1280 322 asseruit
1295 305 1301 310 -

966 361 1062 397 Pluma
1088 361 1268 388 columbarum
1293 370 1343 397 quo
1364 368 1439 396 pacto
1455 364 1481 389 in
1495 364 1549 390 sole
1566 364 1666 390 videtur

966 396 1031 432 Qua-
1047 401 1098 423 sita
1112 398 1219 423 cervices
1235 398 1343 428 circum,
1361 398 1506 432 collumque
1522 404 1642 425 coronat.

966 431 1087 468 Namque
1103 432 1170 458 alias
1185 433 1214 466 fit
1232 433 1269 458 uti
1291 433 1362 459 claro
1380 435 1414 459 sit
1438 433 1517 459 rubra
1535 441 1652 468 pyropo;

966 466 1102 493 Interdum
1122 468 1235 501 quodam
1255 476 1331 494 sensu
1346 469 1376 501 ﬁt
1396 468 1435 494 uti
1457 466 1575 495 videatur

964 501 1039 538 inter
1051 501 1188 528 ciarulettm
1204 503 1296 529 virides
1310 504 1416 529 miscere
1429 504 1595 538 smaragdos,

965 536 1107 571 Caudaque
1120 538 1227 571 pavonis
1242 538 1317 572 larga
1329 547 1386 564 cum
1405 539 1460 565 luce
1475 536 1571 572 repieta
1586 543 1624 566 est

966 572 1105 598 Consimili
1121 577 1205 598 mutat
1227 574 1328 599 ratione
1343 573 1449 600 obversa
1462 575 1572 601 colores.

965 627 1064 655 Sextus
1074 628 1236 663 Empiricos,
1250 628 1382 664 Pyrrhon.
1393 629 1527 666 Ilypotyp.
1540 631 1586 657 lib.
1599 639 1618 663 ι,
1633 638 1692 665 cap.
1705 631 1746 663 Η,

963 675 1017 700 Καὶ
1028 675 1052 701 οἱ
1066 675 1194 710 τράχηλοι
1210 675 1238 701 δὲ
1253 675 1307 702 τῶν
1326 677 1494 712 περιστερῶν
1511 676 1584 712 παρὰ
1597 676 1645 708 τὰς
1656 677 1746 711 διαφὸ-

966 729 1027 755 ρους
1052 712 1199 752 ἐπικλίσεις
1217 722 1339 758 διάφοροι
1372 723 1509 756 φαίνονται
1540 724 1610 749 κατὰ
1639 723 1744 759 χρῶμα.

963 764 1039 798 Quod
1056 767 1091 793 ita
1106 767 1242 801 expressit
1265 767 1458 803 Hieronymus.
1476 767 1663 795 Columbarum
1678 770 1746 796 colla

963 812 997 838 ad
1013 813 1129 847 singulas
1146 815 1324 840 conversiones
1338 814 1452 841 colorem
1470 819 1583 841 mutant.
1599 815 1746 842 Martianus

963 857 1001 884 De
1024 859 1121 892 nuptiis
1134 857 1210 885 Philo
1226 868 1232 885 :
1249 859 1392 888 Arcesilas.
1410 860 1508 894 inquit,
1524 860 1619 886 collunt
1644 861 1746 887 intuens

961 903 1137 930 columbinum
1166 904 1305 931 dubitabat
1336 913 1344 931 :
1370 905 1498 940 siquidem
1536 906 1584 932 hac
1613 911 1745 940 permotus

961 950 1095 976 varietatis
1122 950 1305 978 incertiludine
1327 952 1439 985 amplius
1465 957 1583 980 astruere
1602 953 1746 980 ἁκανταλι-

960 994 1023 1029 ψίαν
1040 997 1124 1029 ctepit.
1141 997 1279 1031 Apuleius,
1297 997 1336 1024 De
1356 998 1441 1030 asino,
1457 998 1504 1025 lib.
1524 1006 1542 1025 ιι
1561 1008 1567 1025 ;
1591 998 1669 1025 Nunc
1689 1008 1746 1026 cor-

961 1042 1020 1068 vina
1042 1043 1173 1077 nigredine
1188 1043 1325 1075 cwruleus,
1337 1044 1518 1071 columbarum
1540 1045 1602 1072 colli
1620 1046 1745 1080 ﬂosculus

961 1087 1111 1120 a'mnlatur,
1137 1088 1173 1114 uel
1197 1097 1256 1114 cum
1272 1089 1352 1123 guttis
1364 1090 1484 1116 Arabicis
1508 1090 1646 1122 obunctus,
1662 1097 1688 1118 et
1701 1099 1746 1125 pe-

961 1134 1037 1160 ctinis
1063 1134 1150 1168 arguti
1173 1133 1247 1161 dente
1265 1136 1334 1161 tenui
1349 1135 1559 1162 discriminatur.
1573 1136 1681 1164 Modum
1697 1145 1745 1164 au-

961 1182 1015 1205 tem
1034 1187 1088 1214 quo
1117 1180 1250 1207 columba:
1273 1180 1452 1208 versicolores
1474 1181 1626 1208 cﬂiciantur
1640 1184 1676 1208 ita
1699 1190 1745 1210 ex-

962 1225 1061 1258 pressit
1077 1224 1226 1260 Oppianus,
1242 1226 1289 1253 lib.
1310 1235 1329 1259 l,
1344 1227 1379 1253 De
1395 1232 1490 1259 venat,
1507 1236 1578 1255 vers.
1592 1228 1643 1255 548
1660 1237 1666 1254 :

963 1280 1032 1307 Τοῖά
1044 1290 1092 1318 iro
1107 1283 1235 1309 κάκεῖνοι
1253 1283 1329 1309 τοῖσι
1343 1283 1468 1316 δόνακες
1485 1284 1675 1318 utaentur-rat,

961 1317 1106 1353 Μησὰθην
1115 1318 1273 1353 immo-citri
1290 1318 1437 1352 νοήμασιν
1455 1317 1606 1353 [ﬁcari-ipsc

967 1351 1097 1378 ὐππέτε
1108 1352 1288 1379 δαιδάλλωσι
1302 1351 1498 1386 πεληϊὰδεσσι
1510 1351 1668 1387 νεοσσούς.

959 1387 1034 1413 Εὺτε
1049 1387 1102 1421 γὰρ
1116 1388 1148 1420 ἐς
1166 1388 1310 1422 φιλότητα
1322 1389 1386 1415 θοαὶ
1405 1389 1550 1422 τρήρωνες
1565 1390 1639 1419 ἴωσι,

961 1422 1144 1459 Μιγνῷμενᾳι
1168 1423 1350 1456 στομάτεσσι
1366 1424 1588 1459 βαριυρθόγγοις
1612 1425 1743 1459 ἀλόχοιο.

961 1456 1002 1494 dii
1012 1457 1175 1494 τότε-μῆτιν
1188 1458 1293 1494 ὕφαινε
1306 1456 1423 1491 advehi!
1437 1456 1649 1494 itoatrocpiigoc
1657 1456 1743 1493 ἀνὴρ,

964 1492 1049 1526 Ἀγχι
1071 1492 1104 1518 δὲ
1128 1492 1329 1526 θηλυτέρῃσιν
1355 1494 1480 1526 ἐθήκατο
1504 1492 1630 1521 δαίδαλα
1647 1492 1745 1522 πολλὰ

125 1538 192 1560 ante
202 1537 296 1560 mutuo
309 1533 477 1565 osculentur,
488 1540 548 1560 mas
560 1540 614 1560 non
625 1533 764 1563 ascendat,
777 1532 819 1559 vel
833 1532 907 1566 quia.

962 1527 1074 1566 ξ’ἵμιιτα
1083 1529 1244 1566 πορφύρεα.
1266 1529 1313 1566 Tal
1328 1528 1361 1555 δὲ
1374 1529 1477 1566 κλιᾶὸν
1494 1530 1568 1556 ὄσσε
1580 1530 1742 1566 βαλοῦσαι.

125 1586 156 1607 ιιι
183 1588 216 1607 ex
242 1579 387 1607 Aristotele
403 1579 486 1606 refert
503 1578 649 1606 Athenaeus
677 1578 723 1605 lib.
746 1586 784 1609 ix,
802 1577 909 1604 femina:

125 1627 240 1653 absente
267 1633 342 1653 mare
362 1633 422 1653 sese
445 1625 614 1657 osculantur,
635 1625 776 1659 subigunt,
795 1628 822 1651 et
847 1632 910 1650 cum

125 1673 153 1699 in
185 1680 244 1699 sese
269 1672 399 1706 genitura:
426 1671 493 1698 nihil
512 1670 663 1702 effundant,
680 1677 730 1696 ora
757 1670 876 1704 pariunt,
896 1676 910 1695 e

123 1719 227 1754 quibus
254 1719 344 1753 pullus
365 1726 419 1745 non
439 1718 537 1745 editur.
560 1717 650 1750 Quare
663 1721 689 1744 et
703 1714 803 1743 Veneri
819 1723 908 1747 sacra,

124 1765 199 1799 apud
212 1765 347 1791 Elianum
363 1764 402 1791 De
413 1764 506 1791 histor.
522 1765 635 1795 anima.,
650 1763 696 1789 lib.
731 1770 767 1793 Iv,
793 1770 853 1796 cap.
880 1761 908 1793 2,

123 1814 152 1837 et
166 1809 206 1836 De
222 1810 295 1836 varia
311 1810 416 1841 histor.,
444 1810 490 1836 lib.
517 1817 536 1841 ι,
556 1817 616 1843 cap.
637 1809 681 1840 15,
698 1809 797 1843 legitur
819 1812 910 1834 tamen

124 1857 159 1882 de
174 1856 238 1888 illis,
249 1855 405 1891 pudicitiam
419 1856 474 1883 illis
488 1863 550 1882 esse.
563 1855 689 1889 primam,
705 1858 732 1881 et
744 1853 831 1880 neutri
846 1857 910 1879 nota

123 1900 271 1931 adulteria,
289 1899 463 1934 conjugiique
480 1899 560 1926 ﬁdem
584 1907 638 1926 nou
657 1899 770 1930 violare,
788 1905 910 1925 commu-

123 1953 244 1980 nemque
262 1953 371 1973 servare
389 1945 511 1972 domum.

159 1991 227 2019 Ibid.
247 1993 333 2019 Ἔστι
346 1992 380 2019 δὲ
391 1991 525 2026 δένδρον.
534 1992 631 2020 Petrus
648 1992 805 2023 Damianus,
817 1992 862 2019 lib.
876 1999 907 2022 ll,

121 2046 167 2073 ep.
194 2038 238 2069 18,
270 2038 327 2069 Est,
356 2039 453 2073 inquit,
484 2039 512 2065 in
523 2038 610 2065 Indice
629 2038 725 2073 ﬁnibus
747 2037 835 2069 arbor,
851 2046 910 2072 qua:

123 2083 216 2111 (ἐι-ατε
232 2084 392 2118 peridexium
407 2089 523 2116 vocatur,
532 2087 607 2119 cujus
618 2085 705 2119 utique
717 2084 818 2117 fructus
832 2084 909 2110 nimis

121 2135 163 2157 est
179 2130 275 2169 dulcis,
291 2136 315 2158 et
342 2130 416 2158 ualde
431 2131 530 2163 suavis,
558 2131 584 2157 in
609 2130 686 2165 hujus
706 2130 809 2157 arboris
830 2130 909 2164 igitur

121 2177 213 2212 gratia
226 2176 352 2210 columba:
367 2185 419 2203 non
431 2176 530 2203 modice
546 2176 724 2207 delectantur;
739 2176 814 2210 cujus
831 2175 909 2201 nimi-

923 1551 944 1579 (ὲ
962 1551 1073 1596 iit-filo}:
1080 1551 1244 1597 ιάἱὶἱῖλὶὲὶῖᾶί
1267 1551 1741 1599 ὶῖθὲτὶνῖμᾶτἨλιᾰᾶρξυὲἶῖέἱιῗάξ

996 1617 1075 1650 lbid.,
1100 1619 1147 1646 lin.
1172 1619 1216 1645 40.
1236 1620 1415 1645 Φιλότεκνον
1426 1620 1445 1653 ἡ
1461 1619 1586 1653 κορώνη.
1612 1620 1741 1651 Basilius.

962 1665 1034 1691 hom.
1052 1664 1077 1697 8,
1096 1664 1250 1691 Ἐπαινετὸν
1269 1666 1320 1700 τῆς
1341 1664 1463 1700 κορώνης
1484 1666 1513 1691 τὸ
1539 1665 1692 1699 φιλότεκνον
1707 1674 1713 1680 ·
1727 1666 1744 1701 ἢ

960 1711 1007 1737 καὶ
1024 1710 1182 1745 πετομένοις
1198 1711 1248 1746 ἤδη
1260 1711 1413 1746 παρέπεται
1429 1711 1565 1742 σιτίζουσσ,
1579 1711 1686 1742 αὐτοὺς,
1698 1711 1745 1738 καὶ

960 1755 1129 1790 ἐκτρέφουσα
1141 1756 1222 1791 μέχρι
1235 1755 1372 1781 πλείστου.
1392 1755 1480 1789 Hujus
1494 1755 1682 1790 φιλοστοργίαν
1698 1763 1740 1782 ex-

961 1801 1043 1835 plicat
1056 1799 1156 1830 Herus.
1184 1801 1229 1827 lib.
1258 1808 1288 1831 ll,
1304 1808 1364 1834 cap.
1388 1800 1433 1831 97,
1457 1804 1484 1827 et
1507 1799 1682 1830 Aristoteles,
1705 1799 1743 1826 De

961 1846 1054 1874 histor.
1080 1846 1191 1873 animal.
1211 1846 1259 1872 lib.
1277 1854 1314 1877 v1,
1335 1853 1396 1880 cap.
1413 1845 1440 1876 6,
1467 1845 1563 1872 Omnes
1586 1845 1639 1879 fere
1668 1845 1743 1872 alites

960 1892 1053 1927 quibus
1068 1900 1166 1927 ungues
1184 1891 1280 1918 adunci
1295 1891 1392 1924 pullas,
1406 1900 1463 1918 cum
1476 1892 1590 1926 primum
1605 1891 1743 1925 provolan-

960 1938 988 1964 di
1005 1938 1120 1972 facultas
1139 1938 1229 1972 fuerit,
1260 1937 1321 1964 nido
1342 1938 1487 1971 expellunt,
1522 1938 1744 1972 percutieutesque

960 1989 1057 2018 cogunt
1071 1984 1219 2014 discedere;
1233 1988 1257 2010 et
1273 1988 1373 2011 caetera:
1383 1991 1482 2018 quoque
1496 1991 1554 2010 ares
1563 1983 1678 2010 maxima
1691 1983 1744 2018 fere

960 2031 1002 2057 sui
1016 2035 1091 2064 parte
1102 2050 1108 2060 ,
1122 2034 1150 2056 ut
1171 2030 1269 2056 dictum
1285 2034 1333 2061 est,
1350 2030 1419 2056 idem
1433 2029 1481 2056 hoc
1496 2029 1597 2064 faciunt
1612 2037 1621 2055 :
1636 2038 1744 2064 cumque

960 2076 1117 2103 enutrierint
1133 2076 1198 2102 nihil
1209 2081 1337 2110 pra‘terea
1353 2075 1476 2102 adhibent
1490 2084 1560 2102 cura'
1568 2080 1674 2110 excepta
1685 2084 1743 2102 cor-

961 2122 1027 2151 nice,
1049 2130 1107 2156 qua:
1120 2121 1275 2156 aliquandiu
1289 2122 1405 2155 providet
1421 2130 1429 2148 :
1443 2122 1536 2156 quippe
1556 2130 1614 2156 qua:
1628 2121 1742 2149 volantes

956 2168 1014 2202 jam
1030 2176 1091 2195 suos
1109 2168 1196 2201 pullos
1210 2176 1318 2201 pascens
1340 2169 1398 2203 ipsa
1412 2169 1559 2196 comitetur.
1576 2167 1608 2194 Et
1627 2167 1741 2199 Plinius,

122 2231 185 2249 ηηι
202 2230 258 2254 ωε,
280 2226 303 2249 ει
328 2222 429 2256 fructu,
451 2222 580 2256 “ﬁcu,”
604 2222 696 2248 umbra
717 2221 842 2254 αείεηαίι,
862 2221 911 2247 γε-
927 2221 948 2248 ι)
963 2215 1010 2241 lib.
1026 2222 1052 2245 ι,
1069 2221 1128 2248 cap.
1149 2214 1192 2245 12,
1207 2214 1339 2241 Prcetcrea
1365 2214 1423 2241 sola
1447 2214 1502 2241 ha'c
1526 2215 1605 2241 etiam
1624 2214 1742 2241 volantes

122 2269 249 2295 terrimus
280 2269 349 2294 enim
376 2267 455 2294 draco
484 2267 561 2301 ferali
582 2275 627 2294 eas
645 2268 809 2294 immanitate
820 2273 907 2300 perse—

120 2316 225 2350 quitur,
240 2320 263 2341 et
292 2315 389 2342 cruenti
403 2316 515 2349 gutturis
534 2313 657 2340 barathro
672 2313 802 2340 inhiantes
818 2312 908 2339 absor-

122 2361 185 2388 bere
196 2360 313 2388 molitur.
326 2360 376 2387 Sed
387 2361 454 2387 sicut
466 2360 592 2387 columbae
604 2359 754 2390 draconem,
765 2360 802 2385 ita
811 2358 907 2384 nihilo-

121 2407 212 2433 minus
232 2406 312 2432 draco
329 2405 454 2441 formidat
466 2414 534 2437 eam,
546 2414 625 2440 quam
639 2405 809 2439 pra’dizimus
826 2406 906 2431 arbo-

121 2459 191 2483 rem,
206 2451 251 2477 sed
273 2452 401 2485 pra'cipue
427 2451 498 2477 timet
521 2450 652 2481 umbram,
669 2451 708 2477 ita
722 2454 750 2476 ut
769 2450 792 2477 si
813 2450 907 2476 umbra

122 2498 205 2532 fuerit
223 2505 239 2523 α
253 2502 326 2531 parte
349 2496 451 2523 arboris
464 2496 568 2527 dextra,
582 2496 629 2522 illa
646 2496 704 2523 licet
719 2496 810 2531 procul
823 2496 907 2531 fugiat

121 2544 158 2570 ad
173 2543 320 2574 sinistram,
334 2542 402 2577 quod
419 2542 442 2569 si
456 2541 549 2568 umbra
564 2542 678 2568 cernitur
688 2542 715 2568 in
728 2542 847 2573 sinistra,
862 2541 907 2567 ille

121 2593 243 2615 certatur
259 2587 293 2613 ad
311 2587 455 2614 dexteram.
472 2586 559 2614 Donec
578 2595 639 2621 ergo
655 2586 781 2613 columine
796 2587 843 2613 sub
861 2595 906 2613 ar-

121 2636 194 2662 boris
208 2634 281 2661 illius
297 2634 448 2660 umbraculo
463 2634 559 2668 fuerint
580 2639 757 2665 commoratio,
768 2634 847 2660 nullis
862 2642 907 2660 eas

119 2680 238 2707 crudelis
259 2679 306 2706 illa
324 2679 405 2706 bestia
430 2679 498 2705 valet
518 2678 620 2705 insidiis
637 2678 740 2707 lwdere.
753 2679 869 2714 alioquin
883 2679 906 2704 si

117 2728 214 2762 procul
230 2734 275 2752 eas
290 2726 425 2755 invenerit.
441 2726 496 2752 sine
513 2725 567 2751 ullo
583 2725 798 2751 contradictionis
817 2724 907 2751 obsta-

116 2775 181 2801 culo
196 2773 344 2806 repentinus
359 2773 468 2798 inuadit.

161 2819 243 2850 lbid.,
263 2818 311 2845 lin.
330 2818 373 2844 54.
391 2817 444 2844 Οἷα
459 2816 492 2843 δέ
506 2816 592 2844 ἐστιν
607 2816 626 2850 ἦ
642 2818 743 2850 φύσις.
765 2816 907 2852 Anaxago-

116 2874 163 2892 "as
179 2865 296 2892 colorem
311 2868 412 2890 certum
426 2862 579 2898 plumarum
590 2862 618 2889 in
634 2863 703 2889 collo
718 2862 905 2891 columbarum

961 2260 1048 2294 pullos
1063 2260 1218 2294 aliquandiu
1238 2261 1322 2295 pascit
1338 2260 1584 2293 inauspicatissima
1600 2260 1667 2294 fetus
1682 2265 1743 2287 tem-

960 2314 1032 2340 pore,
1048 2307 1096 2333 hoc
1105 2311 1142 2333 est
1155 2309 1213 2340 post
1224 2306 1376 2333 solstitium.
1396 2306 1504 2333 Caetera?
1517 2314 1603 2334 omnes
1615 2314 1646 2333 ex
1654 2306 1742 2333 eodem

961 2361 1051 2388 genere
1076 2353 1177 2386 pellunt
1192 2353 1261 2379 nidis
1276 2352 1374 2387 pullos,
1392 2361 1422 2379 ac
1438 2353 1526 2379 volare
1541 2357 1645 2385 cogunt,
1674 2353 1744 2378 sicut

960 2405 983 2426 et
1002 2400 1072 2426 corvi
1089 2400 1155 2434 :qui
1175 2405 1198 2426 et
1216 2400 1266 2434 ipsi
1291 2408 1342 2426 non
1353 2407 1432 2425 carne
1446 2404 1548 2425 tantum
1566 2398 1684 2430 aluntur,
1696 2397 1740 2424 sed

961 2453 984 2474 et
995 2447 1115 2474 robustos
1129 2455 1228 2482 quoque
1238 2446 1305 2480 fetus
1317 2454 1380 2472 suos
1400 2445 1492 2480 fugant
1515 2445 1627 2479 longius.

995 2493 1064 2520 l-bid.
1088 2493 1143 2519 Kal
1168 2492 1348 2527 μένανδρον.
1364 2491 1451 2518 Mares
1474 2491 1581 2518 feminis
1604 2489 1741 2517 connubio

958 2539 1061 2575 junctis
1073 2547 1179 2573 semper
1193 2539 1271 2569 ﬁdos,
1284 2546 1421 2572 nunquam
1438 2537 1470 2563 ad
1484 2538 1595 2564 alteram
1609 2536 1741 2562 divertere

961 2586 1100 2614 comitem.
1115 2592 1145 2611 ac
1161 2592 1211 2611 ucc
1228 2585 1300 2618 ipsas
1314 2583 1422 2618 quidem
1444 2583 1568 2611 feminas.
1593 2581 1681 2616 quoad
1700 2581 1741 2607 vi-

961 2636 1037 2662 vunt,
1060 2631 1092 2657 ad
1113 2632 1239 2661 alterum,
1271 2630 1317 2657 sed
1339 2629 1492 2663 disjunctos
1523 2628 1596 2655 solos
1614 2628 1741 2661 deinceps

961 2686 1068 2712 semper
1081 2678 1178 2711 (legere
1193 2681 1308 2704 testatur
1324 2675 1422 2705 Herus,
1443 2676 1486 2701 lib.
1505 2676 1530 2705 l,
1550 2682 1610 2708 cap.
1632 2673 1657 2701 8.
1675 2674 1739 2699 Plu-

962 2723 1072 2749 tarchus
1088 2722 1191 2757 Gryllo,
1211 2722 1359 2756 Gregorius
1376 2721 1564 2747 Nazianzenus
1581 2720 1686 2746 Parmn.
1706 2719 1739 2746 ad

963 2770 1047 2803 Virg.;
1071 2770 1194 2796 jElianus
1210 2769 1283 2799 item,
1294 2769 1339 2794 lib.
1355 2776 1394 2797 ιιι,
1418 2768 1452 2794 De
1467 2768 1561 2794 histor.
1578 2768 1658 2793 anim.
1673 2774 1698 2793 c.
1712 2766 1739 2795 9,

961 2816 1085 2851 Κορῶναι
1097 2815 1223 2849 ἀλλήλαις
1241 2815 1293 2841 εἱςὶ
1309 2815 1466 2841 πιστότατα
1484 2823 1488 2827 ·
1502 2814 1547 2840 καὶ
1564 2814 1673 2845 ὃτανείς
1684 2820 1743 2840 κους

961 2862 1057 2889 νωνίαν
1076 2861 1222 2889 συνέλθωσι
1238 2861 1307 2888 πάνυ
1329 2861 1428 2896 σφόδρα
1449 2860 1573 2895 ἀγαπῶσι
1596 2867 1677 2895 σφας,

1709 2937 1727 2948 .5"

1693 2937 1727 2955 4.5“

1973 2689 1976 2772 l
