3924 6968
427 267 521 318 9H

1746 259 1986 316 LEONIS
2019 262 2290 318 ΑιιΑΤιι

3533 271 3649 326 912

425 378 523 432 οὐκ
554 377 618 432 ἀν
655 378 751 431 ἴδοι
777 394 858 439 τις
885 375 1185 446 μιγνύμενα
1208 374 1380 428 ταῦτα
1409 373 1478 426 τὰ
1510 373 1626 439 ςῶα
1650 372 1863 445 ἀνέδην,
1883 375 1976 429 καὶ

2096 377 2205 444 rvis,
2226 379 2385 431 simul
2431 395 2494 431 ne
2541 379 2706 433 durus
2735 380 2804 432 sit
2837 379 3132 448 infantibus
3155 381 3341 452 pullis.
3385 380 3650 439 Elianus

425 469 499 532 ὠς
522 468 698 540 ἔτυχε.
741 467 967 534 Λέγουσι
997 465 1056 519 δὲ
1087 467 1135 517 οἱ
1161 464 1231 518 τά
1272 466 1405 536 περὶ
1445 464 1651 518 τούτων
1685 465 1976 536 ἀκριϐοῦνο

427 577 536 623 τες,
575 561 674 622 ὅτι,
705 559 806 611 κᾶν
827 557 1083 610 ἀποθάνοι
1114 557 1175 610 τὸ
1206 557 1413 629 ἕτερον,
1439 558 1500 610 τὸ
1527 557 1708 610 λοιπὸν
1737 558 1977 628 χηρεύει.

441 649 642 702 Ἀκούω
675 649 731 701 δὲ
763 651 886 712 τοὺς
919 649 1083 702 πάλαι
1121 648 1212 702 καὶ
1241 650 1300 702 ὲν
1341 652 1453 714 τοῖς
1486 648 1684 718 γάμοις
1725 649 1862 720 μετά
1894 651 1982 704 τὸν

431 744 672 813 ὑμέναιον
687 743 782 813 τὴν
809 741 1050 815 κορώνην
1070 741 1273 808 καλεῖν,
1294 742 1543 814 σύνθημα
1561 744 1810 816 ὁμονοίας
1829 745 1983 799 τοῦτο

428 839 536 899 τοῖς
574 835 839 890 συνιοῦσιν
892 837 983 888 ἐπὶ
1009 836 1318 907 παιδοποιίᾳ
1373 835 1624 900 διδόντες.
1699 835 1781 892 0b
1844 838 1984 894 hanc

428 943 558 999 ergo
613 929 782 984 maris
813 937 868 984 et
897 927 1110 985 feminae
1157 928 1528 992 concordiam,
1575 936 1628 984 et
1665 937 1981 1000 perpetuam

429 1021 684 1077 connubii
719 1024 888 1094 legem
918 1027 983 1077 ac
1015 1022 1193 1087 ﬁdem,
1229 1021 1486 1077 solitaria:
1521 1024 1759 1080 cornicis
1785 1039 1980 1078 occur-

429 1130 523 1171 sus
551 1114 753 1169 malum
794 1129 952 1169 omen
997 1114 1233 1169 faciebat
1267 1113 1522 1171 Elianus
1568 1114 1714 1170 dicto
1763 1117 1880 1172 loco
1924 1125 1978 1172 et

428 1205 536 1262 alii.

498 1297 656 1365 |bid.,
678 1299 773 1351 lin.
800 1297 887 1352 45.
938 1298 989 1350 '0
1026 1295 1094 1349 δὲ
1120 1299 1499 1366 νυκτικόραξ.
1532 1297 1708 1368 Hujus
1735 1300 1981 1355 meminit

428 1389 680 1453 Basilius,
713 1390 858 1445 hom.
889 1388 922 1442 8
954 1390 1009 1442 in
1049 1387 1328 1453 Hexaem.;
1353 1389 1551 1455 Horus,
1580 1391 1674 1445 lib.
1701 1407 1760 1454 ιι,
1788 1407 1844 1446 c.
1878 1390 1978 1458 25;

428 1481 764 1545 Aristoteles,
803 1481 877 1534 De
903 1482 1092 1537 histor.
1144 1483 1337 1544 anim.,
1395 1481 1491 1536 lib.
1530 1497 1652 1546 vni,
1679 1498 1799 1552 cap.
1841 1483 1895 1544 5,
1929 1494 1981 1538 et

428 1569 522 1623 lib.
567 1586 642 1635 ix,
679 1585 798 1641 cap.
827 1569 917 1626 59.
950 1571 1287 1641 Apollinario
1324 1571 1516 1642 psalm.
1557 1585 1630 1642 οι,
1679 1581 1764 1628 est
1791 1574 1982 1638 νυκτὸς

427 1663 616 1734 κόραξ.

496 1776 811 1843 Δέρκεσθαι
836 1777 1016 1845 φαίης
1035 1793 1142 1830 κεν
1160 1776 1531 1844 ἐρημονόμον
1549 1774 1908 1838 πελεκᾶντα,

504 1851 578 1901 Ἣ
604 1847 832 1914 νυκτὸς,
848 1851 1070 1914 κόρακα
1093 1845 1287 1914 ψιλῶν
1310 1846 1583 1899 δαπέδων
1601 1845 1876 1912 ναετῆρα,

501 1921 574 1971 Ἦ
585 1932 727 1986 στρο
737 1919 878 1971 υθόν
894 1918 1002 1970 τιν’
1020 1918 1249 1970 ἄϋπνον
1259 1916 1411 1970 ἐόντ’
1423 1917 1492 1970 ἐν
1505 1915 1722 1985 δώματι
1731 1933 1808 1986 μο
1817 1916 1980 1970 ῦνον.

503 2032 658 2092 lbid.,
696 2032 790 2086 lin.
843 2032 930 2084 45.
966 2031 1365 2100 Φιλόστοργος
1413 2031 1446 2083 ό
1485 2031 1667 2098 ἔποψ.
1708 2027 1980 2091 ᾹΞιὶιιιιιιε,

433 2123 524 2176 lib.
563 2138 613 2184 ι,
639 2136 760 2192 cap.
801 2122 884 2184 16,
932 2119 1220 2192 Egyptios
1276 2122 1351 2174 ait
1389 2119 1650 2182 ciconias,
1693 2119 1984 2189 vulpanse-

433 2227 538 2270 res.
598 2221 652 2265 et
692 2227 902 2280 upupas
933 2213 986 2266 in
1010 2213 1214 2266 honore
1257 2210 1478 2276 habere,
1518 2209 1665 2279 quod
1704 2216 1987 2264 senectute

432 2305 649 2358 atl'ectos
685 2313 935 2372 parentes
975 2305 1147 2358 alunt.
1182 2302 1432 2373 Upupam
1476 2303 1663 2357 nidum
1692 2317 1722 2356 e
1746 2310 1988 2357 stercore

431 2393 698 2462 praecipue
715 2394 949 2468 humano
963 2394 1228 2449 conﬁcere
1253 2393 1420 2447 tradit
1443 2393 1764 2448 Aristoteles
1791 2393 1882 2447 lib.
1910 2406 1984 2455 ιτ,

432 2501 551 2556 cup.
581 2486 665 2551 l3,
703 2486 776 2540 De
808 2487 930 2540 hist.
952 2488 1141 2551 anim.;
1181 2487 1269 2557 qui
1315 2495 1518 2552 tamen,
1551 2501 1672 2555 cap.
1699 2487 1752 2551 1,
1787 2486 1880 2540 lib.
1912 2501 1984 2549 νι,

437 2594 671 2648 upupam
718 2595 822 2634 non
874 2579 1155 2634 nidiﬁcarc
1203 2581 1295 2645 ait,
1341 2581 1435 2635 sed
1470 2582 1522 2634 in
1550 2580 1699 2634 cavis
1732 2583 1986 2634 arborum

432 2688 622 2742 parere
648 2672 765 2728 sine
789 2673 896 2728 ullo
914 2680 1232 2735 stramento,
1270 2673 1372 2725 Ὧδ’
1393 2672 1531 2741 ἔποψ
1557 2674 1712 2742 μόνος
1737 2673 1796 2724 οὐ
1821 2674 1990 2724 ποιεῖ-

431 2781 521 2819 ται
551 2765 819 2818 νεοττείαν
868 2763 974 2816 τῶν
1013 2764 1133 2817 καθ’
1177 2764 1365 2816 ἑαυτὸν
1417 2763 1818 2827 νεοττευόντων,
1876 2762 1989 2815 ἀλλ’

433 2857 769 2927 εἰσδυόμενος
821 2857 899 2920 εἰς
939 2857 1006 2910 τὰ
1051 2855 1296 2926 στελέχη,
1345 2858 1402 2908 ὲν
1450 2859 1562 2919 τοῖς
1591 2855 1785 2918 κοίλοις
1814 2854 1990 2908 αὐτῶν

437 2950 632 3013 τίκτει,
656 2947 803 3001 οὐδὲν
830 2946 1102 3018 συμφορού
1111 2963 1287 3017 μενος.

2080 471 2157 526 De
2208 471 2394 527 histor.
2429 473 2618 535 anim.,
2648 472 2742 527 lib.
2774 488 2856 534 ιιι,
2888 488 3010 544 cap.
3055 473 3149 540 24,
3214 474 3279 527 Ἠ
3309 474 3366 528 δὲ
3394 475 3650 545 χελιδὼν,

2079 563 2166 616 ὅτε
2192 561 2448 632 εύποροίη
2475 560 2647 633 πηλοῦ
2671 564 2782 624 τοῖς
2804 560 2949 627 ὄνυξι
2976 561 3154 634 φέρει,
3177 562 3269 616 καὶ
3299 563 3653 634 ωμπλάττει

2079 656 2175 727 τὴν
2195 655 2407 708 καλιάν.
2440 656 2501 708 Εἰ
2518 655 2572 707 δὲ
2592 653 2793 724 ἀπορία
2817 656 2921 724 εἴη,
2959 655 3034 717 ὡς
3077 653 3448 725 Ἀριστοτέλης
3468 654 3654 723 λέγει,

2081 747 2275 817 ἑαυτὴν
2301 745 2502 816 βρέχει,
2535 746 2628 799 καὶ
2658 749 2739 810 είς
2766 746 2913 799 κόνιν
2948 745 3108 816 φύρει
3147 745 3218 799 τά
3260 746 3434 817 πτερά
3471 747 3660 816 ἔμπε-

2083 841 2174 893 σοῦ
2183 858 2270 905 σα,
2299 839 2501 893 καὶτοῦ
2531 838 2700 910 πηλοῦ
2718 856 2782 892 πε
2790 837 3131 909 ριπαγέντος,
3151 836 3396 890 ἐντεῦθεν
3428 839 3658 891 ὑπαπο-

2079 917 2323 1005 ψήχουσα
2366 931 2443 1002 τῷ
2492 931 2697 1003 ῥάμφει
2753 931 2850 1001 τὴν
2907 929 3272 1001 προκειμένην
3330 928 3658 999 οἰκοδομίαν

2082 1026 2406 1095 χειρουργεῖ.
2447 1022 2656 1076 Ἀπαλά
2680 1039 2738 1074 τε
2765 1023 2894 1074 ὄντα
2919 1021 2988 1074 τὰ
3004 1021 3232 1081 νεόττια,
3269 1021 3364 1072 καὶ
3391 1018 3502 1072 τῶν
3524 1019 3658 1072 πτί-

2079 1118 2185 1171 λων
2215 1116 2395 1186 γυμνά
2435 1111 2542 1168 οἶδε
2592 1114 2768 1177 καλῶς
2813 1113 2906 1166 ἐπὶ
2951 1111 3121 1182 ψιλῶν
3171 1116 3391 1183 stuppam
3421 1113 3472 1166 ει
3510 1114 3658 1166 ἀνα-

2081 1209 2325 1275 παύοιτο,
2363 1210 2444 1263 ὃτι
2489 1206 2876 1278 κολασθήσεται
2905 1206 3191 1274 ἀλγοῦντα.
3221 1207 3426 1261 Οὐκοῦν
3451 1208 3548 1260 ἐπὶ
3580 1207 3657 1259 τὰ

2079 1301 2225 1355 νῶτα
2255 1301 2363 1354 τῶν
2391 1300 2673 1371 προϐάτων
2720 1299 2887 1362 ἱζάνει
2913 1299 3009 1353 καὶ
3035 1300 3256 1370 ἀποσπᾷ
3280 1299 3374 1353 τοῦ
3413 1298 3651 1370 μαλλοῦ,

2081 1395 2174 1447 καὶ
2225 1393 2470 1448 ἐντεῦθεν
2507 1393 2617 1454 τοῖς
2643 1393 2835 1461 ἑαυτῆς
2872 1391 3094 1464 βρέφεσι
3124 1391 3188 1444 τὸ
3213 1392 3368 1461 λέχος
3400 1390 3654 1462 μαλακὸν

2081 1487 2337 1558 ἔστρωσε.
2379 1483 2515 1539 Vide
2546 1483 2918 1548 Plutarchum,
2957 1483 3034 1538 De
3063 1484 3279 1538 solertia
3309 1485 3651 1537 animalium.

2079 1577 2264 1648 Neque
2309 1575 2528 1630 silentio
2594 1574 3030 1645 praetereundum
3064 1573 3210 1643 quod
3241 1573 3405 1628 tradit
3438 1571 3650 1633 Herus,

2083 1669 2175 1722 lib.
2201 1684 2258 1732 ιι,
2296 1682 2397 1736 cap
2425 1666 2514 1733 5i,
2565 1666 2710 1720 illam
2738 1665 2850 1734 jam
2900 1665 3060 1719 morti
3102 1665 3402 1734 proximam
3441 1664 3564 1718 luto
3593 1677 3656 1717 se

2012 1735 2256 1828 Bipsam
2326 1735 2602 1819 volutare,
2661 1763 2715 1810 et
2788 1755 2951 1824 pullis
3015 1755 3250 1809 latebras
3303 1768 3653 1824 comparare.

2095 1850 2307 1921 Ἑκείνη
2346 1848 2453 1920 γὰρ
2475 1847 2646 1901 κυλίει
2672 1847 2864 1918 ἑαυτὴν
2887 1849 2968 1910 είς
3006 1846 3195 1917 πηλὸν,
3219 1848 3314 1899 καὶ
3335 1846 3508 1911 κτίζει
3538 1846 3656 1907 τοῖς

2083 1943 2314 2003 νεοττοῖς
2349 1938 2550 2008 φωλεὸν
2590 1937 2854 2009 μέλλουσα
2877 1938 3165 1992 τεθνάναιε
3204 1937 3348 2008 quod
3379 1951 3491 1992 non
3535 1952 3662 1991 me-

2085 2029 2218 2083 mini
2254 2044 2339 2083 me
2357 2029 2484 2082 alibi
2514 2029 2732 2099 legisse.

2157 2118 2317 2181 lbid.,
2350 2119 2446 2172 lin.
2481 2117 2568 2172 5i.
2613 2117 2960 2187 Μόνανδρος
2998 2116 3037 2184 ἡ
3085 2116 3336 2187 τρυγών.
3387 2116 3656 2180 Basilius,

2086 2210 2233 2266 ιιοιιι.
2259 2211 2312 2274 8,
2346 2211 2454 2282 Τὴν
2484 2211 2715 2283 τρυγόνα
2759 2212 2911 2279 φασὶ,
2960 2209 3366 2280 διαζευχθείσαν
3393 2212 3527 2262 ποτὲ
3560 2209 3666 2262 τοῦ

2087 2299 2370 2371 όμόζυγος,
2410 2301 2604 2373 μηκέτι
2631 2302 2728 2372 τὴν
2755 2303 2889 2373 πρὸς
2916 2302 3101 2372 ἕτερον
3125 2301 3516 2372 καταδέχεσθαι
3540 2319 3662 2354 κοι-

2089 2393 2300 2457 νωνίαν,
2346 2392 2480 2446 ἀλλὰ
2529 2393 2707 2463 μένειν
2749 2393 3112 2446 ἁσυνδύαστον
3161 2396 3349 2465 μνήμῃ
3386 2393 3480 2446 τοῦ
3525 2410 3660 2446 ποτε

2091 2483 2491 2554 συζευχθέντος,
2515 2483 2610 2554 τὴν
2633 2484 2768 2554 πρὸς
2792 2484 2975 2554 ἕτερον
3001 2485 3284 2538 κοινωνίαν
3313 2486 3665 2557 ἀπαρνουμέ-

2090 2590 2208 2644 νην.
2239 2575 2487 2630 Clemens
2532 2575 2958 2635 Alexandrinus.
3009 2573 3206 2628 Strom.
3247 2575 3314 2642 2;
3357 2575 3665 2646 Gregorius

2089 2664 2439 2728 Nazianzen.,
2494 2665 2671 2720 Carm.
2704 2666 2773 2718 ad
2803 2667 2933 2736 virg.
2961 2665 3167 2735 .Mirum
3202 2667 3255 2720 id
3289 2668 3435 2736 quod
3470 2676 3664 2722 narrat

2093 2757 2344 2810 xElianus
2403 2757 2469 2810 de
2525 2766 2795 2810 turturum
2860 2772 2925 2810 ac
2985 2757 3360 2812 columbarum
3411 2758 3662 2812 albarum

2091 2851 2367 2903 castitate.
2401 2848 2457 2902 Si
2481 2850 2622 2902 enim
2653 2846 2944 2916 impudicis
2977 2847 3272 2913 amoribus,
3305 2850 3664 2919 externisque

2091 2940 2383 2994 inservisse
2415 2939 2801 3008 persenserint,
2836 2938 3056 3007 reliqua:
3080 2946 3343 3003 turtures,
3367 2947 3422 2994 et
3451 2939 3670 2993 colum-

506 3041 665 3104 lbid.,
715 3040 809 3094 lin.
834 3039 922 3093 49.
982 3041 1049 3093 Ἠ
1084 3039 1152 3091 δὲ
1183 3038 1438 3108 χελιδὼν
1465 3040 1626 3104 ἅπαξ
1647 3039 1848 3110 γεννᾷ.
1877 3041 1993 3095 Ari-

2096 3033 2173 3085 bze
2209 3047 2412 3087 marem
2453 3031 2784 3100 discerpunt,
2821 3043 2874 3085 et
2913 3031 3145 3100 pessime
3175 3031 3407 3099 perdunt
3445 3049 3460 3085 :
3505 3029 3664 3085 femi-

437 3133 656 3189 stotelcs
687 3139 868 3186 tamen
892 3130 988 3185 lib.
1031 3149 1085 3196 v,
1122 3129 1197 3185 De
1231 3131 1353 3184 hist.
1388 3132 1577 3195 anim.,
1612 3146 1732 3202 cap.
1778 3133 1864 3196 15,
1904 3133 1989 3186 hi-

437 3223 721 3278 rundinem
762 3225 835 3277 ait
876 3223 959 3278 bis
993 3238 1134 3276 anno
1169 3238 1378 3293 parere,
1408 3223 1553 3293 quod
1604 3223 1895 3278 conﬁrmat
1942 3234 1995 3279 et

436 3313 665 3378 Plinius,
696 3313 787 3368 lib.
822 3329 876 3376 Χ,
909 3327 1030 3381 cap.
1063 3313 1150 3375 55,
1183 3310 1506 3367 Hirundines
1535 3323 1584 3367 et
1603 3315 1817 3368 merula:
1837 3325 1884 3368 et
1906 3331 1996 3384 pa-

439 3407 621 3472 lumbi,
644 3415 692 3461 et
726 3417 954 3460 turtures
983 3407 1061 3459 bis
1087 3423 1226 3459 anno
1250 3407 1480 3474 pariunt,
1514 3417 1716 3460 cwtera:
1740 3423 1855 3461 aves
1887 3409 1996 3477 fere

445 3499 620 3553 semel.
657 3497 787 3551 Avis
818 3498 932 3551 hzec
959 3498 1100 3550 inter
1128 3497 1263 3552 alias
1311 3498 1479 3551 multa
1523 3499 1683 3552 habet
1736 3499 1844 3553 illis
1887 3515 1994 3555 non

439 3589 767 3652 communia,
798 3603 916 3657 quae
943 3587 1181 3641 referunt
1211 3587 1247 3641 ii
1272 3589 1364 3656 qui
1385 3588 1452 3643 de
1485 3588 1810 3644 animalibus
1834 3589 1998 3643 histo-

440 3680 552 3736 rias
599 3679 887 3749 scripsere.
937 3677 1043 3732 Sed
1091 3679 1419 3748 praecipuum
1450 3689 1504 3734 et
1537 3680 1770 3734 maxime
1823 3681 1996 3734 admi-

440 3771 672 3826 randum
705 3770 837 3825 illud
882 3785 1004 3826 esse
1045 3770 1180 3825 mihi
1230 3771 1464 3835 videtur,
1515 3771 1658 3841 quod
1706 3773 1772 3827 de
1809 3788 1998 3828 earum

443 3864 589 3918 coitu
615 3862 805 3918 scribit
832 3861 1102 3924 IElianus,
1126 3861 1202 3916 De
1225 3862 1410 3918 histor.
1442 3864 1628 3929 anim.,
1668 3864 1762 3919 lib.
1790 3881 1850 3928 ιι,
1876 3881 1994 3936 cap.

444 3955 509 4008 5:
535 3955 596 4008 Ol
630 3952 726 4023 μὲν
751 3951 959 4023 ὄρνιθες
979 3954 1025 4004 οἱ
1052 3953 1224 4023 ’έτεροι
1245 3953 1637 4015 ἁναὸαίνονται,
1654 3953 1727 4019 ὡς
1751 3954 1924 4022 λόγος,
1943 3957 2000 4009 αἱ

444 4047 500 4099 δὲ
522 4045 782 4116 χελιδόνες
809 4044 890 4108 οὒ,
923 4044 1058 4098 ἀλλὰ
1086 4043 1289 4097 τούτων
1305 4061 1367 4112 γε
1396 4047 1658 4115 ἐναντίαή
1686 4046 1827 4116 μίξις
1861 4049 1998 4109 ἐστὶ,

448 4137 540 4188 καὶ
575 4136 633 4187 τὸ
654 4136 820 4188 αἴτιον
849 4130 1036 4207 οἳδενή
1066 4134 1244 4203 φύσις·
1283 4136 1442 4204 Λέγει
1470 4136 1525 4189 δὲ
1543 4139 1571 4190 ὁ
1603 4137 1799 4190 πλείων
1820 4138 1997 4206 λόγος,

447 4231 528 4282 ὅτι
556 4229 850 4299 πεφρίκασι
878 4228 966 4282 τὸν
998 4228 1188 4299 τηρέα,
1227 4229 1319 4282 καὶ
1349 4228 1639 4290 δεδοίκασι,
1673 4231 1878 4300 μήποτε
1895 4229 2003 4300 ἄρα

451 4319 831 4392 προσερπύσας
879 4319 1071 4391 λάθρα,
1099 4315 1218 4373 εἶτα
1243 4321 1540 4392 ἐργάσηται
1577 4321 1876 4392 τραγῳδίαν
1907 4323 1999 4375 καὶ

451 4429 565 4464 νυν.

521 4501 681 4566 lbid.,
740 4501 1092 4571 Πηγνυμένη
1142 4501 1209 4555 δὲ
1255 4503 1388 4572 τήν.
1420 4501 1676 4569 Basilius,
1741 4505 1885 4560 hom.
1918 4505 1952 4560 8
1992 4528 2003 4560 :

465 4596 674 4666 Ἐκείνη
696 4595 804 4667 γάρ
831 4597 928 4666 τὴν
956 4593 1146 4648 καλιάν
1190 4596 1529 4668 πηγνυμένη,
1573 4597 1642 4650 τὰ
1685 4599 1781 4668 μὲν
1815 4598 2000 4671 κάρφη

451 4688 528 4758 τῷ
553 4687 777 4756 στόματι
803 4685 1121 4755 διακομίζει,
1157 4687 1324 4757 πηλὸν
1351 4686 1407 4739 δὲ
1437 4691 1546 4752 τοῖς
1572 4690 1726 4741 ποσὶν
1759 4687 1892 4761 ἆραι
1933 4689 2005 4760 μὴ

451 4778 743 4848 δυναμένη,
766 4776 837 4830 τὰ
873 4778 1017 4846 ἄκρα
1046 4775 1152 4829 τῶν
1205 4776 1378 4829 ποδῶν
1427 4776 1578 4830 ὕδατι
1607 4778 1861 4848 βρέξασα,
1891 4775 2008 4833 εἶτα

453 4874 518 4940 τῇ
577 4868 874 4939 λεπτοτάτῃ
903 4869 1048 4920 κόνει
1093 4867 1442 4938 ὲνειληθεῖσα,
1471 4868 1642 4932 οὕτως
1674 4871 1877 4922 ἐπινοεῖ
1911 4871 2004 4922 τοῦ

455 4963 626 5034 πηλοῦ
674 4961 769 5033 τὴν
818 4961 1025 5031 χρείαν,
1087 4961 1180 5013 καὶ
1242 4961 1380 5014 κατά
1428 4961 1617 5032 μικρὸν
1662 4963 1910 5035 ἀλλήλοις
1941 4964 2010 5016 τὰ

457 5057 639 5126 κάρφη
673 5050 782 5107 οἷον
819 5053 982 5125 κόλλῃ
1002 5052 1107 5105 τινὶ
1135 5051 1212 5122 τῷ
1241 5052 1397 5124 πηλῷ
1423 5053 1745 5124 συνδήσασα,
1777 5056 1834 5108 ὲν
1866 5056 2002 5127 αὑτῇ

455 5149 580 5210 τοὺς
611 5145 852 5208 νεοττοὺς
901 5143 1173 5215 ἐκτρέφει.
1233 5143 1307 5198 De
1350 5145 1700 5199 hirundinum
1743 5147 2012 5201 industria

458 5238 512 5291 in
536 5239 674 5291 nidis
708 5234 1062 5291 conﬁciendis
1092 5232 1431 5300 Aristoteles,
1463 5236 1558 5289 lib.
1590 5252 1665 5299 ix,
1698 5252 1817 5307 cap.
1854 5239 1905 5302 7,
1932 5239 2010 5292 De

458 5326 642 5383 histor.
680 5326 1011 5389 animal.,ex
1044 5339 1153 5395 quo
1187 5340 1286 5379 sua
1331 5325 1520 5380 habuit
1557 5325 1766 5383 Plinius
1811 5329 1904 5384 lib.
1956 5346 2010 5394 ι,

463 5434 578 5488 cap.
601 5421 686 5484 '55.
730 5420 1055 5475 Ilirundines
1108 5422 1216 5476 luto
1247 5430 1572 5485 construunt,
1600 5431 1891 5476 stramento
1923 5440 2011 5475 ro-

461 5511 664 5564 borant.
693 5510 750 5566 Si
776 5513 984 5580 quando
1011 5513 1188 5582 inopia
1218 5522 1293 5566 est
1325 5513 1448 5576 luti,
1490 5511 1800 5581 madefacta:
1838 5513 2010 5566 multa

460 5619 596 5670 aqua
616 5605 794 5670 pennis
821 5606 1082 5672 pulverem
1129 5617 1402 5676 spargunt,
1449 5608 1622 5677 ipsum
1672 5623 1790 5660 vero
1826 5606 2012 5660 nidum

461 5693 704 5749 incilibus
727 5697 942 5764 plumis,
975 5698 1253 5766 ﬂoccisque
1280 5708 1616 5754 consternunt
1640 5698 2010 5768 lepefaciendis

2097 3138 2178 3176 nae
2205 3139 2335 3178 vero
2374 3122 2742 3176 misericordia
2783 3130 3060 3191 permota}.
3101 3121 3250 3174 nulla
3289 3121 3438 3174 illata
3487 3121 3662 3175 mole-

2097 3216 2199 3268 stia
2230 3215 2282 3268 in
2331 3215 2593 3270 viduitate
2641 3214 2904 3283 reliquam
2955 3222 3164 3268 aetatem
3196 3216 3397 3269 ducere
3432 3209 3670 3284 permit-

2097 3315 2236 3369 tunt,
2274 3307 2374 3362 hoc
2399 3307 2539 3361 idem
2573 3315 2626 3362 et
2648 3307 2927 3375 palumbes
2960 3307 3134 3361 ﬁcere
3159 3305 3410 3370 aﬁirmat,
3443 3315 3670 3376 praeter-

2097 3415 2258 3470 quam
2290 3400 2432 3468 quod
2473 3399 2570 3463 illi,
2621 3408 2674 3452 et
2719 3415 2945 3463 marem,
2989 3408 3042 3453 et
3083 3398 3339 3452 feminam
3383 3398 3665 3454 occidunt.

2059 3543 2062 3546 .
2097 3491 2173 3546 De
2196 3492 2378 3546 histor.
2405 3491 2650 3558 animal.,
2672 3491 2766 3546 lib.
2823 3507 2906 3557 ιιι,
2951 3506 3069 3561 cap.
3101 3491 3192 3554 44,
3217 3491 3672 3564 Σωφρονέσταται

2097 3583 2322 3655 ὀρνίθων
2356 3585 2411 3636 αἱ
2445 3585 2644 3652 φᾶτται
2672 3584 2904 3655 ᾅδονται.
2949 3584 3004 3636 '0
3039 3583 3170 3652 γοῦν
3196 3586 3373 3656 ἄρρην
3399 3587 3494 3638 καὶ
3518 3588 3546 3639 ό
3573 3587 3672 3658 0i;-

2098 3675 2213 3740 λυς,
2257 3675 2689 3740 συνδυασθέντες,
2735 3678 2827 3729 καὶ
2873 3679 3033 3730 οἱονεὶ
3070 3677 3554 3748 συμπνεύσαντες,
3590 3683 3676 3744 εἰς

2099 3768 2274 3837 γάμον
2305 3767 2545 3837 ἀλλήλων
2572 3767 2803 3836 ἔχονται,
2838 3769 2932 3820 καὶ
2955 3769 3312 3839 σωφρονοῦσι,
3343 3771 3439 3823 καὶ
3473 3771 3578 3823 οὐκ
3604 3772 3675 3826 ἂν

2100 3860 2304 3913 όθνείου
2335 3860 2520 3929 λέχους
2553 3861 2829 3931 οὐδέτερος
2861 3861 3056 3930 ἅψεται
3082 3862 3187 3916 τῶν
3222 3863 3449 3933 ὀρνίθων
3475 3864 3669 3917 τῶνδε.

2115 3953 2238 4005 Ἐὰν
2271 3951 2325 4004 δὲ
2357 3951 2866 4021 ἐποφθαλμιάσωσιν
2895 3953 3118 4023 ἑτέροις,
3160 3955 3543 4025 περιέρχονται
3575 3957 3674 4009 αὑ-

2101 4046 2221 4107 τοὺς
2249 4045 2296 4096 οἱ
2319 4044 2510 4096 λοιποίσ
2551 4044 2643 4096 καὶ
2671 4044 2761 4096 τὸν
2794 4044 2889 4113 μὲν
2920 4045 3126 4116 ἄρρενα
3160 4048 3208 4098 ol
3243 4048 3527 4116 ὁμογενεῖς
3557 4048 3672 4101 διας

2105 4136 2330 4197 σπῶσιν,
2363 4139 2416 4189 αἱ
2457 4136 2667 4205 θήλειαι
2708 4136 2764 4188 δὲ
2798 4139 2889 4189 σὺν
2934 4136 3116 4208 θῆλυν.
3159 4139 3344 4202 Οὕτως
3376 4140 3485 4210 ἄρα
3518 4144 3546 4194 ὁ
3577 4142 3676 4211 τῆς

2106 4230 2454 4300 σωφροσύνης
2489 4231 2650 4299 νόμος
2682 4231 2776 4284 καὶ
2814 4231 2871 4292 ἐς
2906 4230 3003 4293 τὰς
3034 4231 3303 4302 τρυγόνας
3339 4235 3674 4308 ἀφικνεῖται,

2105 4323 2197 4373 καὶ
2241 4321 2503 4392 ἄτρεπτος
2564 4323 2740 4391 μένει,
2792 4323 2888 4374 καὶ
2938 4323 2994 4385 ἐς
3055 4323 3155 4386 τὰς
3214 4325 3546 4394 περιστεράς
3579 4326 3677 4389 τὰς

2033 4422 2074 4476 D
2104 4411 2316 4475 λευκὰς,
2355 4413 2491 4483 πλὴν
2539 4412 2631 4466 τοῦ
2683 4412 3040 4467 θανατοῦσθαι
3083 4416 3339 4486 ἑκάτερον
3375 4416 3468 4468 τὸν
3501 4417 3675 4487 ὄρνιν’

2109 4505 2228 4556 ἐπεὶ
2255 4504 2346 4558 τὸν
2379 4505 2474 4574 μὲν
2505 4505 2706 4575 ἀρῤενα
2738 4506 3038 4576 ἀναιροῦσι,
3079 4506 3178 4576 τὴν
3205 4507 3263 4559 δὲ
3293 4506 3458 4576 Θῆλυν
3483 4507 3682 4578 ᾤκτει-

2112 4610 2232 4664 ραν,
2283 4593 2376 4646 καὶ
2426 4595 2611 4647 εἴασαν
2658 4595 2840 4666 ἀπαθῆ
2885 4597 3000 4660 ,καὶ
3053 4598 3290 4668 περίεισι
3335 4599 3525 4669 χῆρος.
3578 4599 3682 4654 Hic

2109 4685 2236 4739 dum
2278 4685 2344 4740 de
2387 4693 2597 4742 turture
2639 4703 2944 4742 sermonem
2984 4689 3270 4753 habemus,
3315 4691 3466 4744 nullo
3516 4697 3682 4747 modo

2110 4775 2350 4830 silendus
2385 4787 2468 4832 est
2497 4777 2716 4833 Davidis
2757 4777 3051 4834 Ilcescbelii
3080 4794 3238 4833 error
3266 4781 3542 4837 maximus
3565 4785 3683 4836 ἀνι·

2114 4869 2420 4940 στορησίας.
2459 4869 2594 4924 Cum
2623 4871 2767 4924 enim
2800 4868 2981 4926 Horus
3027 4870 3125 4924 lib.
3161 4885 3223 4933 ιι,
3269 4883 3391 4940 cap.
3437 4870 3564 4938 “2,
3613 4873 3682 4927 de

2113 4966 2323 5015 turture
2380 4961 2587 5015 marina
2631 4961 2964 5030 loqueretur,
3007 4962 3264 5033 illiusque
3294 4963 3575 5034 ingenium
3612 4981 3682 5020 ex

2112 5050 2489 5122 Egypliorum
2521 5055 2787 5108 sententia
2830 5063 3148 5124 exponeret,
3189 5054 3538 5113 Hmschelius
3568 5072 3682 5111 non

2113 5143 2545 5198 animadvertetis
2586 5144 2652 5199 de
2710 5160 2945 5214 quonam
2986 5161 3170 5201 sermo
3203 5155 3369 5212 esset,
3406 5147 3594 5212 ᾔει-ει,
3631 5161 3684 5204 et

2113 5244 2172 5288 ut
2201 5236 2410 5291 videtur
2441 5237 2507 5290 de
2545 5244 2759 5293 turture
2787 5238 3083 5292 accilorum
3128 5241 3278 5293 illum
3324 5241 3600 5311 intelligit,
3633 5253 3685 5296 ct

2113 5325 2355 5394 quaedam
2397 5327 2500 5379 alia
2535 5325 2803 5399 πάρεργα,
2835 5328 2930 5380 καὶ
2958 5328 3062 5396 ἔξω
3097 5331 3192 5384 τοῦ
3228 5331 3432 5385 σκοποῦ
3466 5332 3524 5385 in
3565 5349 3681 5387 me-

2113 5418 2261 5471 dium
2307 5417 2478 5484 aﬁ‘ert,
2528 5435 2665 5487 qum,
2709 5428 2767 5473 ut
2814 5419 2930 5490 ipse
2963 5422 3306 5491 opinabatur,
3357 5439 3386 5478 a
3435 5425 3684 5494 subjecta

2114 5511 2338 5565 materia
2367 5510 2585 5565 minime
2614 5519 2768 5566 erant
2798 5513 2994 5578 aliena,
3031 5522 3160 5584 puto
3196 5515 3298 5570 hoc
3332 5516 3409 5570 illi
3435 5518 3553 5585 jam
3603 5518 3686 5572 la-

2114 5604 2336 5659 boribus
2391 5603 2568 5672 potius
2601 5605 2655 5658 in
2701 5607 2846 5661 notis
2888 5607 3000 5660 illis
3033 5607 3390 5664 conﬁciendis
3440 5609 3684 5669 defesso.

2115 5713 2272 5767 quam
2312 5697 2525 5752 inscitia
2555 5698 2822 5754 evenisse.
2855 5699 3220 5769 Antiquorum
3251 5702 3436 5771 itaque
3465 5711 3689 5758 senten-
