1962 3484
119 153 171 180 915

674 150 706 176 lN
726 149 909 178 EUSTA.Tllll
931 151 1165 182 llEXAEMEllOlV
1186 151 1301 181 ΝΟΤιΕ.

1681 156 1731 182 9H

117 211 164 239 tiis
182 209 268 241 ducti,
283 202 384 236 Horum
401 216 455 236 non
471 208 504 236 de
521 201 784 240 terrestriwturture.
800 213 825 236 ct
841 216 896 239 ave,

987 209 1067 242 lbid.,
1084 211 1132 238 lin.
1147 211 1190 238 H.
1211 213 1294 239 Ἒνια
1308 213 1342 239 δὲ
1354 212 1413 239 τῶν
1428 212 1546 247 ὀρνέων,
1562 212 1598 240 De
1613 213 1656 241 his
1671 214 1731 239 vide

117 256 167 284 sed
192 255 226 283 de
250 254 390 289 pastinaca
414 254 530 286 marina,
558 254 678 280 loculum
698 254 825 281 dicimus.
843 253 901 288 ipsa

117 301 190 329 enim
208 300 289 327 hamo
304 299 445 335 implicita,
458 300 563 334 spinam
577 306 659 333 quam
675 299 701 325 in
717 299 802 325 cauda
820 299 902 325 habet

118 347 212 382 abiicit
229 355 235 373 :
250 350 276 374 et
298 346 342 373 hic
357 346 464 374 videtur
488 354 584 373 sensus
602 345 676 372 Hori.
697 345 734 372 De
757 353 808 380 qua
824 345 901 380 plura

117 391 259 428 Oppianus
281 391 399 423 Halicut,
416 391 463 418 lib.
483 399 502 423 ι,
519 394 546 419 et
572 399 609 424 n;
637 391 762 423 Aristot.,
783 391 830 418 lib.
861 398 900 421 rx,

116 446 179 475 cap.
196 439 245 471 37;
263 438 444 472 Dioscorides,
468 438 516 465 lib.
535 446 583 470 vn,
605 445 665 472 cap.
681 437 707 469 8,
727 441 754 464 et
774 438 822 464 lib.
840 445 899 469 vm,

116 492 180 520 cap,
197 485 228 518 7;
244 484 359 516 Plinius,
377 484 423 511 lib.
441 492 479 515 rx,
495 491 556 519 cap.
576 483 627 515 48;
644 482 777 510 Nicander
792 483 818 510 in
836 483 902 511 The-

117 531 219 563 riacis;
232 530 306 557 Phile
321 531 347 557 in
361 530 468 562 iambis,
486 533 512 557 et
532 530 587 561 alii,
606 529 678 564 quod
695 529 739 556 hic
759 536 901 556 recensere

115 577 284 612 superﬂuum
302 584 361 604 esse
377 575 452 602 duxi.
469 575 618 602 Conﬁrmat
633 578 723 601 autem
738 581 824 601 meam
836 582 900 601 sen-

114 622 230 649 tentiam
242 621 313 656 quod
326 620 570 649 scribitCornelius
581 619 677 648 Celsus
693 620 740 646 lib.
754 627 790 650 vr,
800 626 860 654 cap.
873 619 900 646 9.

116 667 199 694 Plam‘
214 667 304 702 piscis,
329 666 427 701 inquit,
448 674 522 700 quem
537 665 701 699 pastinacam
720 664 813 695 nostri,
837 673 902 700 τρυ-

114 712 184 745 γόνα
198 712 283 739 δι’ωεὶ
298 716 401 743 vocant,
419 711 525 737 aculeus
540 714 665 741 torretur,
678 709 770 736 deinde
787 710 901 736 conteri-

116 763 172 789 tur,
186 758 323 793 resinaque
343 758 483 792 excipitur,
498 765 556 792 qua:
571 757 641 783 denti
657 756 821 783 circumdata
834 755 901 782 hunc

113 804 206 832 solvit.
223 803 256 830 Et
271 803 384 836 Plinius,
401 804 448 830 lib.
468 812 505 835 rx,
522 810 582 837 cap.
600 802 646 835 48,
662 801 713 829 Sed
735 801 837 828 nullum
856 809 902 828 us-

114 859 195 886 quam
206 850 403 882 exsecrabilius,
420 857 497 884 quam
512 849 602 875 radius
620 855 697 882 super
710 847 822 874 caudam
835 847 900 874 emi-

114 882 180 922 nens
200 895 331 936 ‘trygonis,
362 882 437 929 quem
463 895 546 921 nostri
569 894 734 928 pastinacam
768 892 900 927 appellant
916 882 937 909 Β

113 942 256 977 quincunci
271 940 460 975 magnitudine.
473 940 588 975 Ideoque
601 947 661 967 eam
676 939 781 966 vocavit
791 938 900 965 ὀπισθό-

114 996 228 1023 κεντρον
254 986 443 1022 Epicharmus,
472 990 540 1014 teste
565 985 706 1017 Athenaao,
723 985 771 1012 lib.
787 992 836 1017 νιι,
853 984 899 1012 sed

114 1034 144 1061 in
160 1040 191 1060 re
205 1033 277 1060 clara
292 1037 318 1060 et
330 1036 424 1067 aperta
437 1032 495 1060 ιιιεο
507 1032 629 1059 innuisse
645 1030 712 1058 satis
729 1031 774 1058 sit.

151 1090 233 1123 lbid.,
246 1090 295 1117 lin.
309 1090 353 1117 58.
379 1090 415 1117 Al
430 1089 465 1117 δὲ
480 1089 661 1117 κατοικίδιοι.
677 1088 805 1120 Basilius,
826 1087 897 1114 hom.

112 1136 142 1168 8,
160 1136 216 1162 Καὶ
235 1136 261 1162 αἱ
283 1135 442 1162 κατοικίδιοι
461 1135 551 1170 ὄρνεις
568 1134 614 1161 ἐπὶ
638 1133 739 1165 παντὸς
755 1131 851 1168 καιροῦ
870 1131 900 1158 τὸ

114 1181 336 1208 συνουσιαστικὸν
365 1180 473 1216 ἔχουσαι
489 1189 497 1207 :
517 1185 544 1207 et
557 1179 726 1211 Aristoteles,
749 1178 797 1205 lib.
817 1185 834 1203 v
862 1176 900 1203 De

113 1229 178 1256 hist.
198 1228 322 1261 animal.,
340 1235 401 1262 cap.
423 1228 471 1260 i5;
488 1230 514 1255 et
528 1226 644 1259 Plinius,
668 1225 716 1255 lib.
730 1233 759 1257 x,
777 1231 836 1259 cap.
854 1223 897 1251 55.

115 1274 149 1302 Et
165 1275 234 1302 ratio
244 1278 287 1302 est
298 1274 325 1301 in
339 1277 465 1310 promptu
481 1284 487 1301 :
503 1272 567 1308 quia
589 1271 755 1303 callidiores,
770 1274 796 1298 et
809 1270 899 1298 minus

118 1321 336 1349 revolutionibus
359 1324 512 1355 temporum
532 1318 666 1349 obnoxiae,
690 1325 741 1345 nec
760 1317 899 1344 laboribus

115 1367 220 1398 fractae,
238 1371 285 1393 aut
299 1369 384 1397 metu,
401 1364 443 1391 vel
460 1367 622 1399 tempestate
637 1362 744 1397 fugatae.

150 1423 210 1451 Col.
225 1422 277 1450 ’156
305 1422 353 1449 lin.
376 1421 401 1448 1.
420 1421 457 1448 Τὰ
471 1420 505 1447 δὲ
521 1419 661 1455 φίλυδρα.
679 1418 808 1450 Basilius,
823 1417 897 1445 hom.

112 1469 141 1504 8,
160 1469 244 1495 Πάλιν
265 1467 299 1494 τὰ
321 1466 434 1503 φίλυδρσ.
450 1466 503 1492 τῶν
518 1465 594 1497 ζώων
611 1463 787 1500 καταμαθὼν,
804 1463 899 1506 ἑτέραν

112 1518 143 1543 ὲν
166 1515 257 1546 αὐτοῖς
280 1512 451 1547 κατασκευὴν
467 1511 604 1547 εὑρήσεις,
623 1510 705 1541 πόδας
724 1509 785 1536 οὒτε
800 1509 899 1543 διεσχι-

112 1560 241 1597 σμένους,
257 1559 295 1591 ὡς
316 1559 379 1590 τοὺς
398 1558 447 1593 τῆς
467 1556 600 1592 κορώνης,
618 1555 679 1582 οὔτε
700 1555 843 1589 ἀγκύλους,
862 1556 899 1587 ὡς
912 1553 933 1581 C

111 1607 178 1638 τοὺς
187 1606 242 1632 τῶν
253 1605 443 1640 σαρκοφάγων,
459 1603 526 1631 ἀλλὰ
547 1603 657 1634 πλατεῖς
675 1602 722 1629 καὶ
742 1602 897 1637 ὑμενώδεις,

112 1654 160 1681 ἵνα
174 1652 272 1689 ῥαδίως
284 1652 466 1686 ἐπινήχωνται
478 1649 516 1685 τῷ
531 1649 617 1681 ὕδατι,
633 1649 713 1676 οἱονεὶ
724 1648 829 1680 κώπαις
843 1647 899 1674 τισὶ

111 1701 171 1731 τοῖς
185 1699 238 1725 τῶν
255 1697 341 1724 ποδῶν
354 1696 434 1732 ὑμέσι
447 1695 477 1721 τὸ
492 1694 573 1731 ὑγρὸν
583 1693 766 1729 διωθούμενοι.

149 1756 230 1788 lbid.,
242 1756 291 1783 lin.
303 1755 329 1782 6.
350 1754 377 1780 '0
390 1753 423 1780 δὲ
436 1752 547 1785 κύκνος
558 1752 756 1787 μακρότερον.
769 1749 897 1781 Basilius,

111 1803 189 1830 born.
206 1801 233 1834 8,
255 1800 317 1827 Ἐὰν
330 1799 358 1825 δὲ
373 1797 536 1834 καταμάθῃς
548 1797 621 1829 ὅπως
632 1798 672 1828 εἱς
684 1796 764 1831 βάθος
777 1796 791 1821 ὁ
801 1795 899 1825 κύκνος

111 1848 219 1879 καθιεὶς
235 1847 279 1874 τὸν
295 1847 397 1882 αὐχένα
412 1845 534 1872 κάτωθεν
551 1843 639 1878 ἐαυτῷ
654 1842 702 1878 τὴν
715 1841 816 1877 τροφὴν
832 1842 897 1868 ἀνα-

111 1894 203 1931 φέρει,
222 1894 282 1920 τᾶτε
298 1893 424 1928 εὑρήσεις
444 1891 492 1926 τὴν
515 1890 611 1925 σοφίαν
627 1888 673 1915 τοῦ
688 1888 839 1920 κτίσαντος,
857 1887 897 1913 ὃτι

110 1940 157 1967 διὰ
178 1939 257 1966 τοῦτο
275 1938 443 1974 μακρότερον
466 1936 519 1963 τῶν
534 1935 621 1962 ποδῶν
635 1934 680 1961 τὸν
698 1933 799 1969 αὐχένα
816 1941 897 1969 προσ-

111 1986 223 2021 έθηκεν,
239 1985 282 2011 ’ίνα
295 1984 389 2019 ὥσπερ
410 1981 472 2008 τινὰ
492 1980 591 2017 ὁρμιὰν
607 1979 733 2013 κατάγων
749 1979 797 2015 τὴν
814 1979 843 2005 ὲν
858 1978 897 2014 τῷ

111 2030 191 2067 βάθει
203 2029 395 2065 κεκρυμμένην
406 2027 508 2063 τροφὴν
525 2025 710 2061 ἐκπορίζηται.

147 2086 230 2119 lbid.,
256 2086 305 2113 lin.
330 2085 357 2112 8.
388 2083 448 2110 Τῶν
468 2083 501 2110 δὲ
521 2082 631 2117 ὀρνέων
653 2080 764 2108 πολλὰ.
787 2079 825 2107 De
843 2079 895 2107 hoc

111 2132 191 2168 plura
209 2130 381 2163 Aristoteles,
403 2130 449 2156 lib.
469 2137 498 2155 ιιι
522 2128 557 2155 De
575 2128 637 2155 hist.
661 2128 755 2159 anim,
773 2134 832 2162 cap.
851 2127 893 2163 12,

111 2183 140 2206 et
154 2178 202 2205 lib.
222 2186 259 2209 rx,
272 2185 334 2212 cap.
348 2176 393 2208 M,
409 2179 437 2202 et
453 2175 569 2206 Plinius,
585 2175 631 2201 lib.
649 2182 677 2205 x,
690 2181 749 2208 cap.
762 2175 805 2200 19.

952 255 1138 288 Aristotelem,
1154 256 1303 289 jEliannm,
1322 258 1437 285 Plinium
1453 263 1479 285 et
1494 258 1573 285 alios.

987 301 1066 333 lbid.,
1099 303 1146 329 liti.
1177 303 1220 330 16.
1254 304 1340 330 Ἀλλὰ
1362 305 1409 331 καὶ
1430 304 1482 337 τὰς
1500 305 1729 339 ὑπογαστρίους.

953 345 1070 375 Consule
1086 348 1269 381 Aristotelem,
1283 350 1329 378 lib.
1340 358 1378 382 vr,
1397 350 1442 385 De;
1452 350 1512 377 hist.
1528 351 1621 382 unim.,
1633 357 1693 384 cap.
1705 350 1729 381 1,

953 394 979 418 et
992 390 1120 424 Plinium,
1138 393 1186 419 lib.
1204 401 1244 425 ιιι,
1260 401 1320 429 cap.
1336 395 1380 422 53.

989 435 1067 468 lbid.,
1089 436 1139 464 lin.
1152 438 1195 465 19.
1214 440 1247 465 Al
1267 438 1299 464 δὲ
1311 438 1426 471 θήλειαι
1444 438 1547 472 ὄρνεις.
1562 438 1730 469 Aristoteles,

951 481 997 508 lib.
1017 490 1053 514 ιν,
1071 482 1110 509 De
1132 491 1218 518 gener.
1244 485 1326 510 anim.
1348 492 1407 519 cap.
1425 485 1451 516 5,
1469 484 1547 519 μόνα,
1568 484 1664 520 inquit,
1678 485 1731 511 τῶν

952 527 1027 559 ζώων
1044 528 1134 563 ὀχείαν
1159 529 1326 565 ἐπιδέχονται
1347 530 1463 557 κυοῡντα
1484 529 1551 566 γύνη
1571 530 1618 557 καὶ
1639 531 1729 562 ἵππος.

954 572 1043 614 llorus
1057 573 1091 601 de
1104 575 1194 609 aquila
1209 575 1303 611 scribit
1320 585 1326 603 :
1341 575 1408 603 Cum
1421 576 1523 611 reliqua
1539 576 1665 604 animalia
1676 584 1730 605 non

952 626 1059 654 semper
1075 621 1144 646 mari
1168 620 1200 646 ad
1227 628 1333 652 omnem
1355 621 1509 649 mistionem
1530 623 1626 657 parere
1636 614 1730 652 Vvelint.

952 665 1040 700 aquila
1066 673 1182 700 semper.
1212 665 1356 694 Terdccics
1383 667 1454 695 enim
1470 668 1496 695 in
1509 668 1553 696 die
1576 676 1730 704 compressa

951 714 1094 746 postquam
1111 712 1239 743 surrexit,
1256 713 1278 740 si
1306 721 1365 741 mas
1386 717 1473 744 vocet,
1490 713 1579 741 denuo
1601 715 1729 746 accurrit,

952 756 1019 783 adeo
1032 757 1059 784 in
1075 756 1205 785 Venerem
1222 765 1306 792 prona
1321 764 1371 786 est.
1390 758 1435 786 Sic
1450 757 1599 794 Oppianus,
1618 760 1666 788 lib.
1691 769 1730 793 ιιι,

951 803 1056 838 Κυνηγ.
1078 802 1207 831 Ursarum
1223 804 1350 832 eﬁ‘renem
1367 805 1406 832 ait
1420 813 1481 833 esse
1500 805 1732 837 libidinem..adeo

951 854 981 876 ut
997 857 1031 876 ne
1047 849 1155 884 quidem
1171 851 1330 885 gestationis
1343 855 1463 886 tempore
1486 859 1502 879 a
1522 852 1667 879 concubitu
1684 853 1733 880 ab—

952 896 1070 924 stineant
1082 905 1088 930 ;
1101 896 1217 929 Plinius,
1230 897 1277 924 lib.
1289 903 1337 929 vn,
1351 905 1410 933 cap.
1424 898 1466 925 11.
1481 897 1582 926 Praeter
1592 899 1732 926 mulierem

952 948 1037 976 pauca
1052 941 1178 969 animalia
1194 942 1294 969 coitum
1310 950 1411 970 nevere
1430 943 1548 978 gravida.
1567 942 1656 971 Unum
1671 945 1733 979 qui-

952 985 1011 1013 dem
1032 991 1078 1013 aut
1099 986 1212 1014 alterum
1231 987 1388 1020 superletat.
1410 987 1497 1022 Ilujus
1513 990 1603 1015 autem
1622 995 1731 1016 causam

951 1031 1039 1059 reddit
1054 1031 1222 1066 Lactantius,
1236 1032 1284 1061 lib.
1298 1034 1326 1060 vi
1351 1033 1440 1060 Divin.
1453 1033 1658 1066 institutionum,
1671 1041 1730 1068 cap.

950 1078 1003 1111 25;
1020 1072 1101 1113 quam
1124 1079 1204 1107 etiam
1231 1080 1430 1109 iucertitudinis
1457 1080 1484 1108 in
1508 1084 1629 1116 tempore
1645 1082 1733 1109 coitus

951 1131 1060 1152 causam
1080 1125 1249 1158 Ambrosius,
1264 1134 1291 1159 v,
1309 1121 1450 1159 lienem,
1477 1133 1538 1161 cap.
1553 1126 1596 1159 l0,
1612 1126 1649 1154 ait
1660 1134 1731 1163 esse,

951 1177 1000 1197 cur
1027 1170 1053 1197 in
1069 1178 1165 1205 genere
1177 1171 1296 1199 humano
1309 1172 1405 1199 mulier
1419 1171 1524 1200 nullum
1540 1172 1637 1200 habeat
1648 1173 1731 1201 ﬁxum

951 1223 982 1244 ac
1006 1220 1106 1255 statum
1129 1219 1192 1246 anni
1208 1223 1313 1254 tempus
1326 1219 1361 1246 ad
1379 1219 1549 1254 pariendum.
1563 1224 1593 1247 ut
1610 1219 1666 1248 fere
1680 1228 1732 1249 cae-

951 1264 1006 1288 tera
1019 1262 1157 1289 animalia.
1171 1262 1328 1298 Exemplum
1340 1272 1421 1298 super
1432 1264 1484 1292 hoc
1497 1263 1622 1292 Zenobiae
1633 1267 1731 1294 castis-

950 1306 1024 1332 sima:
1036 1305 1251 1334 Palmirenorum
1268 1309 1367 1343 reginae
1384 1309 1466 1336 habes
1480 1309 1551 1343 apud
1567 1308 1731 1338 Trebellium

949 1350 1109 1381 Pollionem.

985 1397 1064 1429 lbid.,
1083 1397 1132 1424 lin.
1146 1398 1191 1430 22,
1210 1400 1242 1426 Ol
1256 1398 1289 1426 δὲ
1312 1399 1453 1435 κάνθαροι
1466 1400 1529 1428 ἐάν.
1554 1400 1627 1429 Idem
1648 1401 1732 1429 refert

949 1442 1166 1478 Theophrastus,
1183 1444 1221 1471 De
1237 1445 1360 1473 odoribus
1372 1453 1382 1473 :
1395 1446 1530 1474 Collector
1545 1446 1729 1482 G-eoponicon.,

950 1487 997 1515 lib.
1013 1497 1067 1521 xiv,
1084 1496 1144 1524 cap.
1156 1489 1223 1523 ult.;
1239 1491 1408 1525 Aristoteles,
1421 1492 1467 1520 lib.
1481 1490 1732 1528 Περὶθαυμασιωιρ

949 1533 1163 1568 ἀκουσμάτων;
1177 1533 1312 1567 Αῐιίιιιιιιε,
1330 1536 1377 1563 lib.
1398 1545 1435 1569 ιν,
1449 1545 1509 1573 cap.
1531 1539 1573 1573 l8,
1590 1539 1731 1574 Κάνθαρον

949 1581 977 1607 δὲ
991 1581 1109 1614 ἀπολεῖς,
1126 1581 1149 1608 εἰ
1165 1582 1295 1618 ἐπιϐάλῃς
1314 1583 1367 1610 τῶν
1383 1584 1466 1619 ρόδων
1488 1585 1571 1620 αὑτῷι
1588 1585 1677 1618 Quare
1694 1586 1730 1612 nil

950 1627 1059 1661 mirum,
1078 1627 1100 1655 si
1121 1627 1335 1663 impurissimum
1352 1629 1403 1657 hoc
1419 1630 1519 1657 animal
1547 1631 1731 1666 impurissimo

950 1673 1091 1702 Moamethi
1109 1674 1145 1701 ita
1161 1674 1241 1702 fuerit
1254 1675 1378 1707 charum,
1394 1680 1421 1703 et
1434 1676 1461 1703 in
1475 1676 1590 1708 deliciis.
1605 1682 1633 1704 ut
1654 1679 1730 1709 iussu

950 1719 996 1747 Dei
1013 1720 1039 1748 id
1069 1720 1096 1747 in
1128 1720 1291 1748 sacriﬁcium
1320 1720 1458 1749 obtulerit.
1474 1722 1513 1748 lta
1531 1723 1603 1749 enim
1618 1723 1683 1751 dicit
1697 1732 1729 1751 ex

949 1773 1064 1801 persona
1091 1765 1149 1800 Dei,
1171 1766 1265 1801 Ἡμεῖς
1289 1766 1442 1802 δεδώκαμέν
1466 1775 1517 1799 σοι,
1541 1767 1578 1795 ita
1594 1769 1730 1796 svribente

949 1811 1092 1848 Euthymio
1110 1812 1137 1839 in
1164 1812 1304 1846 Panoplia,
1333 1813 1377 1839 τὸν
1398 1813 1541 1849 κάνθαρον,
1564 1811 1640 1847 εὖξαι
1662 1814 1730 1851 πρὸς

948 1858 993 1885 τὸν
1004 1858 1097 1894 κύριόν
1118 1867 1176 1890 σου,
1200 1859 1246 1885 καὶ
1269 1858 1378 1892 σφάξον.
1395 1859 1588 1891 Admirandum
1606 1867 1672 1888 sane
1686 1867 1730 1888 sa-

948 1904 1091 1937 criﬁcium,
1118 1909 1144 1932 et
1168 1904 1351 1940 magniﬁcum,
1381 1904 1482 1940 talique
1504 1905 1659 1941 legislatore
1686 1905 1729 1933 di-

948 1957 1041 1985 gnum.

981 1995 1064 2029 lbid.,
1081 1996 1130 2023 lin.
1146 1995 1192 2023 23.
1208 1996 1243 2022 Al
1258 1994 1292 2021 δὲ
1305 1995 1449 2030 μέλισσαι
1467 1992 1517 2022 καὶ
1534 1995 1660 2030 σφῆκες.
1678 1995 1731 2022 Ba-

947 2040 1034 2073 silius,
1054 2040 1127 2067 hom.
1145 2040 1174 2072 8.
1194 2039 1228 2067 de
1248 2039 1356 2073 iisdem,
1380 2040 1479 2076 Διόπερ
1492 2040 1538 2068 καὶ
1553 2040 1634 2076 ὲλαιῳ
1644 2048 1728 2067 κατα-

948 2086 1095 2122 ϐρεχοέντα
1127 2085 1265 2121 φθείρεται
1297 2085 1351 2112 τῶν
1383 2086 1474 2121 πόρων
1504 2086 1727 2122 ἀποφραγέντων.

948 2133 1043 2165 Ὄξους
1059 2132 1087 2158 δὲ
1105 2132 1185 2164 εὐθὺς
1200 2131 1399 2167 ὲπιϐληθέντος,
1424 2131 1504 2159 πάλιν
1521 2131 1727 2162 ἀναϐιώσκεται.

944 2177 999 2204 τῶν
1023 2176 1145 2210 διεξόδων
1167 2176 1358 2212 ἀνοιγομένων.
1380 2176 1497 2210 Plinius,
1520 2177 1567 2205 lib.
1595 2186 1651 2210 ιιι,
1666 2185 1727 2213 cap.

147 2223 227 2254 lbid.,
239 2223 288 2251 lin.
301 2222 328 2250 9.
350 2222 376 2248 '0
391 2221 446 2256 γὰρ
458 2220 613 2254 κόττυερος.
628 2219 799 2252 Aristoteles,
810 2219 857 2246 lib.
866 2226 893 2245 rx

951 2222 991 2254 l2,
1008 2222 1045 2248 ait
1071 2225 1198 2249 constare
1224 2229 1288 2257 apes
1303 2222 1380 2249 olivae
1402 2221 1495 2249 ﬁerem
1511 2229 1564 2249 non
1584 2223 1726 2258 attingere.

110 2269 151 2297 De
169 2270 232 2296 hist.
245 2270 338 2299 anim.,
356 2275 417 2303 cap.
431 2267 476 2300 49,
492 2267 545 2293 Καὶ
562 2266 628 2293 ἄλλα
641 2266 668 2292 δὲ
685 2265 768 2292 πολλὰ
780 2264 834 2291 τῶν
847 2266 893 2301 ὀρ-

110 2315 193 2343 νίθων
211 2314 404 2350 μεταϐάλλουσι
421 2313 491 2340 κατὰ
509 2313 558 2344 τὰς
576 2312 658 2347 ὥρας.
676 2312 723 2338 καὶ
739 2311 768 2337 τὸ
785 2311 892 2346 χρῶμα,

111 2361 160 2388 καὶ
174 2361 222 2396 τὴν
238 2360 339 2395 φωνὴν,
355 2356 409 2386 οἷον
422 2359 436 2384 ὁ
448 2359 579 2392 κόττυφος
589 2357 649 2383 ἀντὶ
666 2357 778 2392 μέλανος
788 2355 892 2389 ξανθὸς,

111 2406 161 2432 καὶ¹
171 2405 220 2439 τὴν
234 2404 325 2439 φωνὴν
342 2403 420 2437 ἴσχει.
443 2403 486 2428 Ἐν
502 2401 550 2437 μὲν
561 2401 614 2436 γὰρ
628 2401 666 2436 τῷ
679 2400 751 2433 θέρει
762 2400 829 2435 ᾅδει,
846 2400 892 2426 τοῦ

109 2452 141 2479 δὲ
155 2450 287 2486 χειμῶνος
298 2450 424 2484 παταγεῖ,
440 2448 599 2483 καὶγίνεται
614 2448 772 2483 θορυϐώδες.
786 2447 823 2474 Ex
838 2455 892 2482 quo

111 2506 164 2526 sua
177 2497 273 2525 habuit
286 2496 393 2523 Plinius
408 2495 435 2522 d.
452 2495 522 2522 loco.
544 2494 645 2522 Merula
663 2502 693 2521 ex
714 2494 791 2529 nigra
810 2494 891 2521 rulle-

111 2545 175 2576 scit,
192 2544 267 2571 canit
287 2546 392 2575 atate,
408 2541 497 2569 hieme
512 2541 637 2571 balbutit,
655 2541 728 2567 circa
746 2540 890 2567 solstitium

112 2593 198 2617 muta.

146 2636 225 2668 lbid.,
241 2636 290 2663 lin.
309 2635 352 2664 10.
373 2635 447 2662 Ἡδὲ
463 2634 562 2668 ἀηδὼν
578 2633 611 2659 τὸ
631 2633 742 2668 χρῶμα.
762 2633 889 2663 Basilius.

113 2682 186 2710 hom.
205 2681 232 2713 8,
245 2681 308 2712 Πῶς
323 2682 459 2716 ἄγρυπνον
478 2681 495 2715 ἡ
517 2678 615 2714 ἀηδὼν,
639 2679 701 2704 ὅταν
722 2679 830 2714 ὲπωάζῃ
848 2679 891 2705 διὰ

112 2728 202 2762 πάσης
223 2727 320 2758 νυκτὸς
337 2727 386 2761 τῆς
410 2725 538 2761 μελῳδίας
563 2726 600 2760 μὴ
619 2725 800 2760 ἀπολήγουσα.
819 2724 891 2751 Con-

113 2771 170 2799 sule
185 2770 300 2797 Aristot.
317 2769 344 2797 d.
364 2770 433 2797 loco.
450 2769 640 2797 Lusciniarurn
658 2774 754 2796 cantus
774 2769 890 2797 varieta-

112 2819 177 2848 tem,
191 2819 218 2843 et
230 2814 393 2842 suavitatem
410 2814 611 2849 elegantissime
625 2815 761 2849 expressit
776 2813 888 2847 Plinius,

115 2861 160 2889 lib.
176 2869 203 2894 x,
219 2868 279 2896 cap.
292 2860 338 2894 99,
355 2864 381 2888 et
394 2859 538 2888 Homerus.

947 2269 1062 2304 ideoque
1070 2269 1139 2296 hanc
1156 2268 1388 2303 arborem-procul
1403 2275 1463 2296 esse
1475 2268 1573 2295 melius
1585 2273 1625 2296 est
1636 2278 1642 2295 :
1655 2268 1727 2303 quod

947 2319 1026 2342 antea
1042 2322 1152 2347 vanum,
1178 2314 1332 2349 falsumque
1354 2320 1415 2341 esse
1431 2313 1591 2345 tradiderat,
1614 2313 1662 2340 lib.
1688 2321 1726 2346 xt,

947 2367 1006 2394 cap.
1026 2359 1053 2388 8.
1071 2358 1164 2389 Falso.
1181 2363 1206 2385 et
1217 2359 1288 2385 oleas
1303 2359 1387 2393 excipi
1407 2358 1532 2391 arbitror,
1547 2359 1639 2393 quippe
1652 2359 1727 2385 oliva:

946 2409 1068 2438 proventu
1095 2404 1209 2438 plurima
1232 2405 1354 2431 examina
1376 2404 1447 2439 gigni
1471 2408 1570 2430 certum
1595 2408 1644 2431 est.
1672 2404 1726 2431 Nec

946 2451 1018 2477 aliud
1037 2450 1156 2477 sensisse
1178 2450 1337 2477 Aristoteles
1355 2449 1469 2482 videtur,
1487 2450 1535 2477 lib.
1549 2458 1575 2482 ιν,
1598 2457 1658 2485 cap.
1679 2450 1724 2480 22,

946 2495 984 2522 De
1010 2496 1102 2522 histor.
1134 2495 1228 2526 anim.,
1253 2495 1307 2522 illis
1333 2495 1433 2527 verbis,
1457 2494 1524 2521 Ἀλλ’
1543 2494 1652 2530 ,αὐχμοῦ
1677 2495 1725 2529 μὲν

945 2540 1030 2571 ὄντος,
1048 2540 1108 2575 μέλι
1123 2538 1281 2574 ἐργάζονται
1297 2539 1404 2574 μᾶλλον,
1418 2539 1569 2575 ἐπομϐρίας
1584 2539 1622 2571 δὲ,
1637 2539 1724 2573 γόνον.

945 2586 989 2612 Διὸ
1007 2586 1053 2612 καὶ
1067 2585 1123 2620 ἅμα
1139 2585 1279 2620 συμϐαίνει
1295 2585 1390 2611 ἐλαιῶν
1410 2585 1479 2620 φορὰ
1493 2586 1540 2611 καὶ
1553 2584 1653 2620 ἐσμῶν.
1673 2584 1725 2611 Eo-

945 2631 1005 2657 dem
1019 2631 1099 2665 igitur
1114 2636 1216 2657 natura:
1227 2631 1334 2665 ingenio
1349 2630 1471 2657 feruntur
1480 2631 1513 2657 ad
1525 2629 1629 2658 fructus
1643 2630 1725 2657 eden~

945 2676 994 2703 dos
1010 2676 1098 2706 olivas.
1116 2679 1142 2702 et
1160 2683 1234 2710 apes,
1258 2680 1285 2702 et
1302 2675 1373 2710 quod
1392 2675 1469 2702 oliva:
1486 2675 1615 2702 damnum
1635 2675 1722 2706 allen,

945 2721 1015 2749 idem
1030 2726 1056 2748 et
1072 2721 1169 2755 apibus
1184 2725 1348 2748 nocumento
1359 2725 1410 2748 est.
1428 2720 1561 2748 imbribus
1577 2721 1663 2748 olivas
1677 2722 1724 2748 mis

944 2776 996 2794 nus
1009 2767 1065 2794 olei
1079 2766 1167 2794 facere
1193 2767 1285 2794 multis
1302 2767 1455 2795 rationibus
1484 2771 1511 2794 et
1532 2768 1723 2802 experimentis

945 2817 1112 2848 compertum
1130 2821 1183 2845 est,
1203 2818 1230 2841 et
1255 2813 1424 2841 conﬁrmavit
1442 2813 1654 2849 Theophrastus.
1685 2813 1722 2841 Ue

946 2860 1032 2886 causis
1048 2860 1145 2894 plant.,
1157 2860 1203 2887 lib.
1222 2868 1259 2893 vt,
1276 2867 1336 2894 cap.
1351 2860 1392 2891 11,
1412 2860 1471 2886 Ὀτι
1485 2859 1507 2886 δ’
1518 2860 1567 2886 οὐκ
1583 2860 1611 2887 ὲν
1626 2859 1721 2889 πλήθει

49 3121 1760 3348 rw
