3952 6204
188 284 306 340 Ol?

1289 276 1353 332 IN
1393 277 1766 333 ΕυεΤΑΤιιιι
1804 268 2273 331 HEXAEMERON
2307 263 2540 322 NOTAE.

3315 255 3416 310 918

186 418 290 459 ante
326 418 446 455 eum
471 399 836 471 conglobatur,
874 401 1055 471 cingit,
1083 403 1328 472 protegit,
1354 403 1495 455 cerni
1532 418 1633 455 non
1662 415 1757 468 pa-

1867 413 1955 467 την
1993 398 2111 458 ταῖς
2166 390 2435 459 κοιλότησι
2482 384 2589 439 τῶν
2636 382 2840 453 κηρίων
2889 370 3121 449 ἑνιὴσινο
3166 375 3287 431 ὅθεν
3325 377 3421 427 καὶ

189 496 344 549 titur.
377 493 590 561 Quibus
635 493 783 548 addit
831 492 1081 549 Elianus
1115 494 1236 548 loco
1269 494 1324 549 d.
1372 495 1533 548 etiam
1580 508 1760 562 regem

191 584 481 655 fugitivum
515 599 817 645 accersere,
873 595 927 638 et
976 584 1028 638 in
1079 600 1306 654 regnum
1337 585 1617 639 reducere.
1658 582 1761 634 Τὸν

193 677 420 748 βασιλέα
452 676 630 729 αὐτῶν
670 677 726 732 αἱ
773 675 1015 743 μέλιτται
1058 678 1232 748 πρᾶον
1261 675 1386 728 ὄντα
1416 676 1507 729 καὶ
1535 675 1757 745 ἥμερον,

192 765 288 819 καὶ
312 768 447 837 ὁμοῦ
471 785 524 820 τι
552 768 646 821 καὶ
671 767 950 840 ἄκεντρον,
967 767 1092 820 ὃταν
1122 766 1290 829 αὐτὰς
1317 765 1573 835 ἀπολίπῃ,
1600 781 1767 833 μετα-·

193 857 376 911 θέουσι
419 876 499 920 τε,
550 861 645 912 καὶ
690 859 943 913 διώκουσι
991 856 1201 926 φυγάδα
1250 856 1350 925 τῆς
1396 856 1569 927 ἀρχῆς
1611 854 1758 907 ὄντα.

203 947 580 1019 Ῥινηλατοῦσι
610 950 667 1002 δὲ
697 950 859 1003 αὐτὸν
882 950 1224 1020 ἀπορῤήτως,
1256 947 1350 1000 καὶ
1372 948 1435 999 ἐκ
1458 946 1557 1015 τῆς
1586 945 1760 1014 ὀσμῆς

188 1041 292 1113 τῆς
322 1041 450 1112 περ)⁸
473 1042 633 1094 αὑτὸν
652 1041 887 1113 αἱροῦσι,
929 1040 1022 1094 καὶ
1053 1042 1108 1103 ἐς
1136 1040 1233 1108 τὴν
1256 1038 1530 1108 βασιλείαν
1557 1036 1760 1090 ἐπανά-

188 1151 404 1203 γουσιν,
437 1133 659 1187 ἑκοῦσαι
691 1150 749 1186 τε
783 1134 877 1185 καὶ
912 1131 1228 1203 βουλόμεναι
1265 1128 1359 1184 τοῦ
1390 1130 1592 1200 τρόπου
1627 1128 1762 1196 ἀγά-

193 1244 379 1298 μεναι.
409 1225 693 1292 Quomodo
724 1236 900 1279 autem
931 1238 1039 1278 una
1063 1240 1188 1277 cum
1222 1238 1345 1293 rege
1374 1223 1627 1291 migrant,
1652 1238 1761 1291 quo

190 1319 377 1389 signo,
438 1333 544 1388 qua
600 1332 749 1380 voce,
800 1323 853 1370 et
903 1314 1266 1376 observantia,
1316 1313 1635 1367 Aristoteles
1684 1312 1761 1366 De

191 1410 388 1465 histor.
424 1411 613 1471 anim.,
645 1408 739 1462 lib.
772 1424 846 1469 lx,
875 1422 995 1477 cap.
1022 1406 1112 1469 40,
1141 1413 1193 1459 et
1225 1404 1454 1466 Plinius,
1482 1404 1537 1459 d.
1563 1405 1703 1457 loco.

265 1500 430 1564 lbid.,
459 1500 554 1554 lin.
576 1498 668 1553 29.
708 1499 873 1551 Ἔστι
904 1496 972 1550 δὲ
998 1494 1204 1561 αὐταῖς
1236 1491 1430 1560 οὗτος.
1470 1492 1586 1555 Non
1615 1494 1758 1548 enim

191 1593 427 1664 eligunt,
455 1592 549 1647 sed
571 1591 918 1647 successione
948 1597 1002 1644 et
1032 1603 1229 1658 genere
1258 1588 1494 1658 Optimos
1515 1602 1760 1657 quosque

190 1691 548 1749 conservant,
597 1699 661 1738 ac
712 1682 943 1737 fovendo
981 1686 1246 1744 tutantur,
1300 1679 1575 1748 improbos
1614 1679 1762 1733 occi-

190 1777 355 1839 dunt,
380 1783 440 1829 ut
470 1791 536 1830 ex
569 1789 732 1845 supra
761 1773 919 1828 dictis
949 1770 1262 1826 auctoribus
1288 1771 1634 1825 manifestum
1666 1784 1761 1839 ap-

192 1876 374 1939 paret.
411 1866 562 1920 llunc
596 1881 758 1936 porro
806 1864 1194 1935 magnitudine,
1240 1861 1407 1932 ﬁgura
1447 1877 1511 1916 ac
1548 1877 1759 1915 morum

196 1959 469 2014 suavitate
509 1965 734 2013 caeteras
759 1971 888 2027 apes
922 1954 1244 2008 antecellere
1278 1961 1463 2007 narrat
1491 1952 1761 2007 Aristote-

193 2047 298 2111 les,
331 2046 409 2100 De
434 2056 663 2115 generat.
695 2045 940 2107 animal.,
972 2044 1066 2098 lib.
1095 2058 1176 2106 ιιι,
1205 2043 1370 2112 capit.
1401 2044 1500 2108 1ος
1532 2042 1758 2105 Plinius,

193 2139 293 2193 lib.
324 2154 400 2202 xl,
431 2138 594 2207 capit.
626 2137 711 2199 l6,
735 2135 890 2206 Reges
914 2136 1086 2203 plures
1114 2133 1449 2198 inchoantur,
1478 2150 1541 2187 ne
1568 2133 1757 2188 desint.

192 2226 395 2281 Postea
421 2243 485 2282 ea:
509 2227 589 2280 his
613 2226 812 2280 soboles
836 2242 955 2279 cum
976 2225 1163 2279 adulta
1187 2241 1297 2279 esse
1324 2226 1496 2291 capit,
1517 2224 1760 2279 concordi

190 2320 456 2389 suffragio
486 2318 793 2372 deterrimos
837 2325 1046 2382 necant,
1086 2302 1149 2369 ne
1196 2314 1495 2369 distrahant
1528 2317 1757 2385 agmina.

189 2410 318 2465 Duo
350 2422 521 2465 autem
553 2427 742 2481 genera
773 2426 973 2474 eorum,
1016 2409 1202 2462 melior
1238 2407 1386 2475 rufus
1432 2423 1587 2475 quam
1618 2409 1763 2478 niger

191 2503 492 2571 variusque.
523 2500 776 2556 Omnibus
807 2500 981 2570 forma
1034 2512 1235 2565 semper
1264 2497 1490 2566 egregia,
1521 2507 1570 2550 et
1602 2496 1761 2566 duplo

189 2610 357 2664 quam
392 2594 594 2647 ueteris
635 2592 828 2661 major,
876 2606 1057 2660 penna:
1090 2588 1364 2653 breviores,
1404 2604 1561 2642 crura
1596 2599 1758 2653 recta,

192 2686 464 2754 ingressus
498 2683 706 2746 celsior,
745 2682 799 2734 in
840 2681 1015 2751 fronte
1061 2685 1271 2737 macula
1315 2682 1542 2751 quodam
1577 2680 1761 2733 diade-

192 2785 340 2828 mate
385 2772 693 2832 candicans.
737 2772 901 2825 multo
958 2772 1117 2825 etiam
1154 2774 1321 2826 nitore
1361 2789 1393 2824 α
1428 2770 1577 2840 vulgo
1607 2770 1762 2838 di/fe-

191 2876 345 2920 runt.
377 2862 514 2919 Vide
543 2862 845 2926 Elianum,
877 2863 971 2917 lib.
1008 2879 1061 2928 v,
1090 2878 1210 2932 cap.
1238 2863 1306 2918 10
1338 2870 1391 2918 et
1424 2863 1523 2928 ll;
1566 2859 1765 2929 Geapo-

190 2959 355 3012 nicon
386 2957 622 3016 collect.,
662 2965 715 3010 et
745 2956 901 3010 alios.

262 3045 406 3103 lbid.
436 3049 533 3101 lin.
574 3046 664 3102 52.
700 3045 867 3099 Ἔστι
907 3045 1024 3115 μὲν
1060 3046 1170 3115 γὰρ
1214 3041 1482 3112 κέντρον.
1522 3043 1579 3099 Id
1617 3043 1759 3098 idem
1788 3071 1833 3131 ε

189 3139 363 3213 habet
392 3138 731 3200 Aristoteles,
779 3136 857 3191 De
884 3136 1071 3191 histor.
1104 3137 1292 3201 anim.,
1334 3151 1455 3204 cap.
1502 3136 1592 3199 21,
1625 3137 1762 3189 Acu-

190 3231 336 3285 leum
377 3245 497 3298 apes
522 3226 810 3297 possident,
848 3228 955 3297 fuci
998 3244 1058 3282 eo
1081 3237 1280 3291 carent,
1319 3243 1460 3297 reges
1511 3227 1764 3297 ducesque

190 3322 411 3386 habent,
443 3320 533 3376 sed
567 3338 670 3376 non
704 3330 925 3374 utuntur
949 3336 968 3384 ;
997 3321 1241 3390 quocirca
1265 3335 1350 3373 eos
1380 3334 1560 3373 carere
1584 3319 1763 3372 aculeo

192 3411 444 3469 nonnulli
487 3411 810 3465 existimant.
839 3409 1112 3474 Elianus,
1148 3409 1225 3463 De
1272 3409 1461 3463 histor.
1517 3409 1761 3473 animal.,

193 3506 296 3561 lib.
337 3520 376 3568 ι,
404 3518 523 3573 cap.
559 3501 650 3565 60,
682 3502 841 3569 Λέγει
879 3502 976 3572 μέν
1004 3518 1087 3564 τις
1124 3499 1279 3569 λόγος
1310 3500 1600 3572 ἀκέντρους
1628 3496 1765 3554 εἶναι

190 3595 326 3657 τοὺς
356 3591 558 3645 τούτων
593 3591 863 3663 βασιλέαςσ
896 3590 1042 3659 λέγει
1074 3590 1131 3644 δὲ
1155 3590 1248 3644 καὶ
1278 3589 1462 3661 ἕτερος
1494 3591 1588 3644 καὶ
1626 3589 1763 3644 πάνυ

189 3685 489 3758 ἐρρωμένοι
532 3683 599 3737 τὰ
646 3684 844 3755 κέντρα
876 3683 1286 3753 συμπεφυκέναι
1323 3683 1524 3745 αὐτοῖς,
1552 3684 1645 3736 καὶ
1680 3698 1765 3734 τε-

192 3777 450 3848 θηγμένα
478 3776 845 3848 ἀνδρειότατα.
869 3774 1004 3830 Οὔτε
1025 3775 1080 3828 δὲ
1101 3777 1186 3827 ἐπ’
1206 3776 1359 3847 ἀνδρί
1383 3793 1509 3828 ποτε
1535 3774 1764 3847 χρῆσθαι

190 3871 384 3933 αὐτοῖς
429 3867 550 3922 οὔτε
600 3868 693 3920 ἐπὶ
736 3871 857 3931 ταῖς
899 3866 1192 3939 μελίτταις·
1248 3866 1382 3921 ἀλλὰ
1421 3868 1512 3920 καὶ
1565 3867 1767 3919 ὑποπε-

190 3959 438 4016 πλάσθαι
470 3959 630 4028 φόϐον
668 3958 859 4022 ἄλλως.
894 3959 986 4030 Μὴ
1038 3958 1146 4029 γὰρ
1177 3957 1332 4028 θέμιν
1354 3954 1491 4011 εἶναι
1537 3957 1625 4011 τὸν
1671 3958 1768 4027 ἆρ-

192 4071 365 4126 χοντα
406 4053 502 4107 καὶ
542 4051 634 4105 τὸν
668 4049 917 4105 τοσοῦτον
963 4051 1152 4121 ἔφορον
1194 4051 1361 4104 κακὸν
1408 4049 1762 4120 ἐργάσασθαι.

194 4144 333 4210 Quae
371 4158 479 4197 non
516 4143 720 4212 integre
756 4142 849 4197 sed
883 4142 1071 4196 mutile
1099 4141 1311 4196 reddita
1342 4149 1471 4201 sunt
1500 4142 1568 4196 ab
1599 4141 1758 4195 inter-

192 4242 392 4304 prete;
425 4230 655 4297 Plinius,
681 4231 775 4286 lib.
805 4246 883 4292 xl,
910 4247 1029 4302 cap.
1072 4231 1158 4295 17,
1194 4227 1378 4295 hieret,
1420 4246 1521 4286 nec
1563 4229 1765 4299 aliquid

192 4323 341 4379 certi
397 4322 743 4377 determinat.
805 4321 1024 4388 Quaerat
1097 4339 1234 4376 nunc
1290 4323 1501 4392 aliquis,
1569 4338 1770 4375 unusne

1863 488 2024 559 ὑγρὸν
2051 482 2200 555 παρὰ
2233 481 2331 552 τὴν
2375 477 2595 549 πρώτην
2620 474 2784 540 ἐστὶν,
2811 468 2927 525 εἶτα
2951 470 3029 541 τῷ
3067 469 3239 542 χρόνῳ
3283 484 3418 537 συμ-

1861 578 2062 649 πεφθὲν
2086 616 2100 640 ,
2160 574 2294 645 πρὸς
2360 571 2456 641 τὴν
2510 566 2715 622 οἰκείαν
2771 564 3022 619 σύστασιν
3084 562 3179 616 καὶ
3227 560 3417 631 ἡδονὴν

1860 670 2232 739 ἐπανέρχεται.
2267 662 2370 728 Qui
2421 661 2531 715 siut
2580 657 2670 711 isti
2716 656 2894 718 ﬂores,
2930 670 2997 708 ex
3046 653 3245 723 quibus
3292 666 3419 721 apes

1860 759 2160 831 colligendo
2214 769 2408 812 succos
2455 765 2550 807 sua
2590 748 2885 804 conﬁciunt
2932 746 3090 801 mella
3138 751 3420 799 enumerat

1859 852 2202 912 Aristoteles,
2232 865 2283 911 v,
2314 846 2390 901 De
2408 846 2593 898 histor.
2624 840 2865 904 animal.,
2897 854 3018 908 cap.
3041 838 3151 903 9.2;
3188 835 3415 899 Plinius,

1860 945 1952 999 lib.
1988 959 2061 1006 xz,
2101 956 2219 1011 cap.
2254 941 2306 1001 8,
2332 937 2577 1007 quaedam
2610 950 2673 989 ex
2705 934 2811 986 illis
2835 930 3055 1000 excipit,
3078 935 3131 984 et
3152 927 3414 998 quosdam

1858 1039 1949 1107 qui
1980 1035 2223 1105 quaedam
2259 1035 2581 1098 exceperant
2609 1024 2949 1095 reprehendit
2980 1040 2995 1076 :
3027 1019 3186 1075 Ceras
3215 1034 3278 1073 ea;
3306 1035 3419 1072 om-

1859 1129 2002 1183 nium
2051 1123 2299 1179 arborum
2341 1129 2674 1189 satorumque
2717 1114 2931 1185 ﬂoribus
2976 1114 3293 1183 conﬁngunt,
3325 1126 3414 1165 ea:-

1858 1230 2007 1290 cepta
2053 1220 2247 1272 rumice
2293 1224 2341 1271 et
2377 1210 2685 1281 chenopode,
2724 1208 2997 1276 herbarum
3050 1206 3159 1260 ha'c
3208 1221 3413 1275 genera.

1858 1313 2024 1367 Falso
2054 1312 2310 1379 excipitur
2337 1315 2385 1361 et
2416 1316 2670 1375 spartum,
2702 1304 2885 1373 quippe
2917 1317 3032 1352 cum
3068 1300 3124 1351 in
3159 1297 3418 1364 Hispania

1858 1405 2024 1457 multa
2047 1403 2099 1454 in
2129 1397 2408 1468 spartariis
2437 1396 2594 1449 mella
2614 1394 2824 1447 herbam
2852 1406 2966 1444 eam
2994 1390 3224 1457 sapiant.
3256 1385 3301 1439 F
3303 1387 3417 1440 also

1856 1506 1905 1550 et
1933 1495 2075 1548 oleas
2109 1491 2275 1559 excipi
2324 1488 2576 1550 arbitror,
2617 1487 2801 1556 quippe
2838 1484 2987 1537 oliva:
3031 1488 3277 1551 proventu
3301 1480 3419 1548 plu-

1859 1589 1993 1642 rima
2023 1584 2269 1638 exanima
2300 1582 2438 1651 gigni
2469 1587 2665 1632 certum
2691 1586 2786 1630 est.
2831 1570 3112 1627 Fructibus
3138 1569 3298 1623 nullis
3327 1587 3419 1622 ηο-

1860 1688 2040 1732 cetur:
2073 1670 2290 1728 mortuis
2336 1687 2398 1724 ne
2442 1667 2658 1738 ﬂoribus
2688 1663 2892 1735 quidem
2922 1678 3024 1716 non
3057 1660 3206 1713 modo
3235 1673 3417 1727 corpo-

1862 1768 2005 1822 ribus
2050 1763 2307 1819 insidunt.
2360 1759 2463 1814 Sed
2508 1756 2737 1819 Plinius,
2768 1755 2821 1808 in
2868 1749 3142 1807 nonnullis
3176 1749 3421 1803 animad-

1860 1856 2110 1911 versione
2141 1853 2337 1927 dignus
2372 1850 2600 1905 videtur.
2635 1846 2707 1901 De
2734 1844 2868 1899 oleis
2903 1842 3153 1912 superius
3176 1840 3417 1911 quaedam

1861 1948 2135 2012 diximus;
2168 1945 2236 1998 de
2274 1941 2503 1998 mortuis
2536 1938 2853 2007 corporibus
2886 1950 2985 1989 nec
3027 1933 3131 1989 sibi
3170 1940 3416 1991 constat;

1861 2046 2103 2093 mortuas
2137 2036 2334 2107 quippe
2375 2032 2603 2103 gallinas
2635 2029 2828 2098 apibus
2857 2026 3038 2081 cibum
3069 2039 3190 2079 esse
3234 2037 3334 2077 nos
3363 2022 3418 2076 in

1862 2132 1983 2187 aliis
2023 2128 2321 2184 admonuit.
2363 2124 2468 2179 Sed
2494 2122 2617 2193 quis
2655 2122 2709 2174 in
2761 2128 2907 2172 tanta
2952 2131 3131 2172 rerum
3164 2115 3419 2169 varietate

1860 2235 1912 2280 et
1943 2196 2257 2277 diversitate
2299 2216 2613 2285 Opinionum
2650 2212 2724 2266 ita
2776 2210 2879 2265 sibi
2927 2207 3186 2263 memoria
3224 2204 3419 2275 poterit

1860 2320 2113 2369 constare
2149 2318 2206 2363 ut
2232 2323 2294 2362 ea
2323 2306 2431 2360 labi
2469 2302 2797 2374 quandoque
2825 2314 2932 2354 non
2958 2294 3265 2365 contingat?

1931 2403 2085 2459 lbid..
2116 2402 2212 2455 lin.
2237 2399 2325 2454 3h.
2352 2396 2461 2450 Kal
2480 2396 2591 2462 τὴν
2603 2389 2973 2462 δροσοειδῶς.
2997 2384 3422 2440 Accuratissime

1861 2489 1974 2542 haec
2014 2485 2196 2540 omnia
2248 2480 2563 2535 Aristoteles
2612 2477 2666 2531 d.
2718 2476 2837 2529 loco
2868 2492 2880 2527 :
2917 2471 3236 2533 Constraunt
3270 2468 3421 2538 favos

1860 2595 1888 2632 e
1908 2576 2143 2646 ﬂoribus,
2168 2589 2357 2635 ceram,
2389 2586 2452 2625 ea:
2485 2570 2719 2638 lacryma
2745 2566 2992 2620 arborum
3021 2562 3242 2632 fingunt,
3262 2560 3417 2613 mella

1861 2684 1925 2722 ex
1954 2683 2069 2720 rore
2100 2665 2260 2727 aeris,
2291 2664 2522 2716 siderant
2567 2666 2752 2713 eaortu
2796 2655 3143 2724 potissimum,
3181 2665 3229 2705 et
3264 2666 3418 2703 arcus

1863 2760 2080 2815 catastis
2109 2754 2341 2811 incubitu
2374 2751 2704 2807 contrahunt.
2744 2748 2969 2804 Omnino
3011 2755 3127 2799 ante
3168 2741 3420 2812 Vergilia-

1863 2870 1980 2908 rum
2019 2860 2255 2906 exortum
2291 2848 2390 2901 mel
2426 2863 2529 2902 non
2563 2846 2642 2915 ﬁt.
2680 2840 2850 2896 Favos
2882 2842 3074 2910 itaque,
3124 2847 3180 2890 ut
3224 2836 3417 2889 dictum

1862 2954 1961 3009 est,
1993 2960 2020 2997 e
2043 2939 2261 3012 ﬂoribus
2293 2939 2515 3004 faciunt.
2564 2934 2671 2989 Mel
2705 2943 2879 2988 autem
2930 2948 3030 2985 non
3078 2930 3218 2996 ipsas
3252 2927 3423 2996 facere

1864 3051 2005 3104 apes,
2048 3032 2139 3088 sed
2185 3047 2353 3085 rorem
2397 3027 2702 3083 candentem
2757 3024 2957 3093 deferre
2998 3028 3302 3091 argumento
3345 3026 3422 3071 est

1863 3122 2000 3194 quod
2045 3138 2149 3175 uno
2197 3129 2289 3174 aut
2334 3119 2500 3171 altero
2551 3116 2634 3170 die
2679 3114 2839 3168 cellas
2869 3111 3021 3166 melle
3063 3111 3243 3180 plenas
3285 3109 3425 3161 inve-

1863 3217 2013 3269 niunt
2040 3213 2251 3283 apiarii.
2288 3210 2351 3264 Et
2381 3211 2473 3265 lib.
2505 3225 2581 3273 ιχ,
2611 3222 2730 3277 cap.
2762 3206 2851 3270 40,
2884 3203 3191 3260 observavit
3219 3216 3421 3255 morem

1864 3319 2045 3373 apum,
2084 3317 2152 3357 ne
2186 3300 2436 3355 videlicet
2463 3296 2654 3351 ﬂorum
2692 3296 2847 3366 plura
2876 3309 3074 3366 genera
3106 3299 3287 3362 petant
3314 3307 3426 3345 uno

1863 3396 2158 3463 eodemque
2179 3389 2446 3461 profectu,
2474 3387 2567 3444 sed
2591 3386 2818 3456 singulis
2846 3385 3078 3455 singula,
3116 3384 3268 3437 verbi
3298 3397 3426 3453 gra-

1864 3488 1940 3543 tia
1969 3504 1998 3540 a
2040 3486 2179 3540 viola
2210 3482 2277 3537 ad
2300 3482 2498 3537 violam
2525 3478 2797 3542 advolant,
2826 3492 2928 3531 nec
2954 3474 3100 3529 aliud
3127 3475 3421 3542 attingunt,

1864 3590 2145 3648 quousque
2172 3587 2328 3630 suum
2359 3571 2413 3624 in
2437 3570 2645 3624 alveum
2666 3566 2908 3628 redeant,
2939 3564 3027 3617 hic
3057 3579 3115 3618 se
3149 3563 3423 3632 quatiunt;

1864 3680 1916 3725 et
1951 3668 2191 3738 singulas
2240 3674 2351 3720 tres
2403 3670 2495 3717 aut
2541 3666 2771 3730 quatuor
2814 3663 3133 3725 sequuntur.
3162 3653 3267 3709 Sed
3295 3654 3423 3722 quid

1867 3761 2137 3829 accipiant
2186 3756 2327 3812 haud
2369 3746 2526 3808 facile
2569 3751 2805 3817 videris;
2850 3765 2951 3803 nec
2988 3761 3116 3802 vero
3164 3744 3428 3817 quemad-

1867 3853 2082 3907 modum
2116 3855 2409 3920 operentur
2441 3846 2616 3901 visum
2643 3844 2817 3899 adhuc
2843 3850 2949 3897 est.

1934 3941 2092 4003 bid"
2132 3939 2227 3993 lin.
2258 3937 2344 3991 57.
2375 3935 2545 3990 Ὅθεν
2572 3932 2669 3986 καὶ
2701 3931 2883 4000 ὑγρόν
2905 3928 3052 3981 ἐστι,
3085 3922 3421 3980 Aristoteles.

1866 4033 1959 4091 lib.
2000 4048 2032 4086 v
2064 4030 2139 4084 De
2170 4028 2354 4081 histor.
2405 4024 2648 4089 animal.,
2695 4037 2814 4091 cap.
2865 4020 2957 4082 22,
3017 4016 3334 4071 Συνίσταται
3367 4012 3423 4066 δὲ

1865 4126 1926 4178 τὸ
1961 4125 2079 4197 μέλι
2115 4122 2455 4192 πεττόμενον.
2503 4116 2591 4183 Ἐξ
2622 4117 2793 4188 ἀρχῆς
2821 4115 2928 4184 γὰρ
2955 4107 3064 4165 οἷον
3113 4110 3254 4181 ὕδωρ
3290 4107 3427 4177 γίνε-

1866 4236 1976 4284 ται,
2011 4217 2104 4271 καὶ
2135 4215 2219 4284 ἐφ’
2245 4212 2457 4284 ἡμέρας
2494 4209 2590 4280 μέν
2622 4223 2771 4269 τινας
2813 4205 2975 4276 ὑγρόν
3005 4206 3151 4257 ἐστι·
3203 4200 3282 4253 διὸ
3324 4199 3425 4252 κᾶν

1869 4308 2133 4381 ὑφαιρεϐῇ
2165 4309 2221 4359 ἐν
2259 4305 2447 4366 αὑταῖς
2489 4303 2605 4362 ταῖς
2642 4297 2892 4369 ἡμέραις,
2916 4295 3021 4375 οὐχ
3061 4293 3197 4363 ἴσχει
3236 4292 3423 4362 πάχος,

194 4411 459 4467 Hercules
489 4411 670 4481 fuerit,
700 4421 749 4465 et
777 4384 914 4481 quod
939 4410 1113 4466 Liberi
1149 4411 1329 4465 Patris
1367 4384 1679 4480 sepulcrum,
1710 4422 1759 4465 et

1867 4405 1920 4456 ἐν
1949 4402 2116 4455 εἴκοσι
2147 4399 2203 4454 δὲ
2247 4396 2476 4466 μάλιστα
2510 4391 2839 4445 συνίσταται.
2886 4387 3050 4458 Δῆλον
3081 4386 3136 4438 δέ
3162 4386 3306 4437 ἐστιν
3338 4384 3429 4435 εὑ-

194 4505 407 4574 reliqua
438 4505 711 4558 vetustatis
744 4505 850 4557 situ
884 4502 1093 4559 obruta.
1130 4502 1262 4557 Ecce
1289 4504 1343 4556 in
1381 4519 1437 4557 re
1472 4519 1633 4572 parva
1662 4503 1761 4556 vil-

194 4596 370 4665 lisque
394 4595 591 4647 nostris
637 4608 862 4655 annexa,
905 4610 1053 4662 cujus
1084 4593 1303 4647 assidua
1342 4596 1493 4660 copia
1530 4602 1627 4654 est,
1660 4609 1762 4645 non

193 4692 411 4738 constat
440 4683 574 4736 inter
601 4692 842 4736 auctores
872 4697 890 4735 :
923 4680 1032 4736 Rex
1076 4681 1346 4735 nullumne
1383 4681 1526 4735 solus
1577 4679 1764 4733 habeat

195 4775 467 4835 aculeum,
520 4757 799 4843 majestate
852 4782 1055 4827 tantum
1114 4782 1355 4827 armatus
1398 4788 1414 4826 .'
1450 4789 1519 4826 an
1567 4771 1764 4826 dederit

194 4883 320 4919 eum
352 4863 560 4935 quidem
585 4873 798 4927 natura,
828 4865 916 4918 sed
943 4881 1093 4918 usum
1122 4866 1235 4935 ejus
1265 4865 1349 4919 illi
1375 4874 1577 4919 tantum
1609 4882 1767 4934 nega-

196 4958 356 5012 verit.
392 4954 541 5009 Illud
570 4965 779 5009 constat
810 4957 1180 5024 imperatorem
1212 4957 1391 5009 aculeo
1420 4973 1520 5010 non
1536 4959 1633 5010 uti.
1663 4955 1767 5010 Ne-

194 5055 291 5117 gat
324 5044 555 5110 Seneca,
594 5046 686 5100 lib.
734 5061 771 5108 ι,
805 5044 882 5099 De
918 5045 1212 5110 clementia,
1245 5062 1365 5116 cap.
1409 5046 1497 5109 l9,
1542 5044 1768 5099 Iracun-

194 5138 458 5204 dissimte,
508 5153 571 5190 ac
605 5152 700 5205 pro
737 5136 968 5204 corporis
1006 5146 1159 5204 captu
1205 5137 1607 5206 pugnacissime
1646 5143 1766 5189 sunt

195 5246 349 5298 apes,
377 5238 428 5281 et
460 5228 667 5282 aculeos
698 5232 749 5280 in
776 5228 983 5281 vulnere
1013 5228 1311 5296 relinquunt
1338 5243 1358 5283 :
1389 5225 1499 5280 Rea:
1522 5229 1632 5296 ipse
1659 5227 1769 5280 sine

198 5320 388 5374 aculeo
418 5329 513 5373 est.
544 5321 781 5374 Consule
813 5320 1101 5385 Brodeum,
1148 5320 1241 5373 lib.
1276 5336 1346 5381 IV,
1375 5334 1497 5389 cap.
1538 5319 1626 5374 10.

270 5411 435 5477 lbid.,
467 5412 562 5465 lin.
619 5413 707 5466 55.
757 5411 1092 5481 Συνάγουσι
1121 5409 1188 5463 δὲ
1233 5410 1300 5465 ἐκ
1327 5409 1462 5466 τῶν.
1516 5410 1767 5471 Basilius,

197 5504 351 5559 hom.
378 5503 412 5558 8
439 5523 452 5557 :
488 5504 590 5556 Τὸν
616 5504 711 5574 μὲν
734 5505 840 5574 γὰρ
866 5504 1030 5576 κηρὸν
1064 5503 1170 5557 ἀπὸ
1196 5502 1304 5556 τῶν
1329 5502 1501 5556 ἀνθῶν
1531 5503 1770 5574 φανερῶς

202 5596 547 5665 συναγείρειο
572 5595 630 5648 τὸ
654 5596 709 5648 δὲ
736 5596 874 5666 μέλι,
904 5595 1000 5666 τὴν
1025 5594 1335 5666 δροσοειδῶς
1368 5594 1770 5664 ὲνεσπαρμένην

201 5686 379 5740 vri-(Ea
421 5687 531 5749 τοτς
565 5685 776 5740 ἄνθεσιν
818 5686 1230 5759 ἐπισπασαμένη
1261 5685 1336 5757 τῷ
1366 5702 1613 5756 στοματε,
1645 5685 1742 5738 ται)

1865 4494 2000 4556 Θέως
2032 4492 2091 4544 τὸ
2116 4490 2223 4544 ἀπὸ
2252 4487 2343 4541 τοῦ
2369 4485 2543 4557 χυμοῦ
2577 4484 2826 4556 μάλιστα.
2868 4479 2998 4546 Qua:
3026 4480 3099 4531 ita
3129 4477 3290 4531 vertit
3320 4474 3427 4527 Pli-

1868 4584 2019 4646 nius,
2054 4581 2146 4635 lib.
2184 4595 2258 4643 XI,
2311 4592 2430 4646 cap.
2500 4575 2568 4629 15
2601 4594 2613 4629 :
2646 4572 2741 4627 Est
2791 4580 2963 4625 autem
3006 4569 3154 4621 initio
3207 4566 3326 4628 mel,
3374 4578 3429 4618 ut

1866 4692 2026 4746 aqua,
2055 4673 2298 4732 dilutum,
2331 4679 2380 4723 et
2420 4668 2604 4737 primis
2657 4665 2836 4719 diebus
2883 4666 3061 4734 fervet,
3088 4670 3144 4714 ut
3177 4669 3425 4718 mustum.

1865 4782 2017 4838 seque
2044 4772 2263 4836 purgat:
2290 4761 2527 4815 vicesimo
2554 4758 2638 4813 die
2661 4758 2970 4818 crassescit;
3005 4768 3127 4807 mox
3155 4751 3429 4808 obducitur

1869 4857 2011 4911 tenui
2062 4853 2388 4918 membrana,
2430 4867 2545 4923 gate
2583 4850 2799 4919 fervoris
2858 4849 3021 4915 ipsius
3069 4861 3255 4916 spuma
3305 4859 3429 4898 con-

1868 4948 2072 5003 crescit.

1937 5039 2094 5102 lbid.,
2128 5039 2224 5095 lin.
2269 5037 2358 5093 59.
2381 5034 2605 5104 ’Σοφῶς
2644 5032 2712 5085 δὲ
2742 5032 2838 5085 καὶ
2869 5030 3012 5126 τάςὁ
3045 5028 3118 5083 De
3145 5028 3249 5081 hoc
3290 5025 3430 5126 miro

1870 5135 2049 5203 apium
2082 5130 2313 5185 artiﬁcio
2344 5131 2397 5184 in
2432 5129 2569 5183 favis
2610 5116 3007 5182 construendis
3025 5121 3246 5177 consule
3274 5116 3432 5173 Basi-

1872 5226 2025 5288 lium,
2073 5225 2217 5278 hom.
2267 5223 2337 5288 8;
2385 5220 2765 5281 Aristotelem,
2812 5217 2907 5270 lib.
2962 5230 3039 5279 Ix,
3102 5226 3221 5281 cap.
3254 5210 3343 5273 40,
3379 5219 3431 5264 et

1873 5318 2168 5379 Elianum,
2204 5315 2282 5368 De
2325 5315 2512 5368 histor.
2551 5309 2795 5372 animal.,
2838 5309 2931 5362 ιιι).
2969 5322 3017 5371 v,
3058 5321 3177 5375 cap.
3216 5305 3302 5366 15,
3339 5305 3429 5373 qui

1870 5406 2289 5479 elegantissimis
2331 5404 2508 5460 verbis
2553 5400 2873 5458 industriam
2920 5399 3057 5451 hanc
3092 5412 3417 5467 prosequun-

1873 5513 2100 5654 l“llud,
2126 5589 2221 5643 lin.
2260 5589 2347 5645 45.
2381 5591 2447 5640 Al
2487 5584 2553 5638 δὲ
2587 5582 2819 5653 ἀκρίδες
2854 5582 2963 5636 ἐνί.
3004 5580 3256 5651 Basilius,
3288 5578 3432 5630 boui.

1877 5686 1946 5739 8:
1976 5683 2097 5746 Πῶς
2128 5699 2205 5736 σοι
2250 5681 2347 5745 τὰς
2394 5676 2627 5751 φοϐερὰς
2680 5676 3055 5748 ἐπιστρατείας
3088 5676 3182 5744 τῆς
3223 5669 3442 5743 ἀκρξξος
