3924 6968
580 231 683 285 929

1908 225 2154 283 LEONIS
2188 227 2458 283 suam
3643 240 3718 299 εηο

576 348 921 424 διηγήσομαι,
956 350 1101 420 ἥὺφ’
1133 350 1214 403 ἑνὶ
1246 350 1544 421 συνθήματι
1581 351 1729 405 πᾶσα
1774 350 2018 422 ἀρθεῖσα,
2054 371 2106 407 xc

2206 361 2445 422 ipracter
2468 352 2728 408 rationem
2764 361 3026 424 suntquae
3067 352 3398 413 Democritus
3435 361 3560 428 apud
3596 367 3743 425 coite,

577 442 1145 516 στρατοπεδευσαμένη
1184 442 1324 496 κατὰ
1363 442 1424 496 τὸ
1463 444 1662 507 πλάτος
1699 444 1797 516 τῆς
1832 445 2033 517 χώρας,
2078 448 2138 501 οὐ

575 537 837 607 πρότερον
864 534 1092 597 ἅπτεται
1124 533 1232 587 τῶν
1269 533 1498 605 καρπῶν
1535 535 1666 606 πρὶν
1693 536 1963 607 ὲνδοθῆναι
2004 539 2138 610 αὐτῇ

572 630 633 681 τὸ
658 627 795 680 θεῖον
829 624 1180 695 πρόσταγμας
1220 625 1343 689 Πῶς
1371 625 1404 695 ἡ
1437 626 1681 690 σελευκὶς
1710 627 1969 695 ὲφέπεται
2006 629 2141 699 ἴαμα

569 716 916 788 τῆςπληγῆς
947 716 1246 789 ἀπέραντον
1276 716 1472 787 ἔχουσα
1500 716 1595 771 τοῦ
1625 717 1825 772 ἐσθίειν
1850 718 1947 789 τὴν
1975 719 2138 773 δύνα-

572 825 683 877 μιν,
730 806 825 860 τοῦ
873 806 1250 877 φιλανθρώπου
1294 806 1429 861 θεοῦ
1483 808 1775 881 ἀκόρεστον
1820 811 1990 882 αὐτῆς
2037 812 2138 884 τὴν

567 896 729 966 φύσιν
773 898 857 951 ἐπ’
893 898 1177 970 εὐεργεσίᾳ
1203 898 1310 952 τῶν
1356 898 1658 977 ἀνθρώπων
1696 903 2133 957 κατασκευάσαν-

564 1006 676 1053 τος.
717 988 947 1054 Plinius,
989 990 1081 1045 lib.
1124 1005 1185 1053 ιι,
1220 1003 1339 1061 cap.
1382 990 1473 1055 29,
1520 991 1577 1045 in
1611 1008 1721 1062 quo
1762 993 1856 1048 irae
1907 994 2131 1051 deorum

568 1090 772 1151 pestem
797 1096 891 1137 eas
928 1093 1226 1153 nuncupat,
1270 1097 1364 1138 eas
1406 1097 1618 1139 summe
1653 1087 1845 1141 noxias
1885 1087 2131 1159 frugibus

567 1188 705 1241 quas
728 1175 962 1229 exedunt
989 1185 1042 1229 et
1067 1174 1301 1244 perdunt
1327 1174 1395 1229 ad
1424 1174 1869 1243 internecionem,
1892 1180 2130 1235 maximo

567 1263 875 1316 mortalium
906 1264 1248 1319 incommodo
1288 1266 1577 1323 universus
1609 1266 1760 1324 orbis
1806 1270 2128 1342 quandoque

565 1354 860 1423 experitur.
900 1354 1007 1411 Eas
1038 1356 1111 1410 ita
1147 1356 1438 1427 descripsit
1465 1356 1840 1416 Claudianus:

640 1465 833 1547 fiorret
863 1483 995 1534 apex
1023 1471 1232 1547 capitis,
1260 1470 1429 1547 medio
1460 1471 1575 1547 fera
1609 1471 1812 1547 lumina
1836 1485 2057 1547 surgunt

641 1536 842 1608 Vertico
867 1536 1119 1608 cognatus
1157 1539 1313 1594 dorso
1345 1536 1575 1596 durescit
1603 1545 1825 1598 amictus
1861 1561 1880 1599 :

634 1607 869 1682 ﬁrmavit
901 1607 1309 1682 naturacutern,
1340 1610 1584 1682 dumique
1614 1613 1850 1668 rubentes

632 1673 945 1745 Cuspidibus
968 1680 1142 1750 parvis
1170 1680 1349 1735 multis
1379 1673 1562 1737 acuere
1590 1683 1823 1738 rubores.

629 1809 789 1876 lbid.,
845 1810 944 1866 lin.
986 1810 1078 1867 49.
1136 1814 1457 1871 Μετέπειτα
1502 1815 1570 1870 δὲ
1619 1819 1841 1886 αὐτοῖς.
1893 1819 2122 1889 Plinius,

558 1901 654 1957 lib.
682 1919 735 1966 ι,
768 1904 932 1973 capit.
959 1903 1026 1957 27
1055 1924 1068 1959 :
1101 1904 1394 1963 Seleucides
1439 1925 1558 1964 aves
1603 1920 1871 1977 vocantur,
1901 1930 2126 1983 quarum

556 1994 833 2048 adventum
874 2013 908 2050 a
955 1995 1083 2052 Jove
1140 2001 1376 2066 precibus
1429 2002 1709 2071 impetrant
1763 2003 1889 2061 Casi
1929 2010 2124 2063 montis

553 2086 742 2142 incola:
774 2087 949 2157 fruges
996 2105 1176 2143 eorum
1205 2088 1422 2147 locustis
1454 2095 1804 2151 uastantibus.
1841 2094 1952 2153 Nec
1987 2099 2124 2154 unde

554 2178 784 2243 veniant,
813 2193 972 2246 quove
1000 2178 1187 2233 abeant
1216 2190 1556 2250 compertum,
1601 2199 1867 2255 nunquam
1908 2203 2123 2257 conspe-

552 2269 673 2331 ctis,
707 2268 810 2323 nisi
838 2286 953 2323 cum
978 2271 1224 2338 praesidio
1251 2290 1430 2328 earum
1449 2275 1728 2346 indigetur.
1755 2276 1989 2337 Galenus
2025 2296 2120 2337 eas

552 2357 738 2429 ὄρνεον
759 2357 878 2411 εἶπε
900 2360 992 2412 καὶ
1019 2360 1331 2433 ἀκόρεστον,
1358 2364 1452 2417 καὶ
1477 2364 1799 2438 πανοῦργον,
1829 2374 1882 2423 et
1912 2368 2007 2424 lib.
2040 2386 2115 2439 vr,

550 2465 671 2521 cap.
696 2451 758 2514 ὅ.
784 2450 851 2506 de
881 2451 982 2507 Ioc.
1017 2452 1196 2507 affect.
1236 2453 1491 2512 Aviculas
1532 2472 1668 2528 quas
1709 2468 1984 2517 nostrates
2016 2462 2117 2517 Se-

550 2540 789 2596 leucidas
819 2550 1035 2609 vocant,
1058 2541 1260 2614 jugiter
1292 2545 1531 2603 locustas
1574 2549 1762 2616 edunt,
1789 2566 1991 2622 easque
2026 2567 2115 2608 ce-

548 2630 733 2685 leriter
759 2643 1078 2688 excernunt.
1115 2634 1313 2710 Eadem
1348 2654 1467 2708 qua:
1497 2647 1551 2694 et
1580 2649 1767 2695 noster
1797 2641 2112 2700 Eustathius

545 2719 709 2775 habet
755 2720 1096 2786 Ambrosius,
1126 2725 1219 2779 lib.
1254 2742 1287 2777 v
1317 2726 1653 2794 Hexaemer.,
1699 2746 1819 2802 cap.
1854 2733 1947 2789 2⁵5.
1979 2732 2113 2791 Vide

542 2818 800 2881 praeterea
835 2814 1142 2871 Conradum
1171 2817 1491 2883 Gesnerum,
1546 2821 1638 2876 lib.
1670 2836 1729 2876 ιιι
1775 2823 1853 2879 De
1894 2825 2110 2891 avibus;

543 2906 836 2960 Antonium
892 2905 1226 2975 Calatinum,
1275 2908 1349 2964 De
1395 2911 1503 2964 situ
1548 2910 1815 2985 Iapygios;
1850 2914 2107 2972 Zosinum

540 2994 834 3062 comitem,
883 2995 1021 3052 Hist.
1074 2998 1167 3053 lib.
1223 3015 1275 3067 r;
1322 2997 1589 3058 Diodorus
1631 3002 1919 3062 Tarsensis
1966 3007 2107 3079 apud
2134 3039 2176 3097 ο

539 3083 792 3140 Photium
837 3088 911 3142 ita
944 3089 1042 3145 has
1068 3105 1196 3147 aves
1228 3091 1457 3148 locustis
1493 3109 1614 3151 esse
1643 3095 1894 3154 inimicas
1923 3100 2105 3169 tradit,

540 3187 601 3231 ut
625 3178 709 3233 vel
737 3181 929 3235 umbra
964 3183 1080 3237 sola
1124 3199 1219 3240 eas
1256 3185 1571 3241 interimant
1601 3204 1615 3241 :
1651 3188 1758 3243 Καὶ
1794 3191 1826 3261 ἡ
1867 3191 2109 3257 σελευκὶς

535 3272 596 3323 τὺ
618 3273 816 3345 πτηνὸν
837 3274 1010 3340 οὕτως
1029 3276 1174 3330 ἐστὶν
1201 3277 1416 3349 ἀκρίσιν
1434 3279 1691 3352 ὀλέθριον,
1709 3280 1849 3335 ὥστε
1870 3284 1961 3337 καὶ
1984 3285 2104 3339 ὅσαι

536 3363 602 3416 ἂν
628 3366 696 3436 τῇ
719 3366 846 3436 σκιᾷ
865 3366 1070 3438 ταύτης
1099 3367 1525 3438 καταλειφθεῖεν,
1557 3371 1886 3444 φθείρονται.
1906 3373 1973 3428 Ει
2003 3376 2105 3432 hoc

535 3455 789 3524 precibus
816 3473 848 3512 a
877 3457 990 3514 Deo
1021 3460 1299 3530 impetrari
1327 3471 1558 3527 tantum,
1589 3473 1648 3518 ut
1686 3464 1932 3521 immanae
1960 3469 2102 3523 mul-

534 3544 784 3602 titudinis
840 3548 1125 3604 voracitati
1183 3551 1355 3621 possit
1406 3553 1642 3617 occurri,
1691 3554 1853 3610 etiam
1891 3554 2101 3615 Plinius

532 3637 696 3693 homo
744 3638 998 3695 ethnicus
1048 3640 1256 3697 videtur
1305 3644 1550 3700 innuere.
1604 3643 1803 3700 Earum
1864 3662 2101 3719 namque

533 3730 824 3786 adventum
871 3733 974 3788 soli
1012 3732 1121 3789 Deo
1152 3734 1207 3789 in
1242 3742 1391 3790 tanta
1443 3737 1664 3793 miseria
1716 3739 2095 3796 ascribendum

530 3835 639 3874 non
663 3823 838 3876 solum
873 3820 1186 3880 Eustathius
1219 3834 1405 3882 noster
1426 3827 1700 3897 pnedicat,
1729 3830 1819 3885 sed
1848 3831 2094 3901 quilibet,

527 3911 624 3980 qui
652 3911 987 3968 locustarum
1018 3930 1216 3970 noxam
1248 3959 1263 3984 ,
1288 3925 1362 3979 et,
1396 3925 1453 3972 ut
1490 3918 1566 3973 ita
1598 3919 1796 3986 dicam,
1826 3937 2092 3978 venenum

527 4004 709 4059 omnia
733 4004 980 4062 inliciens
1020 4023 1257 4078 unquam
1301 4010 1452 4076 vidit,
1488 4011 1732 4068 censebit
1757 4015 2088 4070 necessario.

528 4094 700 4152 Habet
728 4104 907 4152 tamen
933 4107 986 4154 et
1015 4099 1248 4155 humana
1278 4112 1489 4169 natura,
1516 4104 1765 4173 quamvis
1793 4105 2092 4175 saepissime

527 4186 763 4253 fallatur,
793 4203 921 4245 suas
950 4190 1114 4256 vires,
1145 4199 1198 4246 et
1225 4203 1286 4246 ut
1315 4194 1388 4247 ita
1414 4194 1613 4259 dicam,
1639 4197 1938 4261 solertiam,
1966 4200 2091 4268 qui-

524 4278 626 4334 bus
653 4279 913 4349 quidquid
956 4280 1175 4336 inlestat
1206 4299 1235 4336 a
1270 4300 1328 4339 se
1358 4287 1630 4356 propellit,
1660 4297 1713 4343 et
1759 4289 1826 4344 ab
1864 4289 2086 4346 inimico

517 4744 669 4804 pant,
706 4738 790 4792 vel
849 4740 1144 4808 praesentes
1191 4741 1301 4809 jam
1355 4750 1515 4813 atque
1573 4748 1757 4800 omnia
1818 4755 2089 4805 vastantes

516 4827 824 4887 absumant.
861 4830 1042 4885 Refert
1076 4829 1307 4895 Plinius,
1343 4834 1434 4890 lib.
1465 4851 1539 4899 ιι,
1586 4851 1706 4907 cap.
1735 4837 1804 4892 29
1836 4855 1850 4893 :
1888 4838 1953 4892 In
1985 4840 2087 4910 Cy-

514 4926 725 4978 renacia
753 4927 963 4995 regione.
987 4928 1145 4997 legem
1186 4929 1348 4996 fuisse
1377 4938 1452 4983 ter
1484 4947 1619 4984 anno
1649 4949 1737 4987 eas
1766 4934 2082 5000 debellandi,

509 5019 680 5084 primo
707 5035 803 5071 ova
842 5018 1139 5101 obterqdo,
1170 5019 1353 5074 deinde
1384 5022 1544 5091 fctum
1570 5065 1585 5087 ,
1635 5033 1894 5091 postremo
1923 5027 2080 5081 adul-

509 5119 634 5162 tas:
680 5107 961 5165 desertoris
1011 5126 1163 5179 paena
1204 5114 1256 5165 in
1308 5130 1423 5167 eum
1454 5118 1543 5184 qui
1586 5120 1878 5172 cessaverit.
1928 5118 1995 5172 Et
2028 5122 2080 5173 in

504 5197 700 5255 Lemno
746 5202 923 5257 insula
954 5214 1114 5263 certa
1158 5222 1401 5259 mensura
1446 5208 1713 5276 prce/inita
1765 5220 1862 5271 est.
1925 5228 2078 5281 quam

506 5292 701 5362 singuli
736 5304 1068 5349 enecatarum
1109 5297 1177 5351 ad
1209 5300 1548 5368 magistratus
1575 5300 1821 5368 referant.
1848 5301 1912 5355 Et
1942 5304 2077 5359 infe-

507 5378 621 5434 rius
654 5397 667 5432 :
705 5379 907 5437 Necare
935 5394 983 5436 et
1024 5386 1078 5438 in
1114 5386 1275 5455 Syria
1307 5388 1528 5441 militari
1555 5389 1767 5456 imperio
1796 5400 2072 5461 coguntur.

505 5468 658 5533 Quod
702 5480 755 5526 et
805 5475 857 5527 in
908 5474 1144 5530 Lucania
1196 5477 1356 5532 hodie
1396 5493 1496 5533 nec
1546 5495 1652 5533 non
1710 5479 1921 5552 Iapygia
1960 5485 2072 5555 lege

502 5581 516 5607 ι
538 5574 626 5614 sse
656 5564 950 5635 sancitum,
977 5567 1104 5620 dum
1142 5568 1243 5621 hoc
1278 5569 1476 5622 malum
1510 5578 1683 5623 terras
1718 5571 2071 5644 hominesque

503 5650 745 5711 infestat.
778 5655 907 5708 mihi
947 5659 1171 5712 relatum
1222 5672 1324 5725 est,
1376 5672 1427 5716 ct
1473 5679 1571 5732 ego
1610 5666 1911 5723 observavi.
1960 5668 2065 5724 Nec

2242 455 2445 500 ctorem
2480 444 2827 513 Geoponicon.
2858 446 2948 500 lib.
2980 462 3100 513 xm,
3129 446 3311 513 refert,
3350 459 3401 505 et
3438 452 3496 507 ad
3535 470 3614 512 eas
3640 458 3722 527 jam

2240 533 2511 588 irruentes
2533 533 2922 603 impediendas,
2942 535 3047 599 vel,
3075 536 3123 591 si
3145 537 3467 608 irrepserint,
3492 543 3724 604 absumen.

2240 623 2361 687 das,
2386 633 2516 679 sunt
2541 624 2686 679 enim
2723 632 2779 680 et
2806 632 3012 681 natura:
3041 642 3224 691 rerum
3252 639 3600 699 consentanea,
3621 643 3725 693 mul.

2237 715 2420 784 tisque
2469 716 2855 787 experimentis
2894 718 3262 787 comprobata.
3306 719 3379 778 De
3421 724 3597 794 quibus
3630 731 3723 785 alibi

2236 806 2613 875 opportunius.

2305 893 2462 959 ΠΜ..
2485 896 2581 951 lin.
2611 895 2867 970 523-791,“
2890 898 3126 969 τλαῦκά
3155 916 3320 970 φασι.
3348 901 3578 972 Basilius,
3612 907 3721 966 hom.

2233 985 2312 1040 8:
2351 987 2461 1041 Kal.
2508 987 2615 1060 γὰρ
2667 989 2879 1061 ἐκείνης
2922 990 2957 1060 ἡ
3010 989 3133 1059 δψις
3179 991 3367 1056 νυκτὸς
3404 995 3493 1065 μὲν
3523 996 3723 1069 έίιρθκαιι

2232 1078 2388 1149 ἡλίου
2417 1079 2474 1132 δὲ
2502 1079 2811 1151 λάμψαντος
2837 1082 3196 1155 ἀμαυροῦται.
3229 1081 3447 1157 Ideoque
3473 1098 3615 1145 noctu
3635 1108 3725 1149 eam

2230 1172 2413 1242 vagari
2449 1174 2613 1229 refert
2656 1175 2998 1242 Aristoteles,
3031 1176 3109 1232 De
3127 1178 3312 1238 histor.
3346 1184 3567 1251 animat.,
3591 1185 3669 1242 lib.
3695 1204 3725 1255 ι,

2228 1278 2349 1335 cap.
2386 1264 2434 1329 l,
2466 1266 2542 1320 et
2587 1266 2681 1321 lib.
2719 1281 2795 1333 Ix,
2848 1270 3090 1339 ειη).δῂ
3129 1271 3205 1326 ait
3263 1282 3497 1342 noctuas,
3529 1277 3726 1349 vicinia,

2226 1365 2285 1413 et
2321 1358 2531 1429 reliqua
2581 1374 2701 1429 qua:
2744 1358 2980 1416 interdiu
3033 1376 3257 1420 cernere
3292 1376 3562 1437 nequeunt,
3601 1386 3727 1431 noctu

2225 1449 2477 1506 venando
2511 1451 2706 1530 cibum
2756 1450 2858 1508 sibi
2914 1453 3218 1524 acquirere.
3265 1455 3453 1514 Verum
3504 1478 3599 1519 non
3640 1475 3727 1522 tota

2224 1550 2385 1598 nocte
2417 1541 2472 1597 id
2501 1541 2699 1605 facere,
2727 1542 2821 1598 sed
2866 1545 3204 1613 vespertino,
3233 1553 3288 1601 et
3325 1551 3582 1606 matutino.
3607 1553 3726 1625 Apud

2227 1630 2479 1685 Photium
2511 1631 2569 1685 in
2597 1629 3230 1694 Bibliotheca,Antonius
3252 1633 3500 1706 Diogenes
3518 1642 3565 1695 in
3593 1641 3729 1700 lucre-

2151 1697 2194 1752 Β
2227 1720 2472 1775 dibilium
2497 1720 2650 1776 libris
2669 1721 2737 1776 de
2761 1720 2939 1776 insula
2967 1720 3145 1779 Thule
3171 1697 3642 1796 memitiitcivitatis,

2220 1815 2312 1886 jus
2334 1813 2527 1868 incolae
2550 1822 2713 1868 noctu
2739 1812 2955 1882 quidem
2981 1812 3190 1881 vident,
3213 1815 3441 1873 interdiu
3474 1824 3724 1880 carentium.

2295 1906 2455 1971 lbid.,
2495 1920 2549 1976 p.
2583 1904 2672 1960 54.
2714 1905 2915 1961 Ἠνίκα
2950 1907 3005 1961 δ’
3046 1911 3108 1963 αί
3150 1913 3496 1981 νυκτερίδες.
3526 1915 3726 1985 Basilius,

2221 1998 2373 2053 hom.
2396 1998 2430 2054 8
2461 2016 2475 2053 :
2506 1996 2632 2062 Πῶς
2664 2000 2961 2070 τετράπους
3015 2000 3082 2056 τὸ
3123 2004 3252 2057 αὐτὸ
3297 2006 3387 2060 καὶ
3424 2009 3729 2083 πτηνὸνήνυ-

2222 2092 2426 2162 κτερὶς,
2462 2091 2579 2155 πῶς
2608 2091 2742 2163 μόνη
2768 2092 2877 2146 τῶν
2900 2093 3136 2164 ὀρνίθων
3173 2094 3346 2151 ὀδοῦσι
3380 2099 3629 2174 κέχρηται,
3659 2108 3727 2160 καὶ

2220 2183 2477 2250 ζωοτοκεῖ
2508 2184 2607 2254 μὲν
2633 2184 2710 2248 ὡς
2733 2184 3069 2257 τετράποδα.
3103 2189 3416 2257 ἐπιπολάζει
3451 2193 3503 2248 δὲ
3538 2196 3604 2267 τῷ
3634 2198 3723 2271 ἀέρι

2218 2275 2339 2346 οὐχὶ
2373 2276 2558 2348 πτέρῳ
2590 2276 2978 2348 κουφιζομένη,
3005 2278 3129 2333 ἀλλ’
3157 2280 3313 2352 ὑμένι
3337 2285 3437 2338 τινὶ
3462 2286 3721 2361 δερματίνῳ.

2217 2366 2344 2431 Πῶς
2369 2366 2550 2436 μέντοι
2571 2366 2844 2421 καὶτοῦτο
2872 2367 2984 2439 ἔχει
3004 2387 3063 2424 τι
3091 2372 3403 2446 φιλάλληλον
3420 2376 3474 2430 ἐν
3500 2380 3557 2450 τῇ
3580 2379 3725 2449 φύσει·

2217 2456 2312 2510 καὶ
2338 2456 2448 2528 γὰρ
2477 2457 2666 2529 ὥσπερ
2693 2459 2930 2531 ὀρμαθὺς
2966 2461 3213 2535 ἀλλήλων
3238 2467 3293 2520 αἱ
3319 2470 3596 2540 νυκτερίδες
3618 2472 3726 2542 ἔχον.

2214 2565 2325 2609 ται,
2348 2548 2442 2602 καὶ
2472 2547 2572 2618 μία
2596 2552 2695 2621 τῆς
2732 2552 2861 2621 μιᾶς
2891 2552 3189 2625 ἤρτηνταιο
3235 2559 3369 2631 ὅπερ
3393 2560 3472 2629 ἐφ’
3498 2561 3725 2633 ήμῶντῶν

2214 2636 2512 2709 ἀνθρώπων
2541 2639 2601 2692 οὐ
2633 2641 2811 2711 ῥᾴδιον
2833 2644 3267 2719 κατορθωθῆναι.
3294 2649 3357 2705 Ει
3379 2661 3496 2709 ante
3526 2655 3610 2711 hos
3635 2656 3718 2712 llo-

2211 2742 2417 2795 merus,
2451 2731 2546 2788 lib.
2583 2734 2772 2791 ultimo
2804 2735 3055 2807 Odyssea:
3081 2758 3101 2796 :

2223 2840 2392 2930 Ξίξνδ
2414 2844 2512 2900 ὅτε
2536 2850 2877 2930 νυκῖζερίδες
2895 2857 3075 2930 μυχῷ
3108 2859 3325 2930 ἄντρου
3351 2865 3648 2919 θεσπεσίοιο

2219 2910 2517 3004 (audeat
2539 2910 2869 3004 ποτέρῖθταιξ
3258 2910 3619 3004 36.18335};

2232 2984 2502 3052 Ορμαθοῦ
2524 2990 2591 3044 ἐκ
2623 2984 2867 3064 πέτρης-ξ
2896 2999 3012 3054 ἀνά
3048 2984 3119 3055 τί

2281 3091 2439 3163 lbid.,
2488 3099 2583 3154 lin.
2630 3103 2717 3159 56.
2766 3108 2961 3164 Μόνον
3002 3112 3075 3166 δὲ
3128 3113 3247 3168 τῶν
3284 3115 3563 3173 πετεινῶν.
3607 3116 3724 3172 llum:

2208 3199 2310 3280 nec
2343 3204 2550 3248 murem
2578 3211 2720 3263 esse,
2748 3215 2850 3256 nec
2883 3204 3172 3262 volucrem
3216 3208 3424 3266 dicebat
3444 3209 3594 3265 Varro
3616 3210 3721 3280 apud

2205 3274 2440 3372 ῙῩῩΨίυω
2474 3301 2487 3337 ³
2530 3284 2841 3359 vespernae
2890 3297 3093 3353 animal
3154 3302 3363 3355 volucre
3406 3302 3598 3372 biforme
3635 3274 3722 3372 (alii

2205 3368 2458 3465 diforme)
2487 3375 2686 3433 dictum
2713 3385 2852 3452 quod
2878 3402 3084 3459 uespere
3116 3407 3172 3447 se
3202 3392 3271 3447 ad
3296 3368 3514 3450 volatum
3539 3368 3720 3465 proferat

2206 3463 2392 3520 noctis.
2444 3466 2570 3526 Var.
2609 3471 2881 3543 Agathone
2919 3492 2939 3533 :

2276 3578 2416 3669 Quid
2455 3586 2661 3669 multa?
2687 3589 3005 3669 _Vespertilio
3034 3596 3215 3669 factus
3239 3617 3378 3665 sum,
3405 3615 3549 3669 neque

2274 3649 2340 3706 In
2375 3656 2611 3713 muribus
2642 3649 2817 3731 plane,
2847 3681 3008 3737 neque

2201 3761 2268 3818 Et
2312 3767 2549 3839 Angelus
2593 3771 2898 3833 Politianus
2948 3779 3003 3834 in
3057 3783 3297 3851 quadam
3332 3782 3543 3854 epistola
3572 3800 3582 3834 :
3614 3778 3714 3832 Dum

2199 3870 2291 3909 nec
2315 3874 2487 3913 mures
2513 3862 2686 3931 plane,
2716 3882 2814 3920 nec
2845 3885 2964 3924 aves
2997 3888 3205 3938 sumus,
3235 3875 3458 3945 utrisque
3479 3882 3623 3926 tamen
3645 3884 3713 3922 not

2194 3950 2416 4018 probare
2442 3963 2723 4021 tentamus,
2747 3976 2966 4017 causam
2989 3966 3157 4035 hujus
3185 3967 3523 4023 liaesitationis
3558 3963 3712 4034 optime

2194 4041 2430 4109 explicat
2470 4045 2811 4117 Aristoteles,
2870 4053 2965 4109 lib.
3009 4055 3088 4110 De
3130 4060 3369 4126 partibus
3412 4059 3579 4120 anim.,
3608 4068 3702 4123 cap-

2202 4130 2289 4198 l5,
2313 4148 2470 4203 quem
2495 4140 2738 4194 consule.
2771 4202 2780 4211 ,

2261 4222 2420 4290 lbid.,
2452 4228 2546 4283 lin.
2581 4229 2668 4283 57.
2698 4229 2892 4300 Πέτρα
2922 4232 3164 4301 σκελές.
3212 4233 3415 4290 Forsan
3459 4247 3704 4304 τετρασκε-

2186 4315 2299 4381 λές,
2339 4324 2398 4372 ut
2444 4319 2581 4375 idem
2630 4322 2821 4376 innuat
2849 4324 2994 4393 quod
3037 4323 3273 4382 Basilius
3313 4327 3427 4383 loco
3455 4323 3708 4396 supradicto

2189 4694 2307 4736 mas
2346 4681 2545 4738 habere
2573 4684 2724 4739 dicit.
2761 4686 2906 4759 Αὕτη
2935 4689 3042 4762 γὰρ
3094 4693 3229 4763 μόνη
3275 4692 3382 4745 τῶν
3424 4692 3577 4746 ἄλλων
3601 4704 3703 4756 πτη·

2188 4771 2292 4824 νῶν
2332 4772 2547 4839 ὀδόντας
2590 4777 2682 4831 καὶ
2723 4781 2966 4848 μαστοὺς
3008 4782 3138 4853 ἔχει.
3193 4784 3258 4839 Ει
3284 4785 3500 4849 Plinius,
3535 4781 3612 4835 lib.
3641 4791 3697 4835 ιι.

2186 4877 2305 4931 cap.
2337 4864 2407 4918 57
2436 4873 2489 4920 et
2533 4866 2599 4921 59
2635 4887 2646 4921 :
2694 4868 2973 4925 Volucrum
3031 4874 3165 4927 nulli
3218 4875 3392 4930 dentes
3438 4883 3603 4945 prater
3636 4885 3699 4923 re-

2185 4957 2535 5022 spertilionem
2560 4975 2578 5021 ,'
2603 4968 2657 5014 et
2691 4961 2783 5016 lib.
2824 4980 2878 5027 Χ,
2914 4980 2964 5018 c.
2998 4965 3056 5019 Gl
3085 4987 3096 5020 :
3136 4966 3414 5022 Volucrum
3433 4964 3605 5020 animal
3624 4977 3695 5029 pa-

2183 5047 2250 5099 rit
2295 5052 2588 5118 uespertilio
2638 5064 2863 5121 tantum,
2905 5061 2992 5110 cui
3037 5069 3084 5111 et
3130 5060 3525 5113 membranacra'
3562 5056 3694 5117 binm?

2181 5141 2292 5192 uni.
2336 5140 2536 5197 Eadem
2574 5147 2689 5199 sola
2722 5149 2987 5202 volucrum
3026 5152 3160 5204 lacte
3203 5153 3399 5216 nutrit,
3446 5150 3585 5203 ubera
3621 5144 3693 5197 ad-

2181 5247 2410 5295 movens,
2454 5238 2682 5305 geminos
2740 5240 2921 5293 volitat
2973 5242 3213 5310 amplexa
3242 5243 3460 5313 infantes
3485 5257 3503 5294 .'
3530 5251 3691 5292 secum-

2179 5339 2278 5392 que
2301 5322 2562 5393 deportat.
2598 5327 2781 5383 Eidem
2814 5335 3071 5387 coxendix
3108 5352 3214 5389 una
3241 5335 3476 5397 traditur,
3504 5340 3547 5386 et
3568 5330 3611 5382 in
3635 5325 3689 5378 ci-

2176 5416 2302 5470 batu
2347 5420 2536 5474 culices
2586 5424 2895 5492 gratissimi.
2947 5423 3205 5491 Isidorus.
3256 5428 3350 5482 lib.
3385 5441 3475 5487 ιιι,
3516 5436 3616 5490 eap-
3647 5415 3685 5480 7.

2177 5510 2290 5563 haec
2319 5513 2499 5565 omnia
2535 5511 2608 5565 ita
2643 5516 2961 5587 complexus
2987 5527 3071 5571 est
3110 5537 3122 5572 :
3166 5516 3459 5587 Vespertilio
3479 5529 3561 5583 pro
3587 5518 3684 5562 ατη·

2170 5612 2294 5667 pore
2340 5623 2521 5659 nomen
2570 5610 2787 5678 accepit,
2824 5628 2882 5665 eo
2924 5612 3062 5683 quod
3101 5614 3261 5667 lucem
3311 5612 3495 5682 fugiens
3541 5617 3685 5671 περιρ

2175 5696 2318 5750 srulo
2350 5698 2635 5754 vespertino
2665 5702 3023 5761 circumvolat.
3057 5704 3309 5758 ura'cioiti
3344 5709 3470 5755 motu
3497 5706 3612 5749 arta.
3640 5699 3678 5742 tt
