3952 6204
258 247 359 306 9'2!

1372 264 1434 320 IN
1474 261 1845 320 EUSTATHII
1872 264 2341 325 HEXAEMERON
2374 267 2607 328 ΝΟΤΛΕ.

3376 286 3483 343 9‘28

256 374 582 431 tenuissimis
636 343 967 437 brachiorum
1008 385 1255 442 membris
1294 404 1545 457 suspensa
1574 404 1593 440 :
1624 384 1826 440 animal
1854 391 1897 448 Δ
1928 389 2023 457 (ita
2047 389 2191 445 enim
2221 391 2459 465 corrigo)
2481 403 2630 460 sunt,
2661 409 2762 455 nec
2779 409 3008 466 usquam
3041 396 3191 454 alibi.
3214 396 3370 467 Quod
3399 405 3480 459 vel

254 468 489 522 murium
513 468 704 535 simile,
730 488 832 527 non
854 482 966 529 tam
986 493 1103 532 voce
1128 495 1374 534 resonans
1399 496 1556 548 quam
1576 480 1821 546 stridore,

252 561 421 627 specie
449 578 650 634 quoque
683 565 911 623 volatilis
957 570 1117 624 simul
1152 581 1201 625 et
1246 575 1561 643 quadrupes.
1595 572 1731 642 quod
1766 573 1823 625 in

255 653 380 707 aliis
407 655 601 711 avibus.
616 661 833 727 reperiri
870 679 972 716 non
1004 664 1155 719 solet.
1182 664 1311 731 Quae
1337 681 1459 720 cum
1485 666 1704 719 brachia
1730 680 1824 734 pe-

253 745 460 815 desque
491 747 708 813 habeat,
736 751 864 820 quid
901 753 1098 809 mirum
1156 755 1199 810 si
1228 755 1582 828 τετρασκελές
1626 756 1697 809 sit
1728 771 1826 809 no-

251 843 371 891 stro
410 840 660 893 auctori?
709 844 955 911 quamvis
1004 860 1170 900 unum
1235 855 1446 901 tantum
1509 846 1695 909 σκέλος
1748 846 1823 900 illi

248 930 397 985 tradi
423 930 633 988 Plinius
660 934 903 991 afﬁrmet.
938 938 992 993 Id
1024 948 1201 994 tamen
1228 949 1416 994 notum
1448 946 1531 994 est
1560 954 1681 994 esse
1707 939 1824 994 sine

245 1038 514 1093 genuum,
553 1027 923 1084 malleolorum
955 1030 1259 1103 pedumque
1288 1032 1556 1099 articulis.

324 1110 488 1178 lbid.,
522 1115 616 1169 lin.
649 1116 738 1172 59.
776 1121 841 1171 Ol
876 1118 944 1173 δὲ
982 1118 1255 1190 τέττιγες.
1296 1120 1548 1182 Basilius,
1585 1120 1733 1174 hom.
1765 1120 1821 1185 8,

250 1205 354 1269 Τίς
376 1207 405 1259 '5
432 1208 631 1278 τρόπος
662 1210 764 1281 τῆς
799 1211 1062 1283 μελῳδίας
1100 1213 1195 1266 τοῦ
1226 1214 1488 1282 τέττιγος.
1518 1212 1640 1277 Πῶς
1673 1215 1728 1265 ὲν
1754 1216 1820 1284 τῇ

254 1298 578 1371 μεσημϐρίᾳ
618 1301 824 1356 ἑαυτῶν
870 1305 1006 1357 εἰσιν
1058 1304 1389 1377 ᾠδικώτεροι
1439 1310 1504 1378 τῇ
1554 1308 1684 1379 ὁλκῇ
1728 1308 1821 1361 τοῦ

250 1389 438 1461 ἀέρος.
467 1390 535 1461 ἢν
564 1392 621 1446 ὲν
646 1395 710 1463 τῇ
743 1394 990 1467 διαστολῇ
1026 1396 1300 1455 ποιοῦνται
1332 1396 1426 1451 τοῦ
1455 1396 1700 1469 θώρακος
1730 1399 1818 1452 ἐκ·

249 1478 534 1550 διδομένου
561 1481 654 1533 τοῦ
688 1481 944 1551 φθόγγου.
989 1484 1330 1549 Aristoteles,
1367 1486 1442 1541 De
1474 1486 1663 1543 histor.
1707 1490 1825 1543 ani-

252 1569 414 1633 mal.,
441 1584 563 1640 cap.
589 1570 678 1635 50,
713 1570 1027 1627 Proveniant
1048 1574 1193 1645 large
1224 1575 1385 1644 copia:
1416 1576 1681 1630 imbrium.

326 1658 464 1716 Ibid.
507 1661 895 1729 Ἠσυχάζουσι
943 1665 1011 1719 δὲ
1060 1668 1283 1734 καιρόν.
1340 1666 1678 1734 Aristoteles,
1729 1669 1822 1727 lib.

249 1768 375 1814 vnn,
401 1752 480 1806 De
521 1753 709 1812 histor.
754 1758 943 1821 anim.,
979 1773 1099 1829 cap.
1132 1759 1201 1812 I7
1237 1778 1250 1814 ;
1281 1757 1495 1815 Cieadw
1524 1760 1611 1814 ubi
1645 1776 1827 1828 ernpe-
1857 1741 1898 1795 Β

253 1851 409 1906 runt,
434 1843 588 1905 oleis,
624 1854 716 1897 aut
740 1846 1088 1900 arundinibus
1114 1848 1393 1901 insidunt:
1417 1858 1487 1913 et,
1514 1865 1632 1904 eum
1674 1859 1824 1919 rupto

253 1935 505 2001 operculo
527 1947 735 2001 exeunt,
766 1954 986 2007 parvum
1028 1938 1280 2009 quiddam
1325 1940 1381 1994 in
1425 1957 1485 1995 eo
1531 1943 1826 2013 relinquunt

254 2025 521 2096 Itvumoris,
565 2044 657 2082 nec
688 2030 852 2084 multo
893 2038 1010 2099 post
1037 2030 1235 2096 volant,
1265 2040 1314 2086 et
1344 2032 1595 2103 incipiunt
1620 2051 1821 2092 canere.

330 2119 453 2177 Col.
486 2122 611 2189 757,
638 2125 732 2178 lin.
770 2125 822 2179 I.
853 2125 1149 2193 Πλήττειν
1170 2126 1237 2180 δὲ
1261 2127 1360 2181 καὶ
1385 2128 1571 2196 ᾅδειν.
1590 2129 1823 2186 Causam

254 2230 435 2286 quare
485 2216 686 2273 cicadae
735 2225 936 2272 canant
961 2219 1183 2288 exponit
1222 2219 1565 2286 Aristoteles,
1596 2220 1691 2277 lib.
1748 2222 1825 2277 De

240 2309 458 2380 juvent.
489 2317 538 2362 et
568 2317 757 2362 senect.
802 2309 927 2362 vita.
960 2316 1011 2362 et
1042 2317 1199 2365 mort.
1242 2317 1291 2363 et
1326 2311 1535 2379 respir.,
1564 2325 1698 2382 ~cap.
1734 2312 1820 2367 11.

255 2399 531 2455 Videntur
560 2400 702 2455 enim
720 2414 784 2454 ea
803 2400 1013 2456 ratione
1034 2402 1125 2455 illa
1148 2401 1356 2456 scilicet
1387 2402 1823 2459 membranarum

256 2493 503 2549 elatione
540 2492 815 2558 anhelare,
841 2501 895 2549 et
924 2493 1233 2564 refrigerari
1288 2495 1728 2565 quodammodo;
1771 2506 1826 2554 et

255 2585 360 2640 lib.
387 2601 441 2638 tv
475 2582 547 2639 De
574 2585 763 2639 histor.
798 2586 1018 2641 animal.
1052 2626 1067 2651 ,
1098 2600 1218 2655 cap.
1249 2587 1304 2652 9,
1338 2588 1577 2644 declarat
1604 2590 1824 2645 modum

255 2677 430 2746 hujus
458 2678 599 2732 soni.
635 2677 724 2731 Ait
752 2692 896 2732 enim
938 2677 1282 2733 membranas
1318 2679 1439 2735 illas
1470 2680 1662 2750 spiritu
1687 2680 1826 2739 inte—

254 2769 393 2824 riori
446 2769 673 2833 moveri,
720 2783 829 2823 non
862 2757 1141 2833 exteriori,
1174 2769 1426 2839 illiusque
1462 2771 1688 2842 spiritus
1739 2780 1824 2827 at-

256 2860 393 2915 tritu
442 2874 633 2915 sonum
685 2859 793 2915 edi.
837 2859 917 2914 Τά
964 2860 1062 2932 μὲν
1104 2857 1197 2913 οὖν
1239 2859 1438 2932 ἔντομα
1482 2861 1603 2917 οὔτε
1636 2866 1822 2934 φωνεῖ,

254 2951 385 3005 οὔτε
412 2951 735 3021 διαλέγεται,
767 2950 930 3022 ψοφεῖ
966 2952 1023 3005 δὲ
1060 2952 1138 3024 τῷ
1178 2952 1285 3006 ἔσω
1320 2953 1610 3026 πνεύματι,
1653 2956 1714 3008 οὐ
1748 2953 1825 3028 τῷ

1924 484 2042 538 solo
2067 483 2266 541 Ailiani
2302 488 2618 543 testimonio
2653 488 2863 545 refellet
2892 490 3016 561 quis
3050 509 3065 546 :
3104 492 3153 549 is
3177 496 3347 561 enim,
3382 495 3478 551 lib.

1924 589 2005 637 ιιι,
2031 573 2102 629 De
2126 577 2316 633 histor.
2341 579 2533 641 anim.,
2555 593 2676 650 cap.
2694 578 2785 643 35.
2809 579 2887 634 ait
2913 580 2968 636 in
2998 579 3310 641 Macedonia
3329 599 3482 649 sues,

1922 676 1976 721 et
2004 682 2177 735 genus
2207 668 2479 737 quoddam
2509 669 2819 724 cicadarum
2855 686 2977 727 esse
3018 681 3261 741 mutum;
3301 683 3356 730 et
3387 675 3483 730 ad-

1923 757 2086 850 ducta
2122 759 2331 850 ratione
2361 773 2393 813 a
2425 757 2691 817 Strabone
2745 762 2886 817 facili
2938 762 2990 818 id
3035 764 3251 834 negotio
3286 771 3483 850 posset

1923 848 2166 918 probari.
2186 864 2310 904 cum
2340 866 2404 926 ea
2426 865 2592 907 causa
2620 868 2730 908 non
2756 855 2813 908 in
2846 853 3104 926 Itheginis
3132 848 3361 920 tantum,
3386 858 3483 915 sed

1923 947 1977 993 ct
2010 939 2066 993 in
2099 939 2223 995 aliis
2252 941 2415 1006 etiam
2461 944 2567 1025 v‘im
2616 960 2769 1011 suam
2819 945 3077 1001 obtineat.
3120 946 3264 1015 Quin
3304 947 3483 1005 Theo-
3522 988 3523 991 η

1922 1028 2209 1100 phylactus
2244 1029 2569 1097 Simocalus,
2601 1043 2797 1104 quaest.
2829 1044 3009 1092 natur.
3036 1037 3123 1100 l5,
3153 1036 3384 1093 allirmat
3405 1041 3484 1095 ci-

1924 1122 2091 1176 cadas
2116 1137 2308 1177 omnes
2342 1122 2570 1180 feminas
2601 1136 2780 1182 mutas
2816 1144 2961 1192 esse,
2996 1145 3294 1203 earumque
3324 1131 3482 1204 frigi-

1923 1211 2146 1267 ditatem
2180 1228 2400 1268 causam
2435 1230 2556 1270 esse
2588 1216 2722 1282 vult,
2773 1218 2962 1286 Τέττιξ
2989 1215 3081 1275 οὖν
3121 1221 3308 1295 Θήλεια
3344 1224 3484 1278 κατὰ

1923 1303 2057 1357 πολὺ
2110 1303 2418 1378 ψυχροτέρα
2464 1306 2558 1360 τοῦ
2593 1307 2851 1380 ἆρῤενος,
2892 1310 2985 1364 καὶ
3018 1311 3176 1382 φύσις
3213 1314 3347 1386 αὐτῇ
3385 1313 3482 1386 τὴν

1924 1396 2133 1466 σιωπὴν
2165 1397 2531 1465 ὲγκελεύεται,
2562 1400 2809 1457 ἐπίτασιν
2836 1403 3103 1459 ὲντιθεῖσα
3126 1404 3479 1478 ψυχρότητος.

1923 1488 2014 1541 Διὸ
2034 1490 2259 1554 κωτίλος
2292 1490 2468 1573 τέττιξ
2494 1492 2593 1545 οὐκ
2620 1492 2734 1547 ἔστι
2754 1494 2960 1567 θήλεια.
2988 1494 3144 1562 Quod
3163 1506 3214 1551 et
3242 1497 3310 1552 de
3337 1496 3483 1554 Seri-

1925 1578 2071 1650 phiis
2103 1583 2274 1647 ranis,
2310 1598 2431 1653 quae
2459 1592 2619 1640 mutze
2644 1595 2794 1651 sunt,
2827 1595 3019 1657 quast.
3045 1588 3134 1655 18,
3166 1588 3350 1644 tradit.

1994 1668 2155 1737 Ibid.,
2174 1673 2271 1728 lin.
2299 1672 2348 1727 7.
2380 1664 2569 1745 Ἀπερς
2592 1676 2804 1744 κοινὴν
2827 1678 2963 1748 μέν.
2988 1678 3240 1735 Omnium
3270 1680 3362 1735 illa
3382 1680 3484 1735 fuit

1928 1766 2219 1829 sententia,
2252 1766 2522 1823 hominem
2555 1784 2678 1825 esse
2722 1769 2956 1826 divisum
3002 1771 3057 1826 in
3107 1779 3287 1842 partes
3319 1773 3482 1836 duas,

1926 1871 2125 1927 corpus
2152 1864 2207 1912 et
2238 1859 2495 1925 animam,
2529 1869 2584 1915 et
2616 1861 2716 1916 hac
2754 1863 2957 1933 aliquid
2984 1863 3186 1919 habere
3221 1880 3344 1920 cum
3372 1866 3511 1929 Deo»

1927 1962 2234 2010 commune.
2266 1949 2358 2005 illo
2389 1966 2514 2005 cum
2549 1951 2745 2017 brutis,
2782 1960 2836 2007 et
2866 1954 3079 2012 belluis.
3105 1954 3171 2009 Et
3190 1957 3335 2012 sicut
3359 1959 3481 2014 ani-

1925 2052 2015 2091 mo
2067 2039 2278 2095 caeteris
2330 2041 2701 2098 animantibus
2751 2042 2909 2112 longe
2955 2052 3195 2114 praestat,
3229 2046 3484 2103 animalia

1926 2128 2235 2192 arboribus,
2255 2137 2309 2185 et
2332 2130 2602 2202 virgultis,
2627 2132 2945 2203 caeterisque
2963 2148 3126 2191 sensu
3147 2136 3482 2202 carentibus,

1923 2216 2133 2272 homini
2159 2234 2225 2274 ex
2253 2220 2437 2275 animo
2467 2222 2626 2287 ratio,
2657 2222 2764 2278 illis
2791 2238 2986 2281 sensus
3021 2239 3087 2279 ex
3117 2240 3344 2297 corpore
3366 2244 3384 2283 :
3406 2228 3483 2283 ita

1926 2318 2106 2367 tamen
2151 2320 2211 2367 ut
2241 2320 2295 2368 et
2332 2313 2540 2383 homini
2589 2315 2668 2370 uti
2720 2318 2967 2387 corporis
3000 2319 3237 2389 compoti
3286 2334 3485 2378 sensus

1924 2418 2034 2458 non
2062 2404 2378 2476 denegetur.
2419 2404 2651 2463 Interest
2695 2417 2875 2464 autem
2926 2408 3070 2465 inter
3118 2409 3394 2467 hominem
3427 2421 3485 2469 et

1923 2494 2159 2551 helluam
2211 2497 2347 2551 illud
2394 2498 2650 2563 maxime,
2675 2500 2823 2570 quod
2878 2501 3057 2556 bellua
3110 2503 3156 2559 si
3212 2510 3483 2569 movetur,

1926 2602 2090 2643 sensu
2124 2596 2372 2644 movetur
2405 2597 2637 2655 tantum,
2663 2597 2716 2647 et
2745 2590 2810 2646 ad
2837 2608 3080 2663 praesens
3107 2592 3298 2661 fertur,
3316 2596 3483 2651 nihil-

1924 2692 2031 2747 que
2073 2687 2266 2749 prmter
2302 2678 2631 2758 voluptatem
2665 2681 2852 2746 sentit,
2884 2681 2948 2737 ad
2980 2697 3206 2754 eamque
3238 2691 3351 2739 toto
3377 2684 3484 2738 im-

1924 2777 2050 2839 petu
2098 2769 2343 2838 rapitur;
2374 2770 2557 2835 homo,
2610 2786 2736 2825 cum
2790 2772 2863 2827 sit
2907 2772 3136 2829 rationis
3193 2772 3482 2844 particeps,

1925 2860 2088 2915 etiam
2121 2860 2251 2916 dum
2293 2860 2481 2926 sentit,
2508 2862 2757 2931 quamvis
2812 2878 2980 2920 sensu
3034 2863 3283 2926 ducatur,
3311 2863 3486 2918 elevat

1927 2969 1985 3011 se
2006 2961 2189 3009 tamen
2221 2952 2286 3008 ad
2319 2954 2510 3009 altiora
2538 2952 2958 3019 consideranda,
2993 2961 3048 3009 et
3075 2954 3258 3009 divina
3287 2952 3487 3009 intelli-

255 3043 484 3116 θύραζε.
532 3042 693 3097 Οὐδὲν
742 3043 851 3113 γὰρ
897 3044 1123 3098 ἀναπνεῖ
1181 3045 1377 3113 αὐτῶν,
1435 3046 1567 3101 ἀλλὰ
1609 3045 1680 3100 τὰ
1729 3046 1825 3118 μὲν

1929 3044 2124 3113 genda,
2153 3051 2207 3098 et
2236 3043 2291 3098 in
2323 3045 2600 3116 prOprium
2634 3060 2793 3099 usum
2828 3058 2937 3099 non
2978 3059 3142 3101 sensu
3172 3053 3351 3111 actus,
3388 3044 3485 3101 sed

259 3132 506 3203 βομϐεἴν,
553 3128 666 3185 οἷον
720 3131 959 3203 μέλιττα,
1020 3133 1112 3186 καὶ
1165 3134 1235 3189 τὰ
1291 3136 1469 3205 πτηνὰ
1512 3135 1710 3201 αὐτῶν,
1762 3136 1829 3190 τὰ

254 3223 317 3276 δὲ
359 3222 505 3294 ᾅδειν
545 3223 782 3292 λέγεται,
816 3216 925 3277 οἷον
965 3223 1014 3277 οἱ
1063 3222 1326 3292 τέττιγες.
1358 3225 1539 3278 Πάντα
1569 3224 1625 3278 δὲ
1658 3224 1830 3278 ταῦτα

256 3308 425 3378 ψοφςί
476 3308 552 3380 τῷ
589 3310 752 3381 ὑμήνι
794 3309 898 3363 ὑπὸ
934 3310 995 3363 τὸ
1031 3308 1190 3380 ζῶμα
1230 3312 1352 3365 ὅσον
1397 3312 1669 3385 διῄρητον,
1716 3308 1828 3368 οἷον

256 3401 322 3455 τὸ
361 3400 470 3454 τῶν
512 3401 771 3469 τεττίγων
832 3401 988 3469 γένος
1026 3404 1093 3473 τῇ
1138 3402 1318 3473 τρίψει
1362 3402 1456 3456 τοῦ
1500 3404 1824 3475 πνεύματος.

260 3493 499 3564 Ideoque
561 3492 630 3549 ad
689 3492 791 3548 hoc
826 3499 887 3547 ut
936 3502 1134 3549 canant
1168 3509 1393 3550 necesse
1444 3502 1564 3562 est,
1622 3503 1683 3549 ut
1717 3495 1829 3552 sint

260 3586 558 3658 pmcinctu
614 3586 879 3651 dividuae,
912 3595 966 3641 et
1011 3586 1115 3643 sub
1168 3593 1322 3656 septo
1364 3594 1677 3643 transverso
1714 3587 1828 3644 dis-

260 3685 472 3732 sectum
523 3692 648 3733 esse
702 3677 832 3742 illis,
878 3677 992 3733 sive
1044 3677 1295 3748 majores]
1325 3678 1458 3744 sint,
1499 3677 1615 3734 sive
1647 3678 1827 3734 mino-

259 3784 375 3832 res,
410 3782 537 3821 uam
570 3783 678 3822 non
708 3766 968 3831 dividuis,
1000 3773 1054 3823 et
1081 3769 1280 3838 quibus
1307 3782 1418 3823 non
1456 3779 1539 3824 est
1572 3768 1825 3833 scissum,

258 3867 431 3913 unitas
475 3866 604 3913 sunt
648 3859 890 3914 omnino.
938 3858 1113 3914 Dorso
1156 3859 1277 3915 illas
1310 3876 1570 3915 resonare
1610 3860 1829 3931 scripsit

263 3949 469 4013 IIorus,
502 3950 595 4005 lib.
633 3966 693 4015 II,
724 3965 842 4020 cap.
874 3950 961 4015 55,
998 3943 1165 4014 Οὗτος
1190 3950 1296 4023 γὰρ
1326 3950 1413 4005 διὰ
1440 3950 1534 4004 τοῦ
1568 3951 1829 4023 στόματος

259 4045 326 4096 οὐ
366 4041 533 4096 λαλεῖο
566 4041 829 4096 exta-sta
865 4042 964 4113 τῆς
1006 4044 1215 4115 ῥάχεως
1250 4042 1617 4114 φθεγγόμενος
1661 4044 1828 4097 καλὸν

262 4133 429 4206 μέλος
450 4135 635 4188 ἀείδει.
669 4134 733 4187 Et
766 4133 1035 4195 Elianus.
1070 4135 1146 4189 De
1170 4136 1356 4190 histor.
1392 4136 1634 4201 animal.,
1665 4136 1759 4192 lib.
1786 4152 1825 4202 t,

258 4243 385 4298 cap.
430 4227 520 4280 20.
567 4226 648 4280 Τὰ
679 4227 775 4297 μὲν
805 4227 939 4282 ἄλλα
980 4226 1089 4280 τῶν
1129 4227 1360 4281 Ἰνδικῶν
1402 4228 1602 4299 ὀρνέων
1643 4227 1828 4280 εὐστοο

260 4324 378 4391 μεῖ,
426 4321 519 4374 καὶ
577 4322 643 4391 τῇ
684 4318 897 4393 γλώττῃ
950 4319 1240 4390 φθέγγεται
1293 4320 1448 4392 δίκην
1502 4318 1784 4392 ἀνθρώπου
1810 4336 1823 4351 ·

1929 3133 2141 3189 ratione
2172 3135 2355 3189 omnia
2388 3135 2783 3190 accommodat.
2815 3133 2995 3201 Quare
3020 3135 3184 3191 etiam
3207 3142 3260 3189 et
3290 3149 3487 3192 causas

1927 3240 2108 3279 rerum
2140 3233 2194 3279 et
2227 3228 2643 3282 consecutiones
2670 3227 2854 3291 videt,
2888 3240 3182 3296 earumque
3229 3241 3487 3298 progres-

1927 3331 2023 3372 sus
2053 3330 2160 3370 non
2193 3316 2429 3386 ignorat.
2459 3315 2828 3387 Utrorumque
2860 3324 3041 3373 tamen
3086 3332 3285 3371 sensus
3314 3318 3370 3371 in
3395 3330 3487 3372 ea-

1927 3406 2048 3461 dem
2080 3405 2250 3461 fertur
2264 3406 2474 3478 objecta
2497 3416 2550 3461 et
2571 3408 2685 3477 pari
2714 3408 2923 3463 ratione
2949 3407 3138 3464 abillis
3161 3408 3485 3464 commutari

1926 3496 2277 3553 manifestum
2324 3506 2430 3563 est,
2470 3498 2730 3569 quidquid
2754 3497 2899 3552 dicat
2921 3496 3277 3554 Jamblichus.
3299 3497 3487 3573 Neque

1926 3589 2168 3659 negarim
2195 3589 2249 3644 in
2274 3589 2547 3659 aliquibus
2571 3588 2639 3644 ab
2666 3589 2980 3645 hominibus
3009 3589 3239 3651 belluas,
3267 3590 3321 3645 in
3362 3590 3487 3646 aliis

1927 3679 2175 3736 homines
2210 3696 2240 3736 a
2272 3681 2465 3737 belluis
2491 3682 2756 3753 superari,
2786 3696 2908 3752 quas
2930 3687 3014 3737 est
3037 3681 3343 3736 communis
3361 3681 3485 3753 opi-

1927 3770 2040 3831 nio.
2075 3778 2130 3825 et
2158 3770 2518 3825 Aristotelian
2552 3769 2816 3825 doctrinae
2850 3769 3024 3843 magis
3055 3771 3483 3827 accommodata.

1931 3858 2038 3915 Sed
2075 3860 2190 3915 haec
2222 3861 2449 3918 alterius
2478 3867 2606 3916 sunt
2628 3862 2847 3932 negotii.
2886 3859 3032 3918 Satis
3062 3861 3136 3917 sit
3166 3859 3322 3929 illud,
3355 3876 3487 3918 con-

1927 3959 2072 4007 stare
2127 3952 2400 4007 hominem
2453 3952 2656 4020 animo,
2685 3952 2788 4007 hoc
2824 3961 2908 4007 est
2955 3953 3182 4009 rationis
3237 3960 3486 4023 compote

1926 4043 2048 4098 aliis
2097 4042 2465 4098 animantibus
2511 4057 2634 4098 esse
2658 4044 3112 4114 praestantiorem,
3136 4051 3193 4102 et
3213 4059 3280 4101 eo
3310 4044 3488 4102 solum

1928 4134 1998 4190 ab
2022 4134 2130 4190 illis
2161 4134 2439 4206 distingui.
2489 4133 2670 4202 Quare
2700 4136 2895 4205 saepius
2918 4150 3028 4190 uno
3050 4150 3262 4192 mecum
3296 4145 3489 4206 reputo

1927 4225 2251 4282 Sallustiana
2276 4226 2365 4280 illa
2382 4241 2505 4281 vere
2521 4225 2749 4282 aureain
2775 4225 3039 4297 procemio
3071 4227 3147 4282 De
3165 4226 3487 4296 conjuratio—

1926 4334 1988 4371 ne
2018 4315 2282 4383 Catilinae,
2308 4331 2428 4386 qua:
2471 4314 2638 4371 veluti
2678 4315 3193 4372 commentariorum
3232 4314 3362 4370 huic
3390 4328 3488 4370 no-

252 4416 309 4467 οἱ
359 4411 416 4466 δὲ
462 4412 701 4480 τέττιγες
753 4410 891 4465 κατὰ
946 4410 1042 4482 τὴν
1078 4410 1190 4475 ὶξύν
1241 4412 1347 4466 εἰσι
1400 4411 1727 4465 λαλίστατοι.
1763 4410 1825 4464 Et

1931 4420 2046 4468 stro
2076 4411 2284 4465 auctori
2314 4410 2487 4465 lucem
2519 4407 2713 4465 ali'erre
2739 4418 3006 4481 possunt:
3036 4408 3227 4465 Omnes
3257 4407 3490 4462 homines

251 4511 392 4560 ante
448 4503 721 4558 Elianum
778 4503 1132 4566 Aristoteles,
1196 4502 1272 4557 De
1330 4504 1519 4558 histor.
1581 4502 1825 4567 animal.,

252 4600 361 4654 lib.
394 4614 467 4664 ιν,
491 4613 613 4669 cap.
636 4596 667 4650 7
697 4615 711 4651 :
745 4594 945 4651 Cicada
976 4598 1113 4651 inter
1140 4594 1270 4661 hinc,
1308 4606 1356 4650 et
1392 4598 1601 4650 omnino
1629 4597 1683 4649 in
1713 4597 1830 4649 ani-

250 4689 489 4744 malium
535 4702 716 4759 genere
756 4705 864 4742 una
915 4705 1004 4742 ore
1048 4696 1234 4741 caret:
1271 4688 1535 4757 prolixum
1579 4687 1829 4756 quiddam

251 4792 616 4851 compactum,
644 4780 1025 4851 indivisumque
1072 4782 1224 4850 gerit.
1251 4781 1421 4834 simile
1456 4781 1530 4834 eis
1560 4779 1696 4850 quod
1727 4780 1830 4834 lin-

251 4891 383 4947 gua
403 4876 621 4944 speciem
648 4873 837 4944 refert;
862 4875 915 4927 in
946 4874 1009 4927 iis
1035 4874 1220 4944 quibus
1253 4873 1465 4927 aculeus
1487 4874 1543 4925 in
1575 4889 1663 4927 ore
1694 4888 1712 4926 :
1742 4890 1829 4927 eo-

251 4984 362 5039 que
381 4969 493 5036 ipso
525 4983 694 5020 rorem
716 4967 925 5030 haurit,
952 4966 1257 5020 alimentum
1282 4982 1443 5020 unum
1470 4973 1518 5019 et
1546 4966 1825 5034 peculiare.

254 5060 342 5114 De
394 5058 709 5113 cicadarum
752 5057 1118 5128 Bheginarum
1155 5057 1373 5113 silentio
1419 5059 1590 5113 multa
1635 5057 1829 5114 Strabo

257 5148 606 5219 Ceographire
630 5149 723 5203 lib.
744 5164 835 5211 vi;
867 5148 1105 5209 Solinus,
1132 5163 1251 5219 cap.
1276 5147 1329 5212 8,
1353 5148 1420 5204 de
1458 5149 1673 5205 silentio
1698 5164 1829 5203 con-

256 5243 434 5305 venit,
461 5244 529 5298 de
561 5256 732 5298 causa
763 5240 1031 5299 dissentit.
1061 5240 1124 5295 Et
1153 5256 1219 5296 ex
1252 5239 1454 5295 Granio
1482 5240 1549 5295 ad
1594 5240 1825 5305 fabulas,

255 5340 314 5388 et
351 5326 632 5402 poetarum
659 5331 1011 5387 deliramenta
1042 5331 1155 5385 haec
1186 5330 1400 5400 rejicit;
1431 5346 1530 5386 nec
1563 5332 1616 5386 in
1647 5330 1829 5387 omni-

256 5425 368 5480 bus
389 5439 512 5493 quae
545 5423 621 5478 ibi
654 5430 841 5478 narrat
886 5438 1071 5487 verax,
1102 5424 1179 5477 ait
1221 5423 1365 5478 enim
1397 5441 1410 5477 :
1447 5422 1661 5479 Cicada:
1689 5422 1830 5493 apud

260 5513 525 5584 Rheginos
572 5524 753 5578 matre,
794 5530 885 5568 nec
911 5530 1135 5584 usquam
1170 5514 1321 5568 alibi.
1359 5512 1423 5567 Et
1450 5529 1573 5569 eum
1609 5520 1829 5571 secutus

258 5606 528 5669 Isidorus,
580 5604 675 5659 lib.
725 5620 839 5669 xu,
874 5620 993 5676 cap.
1027 5604 1061 5660 8
1099 5623 1111 5659 :
1152 5604 1367 5660 Cicada!
1412 5619 1475 5660 ex
1522 5605 1830 5659 eueulornm

259 5706 557 5755 nascuntur
581 5706 752 5764 sputo.
792 5695 881 5751 Ilae
908 5697 962 5752 in
994 5694 1141 5752 Italia
1185 5696 1325 5769 apud
1359 5695 1631 5769 Rheginos
1667 5703 1829 5752 muta:

1928 4504 2017 4574 qui
2048 4518 2157 4556 sese
2187 4500 2398 4555 student
2426 4510 2680 4570 praestare
2706 4502 2909 4555 ewteris
2939 4498 3315 4562 animantibus,
3338 4514 3487 4552 sum-

1930 4612 2016 4648 ma
2040 4609 2131 4662 ope
2157 4594 2252 4648 niti
2282 4592 2445 4659 decet,
2471 4610 2533 4648 ne
2562 4596 2722 4647 vitam
2769 4592 2979 4648 silentio
3010 4592 3302 4661 transigant
3331 4589 3488 4643 veluti

1928 4703 2137 4758 pecora,
2173 4702 2288 4758 qua:
2332 4696 2526 4740 natura
2561 4701 2727 4755 prona
2778 4693 2933 4755 atque
2975 4683 3139 4738 ventri
3194 4679 3487 4736 obedientia

1927 4782 2104 4851 ﬁnxit,
2140 4780 2231 4833 sed
2258 4779 2429 4833 onmis
2465 4788 2647 4832 nostra
2675 4778 2752 4832 vis
2784 4777 2838 4831 in
2869 4776 3064 4840 animo,
3087 4784 3138 4830 et
3154 4788 3368 4843 corpore
3386 4773 3489 4827 sita

1926 4879 2024 4927 est.
2078 4871 2256 4925 Animi
2297 4868 2535 4939 imperio,
2575 4869 2811 4938 corporis
2843 4867 3050 4922 servitio
3074 4865 3239 4936 magis
3268 4864 3485 4918 utimur.

1930 4965 2172 5019 Alterum
2212 4963 2359 5017 nobis
2407 4978 2529 5015 eum
2559 4960 2684 5022 diis,
2727 4959 2952 5015 alterum
2972 4975 3090 5012 cum
3125 4956 3309 5012 belluis
3348 4970 3489 5008 com-
3573 4997 3583 5007 .

1930 5068 2082 5106 mune
2139 5058 2237 5105 est.
2280 5050 2395 5116 Quo
2436 5050 2567 5102 mihi
2605 5048 2797 5102 rectius
2853 5063 2964 5102 esse
3022 5043 3244 5109 videtur,
3295 5043 3491 5113 ingenii

1926 5160 2083 5214 quam
2117 5142 2304 5196 virium
2350 5141 2534 5211 opibus
2591 5141 2816 5211 gloriam
2846 5154 3076 5210 quierere
3104 5153 3121 5191 :
3155 5145 3205 5191 et
3241 5134 3488 5206 quoniam

1929 5238 2035 5291 vita
2064 5235 2179 5304 ipsa
2214 5252 2317 5305 qua
2347 5234 2598 5303 fruimur,
2640 5231 2805 5287 brevis
2828 5239 2927 5296 est,
2958 5228 3263 5285 memoriam
3294 5227 3484 5289 nostri,

1926 5343 2084 5397 quam
2114 5316 2341 5379 maxime
2392 5324 2597 5395 longam
2628 5324 2856 5393 efﬁcere.
2897 5320 3041 5375 Nam
3083 5318 3389 5374 divitiarum
3436 5323 3489 5372 et

1927 5418 2111 5490 for-mre
2142 5417 2335 5489 gloria,
2367 5417 2537 5487 ﬂuxa,
2570 5423 2721 5485 atque
2745 5414 2953 5486 fragilis
2983 5422 3062 5468 est
3088 5412 3296 5469 :virtus
3317 5409 3485 5477 clara,

1930 5518 2222 5581 (eternaque
2242 5510 2481 5564 habetur.
2516 5506 2677 5563 Disce
2702 5514 2783 5571 tu,
2810 5521 2844 5561 ο
2888 5505 3054 5561 homo
3077 5501 3385 5559 Christiana
3406 5501 3492 5557 di-

1931 5601 2157 5673 sciplina
2188 5601 2430 5657 imbutus
2452 5613 2482 5653 a
2521 5597 2638 5652 viro
2662 5596 2902 5662 ethnico,
2942 5603 3039 5651 tuo
3063 5595 3266 5658 animo,
3289 5601 3492 5662 tuaque

1931 5694 2162 5761 ratione,
2189 5700 2246 5749 ut
2275 5694 2385 5766 jus,
2422 5691 2610 5763 fasque
2640 5687 2891 5760 requirit,
2922 5686 3036 5757 uti;
3066 5686 3197 5762 quid
3236 5683 3495 5756 maiesta-
