3924 6968
542 261 650 319 923

1872 256 2118 313 LEONIS
2152 257 2421 312 ALLATII

3624 273 3712 331 ρει

490 432 491 435 η
542 391 651 435 tem
675 388 823 433 tuam
851 376 1133 433 vilissimis
1168 376 1523 432 animantium
1568 377 1825 434 ductibus
1849 395 2114 452 conspur-
2140 381 2187 440 Α
2212 377 2537 441 constantia.
2590 377 2839 442 utilitate,
2893 377 3296 444 pulchritudine,
3352 389 3709 454 temperatione,

542 486 639 528 cas
666 468 1001 527 ϊωᾶίεείωεῖ
1029 467 1202 523 Homo
1224 483 1284 524 es
1327 469 1393 522 ad
1439 470 1726 540 superiora
1778 472 2104 541 destinatus,

541 577 613 617 ne
635 569 953 616 contemnas
974 559 1119 628 quod
1153 558 1206 611 in
1247 566 1298 611 te
1325 558 1859 623 elucetDivinitatis.

611 651 772 716 lbid.,
800 651 899 707 lin.
930 650 981 705 9.
1017 650 1130 705 Kal
1171 652 1492 720 κινούμενα
1524 651 1786 719 κίνησιν.
1824 653 1988 708 Multa
2019 655 2107 710 hic

540 755 764 817 possent
801 744 985 801 afferri
1017 745 1084 801 de
1131 747 1337 801 ratione
1385 755 1568 803 motus
1616 749 1950 812 animalium,
1985 768 2106 822 quae

540 837 775 892 facultas
807 839 1138 907 requiratur,
1171 840 1381 908 etquid
1427 840 1643 895 tandem
1695 854 1988 897 concurrat
2036 845 2103 899 ad

538 937 747 982 motum
797 928 943 983 hunc
987 931 1413 999 exsequendum,
1463 932 1555 987 sed
1613 948 1676 986 ea
1726 934 2103 993 subtilioribus

540 1020 879 1093 philosophis
926 1022 1192 1092 relinquo.
1233 1023 1504 1078 Adducam
1562 1032 1741 1080 tamen
1798 1042 1964 1083 unum
2017 1032 2101 1085 vel

539 1112 771 1167 alterum
813 1113 880 1167 ad
912 1114 1074 1182 hujus
1116 1114 1220 1168 loci
1265 1115 1701 1184 explicationem.
1734 1115 1927 1172 Noster
1957 1120 2100 1174 enim

540 1203 859 1260 Eustathius
901 1221 1024 1259 cum
1072 1206 1125 1260 in
1179 1206 1359 1262 verbis
1399 1209 1772 1277 superioribus
1824 1210 2103 1265 videretur

539 1298 725 1350 nescio
749 1297 1052 1367 quomodo,
1077 1298 1316 1351 animum
1350 1299 1522 1354 brutis
1566 1302 1975 1372 pecudibusque
2002 1304 2099 1357 de-

538 1400 788 1455 negasse,
814 1396 867 1442 et
894 1396 1102 1441 tantum
1147 1403 1366 1443 sensum
1424 1390 1530 1446 illis
1557 1393 1892 1457 attribuisse,
1932 1395 1985 1448 in
2017 1395 2100 1451 bis

537 1490 599 1532 se
618 1478 871 1548 explicat,
896 1478 962 1533 de
985 1494 1214 1548 quonam
1246 1496 1428 1537 animo
1450 1484 1808 1553 loquebatur;
1833 1487 1908 1539 ait
1930 1488 2095 1554 enim,

535 1568 791 1622 animalia
825 1569 959 1632 haec,
1005 1587 1125 1641 qua:
1177 1588 1397 1628 sensum
1449 1590 1554 1629 una
1607 1590 1728 1630 cum
1788 1578 2097 1635 hominibus

535 1672 878 1716 communem
911 1662 1129 1727 habent,
1155 1680 1263 1719 non
1287 1675 1466 1722 tamen
1517 1668 1760 1737 ejusdem
1807 1671 2097 1740 perfectio-

2208 486 2301 524 nec
2332 486 2484 539 posse
2514 470 2631 539 ﬁeri
2657 471 2782 540 quin
2815 468 2870 522 id
2889 470 3022 539 quod
3045 472 3280 527 mirabili
3312 477 3503 532 ratione
3522 492 3709 545 constat,

2206 562 2432 616 consilio
2459 562 2654 631 majori
2685 562 2862 632 aliqua
2884 567 2950 617 sit
2978 565 3313 621 instructum.

2275 654 2412 709 lbid.
2472 655 2570 709 lin.
2623 654 2713 710 28.
2753 655 2878 708 Ποῦ
2904 657 3086 725 λόγος
3110 657 3248 725 ἐρεῖ.
3296 655 3558 716 Rationem
3602 664 3714 721 hanc

2203 744 2346 808 fuse,
2381 744 2849 813 disertissimeque
2882 747 3227 815 prosequitur
3276 746 3558 803 Metliodius
3582 749 3713 805 Pata-

2207 836 2408 899 rensis,
2439 836 2534 891 lib.
2561 835 2639 888 De
2664 836 2825 890 libero
2850 837 3094 901 arbitrio,
3125 846 3314 893 contra
3334 838 3711 909 Valentinianus,

2203 944 2363 999 quem
2385 929 2527 993 vide,
2546 937 2601 985 et
2622 929 2812 983 Cicero
2829 945 2866 983 ιι
2901 930 2973 985 De
2987 939 3101 984 nat.
3125 933 3356 985 deorum.
3380 932 3521 998 Quod
3543 936 3712 990 Aristo-

2204 1021 2360 1075 telem
2396 1036 2624 1091 negasse
2668 1021 2834 1075 refert
2861 1022 3076 1077 Atticus
3102 1024 3242 1093 apud
3271 1022 3563 1090 Eusebium,
3596 1028 3712 1099 Ἀρι-

2204 1111 2459 1182 στοτέλης
2502 1112 2663 1183 μέχρι
2706 1113 2930 1184 σελήνης
2975 1115 3181 1185 στήσας
3220 1116 3280 1167 τὸ
3305 1115 3470 1177 θεῖον,
3500 1120 3560 1171 τὰ
3584 1117 3715 1174 λοιπὰ

2200 1204 2295 1258 τοῦ
2326 1204 2528 1275 κόσμου
2563 1204 2891 1276 περιγράφει
2912 1206 3011 1276 τῆς
3032 1204 3127 1258 τοῦ
3157 1205 3289 1259 Θεοῦ
3320 1209 3570 1276 προνοίας.

2271 1296 2430 1357 lbid.,
2457 1296 2551 1348 lin.
2589 1294 2679 1350 to.
2722 1294 2894 1349 Φιλεῖ
2916 1294 3030 1364 γὰρ
3064 1295 3136 1348 τὰ
3170 1295 3319 1363 πρὸς
3345 1300 3514 1363 τίνος.
3542 1299 3716 1355 Aristo-

2200 1388 2355 1449 teles,
2383 1388 2497 1443 sive
2512 1387 2932 1457 aliusquispiam
2967 1389 3038 1441 de
3067 1387 3271 1441 mundo
3293 1387 3356 1442 ad
3377 1389 3711 1455 Alexandrum,

2203 1480 2449 1550 exemplo
2473 1480 2689 1544 animae,
2716 1494 2839 1549 qua:
2862 1480 2913 1532 in
2947 1479 3172 1534 homine
3202 1496 3310 1535 non
3340 1480 3618 1545 videtur,“
3649 1493 3715 1537 ta-

2200 1589 2322 1628 men
2372 1589 2597 1629 necesse
2638 1584 2722 1629 est
2774 1573 2929 1628 fateri
2961 1575 3169 1639 omnia,
3214 1590 3331 1643 qua:
3362 1590 3453 1644 per
3485 1574 3712 1632 hominem

2204 1664 2338 1718 tiunt
2369 1665 2436 1719 ab
2461 1666 2550 1719 illa
2583 1665 2872 1735 provenire
2907 1665 3126 1736 probat,
3158 1664 3346 1729 Deum,
3375 1666 3451 1719 vel
3474 1669 3630 1736 potius
3661 1668 3713 1721 ad

534 1751 622 1806 nis
680 1753 944 1819 animum,
1004 1759 1186 1811 vivere
1237 1765 1291 1812 ct
1352 1760 1558 1815 moveri
1617 1776 1727 1816 non
1776 1774 1929 1818 motu
1986 1782 2079 1835 qut

2201 1753 2295 1809 Dei
2324 1756 2689 1824 cognitionem
2739 1770 2841 1809 nos
2868 1771 2935 1809 ex
2982 1758 3135 1810 illius
3164 1757 3414 1825 operibus
3445 1772 3587 1825 posse
3620 1773 3713 1826 per-

532 1853 820 1900 moventur
853 1846 1138 1915 homines;
1161 1857 1291 1905 tunc
1322 1852 1540 1907 enimet
1572 1856 1829 1924 aequalem
1856 1856 2093 1911 animum

532 1934 944 2006 participarent.
975 1938 1111 1991 Cum
1156 1939 1317 1995 homo
1346 1956 1455 1995 non
1491 1941 1824 2012 intelligatur
1858 1960 2092 2014 unquam

531 2028 762 2091 moveri,
795 2028 900 2085 nisi
933 2029 1145 2085 ratione
1195 2039 1246 2086 et
1300 2032 1405 2087 line
1457 2032 1635 2102 primo
1692 2035 1760 2089 ab
1816 2035 2092 2090 intellectu

528 2132 627 2187 per
654 2118 964 2175 discursum
992 2120 1312 2192 sibimetipsi
1343 2126 1643 2195 proposito,
1679 2128 1821 2195 quod
1847 2127 2093 2182 animan-

530 2208 681 2264 tibus
703 2212 911 2266 cmteris
942 2213 1165 2268 omnino
1195 2229 1303 2268 non
1340 2217 1594 2272 convenit
1626 2236 1639 2272 :
1677 2221 1793 2288 ipsa
1822 2219 1965 2274 enim
1996 2234 2094 2289 ap-

527 2301 695 2370 petitu
752 2311 987 2367 tantum,
1029 2313 1083 2359 et
1137 2305 1522 2376 imaginatione
1579 2321 1881 2366 moventur.
1935 2302 2089 2377 Quod

527 2393 686 2448 nobis
717 2405 906 2449 auctor
928 2396 1125 2463 innuit,
1149 2396 1276 2451 dum
1306 2399 1437 2453 dicit
1468 2419 1480 2454 :
1530 2400 1654 2456 llaec
1700 2404 1953 2457 animalia
2001 2405 2093 2457 ho-

527 2486 671 2541 mine
700 2474 879 2543 minus
909 2488 1252 2559 perfectiora,
1283 2499 1492 2546 natura!
1512 2493 1561 2546 vi
1582 2493 1837 2562 quadam,
1865 2495 2089 2563 sangui-

525 2592 596 2633 ne
636 2585 796 2649 atque
834 2594 957 2635 aere
986 2582 1291 2650 impellente
1326 2584 1434 2653 agi.
1461 2583 1533 2638 De
1561 2599 1723 2637 causa
1756 2592 1935 2638 motus
1970 2585 2088 2637 ani-

524 2674 747 2728 malium
780 2673 1121 2736 Aristoteles,
1164 2676 1260 2729 lib.
1295 2692 1380 2741 nt,
1415 2677 1490 2731 De
1520 2679 1719 2741 anima,
1748 2685 1880 2732 text.
1912 2678 2002 2741 48,
2034 2686 2087 2732 et

524 2773 772 2834 sequent.
789 2762 1004 2819 Refellit
1027 2767 1208 2835 itaque
1239 2766 1322 2822 his
1345 2768 1524 2823 verbis
1544 2783 1728 2822 eorum
1752 2769 2082 2838 opinionem,

521 2853 615 2922 qui
647 2854 821 2908 brutis
856 2856 1083 2910 rationis
1112 2855 1219 2909 vim
1258 2864 1312 2909 et
1348 2857 1654 2911 discursum
1697 2860 2080 2915 attribuerunt.

520 2934 881 3017 Porphyrius,
904 2945 997 3001 lib.
1032 2963 1113 3008 ιιι,
1145 2946 1219 3001 De
1251 2949 1565 3001 abstinentia
1594 2948 1659 3001 ab
1692 2966 1779 3003 esu
1818 2951 2079 3015 carnium,

2197 1848 2402 1911 venire,
2437 1849 2529 1918 qui
2565 1849 2668 1903 etsi
2710 1852 2885 1903 nostri
2910 1857 3173 1920 aspectus
3216 1848 3381 1902 aciem
3415 1848 3628 1917 fugit,lit
3655 1859 3714 1903 ta—

2193 1956 2317 1995 men
2349 1941 2484 2011 ipsis
2531 1943 2786 2012 operibus
2829 1943 3162 2013 perspicuus
3210 1953 3264 1996 et
3306 1941 3638 1996 manifestus:
3671 1950 3713 1995 et

2193 2033 2297 2086 hoc
2318 2034 2471 2087 nullo
2504 2033 2667 2087 modo
2696 2034 2890 2089 obesse
2919 2041 3013 2087 aut
3046 2033 3125 2086 illi
3154 2030 3219 2085 ad
3245 2032 3615 2102 agenduai,aut
3638 2048 3714 2087 no-

2192 2122 2277 2177 bis
2303 2123 2370 2177 ad
2405 2124 2565 2178 iidem
2597 2125 2745 2179 hisce
2770 2124 2934 2179 rebus
2963 2122 3500 2184 accommodandam,
3520 2124 3614 2175 Kal
3629 2123 3713 2195 γὰρ

2192 2216 2225 2284 ἢ
2252 2214 2416 2286 ψυχὴν
2444 2216 2511 2269 δι’
2540 2216 2607 2287 ἢν
2640 2212 2822 2287 ζῶμέν
2873 2233 2930 2287 τρ
2967 2216 3067 2269 καὶ
3096 2215 3278 2278 πόλεις
3320 2215 3407 2269 καὶ
3438 2216 3597 2278 οἷκονς
3621 2215 3713 2285 ἔχο-

2195 2322 2313 2375 μεν,
2354 2305 2584 2376 ἀόρατος
2626 2300 2759 2357 οὖσα
2797 2307 2909 2367 τοῖς
2945 2303 3132 2374 ἔργοις
3177 2305 3357 2364 αὐτοῖς
3395 2306 3586 2373 ὁρᾶται.
3623 2304 3713 2365 Πᾶς

2189 2396 2295 2467 γὰρ
2334 2397 2363 2448 ὁ
2397 2396 2489 2449 τοῦ
2526 2396 2639 2465 βίος
2678 2396 2969 2465 διάκοσμος
3008 2396 3120 2448 ὑπὸ
3157 2395 3359 2466 ταύτης
3395 2394 3616 2466 εὓρηται,
3641 2396 3712 2449 καὶ

2187 2488 2550 2551 διατέτακται,
2598 2487 2709 2540 καὶ.
2734 2487 3035 2556 συνέχεται.
3074 2486 3142 2539 Et
3174 2486 3418 2550 inferius,
3444 2485 3607 2539 Ταῦτα
3630 2488 3710 2557 χρὴ

2187 2581 2281 2633 καὶ
2314 2580 2440 2651 περὶ
2472 2577 2605 2631 θεοῦ
2641 2578 2984 2643 διανοεῖσθαι,
3022 2578 3257 2649 δυνάμει
3287 2580 3383 2649 μὲν
3417 2580 3556 2643 ὄντος
3590 2580 3710 2650 iqu-

2189 2670 2434 2743 ροτάτου,
2462 2669 2645 2723 κάλλει
2666 2669 2721 2722 δὲ
2750 2670 3222 2739 εὐπρεπεστάτου,
3252 2670 3360 2742 ζωῇ
3391 2671 3444 2724 δὲ
3466 2671 3706 2732 ἀθανάτου,

2185 2763 2350 2832 ἀρετῇ
2378 2762 2435 2815 δὲ
2468 2760 2775 2831 κρατίστου.
2810 2761 2899 2813 Διὸ
2926 2760 3080 2833 πάσῃ
3105 2760 3272 2832 Θνητῇ
3298 2762 3449 2829 φύσει
3471 2762 3708 2832 γενόμενος

2183 2853 2493 2925 ἀθεώρητος
2520 2856 2615 2907 ἀπ’
2645 2853 2823 2907 αὐτῶν
2853 2852 2959 2905 τῶν
2994 2853 3179 2923 ἔργων
3206 2853 3501 2925 θεωρεῖται.
3534 2854 3601 2907 Τὰ
3623 2852 3707 2923 γὰρ

2184 2946 2351 3017 πάθη,
2388 2945 2574 2999 καὶτὰ
2608 2946 2675 2998 δι’
2704 2946 2864 3012 ἀέρος
2886 2945 3127 3008 ἅπαντα,
3166 2947 3263 2999 καὶ
3295 2945 3360 2999 τὰ
3390 2948 3476 2998 ἐπὶ
3499 2945 3605 3014 γῆς,
3633 2943 3706 2997 καὶ

521 3040 737 3101 statuit,
767 3047 1014 3093 naturam
1035 3040 1288 3096 omnibus
1322 3042 1709 3105 animantibus,
1734 3043 1933 3112 quibus
1957 3059 2079 3099 sen-

2183 3038 2250 3091 τὰ
2278 3040 2334 3091 ἐν
2363 3037 2514 3092 ὕδατι
2539 3036 2673 3090 Θεοῦ
2698 3037 2906 3106 λέγοιτο
2928 3038 2992 3091 ἂν
3015 3037 3192 3101 ὅντως
3213 3037 3349 3109 ἔργα
3372 3034 3517 3101 εἶναι,
3539 3035 3619 3089 τοῦ
3635 3036 3706 3088 τὸν

520 3145 641 3183 sum
676 3140 731 3185 et
765 3131 1081 3186 memoriam
1104 3131 1271 3197 dedit,
1303 3133 1564 3188 rationem
1600 3150 1836 3205 quoque,
1879 3135 1987 3189 imo
2026 3143 2079 3192 et

518 3224 840 3287 orationem,
881 3230 989 3276 tam
1026 3225 1291 3278 internam
1314 3241 1473 3295 quam
1498 3234 1775 3281 externam
1800 3228 2077 3294 tribuisse,

518 3313 680 3386 idque
707 3314 956 3384 pluribus
985 3317 1338 3387 argumentis,
1363 3326 1416 3371 et
1447 3317 1806 3388 Empedoclis,
1838 3318 2080 3375 Platonis

515 3413 572 3462 et
600 3407 911 3463 Aristotelis
945 3409 1106 3464 etiam
1140 3409 1467 3465 testimoniis
1495 3420 1725 3465 conatur
1767 3413 2072 3469 ostendere.

516 3498 866 3561 Plutarchus.
893 3500 989 3554 lib.
1008 3518 1036 3555 ν
1067 3500 1144 3554 De
1171 3501 1404 3570 placitis,
1429 3517 1547 3571 cap.
1572 3503 2072 3575 20,Anaxagoram,

513 3598 569 3646 et
601 3590 958 3663 Pythagoram
992 3591 1131 3647 idem
1163 3593 1402 3649 sensisse
1440 3603 1692 3659 testatur,
1727 3597 1922 3663 quibus
1960 3597 2076 3666 ipse

513 3681 841 3753 solii-agatur
873 3683 925 3737 in
964 3682 1184 3754 Dialogo
1206 3699 1363 3754 quem
1390 3684 1684 3754 inscripsit,
1717 3686 1869 3753 Quod
1907 3687 2073 3741 brutis

513 3778 652 3831 ratio
687 3778 837 3831 insit.
871 3776 990 3843 Quo
1041 3776 1173 3845 quid
1221 3777 1558 3833 absurdius?
1602 3777 1732 3848 quid
1779 3779 2074 3834 insulsius?

510 3866 768 3924 Plurimis
794 3869 1095 3924 rationibus
1118 3868 1260 3923 hanc
1289 3869 1614 3924 sententiam
1656 3870 1911 3925 refellunt
1951 3872 2072 3942 phi-

509 3960 723 4031 1050phi
771 3960 911 4030 apud
948 3959 1313 4023 Aristotelem.
1348 3975 1507 4029 quos,
1540 3961 1585 4015 si
1625 3961 1775 4027 libet,
1822 3963 2064 4018 consule.

506 4048 676 4106 Nobis
695 4050 778 4106 vel
811 4051 1038 4121 hujusce
1061 4050 1139 4104 rei
1164 4051 1475 4105 meminisse
1504 4052 1638 4107 satis
1668 4052 1756 4105 sit.

576 4140 735 4207 lbid.,
785 4142 882 4195 lin.
941 4141 1028 4195 ll.
1068 4142 1234 4193 Ἔστι
1280 4139 1348 4193 δὲ
1392 4142 1485 4194 καὶ
1531 4142 1601 4195 ἐν
1642 4141 1865 4208 αὐτοῖς.
1926 4140 2068 4199 Sane

506 4235 873 4308 pulcherrima
899 4242 980 4289 est
1003 4235 1116 4288 haec
1153 4233 1424 4305 digressio
1460 4235 1511 4288 in
1543 4251 1671 4304 qua,
1702 4251 1769 4290 ex
1807 4237 2062 4292 omnibus

504 4331 669 4385 rebus
693 4344 722 4382 a
758 4326 867 4383 Deo
903 4328 1101 4383 creatis
1130 4329 1183 4382 in
1230 4329 1333 4382 hoc
1376 4327 1598 4391 mundo,
1632 4338 1885 4382 :eternam
1920 4330 2067 4398 ejus-

2182 3130 2384 3201 κόσμον
2417 3130 2723 3201 ἐπέχοντος,
2761 3128 2821 3194 ἐξ
2856 3122 2939 3194 οὗ,
2984 3130 3133 3184 κατὰ
3168 3130 3260 3183 τὸν
3301 3131 3514 3200 φυσικὸν
3549 3129 3708 3199 Ἐμπι-

2181 3221 2390 3290 ὼκλέα,

2178 3356 2363 3412 Πάνθ’
2387 3358 2504 3413 ὅσα
2535 3358 2584 3411 τ’
2624 3355 2722 3429 ἦν,
2753 3358 2871 3415 ὅσα
2909 3360 2958 3414 τ’
2982 3359 3165 3414 ἐστὶν
3202 3358 3274 3413 ιδ’
3307 3359 3544 3500 ὅσσαῦε
3567 3357 3703 3480 ἔξω

3510 3446 3571 3481 ’πί
3649 3444 3699 3485 ω,

3510 3444 3699 3485 επισσω,

2181 3497 2435 3569 Aer-(Speci
2463 3500 2511 3552 τ’
2539 3499 2898 3567 ἐϐλάστησε,
2944 3499 3041 3552 καὶ
3081 3500 3300 3569 ἀνέρες
3326 3498 3432 3563 ἠδὲ
3454 3497 3700 3569 ᾦυνσῐκες,

2180 3567 2368 3637 Θῆρές
2398 3570 2445 3623 τ’
2475 3570 2671 3623 οἰωνοί
2708 3587 2789 3632 τε,
2825 3569 2923 3623 καὶ
2947 3567 3455 3641 ὑδατοθρἐμονες
3485 3567 3644 3638 ἰχθῦς.

2248 3658 2381 3715 Vide
2404 3662 2562 3715 etiam
2588 3676 2708 3732 quae
2728 3668 3051 3731 sequuntur.

2245 3792 2404 3857 lbid.,
2448 3796 2544 3851 lin.
2573 3795 2661 3850 47.
2709 3795 3115 3866 Συγγεννᾶται
3161 3798 3281 3868 μὲν
3322 3797 3449 3867 γάρ.
3486 3795 3696 3856 Basilius,

2173 3885 2319 3940 hom.
2362 3887 2416 3950 9,
2456 3888 2899 3959 Συναπεγεννήθη
2932 3891 2960 3942 ὀ
2998 3888 3175 3960 Θυμὸς
3205 3889 3283 3960 τῷ
3313 3889 3496 3953 λέοντι,
3535 3887 3588 3939 τὸ
3624 3901 3697 3955 μο-

2174 3979 2423 4032 ναστικὸν
2462 3980 2622 4032 αὐτοῦ
2667 3980 2765 4050 τῆς
2807 3981 2973 4053 ζωῆς,
3016 3981 3079 4034 τὸ
3125 3981 3480 4054 ἀκοινώνητον
3517 3975 3695 4049 πρὸςτὸ

2171 4069 2458 4139 ὁμόφυλον.
2487 4064 2613 4123 Οἷον
2635 4072 2742 4141 γάρ
2769 4088 2852 4133 τις
2880 4070 3143 4142 τύραννος
3165 4072 3275 4125 τῶν
3307 4071 3502 4139 ἀλόγων
3526 4067 3601 4122 διὰ
3618 4065 3693 4135 τὴν

2173 4161 2237 4212 ἐκ
2268 4159 2478 4228 φύσεως
2506 4160 2828 4231 ὑπεροψίαν,
2862 4160 2959 4232 τὴν
2996 4161 3135 4231 πρὸς
3162 4164 3290 4227 τοὺς
3318 4161 3530 4223 πολλοὺς
3548 4159 3694 4228 oport-

2173 4252 2300 4323 μίαν
2334 4252 2393 4305 οὐ
2420 4252 2785 4322 καταδέχεται·
2822 4254 2949 4321 ὅσγε
2976 4253 3096 4306 οὐδὲ
3120 4253 3317 4325 χοιζὴν
3336 4251 3527 4324 τροφὴν
3558 4261 3691 4318 προσ-

2172 4341 2330 4406 ίεται,
2372 4342 2479 4395 οὐδ’
2524 4343 2589 4395 ἂν
2623 4343 2690 4394 τὰ
2722 4342 2945 4412 λείψανα
2974 4343 3071 4413 τῆς
3093 4343 3290 4397 ἑαυτοῦ
3314 4344 3477 4415 θήρας
3497 4336 3687 4393 ἐπέλθοι·

503 4421 625 4487 dem
654 4418 749 4474 Dei
776 4421 830 4473 in
858 4419 972 4473 haec
997 4419 1254 4474 inferiora
1283 4418 1675 4487 providentiam
1714 4419 2066 4475 validissimis

2182 4425 2211 4500 ξι
2259 4433 2351 4485 κα)⁸
2398 4432 2697 4503 τηλικαῦτα
2745 4433 2845 4503 τῆς
2893 4433 3073 4504 φωνῆς
3120 4434 3193 4487 τὰ
3240 4434 3445 4505 ὄργανα
3484 4432 3514 4501 ἡ
3564 4428 3690 4497 φύσις

503 4511 809 4568 rationibus
839 4509 1157 4578 conﬁrmat;
1184 4518 1377 4579 etquae
1403 4509 1493 4562 alii
1532 4510 1705 4579 longis
1754 4524 1816 4563 ac
1838 4510 2067 4564 divulsis

501 4602 792 4658 verborum
825 4601 1140 4661 structuris,
1173 4600 1259 4671 pie
1290 4609 1470 4654 tamen
1498 4608 1923 4670 pertractarunt,
1952 4602 2067 4671 ipse

500 4696 885 4765 compendiosa
927 4695 1160 4767 quadam
1214 4706 1656 4767 argumentorum
1736 4705 1789 4751 et
1840 4695 2065 4749 demon-

498 4789 824 4844 stra’tionum
883 4788 1310 4853 enumeratione,
1369 4789 1648 4843 succincte
1708 4802 1772 4842 ac
1830 4787 2066 4842 breviter

496 4881 753 4951 explicat.
777 4878 1189 4950 Elegantissime
1204 4880 1308 4935 hoc
1326 4889 1699 4952 argumentum
1714 4880 2065 4951 pertractavit

497 4971 875 5030 Theodoretus
908 4972 1095 5030 decem
1123 4975 1489 5030 sermonibus.
1510 4974 1688 5040 Quare
1727 4973 2062 5044 superﬂuum

494 5065 625 5120 mihi
647 5066 857 5121 videtur
885 5065 974 5120 hic
999 5066 1228 5121 aliorum
1264 5067 1575 5122 testimonia
1604 5067 1668 5122 ad
1705 5067 1846 5121 hanc
1885 5068 2061 5123 nostri

493 5159 732 5214 auctoris
762 5159 1086 5215 sententiam
1116 5160 1449 5229 probandam
1476 5162 1736 5217 inserere.
1755 5161 2059 5234 Adiungam

493 5258 674 5306 tamen
703 5253 793 5308 hic
823 5255 1099 5309 corollarii
1129 5254 1251 5309 loco
1279 5255 1441 5310 verba
1474 5255 1743 5310 Lactantii
1774 5254 2055 5321 Firmiani,

492 5342 573 5398 De
600 5344 742 5413 falsa
772 5347 1041 5417 religione,
1076 5362 1197 5418 cap.
1230 5347 1265 5401 2
1300 5365 1314 5402 :
1350 5345 1518 5402 Nemo
1553 5357 1629 5402 est
1659 5350 1796 5403 enim
1827 5359 1934 5402 tam
1967 5366 2058 5403 ru-

490 5434 597 5500 dia,
623 5445 729 5491 tam
759 5438 886 5508 feris
933 5439 1185 5507 moribus,
1209 5441 1334 5511 quin
1368 5441 1547 5495 oculos
1594 5458 1717 5496 suos
1761 5441 1815 5494 in
1870 5441 2055 5495 caelum

492 5525 699 5592 tollens,
728 5530 936 5584 tametsi
966 5532 1165 5585 nesciat
1193 5531 1344 5599 cujus
1373 5532 1471 5587 Dei
1491 5532 1816 5602 providentia
1844 5544 2055 5604 regatur

489 5616 588 5671 hoc
615 5632 784 5680 omne,
814 5620 951 5689 quod
976 5623 1228 5685 cernitur,
1256 5623 1487 5693 aliquam
1520 5634 1693 5678 tamen
1724 5640 1835 5678 esse
1856 5624 2053 5678 intelli-

488 5717 579 5780 gat
610 5722 677 5761 ex
706 5706 818 5777 ipsa
851 5726 1023 5767 rerum
1069 5713 1449 5783 magnitudine,
1484 5726 1647 5781 motu,
1686 5716 2048 5785 dispositione,

2171 4522 2442 4594 ἐνέθηκεν,
2478 4524 2618 4577 ὥστε
2670 4523 2839 4577 πολλὰ
2885 4524 2991 4577 τῶν
3028 4523 3207 4589 ζώων,
3246 4518 3686 4596 ὑπερϐάλλοντατῇ

2168 4617 2454 4685 ταχύτητι,
2494 4615 2637 4686 μόνῳ
2671 4615 2927 4680 πολλάκις
2957 4616 3276 4671 ἁλίσκεσθαι
3309 4618 3383 4688 τῷ
3406 4615 3683 4689 βρυχήματι-

2174 4704 2382 4760 Similia
2414 4708 2664 4778 leguntur
2685 4707 2826 4778 apud
2852 4707 3019 4761 Eliam
3049 4707 3366 4764 Cretensem
3396 4708 3682 4778 episcopum,

2168 4805 2225 4853 et
2247 4798 2465 4869 Glycam
2500 4800 2593 4853 lib.
2622 4814 2637 4851 ι
2666 4800 2888 4859 Αιιηαι..
2920 4799 3088 4869 θυμός
3114 4801 3259 4870 apud
3280 4799 3489 4854 Graecos
3516 4810 3599 4849 vox
3616 4797 3683 4845 est

2172 4887 2505 4958 πολύσημος,
2548 4888 2776 4958 ideoque
2817 4889 2984 4943 variis
3024 4888 3548 4959 interpretationibus
3577 4880 3680 4937 sub-

2163 4978 2327 5049 jecta,
2360 4980 2592 5034 maxime
2617 4980 2670 5033 in
2703 4981 2801 5035 hac
2823 4996 2881 5035 re
2903 4981 2969 5035 de
3004 4996 3111 5049 qua
3141 4982 3344 5050 agitur,
3369 4993 3543 5034 omnes
3563 4974 3677 5029 enim

2166 5071 2311 5124 leoni
2334 5072 2507 5141 aptari
2539 5087 2698 5141 posse
2726 5071 2996 5126 videntur.
3013 5071 3192 5137 Quare
3214 5073 3429 5143 quidam
3463 5070 3674 5139 furorem.

2163 5162 2252 5215 alii
2276 5163 2529 5225 animum,
2556 5164 2713 5227 iram,
2745 5164 2995 5233 furorem,
3021 5164 3240 5233 quidam
3272 5164 3451 5225 etiam,
3478 5160 3673 5213 animum

2162 5271 2486 5324 generosum.
2512 5254 2623 5325 Ego
2640 5258 2819 5326 potius
2836 5256 3193 5321 iracundiam,
3213 5272 3336 5311 cum
3358 5251 3674 5324 generositate

2160 5346 2442 5415 conjunxi,
2479 5356 2537 5401 ut
2571 5349 2679 5402 vim
2728 5346 2926 5403 Graecae
2962 5350 3129 5410 vocis.
3164 5356 3219 5403 et
3252 5348 3419 5401 leonis
3460 5351 3667 5398 naturam

2163 5437 2368 5492 clarius
2409 5438 2760 5508 explicarem.
2808 5438 3005 5503 Horus,
3039 5438 3135 5493 lib.
3169 5454 3226 5501 tt,
3258 5452 3375 5506 cap.
3414 5437 3502 5500 17,
3534 5428 3671 5499 θυμὸν

2158 5530 2468 5602 βουλόμενοι
2492 5530 2726 5602 δηλῶσαι
2745 5531 2931 5584 λέοντα
2955 5529 3351 5603 ζωγραφοῦσιν.
3376 5527 3474 5582 Sed
3493 5520 3670 5577 diliicile

2156 5631 2239 5678 est
2305 5637 2524 5677 causam
2578 5624 2957 5694 generositatis
3012 5623 3347 5692 potissimam
3416 5617 3665 5688 explicare.

2155 5715 2439 5781 Martialis,
2472 5715 2563 5770 lib.
2598 5730 2697 5775 xu.
2740 5715 3002 5785 epigrum.
3035 5714 3101 5770 de
3140 5713 3359 5784 Ligurra
3389 5728 3401 5761 :
