3952 6204
454 375 520 449 l_i_i
564 386 743 433 tauros
768 377 951 449 Libyci
986 387 1143 431 ruunt
1172 380 1341 433 leones
1363 419 1379 442 ,

461 445 583 501 Non
621 459 744 504 sunt
774 445 1126 519 papilionibus
1154 450 1382 504 molesti.

235 559 526 615 Mattheus
560 558 829 624 Raderus,
861 575 1023 631 quem
1073 575 1287 630 semper
1328 559 1672 620 eruditionis,
1705 558 1801 613 do-

236 651 449 715 ctrina,
482 652 869 721 elegantiaeque
910 666 1039 720 ergo
1066 651 1365 705 admiratus
1407 665 1547 711 sum,
1588 665 1801 720 quoque

235 742 512 796 monachii
546 741 970 796 familiarissime
1001 757 1135 796 usus
1169 757 1311 804 sum,
1356 740 1483 794 dum
1515 741 1801 796 bibliothe-

234 847 357 887 cam
413 831 712 886 Palatinam
772 832 1145 904 Heidelherga,
1205 835 1432 902 spolium
1497 833 1713 894 factam,
1747 840 1801 886 et

233 932 503 993 tropaeum
548 927 771 979 missam
821 924 1085 995 Gregorio
1109 926 1322 981 decimo
1350 926 1541 996 quinto
1564 942 1592 979 a
1628 925 1799 979 Maxi~

1334 259 1402 315 ΙΝ
1444 260 1814 318 EUSTATBII
1856 260 2327 318 HEXAEMERON
2352 256 2583 316 ΝΟΤΕ.

1828 384 1872 441 Α
1902 378 2152 450 σώματος
2180 380 2337 453 ῥώμῃ
2358 381 2687 453 θαρροῦντος
2699 381 2884 453 ἄμφω,
2910 379 3028 437 εἶτα
3039 384 3101 438 οὐ
3119 383 3288 438 δεῖται
3308 383 3464 440 θατέ-

1903 484 1997 538 ρου
2013 471 2039 521 ὁ
2055 469 2140 521 ἒτε
2147 486 2258 541 ρος,
2275 470 2351 532 ὥς
2367 487 2529 538 φασιν
2543 473 2591 523 oi.
2613 472 2987 546 πρεσϐύτεροι.
2999 471 3229 538 Plinius,
3242 475 3460 540 libmu,

1899 576 2019 630 cap.
2044 561 2131 625 l6,
2168 562 2302 618 alias
2332 563 2494 632 hujus
2524 564 2600 618 rei
2623 578 2820 620 causas
2838 566 3025 622 all'ert:
3052 566 3384 624 Generositas
3406 571 3463 623 in

1900 653 2143 720 periculis
2175 654 2402 707 maxime
2423 653 2826 723 deprehenditur
2852 673 2870 708 :
2895 675 2997 712 non
3028 659 3083 712 in
3107 658 3200 713 illo
3231 668 3465 713 tantum-

1908 743 2084 807 modo,
2127 744 2264 814 quod
2297 762 2540 815 spernens
2566 748 2668 801 tela
2701 748 2793 802 diu
2821 767 2874 803 se
2901 760 3098 805 terrore
3121 752 3236 806 solo
3266 761 3461 816 tuetur,

1904 852 1967 889 ac
2007 837 2151 890 velut
2179 838 2295 908 cogi
2329 847 2550 893 testatur
2577 856 2595 893 :
2615 841 2945 912 cooriturque
2966 860 3069 898 non
3105 852 3363 915 tanquam,
3383 860 3467 914 pe-

1900 929 2069 983 riculo
2091 929 2324 991 coactus,
2348 932 2437 984 sed
2468 940 2715 1002 tanquam
2744 936 2988 989 amentite
3008 936 3197 989 iratas.
3232 933 3341 989 Illa
3370 952 3466 990 no-

229 1015 464 1069 miliauo
513 1016 801 1086 utriusque
849 1016 1089 1072 Bavarise
1141 1017 1279 1072 duce
1344 1018 1524 1087 (cujus
1578 1017 1802 1070 eximias
1901 1016 2058 1071 bilior
2110 1021 2278 1073 animi
2319 1021 2657 1090 signiﬁcatio,
2711 1022 2994 1092 quamlibet
3034 1040 3228 1094 magna
3271 1040 3465 1079 canum

231 1106 430 1164 laudes
480 1117 535 1163 et
568 1109 815 1175 virtutes,
843 1110 1093 1180 pietatem
1147 1111 1200 1164 iu
1245 1110 1435 1172 Deum,
1472 1110 1709 1163 animum
1744 1106 1799 1162 in

231 1199 558 1269 religionem
604 1201 927 1255 catholicam
959 1202 1263 1266 ardentem,
1296 1203 1349 1257 in
1380 1203 1630 1257 subditos
1663 1203 1798 1257 lihe-

230 1292 429 1355 ralem,
454 1292 507 1346 in
534 1292 671 1347 alios
705 1306 1338 1363 generosum,auslerum
1373 1295 1426 1347 in
1450 1295 1798 1364 semetipsum

231 1382 458 1437 silentio
511 1382 597 1437 hic
622 1396 900 1452 praetereo,
936 1385 1056 1439 aliis
1088 1384 1446 1452 σαλπιγκταῖς
1486 1400 1546 1436 τε
1580 1384 1672 1436 καὶ
1699 1384 1797 1454 κή-

232 1473 360 1543 ρυξι
397 1474 612 1543 pondus
661 1474 763 1529 hoc
803 1482 856 1528 et
908 1475 1144 1530 laborem
1184 1472 1540 1544 relinquens),
1570 1473 1798 1527 Romam

228 1566 689 1621 transvehendam
745 1581 1019 1629 curarem,
1053 1582 1216 1637 quam
1271 1567 1488 1621 tandem
1544 1566 1639 1621 Dei
1680 1582 1799 1620 mu-

225 1672 390 1720 nere,
435 1664 489 1711 et
535 1660 671 1710 tanti
713 1658 976 1728 principis
1025 1658 1217 1728 gloria,
1245 1673 1367 1727 ope,
1406 1673 1469 1711 ac
1520 1656 1794 1711 beneficiis

1897 1121 1947 1165 et
2008 1115 2311 1166 venantium
2354 1123 2564 1182 urgente
2615 1114 2685 1177 vi,
2720 1116 3072 1182 contemptim,
3114 1118 3466 1188 restitausque

1901 1204 2045 1258 cedit
2077 1205 2132 1257 in
2165 1205 2363 1271 campis
2386 1215 2433 1258 et
2480 1205 2566 1257 ubi
2603 1208 2825 1271 spectari
2846 1208 3040 1274 potest.
3067 1205 3215 1260 Idem
3247 1207 3337 1262 ubi
3358 1225 3466 1263 vir-

1902 1297 2050 1366 gulta
2098 1295 2368 1366 silvasque
2405 1300 2708 1365 penetravit,
2757 1299 3012 1351 acerrimo
3060 1315 3217 1353 cursu
3270 1299 3459 1369 fertur,

1900 1389 2037 1443 velut
2086 1388 2431 1443 abscondente
2466 1390 2837 1459 turpitudinem
2878 1392 3010 1445 loco.
3042 1390 3238 1447 Noster
3269 1382 3461 1447 auctoi'

1897 1480 2162 1550 quasdam
2213 1495 2278 1532 ex
2334 1480 2421 1535 his
2472 1482 2683 1551 attigit,
2720 1483 2856 1538 alias
2909 1483 3175 1551 adjunxit,
3210 1483 3339 1538 dum
3382 1484 3458 1539 illi

1900 1571 2252 1627 solitudinem
2298 1581 2351 1627 et
2391 1587 2667 1627 recessum
2714 1574 2909 1639 amica,
2948 1582 3001 1629 et
3027 1576 3182 1632 cibos
3205 1582 3460 1631 externos

1894 1662 2247 1734 dedignando
2280 1678 2453 1718 novos
2478 1679 2762 1734 capessere
2792 1665 3036 1721 aﬂirmat.

228 1761 426 1801 sanam
465 1747 899 1817 incolumemque
932 1749 1225 1811 transvexi,
1282 1749 1524 1817 inquam,
1547 1747 1783 1803 Raderus

1969 1755 2129 1821 lbid.,
2179 1756 2276 1810 lin.
2306 1755 2396 1811 49.
2448 1755 2599 1811 οὐδὲ
2647 1756 2853 1825 χθιζῆν
2906 1758 3152 1828 τροφήν.
3207 1758 3461 1815 Ᾰῧιίιιηυε

225 1838 431 1894 ibidem
486 1839 614 1893 ait:
664 1837 766 1892 Leo
825 1840 1199 1908 γενναιότατον
1246 1838 1431 1910 θηρίον
1487 1855 1588 1891 non
1644 1844 1792 1893 ,ςωυὶι

227 1931 287 1984 in
318 1929 585 1995 bestiolas,
606 1940 655 1986 et
682 1932 905 1985 minores
935 1932 1099 1999 feras,
1134 1931 1399 1994 hinnulos,
1436 1931 1652 2000 lepores,
1694 1948 1790 1984 cu-

227 2022 459 2085 niculos,
486 2022 651 2077 multo
696 2023 866 2076 minus
905 2023 1219 2092 papiliones,
1264 2022 1354 2077 sed
1387 2023 1440 2076 in
1486 2032 1688 2087 tauros,
1718 2023 1797 2077 in-

224 2124 506 2187 gentesque
536 2115 735 2170 belluas
755 2159 770 2184 ,
802 2116 953 2186 cujus
996 2116 1274 2186 ingenii,et
1303 2115 1494 2171 indolis
1524 2116 1688 2186 fuisse
1716 2118 1791 2170 le-

220 2219 429 2281 guntur
472 2219 521 2263 et
563 2226 718 2264 canes
770 2209 911 2280 apud
958 2209 1218 2274 Plinium,
1253 2209 1346 2263 lib.
1383 2224 1500 2272 vm,
1545 2223 1665 2278 cap.
1695 2210 1786 2273 40,

224 2303 381 2356 missi
414 2301 715 2356 Alexandro
746 2300 1117 2363 Macedonum,
1148 2307 1256 2356 etc.
1308 2300 1559 2356 JEIianus
1608 2309 1788 2356 tamen

220 2394 304 2448 ita
334 2410 402 2449 ex
430 2394 534 2449 hac
562 2396 924 2463 generositate
956 2393 1129 2448 delabi
1157 2391 1345 2455 refert,
1382 2400 1439 2445 ut
1470 2397 1790 2447 assuescant

224 2485 585 2541 mansuefacti
612 2501 643 2540 a
672 2486 1050 2545 venatoribus,
1089 2484 1253 2538 veluti
1286 2497 1451 2537 canes
1480 2483 1547 2536 ad
1578 2498 1787 2538 venan-

220 2574 329 2630 dos
373 2574 647 2641 binnulos,
680 2591 861 2645 apros,
890 2590 1081 2630 cervos
1107 2582 1162 2629 et
1203 2576 1327 2637 alia,
1361 2574 1455 2628 lib.
1488 2588 1622 2636 xvii,
1663 2590 1783 2644 cap.

218 2665 316 2729 26,
358 2673 412 2720 et
462 2665 606 2720 hunc
644 2664 846 2720 Eliani
898 2666 1074 2719 locum
1117 2666 1171 2720 in
1220 2666 1336 2720 suis
1395 2664 1689 2720 Comment.
1733 2667 1786 2718 in

220 2756 572 2822 Martialem;
597 2758 691 2811 lib.
713 2774 751 2822 ι,
771 2759 910 2828 epig.
935 2759 988 2821 9,
1015 2758 1129 2828 ipse
1153 2756 1400 2811 Baderus
1421 2759 1625 2821 retulit,
1648 2759 1711 2810 El
1729 2758 1787 2812 δὲ

217 2848 423 2904 ἁλῶναι
446 2848 738 2919 δυνηθεῖεν,
762 2851 1090 2920 πραΰνονταί
1105 2866 1187 2918 γε,
1207 2849 1317 2902 ἀλλ’
1336 2850 1433 2920 οὐχ
1455 2850 1503 2903 oi
1523 2850 1782 2920 μέγιστοι,

215 2943 317 2996 καὶ
343 2939 670 3013 ἡμερούνταί
687 2957 770 3009 γε.
788 2942 881 2994 xui.
907 2940 1144 3009 γίνονταί
1163 2957 1224 3009 γε
1246 2942 1415 3012 ῥᾷστα
1427 2941 1691 3004 τιθασσοὶ,
1710 2942 1786 3005 ὡς

215 3033 321 3103 ἆγε
330 3050 378 3085 ιν
401 3048 461 3085 τε
482 3031 585 3085 ὑπὸ
608 3032 859 3103 ῥυτῆρος,
877 3031 970 3085 καὶ
986 3031 1126 3084 κατὰ
1144 3035 1490 3101 κυναγωγοὺς
1508 3033 1601 3085 ἐπὶ
1616 3033 1783 3105 θήραν

215 3124 491 3197 κεμάδων,
504 3124 596 3177 καὶ
607 3123 837 3193 ἐλάφων.
853 3123 943 3176 καὶ
957 3122 1117 3187 συῶν,
1136 3125 1228 3177 καὶ
1238 3124 1567 3196 ταύρων,καὶ
1578 3125 1785 3196 ἀγρίων

213 3220 374 3274 ὄνων·
409 3219 515 3272 eiei.
534 3218 642 3289 γὰρ
665 3219 757 3272 καὶ
780 3217 1151 3289 ρινηλατῆσαι,
1178 3218 1253 3281 ὼς
1272 3219 1474 3282 ἀκούω,
1505 3219 1684 3272 δεινοί.
1720 3218 1785 3272 Et

218 3311 440 3368 Marcus
460 3310 613 3366 Pauli
650 3311 904 3373 Venetus,
939 3311 1032 3365 lib.
1058 3322 1094 3364 ll
1113 3311 1189 3364 De
1215 3310 1448 3365 moribus
1474 3318 1524 3365 et
1549 3320 1780 3365 consuet.

215 3404 429 3461 Orient.
492 3405 756 3474 regionum
809 3412 858 3457 et
905 3402 1275 3465 Tartarorum,
1304 3403 1373 3457 de
1406 3418 1601 3472 magno
1648 3402 1784 3456 Kam

214 3500 387 3554 verba
421 3497 644 3559 faciens,
674 3496 864 3561 liabet,
892 3496 1101 3567 scribit,
1161 3510 1253 3549 rex
1285 3511 1380 3564 pro
1403 3510 1513 3549 suae
1546 3496 1779 3549 venatio-

216 3593 304 3645 nis
332 3590 524 3644 solatio
558 3587 835 3659 leopardos
862 3587 1052 3641 multos
1080 3585 1413 3649 domesticos,
1437 3589 1528 3658 qui
1557 3605 1673 3642 cum
1699 3587 1786 3643 ho-

214 3682 449 3737 minibus
490 3680 557 3734 ad
599 3681 917 3735 venationem
969 3678 1165 3732 assueti
1214 3689 1356 3744 sunt,
1391 3688 1442 3733 et
1488 3695 1581 3749 pro
1628 3681 1782 3749 hujus

211 3774 490 3829 venatione
521 3773 720 3842 optimi,
754 3771 1045 3842 multasque
1084 3770 1275 3825 bestias
1300 3772 1532 3839 capiunt.
1575 3772 1780 3827 Simili-

212 3876 297 3921 ter
328 3864 521 3920 linceos
572 3864 724 3920 habet
779 3863 848 3917 ad
907 3864 1195 3918 venandum
1254 3864 1561 3919 industrios.
1611 3864 1782 3918 liabet

209 3959 379 4015 etiam
409 3958 577 4012 leones
624 3958 882 4010 maximos
912 3966 960 4010 et
985 3956 1381 4025 pulcherrimos,
1419 3954 1641 4024 majores
1671 3955 1779 4010 illis

208 4052 306 4121 qui
336 4052 391 4104 in
434 4049 729 4119 Babylonia
758 4059 900 4113 sunt,
928 4050 1018 4119 qui
1045 4050 1098 4101 in
1129 4049 1236 4115 pilo
1288 4048 1501 4116 pellium
1556 4048 1778 4117 ungulas

207 4143 408 4198 habent
441 4159 532 4213 per
574 4143 783 4212 longum
817 4141 1009 4196 coloris
1037 4142 1194 4203 varii,
1226 4141 1362 4209 nigri
1385 4150 1432 4193 et
1465 4140 1630 4194 rubri.
1674 4140 1778 4206 Qui

204 4238 378 4290 etiam
408 4235 551 4288 docti
598 4243 718 4288 sunt
769 4250 886 4286 cum
932 4232 1226 4286 hominibus
1277 4232 1475 4296 venari,
1514 4240 1562 4284 et
1596 4246 1773 4299 apros,

204 4343 390 4391 ursos,
422 4342 617 4385 cervos,
671 4340 879 4394 capras,
929 4341 1176 4393 onagros,
1219 4323 1470 4394 bovesque
1513 4324 1775 4377 silvestres

1890 1843 1968 1899 De
2009 1845 2132 1898 hist.
2164 1844 2409 1911 animal.,
2444 1845 2534 1899 lib.
2570 1862 2621 1910 v,
2654 1861 2773 1916 cap.
2813 1847 2901 1913 59,
2933 1847 3095 1917 hujus
3128 1849 3207 1902 rei
3237 1864 3457 1903 causam

1891 1947 1944 1992 et
1978 1938 2198 1991 modum
2229 1945 2435 2006 narrat,
2455 1954 2559 1995 nec
2589 1939 2642 1992 in
2673 1939 2925 1994 omnibus
2956 1955 3142 1995 verum
3170 1956 3291 1997 esse
3320 1943 3455 1995 vult.

1892 2030 2060 2083 Ὅταν
2087 2030 2143 2083 δὲ
2173 2032 2254 2094 είς
2284 2029 2444 2103 κόρον
2485 2030 2790 2103 ἐμπλησθῇ,
2833 2031 3076 2103 βούλεται
3111 2032 3208 2103 μὲν
3234 2033 3460 2105 ταμιεύ-

1893 2118 2085 2173 σασθαι
2115 2120 2209 2172 καὶ
2266 2120 2508 2185 εἰσαῦθις
2539 2119 2699 2184 αίδὼς
2736 2122 2792 2175 δὲ
2845 2122 2983 2192 ἴσχει
3015 2123 3173 2177 αὑτὸν
3205 2128 3459 2195 φρουρεῖν

1890 2211 2292 2282 παραμένοντα,
2317 2211 2392 2276 ὡς
2421 2213 2625 2284 τροφῆς
2648 2213 2801 2284 χήτει
2827 2212 2982 2284 λιμὸν
3000 2214 3225 2269 δεδιότα.
3250 2215 3457 2269 Οὐκοῦν

1888 2301 2193 2372 περιχανὼν
2223 2304 2417 2373 ἐμπνεϊ
2450 2303 2547 2374 μὲν
2588 2300 2680 2355 τοῦ
2713 2303 2833 2357 καθ’
2862 2303 3020 2356 αὑτὸν
3046 2303 3337 2375 ἄσθματος,
3362 2305 3458 2360 καὶ

1887 2391 2060 2463 τούτῳ
2088 2393 2186 2465 τὴν
2214 2392 2456 2465 φυλακὴν
2499 2394 2796 2465 ἐπιτρέπει,
2824 2394 3220 2448 ἀπαλλάττεταί
3254 2411 3316 2463 γε
3350 2395 3456 2466 μὴν

1888 2482 2066 2545 αὐτός.
2097 2483 2176 2535 Τὰ
2212 2483 2268 2536 δὲ
2304 2483 2437 2537 ἄλλα
2466 2482 2578 2547 ζῶα
2613 2485 2835 2555 ἥκοντα,
2872 2487 2965 2538 καὶ
3005 2484 3298 2555 αίσθόμενα
3323 2486 3455 2538 ὅπου

1885 2572 2131 2643 λείψανον
2162 2576 2276 2627 ἐστι
2300 2575 2361 2628 τὸ
2390 2574 2656 2644 κείμενον,
2684 2575 2745 2627 ού
2778 2575 3015 2646 τολμῶσι
3048 2575 3453 2648 προσάψασθαι,

1887 2664 1999 2717 ἀλλ’
2028 2665 2424 2719 ἀπαλλάττεται
2457 2666 2660 2721 δεδιότα
2689 2667 2862 2720 δοκεῖν
2893 2667 3075 2739 συλᾷν,
3115 2669 3209 2721 καὶ⁵
3233 2669 3456 2739 περικό·

1888 2773 2040 2809 πτειν
2079 2774 2132 2810 τι
2160 2756 2253 2811 τοῦ
2299 2758 2558 2829 σφετέρου
2591 2758 2868 2829 βασιλέως.
2903 2759 3005 2813 Τὸν
3038 2760 3094 2814 δὲ
3122 2761 3249 2833 ἄρα,
3273 2763 3322 2814 εἰ
3357 2762 3457 2832 μὲν

1887 2848 2111 2922 εύθηρία
2143 2851 2349 2920 γένοιτο
2382 2853 2475 2906 καὶ
2509 2852 2719 2921 ἐτέρου,
2769 2852 2861 2905 καὶ
2902 2853 3149 2925 εύερμία.
3180 2853 3315 2924 λήθη
3362 2854 3455 2908 τοῦ

1889 2942 2102 3014 πρώτου
2131 2944 2413 3015 λαμϐάνει,
2441 2945 2535 2999 καὶ
2567 2946 2641 3008 ὡς
2667 2945 2831 2998 ἕωλον
2856 2946 3146 3015 ἀτιμάσας,
3179 2947 3456 3003 ἀπαλλάτ-

1886 3053 2056 3095 τεται,
2084 3038 2129 3089 εί
2154 3037 2212 3090 δὲ
2242 3036 2315 3108 μὴ
2339 3037 2413 3099 ὼς
2445 3038 2531 3089 ἐπ’
2559 3039 2753 3090 οἰκεῖον
2783 3036 3130 3112 θησαύρισμα
3152 3040 3458 3113 παραγένε-

1885 3147 1992 3183 ται.
2028 3129 2221 3185 Eadem
2256 3131 2415 3184 habet
2446 3128 2597 3184 Phile
2630 3130 2684 3184 in
2716 3129 2935 3196 lambis,
2968 3133 3242 3202 quomodo
3273 3141 3453 3190 autem

1885 3227 2137 3275 vescatur
2175 3220 2436 3273 carnibus
2479 3227 2533 3273 et
2580 3219 2703 3273 cibo
2750 3226 2934 3274 utatur
2994 3222 3304 3287 immodico,
3336 3222 3455 3279 ine-

1884 3311 2137 3380 diamque
2180 3314 2434 3379 patiatur,
2474 3310 2666 3365 scribit
2708 3310 3047 3379 Aristoteles,
3096 3312 3173 3367 De
3228 3314 3453 3369 historia

1883 3402 2069 3466 anim.,
2096 3401 2191 3456 lib.
2225 3417 2340 3466 vm,
2376 3416 2493 3471 cap.
2517 3401 2569 3455 5.

1952 3492 2088 3548 Ibid.
2152 3493 2246 3549 lin.
2308 3492 2396 3549 30.
2453 3491 2688 3557 Ὀξεῗαν
2737 3491 2789 3545 δ’
2844 3493 2968 3562 ἔχει
2997 3493 3112 3561 τὴν
3140 3494 3452 3564 αἴσθησιν.

1884 3586 2157 3651 Ᾱὲιιίιιιιυε,
2190 3587 2287 3642 lib.
2318 3602 2455 3650 xvn,
2506 3602 2627 3659 cap.
2658 3587 2749 3653 26,
2774 3588 2894 3642 Εἰσὶ
2919 3586 3026 3659 γὰρ
3056 3586 3131 3650 ὡς
3152 3585 3332 3640 ἀκούω
3359 3587 3453 3642 καὶ

1885 3679 2236 3751 ρινηλατῆσαι
2266 3677 2446 3733 δεινοί.

1955 3769 2113 3835 lhid.,
2170 3770 2264 3822 lin.
2321 3770 2409 3826 5:2.
2465 3769 2546 3825 Τὰ
2589 3772 2729 3841 {xm
2758 3770 2831 3839 τῇ
2858 3772 3034 3838 σόϐῃ.
3059 3769 3335 3834 Ᾰσὶιὶαηιιε,
3372 3766 3453 3823 De

1879 3861 2065 3917 histor.
2101 3860 2346 3924 animal.,
2389 3862 2482 3915 lih.
2516 3880 2593 3928 Ix,
2633 3878 2754 3932 cap.
2789 3862 2877 3926 50,
2919 3862 3067 3916 Λέων
3097 3862 3153 3916 δὲ
3186 3862 3312 3916 ὅταν
3354 3860 3451 3933 βα-

1876 3950 1996 4023 δίζῃ
2026 3951 2124 4004 οὐκ
2151 3950 2423 4022 εὐθύωρον
2459 3952 2725 4023 πρόεισιν,
2754 3953 2875 4005 οὐδὲ
2907 3953 2971 4023 ὲᾷ
3002 3951 3109 4004 τῶν
3139 3949 3298 4023 ἰχνῶν
3326 3951 3453 4005 ἑαυ-

1877 4040 1969 4095 τοῦ
1998 4041 2144 4094 ἁπλᾶ
2169 4038 2308 4096 εἶναι
2336 4043 2429 4095 καὶ
2453 4043 2521 4096 τὰ
2558 4043 2871 4113 ἰνδάλματα,
2905 4042 3039 4096 ἀλλὰ
3079 4043 3154 4113 πὴ
3184 4043 3282 4113 μὲν
3313 4044 3449 4117 πρό-

1877 4150 2004 4198 εισι,
2034 4134 2109 4205 πὴ
2131 4133 2187 4187 δὲ
2218 4136 2482 4199 ἐπάνεισι,
2515 4136 2608 4190 καὶ
2631 4132 2696 4190 αὖ
2728 4137 2886 4191 πάλιν
2915 4134 3007 4189 τοῦ
3039 4137 3224 4209 πρόσω
3245 4137 3446 4208 ἔχεται,

1878 4228 1972 4280 καὶ
2009 4228 2190 4298 μέντοι
2220 4228 2313 4281 καὶ
2341 4228 2476 4281 ἵεται
2523 4227 2846 4300 τοῦμπαλιν.
2879 4224 3013 4283 Εἶτα
3053 4232 3327 4301 προχωρεί
3349 4230 3449 4301 τὴν

1876 4318 2012 4382 ὁδὸν,
2043 4321 2135 4372 καὶ
2189 4318 2438 4389 ἀφανίζει
2467 4324 2577 4385 τοῖς
2614 4321 2875 4393 θηραταῖς
2910 4322 3044 4376 ἰέναι
3076 4322 3218 4376 κατὰ
3247 4320 3447 4388 στίϐον,

206 4437 335 4475 cum
387 4417 718 4473 venatoribus
773 4434 975 4487 capere.
1040 4415 1264 4482 Quando
1324 4418 1459 4486 regis
1512 4424 1776 4470 venatores

1888 4411 1977 4484 τὴν
2011 4412 2223 4477 ἑαυτοῦ,
2246 4413 2337 4466 καὶ
2361 4413 2558 4485 ῥᾳδίως
2579 4414 2676 4486 τὴν
2706 4415 2892 4487 κοίτην
2920 4415 3052 4469 ἔνθα
3089 4414 3445 4480 ἀναπαύεται,

206 4513 388 4566 leones
424 4511 602 4564 volunt
630 4525 802 4563 secum
850 4509 919 4562 ad
954 4510 1273 4562 venationem
1303 4508 1507 4571 ducere,
1551 4510 1680 4561 duos
1709 4522 1773 4560 ea:

203 4606 283 4659 eis
311 4605 366 4656 in
400 4603 575 4655 calvea
622 4601 837 4664 ducunt,
871 4618 1090 4673 quorum
1128 4601 1343 4672 quilibet
1381 4604 1593 4655 comites
1622 4601 1773 4655 habet

205 4695 421 4767 aquilas
446 4695 637 4749 multas
668 4693 1131 4764 domesticas,quar
1156 4694 1284 4747 adeo
1322 4694 1517 4763 feroces
1540 4704 1680 4756 sunt,
1715 4703 1772 4747 ut

206 4789 436 4858 lepores,
460 4804 670 4857 capras,
697 4786 964 4853 damulas,
997 4786 1171 4855 vulpes
1206 4788 1416 4853 capiant
1446 4804 1463 4839 :
1495 4786 1623 4839 intes
1642 4802 1771 4856 quas

206 4888 380 4934 tantae
412 4879 651 4932 audacia:
695 4879 941 4947 plurima:
975 4890 1116 4941 sunt,
1154 4885 1210 4928 ut
1250 4891 1438 4945 magno
1473 4877 1662 4944 impetu
1719 4878 1773 4929 in

198 4988 367 5042 .upos
395 4972 657 5036 insiliant,
692 4986 782 5024 nec
809 4970 873 5023 ab
902 4970 975 5024 eis
1006 4987 1060 5024 se
1084 4970 1286 5038 possint
1320 4969 1429 5037 lupi
1477 4969 1769 5037 defendere,

199 5065 375 5120 donec
405 5063 703 5133 capiantur.
751 5061 990 5117 Leonum
1024 5064 1205 5132 itaque
1238 5061 1618 5133 generositatis
1650 5076 1776 5116 cau-

202 5169 333 5232 sam
353 5155 419 5210 ad
445 5153 590 5208 aliud
626 5165 789 5224 caput
827 5155 1047 5209 videtur
1084 5154 1289 5207 referre
1320 5153 1459 5207 idem
1496 5151 1769 5215 Aﬁlianus,

201 5248 309 5302 lib.
348 5258 563 5313 1v,cap.
601 5244 693 5299 23.
716 5243 871 5309 Quod
911 5259 1018 5297 non
1049 5243 1211 5298 simul
1242 5244 1343 5309 leo,
1365 5251 1418 5297 et
1449 5242 1633 5308 leaena,
1675 5241 1772 5296 sed

202 5335 442 5391 seorsim
495 5335 561 5389 ad
613 5335 954 5390 venationem
1011 5341 1064 5389 et
1114 5343 1299 5403 potum
1356 5335 1571 5399 abeant,
1625 5334 1770 5405 quod

201 5429 327 5484 suis
361 5435 592 5498 uterque
638 5428 846 5483 viribus
887 5425 1149 5493 confisus,
1198 5427 1423 5483 alterius
1450 5442 1607 5497 opem
1659 5443 1770 5481 non

200 5520 502 5576 desideret.
544 5520 708 5573 Λύκω
740 5521 1004 5591 συννόμω,
1039 5521 1131 5574 καὶ
1163 5520 1329 5583 ἵππω,
1360 5520 1539 5573 λέοντέ
1567 5538 1629 5590 γε
1666 5519 1769 5591 μὴν

199 5614 304 5671 οὐκ
324 5613 501 5667 ἐστόν.
529 5612 733 5667 Λέαινα
756 5612 865 5685 γὰρ
890 5613 982 5666 καὶ
1001 5612 1134 5666 λέων
1153 5611 1275 5666 οὔτε
1299 5612 1396 5683 τὴν
1416 5611 1582 5682 αὐτὴν
1606 5613 1767 5674 ἴασιν,

201 5702 329 5758 οὔτε
362 5704 459 5757 ἐπὶ
492 5701 684 5786 θήρας,
716 5702 838 5758 οὔτε
869 5703 1132 5774 πιόμενοι.
1175 5693 1246 5760 Τὸ
1284 5704 1341 5760 δὲ
1368 5703 1546 5779 αἴτιον
1580 5705 1644 5774 τῇ
1676 5703 1766 5757 τοῦ

1874 4505 1968 4556 καὶ⁵
2017 4504 2156 4557 οἰκεῖ
2203 4506 2299 4558 σὺν
2348 4508 2461 4568 τοῖς
2508 4505 2768 4576 σκύμνοις
2806 4506 3098 4578 εὑρίσκειν.
3135 4504 3202 4561 Et
3253 4504 3448 4562 Petrus

1875 4593 2196 4659 Damianus,
2232 4595 2327 4650 lib.
2368 4611 2429 4659 ιι,
2461 4596 2629 4666 epist.
2654 4596 2741 4659 l8,
2778 4594 2880 4651 Leo
2910 4613 3027 4650 cum
3055 4614 3088 4650 a
3113 4595 3445 4652 venatoribus

1871 4686 2146 4753 quafritur,
2180 4702 2359 4739 eorum
2388 4687 2625 4754 protinus
2684 4685 2841 4741 odore
2891 4695 3134 4755 concepto
3178 4696 3237 4740 ut
3268 4701 3444 4758 perse—

1870 4779 2135 4847 qucnlium
2181 4795 2235 4832 se
2277 4777 2491 4832 deludat
2519 4776 2836 4847 indaginem,
2871 4788 3091 4834 versuta:
3114 4778 3270 4833 struit
3297 4776 3447 4847 [rau-

1872 4870 2123 4925 dulentite
2185 4873 2488 4926 novitatem.
2554 4870 2797 4926 Caudam
2859 4872 3043 4942 quippe
3107 4884 3197 4939 per
3248 4879 3444 4925 terram

1876 4962 2086 5018 trahens
2136 4965 2356 5034 vestigia
2394 4981 2491 5018 sua
2527 4964 2652 5018 dum
2683 4965 2925 5035 graditur
2954 4964 3137 5034 operit,
3161 4965 3338 5034 sicque
3358 4979 3444 5017 ve-

1874 5058 2114 5111 nantium
2142 5058 2354 5128 laqueos
2385 5075 2447 5112 ne
2477 5061 2719 5127 capiatur
2742 5057 2931 5112 evadit.

1941 5148 2101 5215 lhid.,
2136 5151 2229 5204 liu.
2265 5151 2350 5206 54.
2386 5151 2582 5221 Πηρός
2623 5151 2691 5205 δὲ
2716 5151 2900 5205 αὐτοῦ
2929 5153 2979 5204 ό.
3015 5147 3247 5203 Leonem
3281 5145 3435 5203 nasci

1870 5242 2046 5296 oculis
2086 5242 2287 5312 apertis
2321 5241 2659 5297 Democritus
2714 5241 2912 5306 aiebat,
2956 5248 3215 5308 tanquam
3249 5237 3436 5291 statim

1871 5348 1901 5387 a
1929 5341 2086 5403 partu
2118 5333 2461 5388 iracundum.
2495 5332 2766 5394 Elianus,
2805 5331 2900 5385 lib.
2931 5347 2984 5394 v,
3000 5345 3120 5400 cap.
3139 5327 3241 5384 59:
3273 5328 3437 5398 Λέγει

1870 5423 2207 5496 Δημόκριτος
2240 5424 2348 5477 τῶν
2396 5422 2550 5490 ζώων
2603 5423 2760 5493 μόνον
2802 5422 2892 5475 τὸν
2943 5420 3129 5473 λέοντα
3160 5421 3439 5472 ἐκπεπτω-

1873 5516 2051 5588 μένοις
2102 5514 2380 5571 τίκτεσθαι
2419 5518 2531 5580 τοῖς
2577 5514 2892 5585 ὀφθαλμοῖς,
2921 5512 3023 5585 ἤδη
3069 5511 3266 5583 τρόπον
3313 5510 3436 5565 τινὰ

1867 5606 2271 5679 τεθυμωμένον,
2305 5609 2400 5662 καὶ
2431 5605 2490 5672 ἐξ
2530 5606 2733 5659 ὠδίνων
2758 5603 3074 5676 δρασείοντά
3099 5620 3151 5673 τι
3185 5602 3431 5674 μανικόν.

1868 5698 1989 5770 Ipse
2032 5707 2231 5768 tamen,
2264 5714 2385 5771 cap.
2417 5698 2506 5766 24,
2546 5698 2608 5752 Οἱ
2637 5696 2691 5751 δὲ
2724 5695 2948 5767 σκύμνοι
2986 5692 3317 5766 ἁρτιγεννεϊς
3344 5708 3434 5763 με.
