3924 6968
569 254 672 309 9‘37

572 390 697 447 κροι
731 374 792 428 τέ
821 375 927 427 εἰσι
961 373 1056 427 καὶ
1088 372 1297 442 τυφλοί,
1335 381 1390 429 et
1421 373 1594 439 Phile,
1625 375 1678 430 in
1708 375 1902 432 iambis

645 485 825 540 Avoi’r
851 485 919 557 δὲ
938 484 1150 555 μηνῶν
1177 486 1249 539 τὰ
1280 485 1476 557 ,βρέφη
1514 488 1878 557 προέρχεται,

645 556 911 626 Σκύλαξι
952 557 1213 626 ,τυφλοῖς
1265 556 1508 626 ἐμφερῆ,
1539 558 1634 610 καὶ
1661 556 1930 626 μετρίως,

643 625 751 678 Καὶ
785 625 1009 678 λευκὸν
1040 625 1416 694 ἐμπίπτοντα
1434 625 1716 696 μαστεύει
1740 628 1912 697 τάλα.

576 736 643 790 Et
669 737 934 794 ridiculus
966 754 1096 794 sane
1150 740 1363 795 censeri
1405 739 1646 808 deberet,
1682 743 1727 797 si
1759 742 1881 811 quis
1911 755 2009 810 pro
2037 740 2138 796 De-

579 828 832 893 mocrito,
864 829 1068 884 diceret
1099 845 1222 884 eum
1256 845 1363 884 non
1406 830 1526 886 ideo
1555 832 1770 886 leonum
1803 833 2000 887 liberos
2031 847 2135 887 cte-

575 932 671 971 cos
707 933 814 972 non
865 933 986 974 esse
1027 919 1290 976 aflirmare
1336 921 1479 991 quod
1531 924 1732 992 apertis
1763 923 1936 978 oculis
1987 922 2135 977 nasci

574 1006 824 1063 dixisset.
883 1007 1138 1064 Videmus
1194 1011 1338 1064 enim
1402 1010 1646 1080 quaedam
1693 1012 1963 1075 animalia,
2018 1026 2138 1080 qua:

575 1102 675 1156 etsi
711 1109 955 1172 patentes
1008 1103 1207 1157 habent
1237 1105 1448 1172 oculos,
1478 1113 1662 1158 tamen
1706 1120 1813 1157 non
1841 1104 2046 1167 vident,
2081 1113 2138 1158 ut

577 1191 733 1260 lepus
785 1191 914 1246 dum
975 1191 1197 1255 dormit,
1231 1201 1285 1246 ct
1342 1209 1443 1246 nos
1494 1193 1657 1247 etiam
1707 1193 1848 1246 infra
1888 1193 2137 1249 delcone

578 1282 842 1338 dicemus.
907 1281 1030 1338 Pari
1095 1284 1275 1352 itaque
1329 1283 1536 1338 ratione
1597 1298 1881 1352 possemus
1935 1282 2134 1347 dicere,

576 1373 762 1429 leones
801 1375 929 1429 dum
976 1383 1299 1437 nascuntur,
1333 1373 1580 1444 quamvis
1642 1373 1848 1444 apertis
1890 1381 1942 1428 et
1982 1374 2137 1428 hian-

574 1464 722 1520 tibus
746 1465 855 1519 sint
878 1466 1072 1532 oculis,
1100 1481 1274 1520 caecos
1312 1480 1452 1531 esse,
1493 1480 1671 1535 neque
1698 1479 1944 1519 cernere.
1974 1463 2137 1517 Nam-

573 1571 682 1624 que
718 1555 1058 1621 Aristotelcs,
1091 1557 1178 1610 cui
1223 1556 1278 1610 in
1327 1557 1429 1610 hoc
1471 1556 1613 1610 sicut
1637 1562 1692 1609 et
1727 1554 1781 1608 in
1806 1555 1927 1610 aliis
1958 1554 2137 1624 potior

580 1646 732 1711 fides,
764 1646 860 1702 lib.
893 1647 969 1702 De
993 1665 1165 1718 gener.
1185 1650 1348 1702 anim.
1396 1661 1447 1705 c.
1477 1648 1533 1712 4,
1565 1647 1662 1709 ait,
1699 1647 1844 1701 circa
1878 1646 2132 1708 medium,

578 1739 986 1810 Quadrupedum
1007 1757 1120 1810 qua:
1141 1740 1405 1809 multiﬁda
1422 1749 1562 1804 sunt,
1584 1750 1638 1793 ut
1661 1741 1830 1804 canis,
1850 1739 1951 1804 leo,
1970 1739 2141 1807 lupus:

1900 254 2144 312 LEONlS
2176 254 2444 310 ALLATII

3619 259 3693 314 νει

2161 385 2209 444 Α
2243 391 2362 439 sui,
2391 391 2511 446 cap.
2560 376 2612 430 8.
2660 373 2909 430 Nicolaus
2939 372 3272 428 Leonicenus
3299 371 3350 424 in
3379 373 3698 441 quaestionibus

2237 467 2576 520 naturalibus
2599 465 2736 518 duas
2755 463 2981 532 hujusce
2999 460 3338 533 proprietatis
3359 475 3533 516 causas
3550 463 3697 520 reddit.

2238 559 2347 616 Cur
2369 560 2539 612 leones
2571 557 2812 611 iracundi
2858 566 2996 624 terga
3044 569 3143 607 sua
3170 551 3337 605 cauda
3362 551 3700 620 ﬂagellanthn

2236 653 2360 722 quia
2390 651 2594 705 leonum
2623 649 2784 702 animi
2817 647 2969 700 index
2989 656 3063 698 est
3086 643 3292 697 cauda?
3316 650 3366 697 et
3386 644 3568 713 reliqua
3585 645 3702 700 Plinii

2238 745 2421 797 verba.
2449 743 2530 794 An
2572 739 2708 812 quod
2751 736 3048 796 iracundia,
3069 750 3279 787 accenso
3321 733 3448 785 circa
3477 738 3705 799 praeordia

2243 835 2432 899 calore,
2447 832 2714 900 provenire
2749 829 2982 882 dicitur?
3003 825 3162 878 calidi
3185 825 3316 878 enim
3340 832 3409 877 est
3437 842 3606 879 movere
3623 843 3707 878 cum

2244 927 2439 992 omnia,
2457 937 2561 978 tum
2591 941 2654 978 ea
2683 923 2845 992 magis
2866 931 2913 974 et
2932 914 3178 985 Crebrius,
3201 934 3311 988 qua:
3337 917 3582 969 mobiliore
3607 922 3710 971 exsi-

2238 1018 2590 1088 stunt,qualis
2624 1031 2750 1068 sane
2771 1016 2824 1068 in
2855 1011 3208 1066 animantibus
3231 1009 3452 1064 omnibus
3479 1020 3544 1062 est
3564 1011 3710 1067 cauda.

2236 1109 2371 1164 Hinc
2394 1108 2563 1164 cauda
2586 1106 2779 1160 ἀλκαία
2799 1103 3124 1173 dicta,quod
3141 1102 3230 1155 illa
3249 1117 3307 1156 se
3328 1101 3389 1153 ad
3410 1100 3713 1156 fortitudinem

2233 1203 2450 1257 excitet.
2479 1200 2748 1268 lnterpres
2786 1196 3059 1268 Apollonii
3084 1195 3176 1248 lib.
3209 1209 3283 1258 tv,
3320 1192 3525 1264 Ἀ).καὶη
3550 1192 3716 1260 λέγεται

2235 1292 2436 1364 κυρίως
2476 1292 2509 1362 ἡ
2557 1291 2650 1344 τοῦ
2687 1289 2894 1352 λέοντος
2929 1285 3090 1358 οὐρὰ,
3121 1283 3227 1338 ἀπὸ
3247 1284 3288 1335 δ’
3321 1283 3476 1352 αὐτῆς
3497 1284 3564 1346 εἰς
3587 1283 3717 1354 ἀλκὴν

2234 1383 2545 1454 τρέπεσθαι.
2584 1445 2586 1448 _

2307 1475 2466 1542 lhid.,
2514 1473 2610 1528 lin.
2660 1473 2712 1529 7.
2767 1471 3050 1541 Γηράσας
3109 1469 3176 1522 δὲ
3207 1467 3300 1521 καὶ
3341 1467 3442 1532 εἰς.
3494 1465 3717 1534 Origenes,

2235 1577 2340 1622 cat.
2385 1568 2441 1620 in
2483 1564 2674 1620 Jerem.
2709 1579 2828 1634 cap.
2859 1580 2911 1629 ν,
2941 1564 2996 1632 ᾖ.
3025 1561 3078 1625 6,
3111 1561 3171 1615 '0
3211 1560 3268 1614 δὲ
3297 1557 3443 1623 λέων,
3463 1555 3720 1628 ὡςίστορςῑ-

2240 1677 2348 1726 ται,
2393 1659 2657 1730 γηράσας,
2701 1657 2828 1727 περὶ
2868 1655 2966 1717 τὰς
3014 1653 3193 1716 πόλεις
3251 1650 3477 1721 νέμεται,
3524 1648 3719 1719 θηρεύειν

2174 1722 2214 1776 Β
2244 1722 2416 1807 θέλων
2453 1722 2806 1820 ἀνθρώπους.
2861 1746 3136 1808 Ᾰὶιίοιιιιε,
3193 1742 3268 1796 De
3321 1742 3493 1794 histor.
3548 1739 3716 1793 animal.

577 1831 771 1899 vulpes,
824 1833 975 1902 lupus
1012 1836 1294 1899 cervarius,
1329 1835 1504 1889 omnia
1529 1849 1690 1888 caecos
1723 1842 1987 1902 generant,
2009 1839 2123 1900 post

2233 1843 2326 1898 lib.
2385 1858 2460 1906 tv,
2509 1857 2630 1911 cap.
2667 1841 2765 1906 54,
2802 1839 2907 1892 Τοῦ
2972 1840 3159 1909 γήρως
3188 1834 3244 1889 δὲ
3286 1833 3722 1904 ἱπαρχόμενος,κιι

575 1921 832 1990 ΡαῘΡεθναέ
853 1923 1148 1988 damnum;
1164 1933 1218 1980 ει
1240 1925 1333 1978 “b-
1387 1941 1459 1992 ιν,
1485 1939 1606 1995 cap.
1627 1922 1679 1982 δι
1707 1922 1961 1990 Qua’dam
1987 1923 2125 1976 θηίηι
2227 1933 2331 1986 ὑπὸ
2365 1931 2434 1984 τὰ
2464 1930 2625 1986 αὔλια
2649 1930 2885 2000 ἔρχεται,
2916 1928 3014 1982 καὶ
3055 1925 3146 1979 ἐπὶ
3177 1925 3272 1988 τὰς
3299 1922 3536 1987 καλύῦας,
3558 1923 3634 1974 καὶ
3655 1920 3721 1972 ἐπὶ

572 2027 641 2064 ea:
670 2013 734 2087 iis
780 2015 981 2068 catulos
1015 2017 1380 2070 inarticulatos
1412 2014 1779 2085 propemodum
1804 2015 2037 2082 pariunt.
2071 2022 2128 2066 ut

2230 2024 2324 2087 τὰς
2351 2024 2592 2094 οἰκήσεις
2617 2022 2712 2085 τὰς
2749 2021 2854 2074 τῶν
2888 2019 3100 2091 νομέων
3143 2016 3242 2081 τὰς
3290 2015 3582 2086 ὑπάντρους.
3625 2013 3720 2074 Ταῖς

578 2101 773 2168 vulpes,
799 2117 945 2169 ursa,
975 2103 1160 2168 letena,
1193 2115 1242 2158 et
1270 2107 1380 2160 alia
1408 2105 1685 2170 nonnulla,
1709 2103 1798 2160 sed
1829 2105 2002 2158 omnia
2025 2103 2131 2171 fere

577 2207 761 2258 cwcos,
787 2204 843 2247 ut
871 2211 932 2248 ea
956 2213 1071 2266 qua:
1094 2196 1245 2250 modo
1268 2197 1381 2251 dixi
1413 2206 1565 2266 atque
1590 2198 1751 2251 etiam
1781 2197 1949 2260 canis,
1983 2197 2128 2272 lupa,

580 2283 732 2353 lupus
761 2288 1043 2341 cervarius.
1084 2286 1148 2341 Et
1181 2289 1318 2343 inter
1341 2288 1441 2343 llOS
1477 2297 1685 2343 tantum
1725 2289 1923 2358 excipit
1955 2303 2130 2348 suem,

579 2392 698 2446 quae
755 2378 868 2432 sola
914 2380 1054 2449 parit
1097 2381 1388 2450 perfectos.
1421 2380 1498 2434 Ex
1551 2381 1748 2451 quibus
1790 2381 1996 2434 clarum
2026 2390 2130 2442 est,

582 2467 806 2522 leaenam
864 2470 1038 2523 oculis
1093 2471 1328 2526 occlusis
1382 2470 1519 2526 filios
1561 2473 1794 2541 gignere.
1827 2469 1976 2524 Vana
2007 2485 2135 2540 ergo

577 2560 681 2614 erit
713 2574 776 2613 ac
807 2559 975 2616 futilis
1007 2561 1095 2614 illa
1125 2577 1222 2631 pro
1264 2561 1571 2617 Democrito
1616 2563 1918 2632 responsio.
1947 2561 2137 2617 Deme-

578 2651 702 2704 criti
726 2652 1031 2720 opinionem
1067 2662 1288 2708 secutus
1319 2664 1402 2708 est
1429 2655 1590 2709 etiam
1629 2653 1972 2709 Plutarchus.

649 2739 810 2803 lhid.,
842 2740 937 2795 lin.
989 2740 1079 2795 55.
1107 2743 1216 2796 Kal
1257 2743 1411 2810 τρεῖς
1435 2743 1676 2811 ἡμέρας.
1719 2743 2052 2814 Epiphanius
2082 2747 2134 2799 in

581 2828 919 2901 Physiologo,
945 2845 1064 2900 cap.
1087 2830 1143 2894 2,
1163 2831 1330 2884 Ὅταν
1354 2831 1572 2902 τέξηται
1596 2833 1687 2885 τὸν
1716 2833 1881 2904 αὐτῆς
1906 2835 2138 2904 σκύμνον

583 2923 613 2994 ἡ
655 2922 861 2986 λέαινα,
891 2921 1089 2976 ἄπνουν
1116 2940 1174 2976 τε
1208 2923 1301 2976 καὶ
1328 2923 1521 2992 τυφλὸν
1555 2925 1909 2995 τυγχανόντα,
1940 2925 2138 2998 ἐμϐλέ-

581 3036 754 3074 πουσα
805 3018 1195 3091 προκαθέζεται
1245 3020 1581 3090 προσέχουσα
1637 3022 1784 3091 αὐτῷ
1821 3024 2135 3094 τριήμερον.

579 3106 729 3161 Μετὰ
778 3105 835 3158 δὲ
879 3107 940 3160 τὸ
980 3106 1437 3179 συμπληρωθῆναι
1473 3111 1570 3174 τὰς
1612 3113 1758 3182 τρεῖς
1783 3111 1890 3165 τῶν
1920 3112 2138 3184 ἡμερῶν

579 3197 964 3270 προσπελάζων
993 3198 1166 3270 ᾰρῤην
1198 3197 1354 3262 λέων,
1376 3200 1469 3252 καὶ
1490 3201 1810 3270 ὲμφυσήσας
1844 3202 2010 3272 αὐτῷ,
2047 3203 2140 3258 noti.

579 3290 740 3354 εὐθὺς
771 3289 975 3360 βλέπει,
1011 3290 1106 3344 καὶ
1134 3291 1220 3363 ζῇ.
1240 3289 1444 3346 Locum
1477 3291 1780 3363 Physiologi
1808 3293 1990 3348 laudat
2017 3293 2139 3348 Ori-

587 3397 775 3452 genes,
818 3381 964 3434 hom.
998 3381 1065 3436 l7
1092 3383 1143 3436 in
1174 3397 1289 3451 cap.
1327 3399 1473 3448 χιιι,
1512 3382 1710 3440 Cenes.
1746 3404 1759 3439 :
1792 3386 2139 3456 Physiologus

578 3474 643 3528 de
668 3473 842 3528 catulo
867 3474 1070 3528 leonum
1089 3474 1198 3529 hare
1227 3477 1428 3542 scribit,
1451 3477 1607 3548 quod,
1639 3495 1754 3532 cum
1778 3479 1934 3547 fuerit
1963 3490 2138 3543 natus,

581 3565 746 3618 tribus
773 3565 952 3618 diebus
991 3576 1039 3619 et
1064 3565 1228 3619 tribus
1253 3567 1487 3620 noctibus
1512 3567 1758 3621 dormiat.
1787 3568 1931 3621 Tunc
1960 3569 2142 3623 deinde

581 3658 748 3725 patris
776 3658 989 3726 gemitu,
1032 3658 1108 3711 vel
1155 3659 1354 3727 rugitu,
1391 3667 1641 3727 tanquam
1686 3660 2018 3729 tremefactus
2048 3676 2141 3714 cu-

583 3748 700 3802 bilis
746 3747 891 3802 locus
935 3749 1155 3802 suscitat
1210 3749 1448 3802 catulum
1491 3749 1854 3805 dormientem.
1899 3751 2140 3806 Isidorus

579 3837 820 3893 eamdem
861 3839 1182 3894 sententiam
1216 3855 1282 3894 ex
1324 3838 1554 3909 Origene
1583 3841 1892 3911 exscripsit.
1933 3841 1998 3895 Et
2027 3841 2139 3896 Ru-

583 3929 746 3998 finus,
782 3931 880 3985 lib.
931 3931 1008 3985 De
1060 3931 1309 3987 benedict.
1362 3933 1653 4001 patriarclt.
1709 3933 1872 3987 refert
1923 3934 2060 3988 tradi
2108 3949 2138 3988 a

583 4025 917 4097 physiologis
965 4025 1105 4078 hanc
1145 4040 1267 4081 esse
1305 4025 1468 4079 catuli
1508 4025 1682 4079 leonis
1714 4039 1989 4088 naturam,
2014 4042 2136 4080 cum

583 4124 744 4171 natus
772 4124 856 4170 est
880 4117 1118 4170 triduum
1149 4116 1407 4180 dormire,
1431 4116 1588 4171 tertio
1617 4128 1794 4172 autem
1815 4116 1900 4172 die
1922 4116 2137 4172 fremitu

584 4210 752 4280 patris
781 4209 1096 4265 tremefacto
1134 4209 1298 4264 cubili
1333 4209 1580 4264 excitari.

653 4298 769 4354 Col.
813 4300 937 4366 740,
968 4301 1063 4355 lin.
1099 4300 1150 4353 1.
1203 4301 1408 4355 Ἡνίκα
1443 4300 1494 4354 δ’
1543 4298 1846 4369 ἀνθρώπῳ.
1885 4299 2138 4356 Lucanus

583 4392 678 4446 lib.
725 4406 785 4454 ιι,

688 4479 818 4534 M01:
845 4481 931 4534 ubi
984 4497 1036 4534 se
1081 4497 1230 4534 sava:
1259 4481 1544 4534 stimulavit
1576 4481 1776 4534 verbere
1805 4481 2006 4537 caudaz.

580 4571 849 4632 Elianus.
901 4572 990 4624 lib,
1029 4587 1101 4633 vr,
1166 4586 1285 4640 cap.
1342 4572 1394 4633 l,
1452 4571 1560 4623 Kal.
1607 4569 1786 4640 μέντοι
1824 4570 1918 4623 καὶ
1950 4573 1977 4624 ὁ
2008 4571 2140 4624 λέων

579 4666 644 4734 τῇ
695 4662 906 4732 ahala
978 4663 1163 4715 ἑαυτὸν
1207 4660 1479 4729 ἐπεγείρει
1531 4659 1818 4729 μαστίζων,
1874 4660 1966 4712 καὶ
2012 4658 2138 4729 βλα-

579 4754 778 4818 κεύειν,
823 4755 914 4807 καὶ
957 4753 1182 4806 ἐλινύειν
1214 4753 1311 4805 οὐκ
1340 4751 1661 4822 ἐπιτρέπων.
1692 4751 1798 4802 Καὶ
1832 4749 1989 4802 τοῦτο
2025 4750 2080 4802 δὲ
2112 4753 2139 4802 ὁ

579 4845 806 4916 ποιητὴς
853 4844 1003 4907 εἰδὼς
1052 4844 1165 4915 ᾅδει
1207 4842 1330 4911 περὶ
1386 4839 1476 4894 τοῦ
1515 4840 1742 4902 λέοντος.
1796 4837 1859 4891 Ει
1895 4839 1983 4891 lib.
2019 4854 2134 4901 xm,

579 4951 698 5004 cap.
735 4935 820 4990 l4.
855 4934 1086 4996 Plinius,
1132 4933 1226 4987 lib.
1261 4946 1380 4996 vm,
1435 4945 1555 5000 cap.
1595 4928 1680 4995 16,
1715 4927 1941 4981 Leonum
1973 4928 2138 4979 animi

581 5029 734 5081 index
765 5029 958 5088 cauda,
984 5027 1116 5078 sicut
1148 5034 1197 5078 et
1227 5025 1456 5092 ipsorum
1487 5038 1658 5075 aures.
1695 5019 1932 5090 Namque
1962 5028 2008 5072 et
2040 5019 2136 5072 has

580 5130 730 5174 notas
776 5118 1175 5190 generosissimo
1216 5116 1398 5184 cuique
1433 5124 1625 5167 natura
1671 5113 1871 5164 tribuit.
1907 5110 2139 5164 Immota

579 5229 726 5282 ergo,
752 5211 1012 5281 placidus,
1055 5209 1298 5272 clemens,
1335 5204 1720 5274 blandientique
1766 5203 1978 5268 similis,
2000 5203 2136 5272 quod

581 5317 761 5353 rarum
806 5310 881 5356 est
909 5316 926 5354 :
956 5299 1186 5353 crebrior
1215 5297 1352 5352 enim
1380 5296 1663 5351 iracundia
1698 5294 1809 5362 ejus
1848 5294 1903 5347 in
1939 5295 2136 5362 princi-

581 5391 666 5457 pio
706 5401 844 5444 terra
889 5390 1208 5454 verberatur,
1238 5391 1550 5442 incremento
1582 5395 1745 5455 terga,
1787 5400 1878 5438 ceu
1908 5383 2134 5453 quodam

583 5481 917 5536 incitamento
983 5481 1336 5550 ﬂagellantur.
1428 5479 1768 5542 Theocritus,
1835 5473 1977 5545 Idyl.
2042 5475 2132 5534 25,

596 5570 896 5640 Μακρὴνδὲ
951 5575 1079 5644 παρτ
1139 5573 1380 5646 ἰγνύῃσιν
1432 5571 1600 5638 ἕλιξεν
1634 5570 1864 5640 Κέρκον,
1897 5568 2042 5637 ἄφαρ
2079 5567 2132 5619 δὲ

595 5650 774 5720 μάχης
807 5664 1076 5734 ἐμνήσατο
1139 5666 1375 5721 Consule
1411 5664 1630 5720 Caelium
1668 5663 2008 5733 Rodiginttni,
2037 5664 2127 5717 lib.

2229 2116 2335 2188 γὰρ
2389 2115 2586 2187 ὀρείοις
2636 2115 2714 2166 ἔτι
2749 2113 2941 2184 θήραις
2995 2110 3310 2182 ὲπιθαρῤεῖν
3337 2106 3567 2170 ἀδύνατός
3596 2107 3720 2158 ἐστιν.

2231 2207 2361 2275 Quae
2395 2207 2467 2261 ita
2490 2207 2730 2262 carmine
2765 2203 3038 2276 expressit
3060 2203 3213 2257 Phile
3244 2205 3298 2256 in
3328 2199 3526 2255 iambis.

2305 2343 2498 2416 ’ξρταν
2526 2341 2596 2416 δὲ
2622 2337 2930 2416 γηρᾷικαὶ-
2947 2339 3180 2416 τροφῆς
3199 2339 3398 2416 χρείαιο
3420 2335 3547 2416 ἔχει,

2318 2413 2474 2466 Ἐπεὶ
2507 2411 2572 2464 τὸ
2609 2405 2844 2478 θαρρεῖν
2880 2405 3072 2476 εἰς’τὸ
3109 2405 3297 2474 οτιρᾇ
3325 2409 3429 2460 οὐκ
3462 2405 3590 2478 ἔχει,

2304 2481 2482 2548 Φοιτᾷ
2508 2480 2656 2550 πρὸς
2676 2475 2896 2549 ἄγροὺς
2919 2475 3020 2532 καὶ
3055 2481 3265 2548 νομαῖς
3284 2475 3574 2538 ἐναυλίοις.

2237 2592 2301 2647 Et
2352 2593 2546 2646 horum
2599 2589 2807 2661 primus
2870 2587 3197 2643 Aristoteles
3242 2585 3335 2642 lib.
3390 2598 3459 2647 Ix,
3517 2594 3618 2648 cap.
3657 2577 3721 2639 ll,

2236 2686 2445 2740 Adeunt
2474 2682 2649 2747 urbes,
2679 2690 2727 2735 et
2752 2680 3001 2750 iniuriam
3041 2676 3332 2733 hominibus
3361 2675 3583 2743 inferunt,
3604 2671 3726 2737 potis-

2237 2779 2427 2831 simum
2453 2784 2676 2842 tempore
2707 2788 2814 2826 sua:
2841 2770 3124 2825 senectutis
3147 2783 3161 2822 :
3194 2780 3312 2822 tunc
3339 2767 3466 2820 enim
3491 2779 3568 2833 per
3584 2775 3722 2826 corpo-

2239 2869 2312 2922 ris
2342 2866 2772 2931 imbecillitatem,
2803 2874 2852 2919 et
2897 2863 3136 2918 dentium
3157 2860 3476 2931 defectionem
3503 2853 3727 2908 rcnarine-

2238 2967 2451 3029 queunt.

2164 3069 2207 3126 ο
2309 3047 2467 3116 lhid.,
2522 3047 2618 3102 lin.
2679 3046 2732 3102 8.
2769 3047 2942 3100 Ἔστι
2982 3044 3053 3098 δὲ
3086 3042 3275 3098 αὐτοῦ
3303 3041 3365 3094 τὸ
3395 3033 3728 3126 στόμα.ς2ὶιιις

2240 3148 2536 3206 sostomus,
2597 3139 2652 3193 in
2693 3150 2808 3206 cap.
2848 3153 2901 3192 Vl
2935 3135 3081 3201 Jobi,
3141 3133 3380 3196 Δυσῶδες
3418 3131 3515 3200 γὰρ
3537 3125 3661 3180 τοῦτο
3683 3122 3728 3175 τὸ

2239 3231 2424 3303 θηρίον
2452 3230 2567 3302 μεθ’
2586 3229 2907 3300 ὑπερϐολῆς.
2947 3226 3170 3298 Ἐπειδὴ
3191 3225 3296 3296 γὰρ
3326 3224 3428 3293 ἔχει
3451 3220 3535 3290 τὴν
3556 3217 3641 3271 ἀπὸ
3655 3214 3728 3281 τῆς

2239 3325 2452 3394 φύσεως
2488 3323 2818 3388 πλεονεξίαν,
2865 3320 3066 3393 ἑτέρως
3116 3319 3275 3373 αὐτὸν
3315 3317 3418 3370 τῶν
3453 3313 3600 3369 ἄλλων
3626 3323 3726 3376 φαυ-

2238 3417 2451 3488 λότερον
2475 3414 2726 3485 ἐποίησεν
2746 3415 2774 3466 ὁ
2803 3411 2954 3475 θεός.
2987 3409 3060 3466 De
3089 3410 3216 3479 ejus
3245 3405 3464 3474 δυσωδίᾳ
3490 3403 3618 3472 plura
3638 3394 3724 3450 Ari-

2240 3508 2480 3573 stoteles,
2511 3514 2565 3561 et
2596 3505 2708 3559 alii.
3027 3575 3032 3578 _

2308 3598 2445 3654 lbid.
2508 3598 2606 3652 lin.
2654 3597 2707 3652 9.
2764 3594 3077 3651 Καθεύδων
3123 3593 3194 3647 δὲ
3237 3591 3370 3646 ἀνά.
3401 3585 3574 3648 Hortis,
3597 3581 3669 3634 lib.
3696 3593 3722 3637 ι.

2241 3705 2291 3746 ι.
2327 3688 2414 3756 19,
2453 3686 2669 3758 Ἐπειδὴ
2714 3688 2742 3740 ὁ
2789 3684 2926 3737 λέων
2964 3684 3022 3736 ὲν
3061 3683 3144 3753 τῷ
3190 3676 3525 3750 ἐγρηγορέναι
3567 3669 3723 3742 μέμυκε

2237 3780 2363 3844 τοὺς
2407 3778 2733 3849 ὀφθαλμοὺς,
2763 3774 3099 3846 κοιμώμενος
3135 3772 3194 3826 δὲ
3246 3769 3530 3837 ἀνεωγύτας
3558 3761 3725 3818 τούτους

2239 3872 2369 3942 ἔχει.
2403 3870 2772 3931 Plutarchus,
2830 3883 2882 3922 tv
2939 3863 3207 3935 Sympos.,
3258 3868 3443 3934 quaest.
3491 3857 3538 3922 5,
3583 3850 3724 3906 ocu|05

2241 3963 2416 4018 leonis
2464 3960 2790 4015 dormientis
2843 3960 2939 4023 ait,
2993 3956 3308 4026 sull‘ulgcre,
3349 3948 3562 4007 dormire
3589 3950 3722 3996 autem

2239 4057 2513 4106 momento
2542 4047 3020 4119 temporis.‘._Phile,
3051 4045 3104 4098 in
3140 4043 3350 4107 iambis,
3383 4039 3529 4094 etiam
3549 4029 3723 4087 caudam

2241 4145 2414 4214 ipsum
2447 4144 2503 4196 in
2533 4145 2711 4210 quiete
2743 4154 2977 4202 movere,
2998 4137 3090 4190 ait.
3124 4136 3256 4190 Vide
3283 4134 3346 4188 de
3371 4133 3465 4187 hoc
3491 4127 3720 4183 Rhianum.

2239 4235 2333 4290 lib.
2365 4250 2418 4298 ν,
2451 4248 2570 4302 cap.
2603 4232 2690 4296 59,
2716 4229 2944 4284 Plinium
2997 4235 3048 4283 et
3081 4228 3244 4282 alios.
3293 4225 3365 4280 De
3389 4235 3556 4278 eorum
3583 4225 3724 4273 somno

2239 4329 2314 4382 ita
2349 4327 2547 4382 cecinit
2573 4323 2848 4395 Oppianus
2875 4326 3161 4390 Κυνηγετ.
3196 4321 3249 4375 5.

2169 4401 2213 4456 D
2245 4459 2378 4516 Οὐδ’
2401 4459 2594 4513 ὕπνον
2606 4459 2963 4528 μυχάτοισιν
2981 4457 3102 4528 ἔχει
3125 4453 3284 4522 παρὰ
3299 4451 3528 4528 τέρμασι
3543 4441 3723 4528 μέτρηςν

2254 4514 2553 4599 ⁴Ᾰλιιςραδὸν
2567 4514 2782 4582 trav-dist
2798 4527 2864 4580 δὲ
2883 4514 3267 4599 θραοῖῦςξροιῖα
3281 4514 3458 4599 difﬁdit
3469 4516 3699 4599 Alioquin

2237 4580 2494 4656 έῦδὲιῂδί
2518 4580 2669 4654 {uda
2698 4580 2942 4667 κιχησιῦ
2973 4580 3288 4664 ὑπέίροχος
3324 4580 3552 4656 ὲὶῖπερίῃ
3569 4580 3675 4644 r155-

2310 4753 2448 4809 lbid.
2496 4753 2558 4808 Ἡ
2587 4751 2654 4805 δὲ
2687 4750 2898 4805 λέαινα
2928 4751 3104 4818 μόλις
3146 4750 3301 4814 ἑνός.
3348 4747 3420 4800 lta
3464 4732 3726 4798 existimarit

2249 4842 2506 4908 Basilius,
2541 4843 2686 4896 hom.
2721 4842 2753 4895 9
2776 4881 2791 4903 ,
2817 4841 2978 4894 Ὅθεν
3006 4841 3216 4904 λέοντος
3245 4841 3358 4902 ἑνὸς
3382 4837 3520 4908 μόλις
3543 4828 3727 4900 illlam

2243 4937 2426 5006 μήτηρ
2457 4934 2681 5003 γίνεταιο
2709 4934 2839 4997 Ταῖς
2862 4933 2969 5003 γὰρ
2991 4935 3192 5002 ἀκμαῖς
3224 4932 3330 4984 τῶν
3355 4929 3540 4999 ὀνύχων
3559 4923 3727 4975 διασπαρ

2243 5025 2412 5097 ράξας
2441 5024 2537 5095 τὴν
2570 5026 2798 5094 μήτραν,
2825 5023 2966 5076 οὕτω
3010 5023 3272 5094 πρόεισιν,
3311 5021 3382 5084 ὥς
3410 5035 3570 5088 φασιν.
3597 5009 3724 5075 Hujus

2239 5134 2359 5175 esse
2431 5119 2711 5172 sententia:
2767 5117 2979 5171 videtur
3041 5115 3278 5184 Aisopus
3325 5116 3376 5168 in
3429 5108 3626 5168 fabulis;
3674 5098 3722 5152 ibi

2236 5212 2377 5265 enim
2438 5210 2606 5262 letena
2650 5207 2820 5277 vulpi,
2853 5206 3100 5276 glorianti
3137 5207 3333 5260 multos
3365 5218 3420 5260 se
3447 5201 3570 5255 fetus
3587 5193 3724 5277 edere,

2239 5311 2403 5349 unum
2443 5293 2721 5364 respondit
2749 5276 2806 5348 se
2837 5301 3045 5346 tantum
3076 5308 3285 5364 parere,
3322 5291 3409 5346 sed
3431 5291 3628 5344 leonem.
3651 5276 3723 5330 He-

2235 5387 2478 5450 rodotus,
2525 5387 2616 5439 lib.
2676 5401 2760 5447 Ill,
2803 5385 2955 5438 Ἡδὲ
2999 5385 3062 5455 δὴ
3103 5385 3304 5448 λέαινα,
3333 5383 3415 5435 ὲὺν
3445 5375 3724 5448 ἱσχυρότατῸν

2240 5476 2334 5529 καὶ
2355 5474 2702 5546 θρασύτατον,
2726 5471 2870 5537 ἅπαξ
2901 5477 2958 5527 ὲν
2982 5475 3059 5545 τῷ
3090 5475 3187 5545 βίῳ
3213 5474 3378 5527 τίκτει
3409 5471 3478 5524 ἐν.
3511 5458 3723 5554 Τικτοῦᾒι

2235 5566 2341 5635 γὰρ
2375 5545 2714 5620 συνεκϐάλλει
2743 5565 2819 5635 τῷ
2856 5566 3031 5637 τέκνῳ
3063 5567 3161 5629 τὰς
3193 5568 3409 5638 μήτρας,
3428 5559 3485 5613 Ει
3513 5545 3722 5622 Egyptii,

2241 5671 2300 5714 ut
2334 5669 2417 5715 est
2449 5657 2589 5728 apud
2622 5656 2846 5724 Horum,
2880 5659 3181 5721 mulierem,
3217 5673 3332 5728 qua:
3373 5651 3520 5710 semel
3558 5648 3720 5698 tantum
