3952 6204
277 283 384 341 933
1370 285 1435 341 IN
1476 287 1830 343 EUS’I‘ATBI]

1934 290 2360 349 EXAEMERON
2402 296 2631 354 NOTAE.
3414 302 3520 358 οδι

274 400 620 465 Aristoteles,
653 402 793 470 Περὶ
826 372 1173 471 θαυμασίων
1204 402 1633 473 ἀκουσμάτων;
1667 402 1830 459 Theo‘

1946 422 2048 459 non
2102 408 2321 470 resistit,
2369 410 2573 480 pigrior
2624 402 2907 491 duriorque
2954 412 3218 484 materies,
3258 418 3518 474 visibilem
3575 494 3587 507 ’

275 492 558 562 phrastus,
591 491 894 564 fragmento
941 494 1078 565 Περὶ
1120 495 1229 549 τῶν
1273 495 1711 567 μεταϐαλλόντων
1746 495 1830 559 τὰς

1950 499 2167 565 speciem
2194 502 2517 568 coloremque
2545 513 2843 568 commutet,
2892 506 3009 560 licet
3046 509 3215 563 videre
3232 525 3520 577 corpuscu-

274 584 462 656 χρόας.
515 585 575 638 ’0
618 585 675 638 δὲ
717 585 973 658 τάρανδος
1014 586 1075 639 τὸ
1124 587 1220 658 μὲν
1269 587 1492 658 μέγεθός
1538 587 1653 639 ἐστι
1702 586 1845 641 κατά

278 675 424 747 βοῦν,
461 677 524 729 τὸ
562 678 849 749 πρόσωπον
875 678 931 731 δὲ
957 681 1140 750 ὅμοιος
1173 680 1372 750 ἐλάφῳ,
1408 680 1546 751 πλὴν
1580 678 1843 733 πλατύτε-

272 784 388 839 ρος,
413 767 614 821 ὡσανεὶ
636 771 699 823 ὲκ
724 768 816 823 δύο
845 772 1484 841 συγκείμενοςὲλαφείων
1510 772 1837 844 προσώπων.

268 856 499 929 Δίχηλον
534 858 593 912 δέ
634 861 747 913 ἐστι
787 863 880 915 καὶ
923 864 1282 935 κερασφόρον.
1322 866 1473 935 Ἔχει
1500 865 1555 918 δὲ
1587 865 1648 918 τὸ
1674 866 1839 937 κέρας

266 948 612 1019 ἀποφυάδας,
652 949 839 1025 ὥσπερ
877 953 938 1006 τὸ
970 956 1189 1025 ἐλάφου,
1215 958 1306 1010 καὶ
1338 959 1599 1028 τριχωτόν
1628 959 1741 1011 ἐστι
1769 955 1837 1011 δι’

265 1042 415 1094 ὅλου·
448 1045 576 1115 περὶ
605 1043 714 1115 γὰρ
747 1046 809 1098 τὸ
849 1046 1037 1102 ὀστοῦν
1066 1048 1334 1121 δέρματος
1378 1051 1523 1103 ἐστιν
1566 1052 1834 1117 ἐπίτασις,

263 1135 392 1189 ὅθεν
420 1138 454 1207 ἡ
487 1137 732 1205 ἔκφυσις.
778 1139 850 1191 Τὸ
886 1139 943 1192 δὲ
973 1139 1146 1212 δέρμα
1176 1140 1252 1212 τῷ
1291 1141 1453 1214 πάχει
1496 1142 1835 1197 δακτυλιαῖόν

262 1227 437 1293 ἐστιν,
468 1228 687 1301 ἰσχυρὸν
705 1230 761 1283 δὲ
784 1230 1008 1303 σφόδρα.
1031 1232 1122 1285 Διὸ
1148 1233 1242 1287 καὶ
1265 1232 1360 1287 τοῦ
1380 1234 1624 1306 θώρακος
1643 1235 1837 1301 ἐξαυά-

262 1314 453 1383 (owe;
488 1320 621 1373 αὐτὸ
664 1320 837 1377 ἰῶναι.
867 1324 1098 1377 Σπάνιον
1128 1324 1184 1377 δὲ
1210 1324 1272 1377 τὸ
1304 1324 1442 1390 ζῶον
1471 1328 1562 1379 καὶ
1589 1326 1834 1395 ὀλιγάκις

260 1411 610 1483 φαινόμενον.
662 1412 958 1487 Θαυμαστὴ
1005 1415 1062 1469 δὲ
1111 1417 1144 1487 ἡ
1190 1417 1479 1487 μεταϐολὴ,
1529 1417 1622 1472 καὶ
1666 1419 1832 1485 ἐγγὺς

257 1502 541 1567 ἀπιστίας.
571 1505 694 1569 Τοῖς
727 1506 825 1575 μὲν
855 1506 962 1577 γὰρ
988 1506 1168 1570 ἄλλοις
1191 1508 1249 1560 ἐν
1266 1508 1345 1577 τῷ
1368 1507 1596 1578 δέρματι
1623 1509 1830 1576 γίνεται

256 1597 294 1665 ή
336 1595 623 1668 μεταϐολὴ,
659 1596 1042 1669 ἀλλοιουμένης
1068 1599 1165 1669 τῆς
1194 1598 1340 1662 ἐντὸς
1376 1591 1693 1671 ὑγρότητος,
1721 1600 1828 1651 εἴτε

257 1687 622 1757 αἱματώδους,
645 1690 694 1742 εἰ
724 1688 817 1743 καί
841 1707 986 1754 τινος
1004 1689 1169 1762 ἄλλης
1196 1693 1450 1761 τοιαύτης
1475 1690 1659 1762 οΰσηςο
1689 1690 1828 1743 ὥστε

1950 588 2057 642 lum
2100 591 2488 646 cltamwleontis
2536 593 2605 646 ad
2649 595 2845 648 colores
2895 613 3023 667 quos
3074 601 3212 655 videt
3252 601 3518 671 facillima

1946 683 2275 736 conversione
2306 684 2526 739 variari.
2560 685 2663 738 Alii
2698 686 2887 741 dicunt
2917 690 3169 760 polypum
3204 702 3258 749 et
3287 694 3517 750 chamae-

1946 774 2199 840 leontem,
2233 777 2444 847 aliaque
2479 779 2672 834 similis
2695 789 2901 836 natura:
2935 792 2987 836 et
3021 785 3223 854 ingenii
3254 788 3513 843 animalia

1945 868 2155 923 colores
2191 869 2312 924 illos
2346 869 2589 934 reddere,
2623 862 2908 941 non‘quod
2933 876 3000 929 iis
3047 880 3225 947 reipsa
3252 878 3510 934 imbuan-

1945 966 2050 1021 tur,
2094 957 2189 1012 sed
2219 959 2346 1028 quia
2379 974 2500 1012 eum
2530 959 2763 1013 habeant
2793 976 2992 1031 corpus
3035 980 3219 1019 rarum
3246 972 3300 1019 ct
3325 974 3508 1021 trans-

1943 1050 2190 1113 meabile,
2228 1066 2323 1119 per
2362 1051 2415 1105 id
2449 1060 2702 1122 tanquam
2733 1070 2829 1124 per
2852 1058 3051 1108 vitrum
3085 1068 3385 1113 cernuntur
3418 1073 3508 1114 re-

1941 1159 2060 1197 rum
2115 1144 2512 1212 subjacentium
2566 1148 2797 1211 colores,
2848 1150 2939 1219 qui
2976 1158 3155 1204 tamen
3213 1152 3508 1207 allucinato

1940 1247 2162 1306 aspectu
2219 1238 2273 1291 in
2333 1239 2464 1308 ipsis
2515 1240 2883 1295 animantibus
2930 1242 3183 1296 videntur
3243 1242 3502 1307 insidere,

1938 1329 2393 1398 quemadmodum
2439 1339 2492 1385 et
2541 1334 2739 1387 vitrum
2786 1335 2949 1389 rebus
2988 1335 3246 1391 coloratis
3278 1336 3505 1408 imposi-

1940 1429 2050 1473 tum
2090 1422 2237 1491 p’ngi
2278 1422 2492 1476 videtur
2515 1424 2812 1487 coloribus,
2844 1427 2933 1495 qui
2977 1442 3073 1496 per
3106 1428 3281 1495 ipsum
3316 1436 3501 1483 trans-

1937 1511 2135 1566 luccnt.
2171 1514 2511 1577 Aristoteles,
2548 1516 2645 1570 lib.
2679 1531 2741 1579 ιι,
2784 1514 2858 1569 De
2891 1515 3016 1570 hist.
3074 1518 3263 1582 anim.,
3290 1518 3384 1573 lib.
3421 1534 3499 1584 ιι,

1936 1604 2029 1667 ait,
2061 1604 2500 1659 chamazleontem
2549 1608 2785 1663 colorem
2818 1617 3030 1664 mutare
3060 1607 3322 1677 inﬂatum;
3352 1610 3500 1681 quod

1934 1696 2095 1749 etiam
2141 1697 2207 1752 de
2261 1698 2524 1769 polypode
2567 1700 2703 1753 dixit
2750 1691 3163 1771 Theophrastus
3186 1702 3334 1757 dicto
3356 1702 3497 1770 loco,
3571 1739 3577 1747 ε

255 1763 504 1848 φανερὰν
542 1774 678 1832 εἶναι
708 1779 809 1851 τὴν
856 1779 1218 1851 συμπάθειαν
1258 1782 1291 1851 ἡ
1338 1780 1395 1832 δὲ
1434 1780 1634 1851 τριχῶν
1671 1798 1830 1851 μετα-

1936 1793 1994 1837 ιιι
2045 1783 2172 1855 legit
2214 1763 2481 1841 Henricus
2531 1787 2861 1857 Stephanus,
2904 1763 3068 1861 quam
3115 1798 3170 1847 et
3218 1763 3499 1849 meliorem

254 1869 392 1941 ϐολὴ
435 1868 612 1940 ξηρῶν
635 1888 694 1923 τε
717 1872 905 1935 ὅντων,
936 1872 1028 1925 καὶ
1061 1872 1483 1943 ἁπηρτημένων,
1520 1872 1614 1925 καὶ
1638 1871 1830 1942 ἀθρόον

1934 1871 2216 1927 lectionem
2243 1890 2366 1930 esse
2395 1876 2669 1941 existimo,
2692 1893 2928 1947 namque
2948 1879 3130 1949 potius
3158 1882 3355 1953 polypo
3377 1897 3499 1954 quae

252 1962 321 2014 οὐ
355 1962 676 2029 πεφυκότων
721 1963 1083 2028 ἀλλοιοῦσθαι,
1139 1963 1435 2035 παράδοξος
1478 1961 1692 2033 ἀληθῶς
1739 1963 1830 2018 καὶ

1934 1960 2339 2033 Theophrastus
2371 1965 2534 2020 refert
2554 1983 2714 2037 quam
2739 1969 3111 2025 chamaeleonti
3137 1974 3492 2037 conveniunt,

250 2051 521 2116 ἀπίθανος
563 2053 802 2123 μάλιστα
856 2055 992 2127 πρὸς
1048 2055 1217 2110 πολλὰ
1267 2054 1665 2126 ποικιλλομένη.
1726 2052 1825 2107 Ea-

249 2146 381 2200 dem
431 2143 674 2209 Solinus,
722 2162 845 2217 cap.
911 2149 1000 2213 55,
1051 2149 1219 2202 Mittit
1246 2158 1297 2202 et
1344 2148 1628 2201 tarandum
1673 2145 1828 2200 boum

250 2237 641 2309 magnitudine,
673 2238 873 2294 bisulco
907 2243 1142 2312 vestigio,
1176 2241 1399 2295 ramosis
1428 2240 1695 2307 cornibus,
1736 2256 1828 2293 ca-

244 2337 363 2396 pite
389 2329 616 2391 cervino,
647 2331 828 2383 ursino
857 2332 1050 2398 colore,
1082 2341 1130 2385 et
1161 2332 1364 2402 pariter
1390 2331 1514 2383 villo
1540 2329 1823 2399 profundo.

249 2418 417 2473 Hunc
445 2420 730 2475 tarandum
758 2422 1033 2491 afﬁrmant
1079 2423 1319 2477 habitum
1348 2431 1486 2475 metu
1518 2429 1748 2485 vertere;
1775 2428 1827 2474 et

245 2530 392 2566 cum.
419 2512 681 2588 delitescit
716 2516 833 2584 ﬁeri
873 2516 1162 2569 assimilem
1200 2517 1486 2585 cuicunque
1529 2514 1605 2566 rei
1643 2513 1826 2582 proxi«

247 2608 493 2672 marerit,
524 2607 631 2661 sive
652 2607 749 2661 illa
778 2623 907 2662 saxo
949 2608 1070 2663 alba
1108 2608 1202 2669 sit,
1237 2624 1326 2661 seu
1365 2607 1589 2675 fructeta
1629 2606 1819 2669 virens,

246 2698 358 2752 sive
386 2714 537 2768 quem
566 2698 732 2752 alium
759 2698 971 2753 modum
993 2698 1263 2768 praeferat.
1298 2694 1528 2750 Faciunt
1558 2696 1654 2749 hoc
1686 2694 1821 2748 idem

1928 2056 2178 2123 quamvis
2216 2056 2356 2111 idem
2401 2055 2709 2128 Stephanus
2742 2061 2796 2114 in
2836 2062 3078 2118 melioris
3123 2074 3264 2120 nota:
3306 2066 3498 2122 codice

1929 2146 2239 2216 suspicetur
2277 2149 2586 2219 χαμαιλέων
2624 2151 2791 2208 fuisse
2833 2157 3117 2224 scriptum.
3161 2155 3280 2222 Quo
3314 2157 3495 2213 deleto

1928 2237 1983 2291 in
2014 2239 2132 2305 ejus
2167 2238 2343 2293 locum
2376 2241 2646 2306 πολύπους
2671 2245 2968 2313 repositum
3005 2248 3107 2313 sit;
3138 2246 3318 2303 liturae
3344 2250 3495 2304 enim

1926 2329 2169 2399 qua'dam
2192 2333 2413 2403 vestigia
2440 2334 2495 2388 in
2528 2335 2622 2389 illo
2646 2336 2966 2392 videbantur
2984 2355 3289 2409 superesse.
3314 2340 3493 2399 Theo-

1926 2421 2181 2490 phrastus
2217 2425 2397 2499 itaque
2433 2428 2508 2480 ait
2546 2428 2636 2482 :‘0
2665 2429 2721 2481 δὲ
2751 2430 3022 2494 πολύπους
3053 2432 3202 2485 δοκεῖ
3226 2432 3303 2505 τῷ
3328 2434 3495 2488 πνεύ-

1927 2530 2056 2584 ματι
2086 2520 2257 2570 ποιεῖν
2288 2517 2387 2581 τὰς
2412 2518 2731 2589 μεταϐολάς.
2768 2522 3139 2593 Πνευματικὸν
3169 2523 3279 2597 γὰρ
3308 2525 3487 2595 φύσει.

1923 2605 2152 2676 Σημεῖον
2191 2608 2247 2661 δὲ
2289 2610 2347 2662 τὸ
2386 2609 2479 2664 τοῦ
2524 2612 2830 2683 πνεύματος
2866 2615 2979 2679 (alii
3028 2615 3122 2669 τοῦ
3166 2617 3490 2687 πνεύμονος)

1924 2698 2169 2768 μέγεθος
2215 2702 2400 2772 σχεδὸν
2434 2704 2540 2775 γὰρ
2572 2704 2640 2758 δι’
2675 2705 2798 2759 ὅλου
2828 2706 2923 2760 τοῦ
2960 2698 3209 2779 σώματος
3245 2708 3486 2764 τέταται.

1924 2791 1990 2843 Ἀ
1998 2808 2072 2861 μα
2096 2792 2153 2845 δὲ
2173 2793 2268 2846 δια)⁸
2292 2793 2633 2866 ὲξαιρόμενος
2655 2797 2814 2861 αὐτὸς
2842 2799 2937 2852 καλ⁵
2960 2798 3310 2870 φυσσώμενος
3331 2799 3490 2871 δῆλός

1919 2883 2086 2938 ἐστιν.
2124 2884 2191 2940 Et
2223 2887 2564 2953 Aristoteles,
2598 2890 2677 2945 De
2722 2901 2864 2961 part.
2900 2893 3091 2958 anim.,
3134 2893 3229 2948 lib.
3262 2909 3335 2957 Iv,
3360 2908 3488 2963 cap.

245 2792 303 2842 in
332 2790 469 2843 mari
495 2790 691 2861 polgpi,
721 2791 775 2845 in
797 2800 934 2845 terra
960 2790 1376 2854 cltama'leontes,
1404 2790 1495 2845 sed
1524 2799 1574 2843 et
1601 2789 1820 2858 polypus

243 2895 297 2939 et
328 2884 646 2939 chamaleon
671 2883 859 2955 glabra
892 2892 1035 2947 sunt,
1072 2893 1121 2937 et
1146 2884 1362 2953 pronius
1404 2892 1482 2937 est
1522 2886 1657 2939 cutis
1691 2885 1820 2939 levi-

244 2985 360 3030 tate
379 2976 739 3045 proximantia
767 2974 1028 3028 aemulari.
1063 2972 1127 3027 In
1154 2974 1250 3029 Itoc
1280 2991 1470 3029 navum
1496 2983 1593 3040 est,
1633 2984 1682 3028 et
1710 2976 1820 3029 sin—
1920 2975 1973 3037 5,
2014 2976 2156 3031 idem
2190 2978 2376 3033 refert.
2403 2980 2542 3047 Quid
2573 2982 2706 3037 certi
2746 2983 2800 3037 in
2835 2984 2936 3038 hac
2967 3001 3026 3041 re
3043 2984 3386 3040 statuendum
3414 2988 3490 3040 sit

244 3069 455 3138 gelare,
497 3066 782 3121 Itirsutiam
814 3066 912 3134 pili
941 3053 1175 3119 colorum
1206 3067 1340 3119 vices
1382 3066 1579 3135 facere.
1616 3058 1814 3121 Verum
1845 3124 1887 3144 η
1919 3065 2141 3121 difﬁcile
2170 3071 2295 3138 quis
2324 3079 2509 3140 posset
2547 3074 2880 3144 excogitare,
2915 3075 2999 3129 vel
3042 3075 3216 3130 solum
3246 3075 3488 3130 auctori-

241 3124 322 3226 Ia;
356 3163 414 3215 ὲν
437 3124 749 3232 προσθήκης
774 3124 928 3232 μέρει
962 3174 1071 3213 ηοη
1119 3124 1394 3230 ingratum
1440 3158 1555 3213 fore
1599 3158 1815 3213 lectori-

2187 3124 2204 3138 .
2324 3124 2346 3140 ε
2555 3124 2880 3144 ωηο-ψ--.
2929 3124 2999 3129 ---
3042 3124 3216 3130 ςη---π
3248 3124 3454 3130 *πη--

1934 3172 2023 3219 .as,
2051 3165 2105 3211 et
2135 3159 2178 3212 si
2215 3161 2361 3213 nulla
2391 3170 2534 3216 esset
2570 3165 2729 3229 ratio,
2764 3171 3043 3218 tantorum
3074 3165 3333 3229 virorum,
3362 3170 3486 3217 tan-

243 3256 351 3309 bus
383 3254 659 3308 existimo.
711 3249 767 3305 Si
818 3266 939 3320 qua:
991 3250 1154 3320 hujus
1205 3251 1452 3306 colorum
1500 3249 1815 3304 mutationis
1915 3262 2076 3318 quam
2112 3256 2321 3303 certum
2367 3260 2651 3316 statueret,
2694 3254 2960 3323 quidquid
3009 3253 3212 3308 dictum
3256 3264 3362 3311 est.
3404 3255 3487 3313 Ne

241 3359 414 3398 causa
460 3344 535 3398 sit
585 3343 995 3414 investigemus.
1044 3342 1309 3411 Superius
1361 3340 1506 3395 enim
1555 3341 1700 3411 quod
1757 3341 1812 3393 in
1913 3329 2039 3406 quid
2079 3338 2262 3408 itaque
2291 3348 2471 3395 tantos
2499 3343 2665 3406 viros,
2696 3343 2781 3397 vel
2817 3358 3005 3397 eorum
3042 3347 3339 3402 sententias
3379 3346 3485 3403 im-

241 3435 501 3505 prasenti
546 3434 614 3490 de
652 3433 903 3497 tarando,
956 3432 1022 3489 de
1071 3433 1338 3503 polypode
1370 3432 1574 3487 dictum
1626 3439 1730 3495 est,
1761 3440 1816 3486 et
1911 3443 2154 3500 pugnare
2201 3430 2503 3494 videamur,
2539 3433 2682 3487 absit
2722 3435 2846 3500 hoc,
2888 3449 3104 3503 semper
3143 3438 3320 3507 magni
3352 3436 3481 3503 feci,

243 3527 482 3582 inferius
511 3526 578 3579 de
606 3526 996 3581 chamaeleonte
1026 3526 1238 3580 dicetur
1266 3539 1429 3594 quam
1457 3524 1811 3578 mutationem
1911 3534 2126 3591 semper
2155 3522 2454 3579 admiratus
2484 3540 2603 3579 sum
2629 3540 2945 3595 magnorum
2971 3526 3206 3581 virorum
3241 3528 3480 3598 ingenia,

243 3624 444 3686 preter
497 3622 773 3670 tantorum
848 3613 1126 3669 hominum
1190 3614 1569 3667 auctoritatem
1628 3628 1811 3666 veram
1911 3610 2159 3666 dicamus
2190 3627 2379 3668 omnes
2414 3615 2466 3667 in
2499 3614 2599 3670 hac
2630 3630 2688 3670 re
2720 3631 2877 3671 veras
2903 3631 3213 3681 enarrasse,
3258 3632 3482 3672 causas-

238 3723 388 3775 csse,
422 3714 476 3763 et
522 3708 641 3779 ipsa
688 3706 1020 3777 experientia
1055 3715 1392 3775 compertum
1441 3712 1545 3760 est.
1589 3703 1654 3756 Et
1702 3704 1814 3773 pri~
1910 3720 2019 3774 que
2046 3706 2408 3770 certissimas,
2456 3707 2955 3779 concludamusque
2984 3708 3107 3764 ideo
3141 3708 3395 3780 polypum
3425 3716 3480 3763 et

238 3788 393 3856 mum
426 3798 496 3855 de
525 3800 720 3870 polypo
745 3798 1091 3863 Plutarchus,
1126 3798 1221 3852 lib.
1247 3797 1322 3851 De
1347 3798 1520 3851 causis
1550 3796 1811 3850 naturali-
1910 3794 2352 3850 chamaeleontem
2387 3796 2604 3852 deﬂuxu
2652 3806 2981 3861 atomorum,
3031 3799 3136 3854 hoc
3180 3807 3284 3862 est,
3315 3797 3478 3869 spiri-

240 3905 359 3961 ous,
419 3910 542 3966 cap.
602 3894 692 3957 l9,
738 3895 834 3957 ait,
874 3894 1127 3963 pblypum
1166 3905 1384 3946 carnem
1428 3889 1807 3954 foraminihus,
1911 3893 2087 3952 tuum,
2122 3902 2261 3956 quos
2294 3904 2630 3960 unaquaeque
2674 3905 2762 3945 res
2804 3905 2914 3959 prae
2933 3906 2993 3945 se
3016 3889 3138 3957 fert,
3179 3900 3325 3945 metu
3362 3889 3477 3945 sive

238 3987 620 4056 meatibusque
650 3984 1022 4054 compluribus
1059 3983 1371 4038 distinctam
1404 3982 1620 4047 habere,
1656 3980 1807 4036 ideo-
1909 3977 2056 4042 dolo,
2092 3980 2204 4033 sive
2233 3980 2339 4033 alio
2367 3981 2621 4050 quopiam
2656 3989 2863 4037 natura:
2890 3990 3059 4045 motu,
3093 3997 3187 4051 per
3215 3981 3478 4052 imagina‘

237 4094 347 4149 que
392 4077 607 4132 deﬂuxu
643 4087 947 4132 atomorum
983 4090 1012 4128 a
1047 4075 1272 4129 marinis
1317 4074 1465 4127 saxis
1514 4073 1579 4127 ad
1620 4088 1680 4127 se
1726 4078 1809 4125 at-
1910 4067 2109 4121 tionem
2144 4068 2329 4122 sensui
2365 4070 2707 4139 impressam,
2741 4070 2794 4124 in
2828 4084 3059 4140 corpore
3088 4069 3246 4141 quasi
3295 4087 3474 4139 aereo,

237 4181 417 4225 tracto
448 4178 791 4241 receptoque,
821 4169 889 4224 iis
931 4167 1275 4236 corpusculis
1315 4164 1501 4219 vestiri
1542 4173 1804 4219 eteorum
1907 4164 1962 4213 et
2002 4160 2358 4227 translucido,
2390 4168 2445 4215 et
2492 4160 2886 4226 transmeabili,
2919 4160 3148 4231 ideoque
3186 4161 3475 4232 aptissimo

236 4263 426 4317 colore
450 4262 876 4331 circumquaque
905 4259 1181 4331 perfundi.
1216 4258 1280 4314 Et
1318 4273 1443 4312 cum
1472 4258 1694 4328 quidam
1724 4257 1808 4311 di-
1908 4252 1975 4306 ad
2029 4252 2325 4322 quamlibet
2380 4254 2735 4308 mutationem
2789 4253 3215 4322 suscipiendam,
3280 4267 3474 4309 omnes

235 4366 448 4418 cerent,
474 4368 537 4407 ac
563 4353 853 4422 rejicerent
882 4351 1233 4405 mutationem
1264 4350 1404 4405 hanc
1431 4351 1483 4404 in
1515 4351 1803 4421 genuinam
1908 4345 2121 4400 colores
2164 4344 2468 4401 admittere.
2504 4344 2622 4399 Non
2648 4344 2829 4400 subito
2864 4344 3065 4444 multas
3092 4343 3268 4444 adhuc
3293 4342 3475 4444 .dif-

234 4446 530 4518 quamdam
574 4444 826 4499 animalis
846 4444 1124 4515 ignaviam
1157 4451 1211 4498 et
1240 4458 1518 4514 pavorem,
1554 4444 1699 4512 quod
1738 4442 1806 4499 de

1934 4437 2197 4501 icultates,
2227 4445 2280 4491 et
2312 4436 2477 4491 dubia
2537 4450 2844 4506 superesse,
2898 4435 2993 4490 sed
3049 4450 3167 4505 quae
3214 4433 3473 4490 facillimo

232 4539 624 4594 chamaeleonte
656 4537 819 4591 etiam
860 4535 1156 4589 afﬁrmarat
1190 4535 1527 4600 Aristoteles,
1566 4536 1662 4590 lib.
1729 4550 1802 4599 tv,
1906 4529 2123 4599 negotio
2144 4528 2353 4597 possint
2383 4527 2662 4597 explicari,
2681 4527 2761 4581 vel
2780 4526 2893 4581 sola
2910 4526 3013 4580 hac
3039 4533 3225 4580 nostra
3246 4524 3471 4581 conclu-

226 4630 315 4685 De
365 4640 504 4698 part.
556 4629 805 4696 animal.,
843 4626 1007 4697 capit.
1045 4627 1128 4681 il.
1182 4626 1301 4681 Prae
1349 4628 1518 4682 nimio
1571 4642 1805 4698 namque
1906 4622 2235 4691 sione,qu:e,
2255 4636 2323 4675 ne
2344 4621 2668 4690 prolixiores
2701 4619 2895 4716 simus,
2916 4616 3240 4716 omittimus,
3269 4618 3470 4716 sed‘sat

225 4732 388 4776 metu
437 4721 785 4775 multiformis
818 4721 1073 4776 efficitur.
1132 4717 1277 4774 Idem
1327 4718 1651 4774 Plutarchus
1707 4720 1801 4786 ait,
1905 4714 1957 4767 id
1984 4714 2120 4767 bene
2139 4704 3469 4811 dechamaeleon_te,_etpolypodicetquisiquid‘de

226 4815 496 4886 polypum
530 4828 639 4868 non
684 4814 1060 4883 trepidatione,
1098 4812 1189 4867 sed
1222 4826 1289 4866 ex
1329 4810 1601 4866 industria
1631 4811 1685 4865 id
1718 4810 1802 4865 fa-
1905 4806 2131 4859 tarando
2147 4820 2375 4904 corpore
2391 4804 2646 4904 crassiori
2666 4802 2808 4904 qugd
2824 4809 2878 4857 et
2900 4799 3232 4904 mirum,sed
3250 4797 3470 4904 mit-abi-

226 4921 383 4968 cere,
426 4915 479 4959 et
529 4905 631 4959 hac
676 4906 975 4961 mutatione
1011 4918 1076 4957 ac
1116 4912 1285 4965 veste,
1344 4903 1508 4957 veluti
1561 4903 1687 4958 dolo
1749 4909 1804 4957 et
1905 4900 2010 4954 lius
2038 4907 2093 4953 et
2110 4896 2473 4952 villo?dicam
2498 4894 2712 4965 quodet
2735 4893 3143 4981 Theophrastus
3163 4888 3308 4945 dicto
3326 4891 3465 4945 loco.

227 5004 644 5067 stratagemate,
676 5013 785 5051 non
820 4998 1143 5053 caventibus
1179 4996 1408 5051 insidias
1440 5003 1671 5057 struere,
1703 4993 1798 5062 libi.

1934 4990 2027 5053 ῗοτς
2058 4990 2157 5060 μὲν
2184 4990 2291 5060 γὰρ
2321 4987 2499 5049 ἄλλοις
2536 4988 2593 5040 ὲν
2625 4984 2702 5057 τῷ
2741 4984 2972 5056 δέρματι
2998 4983 3204 5089 γίνεται
3235 4984 3267 5051 ἡ
3304 4998 3473 5053 μετα-

228 5103 349 5161 quo
384 5090 604 5146 disserit
646 5091 839 5163 plusne
876 5090 1104 5145 rationis
1159 5090 1290 5146 insit
1338 5088 1671 5159 aquatilibus
1704 5086 1800 5141 be-

1934 5082 2051 5154 ολὴ,
2092 5080 2475 5151 ἀλλοιουμένης
2499 5079 2599 5149 τῆς
2630 5078 2779 5140 ἐντὸς
2806 5077 3117 5148 ὑγρότητος,
3128 5073 3260 5185 ἐἴτε
3300 5077 3468 5185 αἱμα-

228 5181 382 5245 stiis,
412 5195 574 5250 quam
613 5182 863 5236 terrenis.
896 5179 971 5234 Dc
1000 5180 1389 5234 chamaeleonte
1420 5178 1559 5233 idetn
1587 5177 1801 5231 Plutar-

1934 5175 2118 5239 ώδους,
2173 5174 2206 5245 ἢ
2258 5174 2349 5227 καί
2399 5189 2542 5236 τινος
2592 5171 2758 5240 ἄλλης
2784 5170 3036 5239 τοιαύτης
3094 5167 3293 5240 οὔσης·
3326 5167 3468 5221 ὥστε

226 5271 376 5324 chus
411 5262 632 5333 ibidem,
664 5272 813 5325 illum
839 5271 930 5333 ait,
960 5285 1025 5324 ex
1061 5278 1204 5324 metu
1242 5270 1453 5324 colores
1481 5268 1584 5322 sibi
1619 5268 1801 5337 proxi-

1934 5268 2139 5338 νανεράν
2170 5264 2429 5336 εἶναιτὴν
2471 5262 2843 5333 συμπάθειανο
2885 5264 2919 5332 ἡ
2967 5261 3023 5314 δὲ
3066 5261 3268 5332 τριχῶν
3302 5277 3470 5330 μετα-

227 5379 358 5418 tnos
420 5376 829 5432 reprtesentare.
888 5363 950 5418 D.
1011 5363 1365 5432 Augustinus,
1428 5362 1521 5414 lib.
1584 5377 1662 5423 ιι,
1723 5360 1800 5413 De

1934 5358 2049 5430 ολὴ,
2087 5356 2263 5429 ξηρῶν
2290 5373 2348 5409 τε
2376 5355 2543 5408 ὄντων
2566 5354 2658 5406 καὶ
2686 5351 3111 5421 ἀπηρτημένων,
3139 5349 3229 5402 καὶ
3268 5349 3465 5421 ἀθρόον

229 5454 521 5518 Trinitate,
574 5471 694 5526 cap.
750 5458 804 5521 Ξ,
858 5472 975 5513 eam
1025 5456 1270 5510 colorum
1334 5454 1683 5507 mutationem
1742 5454 1796 5507 in

1934 5451 1959 5503 ύ
1999 5448 2317 5518 πεφυκότων
2361 5443 2717 5507 ἀλλοιοῦσθαι,
2758 5441 3056 5514 παράδοξος
3088 5441 3321 5545 ἀληθῶς,
3356 5442 3469 5545 ,καὶ

226 5549 626 5605 chamaeleonte
679 5566 745 5604 ex
798 5550 1185 5619 imaginatione.
1235 5546 1383 5601 nasci
1445 5554 1636 5598 auctor
1690 5553 1794 5599 est.

1936 5541 2156 5604 πίθανος
2190 5540 2416 5610 μάλιστα
2449 5536 2583 5608 πρὸς
2609 5534 2777 5587 πολλά
2808 5533 3209 5606 ποικιλλομένη.
3231 5531 3471 5599 Quidni?

238 5639 523 5703 Voluntas,
555 5641 747 5711 inquit,
782 5643 924 5695 circa
956 5642 1232 5711 imaginem
1276 5638 1451 5693 sensui
1488 5640 1795 5704 impressam
1896 5632 2015 5687 Non
2052 5648 2241 5687 vereor
2273 5632 2325 5686 id
2357 5629 2514 5683 fateri
2543 5626 2711 5681 Deum
2750 5626 2953 5696 aliquid
2985 5642 3147 5698 posse
3177 5633 3467 5696 praestare,

220 5743 436 5789 tantum
476 5735 577 5791 vim
617 5735 789 5793 habet.
830 5742 885 5786 ut
919 5729 962 5786 si
992 5733 1276 5804 admodum
1301 5729 1539 5810 ⁸ι’έοιςῖιιιι
1580 5728 1670 5805 sit,
1694 5728 1797 5806 ubi
1838 5802 1846 5805 ἡ
1898 5729 2055 5801 cujus
2091 5741 2192 5798 ego
2215 5740 2413 5782 causas
2438 5738 2549 5781 non
2574 5735 2845 5791 assequar.
