3924 6968
451 244 455 248 ’
532 271 640 328 9:35

1873 274 2117 332 LEONIS
2155 275 2429 334 ALLATII
3620 304 3704 358 956

609 389 771 456 Ibid.,
803 391 898 447 lin.
943 390 1030 446 46.
1060 391 1292 462 Ὁμοίως
1317 389 1386 445 δὲ
1399 391 1496 446 καὶ
1519 395 1552 448 ὁ
1577 394 1929 462 χαμαιλέων.
1961 393 2093 448 Cha-

2203 392 2323 446 οΰτε
2347 397 2593 467 ὁρᾶσθαι,
2620 397 2741 452 οὔτε
2770 401 3139 472 γνωρίζεσθαι.
3171 407 3398 463 κλέπτει
3423 411 3521 485 γὰρ
3551 415 3705 472 tanta:

535 483 873 538 maeleontem
905 481 1242 546 Aristoteles,
1285 483 1378 539 lib.
1416 499 1452 538 ιι
1489 484 1565 539 De
1597 486 1722 539 hist.
1756 486 1945 550 anim.,
1977 500 2096 556 cap.

537 573 626 639 11,
661 575 951 647 descripsit
979 577 1118 644 fuse,
1151 586 1204 633 et
1246 578 1473 643 Plinius,
1515 580 1609 636 lib.
1642 595 1759 641 vui,
1786 593 1834 631 c.
1867 578 1965 632 5'5:
2004 577 2100 630 Fi-

534 683 671 738 gura
716 679 766 723 et
809 672 1114 740 magnitudo
1158 680 1273 726 erat
1316 677 1527 726 lacerta!
1576 673 1678 726 nisi
1728 689 1886 724 crura
1929 681 2100 725 essent

535 772 678 818 recta
700 772 748 817 et
780 765 1088 828 excelsiora,
1122 765 1292 820 latera
1314 767 1478 819 ventri
1497 765 1816 836 junguntur,
1843 773 1901 818 ut
1941 765 2101 834 pisci-

536 856 653 919 bus,
697 865 745 910 et
789 856 941 924 spina
982 856 1146 908 simili
1189 855 1383 918 modo;
1410 856 1598 908 eminet
1641 864 1892 920 rostrum,
1945 865 2002 907 ut
2045 855 2098 908 in

532 963 691 1016 parvo
719 946 859 999 haud
881 947 1118 1001 absimile
1139 947 1317 1010 suillo,
1341 947 1512 1000 cauda
1539 945 1808 1016 prcelonga
1839 945 1892 998 in
1933 947 2099 999 tenui-

536 1050 694 1094 tatem
735 1040 996 1100 desinens,
1039 1048 1087 1092 et
1131 1039 1409 1107 implicans
1459 1053 1512 1090 se
1564 1037 1814 1104 viperinis
1839 1038 2096 1100 orbibus;

534 1148 730 1202 ungues
773 1131 1006 1189 adunci;
1035 1140 1204 1182 motus
1247 1127 1471 1191 tardior,
1499 1137 1556 1180 ut
1601 1129 1886 1192 testudini;
1910 1145 2097 1196 corpus

535 1239 776 1290 asperum
799 1237 890 1276 ceu
929 1222 1232 1276 crocodilo:
1264 1222 1402 1274 oculi
1438 1222 1492 1274 in
1538 1237 1743 1275 recessu
1789 1238 1914 1276 cavo
1958 1225 2100 1275 tenui

533 1315 834 1368 discrimine
877 1314 1231 1384 pra’grandes,
1273 1323 1321 1367 et
1365 1314 1571 1382 corpori
1601 1313 1930 1376 concolores;
1965 1330 2097 1366 nun-

533 1423 690 1477 quam
717 1423 803 1460 eos
838 1407 1048 1475 operit:
1078 1421 1168 1458 nec
1198 1405 1412 1473 pupilla:
1443 1416 1605 1471 motu,
1641 1404 1729 1457 sed
1772 1405 1930 1458 totius
1961 1405 2099 1458 oculi

534 1500 765 1551 versione
788 1497 1158 1566 circumspicit.
1193 1496 1311 1564 Ipse
1348 1497 1517 1551 celsus
1546 1497 1716 1550 hianti
1749 1513 1950 1567 semper
1987 1514 2093 1552 ore.

535 1589 742 1644 Mutare
796 1589 1029 1644 colorem
1075 1589 1242 1644 refert
1271 1589 1590 1644 Aristoteles
1621 1589 1740 1644 loco
1777 1589 1832 1642 d.
1860 1598 1914 1644 et
1943 1588 1999 1655 2,
2044 1598 2098 1645 et

531 1679 622 1733 hic
667 1678 896 1743 Plinius,
944 1677 1215 1744 Elianus,
1261 1677 1581 1733 Plutarchus
1625 1679 1677 1732 in
1741 1677 1985 1750 ngpos.
2043 1687 2097 1735 et

2201 486 2416 540 πλανῶν
2448 505 2506 539 τε
2537 487 2650 558 ἅμα
2692 491 2784 544 καὶ
2815 495 3170 568 παρατρέπων
3199 499 3294 571 τὴν
3327 501 3426 554 τῶν
3463 506 3706 576 ὁρωμένων

2200 575 2339 644 bim.
2397 578 2459 630 El
2511 580 2620 650 γὰρ
2669 583 2986 655 παρατύχῃς
3041 587 3228 656 μέλανι
3287 590 3347 642 τὸ
3401 575 3624 658 εἶδος,γό
3665 601 3709 654 δὲ

2201 667 2452 738 ἐξέτρεψε
2483 671 2540 722 τὺ
2574 671 2844 743 μόρφωμα
2876 677 2950 739 εἰς
2994 677 3320 751 χλωρότητα,
3352 681 3524 748 ὥσπερ
3551 683 3611 757 ἦν
3635 707 3708 758 με-

2199 762 2656 832 ταμψιεσάμενος.
2683 760 2816 818 Εἶτα
2849 767 3028 836 μέντοι
3057 769 3259 834 ἀλλοῖος
3277 773 3437 844 ἐφάνη
3463 774 3710 849 λευκότητι

2200 851 2416 915 ὑποδὺς,
2450 855 2695 926 καθάπερ
2728 863 3066 928 προσωπεῖον
3097 863 3295 935 ἕτερον,
3334 866 3365 936 ἢ
3405 868 3578 939 στολὴν
3609 872 3710 924 ὑπο-

2199 943 2390 1014 κριτὴς
2431 945 2612 1016 ἄλλην.
2668 946 2878 1004 Plinius
2921 952 3040 1006 solo
3069 968 3192 1009 aere
3235 971 3332 1010 nec
3389 958 3488 1011 alio
3517 961 3624 1014 cibo
3657 965 3708 1016 ali

2200 1031 2303 1086 hoc
2347 1034 2547 1087 animal
2585 1036 2825 1090 tradidit.
2868 1036 2988 1105 Ipse
3015 1040 3185 1094 celsus
3219 1042 3384 1097 hianti
3417 1063 3597 1116 semper
3624 1069 3708 1111 ore.

2199 1123 2344 1177 solus
2387 1126 2693 1178 animalium
2733 1144 2824 1181 nec
2858 1129 2993 1192 cibo,
3026 1148 3117 1184 nec
3152 1143 3274 1198 potu
3315 1135 3487 1199 alitur,
3521 1155 3599 1191 nec
3629 1143 3712 1193 alio

2197 1233 2356 1284 quam
2403 1219 2538 1274 aeris
2587 1219 2856 1274 alimento.
2914 1221 3031 1276 Hoc
3072 1232 3252 1278 tamen
3299 1225 3484 1281 falsum
3525 1246 3629 1286 esse
3653 1238 3712 1286 ait

2197 1305 2523 1363 Franciscus
2572 1309 2826 1366 Sanctius
2871 1310 3230 1368 Commentar.
3284 1317 3336 1368 in
3385 1317 3710 1385 Emblem.

2197 1401 2417 1465 Alciati,
2451 1411 2503 1456 et
2528 1405 2712 1458 venari
2745 1421 2986 1473 muscas,
3023 1408 3346 1472 scarabaaos,
3372 1411 3606 1477 locustas,
3631 1415 3712 1467 lor-

2196 1493 2388 1556 micas,
2430 1506 2483 1549 et
2515 1495 2620 1550 alia
2670 1495 2877 1551 insecta
2928 1499 3134 1568 quibus
3189 1504 3449 1571 praicipue
3495 1508 3710 1560 vescitur.

2195 1581 2432 1640 Jacobus
2492 1573 2873 1658 Dalecampius
2924 1599 3118 1646 annot.
3171 1592 3226 1646 in
3254 1591 3409 1648 Plinii
3452 1595 3608 1650 locum
3647 1599 3709 1656 d..

2199 1677 2450 1744 Quamvis
2477 1679 2668 1747 famem
2700 1682 2892 1737 multos
2924 1700 3128 1739 menses
3154 1685 3353 1750 toleret,
3381 1687 3546 1756 lingua
3572 1699 3710 1743 tamen

531 1779 886 1824 commentar.
936 1767 1012 1822 De
1062 1769 1400 1834 adulatione;
1450 1767 1740 1840 Gregorius
1777 1769 2031 1826 Nazianz.
2064 1771 2089 1825 1
2126 1739 2168 1795 Β
2197 1767 2603 1836 sesquipalmum
2653 1769 2804 1839 longa
2857 1781 3078 1838 exerta,
3133 1790 3195 1826 ac
3237 1774 3468 1840 vibrata,
3509 1795 3711 1849 niueoque

531 1861 800 1914 invectiva
831 1861 882 1914 in
910 1859 1187 1914 lulianum
1213 1860 1581 1932 ;Auguslinus
1611 1862 1701 1915 lib.
1737 1877 1775 1916 ιι
1808 1861 1886 1916 De
1921 1863 2098 1916 Trini-

531 1963 657 2015 tate,
696 1967 811 2022 cap.
861 1953 928 2018 2;
954 1951 1216 2014 Isidorus,
1247 1953 1343 2008 lib.
1379 1968 1440 2016 ιι,
1477 1968 1598 2023 cap.
1629 1953 1696 2018 2;
1727 1952 2095 2009 Tertullianus

529 2043 624 2098 lib.
662 2042 738 2096 De
768 2043 954 2112 pallio,
981 2051 1035 2098 et
1066 2041 1314 2099 Justinus
1341 2053 1564 2115 martyr,
1599 2046 1766 2114 Epist.
1800 2045 1868 2097 ad
1898 2043 2096 2098 Zenam

528 2143 579 2188 et
606 2132 874 2188 Serenum.
918 2135 976 2188 '0
1013 2133 1069 2187 δὲ
1096 2134 1188 2188 νῦν
1214 2135 1310 2206 μὲν
1338 2133 1514 2206 ὠχρὸς
1533 2175 1546 2199 ,
1580 2131 1697 2190 εἶτα
1723 2137 1968 2208 ἐρυθρός.
2006 2134 2096 2207 Τῷ

527 2227 584 2280 δὲ
645 2227 971 2298 συγκρίματι
1021 2227 1114 2280 τοῦ
1156 2226 1405 2298 σώματος
1453 2226 1887 2299 ποικιλλόμενος,
1943 2221 2097 2291 οὗτος

527 2315 718 2388 ὥσπερ
761 2317 1069 2387 χαμαιλέων
1115 2319 1172 2369 ὲν
1203 2316 1280 2388 τῷ
1327 2316 1588 2380 καύσωνι,
1634 2319 1727 2371 καὶ
1774 2321 1839 2390 τῇ
1891 2319 2097 2391 ἐρημίᾳ

529 2411 854 2479 περινοστεῖ,
888 2417 942 2463 ct
971 2408 1292 2464 Theodorus
1331 2409 1616 2466 Tarsensis
1659 2411 1799 2482 apud
1843 2409 2095 2466 Photium

529 2502 586 2554 in
614 2500 867 2556 Biblioth.
911 2501 1235 2571 Χαμαιλέων
1261 2501 1321 2554 τὸ
1355 2501 1492 2565 ζῶον
1530 2504 1608 2566 εἰς
1635 2502 1805 2555 πολλὰ
1833 2503 2095 2574 χρώματα

526 2591 588 2646 τὸ
632 2591 789 2661 σῶμα
836 2574 1177 2669 μεταϐαλλει,
1226 2593 1318 2646 καὶ
1355 2593 1592 2656 τοιοῦτος
1617 2594 1858 2662 φαίνεται
1895 2589 2004 2648 οἷον
2034 2595 2095 2648 τὸ

527 2683 820 2753 πλησιάζον
841 2685 934 2736 καὶ
951 2683 1350 2754 παρακείμενον
1379 2684 1526 2755 αύτῷ
1551 2683 1651 2738 κᾶν
1675 2684 1846 2750 ξύλον,
1881 2686 1982 2739 κᾶν
2013 2686 2094 2738 λί-

528 2771 640 2837 Θος,
659 2773 760 2825 κᾶν
779 2773 807 2826 ὃ
833 2789 884 2826 τι
915 2773 1149 2830 τοιοῦτον
1262 2775 1405 2846 Πρὸς
1421 2775 1528 2846 γὰρ
1544 2775 1640 2846 τὴν
1666 2778 1875 2831 ἐκείνου
1907 2778 2094 2850 χροιὰν

528 2865 818 2937 ἀρμολογεῖ
849 2865 946 2935 τὴν
978 2865 1193 2932 ἑαυτοῦ,
1218 2874 1272 2922 et
1305 2868 1607 2938 Antigonus
1641 2867 1944 2939 Carystius,
1969 2885 2088 2941 cap.

524 2957 616 3021 30,
637 2956 845 3010 Γίνεται
879 2956 933 3008 δὲ
959 2957 1154 3009 ταύτὸν
1186 2957 1280 3010 καὶ
1312 2957 1438 3026 περὶ
1466 2957 1554 3011 τὸν
1578 2959 1954 3029 χαμαιλέοντα.
1983 2961 2093 3014 Καὶ

2195 1857 2381 1924 oblita,
2406 1859 2660 1927 locustas,
2686 1861 2960 1929 formicas,
2991 1881 3204 1918 muscas
3232 1867 3514 1921 scarabceos
3556 1881 3598 1922 et
3623 1874 3708 1923 alia

2193 1949 2393 2004 insecta
2419 1952 2604 2021 quibus
2626 1956 2868 2020 vescitur,
2903 1959 3146 2024 corripit,
3175 1960 3376 2021 retinet,
3413 1959 3477 2012 ad
3507 1977 3556 2014 se
3574 1963 3711 2015 addu-

2193 2044 2284 2098 cit.
2318 2042 2575 2099 Brodaaus
2609 2060 2728 2116 cap.
2760 2045 2849 2110 2i,
2879 2047 2976 2100 lib.
3007 2064 3085 2112 vr,
3115 2047 3480 2120 Theophrasto
3527 2061 3710 2106 auctore

2194 2149 2384 2204 parum
2435 2135 2608 2200 abest,
2648 2130 2782 2206 quin
2829 2138 3015 2206 pulmo
3058 2147 3232 2192 totum
3280 2156 3470 2210 corpus
3513 2143 3708 2212 impleat,

2195 2223 2426 2295 ideoque
2453 2224 2583 2278 dum
2613 2240 2800 2279 auram
2849 2236 3035 2296 captat
3059 2238 3112 2283 et
3146 2238 3484 2284 consectatur
3521 2234 3708 2293 avidius,

2193 2329 2256 2370 ea
2283 2315 2464 2369 vivere
2495 2317 2611 2370 sola
2636 2319 2984 2372 crediderunt
3024 2319 3181 2373 multi
3207 2340 3218 2374 :
3245 2322 3385 2390 quod
3419 2330 3469 2376 et
3495 2322 3712 2376 Plinianze

2193 2407 2465 2476 opinionis
2497 2407 2669 2478 origo.
2713 2405 2951 2463 Joannes
2987 2409 3238 2466 Landius
3285 2413 3338 2466 in
3378 2413 3550 2467 ultima
3586 2414 3708 2485 Syria

2194 2511 2315 2551 cum
2348 2506 2513 2564 esset,
2545 2499 2640 2563 ait,
2695 2514 2754 2554 se
2797 2499 2996 2556 vidisse
3049 2518 3220 2556 unum
3270 2520 3300 2558 e
3335 2505 3558 2574 quinque
3601 2523 3710 2574 quos

2193 2599 2396 2644 emerat
2437 2591 2894 2648 channeleonibus
2949 2593 3153 2664 linguae
3201 2599 3474 2664 repentino
3512 2614 3709 2652 momen-

2193 2688 2459 2752 taneoque
2495 2682 2735 2752 jaculalu
2778 2699 3025 2740 muscam
3077 2703 3201 2757 quae
3239 2689 3292 2743 in
3342 2691 3456 2758 ejus
3489 2699 3708 2758 essetpe-

2193 2774 2330 2828 ctori
2363 2775 2576 2845 legisse.
2611 2773 2900 2846 Pr0pterea
2932 2778 3084 2834 illius
3115 2794 3146 2831 a
3177 2795 3234 2833 se
3263 2779 3473 2836 dissecti
3514 2783 3704 2853 linguam

2193 2865 2452 2919 narrabat
2491 2866 2760 2920 inventam
2791 2868 2954 2938 palmi
2987 2869 3353 2940 longitudine,
3387 2888 3577 2937 cavam,
3615 2876 3702 2926 ina~

2195 2973 2339 3021 nem,
2385 2959 2440 3011 in
2485 2974 2698 3014 summa
2733 2969 2988 3030 tanquam
3041 2964 3381 3017 acetabulum
3424 2979 3536 3017 cum
3561 2979 3702 3018 muco.

525 3049 636 3120 γὰρ
660 3051 770 3112 τοῖς
802 3047 1071 3117 στελέχεσι
1111 3049 1218 3102 τῶν
1263 3048 1512 3121 δένδρων,
1556 3051 1650 3103 καὶ
1692 3053 1804 3116 τοῖς
1854 3051 2090 3122 φύλλοις,

2195 3064 2302 3119 quo
2344 3049 2579 3120 prmdam
2630 3053 2864 3108 tolleret.
2909 3053 3094 3110 Julius
3131 3055 3369 3124 Scaliger
3415 3071 3580 3111 exere.
3629 3055 3707 3109 l9t5

527 3141 623 3194 καὶ
645 3143 710 3212 τῇ
740 3145 808 3212 γῇ
845 3141 932 3194 τὸν
967 3141 1125 3194 αὑτὸν
1151 3141 1348 3212 τρόπον
1383 3143 1580 3198 ἅπαντι
1620 3145 1770 3216 τόπῳ
1814 3163 2092 3217 συμμετα-

527 3232 711 3287 ϐάλλει
739 3234 836 3305 τὴν
867 3236 1070 3306 χροιάν.
1102 3234 1421 3292 Aristoteles
1450 3236 1525 3289 ait
1545 3238 1745 3291 mutari
1769 3237 2005 3292 colorem
2039 3238 2092 3293 in

527 3335 640 3382 toto
663 3341 911 3397 corpore,
950 3343 1072 3380 nam
1117 3336 1170 3383 et
1199 3329 1340 3383 oculi
1373 3330 1690 3385 concolores
1735 3331 1942 3400 reliquo
1972 3347 2096 3386 cor-

528 3424 647 3491 pori
685 3422 1007 3486 redduntur,
1037 3429 1090 3476 ct
1128 3421 1298 3476 cauda
1329 3423 1578 3478 eumdem
1604 3423 1839 3478 colorem
1871 3425 2087 3495 accipit.

527 3510 759 3577 Plinius,
783 3522 836 3567 et
855 3513 1052 3569 coloris
1079 3523 1270 3567 natura
1305 3515 1633 3581 mutabilior,
1664 3523 1835 3569 mutat
1857 3531 2091 3586 namque

527 3619 651 3658 eum
685 3605 934 3669 subinde,
959 3613 1012 3661 et
1044 3607 1239 3671 oculis,
1277 3614 1330 3660 et
1371 3608 1566 3671 cauda,
1597 3617 1651 3662 et
1689 3615 1803 3661 toto
1838 3622 2086 3678 corpore.

527 3691 959 3764 Theophrastus,
1013 3695 1104 3749 lib.
1161 3695 1291 3764 Περὶ
1320 3694 1438 3750 τῶν
1457 3699 1954 3766 μεταϐαλλόντων
1976 3698 2092 3767 τὴν

527 3785 719 3854 χρόαν
762 3799 974 3855 semper
1021 3786 1247 3842 reddere
1281 3803 1656 3858 quemcunque
1687 3789 1925 3860 attigerit
1954 3805 2092 3859 pra:-

530 3883 614 3932 ter
645 3877 891 3943 rubrum,
926 3879 1346 3949 candidumque,
1389 3881 1724 3934 Μεταὸάλλει
1756 3882 1812 3934 δὲ
1836 3883 1863 3933 ὁ
1892 3900 2090 3954 χαμαι-

528 3967 666 4020 λέων
703 3970 782 4032 ei;
825 3970 998 4022 πάντα
1038 3969 1106 4023 τὰ
1146 3971 1443 4042 χρώματα⁶
1475 3973 1610 4044 πλὴν
1644 3974 1743 4045 τὴν
1769 3975 1846 4037 εἰς
1870 3975 1930 4027 τὸ
1966 3975 2089 4027 λευο

530 4056 624 4111 κδν
656 4060 750 4111 καὶ
797 4060 858 4112 τὸ
904 4059 1129 4133 ἐρυθρὸν
1163 4064 1223 4116 ού
1269 4064 1478 4134 δέχεται
1523 4065 1840 4137 μεταϐολήν.
1877 4067 1984 4119 Καὶ
2029 4067 2088 4119 οὔ

530 4153 665 4224 πρὸς
694 4152 765 4206 τὰ
806 4155 1180 4225 παρακείμενα
1231 4157 1388 4226 μόνον
1432 4156 1696 4227 χρώματα
1750 4157 2088 4228 μεταϐάλλει,

528 4243 665 4298 ἀλλὰ
716 4247 810 4298 καὶ
837 4247 998 4310 αὐτὸς
1045 4248 1164 4301 καθ’
1194 4249 1402 4312 ἑαυτὸν,
1447 4250 1540 4303 ὲάν
1565 4267 1648 4316 τις
1691 4254 1848 4322 μόνον
1889 4251 2091 4323 ἅψηται

528 4339 714 4404 αὐτοῦ,
745 4338 804 4391 τὸ
831 4340 1025 4410 χρῶμα
1059 4342 1397 4411 μεταῦἁλλει.
1436 4343 1632 4398 Eadem
1676 4344 1835 4399 habet
1859 4345 2087 4409 Plinius,

2196 3143 2256 3196 in
2286 3141 2617 3211 Cardanum,
2653 3162 2708 3199 n.
2742 3145 2796 3211 4,
2826 3146 2918 3215 qui
2953 3157 3008 3200 ct
3036 3149 3215 3202 multa
3244 3149 3346 3200 alia
3379 3163 3491 3217 qua:
3519 3162 3707 3216 sequun-

2195 3243 2283 3288 tur
2329 3236 2395 3291 de
2448 3236 2642 3300 forma,
2677 3239 2859 3292 colore
2910 3237 3148 3308 ejusque
3189 3241 3498 3304 mutatione,
3542 3241 3644 3293 item
3681 3254 3705 3289 a

2192 3326 2391 3396 quibus
2425 3327 2676 3381 vincatur
2711 3329 3006 3394 coloribus,
3045 3346 3075 3382 a
3115 3331 3318 3402 quibus
3346 3347 3466 3395 non,
3491 3346 3517 3384 a
3545 3328 3705 3383 Landio

2193 3419 2408 3488 accipit.
2445 3419 2646 3473 Mirum
2688 3428 2772 3474 est
2821 3421 2964 3491 quod
3009 3421 3079 3477 de
3113 3423 3505 3478 chamaeleontis
3543 3423 3586 3476 in
3617 3437 3703 3474 ser-

2192 3521 2380 3580 pentes
2404 3509 2528 3564 odio
2559 3519 2747 3565 narrat
2775 3509 3015 3584 Scaliger
3046 3512 3200 3567 dicto
3234 3515 3269 3566 l.
3306 3512 3361 3567 Is
3386 3528 3446 3566 ea:
3466 3513 3559 3565 illis
3578 3526 3702 3564 unum

2191 3604 2481 3673 quempiam
2504 3607 2798 3672 speculatus
2831 3605 2886 3658 in
2919 3605 3112 3660 umbra
3146 3617 3436 3676 captantem
3458 3622 3613 3667 auras,
3631 3613 3698 3654 est

2189 3696 2244 3748 in
2285 3697 2449 3750 radiis
2491 3699 2832 3766 apricantem,
2863 3698 2915 3751 in
2945 3714 3060 3750 eam
3097 3700 3308 3752 scandit
3351 3699 3584 3760 arborem,
3615 3710 3702 3762 quia

2191 3787 2272 3839 illi
2305 3788 2537 3842 imminet
2565 3803 2582 3840 :
2619 3789 2752 3842 unde
2789 3804 2852 3842 ea:
2885 3805 2973 3843 ore
3003 3790 3159 3858 [ilum
3193 3791 3414 3845 demittit
3443 3802 3697 3842 araneorum

2192 3894 2354 3943 more,
2410 3879 2465 3932 in
2515 3879 2667 3941 cuius
2715 3880 2795 3948 ﬁli
2819 3885 3063 3933 "extremo
3094 3882 3303 3952 guttula
3337 3882 3423 3945 sit,
3450 3877 3698 3948 margarita:

2191 3973 2484 4042 splendore,
2514 3992 2576 4028 ea
2609 3985 2804 4028 tactum
2827 3978 2879 4029 in
2907 3979 3094 4030 vertice
3116 3988 3400 4047 serpentem
3426 3978 3561 4030 mori.
3587 3972 3694 4026 Illud

2189 4068 2348 4118 etiam
2378 4066 2746 4120 admirabilius
2785 4069 2830 4121 si
2878 4068 2944 4120 ad
2976 4070 3404 4136 perpendiculum
3434 4073 3619 4136 nequeat
3644 4065 3694 4131 ﬁ-

2193 4157 2299 4209 lum
2332 4156 2640 4210 demittere:
2673 4159 2807 4226 quod
2866 4160 3036 4212 minus
3082 4161 3408 4213 adamussim
3444 4155 3692 4225 respondeat

2193 4268 2392 4314 ramus,
2431 4254 2484 4304 in
2529 4269 2628 4320 quo
2661 4264 2736 4305 est
2764 4253 2999 4321 inferiori
3040 4253 3156 4307 loco
3190 4255 3279 4307 ubi
3314 4253 3460 4306 cubat
3494 4263 3688 4316 serpens.

2192 4344 2267 4396 ita
2313 4344 2462 4413 ﬁlum
2495 4347 2748 4414 corrigere
2790 4345 3002 4412 pedibus
3034 4347 3409 4408 (interioribus,
3447 4354 3578 4411 atque
3609 4337 3691 4405 ejus

529 4429 875 4492 Plutarchus,
911 4431 1004 4485 lib.
1065 4431 1142 4484 De
1189 4431 1533 4502 dignoscendo
1577 4435 1744 4487 amico
1787 4433 1850 4487 ab
1898 4419 2094 4486 adula:
2124 4429 2168 4482 D
2196 4446 2418 4491 tractum
2455 4448 2760 4506 temperare,
2792 4450 2845 4490 ut
2889 4438 2956 4490 ad
2987 4438 3180 4492 lineam
3213 4441 3364 4509 quasi
3387 4437 3595 4490 catheton
3627 4431 3693 4480 de-

530 4534 660 4587 tore,
693 4531 748 4576 et
781 4521 1023 4588 Solinus,
1064 4522 1323 4594 Polyhist.
1352 4540 1472 4594 cap.
1510 4525 1600 4591 4⁸5,
1637 4526 1776 4580 idem
1821 4526 2082 4581 sentiunt.

527 4615 680 4670 Phile
700 4615 969 4671 inlambis
995 4617 1244 4672 concedit
1269 4619 1491 4672 rubrum
1517 4620 1772 4682 colorem,
1797 4619 2085 4674 candidum

527 4714 690 4778 negat
722 4724 736 4762 :

596 4843 957 4915 Χαμαιλέων,
982 4844 1276 4915 κράτιστε,
1307 4846 1415 4900 τὸν
1445 4845 1636 4915 χρῶτα
1671 4847 1886 4914 τρέπει.

597 4914 828 4986 Σαῦρος
851 4915 960 4984 γὰρ
979 4914 1063 4969 ὢν
1087 4916 1368 4984 ἄντικρυς
1398 4914 1506 4970 οὺὶι
1536 4918 1658 4986 ἔχει
1689 4919 1894 4984 τρίχας

599 4985 709 5056 K9!
734 4985 848 5039 νῦν
871 4987 988 5056 μὲν
1013 4987 1222 5056 ὠχρὸς,
1258 4987 1374 5040 νῦν
1407 4987 1474 5040 δὲ
1498 4985 1670 5054 φαιὸς
1692 4989 1912 5056 γίνεται
1930 5027 1944 5053 ,

600 5051 743 5111 Elea
767 5051 1070 5122 πελιδνὸς,
1083 5051 1216 5110 εἶτα
1237 5057 1434 5124 κιρῤὸς
1462 5051 1545 5122 εἷς
1573 5051 1781 5122 βάθος.

599 5127 708 5181 Καὶ
740 5126 857 5180 νῦν
886 5126 1149 5197 ἐρυθρὸς,
1168 5127 1280 5197 καὶ
1306 5129 1635 5197 παραυτίκα
1654 5127 1863 5197 μέλας,

599 5197 706 5252 Kal
741 5199 979 5263 στικτός
1011 5195 1086 5250 ἂν
1112 5195 1339 5266 γένοιτο
1375 5195 1667 5264 δορκάδος
1691 5198 1886 5264 δίκην.

597 5269 705 5322 Καὶ
745 5269 964 5334 ξανθὸς
995 5267 1072 5321 ἂν
1104 5268 1354 5336 φαίνοιό
1383 5267 1503 5328 ὅδε,
1546 5267 1805 5335 καθάπερ
1838 5267 2010 5321 λέων.

599 5339 760 5392 Οὕτω
787 5337 854 5391 δὲ
886 5337 1156 5406 σώματος
1193 5337 1351 5391 τοῦδ’
1378 5338 1836 5402 ἀλλοιουμένου,

603 5410 672 5462 Τὸ
701 5409 921 5462 λευκὸν
948 5410 1250 5478 ἠγνόησεν
1283 5409 1322 5476 ἡ
1353 5410 1535 5478 φύσις
1560 5410 1770 5477 μόνον.

527 5520 800 5585 Ᾱζιὶιιιιιιε,
831 5521 926 5577 lib.
962 5536 1094 5585 ωιιι,
1157 5519 1235 5574 De
1276 5521 1462 5576 histor.
1511 5520 1730 5576 animal.
1757 5563 1772 5589 ,
1825 5537 1944 5592 cap.
1996 5503 2096 5586 M,

526 5612 688 5668 etiam
707 5611 920 5667 candidi
944 5612 1142 5667 coloris
1167 5617 1518 5696 mutationem
1536 5614 1589 5668 in
1611 5629 1676 5668 eo
1702 5613 1953 5669 admittit.
1977 5613 2088 5668 Χα-

528 5703 763 5778 μαιλέων
794 5703 854 5756 τὸ
896 5703 1036 5772 ζῶον
1080 5707 1160 5768 εἰς
1211 5703 1346 5758 ἰδίαν
1389 5705 1516 5778 μίαν
1545 5706 1710 5776 χρόαν
1739 5706 1801 5760 οὐ
1845 5706 2084 5776 πέφυκεν

2193 4533 2348 4584 scend
2353 4542 2426 4584 at.

2264 4623 2421 4688 lbid.,
2451 4624 2546 4678 lin.
2587 4624 2672 4677 49.
2719 4623 2926 4676 Δειλον
2957 4622 2994 4689 ἡ
3029 4624 3272 4692 ἔλαφος.
3296 4620 3527 4678 Aristot.,
3552 4616 3624 4668 lib.
3651 4625 3687 4662 ιι

2197 4715 2272 4770 De
2301 4717 2426 4772 hist.
2459 4717 2644 4775 anim..
2682 4731 2730 4768 c.
2780 4715 2830 4776 l,
2877 4730 3067 4768 cervos
3129 4716 3272 4769 inter
3302 4709 3536 4766 animalia
3576 4706 3683 4769 ingr-

2195 4810 2348 4863 niosa
2377 4816 2430 4862 et
2467 4808 2652 4860 timida
2689 4814 3027 4861 annumerat.
3060 4804 3338 4874 Oopiauus
3361 4795 3687 4870 Κυνηγετιιὶὺ·

2197 4917 2256 4965 ιι,
2287 4900 2362 4954 De
2393 4901 2552 4953 cereis
2586 4915 2602 4952 :

2207 5035 2491 5104 Ἀϐληχρὴ
2522 5034 2757 5101 nuncii",
2786 5033 2881 5086 καὶ
2912 5034 3092 5101 θυμὸς
3124 5028 3606 5104 ἔσωθεν-ἀναθείς.

2194 5106 2300 5158 Καὶ
2350 5098 2834 5172 regigni—uenisse)»
2877 5098 3078 5171 αιχλιαὶ
3117 5104 3299 5155 τόσον
3329 5098 3680 5153 ancella-WW-

2187 5178 2416 5228 Οὗίτοτε
2444 5175 2552 5241 γὰρ
2581 5175 2916 5242 κεφαλῆφιν
2944 5174 3186 5226 ἐναντιά
3215 5172 3558 5242 δηρίσαιντο.

2197 5249 2276 5298 Οὐ
2305 5240 2479 5312 θηρσὶ
2507 5240 2826 5311 κρατεροῖς,
2858 5246 2968 5296 οὐκ
2997 5243 3334 5310 ἀργαλέοισι
3363 5240 3630 5312 numerati,

2188 5315 2322 5368 Οὐδ’
2357 5314 2556 5378 αὐτοῖς
2592 5314 2808 5379 δειλοῖς
2835 5313 3292 5382 λασιοκνιὶμοισι
3320 5313 3562 5377 λαγωοις.

2193 5430 2370 5495 Quare
2400 5437 2453 5483 et
2485 5444 2767 5482 cervorum
2809 5428 3072 5481 timiditas
3114 5429 3166 5480 in
3211 5422 3528 5496 proverbium
3558 5410 3678 5475 γυιιτι

2194 5521 2343 5583 abiit,
2374 5521 2618 5589 ὲλάςρειος
2661 5519 2818 5590 ἀνὴρ,
2850 5519 2941 5571 ἐπὶ
2988 5518 3080 5570 τοῦ
3113 5516 3282 5570 δειλοῦ
3324 5517 3384 5567 ἐκ
3426 5501 3675 5581 μεταφορᾶς

2191 5612 2285 5665 τοῦ
2314 5611 2449 5675 ζῴου
2474 5626 2486 5638 ’
2545 5609 2714 5662 δειλὸν
2759 5609 2867 5680 γὰρ
2908 5610 2940 5680 ἡ
2984 5607 3205 5678 ἔλαφος,
3251 5602 3434 5690 Suidas
3467 5606 3512 5652 et
3539 5592 3674 5646 Ζριιυ·

2193 5705 2335 5761 bius.
2382 5703 2550 5769 Unde,
2594 5713 2648 5759 et
2694 5702 3080 5773 Agamemnoni
3129 5698 3268 5772 apud
3313 5697 3567 5751 Homerum
3604 5693 3677 5734 cx-
