1962 3484
146 126 197 158 937

639 126 672 159 IN
692 127 876 160 EUSTATIIII
898 129 1136 161 HEXAEMERON
1155 131 1270 163 ΝΟΤίΕ.

1714 139 1767 167 958

142 187 290 223 probfalur
306 187 404 220 Κυνὸς
429 187 531 223 ὄμματ’
551 188 795 223 ἔχειν,·κραδίην
813 189 839 216 δ’
857 189 922 216 ἐλά-

980 190 1014 216 At
1030 189 1187 218 Eustathius
1203 199 1257 218 non
1275 191 1395 219 anhelitu
1412 192 1459 219 sed
1473 192 1569 219 attritu
1583 201 1716 222 cornuum
1734 198 1767 224 ad

142 242 221 269 φοιο.
240 233 351 263 Boetius
371 234 409 261 De
421 234 600 262 consolatione
613 235 709 270 philos.
724 235 743 262 I.
761 243 798 267 ιν,
817 243 876 270 pro.
890 236 907 263 5
920 245 927 262 :

142 280 261 308 Pavidus
277 288 310 307 ac
329 281 410 315 fugax
428 289 483 307 non
509 280 653 308 metuenda
680 281 810 308 formidat
830 290 836 308 :
857 282 930 308 cervi

143 326 244 354 similis
269 326 412 357 habeatur.
440 326 555 361 ideoque
577 326 612 353 ab
632 325 766 361 Oppiano,
791 326 810 353 1.
839 334 864 352 ιν
883 326 931 353 'A-

144 375 238 400 λιευτ.
245 393 252 404 ,
266 373 410 407 ἀναλκείη
419 373 541 408 ἐλάφοιο
548 377 670 400 vocatur.
679 372 765 407 Hujus
778 371 931 399 timiditatis

141 426 225 446 causa
241 419 396 454 assignatur
409 419 443 446 ab
458 419 544 446 Arist.
560 418 598 445 De
610 426 668 452 par.
687 419 768 445 anim.
783 418 801 445 l.
813 425 889 449 m,c.
901 417 929 449 Δ,

140 472 190 492 cor
212 473 351 500 magnum.
372 469 399 493 et
421 465 564 500 grandius.
582 465 710 500 quoniam
736 464 852 492 calorem
866 471 930 498 pro-

140 511 266 545 portione
279 510 373 538 cordis
388 518 443 538 non
458 510 569 543 habent,
590 509 638 538 sed
664 517 760 545 parum
787 509 887 536 caloris
902 509 929 536 in

138 562 240 591 magno
261 555 452 590 conceptaculo
475 555 631 588 exolescat;
649 554 741 590 itaque
755 553 867 588 sanguis
881 553 930 580 fri-

139 601 230 636 gidior
246 606 298 634 est,
319 605 345 629 et
364 601 436 637 quod
453 602 480 636 in
502 601 663 633 ventriculis
681 601 784 633 cordis,
806 600 831 627 id
847 601 930 628 etiam

138 647 168 673 in
183 643 259 674 senis
273 647 374 674 evenit.
390 646 458 674 Sunt
472 647 541 674 enim
556 647 718 682 frigidiores,
734 651 758 673 et
782 653 852 673 vente
872 654 931 672 am-

137 693 248 728 pliores,
273 698 298 720 et
321 692 459 720 ventriculi
476 693 638 725 ampliores;
664 701 724 719 nam
748 696 777 718 ut
801 692 828 718 in
848 699 929 726 parvo

137 743 165 765 et
190 739 217 765 in
240 747 333 774 magno
349 738 494 772 domicilio,
516 739 679 766 tantumdem
694 739 762 774 ignis
784 746 835 765 non
857 745 930 772 mque

138 785 274 819 calefacit.
294 784 338 812 sed
361 786 449 812 minus
468 786 495 812 in
520 794 626 820 magno,
650 786 688 812 sic
710 789 735 812 et
757 786 784 811 in
798 785 830 811 iis
856 784 930 811 calor

137 839 191 859 non
206 832 306 867 pariter
318 832 392 867 agit;
407 840 453 858 vas
467 832 536 858 enim
551 836 605 858 tam
619 839 692 863 vena,
706 839 785 866 quam
799 830 929 858 ventricu-

139 878 182 905 lus
197 883 247 905 est.
267 878 356 905 Aliam
369 878 450 911 hujus
463 885 574 906 causam
591 878 673 905 habet
690 878 709 904 I.
726 886 756 909 ιι,
772 885 797 905 c.
815 877 843 910 4,
861 877 925 912 quia

138 925 263 952 videlicet
281 924 391 959 sanguis
405 930 499 951 eorum
520 923 638 954 dilutus.
653 923 789 957 librasque
805 930 859 950 non
877 923 925 949 lia-

137 971 195 998 bet.
221 970 339 1003 Quorum
357 970 426 997 enim
446 970 553 1005 sanguis
572 969 646 1004 ﬁbris
668 969 810 996 admodum
834 969 924 996 multis

138 1016 287 1050 crassisque
300 1015 411 1050 refertus
426 1020 476 1048 est,
491 1015 546 1041 hace
561 1019 664 1042 terrena
674 1015 787 1049 amplius
800 1019 925 1042 constant

137 1065 247 1092 natura,
262 1065 287 1087 et
300 1060 421 1087 animosa
440 1060 589 1093 iracundia,
606 1060 764 1095 proindeque
784 1060 925 1095 furibunda

136 1112 210 1138 sunt,
230 1107 271 1133 ira
285 1107 354 1134 enim
369 1107 507 1141 calori/ica
529 1111 579 1134 est.
602 1106 701 1134 Verum
726 1107 748 1134 si
771 1107 845 1134 cervi
867 1106 926 1133 libi-

136 1153 201 1181 dine
212 1153 337 1189 llagrant,
353 1153 500 1181 ell'erantur
515 1153 592 1181 sicut
607 1157 634 1180 et
649 1157 747 1180 cetera
762 1152 923 1185 animantia,

135 1200 220 1235 idque
239 1208 271 1227 ex
301 1199 448 1227 Aristotele
464 1199 503 1226 De
518 1199 581 1227 hist.
599 1200 681 1227 anim.
704 1204 732 1227 et
751 1198 864 1234 Virgilio
892 1206 923 1226 ιιι

136 1245 323 1280 Georgicorum
341 1246 463 1272 nonnulli
490 1245 673 1273 tradiderunt.

172 1291 253 1322 Ibid.,
271 1291 319 1318 lin.
334 1291 378 1319 49.
392 1292 447 1318 Καὶ
466 1291 542 1326 πρὸς
555 1292 591 1319 τὰ
604 1290 722 1325 ἑρπετά.
739 1291 805 1318 Odia
830 1294 857 1318 et
872 1290 926 1318 ini-

136 1337 255 1364 micitias
274 1336 344 1364 inter
363 1340 504 1371 serpentes
519 1340 546 1363 et
566 1343 673 1366 cervos.
693 1340 720 1363 et
742 1342 859 1370 quanam
880 1342 926 1361 ra-

137 1385 212 1411 tione
225 1384 294 1411 alius
311 1384 338 1410 in
354 1383 437 1410 alium
455 1382 594 1410 invehitur
614 1381 825 1417 elegantissimis
839 1381 925 1408 versi-

137 1429 189 1457 bus
201 1429 300 1457 cecinit
317 1428 457 1463 Oppianus
472 1430 583 1463 Κυνηγ.
602 1436 620 1455 ιι
634 1432 659 1455 et
682 1428 808 1454 Ἀλιευτ.
827 1435 845 1454 ιι
860 1436 867 1454 :

142 1486 192 1519 Ὠς
207 1485 233 1512 δ’
250 1485 292 1512 ὅτ’
311 1484 368 1511 ἀνὰ
382 1485 532 1520 ξυλόχους
549 1485 641 1520 ὀφίων
661 1484 733 1511 door
754 1484 925 1518 ἐξερεείνων

134 1521 320 1556 Βριθύκερως
335 1520 447 1556 ἔλαφος
462 1521 628 1555 ρινήλατον
643 1521 728 1554 ἴχνος
742 1520 849 1556 ἀνεῦρε
861 1539 868 1551 ,

133 1554 227 1590 Χειὴν
241 1556 267 1582 δ’
280 1554 468 1589 εἰσαφίκανε,
480 1557 528 1582 καὶ
541 1556 665 1590 ἑρπετὸν
677 1555 800 1589 εῖρυσεν
818 1554 886 1587 ἔξω,

135 1589 242 1619 same;
269 1591 295 1617 δ’
319 1590 475 1625 ἐμμενέως.
499 1592 525 1617 '0
555 1589 582 1617 δ’
605 1591 759 1617 ἑλίσσεται
890 1598 922 1616 τε

133 1662 241 1696 daper
254 1671 295 1694 re,
308 1662 435 1697 στέρνον
456 1670 498 1688 τε.
522 1660 559 1688 Τὰ
574 1660 600 1687 δ’
615 1661 766 1697 ἡμίϐρωτα

134 1698 245 1732 "Ag-trem
269 1699 369 1725 πολλὰ
385 1698 411 1724 6‘
426 1697 548 1730 ὀδόντες
565 1696 623 1723 ὑπὸ
641 1697 737 1731 στόμα
751 1696 922 1766 (Serapio:-

881 1739 889 1757 t
912 1748 920 1757 .

881 1739 920 1757 ιν.

135 1778 168 1806 Et
182 1779 319 1807 Nicander
332 1779 361 1806 in
378 1778 511 1806 Theriacis
523 1785 533 1804 .'

137 1827 176 1853 "H
192 1827 280 1853 ὁπότε
296 1825 467 1861 σκαρθμοὺς
480 1822 600 1861 ἐλάφων
618 1819 744 1861 ἐχεῇο-ιν
756 1821 873 1861 ἀλύξας

142 1861 258 1895 Ἀνδρὸς
277 1859 430 1895 ὲνισιὶήψῃ
445 1860 558 1894 χολέων
572 1860 759 1895 θυμοφβόρον
774 1859 831 1895 ίόν.

136 1893 252 1931 Ἐξὸχα
262 1897 317 1931 γὰρ
329 1893 476 1931 sanxerat
492 1894 693 1931 κινῳπησταῖς
711 1893 851 1931 κοτέουσι

133 1929 309 1966 Νεόρᾶτόᾶιοι
334 1932 383 1958 καὶ
396 1929 512 1966 ’ξόρκεᾳ
544 1930 746 1966 Ὰνιχνεύουσι
766 1929 800 1966 δὲ
824 1929 922 1966 στάντα

136 1964 292 2002 Τρόχμαλά
317 1964 497 2002 Fautthqu
510 1973 552 1996 τε,
575 1965 625 2002 atat
647 1964 768 2002 sllvot‘gc
786 1964 921 2002 ἐρέοντες

317 1999 470 2037 μυκὲῆρος
486 1999 719 2034 ὲπισπέρχοντες
731 1999 838 2034 ἁῦτμῇ.

134 2046 349 2083 Theophrastus,
367 2047 415 2075 lib.
434 2056 460 2075 tv
474 2046 510 2074 De
524 2047 611 2073 causis
628 2046 726 2080 plant.,
739 2053 798 2080 cap.
815 2045 867 2072 10:
883 2043 920 2071 υὺ

133 2095 202 2122 nam
214 2094 299 2121 ταῦτα
310 2094 451 2130 πρόσφορα
462 2092 532 2120 κατὰ
546 2092 595 2124 τὰς
608 2092 721 2127 τροφὰς,
731 2090 786 2118 ἀλλ’
797 2089 921 2123 ἑκάστοις

133 2140 206 2167 κατὰ
219 2141 269 2172 τὰς
284 2140 350 2172 ἰδίας
363 2140 472 2175 φύσεις·
495 2139 563 2175 ὅπερ
586 2140 615 2165 ὲν
638 2138 744 2170 πολλοῖς
768 2135 816 2172 μὲν
832 2143 921 2172 φανε-

133 2186 192 2223 ρδν,
215 2188 246 2214 ὲκ
260 2187 388 2223 πλείστης
402 2186 425 2213 δ’
442 2186 614 2220 ἀποφάσεως,
637 2185 675 2217 ὡς
699 2183 795 2216 εἰπεῖν,
818 2184 872 2210 τῶν
887 2191 920 2218 γε

130 2233 277 2269 γνωρίμων
295 2233 329 2260 τὰ
345 2233 409 2268 περὶ
422 2233 485 2264 τοὺς
498 2232 613 2266 ἐλάφους
628 2231 710 2266 δήλω
722 2228 750 2257 αἳ
767 2231 830 2262 τοὺς
844 2230 920 2265 ὄφεις
935 2228 958 2255 D

130 2277 277 2309 ἐσθίουσιν,
303 2276 347 2312 ὑφ’
371 2272 409 2304 ὥν
424 2277 458 2303 τὰ
480 2276 547 2304 ἄλλα
572 2275 716 2311 θνήσκουσι
742 2276 809 2302 πολὺ
836 2274 921 2311 μείζω

130 2324 180 2350 καὶ
199 2323 359 2360 ἰσχυρότερα
379 2323 429 2359 τὴν
451 2321 531 2358 φύσιν
547 2321 621 2349 ὄντα.
639 2321 794 2353 Lucretius,
817 2322 865 2350 lib.
882 2330 919 2354 vt,

131 2369 179 2403 qui
192 2370 336 2397 verborum
352 2367 533 2404 Theophrasti
548 2368 655 2396 initiutn
671 2368 711 2397 sic
725 2368 920 2403 interpretatus

131 2419 195 2442 est:

186 2459 220 2487 Et
237 2460 320 2495 magis
335 2469 390 2488 esse
404 2461 466 2488 aliis
480 2461 550 2488 alias
565 2460 746 2488 animantibus
762 2465 840 2495 aptas

185 2495 237 2522 Res
254 2495 289 2522 ad
305 2496 369 2523 vitai
384 2498 524 2524 rationem.

131 2550 259 2579 Elianus
275 2557 368 2579 narrat
390 2552 441 2579 hoc
455 2552 527 2580 idem
555 2551 590 2578 Ds
615 2551 679 2579 hist.
694 2552 775 2578 anim.
792 2551 841 2579 lib.
857 2559 917 2583 vm,

131 2606 193 2633 cap.
210 2598 238 2630 6,
248 2603 275 2625 et
290 2598 352 2626 libr.
369 2605 400 2630 II,
417 2606 478 2634 cap.
493 2597 526 2631 9;
539 2598 657 2626 Basilius
672 2596 786 2634 Magnus
796 2599 823 2625 in
838 2606 920 2634 expo-

130 2647 232 2674 sitione
245 2646 342 2681 psalm.
361 2653 466 2680 xxvnt;
491 2646 597 2673 Plinius
619 2646 681 2674 libr.
699 2654 758 2678 vnt,
777 2646 861 2681 capit.
872 2646 917 2677 32,

131 2693 166 2720 Et
185 2694 219 2720 iis
242 2698 281 2720 est
309 2701 368 2720 cum
385 2698 502 2728 serpente
523 2701 620 2728 pugna,
638 2693 766 2728 vestigant
780 2701 916 2725 cavernas,

129 2740 287 2774 nariumque
300 2740 394 2773 spiritu
408 2741 556 2775 extrahunt,
564 2740 718 2772 renitentes;
736 2738 871 2767 Nicander
889 2739 917 2766 in

130 2784 282 2817 leeriacis;
291 2786 425 2813 Martialis
438 2786 568 2821 epigram.
577 2786 624 2813 lib.
636 2793 674 2812 xtl
686 2795 693 2813 :

183 2831 311 2868 Cervinus
327 2831 441 2868 gelidum
456 2832 543 2858 sorbet
557 2832 593 2858 sic
611 2831 710 2859 halitus
723 2840 845 2868 anguem,

219 2866 337 2894 Casuras
353 2867 404 2893 alte
417 2867 453 2893 sic
469 2868 537 2901 rapit
553 2867 599 2894 iris
615 2875 708 2901 aquas.

291 2915 425 2965 P'nnot.
447 2914 504 2943 Ge.
528 2913 640 2943 XVIII.

984 240 1087 269 petram
1113 244 1262 271 eorumque
1283 237 1463 272 ἀναθυμιάσει
1487 239 1515 265 id
1542 239 1632 267 facere
1655 248 1767 269 cervum

982 282 1086 308 scribit.
1098 281 1215 317 Ideoque
1226 282 1389 311 Plutarchus
1404 288 1477 311 rectc
1488 285 1655 313 existimavit
1666 287 1768 314 dictum

982 334 997 353 a
1018 326 1120 355 Graecis
1134 328 1243 362 ἔλαφον,
1259 337 1315 356 non
1334 337 1349 356 a
1365 338 1448 357 cursu
1462 331 1510 358 sed
1525 336 1668 366 serpentes
1683 337 1769 360 attra-

981 372 1062 399 hendi
1087 372 1219 401 facilitate
1235 374 1292 401 :06
1316 375 1392 411 παρὰ
1416 375 1466 411 τὴν
1488 375 1670 412 ἐλαφρότητα,
1701 377 1769 404 ἀλλὰ

981 418 1056 454 παρὰ
1071 418 1120 455 τὴν
1135 419 1208 451 ἕλξιν
1223 419 1269 446 τοῦ
1285 420 1382 455 ὄφεως.
1396 420 1428 448 Ει
1449 421 1616 449 Athanasius
1641 422 1668 449 in
1692 431 1768 457 quaa-

980 465 1115 493 stionibus
1126 465 1250 493 eamdem
1265 467 1456 503 etymologiam
1472 471 1574 495 servat.
1591 467 1631 495 Ita
1647 468 1767 504 Epipha‘

980 512 1054 541 nius.
1073 512 1099 538 in
1118 511 1289 548 Physiologo,
1308 521 1369 549 cap.
1386 514 1418 541 5:
1434 513 1484 540 Διὰ
1497 514 1576 540 τοῦτο
1593 515 1690 549 ἔλαφος
1706 516 1766 543 ovo»

982 557 1107 592 μάζεται,
1127 558 1170 585 διὰ
1181 559 1212 585 τὸ
1226 559 1295 586 ἑλεῖν
1309 560 1371 591 τοὺς
1385 559 1460 593 ὄφεις
1476 561 1508 586 ὲκ
1528 560 1574 587 τοῦ
1591 561 1699 595 βάθους.
1721 561 1768 590 Sic

980 603 1061 630 etiam
1078 603 1105 630 in
1116 604 1269 631 enarranda
1288 605 1339 632 hac
1355 605 1468 632 historia
1481 610 1608 635 auctores
1625 615 1680 635 non
1698 616 1767 636 con-

980 648 1103 677 veniunt.
1120 646 1281 678 Eustathius
1297 657 1415 686 namque
1435 651 1512 686 prius
1537 659 1647 680 cervum
1667 661 1765 689 aquam

980 693 1101 727 haurire,
1119 695 1217 723 deinde
1233 700 1386 731 serpentem
1405 697 1438 724 de
1454 697 1566 725 latebris
1582 698 1691 727 ducere.
1712 700 1766 727 Alii

980 747 1013 767 eo
1028 744 1107 776 pasto
1122 749 1220 777 aquam
1236 748 1379 777 expetere;
1395 751 1449 778 qua
1466 743 1489 771 si
1504 751 1533 772 se
1545 744 1617 771 infra
1634 746 1766 781 scriptum

980 788 1098 821 spatium
1119 795 1174 815 non
1192 789 1317 823 explerit,
1333 790 1431 816 emori.

1014 832 1074 860 Col.
1092 833 1152 865 7M,
1168 834 1216 861 lin.
1230 834 1256 861 4.
1268 836 1302 861 Εἰ
1315 834 1349 861 δὲ
1364 835 1412 861 καί
1424 832 1483 862 τῶν
1495 833 1634 870 κεράτων.
1648 835 1764 870 Plinius,

941 868 964 898 Β
978 878 1025 907 Iib.
1040 887 1067 912 ιι,
1084 879 1165 914 capit.
1186 879 1219 908 70
1234 891 1240 908 :
1257 880 1360 908 Cornus
1377 882 1472 908 cervini
1486 868 1565 910 odore
1580 888 1708 917 serpentes
1723 868 1766 919 fu;

975 930 1081 960 gantur,
1097 926 1142 953 sed
1158 928 1273 963 maxime
1287 920 1411 962 styracis.
1428 927 1460 954 Et
1473 929 1520 956 lib.
1534 937 1630 961 xxvul,
1645 937 1704 965 cap.
1723 930 1739 957 9
1757 937 1763 957 ξ

976 967 1066 994 Exitio
1090 969 1253 1003 serpentibus
1272 977 1327 996 esse
1349 978 1436 997 cervos
1461 979 1536 998 nemo
1556 972 1672 1006 ignorat,
1689 977 1718 999 ut
1742 974 1766 1000 si

975 1021 1033 1049 qua:
1051 1019 1114 1041 sunt
1138 1020 1273 1043 extractas
1297 1017 1415 1043 cavernis
1439 1017 1603 1045 mandentes.
1625 1017 1681 1045 Nec
1706 1026 1765 1046 vero

974 1059 1025 1094 ipsi
1038 1061 1219 1097 spirantesque
1242 1067 1346 1090 tantum
1368 1063 1553 1098 adversantur,
1570 1064 1615 1091 sed
1635 1066 1765 1092 membra-

976 1104 1023 1131 tim
1037 1114 1138 1141 quoque
1151 1107 1241 1143 fugari
1260 1116 1306 1135 eas
1331 1108 1422 1136 nidore
1444 1117 1551 1144 cornus,
1566 1111 1589 1137 si
1602 1116 1707 1144 uratur,
1723 1112 1764 1138 dia

974 1155 1046 1177 ctum
1062 1157 1100 1179 est
1112 1159 1122 1179 :
1137 1157 1164 1180 at
1183 1161 1197 1180 e
1215 1162 1318 1181 summo
1336 1159 1441 1189 gutture
1455 1156 1523 1183 ustis
1538 1157 1641 1183 ossibus
1657 1164 1765 1192 congre-

974 1198 1033 1232 gari
1049 1198 1183 1233 dicuntur,
1198 1204 1250 1227 etc.
1273 1198 1307 1227 Et
1328 1201 1375 1230 lib.
1393 1208 1453 1235 vm,
1468 1210 1529 1238 cap.
1545 1202 1579 1229 52
1596 1212 1602 1229 :
1619 1203 1683 1230 Ideo
1708 1205 1765 1231 sin-

974 1244 1066 1278 gulare
1092 1245 1229 1280 abigendis
1252 1247 1414 1281 serpenI-‘bus
1438 1248 1517 1281 odor,
1542 1248 1638 1276 adusto
1661 1250 1765 1277 cervino

975 1297 1067 1317 cornu.
1083 1290 1120 1318 Ea
1136 1295 1178 1319 est
1197 1291 1279 1327 hujus
1293 1293 1440 1320 animantis
1469 1294 1496 1321 in
1525 1299 1666 1329 serpentes
1690 1290 1765 1321 ἄντι-

975 1335 1084 1368 πὰθεια,
1098 1340 1127 1363 ut
1141 1340 1168 1364 et
1185 1342 1321 1365 mortuum
1347 1338 1412 1371 illis,
1429 1344 1455 1366 et
1470 1340 1639 1367 membratim
1657 1341 1693 1368 sit
1707 1342 1765 1367 exi-

974 1380 1087 1410 tiosum.
1111 1380 1248 1416 Elianus,
1273 1381 1310 1410 De
1332 1383 1426 1411 histor.
1451 1385 1545 1417 anim.,
1564 1385 1611 1412 lib.
1639 1393 1676 1417 is,
1702 1393 1763 1420 cap.

974 1426 1009 1453 90
1033 1436 1039 1453 :
1061 1427 1097 1453 Τὸ
1118 1427 1165 1454 τοῦ
1186 1428 1285 1464 ἐλάφου
1313 1428 1398 1466 κέρας
1420 1430 1613 1466 θυμιώμενον,
1636 1432 1677 1458 ὅτι
1701 1432 1766 1464 τοὺς

974 1472 1052 1508 ὄφεις
1065 1472 1156 1501 διώκει
1170 1474 1248 1510 δῆλόν
1262 1476 1346 1503 ἐστιν.
1373 1476 1406 1502 Et
1420 1477 1468 1504 lib.
1491 1485 1522 1509 ιι,
1546 1485 1606 1512 cap.
1632 1478 1649 1505 9
1668 1487 1674 1506 :
1695 1478 1763 1514 Ἤδη

977 1519 1067 1554 μέντοι
1084 1520 1131 1547 καὶ
1147 1521 1231 1557 κέρας
1247 1521 1346 1557 ἐλάφου
1357 1531 1399 1554 τις
1408 1522 1499 1556 ξέσας,
1513 1522 1572 1550 εἶτα
1579 1523 1609 1550 τὸ
1626 1523 1713 1559 ξὲσμα
1725 1526 1765 1556 εἰς

975 1566 1031 1602 πῦρ
1045 1566 1165 1598 ἐνέϐαλε,
1180 1567 1227 1594 καὶ
1244 1569 1258 1594 ό
1276 1568 1378 1600 καπνὸς
1394 1568 1476 1595 ἀνιὼν
1491 1569 1582 1595 διώκει
1605 1570 1668 1601 τοὺς
1689 1570 1766 1604 ὄφεις

975 1612 1141 1647 πανταχόθεν
1153 1613 1221 1648 μηδὲ
1232 1612 1281 1649 τὴν
1291 1613 1378 1649 ὀσμὴν
1390 1614 1581 1649 ὑπομένοντας.
1596 1614 1765 1644 Scholiastes

974 1657 1110 1692 Apollonii
1123 1658 1169 1686 lib.
1186 1666 1205 1685 ιι
1216 1658 1376 1695 Argonaut.,
1392 1660 1505 1688 scribit:
1519 1660 1665 1689 Corvinum
1677 1669 1763 1690 cornu

975 1703 1101 1731 adustum
1131 1708 1272 1739 serpentes
1295 1705 1388 1740 fugat,
1416 1705 1643 1740 quemadmodum
1672 1707 1764 1736 fumus

974 1757 1049 1785 apes.
1070 1750 1276 1786 Theophrastus
1296 1751 1448 1787 fragmento
1470 1752 1543 1786 Περὶ
1562 1751 1623 1778 τῶν
1642 1753 1764 1787 λεγιομέα

973 1803 1035 1824 νων
1056 1796 1133 1827 ζώων
1154 1797 1286 1832 φθονεῖν.
1306 1797 1442 1826 Nicander
1470 1799 1498 1826 in
1523 1798 1761 1832 Alexipharmacis.

974 1841 1098 1878 Orpheus
1131 1844 1159 1871 in
1187 1852 1238 1872 suo
1259 1845 1294 1872 de
1321 1845 1458 1880 lapidibus
1483 1849 1616 1880 poemate,
1638 1852 1760 1877 cenum.

974 1890 1047 1917 cervi
1063 1881 1150 1923 dotes,
1165 1890 1339 1926 medieasque
1352 1891 1425 1920 vires
1441 1892 1584 1928 diligenter
1598 1896 1760 1928 prosecutus

973 1940 1025 1963 est.

1008 1981 1088 2014 Ibid.,
1103 1982 1152 2009 lin.
1176 1982 1202 2010 6.
1222 1983 1358 2011 Ἐπειδὰν
1379 1983 1414 2011 δὲ
1441 1984 1587 2019 ἀποϐάλῃ.
1611 1984 1759 2012 Cervorum

973 2036 1076 2056 cornua
1091 2029 1238 2064 quotannis
1255 2030 1347 2065 abjici,
1364 2035 1389 2058 et
1406 2031 1503 2058 iterum
1519 2031 1671 2066 germinare
1692 2032 1760 2059 satis

973 2079 1067 2101 notum
1094 2073 1122 2101 in
1152 2074 1275 2102 historia.
1300 2075 1407 2109 Horus,
1435 2076 1613 2108 Aristoteles,
1638 2076 1759 2108 Plinius,

973 2119 1099 2147 Elianus
1116 2125 1143 2147 et
1156 2120 1213 2148 alii.
1226 2120 1313 2156 Hujus
1330 2128 1414 2148 causa
1427 2129 1459 2149 ex
1477 2121 1631 2149 Democrito
1645 2122 1761 2149 habetur

973 2165 1044 2201 apud
1065 2165 1213 2198 Elianum,
1229 2167 1276 2194 lib.
1289 2175 1339 2199 xu.
1356 2175 1416 2203 cap.
1433 2167 1466 2194 £8
1481 2175 1489 2195 :
1506 2167 1600 2194 Δίτίαν
1617 2168 1645 2194 δὲ
1661 2168 1758 2200 αὐτὸς,

973 2210 1144 2239 Democritus
1165 2212 1285 2245 scilicet,
1309 2212 1382 2247 λέγει
1407 2213 1457 2248 τῆς
1473 2213 1528 2239 τῶν
1546 2213 1669 2249 κεράτων
1703 2216 1760 2246 τοῖς

972 2256 1081 2291 ἐλάφοις
1099 2257 1256 2292 ἀναφύσεως
1278 2258 1385 2294 ἐκείνην
1406 2257 1485 2285 εἶναι.
1504 2258 1581 2286 Vide.
1600 2259 1713 2294 Delapsa
1730 2261 1758 2287 in

972 2304 1039 2332 locis
1053 2304 1154 2332 abditis
1167 2310 1194 2332 et
1210 2305 1358 2333 inaccessis
1384 2310 1458 2333 terra
1482 2306 1611 2333 oltruunt.
1632 2307 1757 2339 Aristot.,

970 2351 1011 2378 De
1023 2351 1086 2379 hist.
1101 2352 1197 2384 anim.,
1213 2352 1260 2379 lib.
1279 2360 1318 2385 ix,
1336 2359 1396 2387 cap.
1413 2352 1430 2379 5
1444 2362 1451 2379 :
1472 2351 1580 2380 Cornua
1598 2353 1678 2380 etiam
1693 2354 1757 2381 locis

970 2399 1132 2434 difﬁcillimis
1148 2399 1257 2432 amittit,
1277 2404 1301 2426 et
1325 2407 1378 2434 qua
1399 2399 1509 2426 inveniri
1532 2405 1669 2434 nequeant,
1689 2399 1758 2427 unde

970 2445 1038 2472 illud
1051 2444 1213 2479 prouerbium
1231 2449 1329 2476 ortum.
1343 2445 1402 2476 Qua
1415 2445 1483 2471 cervi
1501 2445 1628 2472 amittunt
1644 2451 1755 2473 cornua.

970 2491 1086 2525 Plinius,
1110 2492 1158 2519 lib.
1180 2499 1240 2523 VIII,
1268 2498 1328 2526 cap.
1349 2491 1407 2518 32:
1427 2490 1535 2518 Cornua
1550 2500 1635 2518 mares
1650 2491 1756 2524 habent,

970 2538 1070 2573 solique
1081 2538 1237 2565 animalium
1258 2538 1379 2564 omnibus
1392 2538 1468 2565 annis
1484 2543 1554 2565 stato
1565 2540 1631 2566 veris
1645 2543 1758 2573 tempore

971 2585 1106 2611 amittunt.
1125 2583 1188 2611 Ideo
1207 2584 1254 2611 sub
1269 2584 1325 2618 ipsa
1342 2584 1385 2611 die
1397 2592 1477 2619 quam
1496 2585 1612 2612 maxime
1629 2585 1700 2612 invia
1713 2593 1745 2620 pe

971 2634 1039 2658 tunt.
1060 2629 1201 2665 Oppianus
1215 2632 1326 2665 ernr.
1347 2638 1365 2657 ιι
1382 2640 1390 2658 :

971 2674 1081 2710 Ἕεοχα
1097 2675 1123 2701 δ’
1140 2675 1174 2701 ἐν
1189 2675 1334 2709 θήρεσσιν
1349 2676 1394 2702 ἐπ’
1408 2675 1519 2710 ἀγλαΐη
1535 2677 1693 2711 κομόωσιν.

971 2712 1110 2747 [Άρσενες
1123 2710 1267 2747 εὐκέραοι,
1284 2711 1509 2747 ποτῑυδαίδαλον
1521 2710 1607 2745 ἔρνος
1623 2712 1756 2747 ἔχοντες,

969 2745 1004 2774 Ἦ
1020 2747 1075 2781 γὰρ
1087 2746 1252 2780 ὲϋσχιὸέων
1263 2746 1376 2780 κεράων
1388 2746 1483 2781 ὦρῃσι
1495 2745 1651 2774 πεσόντων

968 2782 1081 2816 Βόθρον
1092 2781 1150 2816 μὲν
1166 2781 1241 2808 κατὰ
1263 2781 1350 2816 γαῖαν
1374 2781 1550 2816 ὀρυξάμενοι
1575 2783 1757 2817 κατέθαψαν,

970 2816 1061 2851 Ὀφρα
1073 2824 1107 2844 κε
1119 2817 1208 2851 μήτις
1220 2817 1329 2852 ἕλῃσιν
1341 2818 1386 2844 ἐπ’
1399 2818 1532 2852 amurca;
1547 2816 1758 2852 ἀντιϐολήὶγας.

968 2864 1009 2891 An
1024 2868 1114 2892 autem
1130 2863 1219 2891 cervis
1235 2863 1344 2893 feminis
1358 2871 1462 2893 cornua
1482 2865 1536 2893 sint
1551 2864 1623 2892 inl'ra
1640 2865 1758 2892 dicetur.

1581 2911 1621 2940 30
