3924 6968
522 334 632 390 939

1860 321 2103 378 LEONIS
2137 314 2410 374 ALLATII

3605 311 3689 371 9w

598 447 756 508 lbid.,
810 447 904 498 lin.
957 445 1008 498 9.
1051 443 1143 508 Ὡς
1209 442 1602 497 ἀποϐαλοῦσα
1651 443 1820 509 πρός.
1868 441 2097 496 Amissis

2208 434 2284 488 5ιὰ
2307 433 2368 486 τὸ
2397 432 2617 505 Θαρῤεῖν
2642 431 2716 495 ὼς
2743 432 2946 501 ἔχοντες
2971 424 3015 497 ᾧ
3042 429 3349 500 ἀμύνονται.
3376 427 3498 497 Qua:
3525 432 3587 485 ita
3614 440 3694 490 La-

520 540 666 608 enim
690 535 950 591 cornibus
978 533 1324 589 solitudinem
1356 540 1548 603 petunt
1565 539 1618 586 et
1639 533 1755 586 loca
1779 533 2093 599 inaccessa;

520 641 692 698 quare
737 624 792 678 id
839 630 1000 694 agant
1043 622 1178 677 varii
1224 620 1374 675 varie
1419 619 1780 675 tradiderunt.
1816 619 2095 689 Oppianus

527 723 753 784 Κυνηγ.
783 732 816 770 ιι
848 717 912 768 ad
946 713 1204 784 pudorem
1232 712 1397 768 refert
1428 731 1441 766 :

522 829 839 883 Κεύθονται
867 825 919 877 δ’
946 823 1110 877 αὐτοὶ
1137 822 1425 891 πυμάτοις
1459 821 1730 875 λασίοισι
1758 837 1824 891 re
1854 820 2096 890 θάμνοις

522 898 828 964 Αὶδόμενοι
863 895 1115 962 θήρεσσι
1153 889 1418 964 καρήατα
1455 892 1579 964 τοῖα
1618 889 1883 964 φανῆναι

525 961 753 1036 Punica,
785 965 856 1019 τά
883 961 970 1017 τοι
995 961 1349 1032 προπάροιθε
1376 963 1672 1031 μετήορον
1697 961 1985 1029 ἀείροντο.

524 1079 846 1136 Aristoteles
876 1084 1055 1131 tamen
1095 1090 1218 1129 cum
1250 1075 1372 1130 aliis
1408 1074 1653 1129 eamdem
1685 1088 1846 1144 quam
1881 1073 1970 1128 hic
1999 1088 2097 1128 no-

524 1180 639 1228 ster
670 1179 861 1225 auctor
888 1182 1109 1222 causam
1143 1165 1317 1227 aﬂert,
1357 1165 1585 1220 nimium
1619 1164 1747 1234 quia
1786 1179 2095 1220 muscarum

525 1275 766 1316 morsum
825 1264 1094 1322 metuunt,
1129 1271 1250 1326 quae
1296 1255 1508 1311 radices
1569 1270 1834 1310 cornuum
1879 1264 2097 1311 teneras

526 1354 684 1410 facile
713 1352 1077 1424 perforarent,
1106 1364 1230 1402 cum
1265 1361 1478 1402 summo
1506 1361 1695 1401 eorum
1731 1345 1938 1402 dolore.
1963 1347 2096 1401 Item

525 1445 650 1514 quia
677 1459 785 1498 non
807 1441 1057 1502 habeant,
1082 1454 1188 1509 quo
1213 1454 1271 1494 se
1299 1439 1368 1492 ab
1401 1438 1523 1493 aliis
1553 1439 1682 1494 feris
1707 1439 2099 1509 propugnando

525 1533 842 1595 defendant,
877 1531 952 1584 De
995 1530 1122 1584 hist.
1176 1530 1364 1593 anim.,
1398 1529 1491 1583 lib.
1542 1544 1618 1592 Ix,
1655 1544 1776 1601 cap.
1809 1530 1842 1583 5
1873 1550 1886 1584 :
1930 1529 2099 1596 Quasi

525 1625 662 1679 enim
694 1641 794 1676 sua
827 1621 1063 1675 amiserit
1099 1637 1272 1685 arma,
1311 1628 1455 1673 cavet
1497 1636 1560 1674 ne
1605 1621 1821 1675 inermis
1869 1621 2100 1688 reperia-

528 1725 634 1768 tur.
687 1711 752 1766 Et
795 1712 1026 1766 inferius
1071 1729 1083 1764 :
1133 1709 1394 1763 Amittunt
1437 1709 1658 1780 singulis
1698 1709 1856 1764 annis
1896 1726 2096 1764 cornua

2197 527 2308 580 tine
2334 524 2597 594 expressit
2639 521 2848 576 Plinius
2881 542 2894 576 :
2935 520 3226 587 Erumpunt
3263 531 3424 574 autem
3466 540 3696 580 renascen.

2195 619 2334 672 tibus
2387 615 2653 671 tuberibus
2700 616 2872 684 primo
2915 615 3079 667 aridcc
3121 615 3252 667 cutis
3293 613 3495 668 similia.
3540 615 3696 672 Eadem

2196 711 2383 764 teneris
2433 710 2727 762 increscunt
2779 707 2962 776 ferulis
3007 704 3320 759 arundineas
3369 707 3419 758 in
3458 709 3699 773 particulas

2119 787 2126 794 ’
2196 803 2343 856 molli
2387 801 2628 870 plumata
2669 800 2934 869 lanugine.
2976 797 3221 877 Quandiu
3245 808 3414 850 carent
3453 799 3532 864 iis,
3569 805 3701 853 nocti-

2197 894 2292 950 bus
2325 892 2610 962 procedunt
2651 895 2718 944 ad
2747 890 2964 962 pabula,
3016 891 3352 942 increscentia
3394 891 3512 944 solis
3556 908 3702 958 vapore

2195 989 2413 1048 durant,
2460 984 2528 1037 ad
2573 983 2784 1037 arbores
2823 981 3042 1036 subinde
3069 981 3399 1050 experientes,
3436 981 3514 1034 ubi
3543 983 3702 1049 placuit

2195 1077 2357 1132 robur
2385 1077 2435 1130 in
2467 1085 2648 1144 aperta
2689 1074 2966 1144 prodeunt.
3002 1072 3107 1129 Sed
3145 1073 3296 1129 nefas
3340 1081 3421 1128 est
3464 1075 3542 1129 hic
3574 1079 3706 1130 omit-

2196 1175 2312 1224 tere
2356 1167 2411 1222 in
2464 1167 2707 1236 subjecta
2750 1167 2977 1220 materia
3010 1164 3231 1220 verbum
3268 1165 3570 1227 Aristotelis.
3594 1170 3708 1236 quod

2200 1258 2412 1328 magnis
2453 1257 2586 1310 viris
2620 1256 2896 1326 negotium
2937 1254 3248 1314 lacessisse.
3277 1270 3341 1310 ex
3368 1271 3541 1310 eorum
3571 1260 3708 1315 inter.

2199 1348 2592 1419 pretationibus
2653 1345 2999 1400 manifestum
3062 1355 3164 1400 est.
3231 1348 3317 1399 Ait
3385 1347 3708 1408 Aristotelis:

2202 1441 2340 1511 Ἤδη
2373 1439 2430 1493 δὲ
2485 1439 2734 1510 εἴληπται
2762 1437 2988 1506 ἀχαίτης
3028 1437 3222 1506 ἔλαφος
3260 1438 3348 1492 ἐπὶ
3378 1440 3476 1493 τῶν
3515 1443 3712 1514 κεράτων

2198 1533 2318 1604 ἔχον
2350 1531 2530 1585 κιττὸν
2559 1530 2727 1584 πολὺν
2760 1529 3042 1598 πεφυκότα
3076 1530 3301 1602 χλωρὸν,
3331 1531 3403 1595 ὼς
3429 1534 3622 1586 ἁπαλῶν
3644 1537 3712 1589 δν.

2198 1644 2303 1680 των
2331 1625 2438 1676 τῶν
2470 1623 2712 1693 κεράτων
2740 1620 3040 1691 ἐμφύοντα,
3075 1620 3263 1692 ὥσπερ
3289 1623 3346 1674 ὲν
3383 1621 3511 1689 ξύλῳ
3540 1625 3711 1696 χλωρῷ,

2198 1715 2521 1772 Theodorus
2553 1714 2698 1769 Gaza
2738 1714 2814 1768 ita
2845 1714 3004 1767 vertit
3037 1732 3050 1767 :
3090 1712 3285 1780 Captus
3323 1713 3433 1782 jam
3464 1731 3616 1769 cervus
3639 1728 3713 1780 est,

529 1822 701 1861 mense
721 1804 930 1874 Aprili:
957 1819 1076 1873 quae
1105 1819 1222 1856 cum
1255 1803 1549 1863 amiserint.
1574 1802 1838 1856 occultant
1864 1819 1918 1856 se
1947 1804 2107 1856 inter-
2140 1809 2179 1864 Β
2208 1811 2449 1865 hederam
2482 1808 2591 1864 suis
2620 1815 2829 1861 enatam
2856 1804 3107 1858 cornibus
3133 1821 3309 1874 gerens
3334 1805 3650 1868 viridem,etc.
3668 1808 3714 1864 Et

528 1899 642 1962 diu,
676 1906 733 1950 ut
763 1898 1000 1964 superius
1031 1895 1166 1955 dixi,
1199 1893 1354 1963 idque
1394 1895 1569 1962 opacis
1611 1893 1814 1956 faciunt
1863 1892 2015 1957 locis,
2046 1903 2103 1946 ut

532 2006 832 2046 muscarum
876 1988 1031 2042 twdio
1061 1997 1259 2041 uacent.
1312 1985 1374 2041 Et
1426 1971 1709 2052 lib.'ﬂepl
1759 1985 2105 2054 θαυμασίων

527 2081 953 2152 ἀκουσμάτων,
997 2081 1065 2136 de
1107 2080 1283 2136 cervis
1333 2079 1582 2134 Achaicis
1624 2097 1637 2132 :
1673 2079 1807 2131 Φασὶ
1853 2095 1995 2140 τινες
2047 2079 2104 2130 ἐν

542 2176 733 2246 Ἀχαΐᾳ.
758 2173 866 2228 τῶν
899 2173 1132 2243 ἐλάφων,
1171 2173 1296 2225 ὅταν
1327 2171 1636 2225 ἀποϐάλωσι
1665 2171 1732 2224 τὰ
1770 2169 1992 2241 κέρατα,
2026 2170 2106 2232 εἰς

527 2268 750 2332 τούτους
787 2268 912 2330 τοὺς
949 2267 1144 2331 τόπους
1175 2265 1449 2338 ἔρχεσθαι,
1478 2265 1619 2318 ὥστε
1664 2264 1738 2336 μὴ
1778 2264 1974 2335 ῥᾳδίως
2012 2263 2104 2316 εύ-

531 2361 772 2434 ρεθῆναι.
793 2360 962 2414 Τοῦτο
976 2360 1032 2413 δὲ
1049 2363 1220 2413 ποιεῖν
1234 2359 1320 2413 διὰ
1336 2359 1394 2412 τὸ
1424 2359 1497 2429 μὴ
1531 2357 1693 2428 ἔχειν,
1713 2351 1756 2425 ᾧ
1772 2356 2104 2426 ἀμύνωνται,

532 2454 626 2506 καὶ
644 2453 732 2507 διὰ
745 2453 804 2507 τὸ
835 2454 1015 2506 πονεῖν
1035 2454 1159 2517 τοὺς
1189 2453 1408 2516 τόπους,
1427 2450 1548 2504 ὅθεν
1574 2449 1641 2503 τὰ
1673 2449 1880 2521 κέρατα
1899 2446 2106 2502 ἀπέϐα-

530 2545 641 2599 λον.
669 2543 735 2600 Et
764 2544 1202 2615 Theophylactus
1236 2541 1540 2596 Simocatus
1566 2542 1620 2595 in
1643 2541 1837 2607 Quwst.
1870 2536 2103 2592 natural.

533 2633 570 2688 5
597 2651 611 2688 :
638 2630 800 2687 Ὀἶδεν
834 2635 866 2703 ἡ
897 2634 1110 2702 ἔλαφος,
1145 2631 1549 2704 ἀποκειραμένη
1579 2632 1648 2685 τὰ
1686 2631 1912 2702 κέρατα,
1947 2629 2106 2684 ἀσθε-

534 2725 792 2796 νεσθέραν
839 2724 934 2796 τὴν
995 2724 1154 2794 φύσιν
1204 2723 1501 2794 ἀμύνεσθαι
1558 2723 1686 2785 τοὺς
1738 2722 2102 2793 λυπήσαντας.

535 2815 743 2871 οὐκοῦν
790 2816 1196 2888 ἀποκρύπτεται
1247 2809 1336 2869 οἷα
1388 2813 1724 2886 στρατιώτης
1773 2832 1856 2878 τις
1911 2814 2108 2879 ἄοπλος

537 2906 720 2971 δεδιὼς
765 2907 1222 2979 παρατάττεσθαι.
1277 2909 1388 2962 Kal.
1445 2910 1632 2982 πόῤῥω
1677 2928 1777 2963 που
1827 2911 2107 2982 ἀπόμαχος

533 2997 672 3054 εῖναι
721 2999 1057 3072 βουλόμενος,
1109 3001 1241 3072 πρὸς
1288 3003 1381 3056 ἐπὶ
1420 3002 1627 3066 τούτοις
1670 3003 1822 3072 ἀλγεῖ
1865 3003 1925 3056 τὸ
1974 3004 2108 3069 ζῶον

533 3093 634 3163 τὴν
681 3093 826 3164 κάρα
878 3091 1173 3148 δεινότατα.
1232 3091 1461 3155 Plinius.
1517 3094 1612 3150 lib.
1671 3111 1788 3160 vm,
1829 3111 1949 3166 cap.
1991 3096 2102 3150 5‘2:

2209 1900 2416 1955 Plinius
2440 1898 2541 1952 hoc
2576 1896 2716 1952 idem
2747 1904 2962 1952 vertens
2990 1913 3003 1949 :
3033 1892 3284 1965 Captique
3293 1896 3405 1964 jam
3431 1908 3540 1950 sunt
3565 1900 3714 1952 hedera

2208 1995 2262 2048 in
2292 1991 2534 2048 cornibus
2564 1991 2821 2045 viridante
2849 2004 2911 2043 ea:
2935 1990 3128 2042 attritu
3169 1990 3408 2044 arborum
3430 2001 3482 2044 ut
3511 1992 3559 2044 in
3579 1993 3715 2062 aliqua

2208 2085 2349 2156 ligno
2376 2084 2587 2148 teneris,
2619 2085 2744 2136 dum
2774 2084 3119 2151 experiuntur
3146 2083 3346 2135 innata.
3373 2082 3461 2136 Sat
3492 2084 3608 2138 bene
3629 2101 3717 2138 oin-

2209 2178 2320 2239 nia,
2355 2174 2579 2247 quidni?
2617 2174 2847 2229 Mentem
2899 2174 3217 2228 Aristotelis
3275 2174 3456 2241 habeo,
3487 2177 3621 2244 plana
3658 2177 3718 2230 vi-

2209 2268 2407 2323 dentur
2435 2281 2557 2322 esse
2595 2267 2795 2321 omnia.
2820 2263 3022 2320 Verum
3073 2265 3204 2336 quid
3255 2269 3324 2321 sit
3373 2268 3580 2339 ἀχαίτης
3619 2269 3718 2322 illud

2212 2374 2375 2415 cervo
2407 2358 2646 2414 additum
2676 2358 2913 2412 nondum
2947 2359 3130 2414 video.
3172 2358 3320 2424 Quod
3355 2374 3470 2412 cum
3499 2359 3719 2430 posuisset

2210 2451 2527 2507 Aristoteles
2549 2491 2563 2513 ,
2605 2451 2926 2521 interpretes
2959 2451 3082 2506 sine
3114 2451 3338 2524 inscitiae
3377 2460 3492 2506 nota
3521 2452 3720 2508 omittere

2213 2542 2435 2597 minime
2485 2542 2807 2596 debuerunt.
2855 2540 2960 2596 Sed
3011 2542 3426 2598 modestissimis
3449 2542 3582 2597 hisce
3620 2542 3720 2598 viris

2211 2633 2414 2703 aliquid
2440 2634 2852 2688 condonandum
2879 2643 2982 2689 est.
3007 2633 3152 2699 Quid
3186 2636 3566 2689 neulatissimus
3583 2633 3720 2690 Julius

2215 2720 2480 2792 Scaliger,
2513 2737 2672 2792 quem
2718 2722 2851 2776 nihil
2879 2727 3144 2793 praeterit,
3177 2733 3229 2778 et
3269 2725 3320 2777 in
3349 2739 3470 2793 quo,
3497 2727 3536 2778 si
3571 2740 3723 2778 conce~

2211 2812 2311 2868 das
2354 2829 2571 2869 errores
2621 2822 2675 2868 et
2728 2814 2950 2884 lapsus,
2999 2814 3068 2869 de
3121 2815 3240 2884 ejus
3288 2815 3442 2870 etiam
3498 2816 3723 2870 divinitate

2213 2907 2401 2960 tollere
2448 2920 2671 2961 necesse
2720 2916 2823 2969 est,
2872 2921 2971 2960 nec
3015 2907 3402 2978 dedignabitur
3445 2909 3588 2962 etiam
3635 2909 3722 2978 ipse

2212 2996 2538 3068 quandoque
2593 3008 2762 3054 semet
2817 2999 3090 3054 hominem
3146 3017 3266 3056 esse
3316 3001 3481 3054 fateri.
3531 3002 3721 3070 Scaliger

2214 3088 2395 3158 itaque
2427 3088 2769 3145 Aristotelem
2803 3091 2877 3143 ita
2914 3091 3071 3144 vertit
3114 3091 3275 3146 :Jam
3307 3110 3417 3147 vero
3455 3105 3613 3161 capﬁus
3636 3109 3721 3145 cer-

533 3181 728 3239 Latent
755 3185 965 3238 amissis
998 3184 1133 3238 velut
1166 3185 1405 3241 inermes.
1433 3184 1534 3241 Sed
1577 3197 1627 3241 et
1660 3187 1713 3241 hi
1744 3187 1875 3243 bona
1905 3204 2000 3242 suo
2030 3188 2112 3242 in-
2139 3170 2180 3227 (ἶ
2214 3196 2305 3232 Νη
2331 3189 2409 3234 ωε
2448 3196 2629 3251 gerens
2659 3181 2711 3232 ἱη
2747 3179 2990 3234 ιόνηὶὺαε
3022 3193 3238 3236 enatam
3282 3183 3508 3238 hederam
3549 3185 3719 3236 multum

535 3275 784 3332 videntes.
839 3275 1110 3345 Elianus,
1166 3279 1257 3333 lib.
1309 3295 1359 3333 vr
1419 3278 1496 3334 De
1535 3279 1720 3336 histor.
1769 3281 1958 3346 anim.,
1989 3297 2109 3350 cap.

536 3369 592 3434 5,
621 3369 810 3424 eadem
841 3370 1026 3424 refert.
1061 3369 1212 3424 Multi
1265 3373 1432 3425 etiam
1481 3386 1704 3426 causam
1751 3388 1918 3441 quare
1967 3375 2111 3428 cervi

537 3475 744 3516 cornua
778 3462 1008 3516 latenter
1041 3461 1335 3524 dimittant,
1369 3463 1452 3517 vel
1484 3472 1684 3518 terram
1726 3463 1992 3519 fodientes
2021 3480 2116 3519 oc-

538 3554 764 3618 cultent,
799 3553 1214 3624 investigarnnt.
1264 3555 1472 3612 Plinius
1501 3557 1568 3610 ad
1599 3557 1856 3612 invidiam
1894 3558 2111 3622 retulit;

537 3646 627 3700 cui
657 3647 933 3702 consentit
983 3645 1258 3709 Allienus,
1313 3650 1404 3703 lib.
1457 3665 1550 3711 ιιι,
1586 3663 1704 3718 cap.
1751 3649 1818 3702 l7
1853 3668 1865 3702 :
1908 3646 2028 3702 Οἵδε
2057 3649 2113 3701 δὲ

539 3736 634 3790 καὶ
667 3735 860 3804 ἔλαφος
888 3735 949 3788 τὸ
989 3734 1159 3799 δεξιὸν
1204 3737 1368 3805 κέρας
1393 3737 1530 3806 ἔχων
1562 3739 1640 3799 εἰς
1676 3736 1844 3790 πολλὰ
1889 3737 2111 3805 ἀγαθὸν,

540 3827 634 3881 καὶ
650 3826 829 3897 μέντοι
852 3825 1168 3896 κατορύττει
1186 3828 1316 3881 αὐτὸ
1335 3830 1426 3882 καὶ
1445 3827 1782 3898 ἀποκρύπτει
1805 3827 2000 3898 φθόνῳ,
2019 3827 2114 3882 τοῦ

542 3919 618 3990 μὴ
641 3918 891 3972 τοσοῦτον
915 3919 1010 3988 (ita
1039 3919 1184 3973 enim
1213 3921 1447 3989 corrigo)
1468 3920 1588 3973 τινὰ
1618 3919 2117 3975 ἀπολαῦσαιπιιθο-

540 4012 799 4082 pbrastus
825 4009 961 4078 Περὶ
981 4007 1097 4062 τῶν
1119 4010 1455 4079 λεγομένων
1471 4010 1625 4072 ζώων
1647 4010 1908 4080 φθονεῖν,
1931 4020 2115 4080 aperte

541 4101 595 4155 id
626 4107 784 4170 negat
816 4115 925 4155 non
960 4108 1168 4154 tantum
1210 4102 1263 4155 in
1307 4103 1502 4165 cervis,
1537 4103 1630 4158 sed
1663 4111 1718 4157 et
1764 4103 1817 4157 in
1852 4104 1972 4159 aliis
2000 4104 2116 4157 ani-

540 4193 808 4272 inalibus,‘
826 4208 945 4262 quae
969 4208 1054 4248 res
1081 4193 1201 4247 aliis
1226 4194 1384 4249 utiles
1411 4196 1494 4249 vel
1522 4195 1859 4250 abscondunt
1884 4197 1963 4251 vel
1995 4211 2116 4250 cor-

539 4289 822 4352 rumpunt.
852 4281 1086 4336 Tantum
1116 4284 1259 4337 enim
1282 4285 1357 4338 ait
1391 4284 1490 4340 hoc
1523 4285 1926 4342 existimatione
1949 4286 2116 4341 homi-

541 4388 671 4427 num
711 4373 848 4428 falsa
891 4373 1158 4428 accusari.
1197 4373 1269 4428 Ea
1317 4391 1551 4446 namque
1597 4380 1829 4433 naturali
1876 4381 2112 4450 quodam

542 4465 824 4527 instinctu,
873 4464 988 4520 sive
1041 4465 1201 4519 etiam
1246 4465 1536 4535 aliquando
1587 4469 1782 4526 timore
1823 4471 1876 4526 id
1930 4489 2110 4543 agere,

540 4571 774 4628 quorum
811 4566 989 4611 tamen
1016 4557 1279 4610 rationem
1313 4573 1414 4612 nos
1447 4561 1733 4630 nequimus
1765 4563 2010 4618 reddere.

613 4647 775 4712 lbi-.l.,
843 4649 940 4703 lin.
976 4651 1060 4704 l3.
1113 4650 1222 4704 Kal
1273 4651 1494 4716 νυκτὸς
1542 4651 1796 4722 νέμεται.
1845 4655 2119 4722 Elianus,

543 4739 640 4794 lib.
665 4756 740 4804 Vt,
767 4754 887 4809 cap.
911 4741 944 4796 5
967 4761 979 4796 :
1006 4741 1266 4810 Λέγονται
1307 4743 1364 4796 δὲ
1397 4745 1490 4796 καὶ
1513 4744 1888 4813 φυλάττεσθαι,
1915 4751 2124 4819 μήποτε

544 4831 652 4905 ἄρα
699 4836 910 4904 νεαροῖς
954 4831 1102 4887 οὖσιν
1149 4837 1327 4889 αὐτῶν
1364 4839 1476 4901 τοῖς
1507 4836 1707 4900 ἕλκεσι,
1739 4833 1855 4892 εἶτα
1894 4842 2124 4910 προσπί-

545 4941 755 4979 πτουσα
783 4927 815 4997 ἠ
846 4926 1005 4989 ἀκτὶς
1043 4927 1227 4998 πρὶνῆ
1265 4929 1523 4998 παγῆναι,
1559 4929 1653 4982 καὶ
1692 4931 1816 4994 τοὺς
1853 4931 2122 5002 καλουμέ-

544 5033 672 5081 νους
724 5017 977 5090 χόνδρους
1037 5018 1243 5072 λαϐεῖν.
1281 5021 1413 5073 Ἥδε
1473 5023 1571 5093 τὴν
1621 5021 1796 5093 σάρκα
1849 5023 2124 5097 ὑποσήψῃ.

545 5107 891 5174 Aristoteles,
922 5109 1017 5164 lib.
1051 5126 1104 5164 Ix
1147 5110 1222 5165 De
1247 5111 1374 5166 hist.
1401 5114 1589 5178 anim.,
1621 5129 1744 5184 cap.
1774 5113 1808 5167 5
1837 5133 1852 5168 :
1885 5113 2127 5168 Pascun-

551 5208 638 5254 tur
663 5217 754 5268 per
784 5201 838 5255 id
867 5211 1066 5273 tempus
1099 5214 1253 5258 noctu
1278 5203 1439 5258 donec
1478 5207 1732 5274 recipiant
1761 5223 1983 5283 cornua,
2009 5223 2126 5277 qua:

549 5291 778 5359 primum
829 5294 986 5364 quasi
1037 5304 1152 5348 cute
1196 5296 1382 5349 vestita
1411 5305 1460 5350 et
1492 5295 1805 5350 hirtiuscula
1841 5299 2124 5362 emittunt;

550 5381 640 5436 sed
671 5399 789 5438 cum
826 5384 1076 5439 creverint
1117 5386 1222 5440 soli
1261 5396 1547 5456 exponunt,
1591 5397 1646 5440 ut
1693 5397 2050 5458 excoquuntur
2074 5397 2126 5444 et

550 5485 771 5530 siccent.
1921 5522 1928 5530 .

623 5562 780 5630 lbid.,
804 5568 900 5624 lin.
924 5569 1011 5626 15.
1041 5569 1386 5640 Βουλομένη
1415 5570 1483 5625 δὲ
1503 5569 1836 5641 δοκιμάσαι.
1859 5571 2127 5626 Aristote-

553 5657 634 5713 les
665 5654 859 5713 ibidem
887 5678 901 5715 :
935 5663 1101 5715 Ὅταν
1130 5661 1183 5714 δὲ
1214 5661 1408 5733 μηκέτι
1446 5663 1646 5716 πονῶσι
1677 5663 1813 5734 πρὸς
1839 5662 1906 5716 τὰ
1935 5662 2126 5734 δένδρα

550 5745 814 5819 κνώμενοι
847 5753 1004 5821 αὐτὰ,
1037 5753 1153 5806 τότε
1181 5752 1490 5808 ἐκλείπουσι
1522 5755 1646 5819 τοὺς
1675 5755 1872 5816 τόπους
1900 5754 2124 5817 τούτους

2213 3269 2452 3339 uiridem,
2479 3271 2630 3341 quasi
2659 3287 2773 3340 qua:
2801 3288 2916 3324 cum
2947 3274 3144 3326 tenella
3185 3285 3374 3340 essent,
3409 3276 3572 3328 innata
3601 3275 3718 3341 fuerit

2216 3373 2465 3432 tanquam
2505 3365 2557 3416 in
2605 3363 2792 3416 arbore
2833 3364 3008 3420 uiridi.
3056 3363 3141 3421 Ne
3187 3367 3298 3420 hilo
3321 3367 3522 3438 quidem
3553 3368 3716 3421 nicl.ss.

2214 3453 2402 3508 Adhuc
2426 3470 2622 3510 nomen
2646 3455 2874 3526 ἀχαίτης
2904 3459 3091 3513 nescio
3126 3476 3231 3529 qua
3255 3462 3453 3515 ratione
3474 3462 3715 3530 explosum.

2215 3547 2346 3614 Quae
2376 3548 2588 3602 nescias
2617 3551 3040 3618 prastermittere.
3079 3550 3188 3606 Sed
3217 3553 3503 3620 videamus,
3530 3553 3635 3623 quid
3659 3555 3716 3604 in-

2217 3639 2396 3694 nuerit
2440 3639 2777 3695 Aristotcles.
2812 3639 2910 3695 Diu
2951 3641 3003 3696 in
3033 3657 3094 3696 ea
3133 3644 3209 3698 fui
3241 3645 3511 3709 sententia,
3551 3645 3647 3697 loco
3671 3643 3717 3694 il-

2215 3731 2321 3785 lius
2377 3733 2771 3787 restLtuendum
2831 3749 2954 3788 esse
3011 3736 3307 3806 Ἀχαίκός,
3361 3738 3625 3798 Achaicus,
3669 3749 3714 3788 er

2218 3823 2422 3878 Achaia
2459 3824 2697 3894 regione,
2722 3825 2827 3880 nisi
2856 3823 2910 3879 id
2935 3825 3075 3879 idem
3107 3829 3444 3884 retinendum
3472 3836 3596 3883 esset
3615 3839 3715 3879 nova

2217 3913 2447 3983 quadam
2490 3914 2811 3968 formatione
2851 3915 3126 3987 Ἀχαῒτης,
3163 3935 3226 3975 ex
3259 3919 3480 3982 Achaia,
3512 3918 3718 3972 Aristotc-

2218 4006 2430 4074 lemque
2453 4005 2690 4060 locutum
2721 4005 2788 4061 de
2818 4022 2978 4063 cervo
3011 4020 3175 4079 capto
3197 4013 3438 4067 videlicet
3473 4013 3519 4066 in
3545 4008 3716 4064 Achaia.

2217 4096 2587 4151 Confirmabat
2619 4113 2788 4152 meam
2822 4103 3142 4154 sententiam
3180 4105 3318 4157 idem
3335 4096 3716 4167 Aristoteles,qui

2217 4191 2399 4246 libello
2427 4191 2565 4260 Περὶ
2592 4194 2936 4261 θαυμασίων
2964 4195 3363 4266 ἀκουσμάτων
3385 4198 3435 4250 in
3462 4196 3632 4250 Achaia
3657 4193 3714 4245 di-

2217 4285 2292 4335 cit
2352 4295 2562 4344 cervos,
2614 4283 2832 4336 amissis
2881 4284 3155 4347 cornibus,
3211 4285 3516 4341 solitudines
3561 4288 3713 4353 petere.

2216 4371 2352 4425 Φασὶ
2379 4371 2435 4424 δέ
2465 4389 2617 4436 τινας
2649 4374 2706 4426 ἐν
2749 4374 2937 4447 Ἀχαΐᾳ
2983 4375 3089 4428 τῶν
3124 4376 3358 4446 ἐλάφων,
3399 4391 3542 4447 quem
3582 4375 3714 4426 locum

2220 4463 2470 4532 superius
2501 4463 2924 4535 exscripsimus,
2971 4465 3043 4520 ibi
3090 4469 3237 4522 enim
3291 4467 3466 4522 subdit
3499 4484 3510 4518 :
3543 4461 3715 4518 nstitui;

2215 4555 2272 4608 δὲ
2309 4555 2496 4608 κισσὸν
2541 4558 2914 4628 ἐπιπεφυκότα
2960 4559 3018 4611 ἐν
3059 4558 3136 4628 τῷ
3192 4560 3300 4614 τῶν
3350 4559 3570 4632 κεράτων
3604 4553 3713 4619 τόπῳ

2211 4648 2458 4718 ὁρᾶσθαι.
2495 4647 2620 4704 Haec
2663 4659 2842 4706 tamen
2889 4667 2987 4707 nec
3017 4652 3206 4717 dubio,
3237 4669 3336 4708 nec
3377 4653 3618 4707 hominum
3646 4659 3714 4698 et-

2213 4739 2526 4808 spectationi
2557 4741 2880 4796 videbantur
2903 4743 3056 4802 satis.
3086 4759 3209 4798 cum
3235 4745 3404 4798 adhuc
3430 4750 3555 4796 esset
3581 4738 3712 4790 incer-

2213 4838 2326 4884 tum
2385 4845 2453 4884 an
2511 4831 2578 4886 de
2623 4834 2799 4888 cervis
2855 4833 3109 4890 Achaicis
3166 4835 3484 4905 loqueretur,
3533 4837 3710 4900 quorum

2213 4923 2362 4976 nulla
2383 4923 2523 4978 facta
2555 4926 2849 4991 mentione,
2877 4927 2969 4982 sed
3004 4928 3110 4983 alio
3125 4930 3287 4983 ducto
3317 4926 3559 4998 principio
3580 4918 3707 4976 dicit:

2213 5014 2438 5078 Πολλαῖς
2471 5014 2526 5068 δὲ
2556 5016 2740 5069 κισσὸν
2769 5018 3156 5088 ἐπιπεφυκότα.
3192 5019 3293 5077 Sed
3317 5038 3370 5076 re
3394 5021 3564 5074 melius
3581 5016 3712 5080 inspe-

2214 5113 2298 5159 cta
2333 5106 2807 5178 considerateque,
2861 5112 2935 5166 ita
2977 5114 3156 5167 locum
3191 5113 3480 5169 Aristotelis
3505 5109 3706 5164 restituo:

2218 5198 2355 5268 Ἤδη
2388 5198 2442 5251 δὲ
2472 5199 2720 5270 εἴληπται
2762 5203 2953 5274 ἀχαῖνὴ
3000 5205 3212 5275 ἔλαφος,
3255 5207 3329 5262 vel
3365 5191 3709 5276 ἀχαΐνηςνειυθδ

2215 5289 2268 5345 et
2299 5291 2514 5348 melius.
2567 5291 2720 5348 Libet
2767 5298 2910 5351 enim
2956 5313 3175 5353 cervum
3209 5300 3348 5354 hunc
3385 5298 3450 5351 ita
3479 5291 3706 5364 appellare.

2215 5382 2356 5452 quod
2389 5381 2704 5454 Etymologo
2734 5386 3002 5444 referente
3037 5391 3183 5446 circa
3228 5389 3518 5445 Achaainam
3547 5381 3706 5436 urbem.

2216 5475 2329 5530 sive
2389 5475 2551 5529 etiam
2602 5477 2899 5546 regionem,
2952 5483 3062 5536 sint
3107 5497 3298 5552 genera
3339 5465 3588 5535 cervorum
3626 5481 3708 5522 ma-

2217 5580 2466 5636 Βηοΐυῐηι
2517 5566 2747 5636 ideoque
2789 5587 2979 5627 cervos
3021 5574 3094 5627 ita
3143 5584 3392 5627 vocatos:
3438 5554 3708 5636 Ἀχαιῖνὲαὴ

2217 5656 2430 5728 ἔλαφος,
2475 5659 2887 5726 Ἀπολλώνιος...
2915 5666 2983 5736 ἥν
3012 5668 3058 5719 τ’
3096 5669 3330 5739 ἀγρῶται
3357 5660 3598 5734 ἀχαιῖνέην
3633 5664 3708 5702 ³⁸³⁸

2222 5750 2431 5806 λέουσιν
2455 5752 2892 5825 ἀπὸ⁶Ἀχαιῖνέας
2930 5760 3154 5830 πόλεως,
3191 5764 3246 5815 ἐν
3277 5756 3306 5827 ἦ
3343 5758 3440 5821 εἴδη
3473 5754 3586 5806 εξσὶν
3610 5740 3708 5796 ἐλά·
