3952 6204
228 402 326 456 9H

1121 400 1188 458 IN
1230 399 1602 460 EUSTATHII
1641 398 2114 459 [IEXAEMERON
2155 399 2390 458 NOTE.

3352 404 3458 460 illi

222 543 341 594 φων
399 525 665 596 μεγάλων.
723 521 785 580 Et
834 525 1172 590 Aristoteles,
1232 527 1326 581 lib.
1375 541 1412 580 ιι
1467 525 1541 581 De
1587 526 1784 582 histor.
1817 538 1860 592 Α
1890 543 2010 591 nus,
2044 542 2244 592 cervus,
2272 525 2455 587 dama,
2491 534 2545 580 et
2573 523 2736 595 paulo
2770 536 2890 597 post
2925 542 2937 580 :
2970 519 3320 592 Quamobrem
3347 529 3461 595 pulo

222 618 471 681 animal.,
505 633 626 687 cap.
670 617 756 682 l5,
813 618 1049 689 Λχαῖνάς
1079 620 1384 690 appellavit.
1429 619 1550 672 Τῶν
1577 619 1634 672 δὲ
1667 619 1784 675 ὲλάσ

222 725 339 778 φων
381 711 436 762 αἱ
495 710 710 780 ἀχαῖναὶ
757 710 1085 782 καλούμεναι
1129 711 1372 766 δοκοῦσιν
1430 711 1572 782 ἔχειν
1619 714 1676 766 ὲν
1725 715 1791 784 τῇ

220 802 404 873 κέρκῳ
462 802 662 873 χολήν,
706 818 846 873 quos
911 803 1153 873 Scaliger
1199 805 1254 859 in
1309 821 1363 859 Ix
1408 806 1524 858 vult
1572 813 1792 862 vocatas

216 893 468 962 ἀχαῖτας.
520 894 692 960 Quam
745 902 889 950 recte
936 896 1162 950 aliorum
1215 905 1334 952 esto
1376 897 1665 964 judicium.
1714 897 1791 953 Ex

216 984 514 1041 Aristotele
561 987 863 1058 Antigonus
913 987 1194 1060 Carystius
1250 991 1302 1043 in
1359 989 1554 1042 Mirab.
1598 1005 1617 1043 :
1671 991 1791 1046 Τῶν

214 1076 274 1130 δὲ
311 1078 524 1147 ἐλάφων
554 1081 679 1144 τοὺς
717 1081 992 1151 ἀχαιΐνους
1029 1082 1389 1153 καλουμένους
1429 1083 1602 1136 δοκεῖν
1630 1085 1686 1136 ὲν
1722 1085 1788 1155 τῇ

213 1170 404 1241 κέρκῳ
425 1170 521 1242 τὴν
543 1172 704 1244 χολὴν
736 1172 897 1243 ἔχειν.
935 1173 1164 1229 Dubium
1213 1183 1388 1230 tamen
1428 1190 1588 1232 omne
1631 1177 1791 1232 solvit

216 1263 363 1318 idem
413 1265 716 1335 Antigonus
747 1307 762 1331 ,
818 1267 982 1322 verba
1050 1269 1364 1324 exscribens
1404 1271 1730 1326 Aristotelis
1769 1288 1786 1328 :

214 1354 361 1426 Ἤδη
405 1357 462 1410 δὲ
495 1357 799 1428 ,διειλῆφθαι
851 1361 1100 1432 ἀχαιῒνην
1139 1361 1331 1431 ἔλαφον
1363 1361 1540 1416 κιττὸν
1568 1363 1790 1434 ἔχουσαν

209 1447 309 1500 ἐπὶ
334 1448 441 1501 τῶν
466 1451 730 1523 κεράτων,
763 1451 838 1515 ὡς
869 1453 933 1506 ἂν
965 1453 1206 1525 ἐνύγρων
1237 1454 1424 1508 ὄντων.
1451 1454 1628 1520 Quare
1655 1459 1790 1511 scri-

209 1539 454 1594 bendum
492 1544 760 1607 existimo,
787 1544 888 1615 ἥδη
920 1545 976 1598 δὲ
1014 1546 1266 1616 εἴληπται
1294 1547 1540 1618 ἁχαιῒνης
1571 1547 1785 1617 ἔλαφος,

207 1638 268 1684 et
301 1635 655 1702 reddendum,
681 1637 806 1692 Jam
828 1656 947 1694 vero
976 1650 1159 1709 captus
1180 1649 1258 1694 est
1300 1639 1557 1695 achteines
1589 1658 1785 1697 cervus.

287 1727 445 1786 Ibid.
471 1729 568 1782 lin.
598 1730 683 1785 19.
717 1731 871 1798 Πρὸς
914 1731 984 1784 δὲ
1023 1732 1095 1786 τὰ
1142 1731 1426 1800 δήγματα.
1472 1734 1788 1790 Aristoteles

213 1821 406 1876 eodem
441 1821 561 1875 loco
592 1840 605 1876 :
637 1819 786 1876 Cervi
819 1824 982 1877 marsi
1017 1824 1092 1877 vel
1123 1840 1155 1876 a
1191 1823 1468 1894 phalangio
1509 1825 1640 1878 vela
1667 1841 1789 1894 quo-

1892 616 2010 670 chre
2043 633 2076 671 a
2105 617 2358 672 veteribus
2389 615 2584 670 dicitur
2611 616 2743 681 illis,
2767 619 2856 685 qui
2887 630 3104 671 causam
3130 635 3224 671 cur
3256 618 3458 671 diutius

1891 710 2112 774 vivatur,
2148 709 2285 780 fellis
2327 711 2641 764 vacuitatem
2689 725 2799 764 esse
2841 710 3008 776 aiunt,
3052 711 3360 782 argumento
3397 726 3463 765 ex

1891 799 2179 866 solipedum
2221 815 2590 870 cervorumque
2635 815 2818 868 genere
2850 799 3072 853 deducto
3115 814 3134 854 :
3174 801 3283 853 lucc
3322 802 3461 854 enim

1889 902 1938 944 et
1985 892 2104 960 felle
2140 901 2348 952 vacant,
2395 901 2444 944 et
2490 893 2578 945 ditt
2621 893 2814 948 vivunt.
2863 891 3071 948 Plinius
3103 893 3198 950 lib.
3233 909 3308 954 XI,
3337 909 3457 964 cap.

1891 985 1979 1050 57,
2011 985 2153 1054 quod
2183 985 2250 1041 de
2271 985 2517 1040 Achaino
2546 986 2662 1040 solo
2693 985 3012 1042 Aristotcles
3049 1009 3061 1044 :
3101 988 3219 1058 ipse
3245 988 3313 1042 de
3341 1003 3461 1042 om-

1891 1075 2055 1129 nibus
2088 1075 2288 1130 tradit:
2318 1075 2452 1130 Sunt
2506 1077 2596 1147 qui
2640 1093 2770 1146 equo
2799 1094 2903 1131 non
2930 1077 3136 1147 quidem
3181 1079 3235 1132 in
3281 1078 3458 1148 jecorc

1889 1183 2020 1233 esse,
2059 1169 2155 1223 sed
2189 1170 2244 1222 in
2277 1170 2392 1224 alvo
2426 1182 2628 1240 putent,
2656 1183 2705 1227 et
2735 1190 2881 1228 cervo
2917 1175 2971 1227 in
3004 1173 3175 1225 cauda
3203 1182 3294 1226 aut
3324 1173 3458 1226 inte-

1888 1265 2066 1319 stinis.
2101 1263 2309 1318 Plinius
2351 1266 2572 1332 ibidem,
2620 1267 2877 1323 intestina
2921 1281 3205 1323 cervorum
3246 1271 3452 1318 tantam

1889 1355 2088 1412 habere
2119 1358 2284 1412 tradit
2310 1360 2754 1423 amaritudinem,
2788 1369 2844 1414 ut
2893 1374 2923 1412 a
2957 1360 3186 1413 canibus
3231 1373 3337 1412 non
3373 1363 3453 1410 at—

1888 1447 2187 1517 tingantur.
2225 1449 2546 1505 Aristoteles
2571 1489 2586 1517 ,
2624 1449 2698 1505 De
2740 1451 2865 1506 hist.
2915 1451 3077 1503 anim.
3111 1449 3203 1503 lib.
3243 1463 3305 1514 ιι,
3329 1461 3449 1517 cap.

1891 1538 1978 1604 l5,
2021 1554 2085 1594 ea
2139 1540 2349 1603 scribit,
2381 1554 2412 1594 a
2443 1541 2672 1596 canibus
2722 1557 2832 1596 non
2878 1539 3093 1610 attingi,
3124 1539 3230 1593 nisi
3259 1553 3454 1593 cervus

1887 1631 2216 1702 praepinguis
2266 1631 2359 1687 sit.
2396 1631 2614 1688 Falsum
2648 1633 2701 1688 id
2754 1647 2876 1688 esse
2905 1631 3255 1702 experientia,
3282 1637 3336 1684 et
3364 1646 3456 1684 ve-

1888 1732 2106 1778 natores
2139 1723 2356 1788 docent,
2389 1726 2480 1795 qui
2527 1734 2686 1796 capto
2714 1740 2874 1781 cervo
2910 1726 2967 1779 in
3001 1738 3206 1778 morem
3257 1723 3455 1777 habent

1887 1812 2007 1882 ejus
2031 1814 2352 1876 visceribus.
2379 1816 2674 1879 intestinis,
2696 1824 2750 1872 et
2774 1816 3038 1886 sanguine
3060 1829 3224 1870 canes
3247 1813 3450 1869 cibare.

213 1913 292 1965 ris
325 1912 525 1980 generis
557 1911 808 1979 ejusdem,
834 1929 1052 1967 cancros
1080 1915 1258 1966 edunt.
1289 1913 1440 1980 Quod
1465 1915 1600 1967 idem
1623 1916 1776 1968 etiam

1889 1903 2242 1970 Aristoteles,
2295 1906 2372 1961 De
2412 1908 2538 1961 hist.
2595 1910 2759 1964 anim.
2813 1885 2910 1964 libi.
2963 1923 3034 1972 tv,
3080 1922 3200 1977 cap.
3235 1909 3451 1969 ultimo.

211 1999 418 2054 homini
465 2002 709 2070 prodesse
756 2012 1014 2071 putatur;
1059 2004 1150 2059 sed
1201 2022 1304 2059 non
1353 2016 1497 2059 caret
1544 2006 1783 2075 fastidio.

211 2093 564 2160 Plutarchus,
593 2097 630 2151 l.
671 2099 896 2166 Πότερα
919 2096 1036 2152 τῶν
1056 2096 1230 2164 ζώων,
1268 2098 1539 2156 Nicander
1566 2101 1619 2155 in
1656 2099 1788 2155 The-

209 2187 401 2252 riacis,
428 2185 704 2258 Oppianus
738 2192 958 2258 Κυνηγ.
990 2204 1027 2244 Il
1059 2209 1074 2247 :

209 2299 414 2373 Αὐτὰρ
443 2298 496 2362 ὃ,
529 2297 831 2373 rer-dianam
857 2301 1060 2373 θεόθεν
1078 2303 1268 2370 ,τόπερ
1308 2301 1531 2373 ἔλλαχε
1573 2302 1782 2373 δῶρον,

210 2369 420 2436 Ιιάντῃ
443 2372 727 2441 μαστεύει
755 2370 1046 2439 δνοφερὸν
1071 2369 1352 2441 ποταμοῖο
1369 2369 1633 2441 ῥέεθρον.

208 2441 420 2513 Κεῖθεν
446 2440 801 2513 καρκινάᾷας
831 2441 900 2494 δὲ
925 2442 1130 2513 φιλ-αις
1156 2440 1436 2512 ﬁmum
1467 2444 1784 2513 δαμάσσας

210 2511 532 2580 Φάρμακον
559 2510 984 2566 αὐτοδίδακτον
1009 2511 1132 2580 ἔχει
1162 2510 1589 2584 πολυπήμονος
1613 2510 1780 2584 ἄτης-ζ

211 2641 538 2695 Adnotanda
583 2639 831 2696 videntur
867 2644 1126 2698 nonnulla
1155 2644 1221 2700 de
1251 2647 1451 2712 cervis,
1489 2649 1544 2703 in
1578 2651 1780 2720 quibus

210 2742 467 2788 auctores
513 2733 794 2789 dissident.
851 2735 1175 2794 Aristoteles
1231 2739 1327 2794 lib.
1394 2755 1494 2795 vui
1569 2739 1774 2798 Ilistor.

211 2829 408 2893 sum,
440 2841 560 2898 cap.
589 2825 690 2895 28;
733 2825 950 2894 Strabo,
984 2827 1215 2894 Plinius,
1251 2830 1474 2899 Seneca,
1500 2833 1775 2901 Lucanus,

213 2921 540 2990 Antigonus,
584 2919 888 2978 Herodotus
921 2921 1254 2993 Melpomene
1285 2939 1392 2978 uno
1420 2941 1514 2981 ore
1545 2926 1779 2983 fatentur

213 3015 266 3067 in
318 3012 482 3085 Libya
518 3028 692 3083 neque
735 3027 953 3068 cervum
996 3029 1172 3087 neque
1206 3031 1395 3085 aprum
1436 3018 1604 3073 ullum
1631 3035 1772 3076 esse.

208 3102 493 3174 Oppianus
525 3103 720 3159 Africae
758 3104 970 3170 tribuit,
1003 3107 1096 3160 lib.
1147 3123 1182 3160 ιι
1229 3111 1450 3178 Κυνητ.
1475 3109 1776 3166 Commune

211 3199 262 3252 id
299 3197 494 3250 habuit
530 3211 654 3250 cum
686 3195 933 3267 Virgilio.
972 3199 1064 3268 qui
1097 3199 1191 3254 lib.
1220 3215 1234 3252 ι
1261 3207 1314 3254 et
1343 3217 1415 3265 IV,
1454 3200 1681 3257 AEneam
1716 3204 1772 3257 in

209 3291 395 3345 littore
428 3289 618 3344 Africa:
656 3305 843 3347 cervos
875 3292 1189 3361 agitantem,
1214 3301 1268 3347 et
1295 3295 1648 3364 conligentem
1684 3294 1768 3349 fa-

206 3380 308 3445 cit,
342 3388 396 3434 et
426 3395 545 3434 cum
572 3379 902 3436 Philostrato
933 3383 1213 3437 Albericus
1245 3384 1481 3454 gentilis,
1508 3385 1603 3441 lib.
1655 3383 1774 3440 Vir-

203 3473 304 3542 gil.
331 3473 473 3534 lect.,
514 3488 566 3529 c.
608 3474 663 3539 8,
697 3476 970 3528 existimat
998 3473 1278 3545 Virgilium
1321 3491 1444 3529 cum
1479 3492 1668 3533 cervos
1716 3479 1772 3532 in

203 3565 394 3618 Africa
435 3566 636 3634 posuit,
676 3574 920 3620 secutum
955 3582 1078 3622 esse
1124 3565 1385 3621 Timaeum
1424 3569 1770 3635 historicum,

201 3657 371 3727 cujus
427 3656 567 3711 haud
615 3656 902 3713 mediocris
948 3659 1241 3713 auctoritas
1268 3669 1373 3715 est.
1421 3660 1485 3713 Et
1517 3659 1774 3717 Brodzeus

202 3749 400 3814 tradit,
435 3751 527 3806 lib.
564 3750 856 3806 Miscellan.
890 3767 1009 3816 Vlll,
1038 3767 1156 3822 cap.
1195 3752 1279 3820 15,
1308 3751 1469 3809 Italos
1495 3769 1524 3808 a
1564 3771 1622 3811 se
1649 3753 1774 3809 Gal-

207 3846 407 3915 }osque
450 3844 540 3916 qui
578 3845 804 3900 fuissent
849 3845 904 3898 in
941 3844 1123 3898 Africa
1165 3846 1518 3900 barbarorum
1552 3848 1770 3918 captivi,

207 3953 274 3992 ea
305 3939 372 3992 de
404 3953 461 3992 re
483 3939 842 4007 interrogatos
869 3952 1011 4000 esse,
1037 3953 1099 3990 ac
1133 3939 1496 4007 reSpondisse,
1518 3940 1770 3993 inAfrica

204 4045 404 4084 cervos
433 4044 491 4084 se
521 4029 722 4084 vidisse
756 4029 1068 4098 permultos.
1103 4028 1332 4096 Quidam
1372 4031 1535 4084 etiam
1579 4047 1644 4086 ex
1681 4049 1775 4088 ve-

206 4120 495 4174 natorihus
529 4120 602 4173 ita
641 4119 919 4190 Virgilium
948 4119 1236 4176 defendere
1265 4122 1364 4176 visi
1392 4130 1549 4189 sunt;
1581 4140 1772 4194 nempe

203 4211 360 4265 illum
408 4212 644 4265 locutum
695 4210 860 4266 fuisse
899 4228 993 4282 per
1038 4213 1501 4282 anticipationem,
1545 4215 1769 4286 figuram

203 4303 386 4374 poetis
425 4303 766 4358 familiarem.
803 4305 998 4358 Dicunt
1041 4304 1206 4368 enim,
1245 4320 1433 4360 eorum
1457 4307 1548 4377 qui
1585 4307 1636 4362 id
1674 4324 1773 4363 ne-

201 4404 409 4464 garunt
436 4409 548 4448 aevo
587 4410 776 4450 cervos
819 4397 997 4452 nullos
1036 4397 1088 4450 in
1121 4396 1304 4452 Africa
1341 4398 1531 4465 fuisse,
1562 4398 1772 4471 Virgilii

199 4495 390 4540 autem
421 4495 576 4540 aetate
611 4486 719 4555 jam
748 4487 966 4542 aliunde
998 4489 1252 4545 advectos
1278 4490 1575 4556 exstitisse,
1611 4493 1774 4546 adeo-

1889 1994 2099 2052 Generis
2129 2001 2320 2054 cervini
2345 2001 2541 2069 femina
2563 2016 2816 2055 cornuum
2845 2003 3012 2068 inops,
3040 2001 3328 2070 mutilaque
3351 2010 3450 2063 est,

1886 2097 1941 2145 et
1978 2088 2050 2144 De
2077 2101 2216 2160 part.
2250 2094 2415 2147 anim.
2442 2094 2536 2148 lib.
2571 2109 2654 2155 ιιι,
2679 2109 2798 2164 cap.
2831 2093 2878 2156 l,
2905 2093 3236 2162 Quapropter
3259 2092 3313 2146 in
3340 2108 3453 2146 cer-

1886 2199 2066 2236 vorum
2101 2201 2301 2254 genere,
2330 2201 2449 2238 cum
2473 2185 2702 2239 maribus
2739 2202 2938 2240 cornua
2973 2185 3326 2254 sint,feminis
3361 2183 3453 2237 de-

1883 2286 2040 2339 sunt;
2071 2289 2124 2332 et
2169 2277 2332 2348 hujus
2384 2279 2438 2332 in
2466 2279 2654 2333 eodem
2703 2279 2880 2350 capite
2927 2279 3188 2332 rationem
3242 2277 3446 2332 subdit.

1883 2367 2071 2424 Pollux
2107 2369 2382 2428 Onomast.
2419 2373 2514 2427 lib.
2547 2390 2602 2438 v,
2639 2373 2748 2426 τῶν
2790 2373 3002 2444 ἐλάφων
3039 2372 3252 2442 ἄκερως
3280 2373 3312 2434 ή
3343 2368 3451 2422 θεί⁸

1883 2459 2015 2514 λεια’
2060 2464 2088 2516 ὁ
2120 2462 2166 2516 δ’
2212 2464 2386 2536 ἄρρην
2423 2465 2738 2538 κεροφόρος,
2787 2464 2820 2537 ἢ
2865 2466 3154 2536 κεράστης.
3211 2462 3316 2516 Alii
3368 2461 3448 2516 fe-

1883 2552 2046 2609 minis
2100 2569 2304 2609 cornua
2366 2556 2679 2611 tribuerunt
2729 2575 2742 2610 :
2794 2555 3061 2610 Pindarus
3122 2555 3329 2627 Olymp.
3390 2554 3454 2622 ὅ,

1880 2645 2222 2717 χρυσόκερων
2251 2646 2444 2716 ἔλαφον
2491 2647 2724 2719 θήλειαν.
2761 2646 3123 2703 Callimachus
3162 2648 3348 2719 hytnn.
3392 2647 3446 2700 in

1881 2735 2104 2792 Dianam
2129 2753 2254 2791 cum
2289 2737 2357 2793 de
2389 2740 2569 2795 cervis
2603 2739 2820 2795 feminis
2855 2741 3189 2810 loqueretur,
3212 2735 3447 2810 κεραίων

1877 2827 1922 2881 δ’
1949 2829 2302 2901 ἀπελάμπετο
2324 2831 2543 2904 χρυσός.
2569 2829 2672 2888 Ubi
2706 2832 3036 2888 Scholiastes
3061 2834 3161 2886 hoc
3189 2839 3444 2902 tanquam

1879 2935 2076 2974 novum
2116 2928 2304 2988 notat,
2369 2923 2689 2995 σημείωσαι,
2745 2923 2942 2994 inquit,
2988 2924 3069 2977 ὅτι
3100 2923 3200 2987 τὰς
3231 2923 3446 2993 θηλείας

1877 3007 2106 3078 ἐλάφους
2134 3013 2530 3085 κερατοφόρους
2555 3009 2696 3067 εἷπε.
2739 3012 2877 3081 Quid
2928 3012 3016 3068 hic
3050 3013 3364 3068 atlnolarem
3389 3013 3445 3066 in

1878 3107 2028 3155 tanta
2062 3117 2246 3157 rerum
2286 3105 2538 3160 inscitia?
2577 3103 2831 3160 Solemne
2855 3105 2957 3159 hoc
2989 3104 3088 3160 fuit
3112 3107 3285 3176 poetis
3314 3121 3446 3160 con-

1876 3195 2057 3249 traria:
2105 3198 2386 3251 sententia:
2435 3198 2822 3264 assertoribus,
2869 3213 3101 3269 quorum
3155 3201 3446 3255 nonnullos

1873 3287 2179 3357 aggregavit
2198 3287 2467 3355 Elianus,
2491 3288 2570 3343 De
2596 3289 2721 3344 hist.
2753 3289 2915 3346 anim.
2945 3291 3038 3345 lib.
3067 3307 3164 3353 vn,
3194 3308 3315 3364 cap.
3349 3285 3441 3356 3‘),

1875 3373 2197 3444 Sophoclem
2229 3377 2436 3432 scilicet
2475 3378 2530 3432 in
2573 3367 2829 3444 Aloadis;
2857 3379 3167 3450 Euripidem
3215 3385 3268 3436 in
3297 3382 3444 3452 Iphi-

1873 3468 2023 3538 genia
2054 3476 2106 3523 et
2142 3468 2434 3525 Temenidis
2451 3469 3252 3542 ;Pindarum,Anacreontem;
3277 3484 3330 3530 et
3345 3474 3444 3530 Ju-

1876 3560 1985 3616 lius
2033 3558 2295 3631 Scaliger,
2344 3562 2438 3617 lib.
2481 3577 2565 3627 ιιι,
2611 3561 2788 3630 Poet.,
2838 3579 2962 3634 cap.
2997 3566 3054 3631 4,
3104 3567 3298 3622 scribit
3342 3585 3442 3625 sua

1873 3659 2030 3708 aetate
2063 3653 2116 3706 in
2161 3651 2334 3707 Gallia
2364 3661 2575 3724 captam
2613 3653 2782 3711 fuisse
2820 3671 3036 3712 cervam
3083 3657 3434 3729 cornigeram

1874 3752 1929 3800 et
1971 3745 2090 3814 ejus
2120 3746 2284 3800 etiam
2316 3758 2480 3818 caput
2506 3749 2732 3803 servari.
2763 3747 3002 3806 Joannes
3027 3749 3285 3822 Langius,
3314 3752 3443 3824 Epi-

1873 3838 1995 3891 stol.
2022 3839 2346 3903 medicinal.,
2363 3854 2449 3909 ep.
2483 3839 2572 3914 70,
2600 3840 2694 3895 lib.
2718 3841 3042 3905 t,referenle
3067 3843 3300 3899 Henrico
3323 3842 3444 3899 Sal-

1873 3929 2102 3992 muthio,
2150 3931 2543 3985 commentario
2586 3932 2638 3986 in
2674 3932 2930 3988 Guidonis
2983 3933 3256 3990 Panciroli
3304 3953 3438 3993 nova

1873 4033 2060 4091 repert.
2088 4025 2172 4080 tit.
2214 4024 2302 4089 10,
2328 4024 2394 4080 de
2419 4025 2734 4097 horologiis,
2760 4029 3007 4083 scribunt
3037 4031 3091 4086 in
3116 4040 3270 4088 utero
3292 4036 3440 4090 cervi

1873 4114 2164 4185 cornigeri,
2199 4132 2361 4190 quam
2394 4116 2559 4174 Ottbo
2604 4118 2888 4186 Henricus,
2936 4137 3120 4178 comes
3158 4123 3441 4183 Palatinus

1873 4221 2040 4278 prope
2103 4207 2412 4281 Odewangh
2478 4222 2714 4281 ceperat,
2768 4225 3040 4284 repertum
3080 4215 3269 4284 fuisse,
3313 4219 3440 4275 dum

1872 4301 2267 4356 evisceraretur
2285 4303 2568 4358 hinnulum
2589 4306 2979 4362 membranulis
2990 4309 3438 4380 circumseptum,

1873 4397 1926 4444 et
1947 4390 2164 4460 quidem
2191 4407 2384 4449 cervos
2417 4393 2681 4464 quosdam
2718 4413 2884 4454 sexus
2911 4409 3163 4456 naturam
3203 4406 3438 4471 variare,

1876 4481 2000 4537 inde
2025 4484 2252 4554 colligit,
2288 4488 2433 4556 quod
2457 4489 2802 4546 observatum
2823 4491 3096 4548 sitcervas
3115 4494 3441 4566 quandoque

200 4593 315 4647 que
343 4587 551 4645 poetam
590 4593 652 4632 ea
686 4579 763 4632 uti
800 4579 1036 4634 voluisse
1065 4583 1255 4650 figura,
1285 4597 1404 4651 quae
1435 4581 1621 4636 Graece
1643 4582 1772 4636 dici.
1806 4596 1848 4652 ο
1875 4589 2103 4639 cornua,
2135 4592 2253 4646 qua:
2282 4580 2457 4634 virilia
2505 4598 2785 4637 cervorum
2818 4598 2966 4638 arma
3011 4595 3157 4650 sunt,
3201 4596 3438 4658 gestare.

199 4677 298 4723 tur
338 4670 620 4740 πρόληψις.
657 4670 812 4736 Quod
844 4671 1194 4742 probabiliter
1217 4673 1323 4728 dici
1362 4673 1632 4729 videbitur
1653 4672 1778 4727 Car-

201 4763 426 4832 pathios
469 4762 695 4830 lepores,
722 4778 932 4816 necnon
961 4772 1014 4816 et
1041 4762 1254 4819 Siculos
1275 4764 1770 4828 considerantibus,

197 4854 296 4922 qui
333 4866 457 4905 cum
488 4865 595 4906 non
619 4861 804 4906 essent
835 4854 1207 4920 importati,ad
1232 4853 1508 4909 fastidium
1531 4871 1704 4925 usque
1719 4864 1774 4910 et

199 4958 404 4997 noxam
441 4943 797 4999 increverunt.
831 4943 989 4999 Levis
1019 4954 1196 5001 tamen
1230 4956 1316 5002 est
1344 4948 1436 5001 illa
1476 4947 1772 5003 vindicatio

197 5035 245 5089 si
295 5050 483 5088 verum
524 5036 678 5089 fateri
732 5036 1003 5090 volumus.
1054 5037 1187 5090 Cum
1247 5037 1477 5100 Plinius,
1538 5037 1767 5105 Seneca,

199 5123 426 5190 Strabo,
461 5126 736 5189 Lucanus,
767 5127 1088 5196 Antigonus,
1122 5126 1416 5199 Virgiliano
1440 5145 1553 5184 aevo
1586 5145 1766 5200 pares,

201 5229 265 5274 ut
312 5219 385 5272 ita
429 5221 626 5284 dicam,
665 5223 746 5276 vel
791 5221 1094 5286 inferiores,
1131 5220 1183 5274 id
1226 5237 1331 5275 non
1375 5223 1769 5278 animadverte-

200 5320 358 5376 runt,
387 5314 477 5382 (ιιιὶ
506 5328 696 5368 omnes
722 5315 1040 5375 oscitantiaa,
1074 5323 1134 5367 ut
1169 5330 1308 5368 unus
1340 5313 1596 5386 Virgilius
1619 5317 1768 5384 judi-

199 5411 378 5464 cetur,
402 5403 756 5472 redarguendi
779 5411 928 5458 sunt.
947 5404 1061 5456 Alia
1081 5404 1242 5474 igitur
1264 5403 1558 5459 vindicatio
1581 5413 1766 5474 peten-

198 5495 291 5555 da,
329 5494 602 5549 Aristotcl.
635 5495 729 5548 lib.
762 5510 822 5556 ιι.
859 5509 981 5564 cap.
1019 5494 1105 5557 15,
1139 5502 1297 5565 negat
1326 5495 1392 5551 fel
1421 5497 1475 5550 in
1506 5512 1667 5551 cervo
1709 5504 1764 5552 et

197 5586 381 5650 dama,
413 5588 553 5642 sicut
581 5597 635 5642 et
668 5588 788 5643 aliis
818 5589 1140 5658 quibusdam
1170 5589 1514 5650 animalibus.
1547 5598 1600 5645 et
1629 5589 1760 5644 sub-

201 5679 279 5732 dit
306 5698 321 5733 :
352 5679 543 5735 Ccrvis
570 5681 828 5736 Achainis
854 5680 1176 5750 cognomine
1202 5680 1467 5736 contineri
1506 5683 1558 5734 in
1588 5683 1759 5737 cauda

1877 4663 2034 4731 Quali
2070 4669 2313 4721 marchio
2343 4670 2562 4739 quidam
2594 4671 2856 4728 Badensis
2893 4683 3049 4744 capta
3078 4676 3198 4745 ejus
3237 4693 3442 4734 cornua

1877 4755 1989 4826 regi
2023 4754 2298 4812 Gallorum
2341 4760 2486 4814 dono
2522 4763 2764 4826 miserat,
2789 4775 2924 4833 qua:
2955 4766 3174 4821 Ambasi
3205 4767 3260 4822 in
3291 4768 3442 4838 regio

1876 4846 2035 4901 horto
2074 4865 2240 4919 prope
2261 4851 2484 4918 januam
2520 4853 2836 4909 interiorem
2873 4857 3062 4925 parieti
3094 4857 3277 4921 affixa,
3310 4861 3443 4916 sub-

1875 4940 2096 5010 scriptis
2136 4943 2191 4996 in
2229 4943 2424 4997 labella
2462 4945 2719 5011 testibus,
2747 4947 2838 5016 qui
2871 4950 3145 5004 venationi
3179 4949 3441 5007 interfue-

1819 5044 1826 5051 '
1873 5041 2023 5096 rant,
2056 5034 2354 5088 etiamnum
2377 5037 2546 5090 cerni.
2577 5036 2754 5104 Quare
2779 5037 3114 5097 Salmutbius
3139 5041 3344 5114 colligit
3373 5058 3442 5098 ex

1871 5123 1964 5178 illa
2010 5140 2274 5179 cornuum
2333 5128 2634 5197 gestatione
2683 5145 2848 5186 sexus
2904 5134 3253 5189 mutationem
3305 5134 3442 5191 satis

1870 5233 1980 5272 non
2014 5219 2252 5289 probari.
2280 5219 2622 5286 Aristoteles,
2658 5222 2751 5278 lib.
2791 5238 2864 5290 Ix,
2899 5226 3066 5295 capit.
3100 5226 3312 5292 ultimo,
3343 5228 3440 5292 ait,

1869 5312 2064 5372 cervis,
2108 5311 2152 5366 si
2181 5311 2397 5381 quidem
2426 5311 2665 5367 nondum
2721 5317 2934 5371 cornuti
2977 5315 3276 5382 evirentur,
3331 5333 3442 5373 non

1868 5418 2116 5458 crescere
2149 5419 2388 5470 cornua;
2426 5405 2511 5459 sin
2557 5413 2738 5460 autem
2776 5405 2888 5475 jam
2920 5408 3134 5462 cornuti
3184 5423 3442 5464 exsecen-

1866 5506 1974 5557 tur,
2032 5511 2251 5553 manere
2303 5498 2394 5551 illa
2449 5512 2668 5568 semper
2721 5496 2969 5568 ejusdem
3025 5499 3440 5570 magnitudinis.

1864 5587 2013 5644 Cervi
2046 5590 2092 5642 si
2123 5605 2242 5642 cum
2297 5606 2390 5658 per
2439 5598 2649 5645 aztatem
2701 5591 2934 5646 nondum
2982 5606 3183 5647 cornua
3233 5605 3444 5664 gerunt,

1865 5693 2187 5745 castrentur,
2213 5699 2317 5737 non
2337 5683 2498 5738 edunt
2527 5700 2730 5740 cornua
2758 5701 2777 5739 :
2802 5684 2892 5740 sed
2931 5687 2978 5740 si
3015 5688 3274 5758 cornigeri
3302 5689 3448 5741 exci-

202 5772 470 5835 creditur;
509 5780 563 5828 et
622 5773 713 5826 lib.
761 5788 837 5836 tv,
885 5773 962 5828 De
1007 5782 1148 5842 part.
1184 5771 1432 5838 animal.,
1481 5773 1648 5842 capit.
1696 5777 1753 5839 2,
1859 5762 2058 5830 duntur
2097 5791 2200 5829 non
2229 5774 2475 5829 decidunt
2513 5792 2735 5842 cornua,
2775 5785 2826 5831 et
2866 5778 3228 5850 magnitudine
3257 5777 3443 5832 eadem

207 5864 459 5931 Quadam
488 5865 608 5935 felle
637 5866 846 5921 omnino
890 5877 1088 5932 carent,
1121 5876 1175 5920 ut
1201 5881 1385 5935 equits,
1420 5864 1612 5930 mulus,
1647 5867 1754 5921 asi-

1859 5876 2160 5924 servantur.
2193 5864 2433 5935 Plinius,
2471 5865 2590 5922 Non
2633 5865 2879 5923 decidunt
2937 5870 3187 5925 caetratis
3221 5881 3444 5931 cornua,
