  <div class='ocr_page' id='page_1' title='image "/cluster/home/n/w/nwhite01/storage/ocr_20150623/18/hvd.32044073501207/477.png"; bbox 0 0 3924 6968; ppageno 0'>
   <div class='ocr_carea' id='block_1_1' title="bbox 544 414 648 471">
    <p class='ocr_par' dir='ltr' id='par_1_1' title="bbox 544 414 648 471">
     <span class='ocr_line' id='line_1_1' title="bbox 544 414 648 471; baseline -0.048 0"><span class='ocrx_word' id='word_1_1' title='bbox 544 414 648 471; x_wconf 60' lang='lat' dir='ltr'><strong>Ol?)</strong></span> 
     </span>
    </p>
   </div>
   <div class='ocr_carea' id='block_1_2' title="bbox 1906 381 2459 444">
    <p class='ocr_par' dir='ltr' id='par_1_2' title="bbox 1906 381 2459 444">
     <span class='ocr_line' id='line_1_2' title="bbox 1906 381 2459 444; baseline -0.014 0"><span class='ocrx_word' id='word_1_2' title='bbox 1906 386 2148 444; x_wconf 80' lang='lat' dir='ltr'><strong>LEONIS</strong></span> <span class='ocrx_word' id='word_1_3' title='bbox 2188 381 2459 441; x_wconf 81' lang='lat' dir='ltr'><strong>ALLATII</strong></span> 
     </span>
    </p>
   </div>
   <div class='ocr_carea' id='block_1_3' title="bbox 3618 371 3704 428">
    <p class='ocr_par' dir='ltr' id='par_1_3' title="bbox 3618 371 3704 428">
     <span class='ocr_line' id='line_1_3' title="bbox 3618 371 3704 428; baseline 0.023 -2"><span class='ocrx_word' id='word_1_4' title='bbox 3618 371 3704 428; x_wconf 71' lang='grc' dir='ltr'><strong>θιι</strong></span> 
     </span>
    </p>
   </div>
   <div class='ocr_carea' id='block_1_4' title="bbox 545 485 3706 582">
    <p class='ocr_par' dir='ltr' id='par_1_4' title="bbox 545 485 3706 582">
     <span class='ocr_line' id='line_1_4' title="bbox 545 485 3706 582; baseline -0.016 0"><span class='ocrx_word' id='word_1_5' title='bbox 545 544 636 582; x_wconf 89' lang='lat' dir='ltr'><strong>nec</strong></span> <span class='ocrx_word' id='word_1_6' title='bbox 666 531 965 578; x_wconf 83' lang='lat' dir='ltr'><strong>nascuntur.</strong></span> <span class='ocrx_word' id='word_1_7' title='bbox 993 518 1138 573; x_wconf 87' lang='lat' dir='ltr'><strong>Idem</strong></span> <span class='ocrx_word' id='word_1_8' title='bbox 1162 513 1401 570; x_wconf 87' lang='lat' dir='ltr'><strong>sentiunt</strong></span> <span class='ocrx_word' id='word_1_9' title='bbox 1449 509 1668 564; x_wconf 84' lang='lat' dir='ltr'><strong>Solinus</strong></span> <span class='ocrx_word' id='word_1_10' title='bbox 1693 513 1745 560; x_wconf 86' lang='lat' dir='ltr'><strong>et</strong></span> <span class='ocrx_word' id='word_1_11' title='bbox 1768 503 2102 574; x_wconf 85' lang='lat' dir='ltr'><strong>Porphyrius</strong></span> <span class='ocrx_word' id='word_1_12' title='bbox 2133 509 2171 563; x_wconf 80' lang='grc' dir='ltr'>Α</span> <span class='ocrx_word' id='word_1_13' title='bbox 2201 500 2428 554; x_wconf 87' lang='lat' dir='ltr'><strong>deantur</strong></span> <span class='ocrx_word' id='word_1_14' title='bbox 2453 491 2762 549; x_wconf 88' lang='lat' dir='ltr'><strong>convenire.</strong></span> <span class='ocrx_word' id='word_1_15' title='bbox 2795 488 2887 544; x_wconf 87' lang='lat' dir='ltr'><strong>Sic</strong></span> <span class='ocrx_word' id='word_1_16' title='bbox 2911 487 3068 544; x_wconf 85' lang='lat' dir='ltr'><strong>etiam</strong></span> <span class='ocrx_word' id='word_1_17' title='bbox 3100 485 3388 556; x_wconf 70' lang='lat' dir='ltr'><strong>XenOplion</strong></span> <span class='ocrx_word' id='word_1_18' title='bbox 3415 485 3466 539; x_wconf 92' lang='lat' dir='ltr'><strong>in</strong></span> <span class='ocrx_word' id='word_1_19' title='bbox 3493 487 3706 556; x_wconf 75' lang='grc' dir='ltr'><strong>Κυνητε.</strong></span> 
     </span>
    </p>
   </div>
   <div class='ocr_carea' id='block_1_5' title="bbox 547 599 2102 684">
    <p class='ocr_par' dir='ltr' id='par_1_5' title="bbox 547 599 2102 684">
     <span class='ocr_line' id='line_1_5' title="bbox 547 599 2102 684; baseline -0.017 -12"><span class='ocrx_word' id='word_1_20' title='bbox 547 619 681 684; x_wconf 79' lang='grc' dir='ltr'><strong>Περὶ</strong></span> <span class='ocrx_word' id='word_1_21' title='bbox 707 613 936 682; x_wconf 60' lang='lat' dir='ltr'><strong>daorer</strong></span> <span class='ocrx_word' id='word_1_22' title='bbox 965 610 1260 680; x_wconf 71' lang='grc' dir='ltr'><strong>ἐμψόγων.</strong></span> <span class='ocrx_word' id='word_1_23' title='bbox 1286 604 1563 674; x_wconf 82' lang='lat' dir='ltr'><strong>Oppianus</strong></span> <span class='ocrx_word' id='word_1_24' title='bbox 1592 611 1771 654; x_wconf 87' lang='lat' dir='ltr'><strong>tamen</strong></span> <span class='ocrx_word' id='word_1_25' title='bbox 1794 599 2013 666; x_wconf 71' lang='grc' dir='ltr'><strong>Κυνηγ.</strong></span> <span class='ocrx_word' id='word_1_26' title='bbox 2043 609 2102 660; x_wconf 88' lang='grc' dir='ltr'><strong>ιι,</strong></span> 
     </span>
    </p>
   </div>
   <div class='ocr_carea' id='block_1_6' title="bbox 547 701 1154 763">
    <p class='ocr_par' dir='ltr' id='par_1_6' title="bbox 547 701 1154 763">
     <span class='ocr_line' id='line_1_6' title="bbox 547 701 1154 763; baseline -0.018 0"><span class='ocrx_word' id='word_1_27' title='bbox 547 707 878 763; x_wconf 88' lang='lat' dir='ltr'><strong>contrarium</strong></span> <span class='ocrx_word' id='word_1_28' title='bbox 907 701 1107 759; x_wconf 76' lang='lat' dir='ltr'><strong>cecinit</strong></span> <span class='ocrx_word' id='word_1_29' title='bbox 1142 717 1154 752; x_wconf 91' lang='lat'>:</span> 
     </span>
    </p>
   </div>
   <div class='ocr_carea' id='block_1_7' title="bbox 547 795 2106 886">
    <p class='ocr_par' dir='ltr' id='par_1_7' title="bbox 547 795 2106 886">
     <span class='ocr_line' id='line_1_7' title="bbox 547 795 2106 886; baseline -0.017 -11"><span class='ocrx_word' id='word_1_30' title='bbox 547 823 840 875; x_wconf 85' lang='grc' dir='ltr'><strong>Κεύθουσι</strong></span> <span class='ocrx_word' id='word_1_31' title='bbox 873 817 1199 886; x_wconf 69' lang='grc' dir='ltr'><strong>λαγόνεσοι</strong></span> <span class='ocrx_word' id='word_1_32' title='bbox 1226 811 1275 864; x_wconf 84' lang='grc' dir='ltr'>δ’</span> <span class='ocrx_word' id='word_1_33' title='bbox 1318 808 1418 886; x_wconf 58' lang='grc' dir='ltr'><strong>ὑπ’</strong></span> <span class='ocrx_word' id='word_1_34' title='bbox 1452 803 1642 886; x_wconf 24' lang='grc' dir='ltr'><strong>αᾷὐτὴις·</strong></span> <span class='ocrx_word' id='word_1_35' title='bbox 1673 801 1869 886; x_wconf 61' lang='lat' dir='ltr'><strong>necet</strong></span> <span class='ocrx_word' id='word_1_36' title='bbox 1898 795 2106 884; x_wconf 48' lang='grc' dir='ltr'><strong>’νηδὺν</strong></span> 
     </span>
    </p>
   </div>
   <div class='ocr_carea' id='block_1_8' title="bbox 560 868 2102 960">
    <p class='ocr_par' dir='ltr' id='par_1_8' title="bbox 560 868 2102 960">
     <span class='ocr_line' id='line_1_8' title="bbox 560 868 2102 960; baseline -0.019 -13"><span class='ocrx_word' id='word_1_37' title='bbox 560 868 1222 960; x_wconf 30' lang='grc' dir='ltr'><strong>λῐῇςξτιδῦᾑοῠοξόλριοὺς,</strong></span> <span class='ocrx_word' id='word_1_38' title='bbox 1262 880 1403 960; x_wconf 74' lang='grc' dir='ltr'><strong>τοὺς</strong></span> <span class='ocrx_word' id='word_1_39' title='bbox 1446 879 1496 929; x_wconf 78' lang='lat' dir='ltr'><strong>si</strong></span> <span class='ocrx_word' id='word_1_40' title='bbox 1530 868 1640 960; x_wconf 48' lang='grc' dir='ltr'>θεαί,</span> <span class='ocrx_word' id='word_1_41' title='bbox 1668 889 1758 960; x_wconf 58' lang='grc' dir='ltr'><strong>τις</strong></span> <span class='ocrx_word' id='word_1_42' title='bbox 1794 868 2102 960; x_wconf 56' lang='grc' dir='ltr'>ἀμήσειεις,</span> 
     </span>
    </p>
   </div>
   <div class='ocr_carea' id='block_1_9' title="bbox 548 937 2106 1080">
    <p class='ocr_par' dir='ltr' id='par_1_9' title="bbox 548 937 2106 1080">
     <span class='ocr_line' id='line_1_9' title="bbox 548 937 2106 1080; baseline -0.021 -63"><span class='ocrx_word' id='word_1_43' title='bbox 1265 937 1501 1018; x_wconf 66' lang='grc' dir='ltr'><em>πρόἓταν</em></span> <span class='ocrx_word' id='word_1_44' title='bbox 1526 945 1579 998; x_wconf 80' lang='grc' dir='ltr'>δ’</span> <span class='ocrx_word' id='word_1_45' title='bbox 1609 941 1913 1080; x_wconf 60' lang='grc' dir='ltr'><strong>ἀπέρευσεῖ</strong></span> <span class='ocrx_word' id='word_1_46' title='bbox 1925 937 2106 1006; x_wconf 58' lang='lat' dir='ltr'><strong>nam}:</strong></span> 
     </span>
     <span class='ocr_line' id='line_1_10' title="bbox 1918 1025 2039 1061; baseline -0.025 1"><span class='ocrx_word' id='word_1_47' title='bbox 1918 1025 2039 1061; x_wconf 75' lang='grc' dir='ltr'><strong>νων</strong></span> 
     </span>
    </p>
   </div>
   <div class='ocr_carea' id='block_1_10' title="bbox 1918 1025 2039 1061">
    <p class='ocr_par' dir='ltr' id='par_1_10' title="bbox 1918 1025 2039 1061">
     <span class='ocr_line' id='line_1_11' title="bbox 1918 1025 2039 1061; baseline -0.017 0"><span class='ocrx_word' id='word_1_48' title='bbox 1918 1025 2039 1061; x_wconf 74' lang='grc' dir='ltr'><strong>νων</strong></span> 
     </span>
    </p>
   </div>
   <div class='ocr_carea' id='block_1_11' title="bbox 561 1079 2100 1170">
    <p class='ocr_par' dir='ltr' id='par_1_11' title="bbox 561 1079 2100 1170">
     <span class='ocr_line' id='line_1_12' title="bbox 561 1079 2100 1170; baseline -0.018 -13"><span class='ocrx_word' id='word_1_49' title='bbox 561 1102 876 1170; x_wconf 68' lang='grc' dir='ltr'><strong>Ὀξύκομον</strong></span> <span class='ocrx_word' id='word_1_50' title='bbox 915 1093 1137 1164; x_wconf 81' lang='grc' dir='ltr'><strong>κεράων</strong></span> <span class='ocrx_word' id='word_1_51' title='bbox 1170 1085 1619 1144; x_wconf 76' lang='grc' dir='ltr'><strong>πολυδαίδαλον</strong></span> <span class='ocrx_word' id='word_1_52' title='bbox 1669 1081 1877 1136; x_wconf 72' lang='grc' dir='ltr'><strong>αἰόλον</strong></span> <span class='ocrx_word' id='word_1_53' title='bbox 1902 1079 2100 1146; x_wconf 74' lang='grc' dir='ltr'><strong>ἔρνος.</strong></span> 
     </span>
    </p>
   </div>
   <div class='ocr_carea' id='block_1_12' title="bbox 617 1187 2108 1277">
    <p class='ocr_par' dir='ltr' id='par_1_12' title="bbox 617 1187 2108 1277">
     <span class='ocr_line' id='line_1_13' title="bbox 617 1187 2108 1277; baseline -0.017 -11"><span class='ocrx_word' id='word_1_54' title='bbox 617 1211 772 1277; x_wconf 60' lang='grc' dir='ltr'>ιιιιάη</span> <span class='ocrx_word' id='word_1_55' title='bbox 807 1209 900 1264; x_wconf 90' lang='lat' dir='ltr'><strong>lin.</strong></span> <span class='ocrx_word' id='word_1_56' title='bbox 930 1207 1020 1260; x_wconf 75' lang='lat' dir='ltr'><strong>at.</strong></span> <span class='ocrx_word' id='word_1_57' title='bbox 1057 1203 1116 1258; x_wconf 88' lang='grc' dir='ltr'><strong>Ἠ</strong></span> <span class='ocrx_word' id='word_1_58' title='bbox 1139 1201 1206 1254; x_wconf 83' lang='grc' dir='ltr'>δὲ</span> <span class='ocrx_word' id='word_1_59' title='bbox 1229 1199 1325 1264; x_wconf 81' lang='grc' dir='ltr'><strong>αἲξ</strong></span> <span class='ocrx_word' id='word_1_60' title='bbox 1352 1198 1389 1265; x_wconf 82' lang='grc' dir='ltr'><em>ἠ</em></span> <span class='ocrx_word' id='word_1_61' title='bbox 1415 1193 1605 1264; x_wconf 78' lang='grc' dir='ltr'><strong>ἀγρία.</strong></span> <span class='ocrx_word' id='word_1_62' title='bbox 1623 1190 1945 1246; x_wconf 83' lang='lat' dir='ltr'><strong>Aristoteles</strong></span> <span class='ocrx_word' id='word_1_63' title='bbox 1971 1187 2108 1256; x_wconf 76' lang='grc' dir='ltr'>Περι</span> 
     </span>
    </p>
   </div>
   <div class='ocr_carea' id='block_1_13' title="bbox 549 1283 2104 1376">
    <p class='ocr_par' dir='ltr' id='par_1_13' title="bbox 549 1283 2104 1376">
     <span class='ocr_line' id='line_1_14' title="bbox 549 1283 2104 1376; baseline -0.017 -16"><span class='ocrx_word' id='word_1_64' title='bbox 549 1303 888 1376; x_wconf 76' lang='grc' dir='ltr'><strong>θαυμασίων</strong></span> <span class='ocrx_word' id='word_1_65' title='bbox 923 1291 1316 1363; x_wconf 79' lang='grc' dir='ltr'><strong>ἀκουσμάτων</strong></span> <span class='ocrx_word' id='word_1_66' title='bbox 1344 1297 1396 1345; x_wconf 87' lang='grc' dir='ltr'><strong>ει</strong></span> <span class='ocrx_word' id='word_1_67' title='bbox 1431 1287 1524 1342; x_wconf 92' lang='lat' dir='ltr'><strong>lib.</strong></span> <span class='ocrx_word' id='word_1_68' title='bbox 1561 1285 1636 1340; x_wconf 89' lang='lat' dir='ltr'><strong>De</strong></span> <span class='ocrx_word' id='word_1_69' title='bbox 1667 1284 1790 1338; x_wconf 90' lang='lat' dir='ltr'><strong>hist.</strong></span> <span class='ocrx_word' id='word_1_70' title='bbox 1811 1283 1997 1345; x_wconf 87' lang='lat' dir='ltr'><strong>anim.,</strong></span> <span class='ocrx_word' id='word_1_71' title='bbox 2031 1296 2104 1344; x_wconf 82' lang='lat' dir='ltr'><strong>lx,</strong></span> 
     </span>
    </p>
   </div>
   <div class='ocr_carea' id='block_1_14' title="bbox 549 1372 2109 1470">
    <p class='ocr_par' dir='ltr' id='par_1_14' title="bbox 549 1372 2109 1470">
     <span class='ocr_line' id='line_1_15' title="bbox 549 1372 2109 1470; baseline -0.02 -15"><span class='ocrx_word' id='word_1_72' title='bbox 549 1372 671 1470; x_wconf 54' lang='lat' dir='ltr'><strong>cap:</strong></span> <span class='ocrx_word' id='word_1_73' title='bbox 699 1397 766 1462; x_wconf 88' lang='lat'><strong>6;</strong></span> <span class='ocrx_word' id='word_1_74' title='bbox 795 1393 1113 1463; x_wconf 84' lang='lat' dir='ltr'><strong>Antigonus,</strong></span> <span class='ocrx_word' id='word_1_75' title='bbox 1145 1385 1373 1446; x_wconf 86' lang='lat' dir='ltr'><strong>Plinius,</strong></span> <span class='ocrx_word' id='word_1_76' title='bbox 1407 1380 1500 1434; x_wconf 89' lang='lat' dir='ltr'><strong>lib.</strong></span> <span class='ocrx_word' id='word_1_77' title='bbox 1528 1393 1655 1440; x_wconf 83' lang='lat' dir='ltr'><strong>xxv,</strong></span> <span class='ocrx_word' id='word_1_78' title='bbox 1683 1390 1803 1446; x_wconf 88' lang='lat' dir='ltr'><strong>cap.</strong></span> <span class='ocrx_word' id='word_1_79' title='bbox 1838 1374 1905 1430; x_wconf 90' lang='lat'><strong>8:</strong></span> <span class='ocrx_word' id='word_1_80' title='bbox 1927 1372 2109 1426; x_wconf 89' lang='lat' dir='ltr'><strong>Dicta-</strong></span> 
     </span>
    </p>
   </div>
   <div class='ocr_carea' id='block_1_15' title="bbox 550 1471 2108 1547">
    <p class='ocr_par' dir='ltr' id='par_1_15' title="bbox 550 1471 2108 1547">
     <span class='ocr_line' id='line_1_16' title="bbox 550 1471 2108 1547; baseline -0.019 0"><span class='ocrx_word' id='word_1_81' title='bbox 550 1509 688 1546; x_wconf 86' lang='lat' dir='ltr'><strong>mnm</strong></span> <span class='ocrx_word' id='word_1_82' title='bbox 715 1485 998 1547; x_wconf 75' lang='lat' dir='ltr'><strong>ostendere,</strong></span> <span class='ocrx_word' id='word_1_83' title='bbox 1022 1492 1079 1536; x_wconf 88' lang='lat' dir='ltr'><strong>ut</strong></span> <span class='ocrx_word' id='word_1_84' title='bbox 1102 1474 1442 1533; x_wconf 85' lang='lat' dir='ltr'><strong>indicavimus</strong></span> <span class='ocrx_word' id='word_1_85' title='bbox 1465 1471 1750 1525; x_wconf 71' lang='lat' dir='ltr'><strong>vulneratae</strong></span> <span class='ocrx_word' id='word_1_86' title='bbox 1778 1473 1964 1536; x_wconf 67' lang='lat' dir='ltr'><strong>pastae,</strong></span> <span class='ocrx_word' id='word_1_87' title='bbox 1995 1472 2108 1518; x_wconf 88' lang='lat' dir='ltr'><strong>sta-</strong></span> 
     </span>
    </p>
   </div>
   <div class='ocr_carea' id='block_1_16' title="bbox 551 1557 2101 1639">
    <p class='ocr_par' dir='ltr' id='par_1_16' title="bbox 551 1557 2101 1639">
     <span class='ocr_line' id='line_1_17' title="bbox 551 1557 2101 1639; baseline -0.019 0"><span class='ocrx_word' id='word_1_88' title='bbox 551 1587 641 1639; x_wconf 86' lang='lat' dir='ltr'><strong>tim</strong></span> <span class='ocrx_word' id='word_1_89' title='bbox 671 1577 1024 1636; x_wconf 74' lang='lat' dir='ltr'><strong>decidentibus</strong></span> <span class='ocrx_word' id='word_1_90' title='bbox 1066 1572 1201 1626; x_wconf 89' lang='lat' dir='ltr'><strong>telis.</strong></span> <span class='ocrx_word' id='word_1_91' title='bbox 1233 1566 1592 1636; x_wconf 89' lang='lat' dir='ltr'><strong>Theophrast.</strong></span> <span class='ocrx_word' id='word_1_92' title='bbox 1647 1560 1721 1614; x_wconf 88' lang='lat' dir='ltr'><strong>De</strong></span> <span class='ocrx_word' id='word_1_93' title='bbox 1761 1560 1887 1613; x_wconf 89' lang='lat' dir='ltr'><strong>hist.</strong></span> <span class='ocrx_word' id='word_1_94' title='bbox 1933 1557 2101 1625; x_wconf 89' lang='lat' dir='ltr'><strong>plant.</strong></span> 
     </span>
    </p>
   </div>
   <div class='ocr_carea' id='block_1_17' title="bbox 551 1648 2108 1741">
    <p class='ocr_par' dir='ltr' id='par_1_17' title="bbox 551 1648 2108 1741">
     <span class='ocr_line' id='line_1_18' title="bbox 551 1648 2108 1741; baseline -0.022 -8"><span class='ocrx_word' id='word_1_95' title='bbox 551 1679 642 1732; x_wconf 85' lang='lat' dir='ltr'><strong>lib.</strong></span> <span class='ocrx_word' id='word_1_96' title='bbox 673 1692 747 1736; x_wconf 83' lang='lat' dir='ltr'><strong>lx.</strong></span> <span class='ocrx_word' id='word_1_97' title='bbox 779 1687 897 1741; x_wconf 88' lang='lat' dir='ltr'><strong>cap.</strong></span> <span class='ocrx_word' id='word_1_98' title='bbox 939 1669 1026 1732; x_wconf 78' lang='grc'><strong>16,</strong></span> <span class='ocrx_word' id='word_1_99' title='bbox 1066 1661 1284 1734; x_wconf 82' lang='grc' dir='ltr'><strong>Ἀληθὲς</strong></span> <span class='ocrx_word' id='word_1_100' title='bbox 1306 1659 1362 1712; x_wconf 86' lang='grc' dir='ltr'><em>δέ</em></span> <span class='ocrx_word' id='word_1_101' title='bbox 1393 1673 1554 1728; x_wconf 83' lang='grc' dir='ltr'>φασιν</span> <span class='ocrx_word' id='word_1_102' title='bbox 1591 1648 1727 1706; x_wconf 73' lang='grc' dir='ltr'>εἶναι</span> <span class='ocrx_word' id='word_1_103' title='bbox 1756 1651 1850 1705; x_wconf 79' lang='grc' dir='ltr'><strong>καὶ</strong></span> <span class='ocrx_word' id='word_1_104' title='bbox 1879 1649 1940 1702; x_wconf 85' lang='grc' dir='ltr'><strong>τὸ</strong></span> <span class='ocrx_word' id='word_1_105' title='bbox 1982 1649 2108 1720; x_wconf 76' lang='grc' dir='ltr'>περὶ</span> 
     </span>
    </p>
   </div>
   <div class='ocr_carea' id='block_1_18' title="bbox 549 1733 2109 1834">
    <p class='ocr_par' dir='ltr' id='par_1_18' title="bbox 549 1733 2109 1834">
     <span class='ocr_line' id='line_1_19' title="bbox 549 1733 2109 1834; baseline -0.023 -13"><span class='ocrx_word' id='word_1_106' title='bbox 549 1768 654 1821; x_wconf 84' lang='grc' dir='ltr'><strong>τῶν</strong></span> <span class='ocrx_word' id='word_1_107' title='bbox 694 1733 883 1834; x_wconf 68' lang='grc' dir='ltr'><strong>βελῶν,</strong></span> <span class='ocrx_word' id='word_1_108' title='bbox 929 1759 1008 1811; x_wconf 87' lang='grc' dir='ltr'><strong>ὅτι</strong></span> <span class='ocrx_word' id='word_1_109' title='bbox 1043 1733 1340 1825; x_wconf 77' lang='grc' dir='ltr'><strong>φαγούσας,</strong></span> <span class='ocrx_word' id='word_1_110' title='bbox 1381 1747 1506 1799; x_wconf 84' lang='grc' dir='ltr'>ὅταν</span> <span class='ocrx_word' id='word_1_111' title='bbox 1536 1739 1876 1806; x_wconf 82' lang='grc' dir='ltr'>τοξευθῶσιν,</span> <span class='ocrx_word' id='word_1_112' title='bbox 1921 1733 2109 1789; x_wconf 78' lang='grc' dir='ltr'>ὲκὸἀλο</span> 
     </span>
    </p>
   </div>
   <div class='ocr_carea' id='block_1_19' title="bbox 487 1835 1470 1924">
    <p class='ocr_par' dir='ltr' id='par_1_19' title="bbox 487 1835 1470 1924">
     <span class='ocr_line' id='line_1_20' title="bbox 487 1835 1470 1924; baseline -0.024 -11"><span class='ocrx_word' id='word_1_113' title='bbox 487 1835 490 1852; x_wconf 74' lang='grc'><strong><em>³</em></strong></span> <span class='ocrx_word' id='word_1_114' title='bbox 550 1859 680 1913; x_wconf 88' lang='grc' dir='ltr'>λειν.</span> <span class='ocrx_word' id='word_1_115' title='bbox 710 1853 987 1924; x_wconf 74' lang='lat' dir='ltr'><strong>Virgilius,</strong></span> <span class='ocrx_word' id='word_1_116' title='bbox 1019 1848 1111 1901; x_wconf 90' lang='lat' dir='ltr'><strong>lib.</strong></span> <span class='ocrx_word' id='word_1_117' title='bbox 1148 1859 1220 1897; x_wconf 82' lang='lat' dir='ltr'><strong>xu</strong></span> <span class='ocrx_word' id='word_1_118' title='bbox 1252 1837 1470 1894; x_wconf 72' lang='grc' dir='ltr'><strong>Αῐηεξά.</strong></span> 
     </span>
    </p>
   </div>
   <div class='ocr_carea' id='block_1_20' title="bbox 621 1919 2109 2024">
    <p class='ocr_par' dir='ltr' id='par_1_20' title="bbox 621 1919 2109 2024">
     <span class='ocr_line' id='line_1_21' title="bbox 621 1919 2109 2024; baseline -0.022 -20"><span class='ocrx_word' id='word_1_119' title='bbox 621 1949 778 2024; x_wconf 50' lang='grc' dir='ltr'><strong>ψη,</strong></span> <span class='ocrx_word' id='word_1_120' title='bbox 807 1919 900 1999; x_wconf 75' lang='lat' dir='ltr'><strong>lin.</strong></span> <span class='ocrx_word' id='word_1_121' title='bbox 939 1941 1029 1995; x_wconf 69' lang='lat'><strong>22.</strong></span> <span class='ocrx_word' id='word_1_122' title='bbox 1065 1938 1132 1992; x_wconf 89' lang='grc' dir='ltr'><em>Τὸ</em></span> <span class='ocrx_word' id='word_1_123' title='bbox 1172 1933 1546 2002; x_wconf 76' lang='grc' dir='ltr'><strong>καλούμενον</strong></span> <span class='ocrx_word' id='word_1_124' title='bbox 1581 1927 1888 1996; x_wconf 79' lang='grc' dir='ltr'><strong>δίκταμον.</strong></span> <span class='ocrx_word' id='word_1_125' title='bbox 1921 1919 2109 1974; x_wconf 86' lang='grc' dir='ltr'><strong>Δίκτον</strong></span> 
     </span>
    </p>
   </div>
   <div class='ocr_carea' id='block_1_21' title="bbox 552 2014 2110 2100">
    <p class='ocr_par' dir='ltr' id='par_1_21' title="bbox 552 2014 2110 2100">
     <span class='ocr_line' id='line_1_22' title="bbox 552 2014 2110 2100; baseline -0.021 0"><span class='ocrx_word' id='word_1_126' title='bbox 552 2014 762 2100; x_wconf 72' lang='lat' dir='ltr'><strong>vocavit</strong></span> <span class='ocrx_word' id='word_1_127' title='bbox 801 2035 1089 2093; x_wconf 80' lang='lat' dir='ltr'><strong>Nicander.</strong></span> <span class='ocrx_word' id='word_1_128' title='bbox 1133 2030 1306 2085; x_wconf 63' lang='lat' dir='ltr'><strong>Cretre</strong></span> <span class='ocrx_word' id='word_1_129' title='bbox 1351 2024 1632 2096; x_wconf 86' lang='lat' dir='ltr'><strong>proprium</strong></span> <span class='ocrx_word' id='word_1_130' title='bbox 1680 2026 1794 2082; x_wconf 86' lang='lat' dir='ltr'><strong>est,</strong></span> <span class='ocrx_word' id='word_1_131' title='bbox 1841 2031 1942 2072; x_wconf 90' lang='lat' dir='ltr'><strong>nec</strong></span> <span class='ocrx_word' id='word_1_132' title='bbox 1982 2014 2110 2069; x_wconf 84' lang='lat' dir='ltr'><strong>alibi</strong></span> 
     </span>
    </p>
   </div>
   <div class='ocr_carea' id='block_1_22' title="bbox 552 2111 2112 2198">
    <p class='ocr_par' dir='ltr' id='par_1_22' title="bbox 552 2111 2112 2198">
     <span class='ocr_line' id='line_1_23' title="bbox 552 2111 2112 2198; baseline -0.02 -5"><span class='ocrx_word' id='word_1_133' title='bbox 552 2137 817 2198; x_wconf 86' lang='lat' dir='ltr'><strong>nascitur,</strong></span> <span class='ocrx_word' id='word_1_134' title='bbox 861 2141 915 2187; x_wconf 90' lang='lat' dir='ltr'><strong>et</strong></span> <span class='ocrx_word' id='word_1_135' title='bbox 949 2129 1024 2184; x_wconf 89' lang='lat' dir='ltr'><strong>ibi</strong></span> <span class='ocrx_word' id='word_1_136' title='bbox 1064 2141 1170 2181; x_wconf 91' lang='lat' dir='ltr'><strong>non</strong></span> <span class='ocrx_word' id='word_1_137' title='bbox 1203 2122 1459 2193; x_wconf 81' lang='lat' dir='ltr'><strong>spatiose.</strong></span> <span class='ocrx_word' id='word_1_138' title='bbox 1495 2118 1574 2172; x_wconf 84' lang='lat' dir='ltr'><strong>Ad</strong></span> <span class='ocrx_word' id='word_1_139' title='bbox 1613 2117 1768 2187; x_wconf 90' lang='lat' dir='ltr'><strong>plura</strong></span> <span class='ocrx_word' id='word_1_140' title='bbox 1809 2111 2112 2168; x_wconf 89' lang='lat' dir='ltr'><strong>conducere</strong></span> 
     </span>
    </p>
   </div>
   <div class='ocr_carea' id='block_1_23' title="bbox 551 2205 2110 2293">
    <p class='ocr_par' dir='ltr' id='par_1_23' title="bbox 551 2205 2110 2293">
     <span class='ocr_line' id='line_1_24' title="bbox 551 2205 2110 2293; baseline -0.021 -8"><span class='ocrx_word' id='word_1_141' title='bbox 551 2229 717 2285; x_wconf 85' lang='lat' dir='ltr'><strong>tradit</strong></span> <span class='ocrx_word' id='word_1_142' title='bbox 749 2221 1160 2293; x_wconf 82' lang='lat' dir='ltr'><strong>Theophrastus</strong></span> <span class='ocrx_word' id='word_1_143' title='bbox 1205 2213 1282 2267; x_wconf 89' lang='lat' dir='ltr'><strong>De</strong></span> <span class='ocrx_word' id='word_1_144' title='bbox 1313 2212 1436 2265; x_wconf 85' lang='lat' dir='ltr'><strong>hist.</strong></span> <span class='ocrx_word' id='word_1_145' title='bbox 1481 2209 1651 2278; x_wconf 83' lang='lat' dir='ltr'><strong>plant.</strong></span> <span class='ocrx_word' id='word_1_146' title='bbox 1692 2205 1785 2260; x_wconf 89' lang='lat' dir='ltr'><strong>lib.</strong></span> <span class='ocrx_word' id='word_1_147' title='bbox 1828 2219 1954 2267; x_wconf 77' lang='lat' dir='ltr'><strong>xxv,</strong></span> <span class='ocrx_word' id='word_1_148' title='bbox 1987 2215 2110 2268; x_wconf 85' lang='lat' dir='ltr'><strong>cap.</strong></span> 
     </span>
    </p>
   </div>
   <div class='ocr_carea' id='block_1_24' title="bbox 551 2291 2112 2391">
    <p class='ocr_par' dir='ltr' id='par_1_24' title="bbox 551 2291 2112 2391">
     <span class='ocr_line' id='line_1_25' title="bbox 551 2291 2112 2391; baseline -0.022 -13"><span class='ocrx_word' id='word_1_149' title='bbox 551 2324 606 2386; x_wconf 87' lang='lat'><strong>8,</strong></span> <span class='ocrx_word' id='word_1_150' title='bbox 636 2321 862 2391; x_wconf 87' lang='lat' dir='ltr'><strong>ejusque</strong></span> <span class='ocrx_word' id='word_1_151' title='bbox 890 2291 1001 2368; x_wconf 76' lang='lat' dir='ltr'><strong>tres</strong></span> <span class='ocrx_word' id='word_1_152' title='bbox 1030 2307 1238 2380; x_wconf 85' lang='lat' dir='ltr'><strong>species</strong></span> <span class='ocrx_word' id='word_1_153' title='bbox 1268 2305 1408 2358; x_wconf 88' lang='lat' dir='ltr'><strong>inter</strong></span> <span class='ocrx_word' id='word_1_154' title='bbox 1443 2317 1501 2356; x_wconf 90' lang='lat' dir='ltr'><strong>se</strong></span> <span class='ocrx_word' id='word_1_155' title='bbox 1538 2299 1828 2354; x_wconf 89' lang='lat' dir='ltr'><strong>distinctas</strong></span> <span class='ocrx_word' id='word_1_156' title='bbox 1856 2293 2004 2349; x_wconf 90' lang='lat' dir='ltr'><strong>facit.</strong></span> <span class='ocrx_word' id='word_1_157' title='bbox 2032 2291 2112 2345; x_wconf 79' lang='lat' dir='ltr'><strong>Ex</strong></span> 
     </span>
    </p>
   </div>
   <div class='ocr_carea' id='block_1_25' title="bbox 549 2384 2111 2484">
    <p class='ocr_par' dir='ltr' id='par_1_25' title="bbox 549 2384 2111 2484">
     <span class='ocr_line' id='line_1_26' title="bbox 549 2384 2111 2484; baseline -0.02 -17"><span class='ocrx_word' id='word_1_158' title='bbox 549 2384 793 2484; x_wconf 43' lang='lat' dir='ltr'><strong>qno&#39;sua—</strong></span> <span class='ocrx_word' id='word_1_159' title='bbox 813 2405 1000 2461; x_wconf 87' lang='lat' dir='ltr'><strong>habuit</strong></span> <span class='ocrx_word' id='word_1_160' title='bbox 1028 2401 1257 2456; x_wconf 90' lang='lat' dir='ltr'><strong>Plinius:</strong></span> <span class='ocrx_word' id='word_1_161' title='bbox 1285 2394 1690 2464; x_wconf 87' lang='lat' dir='ltr'><strong>Theophrastus</strong></span> <span class='ocrx_word' id='word_1_162' title='bbox 1718 2389 1883 2454; x_wconf 81' lang='lat' dir='ltr'><strong>enim,</strong></span> <span class='ocrx_word' id='word_1_163' title='bbox 1923 2384 2111 2457; x_wconf 85' lang='grc' dir='ltr'>Χρῶν-</span> 
     </span>
    </p>
   </div>
   <div class='ocr_carea' id='block_1_26' title="bbox 549 2474 2108 2568">
    <p class='ocr_par' dir='ltr' id='par_1_26' title="bbox 549 2474 2108 2568">
     <span class='ocr_line' id='line_1_27' title="bbox 549 2474 2108 2568; baseline -0.021 -9"><span class='ocrx_word' id='word_1_164' title='bbox 549 2474 640 2558; x_wconf 59' lang='grc' dir='ltr'>ται</span> <span class='ocrx_word' id='word_1_165' title='bbox 669 2503 725 2556; x_wconf 82' lang='grc' dir='ltr'>δὲ</span> <span class='ocrx_word' id='word_1_166' title='bbox 755 2503 865 2563; x_wconf 79' lang='grc' dir='ltr'>τοῖς</span> <span class='ocrx_word' id='word_1_167' title='bbox 891 2495 1127 2568; x_wconf 82' lang='grc' dir='ltr'><strong>φύλλοις,</strong></span> <span class='ocrx_word' id='word_1_168' title='bbox 1150 2491 1209 2544; x_wconf 81' lang='grc' dir='ltr'><strong>οὐ</strong></span> <span class='ocrx_word' id='word_1_169' title='bbox 1238 2491 1350 2552; x_wconf 84' lang='grc' dir='ltr'>τοῖς</span> <span class='ocrx_word' id='word_1_170' title='bbox 1381 2486 1599 2547; x_wconf 75' lang='grc' dir='ltr'><strong>κλωσὶν,</strong></span> <span class='ocrx_word' id='word_1_171' title='bbox 1625 2481 1746 2536; x_wconf 75' lang='grc' dir='ltr'>οὐδὲ</span> <span class='ocrx_word' id='word_1_172' title='bbox 1777 2479 1855 2550; x_wconf 83' lang='grc' dir='ltr'><strong>τῷ</strong></span> <span class='ocrx_word' id='word_1_173' title='bbox 1897 2474 2108 2547; x_wconf 82' lang='grc' dir='ltr'><strong>καρπῷ,</strong></span> 
     </span>
    </p>
   </div>
   <div class='ocr_carea' id='block_1_27' title="bbox 548 2569 2114 2661">
    <p class='ocr_par' dir='ltr' id='par_1_27' title="bbox 548 2569 2114 2661">
     <span class='ocr_line' id='line_1_28' title="bbox 548 2569 2114 2661; baseline -0.019 -9"><span class='ocrx_word' id='word_1_174' title='bbox 548 2581 604 2652; x_wconf 82' lang='lat' dir='ltr'><strong>id</strong></span> <span class='ocrx_word' id='word_1_175' title='bbox 633 2601 738 2661; x_wconf 81' lang='lat' dir='ltr'><strong>est,</strong></span> <span class='ocrx_word' id='word_1_176' title='bbox 771 2605 905 2646; x_wconf 91' lang='lat' dir='ltr'><strong>usus</strong></span> <span class='ocrx_word' id='word_1_177' title='bbox 953 2588 1226 2646; x_wconf 90' lang='lat' dir='ltr'><strong>foliorum,</strong></span> <span class='ocrx_word' id='word_1_178' title='bbox 1261 2594 1371 2635; x_wconf 92' lang='lat' dir='ltr'><strong>non</strong></span> <span class='ocrx_word' id='word_1_179' title='bbox 1416 2591 1713 2638; x_wconf 88' lang='lat' dir='ltr'><strong>ramorum,</strong></span> <span class='ocrx_word' id='word_1_180' title='bbox 1757 2586 1858 2626; x_wconf 92' lang='lat' dir='ltr'><strong>nec</strong></span> <span class='ocrx_word' id='word_1_181' title='bbox 1904 2569 2114 2623; x_wconf 90' lang='lat' dir='ltr'><strong>fructus</strong></span> 
     </span>
    </p>
   </div>
   <div class='ocr_carea' id='block_1_28' title="bbox 551 2661 2114 2743">
    <p class='ocr_par' dir='ltr' id='par_1_28' title="bbox 551 2661 2114 2743">
     <span class='ocr_line' id='line_1_29' title="bbox 551 2661 2114 2743; baseline -0.019 0"><span class='ocrx_word' id='word_1_182' title='bbox 551 2697 654 2743; x_wconf 87' lang='lat' dir='ltr'><strong>est.</strong></span> <span class='ocrx_word' id='word_1_183' title='bbox 685 2684 889 2738; x_wconf 87' lang='lat' dir='ltr'><strong>Plinius</strong></span> <span class='ocrx_word' id='word_1_184' title='bbox 928 2681 1024 2742; x_wconf 86' lang='lat' dir='ltr'><strong>ita,</strong></span> <span class='ocrx_word' id='word_1_185' title='bbox 1059 2675 1228 2730; x_wconf 77' lang='lat' dir='ltr'><strong>Foliis</strong></span> <span class='ocrx_word' id='word_1_186' title='bbox 1267 2681 1468 2726; x_wconf 86' lang='lat' dir='ltr'><strong>tantum</strong></span> <span class='ocrx_word' id='word_1_187' title='bbox 1509 2677 1748 2722; x_wconf 87' lang='lat' dir='ltr'><strong>utuntur.</strong></span> <span class='ocrx_word' id='word_1_188' title='bbox 1781 2663 1908 2718; x_wconf 85' lang='lat' dir='ltr'><strong>Flos</strong></span> <span class='ocrx_word' id='word_1_189' title='bbox 1938 2661 2114 2715; x_wconf 86' lang='lat' dir='ltr'><strong>nullus</strong></span> 
     </span>
    </p>
   </div>
   <div class='ocr_carea' id='block_1_29' title="bbox 551 2763 2112 2846">
    <p class='ocr_par' dir='ltr' id='par_1_29' title="bbox 551 2763 2112 2846">
     <span class='ocr_line' id='line_1_30' title="bbox 551 2763 2112 2846; baseline -0.019 -12"><span class='ocrx_word' id='word_1_190' title='bbox 551 2781 620 2846; x_wconf 84' lang='lat' dir='ltr'><strong>ei,</strong></span> <span class='ocrx_word' id='word_1_191' title='bbox 645 2786 734 2831; x_wconf 84' lang='lat' dir='ltr'><strong>aut</strong></span> <span class='ocrx_word' id='word_1_192' title='bbox 762 2789 955 2836; x_wconf 89' lang='lat' dir='ltr'><strong>semen,</strong></span> <span class='ocrx_word' id='word_1_193' title='bbox 983 2780 1072 2824; x_wconf 87' lang='lat' dir='ltr'><strong>aut</strong></span> <span class='ocrx_word' id='word_1_194' title='bbox 1093 2766 1281 2822; x_wconf 80' lang='lat' dir='ltr'><strong>caulis.</strong></span> <span class='ocrx_word' id='word_1_195' title='bbox 1315 2764 1372 2818; x_wconf 89' lang='lat' dir='ltr'><strong>Si</strong></span> <span class='ocrx_word' id='word_1_196' title='bbox 1405 2763 1641 2816; x_wconf 90' lang='lat' dir='ltr'><strong>dictamo</strong></span> <span class='ocrx_word' id='word_1_197' title='bbox 1674 2770 1781 2811; x_wconf 92' lang='lat' dir='ltr'><strong>non</strong></span> <span class='ocrx_word' id='word_1_198' title='bbox 1806 2763 1891 2810; x_wconf 86' lang='lat' dir='ltr'><strong>est</strong></span> <span class='ocrx_word' id='word_1_199' title='bbox 1939 2767 2112 2822; x_wconf 87' lang='lat' dir='ltr'><strong>neque</strong></span> 
     </span>
    </p>
   </div>
   <div class='ocr_carea' id='block_1_30' title="bbox 553 2845 2115 2936">
    <p class='ocr_par' dir='ltr' id='par_1_30' title="bbox 553 2845 2115 2936">
     <span class='ocr_line' id='line_1_31' title="bbox 553 2845 2115 2936; baseline -0.017 -10"><span class='ocrx_word' id='word_1_200' title='bbox 553 2871 747 2933; x_wconf 86' lang='lat' dir='ltr'><strong>caulis,</strong></span> <span class='ocrx_word' id='word_1_201' title='bbox 787 2880 960 2936; x_wconf 90' lang='lat' dir='ltr'><strong>neque</strong></span> <span class='ocrx_word' id='word_1_202' title='bbox 1002 2875 1206 2922; x_wconf 90' lang='lat' dir='ltr'><strong>semen,</strong></span> <span class='ocrx_word' id='word_1_203' title='bbox 1242 2870 1370 2926; x_wconf 86' lang='lat' dir='ltr'><strong>ergo</strong></span> <span class='ocrx_word' id='word_1_204' title='bbox 1406 2854 1487 2908; x_wconf 80' lang='lat' dir='ltr'><strong>vel</strong></span> <span class='ocrx_word' id='word_1_205' title='bbox 1526 2849 1680 2905; x_wconf 87' lang='lat' dir='ltr'><strong>inviti</strong></span> <span class='ocrx_word' id='word_1_206' title='bbox 1721 2848 1866 2904; x_wconf 85' lang='lat' dir='ltr'><strong>foliis</strong></span> <span class='ocrx_word' id='word_1_207' title='bbox 1909 2847 1985 2901; x_wconf 92' lang='lat' dir='ltr'><strong>uti</strong></span> <span class='ocrx_word' id='word_1_208' title='bbox 2019 2845 2115 2900; x_wconf 83' lang='lat' dir='ltr'><strong>de-</strong></span> 
     </span>
    </p>
   </div>
   <div class='ocr_carea' id='block_1_31' title="bbox 554 2938 2114 3028">
    <p class='ocr_par' dir='ltr' id='par_1_31' title="bbox 554 2938 2114 3028">
     <span class='ocr_line' id='line_1_32' title="bbox 554 2938 2114 3028; baseline -0.018 -9"><span class='ocrx_word' id='word_1_209' title='bbox 554 2966 699 3020; x_wconf 85' lang='lat' dir='ltr'><strong>bent.</strong></span> <span class='ocrx_word' id='word_1_210' title='bbox 735 2961 803 3014; x_wconf 88' lang='lat' dir='ltr'><strong>At</strong></span> <span class='ocrx_word' id='word_1_211' title='bbox 832 2961 1016 3028; x_wconf 89' lang='lat' dir='ltr'><strong>utique</strong></span> <span class='ocrx_word' id='word_1_212' title='bbox 1053 2961 1107 3009; x_wconf 89' lang='lat' dir='ltr'><strong>et</strong></span> <span class='ocrx_word' id='word_1_213' title='bbox 1135 2951 1310 3014; x_wconf 85' lang='lat' dir='ltr'><strong>floret,</strong></span> <span class='ocrx_word' id='word_1_214' title='bbox 1342 2955 1395 3003; x_wconf 91' lang='lat' dir='ltr'><strong>et</strong></span> <span class='ocrx_word' id='word_1_215' title='bbox 1434 2946 1668 3000; x_wconf 88' lang='lat' dir='ltr'><strong>fructum</strong></span> <span class='ocrx_word' id='word_1_216' title='bbox 1707 2941 1861 2996; x_wconf 78' lang='lat' dir='ltr'><strong>affert</strong></span> <span class='ocrx_word' id='word_1_217' title='bbox 1902 2955 1967 2994; x_wconf 82' lang='lat' dir='ltr'><strong>ex</strong></span> <span class='ocrx_word' id='word_1_218' title='bbox 2009 2938 2114 2992; x_wconf 90' lang='lat' dir='ltr'><strong>hoc</strong></span> 
     </span>
    </p>
   </div>
   <div class='ocr_carea' id='block_1_32' title="bbox 555 3031 2110 3126">
    <p class='ocr_par' dir='ltr' id='par_1_32' title="bbox 555 3031 2110 3126">
     <span class='ocr_line' id='line_1_33' title="bbox 555 3031 2110 3126; baseline -0.017 -16"><span class='ocrx_word' id='word_1_219' title='bbox 555 3052 916 3126; x_wconf 88' lang='lat' dir='ltr'><strong>Theophrasti</strong></span> <span class='ocrx_word' id='word_1_220' title='bbox 951 3053 1091 3110; x_wconf 83' lang='lat' dir='ltr'><strong>loco,</strong></span> <span class='ocrx_word' id='word_1_221' title='bbox 1125 3053 1178 3100; x_wconf 90' lang='grc' dir='ltr'><strong>ει</strong></span> <span class='ocrx_word' id='word_1_222' title='bbox 1224 3038 1555 3098; x_wconf 89' lang='lat' dir='ltr'><strong>Dioscoridis</strong></span> <span class='ocrx_word' id='word_1_223' title='bbox 1601 3041 1810 3091; x_wconf 88' lang='lat' dir='ltr'><strong>tentata</strong></span> <span class='ocrx_word' id='word_1_224' title='bbox 1853 3031 2110 3097; x_wconf 89' lang='lat' dir='ltr'><strong>lectione,</strong></span> 
     </span>
    </p>
   </div>
   <div class='ocr_carea' id='block_1_33' title="bbox 555 3123 2108 3209">
    <p class='ocr_par' dir='ltr' id='par_1_33' title="bbox 555 3123 2108 3209">
     <span class='ocr_line' id='line_1_34' title="bbox 555 3123 2108 3209; baseline -0.018 -5"><span class='ocrx_word' id='word_1_225' title='bbox 555 3149 674 3204; x_wconf 72' lang='grc' dir='ltr'><strong>οὔτε</strong></span> <span class='ocrx_word' id='word_1_226' title='bbox 707 3123 883 3209; x_wconf 63' lang='grc' dir='ltr'>δινθος,</span> <span class='ocrx_word' id='word_1_227' title='bbox 921 3142 1043 3197; x_wconf 75' lang='grc' dir='ltr'><strong>οὔτε</strong></span> <span class='ocrx_word' id='word_1_228' title='bbox 1083 3137 1291 3208; x_wconf 75' lang='grc' dir='ltr'><strong>καρπὸς</strong></span> <span class='ocrx_word' id='word_1_229' title='bbox 1325 3131 1614 3205; x_wconf 77' lang='grc' dir='ltr'><strong>συμφέρει,</strong></span> <span class='ocrx_word' id='word_1_230' title='bbox 1655 3135 1708 3183; x_wconf 81' lang='lat' dir='ltr'><strong>et</strong></span> <span class='ocrx_word' id='word_1_231' title='bbox 1751 3124 1968 3197; x_wconf 80' lang='lat' dir='ltr'><strong>Virgilii</strong></span> <span class='ocrx_word' id='word_1_232' title='bbox 2012 3123 2108 3178; x_wconf 89' lang='lat' dir='ltr'><strong>lib.</strong></span> 
     </span>
    </p>
   </div>
   <div class='ocr_carea' id='block_1_34' title="bbox 559 3230 1242 3301">
    <p class='ocr_par' dir='ltr' id='par_1_34' title="bbox 559 3230 1242 3301">
     <span class='ocr_line' id='line_1_35' title="bbox 559 3230 1242 3301; baseline -0.022 -3"><span class='ocrx_word' id='word_1_233' title='bbox 559 3261 632 3298; x_wconf 63' lang='lat' dir='ltr'><strong>an</strong></span> <span class='ocrx_word' id='word_1_234' title='bbox 658 3239 896 3301; x_wconf 66' lang='lat' dir='ltr'><strong>1Eneid.,</strong></span> <span class='ocrx_word' id='word_1_235' title='bbox 927 3250 1066 3290; x_wconf 85' lang='lat' dir='ltr'><strong>vers.</strong></span> <span class='ocrx_word' id='word_1_236' title='bbox 1097 3230 1242 3286; x_wconf 74' lang='lat' dir='ltr'><strong>M2:</strong></span> 
     </span>
    </p>
   </div>
   <div class='ocr_carea' id='block_1_35' title="bbox 697 3331 1975 3417">
    <p class='ocr_par' dir='ltr' id='par_1_35' title="bbox 697 3331 1975 3417">
     <span class='ocr_line' id='line_1_36' title="bbox 697 3331 1975 3417; baseline -0.016 -9"><span class='ocrx_word' id='word_1_237' title='bbox 697 3354 1031 3408; x_wconf 89' lang='lat' dir='ltr'><strong>Dictamnum</strong></span> <span class='ocrx_word' id='word_1_238' title='bbox 1067 3341 1554 3417; x_wconf 65' lang='lat' dir='ltr'><strong>genitria:_QrelcPa_</strong></span> <span class='ocrx_word' id='word_1_239' title='bbox 1571 3335 1742 3407; x_wconf 85' lang='lat' dir='ltr'><strong>carpit</strong></span> <span class='ocrx_word' id='word_1_240' title='bbox 1773 3336 1838 3388; x_wconf 81' lang='lat' dir='ltr'><strong>ab</strong></span> <span class='ocrx_word' id='word_1_241' title='bbox 1873 3331 1975 3417; x_wconf 77' lang='lat' dir='ltr'><strong>lda</strong></span> 
     </span>
    </p>
   </div>
   <div class='ocr_carea' id='block_1_36' title="bbox 695 3411 1973 3483">
    <p class='ocr_par' dir='ltr' id='par_1_36' title="bbox 695 3411 1973 3483">
     <span class='ocr_line' id='line_1_37' title="bbox 695 3411 1973 3483; baseline -0.016 -6"><span class='ocrx_word' id='word_1_242' title='bbox 695 3421 984 3477; x_wconf 82' lang='lat' dir='ltr'><strong>l’uberibus</strong></span> <span class='ocrx_word' id='word_1_243' title='bbox 1015 3411 1214 3471; x_wconf 49' lang='lat' dir='ltr'><strong>ca&#39;ulem</strong></span> <span class='ocrx_word' id='word_1_244' title='bbox 1244 3413 1409 3483; x_wconf 76' lang='lat' dir='ltr'><strong>foliis,</strong></span> <span class='ocrx_word' id='word_1_245' title='bbox 1437 3422 1485 3483; x_wconf 87' lang='lat' dir='ltr'><strong>et</strong></span> <span class='ocrx_word' id='word_1_246' title='bbox 1517 3411 1646 3483; x_wconf 81' lang='lat' dir='ltr'><strong>[lore</strong></span> <span class='ocrx_word' id='word_1_247' title='bbox 1679 3415 1973 3483; x_wconf 71' lang='lat' dir='ltr'><strong>comantem</strong></span> 
     </span>
    </p>
   </div>
   <div class='ocr_carea' id='block_1_37' title="bbox 697 3477 1904 3561">
    <p class='ocr_par' dir='ltr' id='par_1_37' title="bbox 697 3477 1904 3561">
     <span class='ocr_line' id='line_1_38' title="bbox 697 3477 1904 3561; baseline -0.017 -14"><span class='ocrx_word' id='word_1_248' title='bbox 697 3496 987 3561; x_wconf 81' lang='lat' dir='ltr'><strong>Purpureo.</strong></span> <span class='ocrx_word' id='word_1_249' title='bbox 1017 3505 1120 3542; x_wconf 88' lang='lat' dir='ltr'><strong>non</strong></span> <span class='ocrx_word' id='word_1_250' title='bbox 1146 3477 1253 3539; x_wconf 76' lang='lat' dir='ltr'><strong>illa</strong></span> <span class='ocrx_word' id='word_1_251' title='bbox 1275 3484 1399 3561; x_wconf 76' lang='lat' dir='ltr'><strong>feris</strong></span> <span class='ocrx_word' id='word_1_252' title='bbox 1434 3477 1696 3561; x_wconf 54' lang='lat' dir='ltr'><strong>incognita</strong></span> <span class='ocrx_word' id='word_1_253' title='bbox 1732 3477 1904 3556; x_wconf 73' lang='lat' dir='ltr'><strong>capris</strong></span> 
     </span>
    </p>
   </div>
   <div class='ocr_carea' id='block_1_38' title="bbox 696 3545 2005 3626">
    <p class='ocr_par' dir='ltr' id='par_1_38' title="bbox 696 3545 2005 3626">
     <span class='ocr_line' id='line_1_39' title="bbox 696 3545 2005 3626; baseline -0.017 -8"><span class='ocrx_word' id='word_1_254' title='bbox 696 3545 1111 3625; x_wconf 40' lang='lat' dir='ltr'><strong>Ciminium-cum</strong></span> <span class='ocrx_word' id='word_1_255' title='bbox 1139 3545 1286 3626; x_wconf 78' lang='lat' dir='ltr'><strong>tergo</strong></span> <span class='ocrx_word' id='word_1_256' title='bbox 1308 3556 1538 3608; x_wconf 84' lang='lat' dir='ltr'><strong>volucres</strong></span> <span class='ocrx_word' id='word_1_257' title='bbox 1552 3545 1760 3603; x_wconf 53' lang='lat' dir='ltr'><strong>&#39;htesere</strong></span> <span class='ocrx_word' id='word_1_258' title='bbox 1776 3545 2005 3616; x_wconf 66' lang='lat' dir='ltr'><strong>sagittis.</strong></span> 
     </span>
    </p>
   </div>
   <div class='ocr_carea' id='block_1_39' title="bbox 561 3650 2111 3747">
    <p class='ocr_par' dir='ltr' id='par_1_39' title="bbox 561 3650 2111 3747">
     <span class='ocr_line' id='line_1_40' title="bbox 561 3650 2111 3747; baseline -0.019 -16"><span class='ocrx_word' id='word_1_259' title='bbox 561 3676 700 3747; x_wconf 86' lang='lat' dir='ltr'><strong>Ergo</strong></span> <span class='ocrx_word' id='word_1_260' title='bbox 730 3679 812 3729; x_wconf 90' lang='lat' dir='ltr'><strong>est</strong></span> <span class='ocrx_word' id='word_1_261' title='bbox 846 3679 899 3727; x_wconf 90' lang='lat' dir='ltr'><strong>et</strong></span> <span class='ocrx_word' id='word_1_262' title='bbox 927 3669 1118 3732; x_wconf 90' lang='lat' dir='ltr'><strong>caulis,</strong></span> <span class='ocrx_word' id='word_1_263' title='bbox 1155 3673 1208 3718; x_wconf 87' lang='lat' dir='ltr'><strong>et</strong></span> <span class='ocrx_word' id='word_1_264' title='bbox 1236 3663 1355 3727; x_wconf 85' lang='lat' dir='ltr'><strong>llos,</strong></span> <span class='ocrx_word' id='word_1_265' title='bbox 1382 3672 1434 3716; x_wconf 91' lang='lat' dir='ltr'><strong>et</strong></span> <span class='ocrx_word' id='word_1_266' title='bbox 1457 3673 1662 3721; x_wconf 89' lang='lat' dir='ltr'><strong>semen,</strong></span> <span class='ocrx_word' id='word_1_267' title='bbox 1700 3653 1864 3718; x_wconf 88' lang='lat' dir='ltr'><strong>Plini,</strong></span> <span class='ocrx_word' id='word_1_268' title='bbox 1905 3651 2019 3704; x_wconf 78' lang='grc' dir='ltr'>ἀλλ’</span> <span class='ocrx_word' id='word_1_269' title='bbox 2052 3650 2111 3703; x_wconf 83' lang='grc' dir='ltr'><strong>οὑ</strong></span> 
     </span>
    </p>
   </div>
   <div class='ocr_carea' id='block_1_40' title="bbox 561 3743 2115 3840">
    <p class='ocr_par' dir='ltr' id='par_1_40' title="bbox 561 3743 2115 3840">
     <span class='ocr_line' id='line_1_41' title="bbox 561 3743 2115 3840; baseline -0.016 -17"><span class='ocrx_word' id='word_1_270' title='bbox 561 3743 845 3840; x_wconf 53' lang='grc' dir='ltr'>συρφέρει,</span> <span class='ocrx_word' id='word_1_271' title='bbox 879 3770 931 3819; x_wconf 90' lang='grc' dir='ltr'><strong>ει</strong></span> <span class='ocrx_word' id='word_1_272' title='bbox 955 3762 1076 3816; x_wconf 90' lang='lat' dir='ltr'><strong>ideo</strong></span> <span class='ocrx_word' id='word_1_273' title='bbox 1109 3757 1277 3812; x_wconf 82' lang='lat' dir='ltr'><strong>Foliis</strong></span> <span class='ocrx_word' id='word_1_274' title='bbox 1310 3765 1512 3808; x_wconf 88' lang='lat' dir='ltr'><strong>tantum</strong></span> <span class='ocrx_word' id='word_1_275' title='bbox 1541 3757 1780 3813; x_wconf 85' lang='lat' dir='ltr'><strong>utuntur,</strong></span> <span class='ocrx_word' id='word_1_276' title='bbox 1815 3753 1876 3802; x_wconf 91' lang='lat' dir='ltr'><strong>ut</strong></span> <span class='ocrx_word' id='word_1_277' title='bbox 1914 3743 2115 3815; x_wconf 89' lang='lat' dir='ltr'><strong>optime</strong></span> 
     </span>
    </p>
   </div>
   <div class='ocr_carea' id='block_1_41' title="bbox 560 3871 821 3918">
    <p class='ocr_par' dir='ltr' id='par_1_41' title="bbox 560 3871 821 3918">
     <span class='ocr_line' id='line_1_42' title="bbox 560 3871 821 3918; baseline -0.023 0"><span class='ocrx_word' id='word_1_278' title='bbox 560 3871 821 3918; x_wconf 86' lang='lat' dir='ltr'><strong>verteras.</strong></span> 
     </span>
    </p>
   </div>
   <div class='ocr_carea' id='block_1_42' title="bbox 632 3933 2115 4017">
    <p class='ocr_par' dir='ltr' id='par_1_42' title="bbox 632 3933 2115 4017">
     <span class='ocr_line' id='line_1_43' title="bbox 632 3933 2115 4017; baseline -0.016 -8"><span class='ocrx_word' id='word_1_279' title='bbox 632 3952 792 4017; x_wconf 53' lang='lat' dir='ltr'><strong>lb&#39;id.,</strong></span> <span class='ocrx_word' id='word_1_280' title='bbox 819 3951 914 4006; x_wconf 91' lang='lat' dir='ltr'><strong>lin.</strong></span> <span class='ocrx_word' id='word_1_281' title='bbox 941 3948 1032 4002; x_wconf 68' lang='grc'><strong>24.</strong></span> <span class='ocrx_word' id='word_1_282' title='bbox 1062 3948 1131 4002; x_wconf 80' lang='grc' dir='ltr'><strong>Αἱ</strong></span> <span class='ocrx_word' id='word_1_283' title='bbox 1161 3944 1227 3998; x_wconf 86' lang='grc' dir='ltr'>δὲ</span> <span class='ocrx_word' id='word_1_284' title='bbox 1262 3939 1600 4011; x_wconf 70' lang='grc' dir='ltr'><strong>παρδάλεις.</strong></span> <span class='ocrx_word' id='word_1_285' title='bbox 1643 3933 1906 4007; x_wconf 87' lang='lat' dir='ltr'><strong>Superius</strong></span> <span class='ocrx_word' id='word_1_286' title='bbox 1928 3946 2115 3988; x_wconf 88' lang='lat' dir='ltr'><strong>eorum</strong></span> 
     </span>
    </p>
   </div>
   <div class='ocr_carea' id='block_1_43' title="bbox 561 4027 2119 4118">
    <p class='ocr_par' dir='ltr' id='par_1_43' title="bbox 561 4027 2119 4118">
     <span class='ocr_line' id='line_1_44' title="bbox 561 4027 2119 4118; baseline -0.016 -16"><span class='ocrx_word' id='word_1_287' title='bbox 561 4047 842 4118; x_wconf 84' lang='lat' dir='ltr'><strong>Opiniones</strong></span> <span class='ocrx_word' id='word_1_288' title='bbox 867 4041 1176 4102; x_wconf 88' lang='lat' dir='ltr'><strong>retulimus,</strong></span> <span class='ocrx_word' id='word_1_289' title='bbox 1212 4037 1304 4108; x_wconf 86' lang='lat' dir='ltr'><strong>qui</strong></span> <span class='ocrx_word' id='word_1_290' title='bbox 1337 4050 1500 4089; x_wconf 89' lang='lat' dir='ltr'><strong>unum</strong></span> <span class='ocrx_word' id='word_1_291' title='bbox 1531 4042 1584 4088; x_wconf 89' lang='lat' dir='ltr'><strong>et</strong></span> <span class='ocrx_word' id='word_1_292' title='bbox 1615 4031 1758 4087; x_wconf 89' lang='lat' dir='ltr'><strong>idem</strong></span> <span class='ocrx_word' id='word_1_293' title='bbox 1789 4027 1991 4082; x_wconf 85' lang='lat' dir='ltr'><strong>animal</strong></span> <span class='ocrx_word' id='word_1_294' title='bbox 2020 4040 2119 4096; x_wconf 92' lang='lat' dir='ltr'><strong>pu—</strong></span> 
     </span>
    </p>
   </div>
   <div class='ocr_carea' id='block_1_44' title="bbox 563 4127 2120 4206">
    <p class='ocr_par' dir='ltr' id='par_1_44' title="bbox 563 4127 2120 4206">
     <span class='ocr_line' id='line_1_45' title="bbox 563 4127 2120 4206; baseline -0.015 -12"><span class='ocrx_word' id='word_1_295' title='bbox 563 4147 746 4193; x_wconf 90' lang='lat' dir='ltr'><strong>tarunt</strong></span> <span class='ocrx_word' id='word_1_296' title='bbox 770 4151 892 4191; x_wconf 90' lang='lat' dir='ltr'><strong>esse</strong></span> <span class='ocrx_word' id='word_1_297' title='bbox 915 4132 1201 4206; x_wconf 87' lang='lat' dir='ltr'><strong>pardalim,</strong></span> <span class='ocrx_word' id='word_1_298' title='bbox 1233 4137 1285 4185; x_wconf 84' lang='lat' dir='ltr'><strong>et</strong></span> <span class='ocrx_word' id='word_1_299' title='bbox 1317 4127 1634 4199; x_wconf 88' lang='lat' dir='ltr'><strong>pantheram</strong></span> <span class='ocrx_word' id='word_1_300' title='bbox 1683 4131 1737 4179; x_wconf 89' lang='lat' dir='ltr'><strong>et</strong></span> <span class='ocrx_word' id='word_1_301' title='bbox 1765 4133 2000 4192; x_wconf 88' lang='lat' dir='ltr'><strong>quanam</strong></span> <span class='ocrx_word' id='word_1_302' title='bbox 2031 4132 2120 4170; x_wconf 89' lang='lat' dir='ltr'><strong>ra-</strong></span> 
     </span>
    </p>
   </div>
   <div class='ocr_carea' id='block_1_45' title="bbox 563 4207 2118 4297">
    <p class='ocr_par' dir='ltr' id='par_1_45' title="bbox 563 4207 2118 4297">
     <span class='ocr_line' id='line_1_46' title="bbox 563 4207 2118 4297; baseline -0.016 -10"><span class='ocrx_word' id='word_1_303' title='bbox 563 4233 710 4287; x_wconf 86' lang='lat' dir='ltr'><strong>tione</strong></span> <span class='ocrx_word' id='word_1_304' title='bbox 741 4229 1090 4297; x_wconf 80' lang='lat' dir='ltr'><strong>distinguant.</strong></span> <span class='ocrx_word' id='word_1_305' title='bbox 1126 4223 1183 4276; x_wconf 90' lang='lat' dir='ltr'><strong>1n</strong></span> <span class='ocrx_word' id='word_1_306' title='bbox 1211 4237 1320 4292; x_wconf 88' lang='lat' dir='ltr'><strong>qua</strong></span> <span class='ocrx_word' id='word_1_307' title='bbox 1347 4235 1406 4274; x_wconf 90' lang='lat' dir='ltr'><strong>re</strong></span> <span class='ocrx_word' id='word_1_308' title='bbox 1439 4233 1570 4273; x_wconf 84' lang='lat' dir='ltr'><strong>sane</strong></span> <span class='ocrx_word' id='word_1_309' title='bbox 1613 4215 1830 4270; x_wconf 82' lang='lat' dir='ltr'><strong>facilius</strong></span> <span class='ocrx_word' id='word_1_310' title='bbox 1866 4207 2118 4279; x_wconf 86' lang='lat' dir='ltr'><strong>estquod</strong></span> 
     </span>
    </p>
   </div>
   <div class='ocr_carea' id='block_1_46' title="bbox 565 4302 2116 4389">
    <p class='ocr_par' dir='ltr' id='par_1_46' title="bbox 565 4302 2116 4389">
     <span class='ocr_line' id='line_1_47' title="bbox 565 4302 2116 4389; baseline -0.016 -9"><span class='ocrx_word' id='word_1_311' title='bbox 565 4325 654 4380; x_wconf 89' lang='lat' dir='ltr'><strong>alii</strong></span> <span class='ocrx_word' id='word_1_312' title='bbox 688 4324 937 4378; x_wconf 80' lang='lat' dir='ltr'><strong>dixerunt</strong></span> <span class='ocrx_word' id='word_1_313' title='bbox 965 4330 1226 4389; x_wconf 89' lang='lat' dir='ltr'><strong>pugnare,</strong></span> <span class='ocrx_word' id='word_1_314' title='bbox 1250 4327 1412 4384; x_wconf 88' lang='lat' dir='ltr'><strong>quam</strong></span> <span class='ocrx_word' id='word_1_315' title='bbox 1447 4310 1578 4380; x_wconf 87' lang='lat' dir='ltr'><strong>quid</strong></span> <span class='ocrx_word' id='word_1_316' title='bbox 1617 4308 1749 4363; x_wconf 90' lang='lat' dir='ltr'><strong>certi</strong></span> <span class='ocrx_word' id='word_1_317' title='bbox 1790 4307 1845 4360; x_wconf 89' lang='lat' dir='ltr'><strong>in</strong></span> <span class='ocrx_word' id='word_1_318' title='bbox 1877 4302 2116 4359; x_wconf 89' lang='lat' dir='ltr'><strong>medium</strong></span> 
     </span>
    </p>
   </div>
   <div class='ocr_carea' id='block_1_47' title="bbox 565 4395 2114 4485">
    <p class='ocr_par' dir='ltr' id='par_1_47' title="bbox 565 4395 2114 4485">
     <span class='ocr_line' id='line_1_48' title="bbox 565 4395 2114 4485; baseline -0.015 -12"><span class='ocrx_word' id='word_1_319' title='bbox 565 4417 775 4479; x_wconf 83' lang='lat' dir='ltr'><strong>aﬂ‘erre,</strong></span> <span class='ocrx_word' id='word_1_320' title='bbox 803 4413 946 4485; x_wconf 89' lang='lat' dir='ltr'><strong>quod</strong></span> <span class='ocrx_word' id='word_1_321' title='bbox 977 4411 1067 4466; x_wconf 90' lang='lat' dir='ltr'><strong>alii</strong></span> <span class='ocrx_word' id='word_1_322' title='bbox 1100 4424 1208 4462; x_wconf 92' lang='lat' dir='ltr'><strong>non</strong></span> <span class='ocrx_word' id='word_1_323' title='bbox 1248 4407 1582 4475; x_wconf 87' lang='lat' dir='ltr'><strong>impugnent.</strong></span> <span class='ocrx_word' id='word_1_324' title='bbox 1613 4400 1824 4456; x_wconf 88' lang='lat' dir='ltr'><strong>Etenim</strong></span> <span class='ocrx_word' id='word_1_325' title='bbox 1855 4399 1902 4454; x_wconf 91' lang='lat' dir='ltr'><strong>si</strong></span> <span class='ocrx_word' id='word_1_326' title='bbox 1931 4395 2114 4459; x_wconf 89' lang='lat' dir='ltr'><strong>Plinii,</strong></span> 
     </span>
    </p>
   </div>
   <div class='ocr_carea' id='block_1_48' title="bbox 564 4485 2118 4578">
    <p class='ocr_par' dir='ltr' id='par_1_48' title="bbox 564 4485 2118 4578">
     <span class='ocr_line' id='line_1_49' title="bbox 564 4485 2118 4578; baseline -0.017 -13"><span class='ocrx_word' id='word_1_327' title='bbox 564 4505 920 4578; x_wconf 89' lang='lat' dir='ltr'><strong>Theophrasti</strong></span> <span class='ocrx_word' id='word_1_328' title='bbox 983 4510 1038 4556; x_wconf 89' lang='lat' dir='ltr'><strong>et</strong></span> <span class='ocrx_word' id='word_1_329' title='bbox 1087 4498 1394 4554; x_wconf 87' lang='lat' dir='ltr'><strong>Aristotelis</strong></span> <span class='ocrx_word' id='word_1_330' title='bbox 1449 4491 1696 4559; x_wconf 79' lang='lat' dir='ltr'><strong>vestigiis</strong></span> <span class='ocrx_word' id='word_1_331' title='bbox 1753 4485 2118 4544; x_wconf 86' lang='lat' dir='ltr'><strong>insistendum</strong></span> 
     </span>
    </p>
   </div>
   <div class='ocr_carea' id='block_1_49' title="bbox 560 4578 2126 4667">
    <p class='ocr_par' dir='ltr' id='par_1_49' title="bbox 560 4578 2126 4667">
     <span class='ocr_line' id='line_1_50' title="bbox 560 4578 2126 4667; baseline -0.015 -12"><span class='ocrx_word' id='word_1_332' title='bbox 560 4607 664 4664; x_wconf 85' lang='lat' dir='ltr'><strong>est,</strong></span> <span class='ocrx_word' id='word_1_333' title='bbox 700 4595 942 4667; x_wconf 85' lang='lat' dir='ltr'><strong>ejusdem</strong></span> <span class='ocrx_word' id='word_1_334' title='bbox 986 4592 1200 4663; x_wconf 78' lang='lat' dir='ltr'><strong>generis</strong></span> <span class='ocrx_word' id='word_1_335' title='bbox 1241 4585 1495 4641; x_wconf 88' lang='lat' dir='ltr'><strong>animalia</strong></span> <span class='ocrx_word' id='word_1_336' title='bbox 1533 4598 1655 4638; x_wconf 90' lang='lat' dir='ltr'><strong>esse</strong></span> <span class='ocrx_word' id='word_1_337' title='bbox 1706 4597 1814 4635; x_wconf 92' lang='lat' dir='ltr'><strong>non</strong></span> <span class='ocrx_word' id='word_1_338' title='bbox 1861 4578 2126 4634; x_wconf 88' lang='lat' dir='ltr'><strong>inliciabi-</strong></span> 
     </span>
    </p>
   </div>
   <div class='ocr_carea' id='block_1_50' title="bbox 565 4671 2121 4756">
    <p class='ocr_par' dir='ltr' id='par_1_50' title="bbox 565 4671 2121 4756">
     <span class='ocr_line' id='line_1_51' title="bbox 565 4671 2121 4756; baseline -0.013 -12"><span class='ocrx_word' id='word_1_339' title='bbox 565 4706 702 4744; x_wconf 91' lang='lat' dir='ltr'><strong>mur.</strong></span> <span class='ocrx_word' id='word_1_340' title='bbox 728 4687 1134 4756; x_wconf 81' lang='lat' dir='ltr'><strong>Theophrastus</strong></span> <span class='ocrx_word' id='word_1_341' title='bbox 1155 4681 1321 4742; x_wconf 88' lang='lat' dir='ltr'><strong>enim,</strong></span> <span class='ocrx_word' id='word_1_342' title='bbox 1351 4677 1423 4731; x_wconf 89' lang='lat' dir='ltr'><strong>De</strong></span> <span class='ocrx_word' id='word_1_343' title='bbox 1451 4676 1625 4730; x_wconf 81' lang='lat' dir='ltr'><strong>causis</strong></span> <span class='ocrx_word' id='word_1_344' title='bbox 1661 4673 1897 4743; x_wconf 85' lang='lat' dir='ltr'><strong>plantar.</strong></span> <span class='ocrx_word' id='word_1_345' title='bbox 1923 4671 2018 4725; x_wconf 89' lang='lat' dir='ltr'><strong>lib.</strong></span> <span class='ocrx_word' id='word_1_346' title='bbox 2045 4686 2121 4732; x_wconf 79' lang='lat' dir='ltr'><strong>vr,</strong></span> 
     </span>
    </p>
   </div>
   <div class='ocr_carea' id='block_1_51' title="bbox 563 4760 2124 4852">
    <p class='ocr_par' dir='ltr' id='par_1_51' title="bbox 563 4760 2124 4852">
     <span class='ocr_line' id='line_1_52' title="bbox 563 4760 2124 4852; baseline -0.015 -15"><span class='ocrx_word' id='word_1_347' title='bbox 563 4798 685 4852; x_wconf 90' lang='lat' dir='ltr'><strong>cap.</strong></span> <span class='ocrx_word' id='word_1_348' title='bbox 737 4781 828 4842; x_wconf 77' lang='lat'><strong>26.</strong></span> <span class='ocrx_word' id='word_1_349' title='bbox 871 4779 1078 4832; x_wconf 91' lang='lat' dir='ltr'><strong>nullum</strong></span> <span class='ocrx_word' id='word_1_350' title='bbox 1125 4771 1325 4828; x_wconf 88' lang='lat' dir='ltr'><strong>animal</strong></span> <span class='ocrx_word' id='word_1_351' title='bbox 1372 4771 1447 4823; x_wconf 90' lang='lat' dir='ltr'><strong>ait</strong></span> <span class='ocrx_word' id='word_1_352' title='bbox 1494 4781 1619 4822; x_wconf 89' lang='lat' dir='ltr'><strong>esse</strong></span> <span class='ocrx_word' id='word_1_353' title='bbox 1660 4765 1968 4826; x_wconf 91' lang='lat' dir='ltr'><strong>odoratum,</strong></span> <span class='ocrx_word' id='word_1_354' title='bbox 2020 4760 2124 4816; x_wconf 86' lang='lat' dir='ltr'><strong>nisi</strong></span> 
     </span>
    </p>
   </div>
   <div class='ocr_carea' id='block_1_52' title="bbox 565 4854 2126 4946">
    <p class='ocr_par' dir='ltr' id='par_1_52' title="bbox 565 4854 2126 4946">
     <span class='ocr_line' id='line_1_53' title="bbox 565 4854 2126 4946; baseline -0.015 -16"><span class='ocrx_word' id='word_1_355' title='bbox 565 4876 689 4946; x_wconf 89' lang='lat' dir='ltr'><strong>quis</strong></span> <span class='ocrx_word' id='word_1_356' title='bbox 722 4874 920 4928; x_wconf 79' lang='lat' dir='ltr'><strong>dixerit</strong></span> <span class='ocrx_word' id='word_1_357' title='bbox 939 4868 1198 4942; x_wconf 89' lang='lat' dir='ltr'><strong>pardalim</strong></span> <span class='ocrx_word' id='word_1_358' title='bbox 1232 4862 1596 4919; x_wconf 87' lang='lat' dir='ltr'><strong>animantibus</strong></span> <span class='ocrx_word' id='word_1_359' title='bbox 1620 4859 1757 4914; x_wconf 88' lang='lat' dir='ltr'><strong>bene</strong></span> <span class='ocrx_word' id='word_1_360' title='bbox 1789 4859 1956 4910; x_wconf 86' lang='lat' dir='ltr'><strong>olere.</strong></span> <span class='ocrx_word' id='word_1_361' title='bbox 1981 4854 2126 4908; x_wconf 85' lang='grc' dir='ltr'><strong>Ζῶον</strong></span> 
     </span>
    </p>
   </div>
   <div class='ocr_carea' id='block_1_53' title="bbox 565 4946 2126 5035">
    <p class='ocr_par' dir='ltr' id='par_1_53' title="bbox 565 4946 2126 5035">
     <span class='ocr_line' id='line_1_54' title="bbox 565 4946 2126 5035; baseline -0.015 -14"><span class='ocrx_word' id='word_1_362' title='bbox 565 4969 621 5021; x_wconf 80' lang='grc' dir='ltr'>δὲ</span> <span class='ocrx_word' id='word_1_363' title='bbox 647 4966 818 5031; x_wconf 71' lang='grc' dir='ltr'><strong>οὐδὲν,</strong></span> <span class='ocrx_word' id='word_1_364' title='bbox 856 4967 904 5018; x_wconf 83' lang='grc' dir='ltr'><strong>εί</strong></span> <span class='ocrx_word' id='word_1_365' title='bbox 948 4963 1022 5035; x_wconf 82' lang='grc' dir='ltr'><strong>μὴ</strong></span> <span class='ocrx_word' id='word_1_366' title='bbox 1057 4959 1154 5031; x_wconf 79' lang='grc' dir='ltr'><strong>τὴν</strong></span> <span class='ocrx_word' id='word_1_367' title='bbox 1188 4954 1448 5029; x_wconf 79' lang='grc' dir='ltr'>πὰρὸαλὶν</span> <span class='ocrx_word' id='word_1_368' title='bbox 1480 4969 1632 5023; x_wconf 78' lang='grc' dir='ltr'>φασι,</span> <span class='ocrx_word' id='word_1_369' title='bbox 1667 4949 1916 5019; x_wconf 82' lang='grc' dir='ltr'><strong>καθάπερ</strong></span> <span class='ocrx_word' id='word_1_370' title='bbox 1938 4946 2126 5016; x_wconf 76' lang='grc' dir='ltr'><strong>ἐλέχθη</strong></span> 
     </span>
    </p>
   </div>
   <div class='ocr_carea' id='block_1_54' title="bbox 567 5039 2126 5134">
    <p class='ocr_par' dir='ltr' id='par_1_54' title="bbox 567 5039 2126 5134">
     <span class='ocr_line' id='line_1_55' title="bbox 567 5039 2126 5134; baseline -0.015 -19"><span class='ocrx_word' id='word_1_371' title='bbox 567 5065 678 5125; x_wconf 83' lang='grc' dir='ltr'>τοῖς</span> <span class='ocrx_word' id='word_1_372' title='bbox 711 5059 936 5134; x_wconf 80' lang='grc' dir='ltr'><strong>θηρίοις.</strong></span> <span class='ocrx_word' id='word_1_373' title='bbox 966 5055 1190 5110; x_wconf 87' lang='lat' dir='ltr'><strong>Aristot.</strong></span> <span class='ocrx_word' id='word_1_374' title='bbox 1223 5048 1486 5104; x_wconf 85' lang='lat' dir='ltr'><strong>Problem.</strong></span> <span class='ocrx_word' id='word_1_375' title='bbox 1527 5053 1661 5100; x_wconf 89' lang='lat' dir='ltr'><strong>sect.</strong></span> <span class='ocrx_word' id='word_1_376' title='bbox 1699 5043 1789 5106; x_wconf 79' lang='grc'><strong>15,</strong></span> <span class='ocrx_word' id='word_1_377' title='bbox 1827 5041 1882 5104; x_wconf 72' lang='grc'>4,</span> <span class='ocrx_word' id='word_1_378' title='bbox 1918 5039 2126 5094; x_wconf 90' lang='lat' dir='ltr'><strong>nullum</strong></span> 
     </span>
    </p>
   </div>
   <div class='ocr_carea' id='block_1_55' title="bbox 570 5132 2129 5210">
    <p class='ocr_par' dir='ltr' id='par_1_55' title="bbox 570 5132 2129 5210">
     <span class='ocr_line' id='line_1_56' title="bbox 570 5132 2129 5210; baseline -0.015 -1"><span class='ocrx_word' id='word_1_379' title='bbox 570 5132 1052 5209; x_wconf 12' lang='lat' dir='ltr'><strong>animalisuaviter</strong></span> <span class='ocrx_word' id='word_1_380' title='bbox 1081 5146 1226 5201; x_wconf 89' lang='lat' dir='ltr'><strong>olere</strong></span> <span class='ocrx_word' id='word_1_381' title='bbox 1264 5149 1487 5210; x_wconf 79' lang='lat' dir='ltr'><strong>excepta</strong></span> <span class='ocrx_word' id='word_1_382' title='bbox 1519 5137 1727 5210; x_wconf 91' lang='lat' dir='ltr'><strong>pardali</strong></span> <span class='ocrx_word' id='word_1_383' title='bbox 1774 5149 1894 5205; x_wconf 68' lang='lat' dir='ltr'><strong>qua:</strong></span> <span class='ocrx_word' id='word_1_384' title='bbox 1923 5142 1978 5188; x_wconf 92' lang='lat' dir='ltr'><strong>et</strong></span> <span class='ocrx_word' id='word_1_385' title='bbox 2011 5132 2129 5202; x_wconf 89' lang='lat' dir='ltr'><strong>ipsa</strong></span> 
     </span>
    </p>
   </div>
   <div class='ocr_carea' id='block_1_56' title="bbox 569 5223 2130 5301">
    <p class='ocr_par' dir='ltr' id='par_1_56' title="bbox 569 5223 2130 5301">
     <span class='ocr_line' id='line_1_57' title="bbox 569 5223 2130 5301; baseline -0.017 0"><span class='ocrx_word' id='word_1_386' title='bbox 569 5245 788 5301; x_wconf 89' lang='lat' dir='ltr'><strong>nonnisi</strong></span> <span class='ocrx_word' id='word_1_387' title='bbox 835 5241 1025 5296; x_wconf 88' lang='lat' dir='ltr'><strong>bestiis</strong></span> <span class='ocrx_word' id='word_1_388' title='bbox 1054 5239 1129 5291; x_wconf 90' lang='lat' dir='ltr'><strong>ita</strong></span> <span class='ocrx_word' id='word_1_389' title='bbox 1159 5236 1308 5290; x_wconf 91' lang='lat' dir='ltr'><strong>olere</strong></span> <span class='ocrx_word' id='word_1_390' title='bbox 1338 5231 1584 5286; x_wconf 88' lang='lat' dir='ltr'><strong>affirmat.</strong></span> <span class='ocrx_word' id='word_1_391' title='bbox 1617 5227 1825 5282; x_wconf 91' lang='lat' dir='ltr'><strong>Plinius</strong></span> <span class='ocrx_word' id='word_1_392' title='bbox 1853 5225 2015 5280; x_wconf 88' lang='lat' dir='ltr'><strong>etiam</strong></span> <span class='ocrx_word' id='word_1_393' title='bbox 2042 5223 2130 5277; x_wconf 90' lang='lat' dir='ltr'><strong>illa</strong></span> 
     </span>
    </p>
   </div>
   <div class='ocr_carea' id='block_1_57' title="bbox 572 5313 2130 5395">
    <p class='ocr_par' dir='ltr' id='par_1_57' title="bbox 572 5313 2130 5395">
     <span class='ocr_line' id='line_1_58' title="bbox 572 5313 2130 5395; baseline -0.016 -3"><span class='ocrx_word' id='word_1_394' title='bbox 572 5334 857 5391; x_wconf 89' lang='lat' dir='ltr'><strong>confundit</strong></span> <span class='ocrx_word' id='word_1_395' title='bbox 890 5333 985 5387; x_wconf 91' lang='lat' dir='ltr'><strong>lib.</strong></span> <span class='ocrx_word' id='word_1_396' title='bbox 1019 5345 1137 5393; x_wconf 85' lang='lat' dir='ltr'><strong>vni,</strong></span> <span class='ocrx_word' id='word_1_397' title='bbox 1175 5341 1294 5395; x_wconf 87' lang='lat' dir='ltr'><strong>cap.</strong></span> <span class='ocrx_word' id='word_1_398' title='bbox 1329 5323 1420 5385; x_wconf 79' lang='grc' dir='ltr'><strong>ΓΙ,</strong></span> <span class='ocrx_word' id='word_1_399' title='bbox 1455 5320 1612 5374; x_wconf 88' lang='lat' dir='ltr'><strong>Nunc</strong></span> <span class='ocrx_word' id='word_1_400' title='bbox 1639 5319 1819 5388; x_wconf 87' lang='lat' dir='ltr'><strong>parias</strong></span> <span class='ocrx_word' id='word_1_401' title='bbox 1841 5326 1888 5371; x_wconf 89' lang='lat' dir='ltr'><strong>et</strong></span> <span class='ocrx_word' id='word_1_402' title='bbox 1913 5313 2130 5385; x_wconf 86' lang='lat' dir='ltr'><strong>pardos,</strong></span> 
     </span>
    </p>
   </div>
   <div class='ocr_carea' id='block_1_58' title="bbox 571 5405 2136 5499">
    <p class='ocr_par' dir='ltr' id='par_1_58' title="bbox 571 5405 2136 5499">
     <span class='ocr_line' id='line_1_59' title="bbox 571 5405 2136 5499; baseline -0.017 -16"><span class='ocrx_word' id='word_1_403' title='bbox 571 5431 660 5499; x_wconf 86' lang='lat' dir='ltr'><strong>qui</strong></span> <span class='ocrx_word' id='word_1_404' title='bbox 699 5443 870 5482; x_wconf 88' lang='lat' dir='ltr'><strong>mares</strong></span> <span class='ocrx_word' id='word_1_405' title='bbox 895 5432 1038 5487; x_wconf 87' lang='lat' dir='ltr'><strong>sunt,</strong></span> <span class='ocrx_word' id='word_1_406' title='bbox 1073 5420 1338 5491; x_wconf 86' lang='lat' dir='ltr'><strong>appellant</strong></span> <span class='ocrx_word' id='word_1_407' title='bbox 1373 5417 1428 5470; x_wconf 88' lang='lat' dir='ltr'><strong>in</strong></span> <span class='ocrx_word' id='word_1_408' title='bbox 1459 5431 1517 5470; x_wconf 87' lang='lat' dir='ltr'><strong>eo</strong></span> <span class='ocrx_word' id='word_1_409' title='bbox 1549 5411 1692 5466; x_wconf 88' lang='lat' dir='ltr'><strong>omni</strong></span> <span class='ocrx_word' id='word_1_410' title='bbox 1715 5425 1915 5478; x_wconf 86' lang='lat' dir='ltr'><strong>genere.</strong></span> <span class='ocrx_word' id='word_1_411' title='bbox 1941 5405 2136 5460; x_wconf 85' lang='lat' dir='ltr'><strong>creber-</strong></span> 
     </span>
    </p>
   </div>
   <div class='ocr_carea' id='block_1_59' title="bbox 574 5499 2135 5586">
    <p class='ocr_par' dir='ltr' id='par_1_59' title="bbox 574 5499 2135 5586">
     <span class='ocr_line' id='line_1_60' title="bbox 574 5499 2135 5586; baseline -0.016 -13"><span class='ocrx_word' id='word_1_412' title='bbox 574 5522 708 5573; x_wconf 87' lang='lat' dir='ltr'><strong>rimo</strong></span> <span class='ocrx_word' id='word_1_413' title='bbox 750 5521 804 5572; x_wconf 89' lang='lat' dir='ltr'><strong>in</strong></span> <span class='ocrx_word' id='word_1_414' title='bbox 849 5518 977 5570; x_wconf 83' lang='lat' dir='ltr'><strong>Asia</strong></span> <span class='ocrx_word' id='word_1_415' title='bbox 1032 5515 1310 5586; x_wconf 83' lang='lat' dir='ltr'><strong>Syriaque.</strong></span> <span class='ocrx_word' id='word_1_416' title='bbox 1361 5507 1589 5576; x_wconf 83' lang='lat' dir='ltr'><strong>Quidam</strong></span> <span class='ocrx_word' id='word_1_417' title='bbox 1636 5503 1700 5557; x_wconf 87' lang='lat' dir='ltr'><strong>ab</strong></span> <span class='ocrx_word' id='word_1_418' title='bbox 1742 5503 1807 5556; x_wconf 87' lang='lat' dir='ltr'><strong>iis</strong></span> <span class='ocrx_word' id='word_1_419' title='bbox 1854 5499 2135 5568; x_wconf 84' lang='lat' dir='ltr'><strong>pantheras</strong></span> 
     </span>
    </p>
   </div>
   <div class='ocr_carea' id='block_1_60' title="bbox 574 5591 2137 5664">
    <p class='ocr_par' dir='ltr' id='par_1_60' title="bbox 574 5591 2137 5664">
     <span class='ocr_line' id='line_1_61' title="bbox 574 5591 2137 5664; baseline -0.015 0"><span class='ocrx_word' id='word_1_420' title='bbox 574 5609 801 5664; x_wconf 88' lang='lat' dir='ltr'><strong>candore</strong></span> <span class='ocrx_word' id='word_1_421' title='bbox 832 5609 944 5661; x_wconf 87' lang='lat' dir='ltr'><strong>solo</strong></span> <span class='ocrx_word' id='word_1_422' title='bbox 989 5607 1326 5659; x_wconf 77' lang='lat' dir='ltr'><strong>discernunt:</strong></span> <span class='ocrx_word' id='word_1_423' title='bbox 1362 5617 1453 5655; x_wconf 86' lang='lat' dir='ltr'><strong>nec</strong></span> <span class='ocrx_word' id='word_1_424' title='bbox 1486 5598 1658 5653; x_wconf 90' lang='lat' dir='ltr'><strong>adhuc</strong></span> <span class='ocrx_word' id='word_1_425' title='bbox 1697 5595 1859 5648; x_wconf 89' lang='lat' dir='ltr'><strong>aliam</strong></span> <span class='ocrx_word' id='word_1_426' title='bbox 1890 5591 2137 5659; x_wconf 73' lang='lat' dir='ltr'><strong>di/feren-</strong></span> 
     </span>
    </p>
   </div>
   <div class='ocr_carea' id='block_1_61' title="bbox 578 5685 2138 5757">
    <p class='ocr_par' dir='ltr' id='par_1_61' title="bbox 578 5685 2138 5757">
     <span class='ocr_line' id='line_1_62' title="bbox 578 5685 2138 5757; baseline -0.015 -1"><span class='ocrx_word' id='word_1_427' title='bbox 578 5704 707 5757; x_wconf 85' lang='lat' dir='ltr'><strong>tiam</strong></span> <span class='ocrx_word' id='word_1_428' title='bbox 730 5700 916 5754; x_wconf 83' lang='lat' dir='ltr'><strong>inveni.</strong></span> <span class='ocrx_word' id='word_1_429' title='bbox 947 5697 1054 5752; x_wconf 87' lang='lat' dir='ltr'><strong>Sed</strong></span> <span class='ocrx_word' id='word_1_430' title='bbox 1075 5697 1284 5750; x_wconf 89' lang='lat' dir='ltr'><strong>diversa</strong></span> <span class='ocrx_word' id='word_1_431' title='bbox 1308 5708 1429 5748; x_wconf 89' lang='lat' dir='ltr'><strong>esse</strong></span> <span class='ocrx_word' id='word_1_432' title='bbox 1453 5691 1568 5746; x_wconf 68' lang='lat' dir='ltr'><strong>hinc</strong></span> <span class='ocrx_word' id='word_1_433' title='bbox 1597 5685 1910 5742; x_wconf 88' lang='lat' dir='ltr'><strong>animalium</strong></span> <span class='ocrx_word' id='word_1_434' title='bbox 1941 5695 2138 5752; x_wconf 80' lang='lat' dir='ltr'><strong>genera</strong></span> 
     </span>
    </p>
   </div>
   <div class='ocr_carea' id='block_1_62' title="bbox 575 5771 2138 5855">
    <p class='ocr_par' dir='ltr' id='par_1_62' title="bbox 575 5771 2138 5855">
     <span class='ocr_line' id='line_1_63' title="bbox 575 5771 2138 5855; baseline -0.016 -6"><span class='ocrx_word' id='word_1_435' title='bbox 575 5796 732 5850; x_wconf 86' lang='lat' dir='ltr'><strong>docet</strong></span> <span class='ocrx_word' id='word_1_436' title='bbox 771 5791 859 5846; x_wconf 84' lang='lat' dir='ltr'><strong>hic</strong></span> <span class='ocrx_word' id='word_1_437' title='bbox 883 5795 1090 5854; x_wconf 87' lang='lat' dir='ltr'><strong>noster,</strong></span> <span class='ocrx_word' id='word_1_438' title='bbox 1127 5786 1218 5855; x_wconf 87' lang='lat' dir='ltr'><strong>qui</strong></span> <span class='ocrx_word' id='word_1_439' title='bbox 1248 5793 1504 5850; x_wconf 79' lang='lat' dir='ltr'><strong>tanquam</strong></span> <span class='ocrx_word' id='word_1_440' title='bbox 1533 5779 1602 5834; x_wconf 84' lang='lat' dir='ltr'><strong>de</strong></span> <span class='ocrx_word' id='word_1_441' title='bbox 1633 5777 1848 5833; x_wconf 90' lang='lat' dir='ltr'><strong>duobus</strong></span> <span class='ocrx_word' id='word_1_442' title='bbox 1880 5771 2138 5827; x_wconf 87' lang='lat' dir='ltr'><strong>diversis-</strong></span> 
     </span>
    </p>
   </div>
   <div class='ocr_carea' id='block_1_63' title="bbox 574 5862 2140 5944">
    <p class='ocr_par' dir='ltr' id='par_1_63' title="bbox 574 5862 2140 5944">
     <span class='ocr_line' id='line_1_64' title="bbox 574 5862 2140 5944; baseline -0.017 -1"><span class='ocrx_word' id='word_1_443' title='bbox 574 5885 728 5944; x_wconf 87' lang='lat' dir='ltr'><strong>simis</strong></span> <span class='ocrx_word' id='word_1_444' title='bbox 768 5891 1073 5940; x_wconf 83' lang='lat' dir='ltr'><strong>sermonem</strong></span> <span class='ocrx_word' id='word_1_445' title='bbox 1122 5874 1353 5932; x_wconf 69' lang='lat' dir='ltr'><strong>instituit</strong></span> <span class='ocrx_word' id='word_1_446' title='bbox 1387 5891 1399 5928; x_wconf 90' lang='lat'><strong>:</strong></span> <span class='ocrx_word' id='word_1_447' title='bbox 1449 5872 1552 5929; x_wconf 88' lang='lat' dir='ltr'><strong>etsi</strong></span> <span class='ocrx_word' id='word_1_448' title='bbox 1601 5871 1656 5925; x_wconf 90' lang='lat' dir='ltr'><strong>in</strong></span> <span class='ocrx_word' id='word_1_449' title='bbox 1695 5864 2021 5941; x_wconf 84' lang='lat' dir='ltr'><strong>quibusdam</strong></span> <span class='ocrx_word' id='word_1_450' title='bbox 2063 5862 2140 5917; x_wconf 85' lang='lat' dir='ltr'><strong>vi-</strong></span> 
     </span>
    </p>
   </div>
   <div class='ocr_carea' id='block_1_64' title="bbox 2139 3215 2186 3277">
    <p class='ocr_par' dir='ltr' id='par_1_64' title="bbox 2139 3215 2186 3277">
     <span class='ocr_line' id='line_1_65' title="bbox 2139 3215 2186 3277; baseline 0 0"><span class='ocrx_word' id='word_1_451' title='bbox 2139 3215 2186 3277; x_wconf 69' lang='grc' dir='ltr'><strong>(Σ</strong></span> 
     </span>
    </p>
   </div>
   <div class='ocr_carea' id='block_1_65' title="bbox 2209 578 3706 657">
    <p class='ocr_par' dir='ltr' id='par_1_65' title="bbox 2209 578 3706 657">
     <span class='ocr_line' id='line_1_66' title="bbox 2209 578 3706 657; baseline -0.008 -11"><span class='ocrx_word' id='word_1_452' title='bbox 2209 591 2367 656; x_wconf 80' lang='grc' dir='ltr'>τικῷ,</span> <span class='ocrx_word' id='word_1_453' title='bbox 2393 597 2446 646; x_wconf 82' lang='grc' dir='ltr'><strong>ει</strong></span> <span class='ocrx_word' id='word_1_454' title='bbox 2475 586 2752 657; x_wconf 88' lang='lat' dir='ltr'><strong>Oppianus</strong></span> <span class='ocrx_word' id='word_1_455' title='bbox 2779 587 2997 652; x_wconf 78' lang='grc' dir='ltr'><strong>Κυνηγ.</strong></span> <span class='ocrx_word' id='word_1_456' title='bbox 3031 597 3092 644; x_wconf 89' lang='grc' dir='ltr'><strong>ιι,</strong></span> <span class='ocrx_word' id='word_1_457' title='bbox 3124 579 3218 649; x_wconf 91' lang='lat' dir='ltr'><strong>qui</strong></span> <span class='ocrx_word' id='word_1_458' title='bbox 3245 579 3312 633; x_wconf 89' lang='lat' dir='ltr'><strong>de</strong></span> <span class='ocrx_word' id='word_1_459' title='bbox 3349 578 3431 633; x_wconf 88' lang='lat' dir='ltr'><strong>his</strong></span> <span class='ocrx_word' id='word_1_460' title='bbox 3456 581 3706 648; x_wconf 82' lang='lat' dir='ltr'><strong>separatim</strong></span> 
     </span>
    </p>
   </div>
   <div class='ocr_carea' id='block_1_66' title="bbox 2209 670 3708 755">
    <p class='ocr_par' dir='ltr' id='par_1_66' title="bbox 2209 670 3708 755">
     <span class='ocr_line' id='line_1_67' title="bbox 2209 670 3708 755; baseline -0.008 -17"><span class='ocrx_word' id='word_1_461' title='bbox 2209 689 2392 755; x_wconf 89' lang='lat' dir='ltr'><strong>agunt.</strong></span> <span class='ocrx_word' id='word_1_462' title='bbox 2444 679 2720 750; x_wconf 91' lang='lat' dir='ltr'><strong>Oppianus</strong></span> <span class='ocrx_word' id='word_1_463' title='bbox 2765 676 2909 731; x_wconf 90' lang='lat' dir='ltr'><strong>enim</strong></span> <span class='ocrx_word' id='word_1_464' title='bbox 2961 675 3083 728; x_wconf 91' lang='lat' dir='ltr'><strong>loco</strong></span> <span class='ocrx_word' id='word_1_465' title='bbox 3135 672 3192 727; x_wconf 90' lang='lat' dir='ltr'><strong>d.</strong></span> <span class='ocrx_word' id='word_1_466' title='bbox 3225 671 3292 726; x_wconf 89' lang='lat' dir='ltr'><strong>ad</strong></span> <span class='ocrx_word' id='word_1_467' title='bbox 3342 670 3535 726; x_wconf 73' lang='lat' dir='ltr'><strong>Musam</strong></span> <span class='ocrx_word' id='word_1_468' title='bbox 3581 689 3708 727; x_wconf 86' lang='lat' dir='ltr'><strong>suum</strong></span> 
     </span>
    </p>
   </div>
   <div class='ocr_carea' id='block_1_67' title="bbox 2210 762 3710 832">
    <p class='ocr_par' dir='ltr' id='par_1_67' title="bbox 2210 762 3710 832">
     <span class='ocr_line' id='line_1_68' title="bbox 2210 762 3710 832; baseline -0.011 1"><span class='ocrx_word' id='word_1_469' title='bbox 2210 780 2529 832; x_wconf 86' lang='lat' dir='ltr'><strong>convertens</strong></span> <span class='ocrx_word' id='word_1_470' title='bbox 2583 783 2919 832; x_wconf 81' lang='lat' dir='ltr'><strong>sermonem,-</strong></span> <span class='ocrx_word' id='word_1_471' title='bbox 2977 767 3055 821; x_wconf 87' lang='lat' dir='ltr'><strong>ait</strong></span> <span class='ocrx_word' id='word_1_472' title='bbox 3115 780 3176 821; x_wconf 90' lang='lat' dir='ltr'><strong>se</strong></span> <span class='ocrx_word' id='word_1_473' title='bbox 3237 762 3327 818; x_wconf 92' lang='lat' dir='ltr'><strong>diu</strong></span> <span class='ocrx_word' id='word_1_474' title='bbox 3371 762 3506 818; x_wconf 90' lang='lat' dir='ltr'><strong>nolle</strong></span> <span class='ocrx_word' id='word_1_475' title='bbox 3548 766 3710 817; x_wconf 88' lang='lat' dir='ltr'><strong>morari</strong></span> 
     </span>
    </p>
   </div>
   <div class='ocr_carea' id='block_1_68' title="bbox 2211 855 3714 936">
    <p class='ocr_par' dir='ltr' id='par_1_68' title="bbox 2211 855 3714 936">
     <span class='ocr_line' id='line_1_69' title="bbox 2211 855 3714 936; baseline -0.008 -13"><span class='ocrx_word' id='word_1_476' title='bbox 2211 868 2357 923; x_wconf 87' lang='lat' dir='ltr'><strong>circa</strong></span> <span class='ocrx_word' id='word_1_477' title='bbox 2390 878 2579 936; x_wconf 89' lang='lat' dir='ltr'><strong>parva,</strong></span> <span class='ocrx_word' id='word_1_478' title='bbox 2613 862 2708 918; x_wconf 91' lang='lat' dir='ltr'><strong>sed</strong></span> <span class='ocrx_word' id='word_1_479' title='bbox 2747 862 2945 916; x_wconf 89' lang='lat' dir='ltr'><strong>missas</strong></span> <span class='ocrx_word' id='word_1_480' title='bbox 2978 859 3160 913; x_wconf 89' lang='lat' dir='ltr'><strong>facere</strong></span> <span class='ocrx_word' id='word_1_481' title='bbox 3190 856 3388 912; x_wconf 85' lang='lat' dir='ltr'><strong>bestias</strong></span> <span class='ocrx_word' id='word_1_482' title='bbox 3416 855 3652 920; x_wconf 88' lang='lat' dir='ltr'><strong>imbelles,</strong></span> <span class='ocrx_word' id='word_1_483' title='bbox 3673 869 3714 911; x_wconf 90' lang='lat' dir='ltr'><strong>et</strong></span> 
     </span>
    </p>
   </div>
   <div class='ocr_carea' id='block_1_69' title="bbox 2210 949 3714 1024">
    <p class='ocr_par' dir='ltr' id='par_1_69' title="bbox 2210 949 3714 1024">
     <span class='ocr_line' id='line_1_70' title="bbox 2210 949 3714 1024; baseline -0.009 -9"><span class='ocrx_word' id='word_1_484' title='bbox 2210 959 2476 1020; x_wconf 90' lang='lat' dir='ltr'><strong>infelices,</strong></span> <span class='ocrx_word' id='word_1_485' title='bbox 2507 955 2584 1010; x_wconf 89' lang='lat' dir='ltr'><strong>uti</strong></span> <span class='ocrx_word' id='word_1_486' title='bbox 2615 953 2928 1024; x_wconf 88' lang='lat' dir='ltr'><strong>pantheras,</strong></span> <span class='ocrx_word' id='word_1_487' title='bbox 2967 950 3254 1016; x_wconf 75' lang='lat' dir='ltr'><strong>mustelae,</strong></span> <span class='ocrx_word' id='word_1_488' title='bbox 3287 949 3472 1019; x_wconf 82' lang='lat' dir='ltr'><strong>glires;</strong></span> <span class='ocrx_word' id='word_1_489' title='bbox 3497 956 3546 1002; x_wconf 89' lang='lat' dir='ltr'><strong>et</strong></span> <span class='ocrx_word' id='word_1_490' title='bbox 3566 955 3714 1017; x_wconf 84' lang='lat' dir='ltr'><strong>postea</strong></span> 
     </span>
    </p>
   </div>
   <div class='ocr_carea' id='block_1_70' title="bbox 2211 1042 3716 1122">
    <p class='ocr_par' dir='ltr' id='par_1_70' title="bbox 2211 1042 3716 1122">
     <span class='ocr_line' id='line_1_71' title="bbox 2211 1042 3716 1122; baseline -0.009 -12"><span class='ocrx_word' id='word_1_491' title='bbox 2211 1056 2309 1110; x_wconf 90' lang='lat' dir='ltr'><strong>lib.</strong></span> <span class='ocrx_word' id='word_1_492' title='bbox 2343 1070 2425 1119; x_wconf 87' lang='lat' dir='ltr'><strong>ui,</strong></span> <span class='ocrx_word' id='word_1_493' title='bbox 2467 1058 2691 1122; x_wconf 86' lang='lat' dir='ltr'><strong>peracto</strong></span> <span class='ocrx_word' id='word_1_494' title='bbox 2728 1063 2981 1104; x_wconf 89' lang='lat' dir='ltr'><strong>sermone</strong></span> <span class='ocrx_word' id='word_1_495' title='bbox 3030 1045 3100 1101; x_wconf 92' lang='lat' dir='ltr'><strong>de</strong></span> <span class='ocrx_word' id='word_1_496' title='bbox 3145 1045 3413 1106; x_wconf 86' lang='lat' dir='ltr'><strong>leonibus,</strong></span> <span class='ocrx_word' id='word_1_497' title='bbox 3459 1042 3716 1114; x_wconf 84' lang='lat' dir='ltr'><strong>pardaliuin</strong></span> 
     </span>
    </p>
   </div>
   <div class='ocr_carea' id='block_1_71' title="bbox 2211 1137 3718 1222">
    <p class='ocr_par' dir='ltr' id='par_1_71' title="bbox 2211 1137 3718 1222">
     <span class='ocr_line' id='line_1_72' title="bbox 2211 1137 3718 1222; baseline -0.009 -17"><span class='ocrx_word' id='word_1_498' title='bbox 2211 1163 2403 1222; x_wconf 87' lang='lat' dir='ltr'><strong>genus,</strong></span> <span class='ocrx_word' id='word_1_499' title='bbox 2453 1145 2533 1200; x_wconf 87' lang='lat' dir='ltr'><strong>uti</strong></span> <span class='ocrx_word' id='word_1_500' title='bbox 2569 1151 2624 1200; x_wconf 89' lang='lat' dir='ltr'><strong>et</strong></span> <span class='ocrx_word' id='word_1_501' title='bbox 2668 1142 2884 1204; x_wconf 87' lang='lat' dir='ltr'><strong>robore,</strong></span> <span class='ocrx_word' id='word_1_502' title='bbox 2922 1148 2978 1196; x_wconf 92' lang='lat' dir='ltr'><strong>et</strong></span> <span class='ocrx_word' id='word_1_503' title='bbox 3014 1137 3437 1210; x_wconf 88' lang='lat' dir='ltr'><strong>pulchritudine,</strong></span> <span class='ocrx_word' id='word_1_504' title='bbox 3475 1144 3525 1191; x_wconf 88' lang='lat' dir='ltr'><strong>et</strong></span> <span class='ocrx_word' id='word_1_505' title='bbox 3558 1150 3718 1204; x_wconf 84' lang='lat' dir='ltr'><strong>genere</strong></span> 
     </span>
    </p>
   </div>
   <div class='ocr_carea' id='block_1_72' title="bbox 2211 1225 3719 1301">
    <p class='ocr_par' dir='ltr' id='par_1_72' title="bbox 2211 1225 3719 1301">
     <span class='ocr_line' id='line_1_73' title="bbox 2211 1225 3719 1301; baseline -0.008 -7"><span class='ocrx_word' id='word_1_506' title='bbox 2211 1237 2392 1294; x_wconf 90' lang='lat' dir='ltr'><strong>nobile</strong></span> <span class='ocrx_word' id='word_1_507' title='bbox 2415 1233 2615 1291; x_wconf 91' lang='lat' dir='ltr'><strong>subdit.</strong></span> <span class='ocrx_word' id='word_1_508' title='bbox 2644 1229 2789 1287; x_wconf 89' lang='lat' dir='ltr'><strong>Satis</strong></span> <span class='ocrx_word' id='word_1_509' title='bbox 2821 1231 2993 1301; x_wconf 91' lang='lat' dir='ltr'><strong>liquet</strong></span> <span class='ocrx_word' id='word_1_510' title='bbox 3028 1243 3162 1300; x_wconf 90' lang='lat' dir='ltr'><strong>ergo</strong></span> <span class='ocrx_word' id='word_1_511' title='bbox 3190 1226 3484 1298; x_wconf 87' lang='lat' dir='ltr'><strong>Oppianum</strong></span> <span class='ocrx_word' id='word_1_512' title='bbox 3513 1225 3639 1280; x_wconf 86' lang='lat' dir='ltr'><strong>aliud</strong></span> <span class='ocrx_word' id='word_1_513' title='bbox 3675 1234 3719 1282; x_wconf 84' lang='lat' dir='ltr'><strong>et</strong></span> 
     </span>
    </p>
   </div>
   <div class='ocr_carea' id='block_1_73' title="bbox 2212 1319 3720 1396">
    <p class='ocr_par' dir='ltr' id='par_1_73' title="bbox 2212 1319 3720 1396">
     <span class='ocr_line' id='line_1_74' title="bbox 2212 1319 3720 1396; baseline -0.009 -10"><span class='ocrx_word' id='word_1_514' title='bbox 2212 1329 2360 1386; x_wconf 86' lang='lat' dir='ltr'><strong>aliud</strong></span> <span class='ocrx_word' id='word_1_515' title='bbox 2402 1341 2526 1384; x_wconf 89' lang='lat' dir='ltr'><strong>esse</strong></span> <span class='ocrx_word' id='word_1_516' title='bbox 2558 1323 2822 1396; x_wconf 89' lang='lat' dir='ltr'><strong>pardalim</strong></span> <span class='ocrx_word' id='word_1_517' title='bbox 2861 1330 2916 1376; x_wconf 91' lang='lat' dir='ltr'><strong>et</strong></span> <span class='ocrx_word' id='word_1_518' title='bbox 2963 1321 3289 1392; x_wconf 89' lang='lat' dir='ltr'><strong>pantheram</strong></span> <span class='ocrx_word' id='word_1_519' title='bbox 3320 1319 3650 1380; x_wconf 77' lang='lat' dir='ltr'><strong>existimasse.</strong></span> <span class='ocrx_word' id='word_1_520' title='bbox 3677 1326 3720 1373; x_wconf 83' lang='lat' dir='ltr'><strong>et</strong></span> 
     </span>
    </p>
   </div>
   <div class='ocr_carea' id='block_1_74' title="bbox 2212 1409 3719 1489">
    <p class='ocr_par' dir='ltr' id='par_1_74' title="bbox 2212 1409 3719 1489">
     <span class='ocr_line' id='line_1_75' title="bbox 2212 1409 3719 1489; baseline -0.011 -12"><span class='ocrx_word' id='word_1_521' title='bbox 2212 1423 2404 1477; x_wconf 86' lang='lat' dir='ltr'><strong>borum</strong></span> <span class='ocrx_word' id='word_1_522' title='bbox 2437 1419 2632 1489; x_wconf 80' lang='lat' dir='ltr'><strong>duplex</strong></span> <span class='ocrx_word' id='word_1_523' title='bbox 2676 1415 2867 1472; x_wconf 87' lang='lat' dir='ltr'><strong>statuit</strong></span> <span class='ocrx_word' id='word_1_524' title='bbox 2902 1429 3099 1484; x_wconf 85' lang='lat' dir='ltr'><strong>genus.</strong></span> <span class='ocrx_word' id='word_1_525' title='bbox 3143 1410 3401 1478; x_wconf 75' lang='lat' dir='ltr'><strong>Quaedam</strong></span> <span class='ocrx_word' id='word_1_526' title='bbox 3433 1409 3562 1464; x_wconf 86' lang='lat' dir='ltr'><strong>enim</strong></span> <span class='ocrx_word' id='word_1_527' title='bbox 3591 1423 3719 1477; x_wconf 81' lang='lat' dir='ltr'><strong>aspe-</strong></span> 
     </span>
    </p>
   </div>
   <div class='ocr_carea' id='block_1_75' title="bbox 2211 1500 3720 1585">
    <p class='ocr_par' dir='ltr' id='par_1_75' title="bbox 2211 1500 3720 1585">
     <span class='ocr_line' id='line_1_76' title="bbox 2211 1500 3720 1585; baseline -0.012 -15"><span class='ocrx_word' id='word_1_528' title='bbox 2211 1524 2303 1571; x_wconf 86' lang='lat' dir='ltr'><strong>ctu</strong></span> <span class='ocrx_word' id='word_1_529' title='bbox 2346 1515 2602 1585; x_wconf 88' lang='lat' dir='ltr'><strong>majores.</strong></span> <span class='ocrx_word' id='word_1_530' title='bbox 2645 1521 2700 1568; x_wconf 91' lang='lat' dir='ltr'><strong>et</strong></span> <span class='ocrx_word' id='word_1_531' title='bbox 2740 1512 2907 1566; x_wconf 90' lang='lat' dir='ltr'><strong>dorso</strong></span> <span class='ocrx_word' id='word_1_532' title='bbox 2931 1507 3235 1576; x_wconf 89' lang='lat' dir='ltr'><strong>ampliores</strong></span> <span class='ocrx_word' id='word_1_533' title='bbox 3261 1511 3410 1566; x_wconf 90' lang='lat' dir='ltr'><strong>sunt,</strong></span> <span class='ocrx_word' id='word_1_534' title='bbox 3441 1502 3548 1554; x_wconf 63' lang='lat' dir='ltr'><strong>alia:</strong></span> <span class='ocrx_word' id='word_1_535' title='bbox 3578 1500 3720 1555; x_wconf 86' lang='lat' dir='ltr'><strong>mino-</strong></span> 
     </span>
    </p>
   </div>
   <div class='ocr_carea' id='block_1_76' title="bbox 2212 1594 3718 1678">
    <p class='ocr_par' dir='ltr' id='par_1_76' title="bbox 2212 1594 3718 1678">
     <span class='ocr_line' id='line_1_77' title="bbox 2212 1594 3718 1678; baseline -0.011 -13"><span class='ocrx_word' id='word_1_536' title='bbox 2212 1625 2322 1671; x_wconf 87' lang='lat' dir='ltr'><strong>res.</strong></span> <span class='ocrx_word' id='word_1_537' title='bbox 2349 1608 2445 1665; x_wconf 86' lang='lat' dir='ltr'><strong>sed</strong></span> <span class='ocrx_word' id='word_1_538' title='bbox 2469 1607 2585 1678; x_wconf 91' lang='lat' dir='ltr'><strong>pari</strong></span> <span class='ocrx_word' id='word_1_539' title='bbox 2609 1606 2826 1671; x_wconf 89' lang='lat' dir='ltr'><strong>robore,</strong></span> <span class='ocrx_word' id='word_1_540' title='bbox 2859 1600 3024 1658; x_wconf 90' lang='lat' dir='ltr'><strong>simili</strong></span> <span class='ocrx_word' id='word_1_541' title='bbox 3053 1598 3252 1660; x_wconf 89' lang='lat' dir='ltr'><strong>forma,</strong></span> <span class='ocrx_word' id='word_1_542' title='bbox 3281 1609 3390 1650; x_wconf 90' lang='lat' dir='ltr'><strong>non</strong></span> <span class='ocrx_word' id='word_1_543' title='bbox 3415 1594 3718 1664; x_wconf 63' lang='lat' dir='ltr'><strong>inaequalibus</strong></span> 
     </span>
    </p>
   </div>
   <div class='ocr_carea' id='block_1_77' title="bbox 2212 1684 3718 1767">
    <p class='ocr_par' dir='ltr' id='par_1_77' title="bbox 2212 1684 3718 1767">
     <span class='ocr_line' id='line_1_78' title="bbox 2212 1684 3718 1767; baseline -0.011 -12"><span class='ocrx_word' id='word_1_544' title='bbox 2212 1701 2462 1764; x_wconf 89' lang='lat' dir='ltr'><strong>maculis,</strong></span> <span class='ocrx_word' id='word_1_545' title='bbox 2497 1713 2600 1754; x_wconf 89' lang='lat' dir='ltr'><strong>nec</strong></span> <span class='ocrx_word' id='word_1_546' title='bbox 2640 1695 2889 1767; x_wconf 90' lang='lat' dir='ltr'><strong>corporis</strong></span> <span class='ocrx_word' id='word_1_547' title='bbox 2934 1689 3307 1753; x_wconf 88' lang='lat' dir='ltr'><strong>lineamentis,</strong></span> <span class='ocrx_word' id='word_1_548' title='bbox 3333 1688 3378 1744; x_wconf 92' lang='lat' dir='ltr'><strong>si</strong></span> <span class='ocrx_word' id='word_1_549' title='bbox 3418 1685 3620 1742; x_wconf 87' lang='lat' dir='ltr'><strong>caudam</strong></span> <span class='ocrx_word' id='word_1_550' title='bbox 3645 1684 3718 1738; x_wconf 88' lang='lat' dir='ltr'><strong>de-</strong></span> 
     </span>
    </p>
   </div>
   <div class='ocr_carea' id='block_1_78' title="bbox 2212 1773 3717 1859">
    <p class='ocr_par' dir='ltr' id='par_1_78' title="bbox 2212 1773 3717 1859">
     <span class='ocr_line' id='line_1_79' title="bbox 2212 1773 3717 1859; baseline -0.011 -15"><span class='ocrx_word' id='word_1_551' title='bbox 2212 1789 2464 1855; x_wconf 81' lang='lat' dir='ltr'><strong>traxeris,</strong></span> <span class='ocrx_word' id='word_1_552' title='bbox 2507 1802 2630 1859; x_wconf 71' lang='lat' dir='ltr'><strong>quae</strong></span> <span class='ocrx_word' id='word_1_553' title='bbox 2667 1784 2973 1842; x_wconf 88' lang='lat' dir='ltr'><strong>minoribus</strong></span> <span class='ocrx_word' id='word_1_554' title='bbox 3006 1779 3207 1851; x_wconf 85' lang='lat' dir='ltr'><strong>major,</strong></span> <span class='ocrx_word' id='word_1_555' title='bbox 3241 1788 3296 1834; x_wconf 87' lang='lat' dir='ltr'><strong>et</strong></span> <span class='ocrx_word' id='word_1_556' title='bbox 3328 1782 3498 1832; x_wconf 86' lang='lat' dir='ltr'><strong>minor</strong></span> <span class='ocrx_word' id='word_1_557' title='bbox 3536 1773 3717 1845; x_wconf 87' lang='lat' dir='ltr'><strong>majori-</strong></span> 
     </span>
    </p>
   </div>
   <div class='ocr_carea' id='block_1_79' title="bbox 2140 1871 2446 1936">
    <p class='ocr_par' dir='ltr' id='par_1_79' title="bbox 2140 1871 2446 1936">
     <span class='ocr_line' id='line_1_80' title="bbox 2140 1871 2446 1936; baseline -0.013 0"><span class='ocrx_word' id='word_1_558' title='bbox 2140 1871 2181 1926; x_wconf 85' lang='grc' dir='ltr'>Β</span> <span class='ocrx_word' id='word_1_559' title='bbox 2208 1881 2312 1936; x_wconf 89' lang='lat' dir='ltr'><strong>bus</strong></span> <span class='ocrx_word' id='word_1_560' title='bbox 2337 1887 2446 1936; x_wconf 89' lang='lat' dir='ltr'><strong>est.</strong></span> 
     </span>
    </p>
   </div>
   <div class='ocr_carea' id='block_1_80' title="bbox 2210 1972 3719 2062">
    <p class='ocr_par' dir='ltr' id='par_1_80' title="bbox 2210 1972 3719 2062">
     <span class='ocr_line' id='line_1_81' title="bbox 2210 1972 3719 2062; baseline -0.016 -14"><span class='ocrx_word' id='word_1_561' title='bbox 2210 1989 2534 2062; x_wconf 63' lang='grc' dir='ltr'><strong>Πορδάλιες</strong></span> <span class='ocrx_word' id='word_1_562' title='bbox 2562 1989 2612 2042; x_wconf 82' lang='grc' dir='ltr'>δ’</span> <span class='ocrx_word' id='word_1_563' title='bbox 2647 1987 2833 2062; x_wconf 50' lang='grc' dir='ltr'><strong>ὀμφαὶ,</strong></span> <span class='ocrx_word' id='word_1_564' title='bbox 2860 1984 3118 2062; x_wconf 56' lang='lat' dir='ltr'><strong>mappar-</strong></span> <span class='ocrx_word' id='word_1_565' title='bbox 3145 1980 3337 2051; x_wconf 72' lang='grc' dir='ltr'><strong>γένος,</strong></span> <span class='ocrx_word' id='word_1_566' title='bbox 3368 1979 3426 2062; x_wconf 70' lang='lat' dir='ltr'><strong>al</strong></span> <span class='ocrx_word' id='word_1_567' title='bbox 3453 1974 3558 2062; x_wconf 65' lang='grc' dir='ltr'>ιεὲν</span> <span class='ocrx_word' id='word_1_568' title='bbox 3579 1972 3719 2052; x_wconf 67' lang='grc' dir='ltr'><strong>ἐςισιν</strong></span> 
     </span>
    </p>
   </div>
   <div class='ocr_carea' id='block_1_81' title="bbox 2209 2043 3712 2128">
    <p class='ocr_par' dir='ltr' id='par_1_81' title="bbox 2209 2043 3712 2128">
     <span class='ocr_line' id='line_1_82' title="bbox 2209 2043 3712 2128; baseline -0.017 -10"><span class='ocrx_word' id='word_1_569' title='bbox 2505 2043 2630 2121; x_wconf 55' lang='lat' dir='ltr'><strong>ialm</strong></span> <span class='ocrx_word' id='word_1_570' title='bbox 2669 2043 2847 2119; x_wconf 60' lang='grc' dir='ltr'>δέειιέ,</span> <span class='ocrx_word' id='word_1_571' title='bbox 2883 2043 3343 2128; x_wconf 30' lang='grc' dir='ltr'><strong>κα-Γπάο-οςονέςι</strong></span> <span class='ocrx_word' id='word_1_572' title='bbox 3372 2043 3551 2128; x_wconf 47' lang='lat' dir='ltr'><strong>signia.</strong></span> <span class='ocrx_word' id='word_1_573' title='bbox 3564 2043 3712 2096; x_wconf 71' lang='lat' dir='ltr'><strong>rdira&#39;</strong></span> 
     </span>
    </p>
   </div>
   <div class='ocr_carea' id='block_1_82' title="bbox 2210 2116 3718 2237">
    <p class='ocr_par' dir='ltr' id='par_1_82' title="bbox 2210 2116 3718 2237">
     <span class='ocr_line' id='line_1_83' title="bbox 2210 2116 3718 2237; baseline -0.017 -48"><span class='ocrx_word' id='word_1_574' title='bbox 2210 2116 2280 2189; x_wconf 58' lang='lat' dir='ltr'><strong>Kl</strong></span> <span class='ocrx_word' id='word_1_575' title='bbox 2328 2116 2381 2186; x_wconf 69' lang='grc' dir='ltr'>δ’</span> <span class='ocrx_word' id='word_1_576' title='bbox 2421 2116 2502 2186; x_wconf 57' lang='grc' dir='ltr'><strong>ἐτ’</strong></span> <span class='ocrx_word' id='word_1_577' title='bbox 2538 2116 2855 2197; x_wconf 54' lang='grc' dir='ltr'>όᾷίιζότεραι</span> <span class='ocrx_word' id='word_1_578' title='bbox 2895 2124 3041 2198; x_wconf 47' lang='grc' dir='ltr'><strong>μὲν,</strong></span> <span class='ocrx_word' id='word_1_579' title='bbox 3091 2120 3242 2190; x_wconf 82' lang='grc' dir='ltr'><strong>ἀτὰρ</strong></span> <span class='ocrx_word' id='word_1_580' title='bbox 3271 2116 3603 2237; x_wconf 48' lang='grc' dir='ltr'><strong>μένοςῐοοιῗτι</strong></span> <span class='ocrx_word' id='word_1_581' title='bbox 3644 2129 3718 2180; x_wconf 68' lang='grc' dir='ltr'><strong>χει</strong></span> 
     </span>
     <span class='ocr_line' id='line_1_84' title="bbox 3507 2202 3661 2237; baseline -0.013 0"><span class='ocrx_word' id='word_1_582' title='bbox 3507 2203 3534 2237; x_wconf 88' lang='grc' dir='ltr'><strong>ε</strong></span> <span class='ocrx_word' id='word_1_583' title='bbox 3556 2202 3661 2237; x_wconf 70' lang='grc' dir='ltr'><strong>ους.</strong></span> 
     </span>
    </p>
   </div>
   <div class='ocr_carea' id='block_1_83' title="bbox 2210 2184 3661 2340">
    <p class='ocr_par' dir='ltr' id='par_1_83' title="bbox 2210 2184 3661 2340">
     <span class='ocr_line' id='line_1_85' title="bbox 2210 2184 3661 2340; baseline -0.013 -13"><span class='ocrx_word' id='word_1_584' title='bbox 2210 2272 2390 2327; x_wconf 82' lang='grc' dir='ltr'>Εἷδεα</span> <span class='ocrx_word' id='word_1_585' title='bbox 2415 2271 2465 2324; x_wconf 84' lang='grc' dir='ltr'>δ’</span> <span class='ocrx_word' id='word_1_586' title='bbox 2493 2268 2909 2340; x_wconf 57' lang='grc' dir='ltr'><strong>ἀμφοτέροισιν</strong></span> <span class='ocrx_word' id='word_1_587' title='bbox 2933 2263 3145 2340; x_wconf 42' lang='lat' dir='ltr'><strong>oppetat</strong></span> <span class='ocrx_word' id='word_1_588' title='bbox 3165 2184 3661 2340; x_wconf 45' lang='grc' dir='ltr'><strong>δαιδάλτιοὲξεέιῗυς·</strong></span> 
     </span>
    </p>
   </div>
   <div class='ocr_carea' id='block_1_84' title="bbox 2210 2324 3665 2411">
    <p class='ocr_par' dir='ltr' id='par_1_84' title="bbox 2210 2324 3665 2411">
     <span class='ocr_line' id='line_1_86' title="bbox 2210 2324 3665 2411; baseline -0.014 -15"><span class='ocrx_word' id='word_1_589' title='bbox 2210 2324 2404 2411; x_wconf 59' lang='grc' dir='ltr'><strong>λ’ὀᾶςοι</strong></span> <span class='ocrx_word' id='word_1_590' title='bbox 2651 2324 2856 2411; x_wconf 58' lang='grc' dir='ltr'><strong>οῇρῆς,</strong></span> <span class='ocrx_word' id='word_1_591' title='bbox 2886 2324 3036 2411; x_wconf 37' lang='grc' dir='ltr'><strong>τῇίί</strong></span> <span class='ocrx_word' id='word_1_592' title='bbox 3059 2333 3323 2411; x_wconf 40' lang='grc' dir='ltr'><strong>ἔμπαλιν</strong></span> <span class='ocrx_word' id='word_1_593' title='bbox 3344 2324 3665 2411; x_wconf 61' lang='grc' dir='ltr'><strong>εὶςοράαται.</strong></span> 
     </span>
    </p>
   </div>
   <div class='ocr_carea' id='block_1_85' title="bbox 2209 2396 3660 2481">
    <p class='ocr_par' dir='ltr' id='par_1_85' title="bbox 2209 2396 3660 2481">
     <span class='ocr_line' id='line_1_87' title="bbox 2209 2396 3660 2481; baseline -0.014 -14"><span class='ocrx_word' id='word_1_594' title='bbox 2209 2396 3050 2481; x_wconf 49' lang='grc' dir='ltr'><strong>Μείὄσίμὲνᾘείζὼνῖὲλέθει,</strong></span> <span class='ocrx_word' id='word_1_595' title='bbox 3071 2396 3367 2473; x_wconf 57' lang='lat' dir='ltr'><strong>[teritum</strong></span> <span class='ocrx_word' id='word_1_596' title='bbox 3399 2396 3463 2450; x_wconf 78' lang='grc' dir='ltr'>δὲ</span> <span class='ocrx_word' id='word_1_597' title='bbox 3490 2397 3660 2465; x_wconf 71' lang='grc' dir='ltr'><strong>μείων.</strong></span> 
     </span>
    </p>
   </div>
   <div class='ocr_carea' id='block_1_86' title="bbox 2282 2507 3717 2590">
    <p class='ocr_par' dir='ltr' id='par_1_86' title="bbox 2282 2507 3717 2590">
     <span class='ocr_line' id='line_1_88' title="bbox 2282 2507 3717 2590; baseline -0.015 -14"><span class='ocrx_word' id='word_1_598' title='bbox 2282 2521 2417 2579; x_wconf 87' lang='lat' dir='ltr'><strong>lbid.</strong></span> <span class='ocrx_word' id='word_1_599' title='bbox 2450 2519 2658 2590; x_wconf 64' lang='grc' dir='ltr'><strong>Σαφῶς</strong></span> <span class='ocrx_word' id='word_1_600' title='bbox 2695 2517 2806 2588; x_wconf 78' lang='grc' dir='ltr'><strong>γὰρ</strong></span> <span class='ocrx_word' id='word_1_601' title='bbox 2835 2513 3067 2570; x_wconf 69' lang='grc' dir='ltr'>εἰδυῖαι.</span> <span class='ocrx_word' id='word_1_602' title='bbox 3115 2511 3323 2568; x_wconf 63' lang='lat' dir='ltr'><strong>Caetera</strong></span> <span class='ocrx_word' id='word_1_603' title='bbox 3365 2507 3597 2562; x_wconf 85' lang='lat' dir='ltr'><strong>animalia</strong></span> <span class='ocrx_word' id='word_1_604' title='bbox 3624 2519 3717 2574; x_wconf 81' lang='lat' dir='ltr'><strong>par-</strong></span> 
     </span>
    </p>
   </div>
   <div class='ocr_carea' id='block_1_87' title="bbox 2210 2596 3717 2674">
    <p class='ocr_par' dir='ltr' id='par_1_87' title="bbox 2210 2596 3717 2674">
     <span class='ocr_line' id='line_1_89' title="bbox 2210 2596 3717 2674; baseline -0.013 -4"><span class='ocrx_word' id='word_1_605' title='bbox 2210 2614 2411 2670; x_wconf 90' lang='lat' dir='ltr'><strong>dalium</strong></span> <span class='ocrx_word' id='word_1_606' title='bbox 2435 2612 2624 2674; x_wconf 89' lang='lat' dir='ltr'><strong>odore,</strong></span> <span class='ocrx_word' id='word_1_607' title='bbox 2655 2609 2822 2665; x_wconf 88' lang='lat' dir='ltr'><strong>veluti</strong></span> <span class='ocrx_word' id='word_1_608' title='bbox 2845 2606 3105 2661; x_wconf 87' lang='lat' dir='ltr'><strong>illecebra</strong></span> <span class='ocrx_word' id='word_1_609' title='bbox 3130 2603 3274 2658; x_wconf 89' lang='lat' dir='ltr'><strong>trahi</strong></span> <span class='ocrx_word' id='word_1_610' title='bbox 3297 2601 3472 2655; x_wconf 88' lang='lat' dir='ltr'><strong>retulit</strong></span> <span class='ocrx_word' id='word_1_611' title='bbox 3493 2596 3717 2657; x_wconf 67' lang='lat' dir='ltr'><strong>Eliauus,</strong></span> 
     </span>
    </p>
   </div>
   <div class='ocr_carea' id='block_1_88' title="bbox 2211 2689 3718 2768">
    <p class='ocr_par' dir='ltr' id='par_1_88' title="bbox 2211 2689 3718 2768">
     <span class='ocr_line' id='line_1_90' title="bbox 2211 2689 3718 2768; baseline -0.015 -6"><span class='ocrx_word' id='word_1_612' title='bbox 2211 2707 2306 2762; x_wconf 92' lang='lat' dir='ltr'><strong>lib.</strong></span> <span class='ocrx_word' id='word_1_613' title='bbox 2330 2723 2364 2760; x_wconf 90' lang='lat' dir='ltr'><strong>v</strong></span> <span class='ocrx_word' id='word_1_614' title='bbox 2413 2705 2488 2759; x_wconf 88' lang='lat' dir='ltr'><strong>De</strong></span> <span class='ocrx_word' id='word_1_615' title='bbox 2509 2704 2633 2757; x_wconf 88' lang='lat' dir='ltr'><strong>hist.</strong></span> <span class='ocrx_word' id='word_1_616' title='bbox 2672 2699 2916 2764; x_wconf 89' lang='lat' dir='ltr'><strong>animal.,</strong></span> <span class='ocrx_word' id='word_1_617' title='bbox 2942 2713 3060 2768; x_wconf 89' lang='lat' dir='ltr'><strong>cap.</strong></span> <span class='ocrx_word' id='word_1_618' title='bbox 3105 2697 3206 2751; x_wconf 67' lang='lat'><strong>40:</strong></span> <span class='ocrx_word' id='word_1_619' title='bbox 3234 2694 3463 2755; x_wconf 82' lang='grc' dir='ltr'><strong>Εὑωδίας</strong></span> <span class='ocrx_word' id='word_1_620' title='bbox 3486 2691 3609 2752; x_wconf 80' lang='grc' dir='ltr'>τινὸς</span> <span class='ocrx_word' id='word_1_621' title='bbox 3627 2689 3718 2741; x_wconf 73' lang='lat' dir='ltr'><strong>Gau-</strong></span> 
     </span>
    </p>
   </div>
   <div class='ocr_carea' id='block_1_89' title="bbox 2215 2783 3716 2870">
    <p class='ocr_par' dir='ltr' id='par_1_89' title="bbox 2215 2783 3716 2870">
     <span class='ocr_line' id='line_1_91' title="bbox 2215 2783 3716 2870; baseline -0.013 -18"><span class='ocrx_word' id='word_1_622' title='bbox 2215 2799 2421 2870; x_wconf 81' lang='grc' dir='ltr'>μαστῆς</span> <span class='ocrx_word' id='word_1_623' title='bbox 2450 2796 2546 2867; x_wconf 81' lang='grc' dir='ltr'><strong>τὴν</strong></span> <span class='ocrx_word' id='word_1_624' title='bbox 2575 2793 2837 2866; x_wconf 81' lang='grc' dir='ltr'><strong>πάρδαλιν</strong></span> <span class='ocrx_word' id='word_1_625' title='bbox 2884 2789 3266 2862; x_wconf 82' lang='grc' dir='ltr'>μετειληχέναι</span> <span class='ocrx_word' id='word_1_626' title='bbox 3307 2785 3461 2858; x_wconf 73' lang='grc' dir='ltr'>φησιν</span> <span class='ocrx_word' id='word_1_627' title='bbox 3496 2786 3606 2854; x_wconf 77' lang='grc' dir='ltr'><strong>ἡμῖν</strong></span> <span class='ocrx_word' id='word_1_628' title='bbox 3641 2783 3716 2851; x_wconf 77' lang='grc' dir='ltr'><strong>μὲν</strong></span> 
     </span>
    </p>
   </div>
   <div class='ocr_carea' id='block_1_90' title="bbox 2212 2875 3715 2961">
    <p class='ocr_par' dir='ltr' id='par_1_90' title="bbox 2212 2875 3715 2961">
     <span class='ocr_line' id='line_1_92' title="bbox 2212 2875 3715 2961; baseline -0.014 -17"><span class='ocrx_word' id='word_1_629' title='bbox 2212 2889 2520 2961; x_wconf 72' lang='grc' dir='ltr'>ἀπορρήτου</span> <span class='ocrx_word' id='word_1_630' title='bbox 2541 2905 2554 2918; x_wconf 78' lang='lat'><strong><em>°</em></strong></span> <span class='ocrx_word' id='word_1_631' title='bbox 2585 2885 2723 2956; x_wconf 79' lang='grc' dir='ltr'><strong>αὑτὴ</strong></span> <span class='ocrx_word' id='word_1_632' title='bbox 2748 2885 2804 2938; x_wconf 79' lang='grc' dir='ltr'>δὲ</span> <span class='ocrx_word' id='word_1_633' title='bbox 2828 2883 2934 2936; x_wconf 84' lang='grc' dir='ltr'>οἶδε</span> <span class='ocrx_word' id='word_1_634' title='bbox 2963 2882 3024 2936; x_wconf 84' lang='grc' dir='ltr'><strong>τὸ</strong></span> <span class='ocrx_word' id='word_1_635' title='bbox 3065 2880 3442 2949; x_wconf 78' lang='grc' dir='ltr'><strong>πλεονέκτημα</strong></span> <span class='ocrx_word' id='word_1_636' title='bbox 3469 2876 3524 2928; x_wconf 83' lang='grc' dir='ltr'><strong>τὸ</strong></span> <span class='ocrx_word' id='word_1_637' title='bbox 3544 2875 3715 2932; x_wconf 80' lang='grc' dir='ltr'><strong>εεκοίον,</strong></span> 
     </span>
    </p>
   </div>
   <div class='ocr_carea' id='block_1_91' title="bbox 2211 2967 3713 3052">
    <p class='ocr_par' dir='ltr' id='par_1_91' title="bbox 2211 2967 3713 3052">
     <span class='ocr_line' id='line_1_93' title="bbox 2211 2967 3713 3052; baseline -0.014 -15"><span class='ocrx_word' id='word_1_638' title='bbox 2211 2984 2306 3037; x_wconf 78' lang='grc' dir='ltr'><strong>καὶ</strong></span> <span class='ocrx_word' id='word_1_639' title='bbox 2355 2981 2538 3052; x_wconf 82' lang='grc' dir='ltr'><strong>μέντοι</strong></span> <span class='ocrx_word' id='word_1_640' title='bbox 2569 2979 2662 3032; x_wconf 74' lang='grc' dir='ltr'><strong>καὶ</strong></span> <span class='ocrx_word' id='word_1_641' title='bbox 2696 2978 2764 3032; x_wconf 83' lang='grc' dir='ltr'>τὰ</span> <span class='ocrx_word' id='word_1_642' title='bbox 2791 2974 2923 3030; x_wconf 78' lang='grc' dir='ltr'>ἄλλα</span> <span class='ocrx_word' id='word_1_643' title='bbox 2950 2973 3067 3039; x_wconf 78' lang='grc' dir='ltr'><strong>ζῶα</strong></span> <span class='ocrx_word' id='word_1_644' title='bbox 3102 2973 3476 3026; x_wconf 80' lang='grc' dir='ltr'><strong>συνεπίσταται</strong></span> <span class='ocrx_word' id='word_1_645' title='bbox 3512 2967 3640 3020; x_wconf 79' lang='grc' dir='ltr'>τοῦτο</span> <span class='ocrx_word' id='word_1_646' title='bbox 3663 2967 3713 3033; x_wconf 79' lang='grc' dir='ltr'>τῇ</span> 
     </span>
    </p>
   </div>
   <div class='ocr_carea' id='block_1_92' title="bbox 2213 3058 3714 3146">
    <p class='ocr_par' dir='ltr' id='par_1_92' title="bbox 2213 3058 3714 3146">
     <span class='ocr_line' id='line_1_94' title="bbox 2213 3058 3714 3146; baseline -0.015 -17"><span class='ocrx_word' id='word_1_647' title='bbox 2213 3074 2492 3146; x_wconf 81' lang='grc' dir='ltr'><strong>παρδάλει,</strong></span> <span class='ocrx_word' id='word_1_648' title='bbox 2523 3071 2616 3124; x_wconf 72' lang='grc' dir='ltr'><strong>καὶ</strong></span> <span class='ocrx_word' id='word_1_649' title='bbox 2653 3069 2930 3124; x_wconf 80' lang='grc' dir='ltr'><strong>ἁλίσκεται</strong></span> <span class='ocrx_word' id='word_1_650' title='bbox 2967 3065 3160 3120; x_wconf 83' lang='grc' dir='ltr'>τοῦτον</span> <span class='ocrx_word' id='word_1_651' title='bbox 3188 3064 3279 3119; x_wconf 84' lang='grc' dir='ltr'><strong>τὸν</strong></span> <span class='ocrx_word' id='word_1_652' title='bbox 3309 3064 3515 3136; x_wconf 85' lang='grc' dir='ltr'><strong>τρόπον.</strong></span> <span class='ocrx_word' id='word_1_653' title='bbox 3548 3058 3714 3125; x_wconf 80' lang='grc' dir='ltr'><strong>Ἐκείνη</strong></span> 
     </span>
    </p>
   </div>
   <div class='ocr_carea' id='block_1_93' title="bbox 2214 3152 3713 3240">
    <p class='ocr_par' dir='ltr' id='par_1_93' title="bbox 2214 3152 3713 3240">
     <span class='ocr_line' id='line_1_95' title="bbox 2214 3152 3713 3240; baseline -0.013 -18"><span class='ocrx_word' id='word_1_654' title='bbox 2214 3170 2249 3240; x_wconf 83' lang='grc' dir='ltr'><strong>ἡ</strong></span> <span class='ocrx_word' id='word_1_655' title='bbox 2283 3164 2563 3238; x_wconf 74' lang='grc' dir='ltr'>πάρδαλις,</span> <span class='ocrx_word' id='word_1_656' title='bbox 2603 3163 2804 3235; x_wconf 80' lang='grc' dir='ltr'><strong>τροφῆς</strong></span> <span class='ocrx_word' id='word_1_657' title='bbox 2843 3160 3092 3231; x_wconf 82' lang='grc' dir='ltr'><strong>δεομένη,</strong></span> <span class='ocrx_word' id='word_1_658' title='bbox 3144 3157 3337 3229; x_wconf 79' lang='grc' dir='ltr'>ἑαυτὴν</span> <span class='ocrx_word' id='word_1_659' title='bbox 3367 3152 3713 3224; x_wconf 81' lang='grc' dir='ltr'><strong>ὑπαποκρύπτει</strong></span> 
     </span>
    </p>
   </div>
   <div class='ocr_carea' id='block_1_94' title="bbox 2216 3247 3714 3331">
    <p class='ocr_par' dir='ltr' id='par_1_94' title="bbox 2216 3247 3714 3331">
     <span class='ocr_line' id='line_1_96' title="bbox 2216 3247 3714 3331; baseline -0.013 -17"><span class='ocrx_word' id='word_1_660' title='bbox 2216 3260 2250 3331; x_wconf 83' lang='grc' dir='ltr'>ἢ</span> <span class='ocrx_word' id='word_1_661' title='bbox 2279 3259 2452 3329; x_wconf 77' lang='grc' dir='ltr'><strong>λόχμῃ</strong></span> <span class='ocrx_word' id='word_1_662' title='bbox 2484 3256 2651 3326; x_wconf 76' lang='grc' dir='ltr'>πολλῇ</span> <span class='ocrx_word' id='word_1_663' title='bbox 2679 3255 2712 3326; x_wconf 83' lang='grc' dir='ltr'>ἢ</span> <span class='ocrx_word' id='word_1_664' title='bbox 2744 3252 2968 3323; x_wconf 81' lang='grc' dir='ltr'><strong>φυλλάδι</strong></span> <span class='ocrx_word' id='word_1_665' title='bbox 3007 3250 3224 3322; x_wconf 72' lang='grc' dir='ltr'>βαθείᾳ,</span> <span class='ocrx_word' id='word_1_666' title='bbox 3255 3249 3347 3302; x_wconf 73' lang='grc' dir='ltr'><strong>καὶ</strong></span> <span class='ocrx_word' id='word_1_667' title='bbox 3367 3249 3580 3316; x_wconf 77' lang='grc' dir='ltr'><strong>ἐντυχεῖν</strong></span> <span class='ocrx_word' id='word_1_668' title='bbox 3603 3247 3714 3296; x_wconf 75' lang='grc' dir='ltr'>ἐστιν</span> 
     </span>
    </p>
   </div>
   <div class='ocr_carea' id='block_1_95' title="bbox 2216 3330 3713 3418">
    <p class='ocr_par' dir='ltr' id='par_1_95' title="bbox 2216 3330 3713 3418">
     <span class='ocr_line' id='line_1_97' title="bbox 2216 3330 3713 3418; baseline -0.014 -15"><span class='ocrx_word' id='word_1_669' title='bbox 2216 3330 2448 3418; x_wconf 71' lang='grc' dir='ltr'>ἀφανὴς,</span> <span class='ocrx_word' id='word_1_670' title='bbox 2491 3346 2650 3418; x_wconf 86' lang='grc' dir='ltr'>μόνον</span> <span class='ocrx_word' id='word_1_671' title='bbox 2680 3343 2736 3396; x_wconf 81' lang='grc' dir='ltr'>δὲ</span> <span class='ocrx_word' id='word_1_672' title='bbox 2785 3343 3032 3396; x_wconf 84' lang='grc' dir='ltr'><strong>ἀναπνεῖ.</strong></span> <span class='ocrx_word' id='word_1_673' title='bbox 3085 3338 3294 3394; x_wconf 82' lang='grc' dir='ltr'><strong>Οὐκοῦν</strong></span> <span class='ocrx_word' id='word_1_674' title='bbox 3339 3339 3384 3391; x_wconf 89' lang='lat' dir='ltr'><strong>ol</strong></span> <span class='ocrx_word' id='word_1_675' title='bbox 3435 3335 3608 3406; x_wconf 77' lang='grc' dir='ltr'><strong>νεϐροὶ,</strong></span> <span class='ocrx_word' id='word_1_676' title='bbox 3645 3330 3713 3384; x_wconf 74' lang='grc' dir='ltr'>καὶ</span> 
     </span>
    </p>
   </div>
   <div class='ocr_carea' id='block_1_96' title="bbox 2216 3418 3712 3510">
    <p class='ocr_par' dir='ltr' id='par_1_96' title="bbox 2216 3418 3712 3510">
     <span class='ocr_line' id='line_1_98' title="bbox 2216 3418 3712 3510; baseline -0.015 -17"><span class='ocrx_word' id='word_1_677' title='bbox 2216 3437 2470 3510; x_wconf 80' lang='grc' dir='ltr'><strong>δορκάδες</strong></span> <span class='ocrx_word' id='word_1_678' title='bbox 2507 3435 2601 3489; x_wconf 57' lang='grc' dir='ltr'><strong>καὶ⁹</strong></span> <span class='ocrx_word' id='word_1_679' title='bbox 2627 3428 2779 3502; x_wconf 81' lang='grc' dir='ltr'>αἶγες</span> <span class='ocrx_word' id='word_1_680' title='bbox 2807 3433 2862 3486; x_wconf 81' lang='grc' dir='ltr'>αἱ</span> <span class='ocrx_word' id='word_1_681' title='bbox 2903 3433 3119 3502; x_wconf 79' lang='grc' dir='ltr'>ἄγριαι,</span> <span class='ocrx_word' id='word_1_682' title='bbox 3164 3430 3261 3484; x_wconf 77' lang='grc' dir='ltr'><strong>καὶ</strong></span> <span class='ocrx_word' id='word_1_683' title='bbox 3301 3426 3369 3480; x_wconf 80' lang='grc' dir='ltr'><strong>τὰ</strong></span> <span class='ocrx_word' id='word_1_684' title='bbox 3407 3424 3600 3478; x_wconf 78' lang='grc' dir='ltr'>τοιαῦτα</span> <span class='ocrx_word' id='word_1_685' title='bbox 3632 3418 3712 3471; x_wconf 81' lang='grc' dir='ltr'>τῶν</span> 
     </span>
    </p>
   </div>
   <div class='ocr_carea' id='block_1_97' title="bbox 2218 3509 3712 3597">
    <p class='ocr_par' dir='ltr' id='par_1_97' title="bbox 2218 3509 3712 3597">
     <span class='ocr_line' id='line_1_99' title="bbox 2218 3509 3712 3597; baseline -0.017 -12"><span class='ocrx_word' id='word_1_686' title='bbox 2218 3532 2391 3597; x_wconf 83' lang='grc' dir='ltr'>ζώων,</span> <span class='ocrx_word' id='word_1_687' title='bbox 2426 3529 2501 3592; x_wconf 81' lang='grc' dir='ltr'><strong>ὼς</strong></span> <span class='ocrx_word' id='word_1_688' title='bbox 2537 3528 2644 3581; x_wconf 84' lang='grc' dir='ltr'><strong>ὑπό</strong></span> <span class='ocrx_word' id='word_1_689' title='bbox 2683 3542 2822 3588; x_wconf 86' lang='grc' dir='ltr'>τινος</span> <span class='ocrx_word' id='word_1_690' title='bbox 2862 3525 3045 3593; x_wconf 75' lang='grc' dir='ltr'>ἴυγγος</span> <span class='ocrx_word' id='word_1_691' title='bbox 3072 3523 3174 3594; x_wconf 75' lang='grc' dir='ltr'><strong>τῆς</strong></span> <span class='ocrx_word' id='word_1_692' title='bbox 3202 3519 3420 3582; x_wconf 79' lang='grc' dir='ltr'>εὐωδίας</span> <span class='ocrx_word' id='word_1_693' title='bbox 3442 3516 3624 3569; x_wconf 78' lang='grc' dir='ltr'>ἕλκεται</span> <span class='ocrx_word' id='word_1_694' title='bbox 3644 3509 3712 3564; x_wconf 76' lang='grc' dir='ltr'>καὶ</span> 
     </span>
    </p>
   </div>
   <div class='ocr_carea' id='block_1_98' title="bbox 2217 3609 3712 3693">
    <p class='ocr_par' dir='ltr' id='par_1_98' title="bbox 2217 3609 3712 3693">
     <span class='ocr_line' id='line_1_100' title="bbox 2217 3609 3712 3693; baseline -0.011 -17"><span class='ocrx_word' id='word_1_695' title='bbox 2217 3624 2421 3693; x_wconf 82' lang='grc' dir='ltr'>γίνεται</span> <span class='ocrx_word' id='word_1_696' title='bbox 2459 3621 2712 3693; x_wconf 72' lang='grc' dir='ltr'><strong>πλησίονο</strong></span> <span class='ocrx_word' id='word_1_697' title='bbox 2745 3621 2779 3691; x_wconf 79' lang='grc' dir='ltr'>ἡ</span> <span class='ocrx_word' id='word_1_698' title='bbox 2819 3618 2875 3671; x_wconf 88' lang='grc' dir='ltr'>δὲ</span> <span class='ocrx_word' id='word_1_699' title='bbox 2902 3615 3133 3686; x_wconf 76' lang='grc' dir='ltr'><strong>ἐκπηδᾷ,</strong></span> <span class='ocrx_word' id='word_1_700' title='bbox 3167 3614 3261 3668; x_wconf 78' lang='grc' dir='ltr'><strong>καὶ</strong></span> <span class='ocrx_word' id='word_1_701' title='bbox 3295 3613 3401 3684; x_wconf 74' lang='grc' dir='ltr'>ἔχει</span> <span class='ocrx_word' id='word_1_702' title='bbox 3441 3611 3496 3662; x_wconf 75' lang='grc' dir='ltr'>τὸ</span> <span class='ocrx_word' id='word_1_703' title='bbox 3521 3609 3712 3678; x_wconf 48' lang='lat' dir='ltr'><strong>litigatu-</strong></span> 
     </span>
    </p>
   </div>
   <div class='ocr_carea' id='block_1_99' title="bbox 2217 3697 3715 3773">
    <p class='ocr_par' dir='ltr' id='par_1_99' title="bbox 2217 3697 3715 3773">
     <span class='ocr_line' id='line_1_101' title="bbox 2217 3697 3715 3773; baseline -0.018 0"><span class='ocrx_word' id='word_1_704' title='bbox 2217 3717 2451 3773; x_wconf 79' lang='lat' dir='ltr'><strong>Consule</strong></span> <span class='ocrx_word' id='word_1_705' title='bbox 2473 3713 2824 3769; x_wconf 87' lang='lat' dir='ltr'><strong>Plutarchum</strong></span> <span class='ocrx_word' id='word_1_706' title='bbox 2854 3709 2929 3764; x_wconf 82' lang='lat' dir='ltr'><strong>De</strong></span> <span class='ocrx_word' id='word_1_707' title='bbox 2958 3709 3279 3762; x_wconf 85' lang='lat' dir='ltr'><strong>animalium</strong></span> <span class='ocrx_word' id='word_1_708' title='bbox 3303 3702 3534 3763; x_wconf 78' lang='lat' dir='ltr'><strong>solertia,</strong></span> <span class='ocrx_word' id='word_1_709' title='bbox 3559 3697 3715 3751; x_wconf 83' lang='lat' dir='ltr'><strong>Aristo-</strong></span> 
     </span>
    </p>
   </div>
   <div class='ocr_carea' id='block_1_100' title="bbox 2219 3789 3715 3876">
    <p class='ocr_par' dir='ltr' id='par_1_100' title="bbox 2219 3789 3715 3876">
     <span class='ocr_line' id='line_1_102' title="bbox 2219 3789 3715 3876; baseline -0.017 -10"><span class='ocrx_word' id='word_1_710' title='bbox 2219 3812 2399 3876; x_wconf 86' lang='lat' dir='ltr'><strong>telem,</strong></span> <span class='ocrx_word' id='word_1_711' title='bbox 2428 3810 2504 3865; x_wconf 85' lang='lat' dir='ltr'><strong>De</strong></span> <span class='ocrx_word' id='word_1_712' title='bbox 2529 3809 2714 3863; x_wconf 86' lang='lat' dir='ltr'><strong>histor.</strong></span> <span class='ocrx_word' id='word_1_713' title='bbox 2739 3804 2956 3859; x_wconf 88' lang='lat' dir='ltr'><strong>animal.</strong></span> <span class='ocrx_word' id='word_1_714' title='bbox 2983 3803 3077 3857; x_wconf 92' lang='lat' dir='ltr'><strong>lib.</strong></span> <span class='ocrx_word' id='word_1_715' title='bbox 3109 3818 3195 3868; x_wconf 79' lang='lat' dir='ltr'><strong>ix,</strong></span> <span class='ocrx_word' id='word_1_716' title='bbox 3225 3815 3342 3870; x_wconf 86' lang='lat' dir='ltr'><strong>cap.</strong></span> <span class='ocrx_word' id='word_1_717' title='bbox 3374 3798 3436 3863; x_wconf 85' lang='lat'><strong>6;</strong></span> <span class='ocrx_word' id='word_1_718' title='bbox 3467 3789 3715 3858; x_wconf 85' lang='lat' dir='ltr'><strong>Theophra-</strong></span> 
     </span>
    </p>
   </div>
   <div class='ocr_carea' id='block_1_101' title="bbox 2221 3878 3714 3971">
    <p class='ocr_par' dir='ltr' id='par_1_101' title="bbox 2221 3878 3714 3971">
     <span class='ocr_line' id='line_1_103' title="bbox 2221 3878 3714 3971; baseline -0.019 -10"><span class='ocrx_word' id='word_1_719' title='bbox 2221 3914 2389 3971; x_wconf 89' lang='lat' dir='ltr'><strong>stum,</strong></span> <span class='ocrx_word' id='word_1_720' title='bbox 2414 3903 2491 3958; x_wconf 86' lang='lat' dir='ltr'><strong>De</strong></span> <span class='ocrx_word' id='word_1_721' title='bbox 2519 3902 2697 3956; x_wconf 82' lang='lat' dir='ltr'><strong>causis</strong></span> <span class='ocrx_word' id='word_1_722' title='bbox 2725 3899 2894 3969; x_wconf 86' lang='lat' dir='ltr'><strong>plant.</strong></span> <span class='ocrx_word' id='word_1_723' title='bbox 2923 3897 3020 3951; x_wconf 93' lang='lat' dir='ltr'><strong>lib.</strong></span> <span class='ocrx_word' id='word_1_724' title='bbox 3051 3911 3125 3957; x_wconf 73' lang='lat' dir='ltr'><strong>Vl,</strong></span> <span class='ocrx_word' id='word_1_725' title='bbox 3159 3909 3278 3963; x_wconf 88' lang='lat' dir='ltr'><strong>cap.</strong></span> <span class='ocrx_word' id='word_1_726' title='bbox 3306 3892 3358 3955; x_wconf 89' lang='lat'><strong>5,</strong></span> <span class='ocrx_word' id='word_1_727' title='bbox 3379 3889 3465 3959; x_wconf 88' lang='lat' dir='ltr'><strong>qui</strong></span> <span class='ocrx_word' id='word_1_728' title='bbox 3492 3885 3596 3939; x_wconf 87' lang='lat' dir='ltr'><strong>talis</strong></span> <span class='ocrx_word' id='word_1_729' title='bbox 3618 3878 3714 3934; x_wconf 88' lang='lat' dir='ltr'><strong>odo-</strong></span> 
     </span>
    </p>
   </div>
   <div class='ocr_carea' id='block_1_102' title="bbox 2219 3975 3712 4064">
    <p class='ocr_par' dir='ltr' id='par_1_102' title="bbox 2219 3975 3712 4064">
     <span class='ocr_line' id='line_1_104' title="bbox 2219 3975 3712 4064; baseline -0.019 -10"><span class='ocrx_word' id='word_1_730' title='bbox 2219 4000 2299 4055; x_wconf 90' lang='lat' dir='ltr'><strong>ris</strong></span> <span class='ocrx_word' id='word_1_731' title='bbox 2329 4012 2550 4064; x_wconf 86' lang='lat' dir='ltr'><strong>causam</strong></span> <span class='ocrx_word' id='word_1_732' title='bbox 2574 3995 2800 4050; x_wconf 89' lang='lat' dir='ltr'><strong>reddere</strong></span> <span class='ocrx_word' id='word_1_733' title='bbox 2815 3997 3104 4047; x_wconf 89' lang='lat' dir='ltr'><strong>conantur.</strong></span> <span class='ocrx_word' id='word_1_734' title='bbox 3127 3985 3444 4044; x_wconf 87' lang='lat' dir='ltr'><strong>Aristoteles</strong></span> <span class='ocrx_word' id='word_1_735' title='bbox 3463 3975 3712 4052; x_wconf 82' lang='lat' dir='ltr'><strong>graveolen-</strong></span> 
     </span>
    </p>
   </div>
   <div class='ocr_carea' id='block_1_103' title="bbox 2221 4065 3710 4155">
    <p class='ocr_par' dir='ltr' id='par_1_103' title="bbox 2221 4065 3710 4155">
     <span class='ocr_line' id='line_1_105' title="bbox 2221 4065 3710 4155; baseline -0.015 -7"><span class='ocrx_word' id='word_1_736' title='bbox 2221 4094 2350 4148; x_wconf 88' lang='lat' dir='ltr'><strong>tiam</strong></span> <span class='ocrx_word' id='word_1_737' title='bbox 2395 4091 2459 4146; x_wconf 92' lang='lat' dir='ltr'><strong>ad</strong></span> <span class='ocrx_word' id='word_1_738' title='bbox 2518 4089 2836 4147; x_wconf 90' lang='lat' dir='ltr'><strong>cruditatem</strong></span> <span class='ocrx_word' id='word_1_739' title='bbox 2888 4083 3182 4155; x_wconf 89' lang='lat' dir='ltr'><strong>quamdam</strong></span> <span class='ocrx_word' id='word_1_740' title='bbox 3233 4079 3395 4136; x_wconf 87' lang='lat' dir='ltr'><strong>refert</strong></span> <span class='ocrx_word' id='word_1_741' title='bbox 3428 4065 3710 4132; x_wconf 76' lang='lat' dir='ltr'><strong>excrementi.</strong></span> 
     </span>
    </p>
   </div>
   <div class='ocr_carea' id='block_1_104' title="bbox 2221 4166 3709 4257">
    <p class='ocr_par' dir='ltr' id='par_1_104' title="bbox 2221 4166 3709 4257">
     <span class='ocr_line' id='line_1_106' title="bbox 2221 4166 3709 4257; baseline -0.022 -14"><span class='ocrx_word' id='word_1_742' title='bbox 2221 4201 2342 4257; x_wconf 71' lang='lat' dir='ltr'><strong>quae</strong></span> <span class='ocrx_word' id='word_1_743' title='bbox 2369 4194 2424 4241; x_wconf 85' lang='lat' dir='ltr'><strong>et</strong></span> <span class='ocrx_word' id='word_1_744' title='bbox 2449 4184 2586 4240; x_wconf 87' lang='lat' dir='ltr'><strong>vivis</strong></span> <span class='ocrx_word' id='word_1_745' title='bbox 2616 4195 2780 4238; x_wconf 89' lang='lat' dir='ltr'><strong>causa</strong></span> <span class='ocrx_word' id='word_1_746' title='bbox 2811 4179 2940 4234; x_wconf 70' lang='lat' dir='ltr'><strong>findi</strong></span> <span class='ocrx_word' id='word_1_747' title='bbox 2966 4177 3174 4231; x_wconf 89' lang='lat' dir='ltr'><strong>halitus</strong></span> <span class='ocrx_word' id='word_1_748' title='bbox 3193 4182 3298 4238; x_wconf 90' lang='lat' dir='ltr'><strong>est,</strong></span> <span class='ocrx_word' id='word_1_749' title='bbox 3324 4181 3376 4228; x_wconf 89' lang='lat' dir='ltr'><strong>et</strong></span> <span class='ocrx_word' id='word_1_750' title='bbox 3402 4166 3602 4224; x_wconf 88' lang='lat' dir='ltr'><strong>mortuis</strong></span> <span class='ocrx_word' id='word_1_751' title='bbox 3620 4173 3709 4215; x_wconf 86' lang='lat' dir='ltr'><strong>cum</strong></span> 
     </span>
    </p>
   </div>
   <div class='ocr_carea' id='block_1_105' title="bbox 2222 4265 3708 4354">
    <p class='ocr_par' dir='ltr' id='par_1_105' title="bbox 2222 4265 3708 4354">
     <span class='ocr_line' id='line_1_107' title="bbox 2222 4265 3708 4354; baseline -0.02 -17"><span class='ocrx_word' id='word_1_752' title='bbox 2222 4280 2522 4354; x_wconf 88' lang='lat' dir='ltr'><strong>putrescit:</strong></span> <span class='ocrx_word' id='word_1_753' title='bbox 2555 4285 2608 4333; x_wconf 88' lang='lat' dir='ltr'><strong>et</strong></span> <span class='ocrx_word' id='word_1_754' title='bbox 2655 4275 2776 4331; x_wconf 89' lang='lat' dir='ltr'><strong>ideo</strong></span> <span class='ocrx_word' id='word_1_755' title='bbox 2807 4274 3027 4346; x_wconf 88' lang='lat' dir='ltr'><strong>pingue,</strong></span> <span class='ocrx_word' id='word_1_756' title='bbox 3073 4287 3161 4335; x_wconf 90' lang='lat' dir='ltr'><strong>os,</strong></span> <span class='ocrx_word' id='word_1_757' title='bbox 3194 4271 3336 4341; x_wconf 91' lang='lat' dir='ltr'><strong>pilus</strong></span> <span class='ocrx_word' id='word_1_758' title='bbox 3381 4265 3565 4320; x_wconf 67' lang='lat' dir='ltr'><strong>foedum</strong></span> <span class='ocrx_word' id='word_1_759' title='bbox 3603 4269 3708 4312; x_wconf 87' lang='lat' dir='ltr'><strong>nun-</strong></span> 
     </span>
    </p>
   </div>
   <div class='ocr_carea' id='block_1_106' title="bbox 2221 4354 3707 4446">
    <p class='ocr_par' dir='ltr' id='par_1_106' title="bbox 2221 4354 3707 4446">
     <span class='ocr_line' id='line_1_108' title="bbox 2221 4354 3707 4446; baseline -0.017 -15"><span class='ocrx_word' id='word_1_760' title='bbox 2221 4391 2383 4446; x_wconf 86' lang='lat' dir='ltr'><strong>quam</strong></span> <span class='ocrx_word' id='word_1_761' title='bbox 2406 4372 2641 4428; x_wconf 91' lang='lat' dir='ltr'><strong>reddunt</strong></span> <span class='ocrx_word' id='word_1_762' title='bbox 2666 4369 2912 4432; x_wconf 89' lang='lat' dir='ltr'><strong>odorem,</strong></span> <span class='ocrx_word' id='word_1_763' title='bbox 2938 4365 3066 4436; x_wconf 88' lang='lat' dir='ltr'><strong>quia</strong></span> <span class='ocrx_word' id='word_1_764' title='bbox 3096 4364 3297 4436; x_wconf 90' lang='lat' dir='ltr'><strong>pingue</strong></span> <span class='ocrx_word' id='word_1_765' title='bbox 3325 4365 3608 4416; x_wconf 87' lang='lat' dir='ltr'><strong>concoctum</strong></span> <span class='ocrx_word' id='word_1_766' title='bbox 3635 4354 3707 4406; x_wconf 70' lang='lat' dir='ltr'><strong>est.</strong></span> 
     </span>
    </p>
   </div>
   <div class='ocr_carea' id='block_1_107' title="bbox 2223 4444 3708 4534">
    <p class='ocr_par' dir='ltr' id='par_1_107' title="bbox 2223 4444 3708 4534">
     <span class='ocr_line' id='line_1_109' title="bbox 2223 4444 3708 4534; baseline -0.016 -11"><span class='ocrx_word' id='word_1_767' title='bbox 2223 4444 2349 4523; x_wconf 81' lang='lat' dir='ltr'><strong>ossa</strong></span> <span class='ocrx_word' id='word_1_768' title='bbox 2380 4473 2434 4520; x_wconf 89' lang='lat' dir='ltr'><strong>et</strong></span> <span class='ocrx_word' id='word_1_769' title='bbox 2469 4463 2560 4534; x_wconf 89' lang='lat' dir='ltr'><strong>pili</strong></span> <span class='ocrx_word' id='word_1_770' title='bbox 2591 4462 2819 4516; x_wconf 90' lang='lat' dir='ltr'><strong>humore</strong></span> <span class='ocrx_word' id='word_1_771' title='bbox 2864 4463 3079 4512; x_wconf 86' lang='lat' dir='ltr'><strong>vacant.</strong></span> <span class='ocrx_word' id='word_1_772' title='bbox 3126 4455 3314 4511; x_wconf 87' lang='lat' dir='ltr'><strong>Genus</strong></span> <span class='ocrx_word' id='word_1_773' title='bbox 3345 4458 3508 4505; x_wconf 87' lang='lat' dir='ltr'><strong>autem</strong></span> <span class='ocrx_word' id='word_1_774' title='bbox 3550 4444 3708 4515; x_wconf 50' lang='lat' dir='ltr'><strong>plani?</strong></span> 
     </span>
    </p>
   </div>
   <div class='ocr_carea' id='block_1_108' title="bbox 2157 4526 3706 4628">
    <p class='ocr_par' dir='ltr' id='par_1_108' title="bbox 2157 4526 3706 4628">
     <span class='ocr_line' id='line_1_110' title="bbox 2157 4526 3706 4628; baseline -0.017 -16"><span class='ocrx_word' id='word_1_775' title='bbox 2157 4574 2199 4628; x_wconf 86' lang='grc' dir='ltr'>ι)</span> <span class='ocrx_word' id='word_1_776' title='bbox 2227 4571 2344 4612; x_wconf 91' lang='lat' dir='ltr'><strong>rum</strong></span> <span class='ocrx_word' id='word_1_777' title='bbox 2374 4554 2582 4609; x_wconf 90' lang='lat' dir='ltr'><strong>nullum</strong></span> <span class='ocrx_word' id='word_1_778' title='bbox 2615 4552 2762 4606; x_wconf 89' lang='lat' dir='ltr'><strong>intra</strong></span> <span class='ocrx_word' id='word_1_779' title='bbox 2790 4565 2849 4605; x_wconf 91' lang='lat' dir='ltr'><strong>se</strong></span> <span class='ocrx_word' id='word_1_780' title='bbox 2876 4547 3153 4603; x_wconf 90' lang='lat' dir='ltr'><strong>contrahit</strong></span> <span class='ocrx_word' id='word_1_781' title='bbox 3183 4550 3581 4602; x_wconf 77' lang='lat' dir='ltr'><strong>excrementum.</strong></span> <span class='ocrx_word' id='word_1_782' title='bbox 3604 4540 3643 4586; x_wconf 82' lang='lat' dir='ltr'><strong>et</strong></span> <span class='ocrx_word' id='word_1_783' title='bbox 3674 4526 3706 4581; x_wconf 73' lang='lat' dir='ltr'><strong>si</strong></span> 
     </span>
    </p>
   </div>
   <div class='ocr_carea' id='block_1_109' title="bbox 2225 4617 3707 4717">
    <p class='ocr_par' dir='ltr' id='par_1_109' title="bbox 2225 4617 3707 4717">
     <span class='ocr_line' id='line_1_111' title="bbox 2225 4617 3707 4717; baseline -0.017 -16"><span class='ocrx_word' id='word_1_784' title='bbox 2225 4647 2354 4717; x_wconf 84' lang='lat' dir='ltr'><strong>quid</strong></span> <span class='ocrx_word' id='word_1_785' title='bbox 2388 4646 2611 4707; x_wconf 87' lang='lat' dir='ltr'><strong>inesset,</strong></span> <span class='ocrx_word' id='word_1_786' title='bbox 2639 4641 2814 4697; x_wconf 91' lang='lat' dir='ltr'><strong>calida</strong></span> <span class='ocrx_word' id='word_1_787' title='bbox 2842 4640 3097 4708; x_wconf 88' lang='lat' dir='ltr'><strong>siccaque</strong></span> <span class='ocrx_word' id='word_1_788' title='bbox 3136 4646 3329 4690; x_wconf 85' lang='lat' dir='ltr'><strong>natura</strong></span> <span class='ocrx_word' id='word_1_789' title='bbox 3378 4628 3501 4685; x_wconf 91' lang='lat' dir='ltr'><strong>illud</strong></span> <span class='ocrx_word' id='word_1_790' title='bbox 3539 4617 3707 4693; x_wconf 77' lang='lat' dir='ltr'><strong>expedi-</strong></span> 
     </span>
    </p>
   </div>
   <div class='ocr_carea' id='block_1_110' title="bbox 2227 4716 3706 4806">
    <p class='ocr_par' dir='ltr' id='par_1_110' title="bbox 2227 4716 3706 4806">
     <span class='ocr_line' id='line_1_112' title="bbox 2227 4716 3706 4806; baseline -0.019 -14"><span class='ocrx_word' id='word_1_791' title='bbox 2227 4742 2335 4796; x_wconf 87' lang='lat' dir='ltr'><strong>tius</strong></span> <span class='ocrx_word' id='word_1_792' title='bbox 2358 4736 2668 4806; x_wconf 90' lang='lat' dir='ltr'><strong>concoquit,</strong></span> <span class='ocrx_word' id='word_1_793' title='bbox 2689 4743 2742 4790; x_wconf 90' lang='lat' dir='ltr'><strong>et</strong></span> <span class='ocrx_word' id='word_1_794' title='bbox 2764 4734 2885 4789; x_wconf 90' lang='lat' dir='ltr'><strong>ideo</strong></span> <span class='ocrx_word' id='word_1_795' title='bbox 2909 4733 3108 4786; x_wconf 89' lang='lat' dir='ltr'><strong>humor</strong></span> <span class='ocrx_word' id='word_1_796' title='bbox 3131 4743 3323 4785; x_wconf 90' lang='lat' dir='ltr'><strong>eorum</strong></span> <span class='ocrx_word' id='word_1_797' title='bbox 3361 4741 3461 4779; x_wconf 91' lang='lat' dir='ltr'><strong>non</strong></span> <span class='ocrx_word' id='word_1_798' title='bbox 3490 4729 3562 4774; x_wconf 89' lang='lat' dir='ltr'><strong>est</strong></span> <span class='ocrx_word' id='word_1_799' title='bbox 3587 4716 3706 4768; x_wconf 75' lang='lat' dir='ltr'><strong>faecu—</strong></span> 
     </span>
    </p>
   </div>
   <div class='ocr_carea' id='block_1_111' title="bbox 2227 4809 3706 4900">
    <p class='ocr_par' dir='ltr' id='par_1_111' title="bbox 2227 4809 3706 4900">
     <span class='ocr_line' id='line_1_113' title="bbox 2227 4809 3706 4900; baseline -0.02 -13"><span class='ocrx_word' id='word_1_800' title='bbox 2227 4834 2435 4897; x_wconf 87' lang='lat' dir='ltr'><strong>lentus;</strong></span> <span class='ocrx_word' id='word_1_801' title='bbox 2484 4830 2647 4900; x_wconf 86' lang='lat' dir='ltr'><strong>idque</strong></span> <span class='ocrx_word' id='word_1_802' title='bbox 2689 4826 3047 4888; x_wconf 88' lang='lat' dir='ltr'><strong>confirmatur</strong></span> <span class='ocrx_word' id='word_1_803' title='bbox 3089 4823 3264 4894; x_wconf 85' lang='lat' dir='ltr'><strong>plagis</strong></span> <span class='ocrx_word' id='word_1_804' title='bbox 3313 4829 3492 4876; x_wconf 71' lang='lat' dir='ltr'><strong>terrae,</strong></span> <span class='ocrx_word' id='word_1_805' title='bbox 3535 4821 3631 4879; x_wconf 64' lang='lat' dir='ltr'><strong>qua</strong></span> <span class='ocrx_word' id='word_1_806' title='bbox 3666 4809 3706 4900; x_wconf 62' lang='lat' dir='ltr'><strong>ill</strong></span> 
     </span>
    </p>
   </div>
   <div class='ocr_carea' id='block_1_112' title="bbox 2229 4895 3704 4989">
    <p class='ocr_par' dir='ltr' id='par_1_112' title="bbox 2229 4895 3704 4989">
     <span class='ocr_line' id='line_1_114' title="bbox 2229 4895 3704 4989; baseline -0.022 -9"><span class='ocrx_word' id='word_1_807' title='bbox 2229 4925 2604 4989; x_wconf 86' lang='lat' dir='ltr'><strong>ferventiores,</strong></span> <span class='ocrx_word' id='word_1_808' title='bbox 2637 4922 2718 4977; x_wconf 90' lang='lat' dir='ltr'><strong>sic</strong></span> <span class='ocrx_word' id='word_1_809' title='bbox 2748 4919 3089 4975; x_wconf 88' lang='lat' dir='ltr'><strong>odoratiores</strong></span> <span class='ocrx_word' id='word_1_810' title='bbox 3119 4925 3266 4972; x_wconf 91' lang='lat' dir='ltr'><strong>sunt.</strong></span> <span class='ocrx_word' id='word_1_811' title='bbox 3288 4909 3646 4980; x_wconf 81' lang='lat' dir='ltr'><strong>TbeOplirastus</strong></span> <span class='ocrx_word' id='word_1_812' title='bbox 3665 4895 3704 4948; x_wconf 90' lang='lat' dir='ltr'><strong>in</strong></span> 
     </span>
    </p>
   </div>
   <div class='ocr_carea' id='block_1_113' title="bbox 2229 4990 3704 5092">
    <p class='ocr_par' dir='ltr' id='par_1_113' title="bbox 2229 4990 3704 5092">
     <span class='ocr_line' id='line_1_115' title="bbox 2229 4990 3704 5092; baseline -0.02 -14"><span class='ocrx_word' id='word_1_813' title='bbox 2229 5023 2552 5092; x_wconf 90' lang='lat' dir='ltr'><strong>quibusdam</strong></span> <span class='ocrx_word' id='word_1_814' title='bbox 2577 5017 2832 5074; x_wconf 89' lang='lat' dir='ltr'><strong>convenit</strong></span> <span class='ocrx_word' id='word_1_815' title='bbox 2872 5029 2996 5070; x_wconf 90' lang='lat' dir='ltr'><strong>cum</strong></span> <span class='ocrx_word' id='word_1_816' title='bbox 3025 5009 3338 5072; x_wconf 87' lang='lat' dir='ltr'><strong>Aristotele,</strong></span> <span class='ocrx_word' id='word_1_817' title='bbox 3371 5006 3424 5060; x_wconf 91' lang='lat' dir='ltr'><strong>in</strong></span> <span class='ocrx_word' id='word_1_818' title='bbox 3448 4990 3704 5071; x_wconf 68' lang='lat' dir='ltr'><strong>quibusdam</strong></span> 
     </span>
    </p>
   </div>
   <div class='ocr_carea' id='block_1_114' title="bbox 2229 5085 3702 5182">
    <p class='ocr_par' dir='ltr' id='par_1_114' title="bbox 2229 5085 3702 5182">
     <span class='ocr_line' id='line_1_116' title="bbox 2229 5085 3702 5182; baseline -0.021 -10"><span class='ocrx_word' id='word_1_819' title='bbox 2229 5117 2500 5178; x_wconf 89' lang='lat' dir='ltr'><strong>dissentit,</strong></span> <span class='ocrx_word' id='word_1_820' title='bbox 2531 5113 2598 5168; x_wconf 91' lang='lat' dir='ltr'><strong>ad</strong></span> <span class='ocrx_word' id='word_1_821' title='bbox 2623 5126 2765 5182; x_wconf 70' lang='lat' dir='ltr'><strong>quae,</strong></span> <span class='ocrx_word' id='word_1_822' title='bbox 2791 5123 2861 5163; x_wconf 89' lang='lat' dir='ltr'><strong>ne</strong></span> <span class='ocrx_word' id='word_1_823' title='bbox 2888 5105 3096 5161; x_wconf 89' lang='lat' dir='ltr'><strong>diutius</strong></span> <span class='ocrx_word' id='word_1_824' title='bbox 3116 5113 3418 5172; x_wconf 87' lang='lat' dir='ltr'><strong>evagemur,</strong></span> <span class='ocrx_word' id='word_1_825' title='bbox 3447 5085 3702 5148; x_wconf 64' lang='lat' dir='ltr'><strong>remitti!!!“</strong></span> 
     </span>
    </p>
   </div>
   <div class='ocr_carea' id='block_1_115' title="bbox 2230 5179 3702 5265">
    <p class='ocr_par' dir='ltr' id='par_1_115' title="bbox 2230 5179 3702 5265">
     <span class='ocr_line' id='line_1_117' title="bbox 2230 5179 3702 5265; baseline -0.024 -3"><span class='ocrx_word' id='word_1_826' title='bbox 2230 5208 2509 5262; x_wconf 88' lang='lat' dir='ltr'><strong>lectorem.</strong></span> <span class='ocrx_word' id='word_1_827' title='bbox 2561 5179 2761 5257; x_wconf 80' lang='lat' dir='ltr'><strong>Neuter</strong></span> <span class='ocrx_word' id='word_1_828' title='bbox 2805 5207 2986 5253; x_wconf 89' lang='lat' dir='ltr'><strong>tamen</strong></span> <span class='ocrx_word' id='word_1_829' title='bbox 3036 5195 3102 5250; x_wconf 92' lang='lat' dir='ltr'><strong>ad</strong></span> <span class='ocrx_word' id='word_1_830' title='bbox 3149 5195 3375 5265; x_wconf 91' lang='lat' dir='ltr'><strong>primam</strong></span> <span class='ocrx_word' id='word_1_831' title='bbox 3422 5179 3702 5265; x_wconf 59' lang='lat' dir='ltr'><strong>quaestionem</strong></span> 
     </span>
    </p>
   </div>
   <div class='ocr_carea' id='block_1_116' title="bbox 2229 5259 3702 5371">
    <p class='ocr_par' dir='ltr' id='par_1_116' title="bbox 2229 5259 3702 5371">
     <span class='ocr_line' id='line_1_118' title="bbox 2229 5259 3702 5371; baseline -0.023 -16"><span class='ocrx_word' id='word_1_832' title='bbox 2229 5259 2532 5371; x_wconf 78' lang='lat' dir='ltr'><strong>respondit,</strong></span> <span class='ocrx_word' id='word_1_833' title='bbox 2576 5311 2677 5350; x_wconf 89' lang='lat' dir='ltr'><strong>nec</strong></span> <span class='ocrx_word' id='word_1_834' title='bbox 2725 5293 2928 5348; x_wconf 90' lang='lat' dir='ltr'><strong>nodum</strong></span> <span class='ocrx_word' id='word_1_835' title='bbox 2977 5259 3228 5344; x_wconf 71' lang='lat' dir='ltr'><strong>dissolvit</strong></span> <span class='ocrx_word' id='word_1_836' title='bbox 3269 5272 3588 5371; x_wconf 68' lang='lat' dir='ltr'><strong>difﬁcultatis.</strong></span> 
     </span>
    </p>
   </div>
   <div class='ocr_carea' id='block_1_117' title="bbox 2231 5351 3703 5458">
    <p class='ocr_par' dir='ltr' id='par_1_117' title="bbox 2231 5351 3703 5458">
     <span class='ocr_line' id='line_1_119' title="bbox 2231 5351 3703 5458; baseline -0.026 -10"><span class='ocrx_word' id='word_1_837' title='bbox 2231 5394 2374 5448; x_wconf 86' lang='lat' dir='ltr'><strong>enim</strong></span> <span class='ocrx_word' id='word_1_838' title='bbox 2410 5391 2538 5446; x_wconf 91' lang='lat' dir='ltr'><strong>dum</strong></span> <span class='ocrx_word' id='word_1_839' title='bbox 2579 5388 2646 5443; x_wconf 89' lang='lat' dir='ltr'><strong>de</strong></span> <span class='ocrx_word' id='word_1_840' title='bbox 2681 5385 2912 5458; x_wconf 90' lang='lat' dir='ltr'><strong>pardali,</strong></span> <span class='ocrx_word' id='word_1_841' title='bbox 2941 5397 3103 5452; x_wconf 92' lang='lat' dir='ltr'><strong>quam</strong></span> <span class='ocrx_word' id='word_1_842' title='bbox 3146 5381 3314 5436; x_wconf 91' lang='lat' dir='ltr'><strong>solam</strong></span> <span class='ocrx_word' id='word_1_843' title='bbox 3347 5376 3477 5427; x_wconf 88' lang='lat' dir='ltr'><strong>inter</strong></span> <span class='ocrx_word' id='word_1_844' title='bbox 3512 5351 3703 5458; x_wconf 57' lang='lat' dir='ltr'><strong>animaliil</strong></span> 
     </span>
    </p>
   </div>
   <div class='ocr_carea' id='block_1_118' title="bbox 2232 5445 3704 5543">
    <p class='ocr_par' dir='ltr' id='par_1_118' title="bbox 2232 5445 3704 5543">
     <span class='ocr_line' id='line_1_120' title="bbox 2232 5445 3704 5543; baseline -0.025 -1"><span class='ocrx_word' id='word_1_845' title='bbox 2232 5487 2512 5542; x_wconf 90' lang='lat' dir='ltr'><strong>odoratam</strong></span> <span class='ocrx_word' id='word_1_846' title='bbox 2563 5498 2686 5538; x_wconf 87' lang='lat' dir='ltr'><strong>esse</strong></span> <span class='ocrx_word' id='word_1_847' title='bbox 2731 5479 3122 5539; x_wconf 84' lang='lat' dir='ltr'><strong>concedebant,</strong></span> <span class='ocrx_word' id='word_1_848' title='bbox 3172 5471 3438 5543; x_wconf 87' lang='lat' dir='ltr'><strong>agebatur,</strong></span> <span class='ocrx_word' id='word_1_849' title='bbox 3480 5456 3591 5515; x_wconf 83' lang='lat' dir='ltr'><strong>satis</strong></span> <span class='ocrx_word' id='word_1_850' title='bbox 3621 5445 3704 5501; x_wconf 69' lang='lat' dir='ltr'><strong>eﬂ‘</strong></span> 
     </span>
    </p>
   </div>
   <div class='ocr_carea' id='block_1_119' title="bbox 2235 5543 3704 5646">
    <p class='ocr_par' dir='ltr' id='par_1_119' title="bbox 2235 5543 3704 5646">
     <span class='ocr_line' id='line_1_121' title="bbox 2235 5543 3704 5646; baseline -0.027 -11"><span class='ocrx_word' id='word_1_851' title='bbox 2235 5593 2453 5635; x_wconf 89' lang='lat' dir='ltr'><strong>causam</strong></span> <span class='ocrx_word' id='word_1_852' title='bbox 2497 5583 2719 5646; x_wconf 89' lang='lat' dir='ltr'><strong>propter</strong></span> <span class='ocrx_word' id='word_1_853' title='bbox 2764 5588 2926 5644; x_wconf 90' lang='lat' dir='ltr'><strong>quam</strong></span> <span class='ocrx_word' id='word_1_854' title='bbox 2971 5571 3195 5625; x_wconf 88' lang='lat' dir='ltr'><strong>arbores</strong></span> <span class='ocrx_word' id='word_1_855' title='bbox 3223 5572 3275 5620; x_wconf 92' lang='lat' dir='ltr'><strong>et</strong></span> <span class='ocrx_word' id='word_1_856' title='bbox 3309 5561 3488 5631; x_wconf 65' lang='lat' dir='ltr'><strong>plantae</strong></span> <span class='ocrx_word' id='word_1_857' title='bbox 3524 5543 3704 5646; x_wconf 41' lang='lat' dir='ltr'><strong>odora“?</strong></span> 
     </span>
    </p>
   </div>
   <div class='ocr_carea' id='block_1_120' title="bbox 2237 5633 3705 5733">
    <p class='ocr_par' dir='ltr' id='par_1_120' title="bbox 2237 5633 3705 5733">
     <span class='ocr_line' id='line_1_122' title="bbox 2237 5633 3705 5733; baseline -0.029 -5"><span class='ocrx_word' id='word_1_858' title='bbox 2237 5680 2385 5732; x_wconf 92' lang='lat' dir='ltr'><strong>sunt,</strong></span> <span class='ocrx_word' id='word_1_859' title='bbox 2417 5669 2670 5724; x_wconf 90' lang='lat' dir='ltr'><strong>animalia</strong></span> <span class='ocrx_word' id='word_1_860' title='bbox 2717 5683 2828 5723; x_wconf 90' lang='lat' dir='ltr'><strong>non</strong></span> <span class='ocrx_word' id='word_1_861' title='bbox 2860 5668 2987 5722; x_wconf 92' lang='lat' dir='ltr'><strong>item</strong></span> <span class='ocrx_word' id='word_1_862' title='bbox 3029 5664 3319 5733; x_wconf 87' lang='lat' dir='ltr'><strong>assignare.</strong></span> <span class='ocrx_word' id='word_1_863' title='bbox 3358 5649 3451 5706; x_wconf 77' lang='lat' dir='ltr'><strong>Sed</strong></span> <span class='ocrx_word' id='word_1_864' title='bbox 3488 5638 3596 5733; x_wconf 82' lang='lat' dir='ltr'><strong>illud</strong></span> <span class='ocrx_word' id='word_1_865' title='bbox 3619 5633 3705 5687; x_wconf 66' lang='lat' dir='ltr'><strong>eral</strong></span> 
     </span>
    </p>
   </div>
   <div class='ocr_carea' id='block_1_121' title="bbox 2237 5729 3706 5834">
    <p class='ocr_par' dir='ltr' id='par_1_121' title="bbox 2237 5729 3706 5834">
     <span class='ocr_line' id='line_1_123' title="bbox 2237 5729 3706 5834; baseline -0.028 -13"><span class='ocrx_word' id='word_1_866' title='bbox 2237 5762 2633 5834; x_wconf 78' lang='lat' dir='ltr'><strong>explicandum.</strong></span> <span class='ocrx_word' id='word_1_867' title='bbox 2661 5773 2896 5830; x_wconf 87' lang='lat' dir='ltr'><strong>quanam</strong></span> <span class='ocrx_word' id='word_1_868' title='bbox 2920 5756 3131 5810; x_wconf 88' lang='lat' dir='ltr'><strong>ratione</strong></span> <span class='ocrx_word' id='word_1_869' title='bbox 3154 5753 3288 5805; x_wconf 89' lang='lat' dir='ltr'><strong>inter</strong></span> <span class='ocrx_word' id='word_1_870' title='bbox 3316 5748 3488 5798; x_wconf 66' lang='lat' dir='ltr'><strong>eadem</strong></span> <span class='ocrx_word' id='word_1_871' title='bbox 3516 5729 3706 5834; x_wconf 38' lang='lat' dir='ltr'><strong>animi?</strong></span> 
     </span>
    </p>
   </div>
   <div class='ocr_carea' id='block_1_122' title="bbox 2240 5807 3707 5925">
    <p class='ocr_par' dir='ltr' id='par_1_122' title="bbox 2240 5807 3707 5925">
     <span class='ocr_line' id='line_1_124' title="bbox 2240 5807 3707 5925; baseline -0.032 -14"><span class='ocrx_word' id='word_1_872' title='bbox 2240 5807 2454 5913; x_wconf 51' lang='lat' dir='ltr'><strong>tiarsola</strong></span> <span class='ocrx_word' id='word_1_873' title='bbox 2484 5807 2721 5925; x_wconf 76' lang='lat' dir='ltr'><strong>pardalis</strong></span> <span class='ocrx_word' id='word_1_874' title='bbox 2756 5851 2892 5907; x_wconf 85' lang='lat' dir='ltr'><strong>bene</strong></span> <span class='ocrx_word' id='word_1_875' title='bbox 2922 5849 3050 5916; x_wconf 81' lang='lat' dir='ltr'><strong>olet,</strong></span> <span class='ocrx_word' id='word_1_876' title='bbox 3075 5852 3128 5902; x_wconf 88' lang='lat' dir='ltr'><strong>et</strong></span> <span class='ocrx_word' id='word_1_877' title='bbox 3159 5839 3313 5911; x_wconf 89' lang='lat' dir='ltr'><strong>hujus</strong></span> <span class='ocrx_word' id='word_1_878' title='bbox 3335 5819 3587 5888; x_wconf 86' lang='lat' dir='ltr'><strong>animantis</strong></span> <span class='ocrx_word' id='word_1_879' title='bbox 3608 5807 3707 5866; x_wconf 82' lang='lat' dir='ltr'><strong>odo-</strong></span> 
     </span>
    </p>
   </div>
  </div>
