3952 6204
249 194 356 250 9ιό

1189 194 1254 249 ΙΝ
1296 193 1659 250 EUS’I‘ATHII
1694 193 2164 258 ῌΕΧΑΕΜΕΒΟΝ
2203 196 2436 254 NOTAE.

3364 202 3464 258 946

246 315 375 376 rati,
409 321 464 369 et
491 313 720 368 aliorum
760 330 866 368 non
913 314 1262 370 odoratorum
1295 316 1610 371 discrimen.
1650 315 1802 370 Tunc
1828 305 1878 378 Α
1907 319 2127 374 animal.
2175 320 2269 374 lib.
2304 335 2380 384 vr,
2415 334 2534 389 cap.
2575 319 2682 375 27:
2717 318 2938 374 Ferendi
2974 322 3108 374 uleri
3143 332 3340 391 tempus
3373 325 3466 378 alii

246 405 398 460 enim
439 406 642 474 optime
684 405 970 475 quaestioni
1013 405 1450 476 responderetur,
1496 405 1594 459 Διὰ
1620 405 1806 458 τιτῶν

1944 431 2102 467 unum
2133 424 2181 468 et
2205 430 2296 468 sex
2319 431 2538 480 menses,
2567 415 2661 468 alii
2689 416 2969 469 triennium
2994 423 3264 478 statuunt;
3296 429 3348 471 et
3377 417 3470 470 liu-

254 496 354 568 μὲν
395 495 550 560 ζώων
582 497 732 550 οὐδὲν
783 497 976 565 εὐῶδές
1008 499 1155 551 ἐστιν
1187 497 1291 562 ἔξω
1331 498 1427 568 τῆς
1475 497 1806 568 παρδάλεως,

251 587 391 660 αὕτη
429 587 483 641 δὲ
511 589 604 641 καὶ
639 589 816 651 αὐτοῖς
856 591 964 652 τοῖς
997 587 1234 660 θηρίοιςς
1270 587 1375 643 etsi
1403 587 1810 656 Theophrastus

250 682 414 735 etiam
444 681 498 735 in
526 681 648 738 aliis
674 693 728 738 et
755 697 861 736 non
893 682 949 735 in
982 682 1097 736 sola
1133 680 1339 750 pardali
1363 679 1585 735 odorem
1619 694 1813 734 conce-

249 773 370 828 dat.
396 773 547 828 Tunc
566 785 684 830 erat
713 776 940 830 ulterius
967 775 1035 829 ab
1060 776 1179 844 ipso
1220 773 1620 844 explicandum,
1646 787 1816 843 quare

248 882 388 938 ergo
425 867 492 922 ab
522 867 847 924 animalibus
883 868 1018 923 odor
1056 867 1142 922 hic
1174 882 1280 921 non
1327 867 1560 921 sentitur
1594 865 1649 919 in
1694 865 1814 920 aliis

1906 507 1996 577 jus
2023 506 2342 563 diﬁ'crentiaa
2373 517 2424 562 et
2455 507 2858 562 incertitudinis
2885 521 3105 561 causam
3133 507 3300 574 addit,
3325 509 3468 576 quod

1911 615 2016 654 non
2054 608 2231 669 pateat
2260 601 2454 655 coitus.
2490 599 2550 653 Et
2581 599 2673 653 lib.
2707 615 2758 664 ν,
2792 614 2912 668 cap.
2947 598 3048 652 ll:
3081 596 3294 650 Uterum
3329 598 3472 651 bien-

1913 694 1998 745 nio
2024 693 2196 764 gerit:
2225 693 2365 760 parit
2407 691 2641 760 singulos
2663 704 2684 744 :
2719 691 2998 759 uniparum
3043 708 3262 760 namque
3297 702 3393 753 est,
3421 701 3474 745 et

1914 783 2034 836 libr.
2074 798 2124 835 iv
2156 781 2232 834 De
2255 789 2484 850 generat.
2519 779 2763 843 animal.,
2787 795 2905 848 cap.
2931 779 3298 844 ultimo,idem
3333 782 3474 834 aliir-

1915 881 2048 938 mat,
2097 881 2151 928 et
2191 887 2410 929 causam
2449 873 2570 934 dat,
2598 873 3032 942 exsuperantiam
3062 873 3472 943 magnitudinis.

253 960 365 1015 nisi
412 959 466 1013 in
503 960 618 1014 sola
651 960 892 1030 pardali?
936 958 1134 1014 Verum
1171 959 1299 1014 dum
1325 957 1736 1028 Theophrastus
1764 969 1818 1013 el
1919 968 2148 1030 Plinius,
2183 967 2308 1021 libr.
2345 982 2464 1030 vm,
2503 981 2623 1036 cap.
2674 966 2756 1030 l0,
2801 974 3092 1035 utrumque
3128 966 3329 1021 refert:
3370 967 3473 1022 De-

249 1051 578 1108 Aristoteles
617 1056 753 1108 tanti
784 1055 882 1110 viri
930 1053 1206 1123 propOsita
1252 1052 1570 1123 quaestione,
1613 1052 1720 1106 alio
1762 1068 1821 1107 se
1918 1074 2027 1110 cem
2067 1056 2219 1109 annis
2248 1065 2451 1125 gestare
2481 1055 2536 1107 in
2566 1065 2713 1108 utero
2750 1056 2931 1124 vulgus
2957 1056 3246 1120 existimat,
3277 1055 3476 1112 Aristo—

253 1151 605 1208 convertunt,
645 1151 700 1198 et
728 1144 1150 1215 subter-fugiunt,
1179 1144 1301 1214 quis
1333 1145 1407 1198 ita
1455 1143 1630 1198 audax
1682 1158 1740 1198 se
1767 1143 1819 1196 id

253 1234 477 1305 assequi
503 1234 769 1290 conﬁdet?
788 1235 971 1290 Potest
998 1236 1140 1292 Deus
1175 1239 1343 1290 multa
1374 1235 1573 1300 moliri,
1600 1243 1651 1289 et
1676 1235 1822 1289 varia

255 1328 563 1394 conﬁcere,
611 1344 733 1399 qua:
787 1328 1094 1385 intellectus
1151 1328 1422 1383 humanus
1464 1343 1571 1382 non
1624 1328 1821 1397 capiet.

259 1421 432 1476 Multa
466 1422 569 1477 sibi
604 1419 746 1476 Deus
771 1420 893 1484 soli,
927 1435 1226 1490 eorumque
1247 1419 1610 1490 cognitionem
1652 1435 1826 1477 reser-

259 1516 432 1570 vavit.
468 1515 525 1568 ln
555 1515 764 1584 paucis,
799 1514 854 1568 in
891 1512 1152 1576 minimis,
1182 1511 1236 1566 in
1272 1512 1562 1576 οὐτιδανοῖς
1598 1511 1745 1574 felix,
1772 1519 1827 1567 et

261 1608 390 1676 ejus
429 1623 528 1678 ope
549 1607 622 1661 ita
653 1606 902 1676 superbis
930 1617 982 1660 et
1009 1606 1326 1672 insolescis;
1361 1606 1406 1661 si
1436 1604 1491 1659 in
1520 1606 1824 1661 secretiori—

264 1702 373 1755 bus
411 1701 587 1770 potior
614 1715 784 1764 esses,
813 1699 943 1770 quid
983 1698 1236 1753 faceres?
1277 1697 1419 1753 Cave
1455 1705 1551 1752 tuo
1586 1697 1824 1768 ingenio,

267 1790 383 1845 tuis
421 1789 632 1844 viribus
676 1789 902 1844 metiare
941 1786 1140 1854 Deum;
1188 1786 1350 1843 nimis
1391 1792 1653 1858 angustus
1680 1800 1761 1851 es,
1793 1801 1827 1842 ο

267 1881 583 1938 homuncio.

345 1972 500 2038 lbid.,
532 1973 627 2028 lin.
651 1972 740 2030 29.
776 1973 828 2026 Ὀ
861 1972 929 2028 δὲ
966 1973 1199 2042 πάνθηρ
1225 1972 1426 2042 φίλον.
1459 1971 1536 2028 De
1569 1971 1830 2042 panthera

268 2065 474 2120 similia
505 2065 666 2121 habet
712 2065 905 2120 Petrus
945 2065 1262 2129 Damianus,
1292 2065 1387 2120 lib.
1431 2079 1494 2128 ll,
1527 2065 1688 2135 epist.
1732 2064 1828 2130 i8;

269 2155 504 2221 Plinius,
532 2158 626 2211 lib.
663 2173 779 2223 vni,
804 2173 924 2226 cap.
964 2159 1048 2226 l7,
1087 2156 1350 2211 Panthera
1398 2165 1448 2211 et
1479 2157 1637 2226 tigris.
1654 2172 1834 2209 macu-

272 2251 452 2304 larum
473 2251 725 2304 varietate
744 2265 899 2319 prope
919 2250 1048 2304 sola:
1076 2251 1359 2304 bestiarum
1387 2258 1706 2318 spectantur,
1731 2265 1833 2304 cte-

272 2344 404 2398 teris
431 2359 586 2407 unus,
617 2359 678 2395 ac
707 2359 833 2396 suus
875 2342 1126 2412 cujusque
1152 2342 1350 2411 generis
1392 2341 1536 2395 color
1566 2350 1662 2395 est.
1705 2339 1834 2396 Inde

274 2435 495 2506 tigrina:
524 2443 579 2490 et
607 2433 942 2504 pantherinm
971 2449 1190 2499 mensae,
1219 2440 1273 2489 et
1320 2432 1501 2503 βάλιος
1546 2431 1834 2502 πανθήρων

273 2526 455 2597 δίκην.

352 2616 514 2678 lbid.,
556 2617 652 2671 lin.
682 2615 770 2670 ⁸51.
811 2613 918 2670 Καὶ
958 2613 1067 2680 ἓως
1096 2613 1213 2683 μὲν
1249 2613 1322 2668 οὐ
1359 2611 1494 2682 χρή.
1537 2609 1835 2681 Oppianus,

280 2709 383 2765 lib.
413 2724 453 2762 ti
497 2711 740 2775 Kvmr..
769 2706 1153 2775 pantherarum
1182 2712 1235 2759 et
1263 2703 1493 2757 aliorum
1523 2702 1838 2759 animalium

282 2813 540 2855 somnum
570 2805 625 2853 et
654 2799 898 2851 inertiam
947 2796 1165 2861 cecinit,
1197 2811 1355 2866 quem
1389 2795 1533 2850 vide.

358 2889 637 2954 lbid.,‘lin.
661 2889 749 2944 55.
791 2889 869 2941 Δι’
901 2884 975 2958 ἧς
1001 2887 1073 2941 τὰ
1104 2887 1278 2942 ἄλλα.
1323 2885 1453 2953 Quae
1483 2886 1732 2957 superius
1775 2885 1843 2941 de

1923 1150 2044 1204 teles
2077 1150 2307 1213 biennio,
2352 1165 2440 1202 nec
2471 1148 2696 1216 amplius
2735 1165 2892 1218 quam
2922 1151 3078 1202 semel
3101 1150 3327 1219 gignere,
3359 1151 3464 1220 plu

1923 1256 2065 1294 resve
2097 1256 2256 1309 quam
2287 1240 2543 1309 singulos.
2579 1238 2693 1294 Hoc
2730 1248 2909 1295 tamen
2955 1240 3204 1296 videlicet
3241 1243 3475 1312 singulos

1922 1341 1970 1386 et
2005 1330 2162 1385 semel
2205 1346 2409 1399 parere,
2456 1345 2566 1384 non
2601 1343 2762 1399 posse
2797 1345 2863 1384 ex
2910 1327 3198 1384 Aristotele
3245 1329 3476 1383 Plinium

1925 1423 2166 1494 proﬁteri
2201 1421 2461 1493 Scaliger,
2502 1421 2730 1477 cxercit.
2768 1421 2896 1485 205,
2935 1422 3002 1477 de
3050 1422 3368 1485 subtilitate,
3411 1424 3476 1476 ad

1926 1518 2258 1580 Cardanum,
2310 1515 2523 1572 asserit.
2573 1514 2682 1570 Nec
2729 1514 2970 1570 additum
3021 1527 3050 1566 a
3106 1513 3343 1568 librariis
3390 1514 3479 1566 in-

1932 1611 2114 1666 sinuat
2152 1625 2219 1664 ex
2269 1608 2476 1670 Solino,
2523 1609 2614 1676 qui
2654 1622 2806 1661 more
2857 1621 2958 1662 suo
3005 1607 3071 1659 ad
3111 1605 3334 1661 verbum
3379 1605 3482 1658 hoc

1928 1700 2068 1756 idem
2126 1699 2300 1755 ﬁdelis
2347 1704 2686 1766 reposuerat,
2733 1706 2789 1752 et
2839 1697 3050 1752 ratione
3104 1696 3156 1750 id
3211 1711 3331 1750 esse
3385 1695 3486 1748 fal-

1928 1808 2047 1848 sum
2078 1791 2254 1860 palam
2292 1790 2567 1844 ostendit:
2600 1788 2743 1842 Nam
2782 1789 2829 1842 si
2869 1788 3004 1842 binis
3045 1787 3344 1857 parentibus
3381 1804 3486 1841 una

1927 1885 2154 1940 succedit
2211 1883 2431 1948 soboles,
2487 1899 2690 1936 necesse
2738 1891 2816 1936 est
2856 1879 2925 1934 ad
2983 1879 3202 1934 nihilum
3255 1879 3483 1934 tandem.

1933 1978 2054 2033 Non
2095 1978 2263 2031 solum
2311 1992 2428 2030 vero
2464 1977 2582 2044 plus
2620 1973 2778 2028 semel
2819 1974 2980 2042 parit,
3019 1988 3191 2026 verum
3224 1982 3272 2025 et
3313 1978 3485 2042 plures

1931 2070 2174 2141 singulis,
2224 2070 2302 2122 uti
2352 2068 2671 2122 dicebamus.
2739 2067 2962 2122 Dicebat
3009 2066 3152 2120 enim
3212 2067 3486 2134 superius,

1935 2161 2114 2233 Neque
2173 2161 2405 2232 singulas
2471 2161 2625 2214 modo
2677 2175 2889 2228 parere,
2947 2161 3132 2227 quippe
3183 2167 3234 2211 et
3294 2166 3487 2222 ternos,

1931 2265 1980 2308 et
2022 2263 2322 2323 quaternos,
2377 2262 2454 2307 tot
2508 2255 2646 2307 enim
2701 2252 2944 2305 comitari
2988 2252 3110 2304 visa:
3160 2259 3300 2303 sunt.
3365 2248 3489 2302 Haec

1933 2346 2123 2399 ultima
2150 2344 2408 2414 Scaligeri
2436 2346 2602 2400 verba
2640 2345 2692 2398 in
2723 2344 2969 2398 doctrina
2999 2341 3351 2412 Peripatetica
3378 2357 3486 2395 non

1935 2438 2201 2494 satistuta
2234 2453 2356 2494 esse
2389 2438 2659 2494 videntur.
2692 2437 3015 2507 Elephantes
3045 2435 3250 2490 scilicet
3295 2448 3400 2488 uno
3437 2442 3492 2487 et

1935 2530 2123 2585 eodem
2148 2538 2302 2599 partu
2328 2531 2509 2600 plures
2529 2530 2778 2600 gignere;
2802 2529 2904 2583 etsi
2924 2542 3030 2582 non
3054 2543 3140 2580 me
3165 2526 3300 2596 fugit
3323 2524 3492 2580 Elia-

1939 2639 2090 2687 num,
2117 2623 2212 2677 lib.
2245 2638 2360 2686 vui,
2382 2637 2504 2692 cap.
2527 2622 2620 2684 27,
2653 2621 2707 2674 id
2745 2621 3139 2690 quodammodo
3165 2620 3492 2680 insinuasse,

1940 2721 2123 2768 tamen
2155 2730 2219 2770 ex
2248 2715 2475 2769 aliorum
2509 2715 2778 2770 sententia
2813 2713 2866 2767 id
2895 2712 3180 2781 scripsisse
3221 2712 3354 2782 ipsis
3384 2726 3498 2766 ver-

1939 2807 2024 2863 bis
2048 2806 2412 2862 clarissimuui
2449 2814 2554 2861 est.
2583 2806 2840 2859 Τίκτεται
2872 2804 3068 2872 ἐλέφας
3105 2802 3246 2857 κατὰ
3277 2804 3372 2874 τὴν
3401 2820 3493 2856 κε-

1943 2899 2115 2970 φαλὴν
2143 2899 2410 2970 ὲκπηδῶν.
2443 2899 2518 2952 Τὸ
2543 2898 2600 2952 δὲ
2646 2897 2872 2970 μέγεθός
2906 2898 3019 2949 ἐστι
3052 2895 3146 2948 τοῦ
3183 2892 3496 2964 τικτομένου

284 2984 520 3056 pardali,
548 2985 667 3054 ejus
695 2982 860 3037 odore
911 2990 964 3036 et
997 2981 1216 3036 solertia
1245 2979 1657 3050 explicavimus,
1688 2979 1841 3032 multi

1945 2992 2084 3045 κατὰ
2113 2990 2351 3060 δέλφακα
2395 2988 2490 3060 τὴν
2535 2989 2814 3061 μεγίστην.
2870 2989 2984 3059 Mli
3013 2987 3069 3040 δὲ
3119 2985 3285 3058 μητρὶ
3332 2984 3499 3038 πλείω

285 3077 569 3148 panthera:
602 3074 906 3137 ascribunt,
946 3073 1030 3127 vel
1066 3087 1130 3128 eo
1170 3072 1347 3128 solum
1393 3069 1538 3141 quod
1586 3069 1844 3124 animalia

283 3169 661 3228 diversissima
695 3166 1032 3223 confundunt
1084 3173 1138 3221 et
1166 3166 1417 3228 miscent,
1444 3163 1563 3219 ideo
1593 3163 1844 3218 lectorem

288 3264 360 3319 ad
421 3263 510 3317 illa
560 3261 904 3325 remittimus,
947 3274 1017 3314 ne
1063 3259 1262 3313 iterum
1309 3256 1497 3312 eadem
1555 3254 1847 3325 repetendo

288 3352 506 3409 molesti
542 3353 731 3407 simus.
773 3349 870 3405 Hic
901 3364 1184 3420 possemus
1223 3347 1385 3402 etiam
1413 3345 1681 3408 dubitare.
1717 3360 1849 3415 qua-

291 3458 418 3498 nam
450 3443 656 3496 ratione
699 3438 950 3493 animalia
990 3438 1155 3492 odore
1185 3436 1570 3507 pantherarum
1603 3434 1849 3488 allician-

292 3544 404 3599 tur,
428 3543 487 3588 ut
513 3549 542 3587 a
573 3535 757 3589 multis
785 3531 1096 3586 auctoribus
1124 3528 1381 3584 traditum
1403 3537 1506 3591 est,
1531 3543 1655 3581 cum
1679 3525 1852 3581 Theo-

292 3627 574 3698 phrastus,
617 3624 687 3677 De
717 3624 892 3677 causis
925 3623 1156 3691 plantar.
1196 3621 1290 3675 lib.
1331 3637 1384 3688 v,
1426 3634 1545 3690 cap.
1585 3619 1640 3682 5,
1684 3618 1850 3680 dicat,

294 3722 440 3776 inter
464 3718 622 3772 bruta
665 3717 888 3772 omnino
932 3715 1018 3770 vel
1066 3715 1297 3778 nullum,
1347 3713 1429 3768 vel
1477 3721 1626 3767 certe
1669 3725 1853 3764 rarum

351 3811 587 3866 modum
631 3825 752 3865 esse
793 3807 938 3879 quod
989 3806 1210 3862 odorem
1255 3814 1632 3877 persequatur,
1682 3818 1856 3876 neque

295 3904 471 3976 gratia
498 3901 682 3958 odoris
709 3902 930 3965 sentire,
956 3914 1131 3970 neque
1167 3898 1490 3970 dijudicare,
1519 3897 1858 3970 quandoqui-

295 3997 446 4058 dem,
475 3995 580 4050 etsi
616 3993 860 4065 quaedam
894 3993 1177 4056 sentirent,
1211 4007 1400 4047 eorum
1429 3998 1612 4046 tamen
1650 3997 1857 4044 natura!

297 4087 603 4152 adversari,
628 4094 682 4142 et
703 4086 770 4140 de
796 4085 1121 4141 insectorum
1152 4099 1347 4157 genere
1369 4083 1591 4147 dicitur,
1619 4081 1710 4152 qui
1737 4081 1857 4137 oleo

298 4179 653 4245 infestantur,
674 4177 886 4248 fugiunt
909 4178 1056 4234 enim
1089 4178 1436 4232 vehementer
1457 4176 1578 4247 ejus
1609 4174 1854 4238 odorem,

299 4271 496 4344 paucis
524 4269 670 4325 hunc
698 4268 900 4324 nodum
934 4267 1249 4338 expediam;
1277 4266 1420 4322 haud
1457 4275 1710 4322 constare
1753 4264 1853 4319 ho-

1945 3081 2322 3150 ὲλεφαντίσκια
2348 3080 2558 3146 ἕπεται,
2599 3080 2784 3149 φασιν.
2829 3078 2895 3132 Et
2930 3079 3138 3134 ratione
3167 3077 3499 3131 validissima

1945 3169 2202 3241 Scaligeri
2238 3170 2292 3224 id
2332 3171 2598 3225 aliirmare
2643 3173 2832 3226 saltem
2871 3171 2926 3223 in
2963 3169 3247 3238 elephanto
3293 3168 3497 3229 indico,

1942 3261 2028 3316 vel
2064 3261 2267 3316 invitus
2304 3261 2610 3330 cogeretur,
2641 3261 2792 3326 dum,
2829 3261 2923 3316 lib.
2976 3277 3088 3323 vni,
3129 3276 3249 3329 cap.
3277 3258 3363 3322 l7,
3405 3259 3498 3323 ait,

1946 3368 2040 3408 eos
2081 3353 2401 3423 elephantos
2444 3353 2613 3408 semel
2647 3353 2703 3407 in
2740 3353 2846 3407 vita
2876 3351 3044 3406 coire.
3079 3349 3258 3415 Ἀπαξ
3287 3348 3415 3417 γοῦν
3445 3351 3501 3402 ὲν

1945 3444 2022 3515 τῷ
2079 3444 2178 3515 βίῳ
2225 3443 2304 3514 τῷ
2352 3443 2596 3515 σφετέρῳ
2654 3442 3076 3515 μνημονεύουσιν
3143 3440 3456 3510 Ἀφροδίτης
3483 3457 3499 3472 ο

1947 3539 2133 3608 ὅτανὴ
2187 3535 2376 3607 Θήλεισ.
2409 3535 2652 3607 ὑπομένῃ
2701 3535 2796 3589 καὶ
2839 3535 2998 3605 αὐτή.
3044 3528 3175 3586 Εἶτα
3221 3531 3505 3601 ἐμπλήσας

1948 3629 2176 3692 ἕκαστος
2219 3627 2317 3700 τὴν
2363 3625 2646 3698 σύννομον,
2677 3626 2738 3679 τὸ
2777 3623 3024 3678 ἐντεῦθεν
3050 3623 3141 3676 ἐπὶ
3172 3620 3377 3684 τούτοις
3407 3620 3508 3674 οὐκ

1951 3711 2088 3770 εῐδεν
2134 3715 2322 3788 αὑτήν.
2382 3715 2474 3772 Vel
2521 3716 2685 3788 igitur
2734 3730 2904 3786 genus
2957 3714 3058 3768 hoc
3100 3713 3504 3783 elephantorum

1955 3807 2140 3878 plures
2175 3808 2406 3878 singulis
2445 3809 2710 3878 partubus
2757 3813 3041 3878 generant.
3091 3806 3172 3860 vel
3201 3821 3322 3860 cum
3365 3804 3508 3858 binis

1955 3900 2272 3970 parentibus
2299 3916 2407 3955 una
2453 3899 2709 3956 succedet
2747 3899 2986 3962 soboles,
3015 3897 3228 3952 tandem
3263 3895 3331 3950 ad
3362 3894 3510 3948 nihi-

1956 3993 2068 4047 lum
2098 4000 2243 4049 esset
2292 3991 2706 4048 deveniendum.
2752 3989 2859 4046 Sed
2904 3990 3130 4046 ulterius
3176 3989 3250 4044 ita
3281 3987 3510 4048 Plinius,

1955 4084 2051 4140 lib.
2087 4101 2142 4149 ι,
2177 4099 2299 4155 cap.
2326 4086 2415 4150 55,
2446 4084 2694 4156 Singulos
2722 4085 2960 4156 gignunt,
2987 4082 3267 4152 elephanti,
3303 4080 3510 4143 cameli,

1955 4178 2104 4248 equi;
2133 4186 2189 4233 et
2221 4176 2468 4241 inferius,
2501 4175 2799 4244 Elephanti,
2821 4184 2877 4229 ut
2895 4173 3149 4238 diximus,
3175 4174 3389 4244 pariunt
3415 4173 3518 4226 sin-

1957 4271 2128 4342 gulos,
2160 4269 2519 4341 magnitudine
2553 4270 2704 4323 vituli
2745 4268 3039 4323 trimestris.
3088 4266 3201 4322 Nec
3229 4266 3341 4320 haec
3389 4279 3516 4320 scn-

296 4343 568 4428 minibus,
603 4377 672 4418 an
716 4360 936 4417 odorem
969 4361 1226 4422 sentiant.
1270 4359 1500 4430 ejusque
1542 4358 1716 4430 gratia
1743 4371 1857 4412 rem
1888 4343 1935 4404 Ῑ)
1962 4362 2130 4419 tentia
2149 4363 2364 4418 videtur
2391 4363 2460 4417 ab
2487 4361 2827 4417 Aristotelian
2860 4359 3170 4416 dissentire.
3198 4356 3519 4413 Aristoteles

294 4453 586 4511 odoratam
619 4461 1033 4525 persequantur,
1067 4469 1136 4508 an
1165 4453 1435 4524 appetitus
1465 4459 1675 4507 tantum
1714 4449 1859 4506 fera-

293 4556 398 4604 tur
451 4547 518 4601 ad
574 4548 752 4618 ipsum
807 4547 1089 4618 pabulum,
1146 4547 1375 4617 ejusque
1432 4560 1599 4600 causa
1653 4542 1744 4600 sit.
1797 4543 1864 4596 Et

296 4641 558 4712 quamvis
599 4641 894 4695 animantia
925 4638 1187 4694 olfactum
1231 4638 1369 4709 ipsis
1406 4635 1718 4692 hominibus
1765 4634 1863 4689 ob-

298 4737 518 4794 tineant
568 4735 998 4806 exquisitiorem,
1035 4749 1144 4789 non
1190 4742 1370 4790 tamen
1417 4741 1624 4789 certum
1657 4740 1742 4788 est
1783 4730 1864 4785 vel

299 4829 532 4885 odorem
567 4829 787 4890 sentire,
818 4827 899 4881 vel
931 4826 1049 4896 ejus
1077 4826 1250 4897 gratia
1274 4824 1417 4879 duci.

380 4921 541 4986 lbid.,
573 4922 668 4978 lin.
712 4922 801 4977 ιι.
839 4924 894 4976 '0
924 4922 992 4977 δὲ
1027 4921 1248 4992 ἐλέφας
1292 4922 1501 4991 ἐγκυμ.
1547 4918 1773 4975 Plautus
1813 4919 1866 4973 in

305 5012 493 5070 Sticho
509 5029 530 5068 :

448 5126 639 5198 Audivi
665 5142 800 5196 sirpe
828 5127 980 5198 vulgo
1012 5144 1045 5181 a
1077 5127 1255 5198 multis
1283 5126 1467 5187 dicier,

451 5197 630 5268 Siolere
657 5195 983 5266 elephantum
1024 5197 1294 5268 gravidam
1326 5205 1594 5265 perpetuos
1625 5195 1797 5268 decem

453 5267 583 5324 Esse
610 5285 774 5324 annos
799 5285 818 5324 :
840 5269 953 5339 ejus
980 5285 1008 5323 e
1027 5266 1226 5323 semine
1254 5268 1363 5323 haec
1397 5277 1534 5322 certo
1562 5277 1638 5321 est
1683 5266 1866 5335 fames.

305 5378 588 5443 Elianus,
621 5379 699 5433 De
740 5379 866 5434 hist.
903 5380 1066 5434 anim.
1108 5380 1146 5433 l.
1190 5395 1264 5441 iv,
1299 5393 1421 5450 cap.
1462 5379 1523 5433 5i
1558 5397 1572 5434 ε
1613 5377 1779 5432 Κύειν
1813 5375 1869 5429 δὲ

308 5474 651 5545 πυνθάνομαι
679 5475 771 5528 δύο
807 5475 944 5528 ὲτῶν
974 5475 1065 5528 τὸν
1110 5474 1396 5544 ἐλέφαντι·
1420 5475 1482 5527 Ol
1511 5473 1566 5525 δὲ
1597 5473 1655 5526 οὐ
1684 5470 1869 5524 τοσοῦ-

307 5584 401 5620 τον
461 5567 667 5637 χρόνον,
724 5567 858 5620 ἀλλὰ
916 5566 1287 5619 ὀκτωκαίδεκα
1344 5565 1527 5636 μηνῶν
1582 5561 1873 5634 ὁμολογοῦ-

312 5675 418 5714 σιν.
460 5659 798 5726 Aristoteles,
835 5677 897 5715 cx
951 5659 1179 5714 aliorum
1228 5659 1518 5726 sententia,
1554 5656 1631 5712 De
1682 5657 1869 5710 histor.

1962 4469 2216 4524 namque,
2243 4453 2314 4508 De
2338 4463 2570 4524 generat.
2605 4452 2824 4506 animal.
2852 4453 2944 4509 lib.
2975 4467 3046 4513 Iv,
3068 4465 3187 4520 cap.
3213 4450 3246 4504 4
3275 4467 3289 4503 :
3323 4446 3521 4519 Πρῶτα

1965 4544 2060 4614 μὲν
2077 4540 2170 4598 οὖν
2197 4545 2284 4598 διὰ
2308 4546 2362 4597 τί
2389 4544 2458 4598 τὰ
2487 4547 2586 4615 μὲν
2610 4544 2726 4598 ἐστι
2748 4542 3039 4604 πολυτόκα,
3057 4541 3124 4594 τὰ
3149 4541 3205 4595 δὲ
3235 4539 3516 4611 μονοτόκα,
3559 4538 3565 4546 ’

1961 4632 2103 4687 τοῦτ’
2131 4633 2196 4689 ἄν
2223 4652 2304 4698 τις
2329 4634 2532 4701 δόξειεν
2564 4633 2794 4702 εὐλόγως
2819 4631 3133 4703 Θαυμάζειν.
3161 4631 3240 4684 Τὰ
3270 4630 3376 4701 γὰρ
3423 4629 3519 4699 μέ-

1964 4746 2122 4801 γιστα
2155 4728 2420 4801 μονατὸκα
2446 4727 2551 4782 τῶν
2578 4727 2728 4792 ζώων
2761 4726 2925 4789 ἐστὶν,
2952 4720 3061 4780 οἷον
3091 4723 3308 4793 ἐλέφας,
3341 4721 3524 4792 κάμηο

1963 4824 2074 4888 λος,
2105 4822 2288 4885 ἵππος,
2323 4822 2416 4875 καὶ
2447 4818 2516 4876 τὰ
2546 4818 2787 4890 μώνυχα.
2823 4818 2887 4873 Et
2923 4817 3048 4888 quia
3096 4815 3430 4887 probabilius
3472 4812 3526 4867 id

1967 4915 2272 4979 videbatur,
2304 4912 2508 4982 majora
2543 4912 2818 4973 animalia,
2851 4925 2975 4964 cum
3012 4910 3132 4979 plus
3178 4906 3403 4963 seminis
3429 4905 3529 4960 .ef-

1967 5008 2108 5064 ferre
2135 5014 2378 5076 possent,
2414 5005 2567 5074 plura
2600 5004 2762 5057 etiam
2806 5017 3088 5073 generare,
3121 4999 3279 5069 cujus
3311 5006 3528 5053 contra-

1968 5099 2110 5154 rium
2157 5096 2356 5151 mirum
2403 5103 2506 5151 est.
2540 5093 2850 5165 Respondet
2875 5095 3002 5149 huic
3051 5099 3374 5162 argumento
3395 5090 3531 5145 vali-

1967 5190 2194 5246 dissima
2226 5189 2456 5251 ratione,
2486 5186 2830 5256 maximeque
2857 5186 3071 5248 idonea,
3103 5182 3529 5253 magnitudinem

1970 5280 2176 5337 scilicet
2205 5294 2396 5335 eorum
2443 5276 2498 5330 id
2541 5275 2716 5331 facere
2753 5291 2820 5329 ne
2865 5274 3033 5328 multa
3078 5272 3332 5343 pariant;
3376 5270 3532 5326 cibus

1969 5374 2114 5431 enim
2166 5373 2221 5426 in
2274 5372 2343 5430 iis
2385 5369 2688 5426 absumitur
2719 5368 2774 5422 in
2820 5367 3070 5435 corporis
3105 5365 3530 5427 incrementum;

1973 5465 2274 5522 minoribus
2323 5477 2449 5518 vero
2490 5469 2687 5516 natura
2736 5458 3002 5515 demendo
3031 5458 3098 5513 de
3140 5454 3534 5529 magnitudine,

1973 5574 2170 5629 augere
2229 5557 2282 5610 in
2349 5561 2697 5610 excremento
2762 5550 3009 5607 seminali
3071 5549 3536 5620 exsuperantiam.

1972 5653 2135 5726 idque
2167 5649 2449 5708 conﬁrmat
2477 5646 2581 5705 alia
2616 5645 2845 5712 ratione,
2876 5643 3123 5700 videlicet
3154 5644 3274 5713 plus
3317 5640 3542 5696 seminis
