3924 6968
549 227 652 283 947

1922 237 2167 294 LEONIS
2204 239 2476 298 ALLATII
3385 263 3390 272 ‘
3628 260 3711 316 9l8

550 347 807 416 genitalis
847 364 990 413 esse,
1045 351 1188 420 quod
1231 351 1455 420 majoris
1501 361 1588 408 est
1631 354 1907 417 animalis,
1949 356 2130 410 minus
2159 362 2203 417 Α
2233 359 2364 414 ticas
2399 361 2728 428 solitudines,
2761 375 2808 420 et
2837 367 2888 420 in
2918 366 3461 440 Mauritania:fer|tn'
3489 371 3710 443 .‘Elhtrpﬂ

551 445 731 490 autem
793 438 938 506 quod
981 439 1206 496 minoris
1257 457 1478 499 necesse
1513 452 1618 499 est.
1669 445 1740 498 At
1766 445 1937 499 multa
1984 445 2120 500 efﬁci

551 540 717 596 parva
761 528 814 582 in
845 528 1036 584 eodem
1076 543 1325 600 possunt,
1366 535 1533 588 multa
1568 551 1763 607 magna
1808 537 1943 592 ellici
1984 539 2120 595 dilIi-

552 617 655 671 cile
683 624 806 681 est;
843 617 1211 678 mediocribus
1243 640 1367 679 vero
1401 626 1793 696 magnitudinis
1824 630 2060 684 medium
2089 645 2121 684 a

555 715 748 762 natura
776 708 960 764 datum
989 720 1094 769 est.
1129 707 1280 780 Quid
1298 716 1463 786 igitur
1493 718 1547 772 in
1577 719 1827 774 doctrina
1854 721 2120 776 Aristote-

553 797 620 852 lis
648 799 886 855 clarius?
931 802 1060 871 quid
1106 806 1352 861 certius?
1398 807 1724 879 Elephantes
1772 821 1996 882 propter
2034 813 2118 869 sui

551 891 796 958 corporis
824 893 1040 958 molem,
1073 895 1454 970 ingentemque
1488 903 1937 971 magnitudinem,
1965 906 2119 975 plura

550 982 738 1035 eodem
798 985 929 1039 nixu
966 1002 1177 1056 parere,
1214 1005 1316 1045 nec
1370 1002 1622 1062 possunt,
1658 1011 1761 1051 nec
1797 997 2029 1065 debent;
2072 999 2118 1053 si

549 1073 661 1129 vim
701 1076 934 1148 juraque
980 1089 1186 1137 natura:
1227 1083 1431 1140 violare
1483 1102 1591 1141 non
1620 1088 1871 1144 velimus.
1913 1090 2117 1146 Contra

550 1165 664 1221 haec
699 1176 874 1224 tamen
903 1185 968 1225 ex
997 1171 1116 1242 ipso
1162 1173 1474 1242 Aristotele,
1511 1179 1697 1233 nescio
1734 1181 1864 1250 quid
1892 1181 2115 1236 dubium

551 1255 644 1312 illa
665 1257 856 1319 afferre
889 1271 1148 1330 Possem:
1179 1265 1253 1319 ait
1275 1283 1540 1337 namque:
1563 1268 1702 1324 Sunt
1730 1272 1834 1325 alia
1865 1274 2114 1342 unipara,

551 1350 656 1404 alia
691 1355 1003 1424 paucipara,
1049 1359 1155 1412 alia
1205 1361 1518 1431 multipara,
1546 1371 1600 1418 et
1636 1379 1828 1435 magna
1865 1381 1932 1420 ex
1967 1373 2118 1436 parte

552 1445 782 1515 unipara
837 1459 984 1516 sunt,
1034 1468 1156 1522 quae
1198 1454 1472 1524 solipeda;
1520 1457 1832 1527 paucipara,
1868 1475 1987 1529 quae
2034 1461 2119 1516 bi-

551 1536 738 1599 sulca;
771 1539 1079 1610 multipara,
1111 1559 1231 1613 quae
1259 1546 1545 1611 multiﬁda,
1592 1548 1687 1602 sed
1739 1549 1958 1619 elephas
1991 1567 2116 1606 sen-

549 1629 720 1682 tentia
750 1631 1034 1699 ipsiusmet
1061 1633 1370 1702 Aristotelis
1402 1639 1726 1694 multilidum
1758 1651 1872 1710 est;
1924 1652 1978 1697 et
2018 1644 2112 1698 lib.

2221 459 2270 503 et
2304 451 2656 524 Troglodytw,
2697 467 2752 509 ut
2785 453 2976 512 dictum
3017 470 3094 514 est
3123 478 3142 516 :
3183 462 3271 516 sed
3304 466 3541 519 tnaximos
3570 465 3710 530 India,

2222 542 2573 616 bellantesque
2625 566 2742 603 cum
2803 553 2867 606 iis
2913 567 3157 621 perpetua
3211 556 3466 611 discordia
3509 560 3713 618 draccna

2222 645 2382 691 tanta:
2419 641 2816 711 magnitudinis,
2865 655 2921 697 ut
2958 657 3006 700 et
3053 648 3194 715 ipsos
3247 649 3562 718 circumﬂexu
3603 654 3714 721 facili

2221 729 2475 795 ambiant,
2516 750 2748 802 nexuque
2773 737 2896 790 nodi
2921 741 3306 806 priestringant.
3339 739 3653 795 Commorimr
3671 763 3715 798 ea

2219 819 2512 888 dimicatio,
2552 827 2818 898 victusque
2848 846 3096 886 corruens
3125 831 3436 900 complexum
3463 835 3593 887 elidit
3616 852 3716 902 pon-

2219 914 2359 970 dere.
2409 915 2482 972 De
2511 917 2808 974 draconum
2837 931 2888 976 et
2919 925 3326 992 elephantorum
3357 943 3481 980 nece
3506 936 3552 980 et
3581 945 3718 998 pugna

2218 1010 2618 1081 elegantissime
2653 1013 2806 1069 Philo
2835 1017 2972 1084 Περὶ
3002 1019 3338 1086 ἀφθαρσίας
3379 1021 3604 1089 κόσμου.
3640 1021 3720 1075 Cu-

2213 1101 2304 1172 jus
2333 1104 2493 1158 verba
2513 1105 2598 1159 hic
2619 1104 3014 1178 non'gravabor
3034 1113 3300 1166 scribere:
3319 1112 3388 1164 Τὸ
3404 1115 3721 1184 παραπλήσιον

2221 1192 2402 1264 μέντοι
2448 1195 2541 1248 καὶ
2572 1199 2697 1259 τοὺς
2727 1199 2868 1252 κατὰ
2899 1199 2996 1271 τὴν
3046 1201 3270 1271 Ἰνδικὴν
3301 1201 3581 1272 ,δράκοντάς
3620 1222 3722 1273 φασι

2217 1283 2484 1353 πάσχειν,
2505 1286 2859 1356 Ἀνέρποντας
2884 1289 2993 1360 γάρ
3023 1291 3117 1343 ἐπὶ
3147 1291 3212 1343 τά
3235 1291 3456 1361 μέγιστα
3483 1293 3613 1357 ζώων
3639 1295 3725 1348 ιιι-

2217 1392 2441 1443 φαντας,
2477 1379 2603 1449 περὶ
2645 1379 2711 1433 τά
2736 1381 2878 1434 νῶτα
2905 1383 2997 1436 καὶ
3041 1383 3204 1451 νηδὺν
3246 1384 3455 1436 ἅπασαν
3481 1386 3720 1440 εἱλεῐσθαι·

2219 1467 2390 1539 φλέϐα
2420 1469 2463 1522 δ’
2491 1471 2557 1542 ῆν
2581 1472 2646 1525 ἂν
2671 1473 2806 1546 τύχῃ
2832 1473 3104 1539 διελόντας
3133 1477 3376 1546 ὲμπίνειν
3408 1477 3493 1529 τοῦ
3519 1480 3722 1548 αἷματπ,

2217 1560 2509 1632 ἀπλήστως
2545 1565 2956 1636 ὲπισπωμένους
3007 1567 3171 1638 βιαίῳ
3212 1569 3472 1639 πνεύματι
3515 1572 3595 1622 καὶ
3629 1589 3724 1623 σνν-

2223 1652 2362 1722 τόνῳ
2414 1654 2596 1725 ῥοίζῳ.
2635 1658 2808 1729 Μέχρι
2868 1659 2964 1729 μὲν
3023 1655 3117 1712 οὖν
3166 1678 3308 1724 τινος
3357 1661 3725 1732 ἐξαναλουμένης

550 1731 589 1771 ιι
635 1716 710 1772 De
753 1720 878 1776 hist.
923 1723 1108 1789 anim.,
1150 1740 1272 1796 cap.
1321 1727 1374 1792 l,
1407 1730 1618 1795 scribit,
1659 1730 2008 1803 Elepltantum
2035 1737 2108 1791 di-

2218 1745 2453 1810 ἐκείνους
2479 1747 2721 1819 ἀντέχειν
2745 1747 2834 1802 ὑπ”
2863 1752 3178 1822 ἀμηχανίας
3208 1753 3636 1823 άνασκιρτῶντας,
3656 1755 3725 1805 καὶ

549 1814 685 1883 gito:
722 1831 936 1870 numero
962 1819 1186 1888 quinque
1229 1820 1500 1885 indiuisus,
1552 1826 1828 1896 leviterque
1865 1830 2116 1885 discretos

549 1904 758 1969 habere,
789 1915 842 1961 et
873 1907 968 1964 lib.
998 1925 1036 1964 ιι
1067 1911 1144 1965 De
1165 1923 1305 1981 part.
1338 1916 1525 1980 anim.,
1555 1931 1674 1988 cap.
1720 1919 1808 1984 lli,
1856 1920 2118 1990 Elephano

549 2008 625 2055 tes
659 2015 760 2053 non
792 2001 1041 2067 bisulcas,
1074 2021 1176 2059 non
1201 2006 1399 2062 solidos
1429 2009 1580 2079 pedes
1609 2011 1818 2076 habent,
1855 2015 1945 2068 sed
1981 2015 2118 2086 digi-

550 2100 706 2148 tatos.
739 2092 970 2151 Necesse
995 2096 1179 2167 itaque
1207 2109 1312 2164 est,
1346 2116 1442 2156 eos
1473 2117 1579 2157 non
1610 2120 1779 2160 unum
1807 2105 1900 2160 sed
1936 2108 2116 2176 plures

550 2198 660 2239 uno
700 2186 829 2239 nixu
863 2203 1073 2257 pauere.
1117 2189 1253 2245 Nolo
1299 2191 1627 2250 hic-diutius
1657 2196 1955 2252 immorari.
1987 2197 2117 2252 Pete

547 2291 735 2332 eorum
768 2279 1092 2337 solutionem
1121 2299 1185 2338 ex
1215 2284 1444 2353 ipsomet
1478 2287 1766 2343 Aristotele
1803 2290 1922 2344 loco
1951 2291 2008 2345 d.
2039 2290 2115 2346 De

545 2383 719 2438 gener.
750 2373 915 2430 anim.
973 2373 1286 2444 Magnitudo
1311 2383 1365 2432 et
1394 2379 1566 2435 moles
1601 2382 1849 2451 corporis
1887 2382 1952 2436 ad
1985 2399 2113 2454 par»

544 2467 661 2514 tum
705 2464 982 2527 conducit,
1022 2483 1127 2522 non
1161 2471 1355 2538 pedum
1395 2472 1611 2528 diversa
1644 2490 1862 2544 genera,
1901 2485 1956 2530 et
1987 2486 2113 2532 nota

542 2553 708 2608 verba
755 2555 868 2618 illa,
906 2557 1105 2630 Magna
1151 2579 1217 2616 ea:
1251 2573 1434 2631 parte;
1485 2581 1593 2620 non
1645 2568 1790 2622 enim
1843 2571 2111 2625 sententia

544 2643 636 2698 illa
693 2649 986 2718 regulaque
1015 2667 1229 2724 semper
1268 2671 1417 2720 vera,
1450 2657 1553 2712 etsi
1584 2659 1909 2730 quandoque
1939 2676 2110 2732 oppo-

544 2734 732 2800 situm,
763 2740 846 2792 vel
882 2739 1138 2813 Scaliger,
1181 2746 1264 2799 vel
1296 2746 1436 2802 alius
1470 2749 1656 2803 nescio
1689 2750 1833 2819 quis,
1867 2751 2002 2805 vidit
2058 2761 2112 2806 et

542 2827 900 2886 observavit:
937 2833 1096 2890 habet
1152 2844 1333 2892 tamen
1393 2855 1551 2894 suum
1609 2841 1824 2911 pondus
1876 2853 1930 2898 et
1999 2845 2108 2900 vim

541 2920 886 2978 Aristotelica
920 2927 1082 2992 ratio,
1114 2943 1213 2983 nec
1241 2929 1362 2985 ideo
1401 2930 1596 2987 falsam
1643 2951 1766 2992 esse
1809 2936 2110 2992 constitue-

541 3031 687 3072 mus.
720 3015 924 3074 Omnes
955 3022 1098 3075 enim
1131 3037 1346 3095 semper
1372 3025 1648 3090 dixerunt,
1687 3029 1967 3085 mulierem
1996 3046 2106 3085 uno

543 3116 725 3180 partu,
761 3124 926 3164 unum
957 3119 1168 3167 tantum
1195 3130 1419 3184 parere;
1455 3118 1579 3188 quis
1608 3119 1662 3175 id
1691 3123 1948 3192 negabit?
1973 3124 2104 3178 vidi.

541 3213 664 3254 mus
689 3199 1045 3261 nihilominus
1077 3207 1374 3274 multoties,
1394 3223 1556 3264 unam
1582 3211 1769 3268 eodem
1803 3223 1957 3284 partu
1992 3217 2111 3286 plu-

541 3303 632 3346 res
666 3289 806 3348 lllios
853 3297 1128 3365 genuisse,
1177 3306 1232 3354 et
1265 3299 1370 3354 alia
1415 3301 1670 3356 animalia
1717 3305 1820 3359 etsi
1868 3306 2109 3376 solipeda

541 3388 694 3439 sunt.
727 3382 867 3450 Quid
919 3387 1081 3444 inde?
1106 3391 1251 3460 quod
1303 3391 1358 3447 in
1406 3401 1603 3448 natura
1633 3410 1758 3450 raro
1803 3398 2020 3464 accidit,
2052 3399 2107 3453 in

541 3488 672 3538 uno,
703 3477 786 3531 vel
809 3478 862 3533 in
889 3480 1238 3549 quibusdam,
1267 3499 1374 3538 non
1411 3485 1466 3539 in
1495 3486 1751 3542 omnibus
1777 3497 1830 3542 et
1860 3503 2104 3558 semper;

540 3565 948 3627 alﬁrmabimus.
977 3571 1287 3644 Gignuntur
1313 3576 1474 3631 etiam
1507 3579 1836 3650 quandoque
1863 3589 2106 3636 monstra

538 3665 594 3712 et
642 3659 910 3734 ἀλλοειδῆ,
966 3680 1075 3720 non
1129 3675 1308 3724 tamen
1360 3668 1414 3724 id
1472 3669 1553 3724 uti
1604 3672 1882 3743 proprium
1935 3673 2106 3728 ascri-

536 3751 750 3810 bemus.

607 3847 768 3912 lbid.,
803 3849 898 3905 lin.
933 3850 1024 3906 45.
1059 3851 1242 3906 Ὅταν
1274 3852 1326 3906 δ’
1354 3855 1418 3922 ἐς
1456 3855 1701 3924 βόθρον.
1741 3854 1969 3920 Plinius,
2007 3857 2100 3911 lib.

536 3953 656 4003 vm,
686 3954 805 4010 cap.
843 3941 896 4004 8,
937 3941 1124 4011 Africa
1169 3944 1330 4013 foveis
1376 3947 1539 4014 capit,
1569 3948 1622 3999 in
1664 3963 1796 4019 quas
1835 3948 2104 4002 deerrante

537 4032 714 4102 aliquo
737 4035 977 4101 protinus
1005 4036 1181 4089 cazteri
1215 4047 1496 4107 congerunt
1523 4055 1722 4104 ramos,
1750 4039 1910 4093 moles
1930 4039 2102 4093 devol-

535 4134 685 4191 vunt,
725 4142 938 4195 aggeres
959 4137 1290 4194 construunt,
1311 4130 1551 4200 omnique
1572 4131 1621 4185 vi
1643 4141 1902 4185 conantur
1924 4141 2101 4186 extra.-

535 4218 675 4273 here.
752 4219 902 4274 Alias
955 4219 1207 4290 capiendi
1267 4220 1634 4292 domandique
1682 4225 1922 4278 rationes
1979 4223 2102 4278 vide

537 4310 678 4381 apud
708 4312 954 4368 eumdem
1006 4312 1228 4376 ibidem,
1265 4323 1317 4369 et
1349 4313 1694 4380 Strabonem,
1728 4315 1820 4371 lib.
1865 4333 1952 4370 xv.
1991 4316 2100 4372 Nec

2213 1841 2278 1909 τῇ
2337 1841 2643 1912 προνομαίᾳ
2674 1841 2770 1912 τὴν
2805 1842 3046 1915 πλευράν
3089 1843 3404 1906 τύπτοντας,
3440 1844 3507 1907 ὡς
3552 1844 3723 1905 x1013.-

2219 1930 2412 2000 μένους
2456 1930 2564 1982 τῶν
2609 1931 2946 2000 δρακόντων·
2991 1928 3134 1997 εἶτα,
3193 1934 3278 1986 ἀεὶ
3319 1933 3615 2002 κενουμένου
3656 1931 3723 1984 τοῦ

2214 2020 2466 2086 ζωτικοῦ,
2511 2023 2685 2094 πηδᾷν
2728 2025 2822 2094 μὲν
2873 2025 3072 2094 μηκέτι
3111 2024 3387 2088 δύνασθαι,
3425 2023 3723 2093 κραδαινομὲ·

2213 2133 2335 2180 νους
2361 2116 2404 2169 δ’
2439 2117 2678 2172 ἑστάναι.
2715 2119 2921 2191 Μικρὸν
2949 2119 2991 2171 δ’
3023 2119 3254 2190 ὕστερον
3299 2118 3390 2170 καὶ
3436 2116 3534 2168 τῶν
3564 2114 3724 2168 σκελῶν

2213 2205 2699 2277 ἐξασθενησάντων,
2735 2209 3194 2271 κατασεισθέντας
3224 2207 3530 2278 ἀποψύχειν.
3573 2207 3726 2258 Πεσόν-

2210 2316 2308 2361 τας
2343 2298 2398 2351 δὲ
2425 2301 2550 2364 τοὺς
2580 2301 2780 2365 αίτίους
2817 2301 2907 2356 τοῦ
2959 2303 3194 2358 θανάτου
3243 2300 3606 2354 συναπολλύναι
3634 2300 3708 2370 τρό

2212 2409 2297 2462 πῳ
2329 2391 2535 2463 τοιῷδε.
2581 2393 2786 2464 Μηκέτ’
2816 2393 3030 2464 ἔχοντες
3055 2393 3265 2464 τροφὴν
3291 2392 3339 2445 οἱ
3379 2391 3655 2462 δράκοντες,
3680 2389 3722 2442 ὂν

2212 2483 2532 2554 περιέθεσαν
2562 2483 2757 2554 δεσμὸν
2786 2485 3156 2556 ἐπιχειροῦσιν
3187 2484 3416 2545 ἐκλύειν,
3461 2483 3725 2552 ἀπαλλαγὴν

2209 2575 2306 2647 ήδη
2337 2575 2644 2640 ποθοῦντες.
2688 2577 2820 2629 ’Υπδ
2864 2576 2920 2629 δὲ
2970 2577 3064 2631 τοῦ
3109 2576 3307 2650 βάρους
3343 2576 3446 2630 τῶν
3474 2575 3723 2644 ἐλεφάντων

2210 2665 2512 2740 θλιϐόμενοι
2551 2669 2847 2733 πιέζονται,
2885 2671 2978 2722 καὶ
3012 2669 3155 2724 πολὺ
3190 2668 3383 2740 μᾶλλον
3409 2666 3601 2721 ἐπειδὰν
3618 2665 3724 2734 τύχῃ

2209 2743 2479 2832 στέριφος,
2524 2762 2616 2814 καὶ
2641 2760 2860 2823 λιθῶδες
2891 2760 3111 2830 ἔδαφος.
3149 2757 3516 2829 Ἰλυσπώμενοι
3541 2757 3631 2826 γάρ
3653 2756 3722 2808 καὶ

2209 2855 2384 2908 πάντα
2430 2853 2706 2917 ποιοῦντες
2738 2855 2817 2916 εἰς
2849 2852 3094 2908 διάλυσιν
3134 2853 3239 2906 ὑπὸ
3266 2855 3361 2924 τῆς
3397 2851 3482 2906 τοῦ
3518 2851 3722 2909 πεσόντος

2210 2946 2330 3018 βίας
2376 2945 2694 3018 πεδηθέντες
2738 2947 2961 3010 ἑαυτοὺς
3005 2946 3361 3018 πολυτρόπως
3392 2947 3445 2996 ἐν
3471 2943 3720 3014 ἀμηχάνοις

2209 3040 2302 3092 καὶ
2325 3039 2546 3109 ἀπόροις
2565 3040 2933 3109 γυμνάσαντες
2951 3039 3322 3106 ἐξασθενοῦσι,
3340 3037 3568 3106 καθάπερ
3588 3036 3629 3086 οἱ
3644 3050 3717 3086 κα-

2209 3130 2610 3195 ταλευσθέντες,
2637 3133 2686 3184 οἳ
2709 3131 2916 3201 τείχους
2942 3131 3212 3200 αἰφνίδιον
3247 3128 3600 3198 ὐπενεχθέντος
3621 3141 3719 3195 προ-

2209 3223 2664 3294 καταληφθέντες,
2689 3225 2748 3277 οὐ
2784 3224 2828 3278 δ’
2853 3225 2973 3277 ὅσον
3001 3224 3279 3292 ἀνακύψαι
3303 3223 3566 3292 δυνάμενοι
3590 3218 3715 3284 πνιγῇ

2205 3315 2545 3368 τελευτῶσιν.
2582 3316 2754 3370 Aliam
2795 3315 2956 3384 hujus
3000 3332 3198 3386 pugna:
3250 3315 3499 3368 rationem
3531 3309 3716 3379 explicat

2208 3407 2480 3470 Elianus,
2507 3408 2601 3463 lib.
2647 3425 2721 3470 vt,
2750 3424 2870 3478 cap.
2909 3407 2998 3472 21,
3033 3423 3199 3478 quem
3232 3407 3371 3461 vide.
3417 3404 3652 3474 Attingam
3675 3409 3716 3452 et

2207 3500 2295 3554 hic
2341 3499 2601 3553 nonnulla
2631 3499 2696 3554 de
2742 3499 3029 3569 elephanto
3079 3515 3235 3554 more
3282 3513 3420 3560 meo,
3456 3495 3655 3549 breviter
3674 3499 3714 3544 et

2206 3590 2504 3656 succincte,
2537 3591 2590 3644 in
2629 3590 2828 3660 quibus
2857 3591 3168 3661 gravissimi
3211 3598 3458 3645 auctores
3506 3603 3596 3640 non
3615 3598 3714 3637 cnn-

2204 3683 2450 3739 veniunt.
2497 3683 2731 3744 Plinius,
2761 3683 2852 3736 lib.
2885 3697 3003 3748 vm,
3033 3697 3159 3751 cap.
3201 3681 3287 3747 10,
3327 3679 3614 3749 elephantos
3658 3673 3712 3725 ait

2195 3775 2516 3827 animalium
2541 3773 2774 3826 maxime
2799 3771 2980 3826 odisse
3005 3787 3240 3835 murem,
3260 3773 3333 3824 ita
3352 3780 3407 3823 ut
3434 3768 3651 3840 pabulum
3672 3765 3710 3814 in

2204 3865 2466 3935 praesepio
2485 3865 2717 3934 positum
2745 3863 3004 3928 fastidiat,
3030 3864 3075 3918 si
3101 3878 3130 3915 a
3157 3877 3310 3916 mure
3334 3868 3712 3922 tactumcouipe

2203 3957 2355 4010 rerit.
2377 3954 2625 4011 Elianus
2644 3954 2717 4009 De
2745 3955 2931 4009 histor.
2965 3955 3216 4016 animal.,
3249 3955 3341 4008 lib.
3367 3969 3456 4014 vn,
3489 3943 3706 4018 capit.3l.

2201 4057 2255 4104 et
2278 4049 2373 4104 lib.
2411 4064 2520 4112 xvi,
2551 4062 2669 4117 cap.
2700 4046 2787 4110 36,
2822 4063 2972 4102 suem
2999 4062 3103 4101 nun
3146 4061 3356 4099 murem
3397 4043 3579 4102 odisse,
3605 4036 3708 4091 scri-

2201 4144 2300 4198 bit.
2340 4139 2407 4194 Et
2434 4139 2779 4204 Plutarchus,
2814 4139 3051 4202 Εἰκότως
3097 4137 3155 4192 δὲ
3190 4139 3284 4192 καὶ
3311 4136 3386 4208 τῷ
3410 4135 3564 4188 λέοντι
3606 4127 3705 4199 spis

2200 4235 2289 4289 τὸν
2330 4233 2676 4306 ἀλεκτρυόνα,
2725 4234 2816 4286 καὶ
2841 4231 2917 4303 τῷ
2955 4231 3207 4300 ἐλέφαντι
3235 4233 3366 4303 πρὸς
3390 4230 3473 4282 τὸν
3502 4221 3557 4279 ὗν
3589 4227 3703 4295 μῖσος

2203 4324 2417 4395 ἰσχυρὸν
2441 4321 2815 4393 γεγενηκέναι,
2847 4322 2940 4374 καὶ
2973 4322 3060 4374 τὸν
3092 4321 3280 4390 φόϐον.
3313 4318 3584 4390 Gregorius
3609 4318 3704 4368 item

536 4404 886 4459 invenustum
915 4417 1017 4468 est,
1057 4420 1158 4459 nec
1196 4406 1264 4460 ab
1297 4407 1512 4476 ingenio
1541 4408 1946 4477 elephantorum
1969 4408 2099 4464 alie-
2129 4427 2173 4482 ι)
2199 4417 2433 4482 Pisidas,
2474 4414 2552 4470 De
2600 4414 2780 4469 mundi
2811 4415 3038 4484 opiﬁcio,

535 4512 690 4560 num,
710 4497 854 4567 quod
881 4507 1069 4552 narrat
1098 4498 1350 4555 Elianus
1381 4500 1448 4555 de
1477 4501 1580 4561 his,
1603 4501 1696 4556 lib.
1727 4517 1819 4555 vm
1867 4500 1944 4556 De
1970 4502 2094 4558 hist.

478 4584 487 4594 '
535 4588 724 4654 anim.,
757 4603 878 4658 cap.
912 4591 998 4656 15,
1034 4592 1162 4646 dum
1205 4591 1382 4648 fossas
1411 4594 1689 4648 transilire
1718 4610 1824 4649 non
1871 4604 2096 4666 queunt.

536 4679 702 4733 Ὅταν
732 4681 1031 4752 ὑπερϐῆναι
1068 4685 1272 4754 τάφρον
1296 4685 1346 4736 οἱ
1387 4684 1674 4754 ἐλέφαντες
1704 4685 1778 4757 μὴ
1816 4685 2096 4752 δύνωνται,

531 4765 612 4835 εἷς
649 4775 678 4829 ό
718 4773 972 4842 μέγιστος
1018 4775 1206 4828 ἐαυτὸν
1236 4775 1514 4846 ἐμϐάλλει,
1547 4778 1641 4830 καὶ
1673 4777 1901 4846 πλάγιος
1949 4778 2100 4831 ἵστα-

528 4882 640 4930 ται,
678 4869 770 4920 καὶ
793 4870 1022 4938 γεφυροῖ
1051 4868 1112 4921 τὸ
1144 4869 1317 4933 κενὸν,
1359 4854 1452 4924 καὶ
1492 4871 1611 4925 κατ’
1639 4869 1802 4926 αὐτοῦ
1831 4870 2100 4940 βαίνοντες

528 4959 608 5022 εἰς
645 4957 705 5011 τὸ
735 4959 1032 5030 ἀντιπέραν
1065 4963 1197 5026 ίασι,
1228 4964 1322 5016 καὶ
1348 4962 1800 5035 ἀποδιδράσκουσι
1838 4963 2098 5034 πρότερον

530 5047 714 5118 μέντοι
769 5051 974 5104 ἐκεῖνον
1015 5052 1410 5116 ἀνασώσαντες.
1472 5052 1529 5106 '0
1577 5051 1634 5105 δὲ
1677 5055 1776 5124 τῆς
1828 5053 2097 5123 σωτηρίας

525 5139 728 5210 τρόπος
751 5136 903 5207 οὗτός
929 5145 1094 5198 ἐστιν.
1137 5145 1373 5198 Ἀνωθέν
1405 5161 1489 5208 τις
1516 5143 1606 5197 τὸν
1636 5144 1769 5198 πόδα
1806 5144 2093 5216 προτείνει,

526 5233 620 5286 καὶ
654 5233 848 5306 ἐκείνῳ
877 5235 1106 5306 παρέχει
1135 5238 1235 5308 τὴν
1267 5239 1598 5310 προϐοσκίδα
1643 5237 1980 5310 περιπλέξαι.
2033 5240 2094 5292 υἱ

524 5324 583 5377 δὲ
625 5325 775 5380 ἄλλοι
823 5329 1073 5400 φρύγανα
1108 5330 1464 5402 ἐμϐάλλουσιν
1493 5332 1552 5398 ἐξ
1593 5330 1722 5402 ὕλης
1766 5331 1990 5394 ἕκαστα,
2022 5326 2096 5387 ὧν

527 5416 823 5473 ἐπιϐαίνων
855 5421 1137 5493 εἰλημένος
1165 5425 1289 5486 τοὺς
1320 5423 1502 5491 πόδας,
1542 5425 1684 5498 μάλα
1715 5427 1995 5498 ἐγκρατῶς
2036 5445 2095 5482 τε

527 5510 620 5564 καὶ
653 5510 895 5578 εὐλαϐῶς
927 5516 1236 5570 ἀνασπᾶται
1271 5519 1463 5588 ῥᾷστα.

601 5599 760 5665 lbid.,
803 5605 896 5659 lin.
936 5605 1024 5658 47.
1067 5606 1122 5658 '0
1169 5606 1239 5659 δὲ
1279 5606 1516 5674 δράκων
1558 5611 1590 5662 ὀ
1646 5609 1815 5663 κατά.
1864 5610 2093 5673 Plinius,

529 5697 624 5753 lib.
658 5711 774 5763 vut,
802 5697 966 5767 capit.
996 5697 1082 5763 li,
1111 5697 1423 5770 Elephantes
1454 5702 1558 5770 fert
1578 5703 1780 5769 Africa,
1814 5703 1955 5758 ultra
1972 5704 2095 5768 Sur-

2305 4531 2412 4584 Kal
2442 4529 2559 4585 τῶν
2591 4529 2933 4600 ἐλεφάντων
2955 4528 3283 4600 ἐκφρϐοὗσι
3314 4527 3378 4581 τὸ
3407 4522 3596 4600 ξρᾴτος

2308 4601 2384 4656 Τὰ
2405 4601 2580 4671 μικρὰ
2610 4593 2995 4671 γρίνλλίζοντα
3022 4593 3138 4652 τῶν
3164 4600 3380 4668 χοίρων
3395 4593 3592 4662 βρέφη.

2198 4694 2426 4761 Quidam
2449 4693 2680 4748 Plinium
2705 4693 2988 4764 deceptum
3013 4691 3182 4746 fuisse
3207 4691 3458 4745 allinitate
3478 4696 3638 4741 vocum
3655 4671 3701 4738 ὗς

2197 4793 2251 4840 et
2291 4784 2392 4857 μῦς
2426 4792 2756 4840 asseverant.
2788 4782 3053 4839 Caeterum
3085 4784 3318 4847 Plinius,
3351 4782 3450 4836 sub
3489 4780 3578 4832 line
3605 4787 3695 4842 call-

2197 4878 2250 4941 9,
2286 4876 2506 4932 eosdem
2555 4877 2778 4931 minimo
2805 4877 2921 4932 suis
2957 4875 3176 4931 stridori
3209 4874 3404 4929 terreri
3436 4871 3588 4934 dixit;
3616 4865 3697 4918 llo-

2197 4986 2314 5033 rus,
2344 4970 2435 5024 lib.
2471 4985 2531 5035 ιι,
2559 4985 2680 5039 cap.
2710 4969 2780 5024 85
2801 4977 2853 5022 et
2876 4968 2964 5033 86,
2989 4969 3210 5022 arietem
3243 4975 3296 5020 et
3320 4980 3463 5020 suem
3493 4963 3693 5018 horrere;

2197 5061 2482 5115 conﬁrmat
2511 5059 2780 5123 Elianus,
2832 5061 2926 5114 lib.
2961 5078 2976 5116 ι
3018 5059 3090 5114 De
3131 5059 3251 5113 hist.
3292 5059 3429 5112 anim
3457 5097 3471 5122 ,
3499 5067 3600 5122 cap.
3625 5046 3691 5101 58.

2199 5155 2393 5225 Sicque
2423 5153 2695 5211 Romanos
2722 5155 2918 5226 Pyrrhi
2949 5153 3289 5224 Epirotarum
3320 5153 3456 5223 regis
3488 5148 3695 5217 elephan-

2197 5257 2280 5302 tos
2314 5248 2370 5302 in
2417 5246 2596 5318 fugam
2632 5248 2880 5310 vertisse,
2917 5255 2970 5301 et
3004 5247 3285 5300 victoriam
3329 5244 3575 5302 retuliSSe,
3601 5235 3692 5306 Ὀῥο

2197 5340 2355 5412 ῥωδεῖ
2402 5342 2430 5393 ὁ
2478 5338 2673 5408 ἐλέφας
2721 5339 2991 5411 κεράστην
3026 5338 3196 5410 κριὸν,
3237 5337 3331 5391 καὶ
3377 5325 3688 5425 χοίρου

2195 5431 2348 5486 Οὕτω
2375 5433 2576 5494 τοίνυν,
2606 5434 2756 5500 φασὶ,
2797 5433 2890 5485 nul.
2905 5433 3156 5502 Ῥωμαῖοι
3184 5432 3307 5494 τοὺς
3336 5431 3426 5482 σὺν
3449 5423 3689 5495 Πύῤῥῳττξ)

2205 5522 2514 5596 Ἠπειρώτῃ
2535 5523 2825 5594 ἐτρέψαντο
2839 5522 3128 5591 ἐλέφαντας
3146 5539 3160 5552 ·
3193 5523 3282 5575 καὶ
3306 5522 3337 5591 ή
3365 5517 3476 5587 νίκη
3504 5515 3584 5565 σὺν
3603 5507 3688 5566 τοῖς

2205 5613 2496 5686 Ῥωμαίοις
2515 5614 2777 5686 λαμπρῶς
2805 5615 3035 5684 ἐγένετο.
3073 5615 3216 5670 Idem
3244 5613 3459 5674 Plinius,
3491 5608 3569 5660 lib.
3592 5614 3685 5654 vm.

2197 5721 2316 5764 can.
2354 5705 2406 5766 5.
2449 5703 2651 5760 Pudore
2687 5720 2949 5763 nunquam
2983 5703 3085 5758 nisi
3110 5704 3164 5757 in
3197 5701 3367 5756 abdito
3393 5702 3572 5757 coeunt,
3594 5702 3684 5742 mat
