3952 6204
261 249 370 307 ως

1256 229 1321 286 ΙΝ
1368 220 1742 284 EUSTATllll
1780 207 2252 274 BEXAEMEBON
2293 203 2524 261 NOTAE.

3379 186 3483 238 9330

256 368 629 438 quinquennis,
672 359 867 429 {mina
903 355 1163 410 decennis.
1212 350 1532 409 Aristoteles
1557 389 1572 413 ,
1620 345 1716 399 lib.
1760 357 1848 402 νι,

1954 335 2050 416 pio);
2068 330 2249 403 φιλίαν
2268 322 2612 400 μνημονικόν.
2636 314 2980 376 Aristoteles,
3003 310 3077 364 De
3092 308 3276 362 histor.
3293 306 3480 367 anim.,

1959 427 1971 438 -
2154 436 2193 438 -ρ
2228 437 2235 438 κ
2293 417 2362 438 cm
2424 411 2815 438 0-1--:.-:........
2856 403 3082 438 ...ω-ὅπη,
3128 409 3233 438 tum
3268 395 3480 438 l'mnina.

258 435 341 514 ᾖε
373 435 561 511 histor.
586 454 772 514 anim.,
805 465 921 518 cap.
954 449 1046 511 27,
1103 446 1320 501 nonnisi
1353 442 1611 498 vicesimo
1642 435 1817 493 aetatis

261 564 410 604 anno
439 546 588 602 coire
631 543 813 599 tradit.
850 539 1191 609 Elephantus,
1243 544 1350 589 tam
1387 549 1498 586 mas
1538 545 1694 601 quam
1737 526 1817 596 fe—

265 642 436 704 mina,
461 638 642 706 incipit
670 637 810 692 coire
831 650 968 686 anno
996 630 1168 684 celatis
1186 627 1444 682 vicesimo.
1477 622 1671 677 Mirum
1689 632 1820 674 sane

263 745 501 802 quanam
534 729 745 782 ratione
770 724 986 795 quidam
1011 721 1064 775 in
1096 719 1150 773 d.
1183 719 1360 772 locum
1390 713 1552 766 Plinii
1587 726 1652 766 ex
1695 707 1820 760 Ari-

267 797 461 880 stotele
476 819 822 879 adnotarunt,
847 830 969 870 eum
997 811 1228 874 tradere,
1263 806 1560 875 elephantos
1589 819 1691 856 non
1719 797 1834 852 nisi'

259 924 385 984 post
420 913 714 968 vicesimum
766 922 961 962 annuat
1003 906 1164 964 coire,
1214 908 1305 953 aut
1349 898 1574 968 gignere.
1613 891 1822 946 Plinius

262 981 337 1062 de
363 1017 550 1058 eorum
583 997 940 1070 appellatione
972 994 1025 1046 in
1053 991 1225 1052 ltalia,
1253 1002 1374 1056 cap.
1419 985 1472 1047 6,
1506 981 1823 1050 Elephantos

262 1097 437 1152 Italia
464 1069 689 1164 primum
718 1090 844 1143 vidit
876 1085 1069 1156 Pyrrhi
1109 1082 1242 1152 regis
1273 1079 1427 1140 bello,
1451 1087 1497 1130 et
1545 1073 1691 1127 boves
1722 1069 1827 1124 Lu-

265 1202 362 1238 cas
403 1160 698 1251 appellarit,
728 1179 782 1232 in
822 1175 1046 1230 Lucanis
1077 1174 1211 1228 uisos
1241 1185 1379 1224 anno
1405 1165 1547 1220 urbis
1575 1160 1827 1234 quadrin-

263 1277 550 1348 gentesimo
587 1270 958 1340 septuagesimo
989 1265 1232 1322 secundo.
1268 1261 1402 1315 Hinc
1431 1265 1484 1313 et
1531 1257 1677 1310 boves
1722 1251 1828 1305 Lu-

266 1344 394 1421 cani
429 1372 691 1420 vocantur
739 1364 804 1414 ab
832 1357 1061 1420 Isidoro,
1098 1357 1194 1410 lib.
1225 1369 1286 1416 ιι,
1318 1349 1482 1421 capit.
1514 1347 1583 1412 2;
1633 1344 1827 1406 Varro,

266 1461 371 1517 lib.
400 1475 473 1523 vr,
503 1458 578 1512 De
605 1458 783 1526 lingua
817 1452 1030 1515 Latina,
1070 1463 1170 1504 nec
1198 1463 1229 1501 a
1275 1445 1463 1516 Libya,
1507 1455 1607 1495 nec
1643 1454 1673 1492 a
1717 1435 1829 1489 Lu-

267 1554 434 1609 cania
468 1551 648 1606 dictos
683 1557 858 1618 putat,
890 1543 982 1600 sed
1015 1559 1043 1597 a
1090 1542 1224 1604 luce,
1256 1537 1401 1608 quod
1429 1537 1588 1604 longe
1621 1531 1834 1585 reluce-

266 1649 406 1703 bant
439 1653 656 1716 propter
683 1643 964 1696 inauratos
1003 1636 1182 1706 regios
1222 1633 1465 1703 clypeos,
1493 1626 1690 1699 quibus
1719 1631 1832 1676 tur-

229 1783 240 1793 .
269 1755 365 1794 res
395 1752 581 1792 eorum
612 1741 815 1786 ornatae
843 1731 1077 1785 fuerunt.
1108 1729 1270 1780 Arma
1295 1734 1505 1782 eorum,
1540 1724 1601 1770 ut
1626 1730 1690 1770 ex
1720 1711 1804 1766 Pli

270 1833 390 1894 nio,
423 1843 543 1897 cap.
595 1827 649 1887 ὅ,
694 1825 976 1885 habemus,
1008 1817 1144 1873 iuba
1179 1833 1272 1872 rex
1304 1827 1498 1868 cornua
1519 1805 1824 1878 appellavit.

270 1918 453 1972 Varro
509 1928 746 1984 quoque,
782 1911 879 1965 lib.
926 1925 980 1964 v1
1023 1907 1098 1961 De
1127 1907 1304 1976 lingua
1348 1903 1560 1969 Latina,
1593 1904 1682 1957 illa
1710 1914 1831 1956 csse

269 2023 482 2065 cornua
533 2013 708 2076 putat,
778 2012 832 2058 et
873 2000 1193 2062 Pausanias,
1247 1997 1340 2052 lib.
1387 2013 1440 2056 ν.
1484 2005 1537 2051 et
1583 1995 1831 2050 [Elianus

270 2101 404 2155 libr.
435 2115 523 2152 ιιιν
557 2095 626 2150 De
659 2095 845 2149 histor.
884 2093 1070 2154 anim.,
1102 2089 1267 2159 capit.
1312 2104 1366 2148 ν,
1392 2093 1446 2141 et
1482 2086 1575 2141 lib.
1608 2101 1682 2150 Iv,
1709 2099 1829 2153 cap.

270 2192 375 2258 31;
407 2198 459 2246 et
503 2187 798 2259 Oppianus,
830 2185 953 2240 libr.
992 2199 1029 2238 ll
1059 2185 1304 2249 Κυνηγ.,
1332 2176 1677 2248 reprehendit
1716 2177 1836 2230 vul-

275 2300 461 2356 garem
506 2281 818 2351 opinionem
866 2278 933 2332 de
977 2275 1135 2330 dente
1182 2269 1488 2342 elephanti,
1538 2277 1592 2323 et
1643 2268 1836 2340 probat

274 2375 494 2430 duobus
517 2369 872 2442 argumentis,
900 2375 1012 2420 tum
1035 2362 1179 2434 quod
1208 2380 1238 2417 e
1267 2361 1443 2430 capite
1471 2359 1698 2422 oriatur,
1725 2357 1837 2413 sive

277 2482 353 2522 ex
399 2464 607 2526 cranio,
655 2459 799 2531 quod
852 2472 1057 2513 cornua
1113 2454 1414 2525 proprium‘
1453 2452 1681 2514 habent;
1724 2458 1836 2503 tum

275 2554 430 2628 quod
456 2571 515 2610 se
545 2553 876 2625 poliendum,
904 2547 1219 2609 secandum,
1249 2543 1571 2615 tingendum,
1602 2542 1840 2595 formau-

277 2650 524 2716 dnmque
573 2645 828 2714 praebeat,
872 2639 1014 2710 quod
1061 2652 1326 2706 nusquam
1375 2634 1564 2688 dentes
1614 2631 1835 2685 faciunt.

285 2737 487 2792 Dentes
517 2742 696 2788 tamen
729 2747 850 2786 esse
887 2771 901 2794 ,
942 2737 995 2784 et
1042 2744 1148 2781 nou
1179 2739 1382 2780 cornua
1411 2730 1633 2776 tuentur
1671 2719 1841 2774 Hero-

282 2829 486 2893 dotus;
516 2825 853 2886 Aristoteles,
885 2821 980 2875 lib.
1017 2834 1074 2873 ιιι
1109 2819 1179 2871 De
1210 2814 1401 2886 partib.
1447 2812 1689 2877 animal.,
1719 2825 1839 2879 cap.

281 2917 344 2978 2,
392 2924 447 2970 et
491 2916 613 2970 libr.
647 2931 686 2968 ιι
737 2913 940 2966 Histor.
984 2908 1223 2972 animal.,
1275 2921 1398 2976 cap.
1447 2905 1508 2971 5;
1556 2901 1842 2973 Dionysius

283 3007 445 3069 Afer,
473 3004 864 3075 ’Heptmnjaet.
888 3003 1116 3063 Plinius,
1147 3000 1266 3052 libr.
1301 3013 1418 3061 vni,
1447 3011 1566 3065 cap.
1598 2993 1842 3060 '5;Clau-

285 3099 509 3162 dianus,
538 3097 630 3151 lib.
665 3113 722 3150 ιιι
768 3094 840 3149 De
879 3092 1121 3148 laudibus
1152 3075 1458 3152 Stiliconis;
1489 3086 1688 3150 llorus,
1723 3085 1846 3138 libr.

288 3197 358 3248 ιι,
387 3199 506 3254 cap.
544 3183 631 3236 88.
665 3183 817 3236 Hanc
845 3180 1166 3236 sententiam
1193 3178 1380 3231 multis
1403 3175 1700 3230 rationibus
1732 3188 1858 3227 con-

289 3275 476 3330 firmat
501 3275 882 3336 Philostratus,
915 3272 1036 3326 libr.
1064 3286 1102 3324 ιι
1135 3268 1210 3338 De
1247 3267 1368 3321 Vita
1396 3267 1680 3336 Apollonii.
1712 3257 1857 3318 Pau-

288 3370 466 3425 sania:
502 3374 818 3438 argumenta
863 3381 961 3435 pro
1012 3364 1188 3434 prima
1237 3361 1506 3417 sententia
1550 3373 1712 3429 quam
1750 3359 1860 3412 sint

291 3459 515 3516 inﬁrma
567 3461 725 3516 docet
777 3457 1015 3513 Joannes
1071 3455 1333 3511 Bodinus.
1389 3451 1700 3516 Juvenalis,
1760 3448 1860 3504 Sa-

293 3566 404 3626 tyr.
442 3553 536 3608 ll:

407 3642 659 3697 Dentibus
687 3657 750 3696 ea:
771 3641 878 3694 illis
907 3656 1034 3708 quos
1063 3637 1224 3708 mittit
1257 3651 1414 3708 porca
1440 3650 1638 3708 syenes,

415 3714 478 3767 Et
514 3713 692 3766 Mauri
719 3702 930 3776 celeres,
960 3721 1019 3764 et.
1046 3702 1540 3762 Hauro'obscurior
1570 3702 1756 3770 Indus,

411 3784 480 3837 Et
503 3800 628 3853 quos
655 3782 888 3851 deposuit
920 3779 1192 3853 Nubat/reo
1223 3777 1396 3831 bellua
1423 3776 1586 3839 saltu,

409 3851 536 3907 lani
569 3854 780 3914 nimios,
815 3851 1071 3920 capitique
1104 3865 1306 3919 graves.

303 3966 372 4021 Et
401 3965 617 4020 tandem
639 3975 696 4019 ut
713 3964 798 4018 his
820 3961 1210 4017 controversiis
1233 3957 1557 4015 enarrandis
1584 3955 1745 4010 linem
1771 3953 1869 4008 im-

307 4072 530 4129 ponam,
547 4054 832 4110 Cardanus
863 4061 1022 4122 negat
1044 4052 1210 4106 ullum
1231 4049 1428 4104 animal
1450 4048 1640 4104 tandiu
1665 4047 1865 4110 vivere,

307 4151 450 4205 duce
483 4159 538 4203 et
585 4147 844 4216 magistro
873 4144 1183 4207 Aristotele,
1213 4141 1306 4212 qui
1336 4141 1431 4194 lib.
1483 4139 1556 4193 De
1608 4138 1792 4208 longit.
1819 4145 1868 4190 et

311 4241 565 4295 brevitate
625 4241 746 4292 vita:
812 4238 886 4291 ait
953 4235 1267 4289 animalium
1338 4232 1682 4302 elephantum
1750 4244 1871 4284 eSse

308 4344 365 4389 et
395 4332 726 4403 longissimae
771 4331 894 4384 vita
927 4349 939 4383 :
977 4336 1031 4383 et
1062 4326 1211 4381 varie
1241 4339 1458 4380 causam
1517 4320 1869 4392 longitudinis

1917 395 2015 485 lib:
2033 395 2116 486 ivi,
2141 395 2392 490 capJQQ,
2418 411 2816 468 Salacissimum
2855 403 3106 465 omnium,
3128 409 3233 451 tum
3265 395 3486 465 femina-

1917 533 2034 569 rum
2055 523 2164 568 tum
2196 511 2444 567 marium,
2470 519 2628 574 equus
2645 510 2742 563 est,
2763 498 2968 551 homine
2993 500 3221 557 excepto,
3245 497 3298 543 et
3317 499 3486 556 equas

1918 607 2142 663 libidine
2195 601 2429 658 maxime
2476 592 2690 652 incendi
2727 599 2916 644 auctor
2960 592 3045 641 est
3070 582 3342 642 Albanus,
3386 577 3482 634 lib.

1919 716 1972 754 Iv
2001 699 2075 752 De
2110 697 2297 750 histor.
2333 687 2580 751 animal.,
2612 700 2734 754 cap.
2780 681 2881 746 ll;
2937 692 3105 747 quare
3141 682 3190 729 et
3233 671 3490 725 mulieres

1921 790 2243 846 libidinosas
2273 785 2340 838 ab
2366 783 2445 837 eis
2475 781 2566 851 qui
2604 774 2910 833 convicium
2941 769 3118 823 facere
3144 764 3365 819 student
3393 775 3491 814 vo-

1921 881 2034 934 cari
2072 877 2246 933 solere
2287 888 2468 942 equas.
2527 867 2708 929 Μόνας
2749 862 2931 917 ἀκούω
2960 859 3064 912 τῶν
3098 855 3248 920 ζώων
3278 853 3375 916 τὰς
3401 851 3491 904 ἴπ-

1926 986 2059 1032 πους
2091 967 2186 1020 καὶ
2220 961 2454 1023 κυούσας
2480 956 2769 1028 ὑπομένειν
2793 954 2892 1024 τὴν
2915 950 3023 1004 τῶν
3056 947 3298 1019 ἀρρένων
3325 942 3486 1014 μίξιν.

1925 1056 2076 1113 Εἶναι
2105 1056 2211 1127 γὰρ
2233 1050 2590 1122 λαγνιστάτας
2613 1064 2626 1076 ο
2649 1045 2735 1098 διὰ
2761 1041 2934 1096 ταῦτά
2960 1056 3038 1092 τοι
3066 1037 3155 1089 καὶ
3179 1036 3284 1087 τῶν
3311 1046 3494 1100 γυναι-

1927 1151 2036 1206 κῶν
2061 1148 2159 1212 τὰς
2188 1146 2535 1205 ἀκολάστους,
2565 1137 2670 1192 ὑπὸ
2705 1137 2810 1190 τῶν
2853 1151 2908 1186 σε
2919 1130 3186 1204 μνοτέρως
3213 1125 3378 1188 αὑτάς
3399 1123 3490 1177 εὐ-

1928 1240 2188 1296 θυνόντων
2228 1232 2506 1289 καλεῖσθαι
2553 1231 2766 1289 ἵππους.
2821 1223 2886 1277 Et
2935 1219 3251 1276 Aristotcles
3297 1229 3491 1284 equam

1928 1344 2121 1389 natura
2152 1328 2492 1384 libidinosam
2524 1319 2756 1381 vocavit,
2783 1317 2877 1370 lib.
2913 1331 2963 1368 Iv
3002 1313 3076 1365 De
3105 1325 3275 1381 gener.
3304 1308 3490 1370 anim.,

1930 1439 2050 1494 cap.
2087 1423 2138 1478 5.
2174 1419 2301 1474 Sola
2326 1417 2461 1473 enim
2501 1411 2833 1472 animalium,
2872 1413 2932 1460 ut
2972 1403 3112 1458 idem
3143 1400 3336 1470 inquit,
3373 1413 3493 1450 mu-

1933 1491 2031 1568 lier
2060 1522 2109 1568 et
2144 1529 2274 1583 equa
2317 1507 2533 1581 gravida
2573 1507 2762 1559 coitum
2813 1499 3128 1566 patiuntur;
3169 1501 3222 1548 et
3261 1491 3386 1545 libr.
3418 1503 3494 1542 vn

1936 1606 2013 1660 De
2035 1582 2221 1659 histor.
2257 1600 2503 1666 animal.,
2538 1613 2657 1667 cap.
2695 1595 2749 1657 4,
2783 1591 2976 1646 Mulier
3001 1596 3048 1641 et
3083 1601 3234 1654 equa,
3267 1582 3496 1636 omnium

1808 1741 1831 1752 -
1863 1691 1904 1750 Β
1935 1695 2157 1748 maxime
2175 1691 2504 1751 animalium,
2522 1684 2748 1756 gravidae
2764 1682 2954 1735 coitum
2971 1676 3271 1746 patiuntur:
3288 1678 3496 1736 cratera,

1933 1786 2022 1840 ubi
2041 1784 2256 1857 gravida
2279 1783 2492 1853 fuerint,
2510 1778 2714 1848 fugiunt
2743 1788 2933 1832 mares,
2965 1785 3027 1822 ea
3053 1765 3251 1820 scilicet
3278 1775 3498 1832 quorum

1935 1887 2124 1934 natura
2142 1875 2459 1946 superfetare
2476 1886 2616 1924 more
2630 1866 2817 1936 leporis
2830 1869 3053 1916 recusat.
3068 1857 3298 1917 Plinius,
3327 1853 3420 1906 lib.
3443 1867 3498 1914 ι,

1936 1984 2055 2038 cap.
2085 1968 2174 2031 43,
2199 1943 2251 2022 et
2276 1943 2425 2022 suem
2449 1959 2749 2030 conjungit.
2780 1955 2975 2009 Mirum
3011 1960 3067 2004 ut
3106 1943 3502 2020 quadrupedum

1936 2058 2259 2130 pra'gnan'tes
2304 2056 2548 2110 Venerem
2579 2059 2778 2110 arcent,
2811 2053 3001 2116 prteter
3036 2056 3221 2112 equam
3259 2045 3307 2092 et
3337 2051 3500 2089 suem.

1937 2127 2221 2205 Rationem
2265 2147 2429 2216 hujus
2477 2144 2644 2199 habes
2693 2139 2835 2209 apud
2876 2134 3244 2194 Aristotelem,
3297 2127 3392 2182 lib.
3450 2140 3506 2181 iv

1941 2239 2017 2294 De
2055 2239 2384 2310 generatione
2423 2233 2664 2298 animal.,
2709 2244 2830 2299 cap.
2868 2227 2921 2281 5.
2956 2224 3022 2278 Et
3045 2222 3172 2294 quia
3207 2217 3380 2275 solida
3408 2231 3505 2271 na—

1939 2338 2062 2386 tura
2085 2339 2170 2386 est
2199 2347 2214 2384 :
2246 2340 2299 2384 et
2332 2327 2502 2384 solida
2540 2331 2668 2380 sunt
2695 2318 2926 2375 Veneris
2957 2315 3350 2386 appetentiora,
3381 2322 3505 2362 cum

1943 2433 2160 2480 careant
2190 2420 2529 2492 purgatione,
2555 2431 2672 2487 qua:
2698 2410 2919 2484 perinde
2941 2418 3024 2464 est
3054 2404 3288 2467 feminis,
3317 2409 3376 2456 ut
3395 2399 3508 2454 coi-

1945 2526 2032 2571 tus
2070 2488 2342 2575 maribus;
2380 2518 2434 2564 et
2461 2522 2599 2578 equa
2635 2513 2912 2559 menstrua
2949 2498 3169 2554 minime
3195 2493 3412 2550 emittit.
3444 2488 3510 2542 Et

1944 2603 2090 2677 quod
2117 2603 2196 2658 illi
2242 2601 2446 2672 aliquid
2480 2599 2642 2669 spatii
2680 2597 2735 2651 in
2770 2603 2926 2650 utero
2966 2595 3236 2659 superest,
3277 2582 3511 2652 amplius

1946 2673 2107 2768 quam
2129 2701 2189 2750 ut
2218 2693 2286 2749 ab
2306 2707 2414 2746 uno
2441 2695 2758 2758 occupetur,
2779 2685 2986 2739 arctius
3009 2693 3171 2749 quam
3201 2682 3259 2729 ut
3281 2673 3511 2726 alterum

1948 2763 2187 2857 perfecte
2232 2783 2402 2853 possit
2447 2776 2806 2850 superfetari;
2851 2782 2905 2829 et
2949 2771 3043 2826 lib.
3085 2783 3157 2822 vn
3205 2765 3280 2819 De
3323 2763 3510 2816 histor.

1950 2851 2196 2940 bnimal.,
2226 2851 2347 2946 cap.
2377 2873 2468 2937 22,
2499 2882 2764 2941 equorum
2816 2875 2947 2920 tunc
2987 2866 3290 2917 armentum
3335 2851 3514 2924 perfe-

1951 2981 2100 3026 ctum
2138 2944 2446 3032 esse,vcum
2493 2969 2743 3034 parentes
2766 2970 2920 3014 suam
2960 2955 3150 3008 ineunt
3175 2948 3404 3020 prolem,
3432 2944 3517 2998 vel

1876 3068 1918 3124 (ς
1951 3058 2083 3129 pulli
2128 3063 2352 3110 matres.
2389 3050 2661 3121 Quidquid
2705 3055 2884 3101 tamen
2923 3045 3016 3108 sit,
3051 3039 3282 3112 insignis
3326 3037 3518 3106 legitur

1955 3123 2196 3197 narratio
2225 3141 2291 3196 de
2319 3141 2568 3194 castitate
2599 3149 2894 3206 equorum;
2927 3132 3012 3186 ubi
3031 3130 3175 3185 enim
3205 3126 3406 3198 pullus,
3423 3123 3520 3178 do-

1955 3233 2088 3288 losis
2115 3229 2488 3290 vaframentis,
2514 3226 2756 3293 oleisque
2785 3219 3150 3291 fragrantibus
3177 3223 3234 3270 et.
3259 3211 3521 3268 odoribus

1955 3325 2236 3392 deceptus,
2254 3335 2378 3374 cum
2403 3325 2596 3381 matre,
2613 3323 2667 3370 et
2689 3315 2806 3384 ipsa
2834 3311 3028 3374 inscia,
3048 3310 3314 3363 incestum
3346 3301 3522 3357 admi-

1957 3417 2154 3481 sisset;
2195 3428 2255 3469 re
2284 3417 2406 3482 post
2444 3409 2553 3464 tale
2591 3407 2850 3478 flagitium
2885 3403 3125 3472 cognita,
3156 3409 3209 3454 et
3250 3397 3434 3465 pullus
3465 3403 3522 3450 et

1959 3515 2134 3564 mater
2154 3501 2460 3575 praccipites
2484 3513 2544 3556 se
2561 3505 2812 3569 egerunt.
2833 3493 2962 3550 Eam
2987 3492 3156 3547 babes
3181 3487 3324 3558 apud
3351 3483 3524 3540 Elia-

1960 3615 2114 3662 num,
2157 3597 2231 3651 De
2273 3595 2399 3650 hist.
2445 3590 2664 3647 animal.
2708 3588 2803 3644 lib.
2834 3601 2909 3648 Iv,
2951 3598 3072 3653 cap.
3107 3581 3170 3647 7;
3217 3577 3523 3648 Oppianum

1961 3693 2171 3766 Κυνηγ.
2205 3687 2299 3742 lib.
2327 3701 2400 3750 It;
2428 3681 2775 3738 Aristotelem
2809 3720 2826 3745 ,
2872 3677 2967 3732 lib.
3001 3690 3055 3729 Ix
3095 3671 3172 3726 De
3200 3670 3388 3722 histor.
3413 3666 3528 3719 ani-

1963 3756 2268 3847 mal.,-cap.
2309 3775 2414 3837 ιτς
2455 3772 2713 3836 Plinium,
2744 3770 2840 3825 lib.
2870 3783 2987 3833 Vlll,
3034 3779 3154 3834 cap.
3178 3761 3281 3825 ης
3325 3756 3530 3811 Varro-

1964 3883 2110 3933 nem,
2158 3867 2256 3921 lib.
2293 3881 2334 3920 ιι
2367 3864 2446 3919 De
2503 3879 2560 3917 re
2611 3861 2830 3922 rustica,
2865 3872 2986 3927 cap.
3033 3855 3089 3909 7.
3123 3851 3227 3918 Qui
3271 3848 3374 3904 etsi
3419 3861 3529 3900 non

1963 3974 2154 4016 omnes
2182 3959 2238 4012 in
2260 3956 2513 4012 omnibus
2538 3951 2888 4014 conveniunt,
2910 3946 3004 4003 sed
3024 3945 3180 4000 aliter
3208 3941 3349 3996 alius
3379 3951 3530 3992 com-

1967 4054 2250 4113 memoret,
2282 4055 2484 4102 statum
2520 4043 2574 4098 id
2603 4053 2705 4108 est,
2726 4041 3071 4107 ﬁrmumque,
3089 4046 3368 4103 equosque
3405 4028 3529 4082 illos

1969 4136 2088 4195 suae
2108 4138 2446 4194 castimonia“:
2482 4141 2853 4195 monumenta,
2886 4137 3060 4184 morte
3092 4123 3311 4196 propria
3343 4130 3528 4191 poste-

1969 4233 2045 4287 ris
2073 4231 2381 4301 reliquisse.
2430 4227 2638 4282 Similia
2671 4238 2885 4296 quoque
2911 4220 2979 4275 de
3013 4214 3237 4273 camelis
3270 4211 3538 4265 Aristote-

1971 4325 2051 4381 les
2078 4324 2212 4380 ibid.
2244 4328 2454 4384 narrat,
2484 4328 2538 4376 et
2575 4317 2772 4388 repetit
2805 4313 2945 4382 Περὶ
2983 4306 3330 4380 θαυμασίων
3359 4302 3537 4357 ἀκου-

311 4397 596 4480 brevitatis
650 4424 772 4477 vitae
832 4421 1209 4492 prosequitur,
1266 4424 1319 4473 et
1359 4415 1438 4470 De
1481 4403 1712 4484 generat.
1762 4413 1848 4466 ani

1971 4415 2232 4485 σμάτων,
2263 4421 2316 4468 et
2337 4411 2588 4466 Elianus
2617 4409 2711 4463 lib.
2741 4423 2824 4470 ιιι,
2851 4421 2968 4476 cap.
3005 4401 3095 4457 47.

312 4517 444 4570 mal.
480 4515 571 4569 lib.
598 4531 669 4574 tv,
695 4527 813 4582 cap.
846 4513 934 4576 10,
968 4512 1240 4567 hominem
1275 4509 1396 4579 plus
1429 4506 1688 4577 temporis
1707 4519 1872 4574 quam

313 4609 546 4680 quodvis
583 4609 781 4662 animal
816 4605 995 4661 vivere
1044 4603 1255 4667 scribit,
1290 4606 1516 4668 excepto
1561 4598 1870 4667 elephanto.

315 4705 493 4759 Julius
525 4701 766 4771 Scaliger
813 4700 1036 4754 exercit.
1085 4696 1190 4750 204
1238 4693 1571 4748 contrarium
1625 4691 1757 4744 vult.
1812 4687 1875 4743 Ni

321 4794 527 4863 majora
561 4808 645 4848 me
675 4793 743 4847 ab
778 4791 968 4844 harum
994 4785 1442 4844 exercitationum
1466 4783 1646 4839 studio
1677 4781 1879 4836 distra-

320 4889 534 4945 herent,
574 4883 915 4938 ostenderem
939 4888 1092 4934 tanto
1119 4878 1256 4939 vim,
1283 4885 1544 4946 quantum
1575 4875 1628 4926 in
1669 4873 1879 4928 Aristo-

320 4989 351 5030 ιι
376 4977 443 5029 lis
471 4973 717 5028 doctrina
750 4972 934 5026 varius
959 4990 972 5024 :
995 4980 1257 5040 quantum
1286 4968 1355 5021 ab
1389 4966 1508 5035 ipso
1534 4963 1876 5024 Aristoteles,

320 5079 370 5121 et
397 5067 519 5136 ejus
559 5061 972 5134 argumentandi
1004 5062 1187 5127 modo,
1219 5057 1699 5130 perquirendisque
1741 5055 1883 5110 veri-

323 5159 453 5211 tatis
482 5158 693 5210 ratione
727 5156 976 5210 diversus
1004 5153 1238 5208 aberret.

391 5248 510 5302 Col.
569 5247 692 5308 744,
739 5245 836 5303 lin.
884 5245 938 5299 4.
993 5242 1214 5312 Θερμὸς
1264 5243 1296 5295 ό
1355 5241 1554 5305 ἵππος.
1615 5235 1880 5302 Basilius,

325 5338 473 5391 hom.
503 5340 572 5392 9:
609 5337 880 5410 ’ἰδιώμασι
906 5337 963 5391 δὲ
990 5335 1262 5405 διαφόροις
1310 5331 1538 5384 ἕκαστον
1582 5327 1690 5382 τῶν
1731 5325 1886 5391 ζώων

328 5429 596 5501 κέκριται.
621 5417 900 5502 Εὐσέαθὴς
924 5429 1020 5500 μὲν
1048 5427 1155 5498 γὰρ
1184 5427 1213 5478 ὁ
1236 5424 1381 5497 βοῦς,
1409 5421 1584 5492 νωθὴς
1611 5421 1667 5474 δὲ
1699 5421 1728 5473 ὁ
1746 5419 1884 5484 ὄνοςν

327 5523 528 5594 θερμὸς
554 5523 609 5576 δὲ
639 5525 668 5576 ὁ
697 5524 859 5586 ἵππος
892 5523 1027 5593 πρὸς
1075 5519 1363 5589 ἐπιθυμίαν
1393 5515 1487 5570 τοῦ
1517 5514 1727 5586 θήλεος,
1769 5515 1887 5567 άτι-

326 5610 619 5676 θάσσευτος
646 5616 674 5666 ὁ
712 5611 895 5677 λύκος,
919 5611 1130 5683 δολερὸν
1171 5611 1202 5680 ὴ
1233 5607 1475 5678 ἀλώπηξ,
1511 5605 1682 5661 δειλὸν
1709 5607 1741 5675 ἡ
1771 5603 1890 5656 ἕλα-

330 5724 450 5776 ειεος,
479 5708 508 5761 ὁ
543 5705 764 5778 μύρμηξ
810 5706 1111 5776 φιλόπονος,
1161 5703 1473 5774 εὐχάριστον
1519 5703 1547 5755 ὁ
1590 5700 1753 5761 κύων.
1799 5699 1890 5752 καὶ

2043 4507 2181 4563 Ibid.
2237 4506 2437 4571 Νωθὸς
2490 4505 2523 4558 ὀ
2579 4502 2718 4566 ὄνος
2773 4498 2896 4553 καί.
2957 4495 3227 4557 Basilius,
3280 4490 3426 4545 hom.
3463 4486 3535 4544 8:

1975 4595 2094 4653 Οἵδε
2117 4597 2215 4668 τὴν
2249 4595 2450 4666 συνήθη
2496 4593 2676 4664 φωνὴν
2709 4593 2737 4644 ὁ
2764 4591 2902 4654 ὄνος,
2936 4583 3072 4640 οἶδεν
3104 4583 3219 4638 ὁδὸν
3244 4583 3310 4653 ἣν
3341 4577 3538 4633 πολλά-

1976 4705 2063 4751 κις
2089 4687 2320 4750 ἐϐάδισε,
2355 4684 2448 4739 καί
2481 4701 2584 4736 που
2613 4680 2705 4735 καὶ
2743 4677 2930 4750 ὀδηγδς
2971 4675 3140 4728 ὲνίοτε
3177 4669 3539 4738 ἀποσφαλέντι

1977 4783 2182 4852 γίνεται
2213 4780 2292 4850 τῷ
2319 4779 2448 4834 άνω.
2482 4777 2557 4831 Τὸ
2577 4777 2633 4830 δὲ
2661 4775 2915 4845 ὁξυήκοον
2943 4769 3035 4822 τοῦ
3073 4767 3230 4832 ζώου,
3262 4763 3382 4817 οὐδὲ
3416 4761 3541 4815 ἄλλο

1977 4884 2030 4928 τι
2079 4873 2221 4945 ἔχειν
2250 4871 2466 4939 λέγεται
2514 4868 2622 4922 τῶν
2675 4864 2963 4936 χερσαίων.
3001 4860 3272 4921 Elianus,
3315 4855 3410 4908 lib.
3443 4868 3539 4912 vn,

1981 4943 2193 5034 cap.ii9
2221 4982 2233 5019 :
2267 4963 2377 5016 Καὶ
2412 4961 2584 5016 ταῦτα
2616 4959 2674 5012 δὲ
2713 4957 2782 5011 τὰ
2814 4956 2918 5010 ἴδια
2949 4953 3058 5006 τῶν
3095 4949 3247 5016 ζώων
3280 4948 3453 5000 εἰπεῖν
3481 4943 3544 4997 οὗ

1981 5055 2159 5129 χεῖρόν
2202 5056 2338 5109 ἐστι.
2399 5050 2744 5123 Νωθέστερόν
2792 5064 2908 5110 πως
2947 5045 3092 5098 δοκεί
3135 5038 3402 5110 πρόϐατον
3453 5035 3545 5088 καὶ

1983 5147 2117 5208 ὄνος.

2056 5237 2218 5299 lbid.,
2269 5236 2364 5290 lin.
2417 5235 2470 5290 5.
2517 5231 2910 5299 Μνησίκακον
2940 5225 3223 5294 κάμηλος.
3281 5218 3544 5276 Basilius,

1986 5331 2133 5387 born.
2170 5330 2240 5384 8:
2271 5328 2345 5381 Τὸ
2371 5327 2425 5380 δὲ
2451 5325 2559 5379 τῶν
2590 5322 2845 5394 καμηλων
2878 5317 3230 5388 μνησίκακον,
3250 5312 3344 5366 καὶ
3381 5306 3548 5380 βαρύ-

1991 5441 2139 5495 μηνι,
2173 5421 2268 5474 καὶ
2296 5419 2513 5490 διαρκὲς
2537 5416 2670 5487 πρὸς
2696 5412 2864 5484 ὀργὴν
2891 5409 2943 5462 τί
2976 5409 3042 5462 ἂν
3072 5403 3407 5478 μιμήσασθαι
3443 5400 3550 5454 τῶν

1990 5493 2284 5568 θαλαττίων
2326 5509 2572 5573 δύναιτος
2600 5505 2771 5559 Πάλαι
2812 5503 2939 5555 ποτὲ
2981 5501 3245 5570 πληγεῖσα
3289 5493 3549 5566 κάμηλος,

1995 5603 2188 5676 μακρῷ
2221 5602 2395 5673 χρόνῳ
2435 5595 2839 5668 ταμιευσαμένη
2869 5593 2966 5664 τὴν
3005 5592 3182 5663 μῆνιν,
3222 5587 3440 5642 ἐπειδὰν
3460 5585 3554 5638 εἰ·

1998 5697 2214 5768 καιρίας
2237 5695 2486 5766 λάϐηται,
2517 5691 2576 5746 τὸ
2604 5689 2767 5743 κακὸν
2796 5686 3142 5742 ἀντιδίδωσίν.
3163 5682 3555 5740 Conﬁrmatur-
