1962 3484
87 114 148 144 953

583 114 617 142 ΙΝ
634 112 818 143 EUSTATHII
838 112 1076 143 HEXAEMERON
1094 115 1209 144 ΝΟΤᾸΕ.

1655 116 1709 143 951

87 179 154 208 cap.
170 169 213 202 53.
227 170 345 207 Singulis
358 171 490 200 mensibus
501 178 636 208 generant,
652 174 697 201 sed
716 174 785 209 [etus
798 172 866 200 edun

927 180 968 198 τοι
990 172 1044 199 τῶν
1066 172 1180 201 λεόντων
1209 174 1423 210 παραπλησίους.
1442 173 1619 209 Κατάπτερον
1633 173 1661 200 δὲ
1675 174 1712 201 τὰ

88 226 145 245 non
159 218 312 249 uniuersos;
328 217 490 253 interpositis
505 219 575 246 enim
589 219 691 253 diebus,
703 224 765 255 quot
779 227 819 246 res
834 224 877 246 tu-

89 264 153 290 lerit
167 268 294 298 peragunt
305 264 463 298 partionem.
481 264 580 293 Eorum
595 265 786 293 fecunditatem
802 268 877 293 retu-

89 311 195 341 lerunt,
221 310 336 343 Plinius,
362 311 409 339 lib.
431 319 491 344 vm,
516 320 576 347 cap.
594 312 629 340 29
656 317 684 340 et
700 313 748 344 55;
767 312 874 343 Strabo,

88 356 140 383 lib.
162 363 210 389 In;
226 355 352 389 Basilius,
368 356 442 384 hom.
458 357 475 385 8
489 357 634 389 Hexham;
649 357 766 394 Symeou
786 358 875 394 Logo-

89 401 168 428 theta
182 409 216 429 ex
233 401 328 429 eodem
343 401 454 435 Basilio,
472 408 543 430 orat.
559 411 592 437 v;
603 404 764 432 Ambrosius
775 404 822 431 lib.
837 404 875 431 De

92 447 187 482 Tobia,
205 456 265 484 cap.
284 449 328 480 15,
342 454 369 477 et
383 458 493 477 causam
508 455 605 486 praeter
617 451 791 479 Aristotelem
808 450 876 478 Pro-

89 493 169 521 blem.
187 499 254 522 sect.
278 495 328 523 107
343 500 370 524 et
385 504 412 523 ιν
431 496 469 523 De
491 502 607 532 generat.
631 498 741 524 animal.
760 505 821 533 cap.
845 497 874 529 5,

89 539 182 567 reddit
209 540 363 569 Herodotus
376 542 404 569 in
424 542 520 570 Thalia
542 550 552 570 :
566 543 620 570 Καί
636 552 691 576 κως
706 543 753 570 τοῦ
767 543 840 570 θείου
856 545 873 580 ἠ

88 586 204 621 προνοίη
222 586 316 623 ὥσπερ
334 588 380 614 καὶ
394 588 467 620 εἰκός
482 589 554 616 ἐστιν
570 589 652 616 ἐοῦσα
667 589 746 625 σοφὴ·
759 590 809 616 ὅσα
825 589 874 625 μὲν

88 633 146 668 γὰρ
161 633 250 668 ψυχήν
266 642 295 659 τε
308 633 391 666 δειλὰ,
409 635 454 661 καὶ
471 634 605 670 ἐδώδιμα..
614 635 701 662 ταῦτα
719 635 769 670 μὲν
786 635 874 662 πάντα

88 679 226 714 πολύγονα
244 680 404 715 πεποίηκεν,
418 680 461 708 ’ίνα
485 681 522 717 μὴ
545 682 717 718 ἐπιλειπηται
732 681 874 709 κατεσθιό-

89 734 169 761 μενα,
180 727 229 753 ὅσα
236 726 264 753 δὲ
275 727 381 762 σχέτλια
396 728 442 754 καὶ
455 728 553 764 ἀνιηρὰ
567 728 715 762 ὀλιγόγονα,
729 728 807 755 τοῦτο
825 728 874 764 μὲν

86 772 130 799 ὃτι
146 772 261 806 λαγωὸς,
278 773 330 800 ὑπὸ
353 774 451 806 παντὸς
474 773 618 810 Θηρεύεται
628 774 732 810 θηρίου,
744 775 791 802 καὶ
801 775 874 810 ὅρνι-

87 818 144 850 θος,
163 819 209 845 καὶ
223 818 374 855 ἀνθρώπου.
388 819 465 846 Οὕτω
478 820 509 856 δή
518 829 559 848 τοι
573 821 604 847 τὺ
617 821 762 856 πολύγονόν
778 822 852 848 ἐστιν
863 830 870 837 ·

85 865 277 892 ἐπικυΐσκεται
291 865 387 901 μοῦνον
403 866 510 893 πάντων
525 866 579 893 τῶν
593 867 692 903 θηρίων
702 876 709 883 ·
723 868 810 895 καὶτὸ
824 867 872 903 μὲν
888 857 908 884 Β

84 911 155 937 δασὺ
180 910 233 937 τῶν
255 911 358 938 τέκνων
373 913 401 939 ἐν
414 913 446 948 τῇ
461 914 570 948 γαστρὶ,
595 913 625 939 τὸ
645 913 673 940 δὲ
695 913 781 948 ψιλὸν,
797 913 827 940 τὸ
844 914 873 940 δὲ

84 957 150 993 ἄρτι
165 959 194 984 ὲν
209 959 271 994 τῇσι
289 959 407 995 μήτρῃσι
429 958 587 992 πλάσσεται,
604 960 634 986 τὺ
659 960 689 986 δὲ
707 961 870 996 ἀναιρέεται.

86 1003 139 1031 Hic
165 1005 246 1032 etiam
275 1004 341 1032 illud
371 1005 640 1033 animadvertendum
655 1006 683 1033 in
699 1006 750 1034 hoc
773 1015 873 1042 genere

85 1051 259 1085 animalium,
274 1059 328 1079 non
357 1055 462 1079 tantum
485 1052 599 1080 feminas
629 1058 737 1080 uterum
755 1053 827 1081 ferre
844 1057 872 1081 et

86 1097 200 1133 gignere
228 1097 399 1125 observatum
415 1105 485 1129 esse,
509 1098 568 1131 sed,
584 1098 656 1133 quod
682 1103 724 1126 est
748 1099 872 1127 mirabile

86 1142 175 1174 dictu,
189 1143 270 1171 etiam
288 1151 376 1171 mares
391 1151 423 1171 ex
440 1151 500 1171 sese
511 1151 607 1178 parere
617 1149 644 1172 et
657 1144 772 1172 nutrire.
788 1144 872 1172 Allia-

86 1197 139 1217 nus
153 1189 247 1217 scribit
256 1190 405 1225 probatque
417 1190 533 1218 hominis
546 1190 709 1218 auctoritate
722 1190 773 1218 fide
783 1191 871 1227 digni,

85 1236 134 1264 lib.
143 1244 193 1263 xm
203 1236 240 1263 De
248 1236 309 1264 hist.
323 1237 416 1269 anim.,
425 1245 484 1272 cap.
502 1237 544 1270 12,
556 1237 815 1274 Θηρατοῦδὲόωδρὸς
825 1239 871 1265 καὶ

85 1281 121 1308 τὰ
131 1281 214 1317 ἔτερα
224 1281 336 1316 ἀγαθοῦ,
345 1282 400 1308 οἴου
415 1282 452 1318 μὴ
462 1282 494 1309 ἂν
500 1282 660 1317 ψεύσασθαι,
669 1283 746 1318 λόγον
757 1285 870 1320 ἥκουσα,

85 1327 135 1354 καὶ
147 1328 221 1363 αὐτῷ
237 1328 415 1361 πεπίστευκα,
430 1329 487 1364 lege
501 1330 725 1365 experimentum,
736 1334 763 1358 et
778 1339 872 1358 narra-

85 1373 187 1400 tionem
203 1381 256 1401 non
267 1374 452 1409 injucundam,
462 1375 561 1410 quibus
567 1376 658 1403 subdit
667 1386 673 1403 :
682 1376 727 1412 Μὴ
735 1377 871 1405 πιστεύειν

83 1416 131 1445 οὖν
161 1419 200 1454 τῷ
225 1419 296 1455 λόγῳ
328 1421 418 1447 πεῖσαι
448 1422 566 1456 ὲμαυτὺν
591 1422 621 1448 οὐ
644 1422 770 1459 δύναμαι,
787 1423 817 1449 τὺ
842 1424 871 1450 δὲ

84 1465 170 1492 αἴτιον
198 1467 214 1500 ἡ
239 1466 284 1493 τοῦ
323 1467 417 1503 ἀνδρὸς
447 1467 568 1502 γλῶττα,
595 1468 656 1495 οὗτε
686 1469 782 1504 ψεῦδος
809 1469 870 1497 οὔτε

86 1510 193 1545 κόμπον
208 1511 351 1545 ἠπίστατο.
366 1512 484 1548 Ideoque
499 1521 549 1541 nec
565 1514 662 1541 mirum
681 1515 767 1543 videri
789 1516 869 1544 debet
883 1529 904 1557 ο

86 1556 108 1583 ιιί
121 1557 231 1591 quidam
243 1558 425 1586 existimarint
441 1559 547 1594 lepores
558 1568 618 1589 esse
630 1563 771 1597 utriusque
784 1571 866 1592 sexus

87 1604 241 1637 participes.
257 1603 324 1631 Cum
338 1605 409 1632 enim
421 1607 545 1634 eumdem
558 1608 680 1635 viderent
689 1611 715 1635 et
726 1609 867 1637 muliebria

86 1649 139 1682 pati
163 1653 191 1675 et
219 1649 283 1676 item
303 1657 392 1685 agere,
409 1655 435 1678 et
450 1652 522 1686 quod
546 1652 636 1686 potius
653 1653 772 1689 gignere,
787 1654 867 1681 sobo-

88 1694 195 1730 lemque
219 1696 346 1729 educare,
362 1705 415 1724 non
431 1698 491 1725 sine
507 1699 612 1726 ratione
629 1699 655 1726 id
670 1704 698 1726 ut
714 1700 865 1733 crederent,

84 1741 159 1769 ducti
188 1746 262 1770 sunt.
287 1743 365 1777 Quod
393 1743 497 1772 Plinius
524 1745 686 1773 Archelaum
715 1746 867 1775 afﬁrmasse

83 1788 192 1820 scribit,
210 1792 236 1816 et
259 1788 429 1818 Democritus
444 1790 471 1817 in
490 1789 641 1825 Geopanicis
657 1792 777 1820 tradidit.

117 1833 254 1865 lbid.,lin.
266 1834 310 1862 27.
324 1836 379 1862 Kal
392 1836 520 1864 τεκοῦσα
531 1837 634 1864 πάλιν.
650 1836 764 1868 Plinius.
778 1838 825 1866 lib.
839 1847 865 1872 x,

81 1887 144 1914 cap.
175 1880 209 1907 45
226 1890 232 1907 ;
249 1880 269 1906 Α
301 1887 379 1916 partu
400 1883 490 1911 statim
511 1883 671 1918 implentur;
702 1885 864 1918 concipiunt,

82 1927 202 1962 quamvis
220 1928 300 1954 ubera
321 1929 436 1958 siccante
460 1929 524 1964 fetu.
540 1930 573 1957 Et
597 1930 644 1958 lib.
661 1939 721 1963 vm,
740 1939 800 1966 cap.
814 1932 864 1959 35:

81 1972 168 2007 Lepus
182 1975 297 2001 omnium
309 1975 406 2009 pra-du:
417 1985 536 2007 nascens.
552 1976 624 2003 solus
642 1983 737 2011 prteter
752 1978 866 2012 dasypo-

81 2019 141 2045 dem
158 2020 313 2054 superfetat,
341 2021 416 2049 aliud
430 2021 556 2054 educam,
578 2023 651 2051 aliud
669 2024 695 2052 in
715 2029 789 2051 utero
803 2024 865 2059 pilis

82 2066 215 2099 vestitum,
231 2067 305 2094 aliud
315 2068 449 2102 implume,
464 2070 537 2096 aliud
549 2070 700 2097 inchoatum
715 2079 803 2106 gerens
817 2080 865 2105 pa-

83 2113 157 2140 riter.
176 2112 271 2140 Solum
287 2115 465 2150 superfetare,
479 2120 508 2142 ut
522 2124 614 2143 verum
630 2117 676 2149 sit,
692 2118 790 2145 viderit
807 2118 865 2153 ipse

81 2158 200 2187 Plinius.
218 2159 310 2195 Equas
329 2165 356 2188 et
367 2162 495 2189 mulieres
514 2170 623 2198 quoque
636 2163 804 2198 superl‘etare
816 2171 865 2198 pro

926 218 1007 251 νῶτα,
1022 219 1068 246 καὶ
1094 220 1195 247 τούτων
1211 219 1265 246 τῶν
1279 220 1386 256 πτερῶν
1411 220 1461 255 τὴν
1481 219 1563 256 χρόαν
1584 219 1712 255 μέλαιναν

925 264 994 292 εἶναι
1020 264 1121 300 ᾄδουσι.
1139 264 1180 291 Τὰ
1208 265 1237 292 δὲ
1261 265 1377 301 πρόσθια
1404 265 1506 301 ἐρυθρά
1520 273 1596 298 φασι,
1609 264 1657 296 τάς
1679 273 1711 299 γε

926 311 979 347 μὴν
995 312 1133 347 πτέρυγας
1159 311 1242 343 αὑτὰς
1261 312 1352 338 οὐκέτι
1368 311 1504 343 τοιαύτας,
1519 310 1587 337 ἀλλὰ
1600 310 1709 342 λευκὰς,

923 357 973 394 τὴν
998 358 1078 394 δέρην
1098 358 1127 384 δὲ
1146 358 1235 384 αὐτῶν
1257 359 1364 389 κυανοίς
1388 356 1537 392 διηνθισοαι
1560 358 1616 388 τοῖς
1644 364 1709 382 πτε-

925 406 981 440 ροῖς
992 405 1113 440 Κτησίας
1127 405 1235 440 ἱστορεῖ.
1245 404 1335 439 Στόμα
1348 404 1376 430 δὲ
1388 403 1459 439 ἔχειν
1473 402 1598 434 ἀετῶδες,
1608 402 1653 428 καὶ
1662 401 1710 437 τὴν

923 450 1042 485 κεφαλὴν
1064 450 1157 476 ὁποίαν
1181 451 1206 476 ot
1234 450 1455 486 χειρουργοῦντες
1469 448 1603 485 γράφουσί
1618 457 1648 474 τε
1663 449 1710 475 καὶ

924 496 1079 523 πλάττουσι.
1090 495 1237 530 Φλογώδεις
1250 496 1278 522 δέ
1293 504 1358 531 φασι
1372 496 1434 527 τοὺς
1448 495 1602 530 ὀφθαλμοὺς
1614 494 1707 521 αὐτοῦ.

924 541 1037 575 Plinius,
1053 542 1100 569 lib.
1117 550 1165 574 vn,
1177 549 1236 577 cap.
1251 542 1269 568 2
1284 552 1291 570 :
1313 542 1460 576 Arimaspis
1483 541 1598 575 assidue.
1613 540 1709 567 bellum

922 596 978 616 esse
986 589 1057 615 circa
1069 588 1176 615 metalla
1184 596 1243 614 cum
1251 588 1367 623 gryphis,
1377 588 1495 623 ferarum
1507 587 1607 614 volucri
1617 594 1708 622 genere

923 636 1001 671 quale
1025 636 1099 670 vulgo
1126 635 1252 667 traditur,
1275 641 1381 662 eruente
1399 642 1431 662 ea:
1448 634 1577 661 cuniculis
1601 642 1707 665 aurum,

924 683 992 709 mira
1002 682 1153 716 cupiditate.
1165 686 1190 709 et
1211 682 1275 717 feris
1290 681 1507 713 custodientibus,
1520 685 1545 708 et
1566 681 1707 715 arimaspis
1744 700 1747 703 ι

924 728 1096 763 rapientibus,
1113 728 1198 761 multi,
1218 727 1262 755 sed
1279 729 1393 755 maxime
1416 728 1533 755 illustres
1558 727 1707 754 Herodotus

922 780 947 802 et
975 775 1092 802 Aristeas
1123 774 1330 807 Proconnesius,
1348 774 1474 802 scribunt.
1502 773 1602 801 Eorum
1625 773 1706 800 etiam

924 821 1070 849 meminere
1093 820 1214 852 Solinus,
1233 820 1385 848 Pausmius
1405 820 1433 847 in
1446 819 1596 851 Arcadicis,
1613 818 1706 845 Philo-

923 869 1024 896 stratus
1037 868 1064 895 in
1089 867 1147 895 Vita
1170 867 1312 902 Apollonii.
1326 867 1388 895 llazc
1403 872 1493 894 tamen
1507 874 1569 894 esse
1584 865 1707 893 fabulosa

922 914 1088 942 existimavit
1101 914 1205 941 Plinius
1219 914 1281 941 libr.
1303 922 1330 945 x,
1343 921 1403 948 cap.
1424 913 1468 944 49,
1482 912 1598 948 Pegasos
1613 912 1708 947 equino

922 960 1006 994 capite
1029 960 1156 991 volucres,
1182 964 1207 986 et
1223 958 1337 994 gryphas
1365 958 1455 985 aurita
1486 957 1638 984 aduncitate
1665 964 1708 982 ro-

921 1006 980 1037 stri,
991 1005 1125 1041 fabulosos
1140 1014 1198 1033 reor
1214 1005 1274 1032 illos
1290 1006 1317 1032 in
1330 1004 1448 1039 Scythia,
1460 1003 1507 1030 hos
1517 1004 1543 1030 in
1557 1002 1705 1037 lEthiopia.

955 1052 1034 1084 lbid.,
1062 1052 1110 1079 lin.
1137 1052 1181 1079 3i.
1212 1050 1342 1085 Ἀρπάζει
1364 1049 1399 1077 δὲ
1425 1051 1544 1077 λέοντα.
1573 1049 1707 1083 Georgius

922 1097 1037 1129 Pisides.
1061 1097 1099 1125 De
1120 1096 1213 1124 mundi
1231 1097 1347 1131 api/icio,
1361 1103 1423 1123 eum
1437 1099 1464 1123 et
1477 1095 1573 1122 bovem
1588 1093 1707 1129 rapidis-

921 1145 991 1173 sime
1017 1147 1156 1180 arreptum
1171 1144 1224 1171 alte
1240 1144 1347 1171 elevare
1362 1141 1491 1169 afﬁrmat.

956 1201 1052 1228 Πόθεν
1068 1200 1102 1237 δὲ
1117 1200 1198 1237 γρὺψ
1215 1198 1357 1237 εῄσθενὲς
1377 1198 1477 1237 λᾳόὼν
1489 1196 1608 1237 κράτος,

956 1237 1011 1264 Καὶ
1029 1236 1109 1268 ,βοῦν
1122 1234 1267 1262 ἀνασπῶν
1286 1235 1320 1265 ἐξ
1341 1234 1465 1268 ἑτοίμων
1480 1234 1619 1268 ἁρπαγῶν

956 1272 1011 1299 Καὶ
1021 1267 1134 1305 ,πτηνὸς
1152 1269 1248 1305 ἦρται,
1269 1269 1318 1296 καὶ
1331 1268 1445 1301 βαδίζει
1460 1267 1642 1302 τετράπους;

922 1328 1047 1357 ιΕιίειιιιιε
1074 1332 1164 1354 tamen
1193 1334 1254 1353 cum
1284 1325 1344 1353 aliis
1375 1324 1560 1352 animantibus
1588 1323 1706 1359 gryphas

921 1378 1079 1404 concertare
1093 1377 1120 1401 et
1134 1373 1244 1400 vincere
1268 1371 1375 1402 scribit,
1393 1370 1440 1398 sed
1457 1377 1574 1405 pugnam
1595 1370 1704 1396 leonum

920 1428 948 1451 et
967 1423 1173 1458 elephantorum
1189 1420 1346 1452 abhorrere,
1359 1426 1447 1453 neque
1460 1426 1522 1446 cum
1544 1418 1584 1444 eis
1603 1417 1630 1444 in
1645 1424 1704 1444 cer-

921 1476 1010 1498 tamen
1037 1467 1203 1505 descendere
1227 1465 1339 1493 ibidem.
1358 1465 1412 1491 Καὶ
1428 1462 1635 1498 διαγωνίζεσθαι
1657 1463 1705 1498 μὲν

921 1517 988 1552 πρὸς
1004 1516 1039 1542 τὰ
1055 1515 1121 1542 ἄλλα
1137 1513 1205 1546 ζῶα.
1221 1513 1267 1540 καὶ
1279 1513 1390 1548 κρατεῖν
1405 1512 1500 1548 ῥᾷστα.
1517 1510 1611 1537 Λέοντι
1626 1510 1654 1537 δὲ
1668 1510 1705 1546 μὴ

918 1562 1102 1594 ἀνθίστασθαι,
1119 1561 1186 1596 μηδὲ
1202 1559 1337 1593 ἐλέφαντι.
1582 1570 1585 1572 -

953 1609 1032 1639 lbid.,
1046 1608 1093 1634 lin.
1106 1607 1150 1634 52.
1174 1606 1272 1638 Ἀετὸς
1283 1606 1351 1638 παρ’
1371 1605 1453 1639 ἡμῖν.
1465 1604 1637 1636 Aristoteles,
1655 1603 1702 1631 lib.

918 1665 945 1683 ix
961 1655 997 1682 De
1008 1655 1071 1681 hist.
1088 1654 1169 1680 anim.
1182 1660 1207 1679 c.
1225 1652 1277 1679 '52:
1295 1651 1411 1678 Venatur
1423 1651 1513 1684 aquila
1528 1650 1705 1685 leporetht'n-

917 1702 1005 1733 aulas,
1018 1701 1117 1735 vulpes.
1128 1704 1152 1727 et
1167 1699 1269 1734 reliqua
1284 1706 1342 1733 qure
1359 1698 1458 1724 uincere
1469 1697 1566 1723 valeat.
1578 1696 1705 1724 Elianus

917 1749 963 1776 lib.
972 1757 999 1775 lx
1011 1747 1048 1775 De
1063 1747 1125 1774 hist.
1140 1746 1305 1779 anim.,cap.
1315 1743 1348 1771 10
1358 1753 1365 1771 :
1375 1742 1464 1774 Ἀετὸς
1472 1742 1540 1775 ζῶον
1548 1742 1704 1769 πλεονεκτι-

918 1795 975 1825 κὺν,
990 1794 1036 1820 καὶ
1049 1793 1081 1819 δι’
1095 1791 1227 1831 ἁρπαγῶν
1246 1790 1384 1817 ποιοῦνται
1406 1789 1518 1825 τροφὰς,
1528 1789 1574 1815 καὶ
1595 1788 1704 1823 σαρκῶν

918 1841 1045 1870 ἐσθίουσι·
1072 1840 1118 1866 καὶ
1131 1838 1185 1874 γὰρ
1199 1838 1273 1872 λαγὼ
1290 1836 1452 1873 ἁρπάζουσι,
1467 1835 1514 1862 καὶ
1537 1834 1642 1870 νεϐρὸν,
1657 1834 1704 1860 καὶ

917 1887 984 1923 χῆνα
995 1886 1024 1918 ἐξ
1033 1885 1127 1922 αὐλῆς,
1139 1885 1186 1911 καὶ
1196 1882 1395 1917 ἄλλα.1ι]εοιιυο
1409 1889 1470 1909 eum
1489 1881 1641 1916 aquilarum
1659 1888 1703 1907 vo«

916 1940 974 1960 cem
1001 1932 1119 1959 maxime
1141 1931 1247 1963 timere,
1273 1930 1344 1957 sicut
1360 1933 1387 1957 et
1414 1929 1528 1956 aliarum
1560 1928 1662 1959 avium,
1688 1935 1703 1954 ιι

916 1979 1017 2015 quibus
1036 1978 1106 2005 male
1119 1981 1248 2012 exceptus
1261 1977 1436 2004 interimitur.
1450 1976 1521 2003 Idem
1535 1975 1573 2002 ait
1583 1975 1630 2002 lib.
1644 1982 1702 2005 xm.

916 2033 976 2059 cap.
995 2025 1024 2051 ll
1040 2033 1047 2057 ;
1061 2024 1176 2056 Plinius,
1189 2024 1238 2051 lib.
1255 2031 1282 2054 ι,
1295 2031 1355 2056 cap.
1369 2023 1397 2052 4,
1411 2022 1563 2057 aquilarum
1579 2021 1663 2056 primo
1678 2025 1703 2047 et

916 2071 1029 2099 secundo
1047 2071 1148 2106 generi,
1170 2078 1222 2096 non
1239 2070 1369 2097 nunerum
1386 2075 1488 2098 tantum
1505 2067 1703 2103 quadrupedum

916 2119 1021 2153 rapina,
1038 2118 1083 2144 sed
1101 2118 1182 2144 etiam
1199 2125 1258 2143 cum
1273 2118 1353 2144 cervis
1367 2116 1470 2150 pra'lia.
1489 2115 1604 2143 Multum
1615 2115 1703 2150 pulve-

916 2174 971 2192 rem
991 2165 1108 2192 volutata
1120 2164 1268 2192 collectum.
1286 2163 1402 2190 insidens
1420 2162 1541 2189 cantibus
1563 2161 1660 2187 exciuit
1676 2161 1701 2186 in

81 2205 237 2233 indubitata
263 2206 389 2234 habetur.
412 2206 464 2234 Sed
480 2209 512 2235 ad
528 2216 584 2236 rem
607 2209 766 2237 Aristotcles
790 2210 864 2242 item,
882 2205 904 2232 Ῑ)
919 2211 1025 2242 oculos,
1047 2211 1136 2245 pennis
1159 2219 1206 2237 ora
1230 2209 1379 2239 verberans,
1402 2208 1483 2235 donec
1510 2208 1653 2244 pra'cipitet
1675 2207 1701 2234 in

81 2252 144 2279 libr.
164 2260 191 2278 vt
207 2252 245 2279 De
264 2253 358 2281 histor.
386 2254 508 2287 animal.,
527 2255 610 2290 capit.
642 2256 676 2282 55
694 2265 701 2282 :
721 2256 806 2283 Habet
825 2257 863 2291 fe-

80 2298 155 2325 mina
173 2299 216 2326 lac
235 2299 308 2334 prius
328 2308 407 2335 quam
434 2301 533 2335 pariat,
546 2307 571 2329 et
596 2311 612 2328 a
638 2309 717 2336 partu
739 2304 863 2330 continuo

80 2346 172 2379 repetit
184 2346 282 2372 coitum
293 2351 335 2373 :et
349 2347 451 2374 lactans
467 2347 552 2374 adhuc
566 2349 679 2382 concipit
693 2349 785 2383 fetum.
801 2349 863 2376 Haec

79 2393 145 2419 item
171 2393 263 2419 omnia
289 2393 316 2419 in
344 2393 538 2426 Qumtionibus
564 2394 689 2430 physicis,
705 2399 802 2430 quaest.
819 2396 862 2428 11,

80 2438 240 2473 complexus
255 2442 296 2465 est
311 2437 532 2474 Theophylactus
551 2440 716 2469 Simocatus.

114 2484 196 2515 lbid.,
215 2484 261 2511 lin.
281 2485 324 2512 30.
344 2485 399 2512 Τὸν
412 2485 446 2514 δὲ
459 2486 557 2521 γρῦπά
582 2495 685 2521 φασιν.
705 2487 831 2515 Elianus
848 2495 864 2514 e

79 2530 170 2558 Ctesia
186 2537 281 2558 eorum
295 2530 408 2558 formam
423 2531 569 2565 describit;
583 2540 644 2560 esse
661 2533 732 2560 enim
747 2533 863 2568 gryphes

79 2576 281 2611 quadrupedes,
317 2577 517 2605 robustissimis
553 2579 707 2614 unguibus;
733 2579 863 2606 anteriori

79 2622 205 2657 corporis
224 2628 301 2657 parte
328 2623 436 2655 rubros,
452 2624 502 2651 alis
527 2625 660 2657 candidis,
672 2624 754 2652 dorso
768 2625 864 2661 pennis

81 2669 167 2704 nigris
193 2669 314 2700 indutos.
341 2671 447 2698 cervice
472 2671 606 2701 caeruleis,
633 2675 660 2698 et
688 2671 802 2702 ﬂoridis,
817 2678 864 2698 ore

80 2715 211 2749 aquilino,
228 2719 255 2743 et
270 2716 368 2750 capite,
381 2717 467 2744 oculis
480 2716 576 2752 igneis.
597 2717 643 2744 lib.
663 2725 689 2743 IV
710 2716 749 2743 De
768 2716 861 2743 histor.

80 2761 202 2797 apimal.,
211 2770 270 2796 cap.
279 2763 329 2789 ‘27:
346 2763 397 2789 Τὸν
409 2763 501 2798 γρύπα
516 2764 606 2789 ἀκούω
620 2763 650 2789 τὸ
667 2763 735 2795 ζῶον
747 2763 777 2789 τὸ
792 2763 864 2789 Ἰνδι-

82 2808 127 2834 κὸν
148 2809 298 2842 τετράπουν
325 2807 393 2836 εἶναι
420 2811 490 2837 κατὰ
510 2811 572 2842 τοὺς
595 2810 714 2843 λέοντας,
731 2811 776 2837 καὶ
792 2810 863 2844 ἔχειν

82 2853 177 2889 ξνυχας
194 2856 343 2891 καρτεροὺς
358 2856 395 2888 ὡς
409 2856 448 2883 ὅτι
465 2855 592 2892 μάλιστα,
610 2857 655 2883 καὶ
674 2856 783 2889 τούτους
801 2856 862 2892 μὲν-

917 2266 1002 2292 rupes.
1018 2257 1073 2285 Nec
1088 2264 1143 2285 non
1160 2260 1187 2284 et
1202 2261 1295 2284 tauros
1309 2256 1403 2282 venari
1419 2261 1515 2283 auctor
1531 2259 1572 2282 est
1587 2255 1661 2282 Phile
1675 2254 1701 2281 in

916 2303 1014 2331 lambis
1022 2324 1031 2336 ,

952 2349 1030 2383 8η,ρᾷ
1041 2349 1075 2376 δὲ
1090 2349 1138 2376 καὶ
1158 2347 1320 2383 τόγ’χῆνα,
1341 2347 1389 2374 καὶ
1401 2346 1457 2380 τὴν
1472 2345 1602 2383 δορκάδα

949 2381 1005 2412 Κᾱὶ
1017 2381 1075 2411 ντὸν
1087 2381 1271 2420 λαγωὸν-,ναὶ
1288 2384 1320 2410 τὸ
1332 2382 1391 2410 τῶν
1405 2383 1520 2417 ταύρων
1534 2381 1630 2417 γένος.

916 2442 949 2469 Et.
976 2442 1113 2474 .‘Elianus,
1136 2441 1172 2469 De
1193 2441 1287 2469 histor.
1309 2441 1420 2468 animal.
1445 2440 1491 2468 lib.
1520 2448 1549 2472 ιι,
1575 2447 1635 2475 cap.
1655 2439 1701 2469 39.

915 2488 1066 2523 aquilarum
1096 2495 1193 2523 genus,
1218 2488 1291 2521 quod
1320 2486 1430 2521 quidam
1458 2484 1628 2521 χρυσαίετον,
1655 2484 1700 2511 alii

916 2535 1055 2570 ἀστερῐαν,
1072 2534 1099 2561 in
1114 2534 1194 2561 Creta
1209 2534 1233 2560 vi
1249 2532 1365 2568 quadam
1380 2536 1407 2559 et
1422 2532 1555 2559 industria
1571 2530 1700 2566 singulari

915 2586 1010 2608 tauros
1033 2581 1108 2615 ipsos
1138 2580 1276 2610 invadere,
1294 2583 1321 2607 et
1349 2578 1466 2614 praedam
1484 2577 1535 2605 sibi
1555 2578 1701 2612 cibumque

916 2634 1012 2662 parare
1030 2635 1037 2653 :
1053 2634 1085 2652 ex
1108 2625 1216 2653 insidiis
1238 2625 1309 2652 enim
1338 2624 1437 2652 cervici
1466 2624 1588 2651 insidens
1612 2630 1701 2650 rostro

915 2681 995 2708 quam
1012 2672 1144 2699 acerrime
1160 2672 1264 2707 pungit.
1277 2670 1383 2698 Taurus
1398 2671 1498 2698 ictibus
1513 2670 1618 2706 pulsus,
1632 2670 1695 2696 furi-

917 2718 1025 2746 bundus
1037 2718 1064 2744 in
1076 2717 1165 2752 fugam
1178 2717 1302 2748 vertitur,
1311 2717 1355 2743 ubi
1369 2717 1456 2743 locum
1469 2716 1615 2751 proclivem
1631 2723 1699 2750 pne-

916 2764 1081 2799 cipitcniqne
1105 2763 1267 2795 accesserit,
1287 2763 1428 2797 explicatis
1444 2763 1470 2789 in
1484 2763 1576 2789 orbem
1597 2762 1647 2790 alis
1666 2762 1696 2789 il-

917 2811 969 2839 lius
995 2811 1089 2838 oculos
1107 2810 1182 2844 tegit,
1196 2810 1241 2844 qui
1255 2810 1393 2847 praecipitii
1412 2810 1523 2844 ignarus
1538 2808 1656 2840 subsilit,
1671 2812 1699 2836 ct

915 2864 1035 2892 praeceps
1046 2855 1192 2884 dilaniatus
1201 2856 1347 2888 cmoritur;
1360 2859 1386 2883 et
1395 2855 1440 2883 lib.
1452 2863 1489 2889 ix,
1499 2855 1580 2890 capit.
1597 2855 1641 2889 10,
1650 2854 1696 2887 ait,

236 3139 1552 3469 ‘—
