3924 6968
628 198 724 254 J55

1914 195 2159 256 LEONIS
2193 194 2463 252 ALLATll
2828 216 2859 247 ς
3666 200 3742 257 tib

621 315 857 385 aquilam
885 330 1047 387 quam
1078 315 1230 373 lovis
1261 318 1622 390 appellarunt,
1645 332 1838 375 carnes
1880 333 1989 374 non
2017 320 2182 374 attin-
2214 323 2250 380 Α
2281 327 2472 373 auctor
2510 323 2694 372 noster
2742 316 2929 373 scribit
2965 332 3128 372 nemo
3160 331 3273 371 non
3311 316 3466 380 videt,
3497 332 3602 372 cum
3627 319 3740 376 ῑιιυι

622 421 767 477 gere,
799 407 895 463 sed
917 407 1136 463 herbam
1160 408 1211 463 ei
1250 411 1315 465 ad
1346 412 1549 465 victum
1579 410 1715 467 satis
1743 424 1884 467 esse.

691 496 850 563 ΠΜ..
900 499 996 554 lin.
1055 500 1146 556 33.
1204 501 1376 556 Ἔστι
1408 501 1476 556 δὲ
1512 499 1656 563 (dior
1691 501 2025 573 χαραδριός.
2058 502 2181 559 Hec

622 589 893 647 Eustathii
929 603 1055 649 ante
1084 596 1276 652 oculos
1323 596 1542 652 videtur
1583 597 1841 653 habuisse
1871 599 2053 653 omnia
2081 598 2180 654 Pe-

621 689 738 737 trus
763 681 1079 748 Damianus,
1102 684 1230 739 dum
1260 685 1355 740 lib.
1394 701 1456 751 tt,
1489 685 1652 756 epist.
1684 686 1772 752 i8,
1798 687 1866 743 de
1893 688 2181 743 cbaradrio

622 772 957 843 loqueretur.
993 773 1168 845 Hujus
1196 777 1544 848 proprietatis
1574 791 1796 833 causam
1818 778 1995 834 reddit
2012 777 2183 835 Theo-

620 865 910 936 phylactus
960 866 1270 925 Simocatus
1323 869 1379 925 in
1433 870 1634 935 Quwst.
1680 880 1816 936 nat.,
1869 872 2178 942 quaest.15,

619 973 745 1030 pag.
776 957 865 1015 18.
901 956 980 1014 lla
1010 968 1236 1017 vocatus
1263 962 1372 1016 ἀπὸ
1398 961 1489 1017 τοῦ
1518 961 1615 1025 τὰς
1653 962 1925 1034 χαράδρας
1973 962 2180 1036 διατρι-

621 1046 771 1113 ϐειν,
817 1063 884 1130 ex
928 1047 1233 1107 Scholiaste
1284 1050 1688 1121 Aristophanis,
1746 1060 1802 1108 et
1838 1052 2178 1118 Aristoteles,

620 1138 717 1193 lib.
754 1154 830 1202 Ix,
860 1153 981 1211 cap.
1013 1140 1101 1205 ll,
1135 1140 1246 1204 Τὰς
1271 1140 1328 1193 δὲ
1355 1142 1596 1212 οἰκήσεις
1621 1142 1651 1194 ὁ
1675 1143 1772 1214 μὲν
1796 1143 1922 1215 rrepl
1947 1144 2046 1208 τὰς
2081 1161 2180 1215 χα-

624 1231 844 1303 ράδρας,
875 1233 924 1285 oi
969 1231 1025 1285 δὲ
1056 1234 1337 1303 χηραμοὺς
1373 1232 1662 1298 ποιοῦνται,
1701 1236 1793 1289 καὶ
1821 1236 2042 1308 πέτρας.
2069 1234 2181 1291 οἷον

532 1376 543 1385 .
618 1326 650 1379 ὁ
672 1324 1000 1395 καλούμενος
1025 1327 1332 1399 χαραδριός.
1364 1326 1518 1382 Hunc
1552 1327 1813 1383 bitumine
1844 1331 2027 1385 necari
2056 1345 2182 1385 nar-

620 1423 708 1471 rat
733 1412 1001 1477 Elianus,
1037 1418 1131 1473 lib.
1163 1434 1238 1482 tn,
1274 1417 1351 1473 De
1380 1418 1567 1476 histor.
1598 1420 1843 1485 animal.,
1892 1422 2053 1493 capit.
2086 1423 2177 1479 46.

693 1505 855 1565 lbid..
879 1524 933 1578 p.
964 1509 1051 1564 54.
1077 1512 1444 1578 Λευκότατος
1472 1511 1546 1565 δι’
1567 1512 1733 1567 ὅλου.
1768 1513 2101 1585 Epiphanius
2126 1516 2180 1570 in

624 1595 944 1669 Physiologo
966 1639 982 1660 .
1015 1615 1135 1670 cap.
1165 1600 1254 1663 25.
1304 1604 1359 1657 ’0
1394 1604 1706 1673 φυσιολόγος
1738 1604 1882 1670 ἔλεξε
1912 1608 2038 1680 περὶ
2062 1608 2182 1662 τού-

620 1702 735 1752 του,
785 1688 865 1741 ὅτι
907 1688 1024 1742 ὅλον
1058 1689 1244 1744 λευκόν
1270 1693 1405 1757 ἐστι,
1436 1694 1568 1765 μηδὲ
1600 1695 1733 1759 ὅλως
1759 1684 2013 1767 μελανίαν
2038 1699 2177 1769 ἔχον.

618 1780 975 1847 Aristoteles,
1037 1783 1158 1839 libr.
1224 1800 1274 1839 lx
1328 1785 1402 1839 De
1441 1786 1626 1839 histor.
1668 1789 1885 1842 animal.
1938 1805 2057 1861 cap.
2092 1791 2179 1855 ‘ll,

621 1885 778 1925 avem
839 1872 978 1926 hanc
1029 1889 1251 1944 pravam
1291 1882 1345 1929 et
1384 1876 1585 1943 colore,
1632 1888 1686 1932 et
1722 1892 1855 1934 voce
1891 1881 1986 1943 ait,
2018 1890 2179 1936 noctu

622 1977 903 2033 apparere,
951 1964 1045 2020 diu
1093 1965 1372 2037 aulugere.
1436 1966 1689 2024 Albertus
1732 1985 1855 2025 cum
1899 1969 2182 2030 Eusuttbio

620 2055 809 2120 sentit,
849 2063 903 2110 et
943 2057 1120 2111 albam
1154 2073 1276 2113 esse
1314 2066 1484 2112 totam
1514 2068 1766 2116 testatur.

692 2144 805 2201 Ibid
837 2187 852 2214 ,
902 2147 1001 2201 lin.
1047 2148 1115 2202 59
1145 2167 1159 2203 :
1193 2149 1377 2203 Ὅταν
1425 2148 1535 2220 γάρ
1588 2168 1795 2219 φασιν.
1853 2152 2180 2224 Epiphanius

620 2237 768 2293 dicto
798 2240 948 2295 lovo:
981 2241 1091 2294 Kal.
1127 2242 1219 2295 ἐάν
1242 2257 1326 2304 τις
1351 2243 1548 2313 νοσῇ,ὴ
1580 2240 1731 2307 νόσος
1748 2243 1840 2297 τοῦ
1875 2244 2179 2317 ἀνθρώπου,

618 2330 667 2382 εἰ
698 2328 843 2385 ἔστιν
868 2333 947 2395 εἰς
975 2331 1221 2395 Θάνατον,
1253 2332 1581 2404 ἀποστρέφει
1630 2334 1756 2396 ἀπὸ,
1776 2334 1870 2389 τοῦ
1902 2337 2181 2401 νοσοῦντος

617 2421 681 2475 τὸ
713 2421 997 2493 πρόσωπον
1021 2423 1181 2476 αὐτοῦ
1213 2424 1241 2476 ὁ
1275 2424 1581 2495 χαραδριὸς,
1604 2424 1697 2479 ἐὰν
1729 2425 1784 2509 ςὲ
1804 2429 1837 2497 ἡ
1865 2427 2016 2491 νόσος
2046 2428 2181 2500 πρὸς

621 2511 766 2583 ζωήν
794 2514 959 2574 ἐστιν.
988 2513 1224 2578 ἀτενίζει
1246 2516 1337 2569 τὸν
1362 2516 1617 2570 νοσοῦντα.
1640 2518 1668 2569 ὁ
1696 2519 2002 2590 χαραδριὸς,
2028 2520 2120 2573 καὶ
2152 2522 2180 2573 ὁ

618 2603 790 2657 νοσῶν
836 2604 928 2658 τὸν
976 2605 1156 2660 αὐτόν.
1203 2605 1320 2661 Non
1377 2608 1661 2663 dissimilia
1709 2608 1874 2665 refert
1904 2611 2177 2672 Albertus,

623 2706 815 2751 auctor
861 2712 1164 2768 anonymus
1206 2698 1409 2754 Psalm.
1433 2714 1706 2757 comment.
1738 2703 1929 2773 psalm.
1962 2718 2177 2769 Lxxxtv,

622 2802 804 2851 versu,
836 2786 969 2842 Deus
992 2798 1047 2842 tu
1067 2806 1341 2844 conversus
1366 2792 1647 2862 uiviﬁcabis
1669 2811 1781 2858 nos,
1798 2806 1847 2849 et
1872 2795 1967 2848 alii
1993 2809 2179 2849 recen-

618 2880 807 2936 tiores.
863 2879 1032 2952 Magis
1080 2897 1369 2938 commune
1416 2892 1595 2941 tamen
1633 2894 1715 2941 est
1764 2886 2030 2941 charadrii
2063 2901 2181 2956 pro-

2280 426 2524 481 parvum,
2541 410 2678 464 hardi
2708 410 3088 481 magnitudine.
3101 411 3294 464 eximia
3315 411 3599 480 pernicitate
3615 422 3660 467 et
3675 430 3744 469 te-
3781 459 3784 463 .

2277 502 2570 569 bementia,
2598 516 2771 558 cornu
2808 501 2864 555 in
2893 502 3203 557 summitate
3247 501 3430 571 aptus
3456 501 3616 569 unico,
3638 504 3746 559 dicat
3782 490 3783 497 ‘

2276 610 2416 650 esse.
3056 646 3059 653 .

2346 684 2505 749 lbid.,
2528 685 2622 739 lin.
2656 684 2745 739 ιδ.
2779 685 3133 754 Δριμύτατον
3153 682 3396 752 σφόδρα.
3417 681 3554 738 Phile
3573 683 3621 738 in
3643 682 3747 738 lau-

2278 777 2389 840 bis,
2433 776 2500 831 ad
2554 790 2786 847 pugnam
2842 775 3341 846 promptitudinem,
3397 789 3459 829 ex
3503 775 3747 833 vulneribus

2277 871 2399 925 aliis
2424 869 2791 924 animantibus
2822 867 3087 938 pericula,
3111 880 3280 920 cornu
3326 866 3476 934 quale
3511 867 3592 927 sit,
3620 867 3747 935 ipsum

2276 961 2495 1026 animal,
2527 960 2797 1031 quomodo
2845 965 3196 1014 mansuescat
3244 958 3421 1011 multis
3455 958 3747 1027 prosequitur.

2274 1052 2444 1124 Negat
2476 1062 2656 1108 tamen
2684 1051 3088 1107 Vartomannus
3120 1051 3349 1105 ferocem
3375 1064 3507 1105 esse.

2350 1144 2507 1211 lbid.,
2531 1145 2625 1199 lin.
2648 1144 2738 1199 51.
2769 1145 2940 1198 Ἔστι
2963 1142 3032 1195 δὲ
3054 1138 3198 1203 ζῶον
3232 1141 3591 1208 καλούμενον.
3611 1136 3755 1195 Petrus

2278 1235 2570 1292 Damianus
2604 1235 2726 1290 libr.
2768 1251 2828 1298 tl,
2858 1234 3021 1304 epist.
3043 1248 3174 1287 svnt
3208 1232 3275 1287 ad
3302 1230 3607 1287 Desiderium
3630 1231 3752 1285 abba-

2278 1333 2409 1389 tem,
2444 1324 2634 1380 Castor
2676 1325 2851 1394 itaque
2891 1341 3012 1377 cum
3041 1340 3096 1377 se
3128 1323 3260 1377 uidet
3302 1339 3333 1374 a
3368 1330 3582 1375 renuere
3602 1333 3757 1390 propter

2277 1417 2528 1488 genitalia
2562 1418 2818 1487 persequi,
2852 1415 2961 1471 hare
3003 1415 3272 1469 mordicus
3318 1412 3575 1474 abscindit.
3599 1425 3637 1468 et
3673 1425 3757 1468 ante

2279 1510 2538 1565 venatoris
2589 1508 2776 1571 faciem
2827 1508 3063 1578 projicit.
3101 1506 3192 1563 Sic
3221 1507 3358 1560 illico
3386 1517 3574 1560 venator
3594 1506 3756 1567 accedit,

2279 1598 2404 1653 dum
2432 1599 2487 1654 id
2517 1609 2727 1668 propter
2747 1597 2883 1670 quod
2912 1614 3033 1653 eum
3065 1594 3457 1666 persequebatur
3482 1597 3680 1650 extorsit.
3714 1595 3756 1649 Si

2279 1707 2398 1746 vero
2449 1691 2744 1761 contigerit,
2785 1701 2840 1744 ut
2891 1690 3031 1744 alter
3075 1706 3193 1744 eum
3236 1704 3413 1742 cursus
3458 1697 3638 1741 uenator
3664 1687 3758 1739 inre-

2280 1782 2413 1843 niat,
2453 1796 2670 1851 eumque
2716 1781 2892 1834 acrius
2941 1790 2992 1833 et
3026 1780 3311 1833 instantius
3347 1793 3638 1847 persequens,
3671 1792 3755 1830 m-

2278 1868 2437 1946 dendi
2477 1870 2681 1923 aditum
2709 1869 2939 1938 jamjam
2972 1868 3253 1937 desperare
3299 1869 3572 1936 cnmpellat,
3592 1867 3635 1919 in
3655 1876 3755 1922 arcte

2279 1951 2411 2019 situs
2452 1964 2506 2017 in
2547 1980 2603 2017 os
2635 1980 2688 2018 se
2716 1964 2976 2018 venatoris
3013 1964 3169 2032 erigit
3219 1962 3410 2031 sibique
3435 1961 3591 2014 deesse
3616 1960 3753 2022 uirilis,

2277 2065 2487 2126 propter
2510 2072 2626 2126 qua:
2678 2067 3006 2126 perurgetur,
3056 2055 3302 2109 ostendit.
3343 2054 3428 2109 Sic
3475 2052 3533 2105 ab
3560 2053 3753 2105 insectan-

2281 2156 2348 2201 tts
2378 2147 2629 2202 venabulo
2674 2147 2926 2200 liberatur
2950 2147 3080 2199 dum
3120 2144 3340 2199 ostendit
3361 2143 3454 2198 sibi
3494 2141 3640 2196 deesse
3663 2142 3753 2211 quod

2278 2241 2551 2310 qua'ritur.
2609 2237 2840 2301 Plinius,
2900 2237 2995 2292 lib.
3034 2252 3156 2302 vrl,
3207 2252 3323 2306 cap.
3355 2218 3441 2298 ὅθ’,
3474 2233 3657 2287 Animal
3679 2235 3756 2287 bor-

2278 2331 2426 2387 rendi
2458 2350 2683 2397 morsus,
2728 2331 2939 2387 arbores
2962 2330 3137 2403 juxta
3164 2331 3456 2401 flumth
3479 2329 3609 2401 ferro
3633 2326 3753 2383 (iniit.

2268 2424 2525 2493 ﬂaminis
2577 2437 2725 2496 parte
2778 2427 3150 2495 comprehensa
3208 2443 3309 2480 non
3353 2434 3602 2494 antequam
3635 2424 3755 2490 {recte

2279 2524 2671 2587 cancrepuerint
2702 2536 2845 2581 ossa,
2882 2535 3093 2574 morsus
3145 2518 3367 2574 resolvit.
3395 2516 3553 2587 Hujus
3591 2517 3633 2569 in
3668 2530 3755 2584 pro-

2280 2612 2586 2669 sternendis
2614 2612 2897 2667 arboribus
2922 2611 3204 2667 solertiam
3237 2620 3292 2665 et
3333 2624 3537 2680 scopum
3576 2608 3631 2663 ab
3663 2621 3755 2659 ocu-

2281 2703 2390 2757 lato
2424 2711 2561 2759 teste
2583 2703 2687 2760 sibi
2728 2703 2956 2758 relatum
2993 2702 3166 2756 tradit
3194 2701 3465 2758 Conradus
3487 2697 3756 2752 Rittlwrshu-

2281 2796 2417 2858 sius,
2464 2794 2763 2850 Comment.
2791 2797 2842 2848 in
2874 2795 2967 2849 lib.
3014 2811 3029 2849 t
3071 2795 3324 2850 Ἀλιευτ.
3352 2792 3576 2863 Oppiani.
3612 2787 3752 2843 Μίνω

2278 2886 2564 2954 praedicant
2593 2903 2702 2941 esse
2734 2886 2889 2953 hujus
2921 2886 3163 2942 bestiolae
3187 2885 3469 2946 solertiam,
3497 2898 3586 2952 qua
3610 2881 3652 2932 in
3674 2894 3756 2947 pro-

620 2979 863 3041 spectum
893 2973 1042 3043 regio
1074 2972 1262 3027 morbo
1307 2973 1680 3030 laborantibus
1716 2976 2180 3063 prpdesseJElia-
2205 3005 2249 3063 ο
2281 2977 2568 3032 sternendis
2614 2978 2889 3033 arboribus
2941 2989 3153 3035 utatur.
3194 2978 3403 3046 Quoties
3443 2972 3646 3029 dentibus

621 3079 726 3118 nus
765 3063 861 3123 lib.
883 3078 1016 3126 xvu,
1052 3078 1173 3133 cap.
1207 3064 1274 3117 13
1300 3082 1313 3117 :
1342 3063 1648 3138 Χαραδριοῦ
1687 3065 1741 3118 δὲ
1777 3060 1844 3136 ἦν
1876 3067 1982 3139 ἄρα
2012 3066 2180 3140 δῶρον

616 3152 793 3219 τοῦτο,
843 3153 901 3208 ὃν
932 3155 991 3207 οὐ
1031 3154 1106 3226 μὰ
1139 3154 1236 3208 Διὰ
1267 3155 1548 3226 ἀτιμάζειν
1575 3156 1737 3224 ἄξιον.
1773 3158 1872 3211 Ἦν
1904 3158 2053 3228 γοῦν,
2082 3162 2181 3215 ὐπ-

617 3244 977 3317 αναπλησθεὶς
1000 3246 1058 3299 τὸ
1094 3246 1252 3317 σῶμα
1277 3246 1485 3318 ἰκτέρου
1513 3266 1616 3312 τις,
1645 3247 1761 3304 εἶτά
1791 3251 1839 3305 οἱ
1879 3251 2040 3323 δριμὺ
2074 3255 2182 3307 ὲνο-

621 3335 757 3410 ρὼῃ,
783 3339 811 3390 ὁ
837 3337 893 3392 δὲ
923 3337 1238 3411 ἀντιϐλέπῃ,
1272 3339 1363 3392 καὶ
1394 3339 1535 3410 μάλα
1561 3358 1619 3394 τε
1649 3341 1957 3415 ἀτρέπτωρ,
1993 3343 2179 3417 ὥσπερ

617 3423 709 3481 οὖν
748 3427 1228 3500 ἀντιθυμούμενος,
1255 3433 1287 3501 ἡ
1318 3430 1536 3502 τοιαύτη
1568 3431 1857 3503 ἀνάϐλεψις
1895 3435 2037 3488 ἰᾶται
2082 3434 2177 3489 τοῦ

618 3518 1013 3591 προειρημένου
1043 3519 1244 3578 πάθους
1271 3521 1360 3573 τὸν
1385 3520 1686 3594 ἄνθρωπον.

690 3608 850 3677 lbid.,
882 3610 978 3664 lin.
1003 3611 1091 3665 «i5.
1137 3612 1193 3663 Ὀ
1209 3609 1277 3663 δὲ
1296 3615 1629 3682 μονόκερως
1658 3613 1822 3675 ζῶον.
1847 3615 2041 3673 Petrus
2074 3616 2178 3672 Da-

618 3705 857 3770 mianus,
883 3705 973 3760 lib.
1002 3723 1066 3770 tl,
1095 3722 1180 3778 ep.
1213 3708 1310 3763 18:
1339 3709 1469 3775 Quis
1492 3694 1626 3763 hanc
1654 3709 2027 3780 ingenuitatem
2056 3714 2176 3767 uni-

619 3801 766 3853 corni
797 3799 1038 3863 contulit,
1075 3808 1133 3853 ut
1165 3799 1471 3872 dedignetur
1518 3801 1716 3855 uiribus
1765 3802 1923 3867 vinci,
1955 3803 2174 3858 humili—

620 3890 747 3944 tatis
771 3898 884 3944 arte
916 3890 1151 3959 patiatur
1183 3907 1237 3945 se
1271 3892 1428 3961 facile
1458 3894 1740 3960 superari?
1776 3911 2043 3965 nunquam
2075 3899 2176 3951 scio

620 3980 739 4036 licet
797 3999 829 4035 a
862 3982 1191 4037 venatoribus
1242 3984 1469 4052 capitur,
1504 3985 1609 4039 nisi
1660 3986 1806 4054 prius
1861 3987 1913 4041 in
1962 3988 2173 4059 virginis

615 4074 811 4144 gremio
841 4076 1138 4132 reclinetur.
1163 4075 1444 4132 Cardanus
1470 4090 1814 4134 monocerota
1840 4095 1963 4135 cum
1992 4082 2175 4136 rhino-

617 4175 796 4222 cerote
837 4166 1153 4224 conludisse
1198 4170 1612 4240 reprehenditur
1638 4186 1670 4225 a
1704 4170 1849 4227 Julio
1873 4170 2168 4245 Scaligeru,

618 4273 802 4315 exere.
838 4259 962 4315 205.
995 4258 1097 4315 Alii
1132 4276 1349 4333 orygem
1380 4269 1542 4337 atque
1590 4273 1988 4321 monocerotem
2028 4283 2175 4322 eum-

2285 3068 2444 3121 ictum
2478 3068 2672 3137 inﬂixit
2724 3068 2919 3129 arbori,
2953 3070 3111 3123 toties
3154 3069 3217 3122 ob
3247 3066 3419 3122 eadem
3446 3064 3680 3135 procurrit,
3703 3062 3754 3115 ri-

2284 3173 2401 3210 sum
2429 3173 2493 3210 an
2528 3166 2692 3222 nutet,
2743 3174 2812 3211 an
2861 3159 3076 3213 ruinam
3123 3159 3367 3217 minetur,
3410 3173 3466 3209 ne
3493 3154 3605 3219 [orte
3631 3150 3679 3204 ab
3710 3166 3752 3202 ea

2284 3248 2640 3316 opprimatur;
2661 3246 2747 3302 ubi
2768 3249 2898 3302 nihil
2925 3248 3152 3319 periculi
3167 3266 3278 3303 esse
3300 3249 3447 3302 videt.
3465 3246 3621 3299 arbore
3633 3240 3753 3294 adhuc

2283 3339 2441 3404 ﬁrma
2479 3337 2691 3408 plagam
2735 3339 2935 3407 repetit,
2981 3339 3113 3392 dum
3168 3356 3230 3393 ea
3275 3337 3471 3392 tandem
3499 3332 3748 3403 prolabatur.

2283 3426 2391 3483 Cur
2426 3439 2599 3483 autem
2631 3429 2839 3483 arbores
2869 3429 3024 3484 cwdit
3053 3448 3121 3485 ac
3146 3431 3389 3501 proruit?
3425 3430 3632 3483 nimirum
3654 3422 3749 3480 idea.

2281 3534 2339 3575 ut
2368 3523 2423 3576 in
2457 3539 2622 3593 aquas
2678 3522 2958 3592 prolapsaz,
2999 3522 3150 3591 {aliis
3183 3534 3234 3578 et
3269 3522 3425 3577 ramis
3445 3521 3553 3574 limo
3579 3513 3747 3570 obductis

2280 3615 2444 3683 pisces
2488 3614 2749 3679 alliciant,
2802 3632 2930 3685 quos
2972 3616 3155 3685 capiat
3184 3632 3246 3669 ac
3287 3613 3481 3668 devoret
3519 3609 3637 3678 ﬁber.
3664 3605 3748 3657 llr:

2282 3707 2481 3760 amicus
2509 3706 2723 3776 quidam
2744 3716 3013 3775 paternus,
3046 3709 3141 3778 qui
3171 3708 3283 3772 eius
3312 3708 3383 3760 rei
3407 3703 3636 3768 αὐτόπτης
3662 3696 3744 3763 [εἰει

2282 3797 2567 3869 aliquando
2616 3798 2743 3851 mihi
2798 3799 2998 3853 retulit.
3058 3798 3397 3855 Mansuetum
3450 3809 3555 3849 esse
3593 3797 3745 3845 Castora

2280 3899 2470 3945 contra
2530 3891 2840 3947 Cardanum
2912 3900 3073 3961 negat
3142 3890 3398 3962 Scaliger,
3458 3900 3610 3943 exere.
3656 3879 3743 3941 ill.

2280 3997 2429 4036 num.
2462 3981 2515 4036 6.

2350 4073 2507 4137 lbid.,
2537 4074 2633 4129 lin.
2662 4075 2751 4130 52.
2793 4075 3148 4144 Χρησιμεὺει
3186 4074 3254 4129 δὲ
3288 4074 3358 4128 τὰ
3385 4069 3571 4125 αἰδοῖα.
3602 4065 3739 4119 Eorum

2280 4166 2335 4220 in
2365 4166 2644 4221 medicinis
2670 4182 2826 4222 usum
2859 4165 3027 4221 habes
3054 4167 3199 4236 apud
3231 4165 3473 4228 Plinium,
3513 4159 3591 4214 lib.
3619 4165 3740 4211 sunt

2278 4257 2441 4327 capit.
2476 4257 2529 4322 3,
2560 4265 2614 4312 et
2642 4256 2779 4312 alios
2807 4255 3068 4312 medicos.

616 4348 738 4403 dem
774 4362 896 4404 esse
927 4350 1170 4404 arbitrati
1210 4359 1355 4404 sunt.
1385 4332 1556 4420 Hujus
1589 4353 1927 4410 confusionis
1957 4355 2046 4409 illa
2080 4355 2177 4410 fuit

2349 4347 2508 4413 lbid.,
2558 4349 2656 4402 lin.
2705 4348 2793 4403 55.
2840 4349 3207 4417 Διωκόμενον
3248 4342 3373 4402 οὖν.
3409 4342 3458 4398 Si
3499 4333 3672 4411 quando
3701 4332 3737 4383 in

616 4440 789 4510 origo,
815 4439 957 4509 quod
992 4439 1247 4510 pleraque
1276 4440 1530 4494 animalia
1570 4442 1730 4497 unico
1764 4450 1974 4498 tantum
2005 4460 2176 4500 cornu

617 4529 1024 4592 decorarentur,
1068 4538 1229 4600 atque
1285 4539 1651 4587 armarentur.
1698 4532 1879 4599 Quare
1927 4538 2176 4592 nonnulli

617 4631 818 4692 septem
860 4622 1175 4678 animalium
1216 4638 1411 4694 genera
1442 4624 1603 4678 unico
1632 4640 1803 4680 cornu
1847 4627 2178 4683 adnotarunt

617 4714 673 4769 in
706 4712 901 4768 Plinio.
924 4712 1165 4782 Scaliger
1192 4714 1311 4769 loco
1342 4714 1397 4768 d.
1423 4732 1488 4770 ex
1512 4715 1758 4785 corporis
1788 4717 1960 4773 forma
1993 4719 2176 4775 diver-

618 4807 897 4863 sissimam
924 4822 1047 4862 esse
1068 4805 1405 4861 rhinocerota
1423 4822 1450 4860 a
1466 4817 1808 4863 monocerote
1823 4809 2173 4867 demonstrat.

615 4898 823 4953 Plinius
855 4897 951 4960 ita,
979 4897 1257 4967 graphice,
1282 4897 1510 4961 lib.vm,
1537 4914 1657 4970 cap.
1688 4899 1752 4953 21
1780 4919 1791 4954 :
1815 4901 2175 4970 Asperrimam

616 4998 788 5044 autem
828 4988 998 5058 {erant
1020 4999 1397 5043 monocerotem
1424 4991 1621 5060 reliquo
1642 5007 1855 5059 corpore
1885 5009 2012 5062 equo
2036 4995 2177 5048 simi-

615 5083 737 5146 lem,
786 5084 953 5151 capite
1006 5098 1174 5144 cervo,
1214 5082 1427 5153 pedibus
1451 5082 1747 5152 elephanto,
1798 5085 1969 5138 cauda
2020 5101 2168 5154 apro,

614 5177 812 5246 mugitu
858 5176 1025 5247 gravi,
1052 5194 1155 5231 uno
1193 5194 1355 5231 cornu
1396 5179 1545 5248 nigro
1576 5177 1745 5231 media
1776 5178 1946 5247 fronte
1972 5178 2174 5231 cubito-

614 5283 728 5319 rum
764 5267 936 5320 decem
960 5268 1233 5322 eminente.
1261 5266 1411 5321 Hanc
1443 5268 1609 5339 feram
1632 5268 1795 5323 vivam
1828 5279 2013 5337 negant
2035 5270 2171 5339 capi.

615 5357 742 5412 Item
768 5357 1007 5422 Solinus,
1037 5373 1156 5429 cap.
1188 5358 1294 5425 35;
1328 5358 1728 5416 Vartomannus
1757 5375 1822 5415 ex
1857 5360 2168 5431 Sealigero:

620 5450 965 5506 Unicornibus
1023 5453 1140 5521 equi
1190 5450 1515 5522 magnitudo,
1569 5467 1748 5515 crura,
1793 5451 1965 5521 pedes,
2015 5461 2172 5522 caput

614 5542 877 5610 rerui,pili
905 5543 1050 5599 calor
1076 5543 1267 5608 balius,
1293 5544 1410 5614 equi
1429 5543 1564 5613 juba
1586 5544 1781 5608 rarior,
1812 5542 2012 5598 brevior
2029 5559 2172 5598 com

615 5631 842 5700 villosa’,
877 5643 983 5691 etc.
1016 5635 1187 5702 Quem
1236 5638 1468 5694 maxime
1508 5636 1723 5694 dill‘erre
1767 5636 1835 5692 ab
1864 5636 1964 5692 hoc
2008 5653 2169 5708 quem

2279 4441 2519 4510 periculo
2549 4447 2696 4503 sunt,
2746 4439 3164 4509 insequentibus
3200 4439 3418 4493 canibus
3458 4439 3505 4488 et
3536 4420 3735 4484 venatori-

2276 4534 2397 4596 bus,
2431 4548 2723 4604 praemorsa
2757 4532 2858 4587 sibi
2886 4546 2985 4587 sua
3015 4532 3271 4604 genitalia
3297 4515 3735 4615 abjieere,atque

2276 4625 2523 4691 evadere,
2555 4640 2586 4678 a
2631 4624 2877 4694 pluribus
2924 4625 3285 4694 scriptoribus
3334 4616 3577 4677 memoria
3608 4605 3735 4680 ρτοάί·

2277 4724 2389 4770 ιυω
2419 4722 2523 4780 est,
2563 4730 2728 4786 seque
2765 4730 2827 4771 ea
2859 4723 3013 4786 parte
3040 4716 3284 4786 corporis
3314 4712 3552 4768 redimere
3575 4708 3732 4786 propter

2275 4821 2438 4877 quam
2484 4784 2721 4861 maxime
2749 4784 3098 4877 expetuntur.
3134 4784 3311 4863 Horus
3342 4804 3426 4859 lib.
3461 4817 3513 4865 ιι,
3540 4810 3635 4863 ων·
3658 4784 3728 4841 6⁵³

2287 4899 2523 4961 Ἐκεῖνος
2574 4895 2681 4969 γὰρ
2727 4896 3191 4968 καταδωκὸμενος
3232 4897 3307 4961 εἰς
3360 4894 3449 4963 τὴν
3484 4890 3623 4957 ἄγραν
3645 4878 3728 4935 τοὺς

2277 4990 2436 5053 ἰδίους
2481 4988 2732 5060 διδύμους
2776 4988 3038 5042 ἀποσπῶν
3084 4990 3281 5059 ῥίπτει.
3322 4985 3512 5039 Plinius
3542 4977 3615 5031 lib.
3645 4981 3727 5027 Vm.

2273 5097 2397 5150 cap.
2437 5082 2506 5136 50
2536 5099 2549 5134 :
2583 5079 2809 5134 Easdem
2843 5090 3018 5151 partes
3056 5081 3158 5136 sibi
3193 5080 3291 5150 ipsi
3318 5072 3508 5132 Pontici
3529 5066 3725 5134 amputa!"

2272 5174 2393 5244 ﬁbri
2419 5173 2646 5244 periculo
2670 5182 2901 5245 urgente,
2945 5174 3008 5229 ob
3035 5173 3133 5229 hoc
3171 5190 3226 5228 se
3250 5172 3350 5243 peti
3372 5165 3525 5241 gnari.
3559 5158 3724 5215 lmen:-

2272 5267 2361 5331 lis,
2394 5265 2508 5321 Sat.
2540 5265 2626 5332 12,

2823 5377 3073 5434 Imitatus
3100 5387 3325 5442 castora,
3353 5372 3432 5442 qui
3453 5385 3501 5424 se

2275 5448 2581 5523 Eunuchum
2618 5450 2725 5519 ipse
2747 5450 2881 5523 facit
2908 5452 3115 5523 cupiens
3140 5450 3345 5523 euadere
3360 5444 3543 5523 damno.

2276 5516 2658 5575 Testiculorum
2687 5516 2816 5574 adeo
2847 5516 3154 5574 meditatum
3186 5516 3408 5586 intelligit
3442 5516 3624 5579 inguen.

2273 5634 2594 5693 Ammianus
2619 5634 2967 5694 Marcellinus
2993 5635 3090 5693 lib.
3118 5652 3226 5693 xvn
3253 5653 3267 5704 ;
3308 5630 3524 5687 Elianus
3547 5619 3608 5676 De
3628 5609 3717 5668 biti-
