3952 6204
184 199 303 258 957

1192 198 1259 255 ΙΝ
1294 195 1664 257 EUSTATﬂll
1699 195 2175 258 HEIAEIIERON
2210 202 2439 261 ΝΟΤᾸΞ.

3296 176 3411 263 ius

184 319 355 371 anim.
397 312 492 370 lib.
514 331 589 381 vt,
624 320 744 386 cap.
765 315 866 382 ὄις
900 313 1141 379 Solinus,
1167 316 1332 387 capit.
1357 315 1448 380 23,
1473 315 1566 387 qni
1595 313 1739 369 idem
1766 316 1814 374 Α
1841 312 1935 368 lib.
1976 331 2072 371 νιιι
2089 355 2106 381 ,
2129 332 2250 390 esp.
2289 321 2395 377 50:
2422 323 2607 391 Africa
2628 327 2897 382 asinorum
2934 324 3249 380 silvestrium
3268 323 3403 377 mul-

182 408 353 475 eapit.
405 405 476 460 28
528 406 598 461 de
649 406 949 476 elephantis
1000 407 1230 475 scribit;
1260 428 1261 431 η
1286 406 1564 470 Alciatus,
1628 419 1743 461 em-

185 498 352 553 blem.
386 497 523 553 152:

187 588 266 644 Et
295 588 505 655 pedibus
536 589 728 659 segnis.
754 589 954 644 tumida
979 600 1028 645 et
1073 590 1426 659 propendulus
1455 589 1570 645 alvo

264 663 388 730 Hice
415 668 585 713 tamen
614 659 834 715 insidias
862 662 1040 730 effugit
1073 674 1184 715 arte
1214 662 1360 730 ﬁber.

186 727 463 783 Μοναίσης
494 731 602 797 ipse
631 730 729 783 sibi
769 727 1028 785 medicata
1061 727 1233 785 virilia
1264 731 1428 796 vellit,

265 799 664 870 Atqueabjicit,
685 816 802 870 sese
828 817 1023 870 gnarus
1051 801 1113 854 ob
1143 802 1237 855 illa
1274 803 1396 870 peti.

187 868 371 934 Hujus
404 868 466 921 ab
491 869 723 937 exemplo
751 868 917 925 disces
956 888 1057 924 non
1084 868 1294 937 parcere
1322 870 1496 934 rebus,

259 937 333 992 Et
363 940 522 994 vitam
552 950 608 992 ut
638 941 887 1005 redimas,
926 941 1158 995 hostibus
1189 957 1299 995 wra
1331 941 1477 994 dare.

182 1045 256 1102 Et
288 1028 472 1121 plures
493 1049 603 1103 alii.
631 1048 768 1104 Hinc
791 1059 844 1105 et
869 1050 1047 1105 fabula
1073 1050 1349 1121 Esopica,
1380 1056 1434 1104 et
1460 1047 1740 1119 Apuleius,

182 1141 288 1196 lib.
329 1156 346 1195 ι
393 1141 573 1206 Asini,
623 1140 937 1197 Thessalam
982 1142 1272 1198 veneﬁcam
1305 1142 1496 1198 scribit
1536 1148 1745 1195 amato-

180 1246 306 1288 rem
334 1248 512 1297 suum,
547 1232 801 1303 quoniam
828 1234 1050 1289 alterius
1089 1235 1328 1290 mulieris
1356 1234 1745 1289 consuetudine

178 1324 327 1381 usus
356 1325 584 1389 fuisset,
626 1324 682 1379 in
731 1334 997 1381 castorem
1048 1338 1303 1391 mutasse,
1340 1334 1398 1379 ut
1443 1333 1743 1395 amputaret

180 1414 296 1469 sibi
328 1415 601 1486 genitalia,
638 1414 684 1471 si
722 1414 943 1485 quando
972 1424 1258 1471 venatores
1303 1416 1738 1484 insequerentur.

177 1504 372 1576 Longe
398 1514 579 1561 tamen
610 1506 713 1561 alia
739 1519 821 1562 est
847 1506 1116 1561 sententia
1162 1506 1329 1561 Sextii
1375 1506 1567 1561 medici
1599 1504 1741 1576 apud

177 1596 445 1662 Plinium,
478 1599 569 1653 lib.
612 1612 770 1662 χχιιι,
800 1613 919 1669 cap.
958 1599 1029 1653 ὃς
1065 1598 1376 1664 Spectabilis
1410 1611 1621 1653 natura:
1647 1613 1741 1667 po-

1844 409 2116 465 titudinem
2149 412 2345 480 fundit.
2374 413 2552 471 Mares
2573 420 2626 471 in
2658 435 2716 473 eo
2747 434 2926 490 genere
2947 417 3139 487 singuli
3171 417 3396 485 femina-

1840 514 1958 553 rum
1978 503 2214 572 gregibus
2241 505 2561 572 imperitant.
2590 508 2870 580 Oppianus
2896 514 3119 577 Κυνητς
3147 525 3202 562 ιιι
3226 524 3240 573 ;
3272 508 3399 578 AB"

1844 593 2062 650 mianus
2092 596 2456 664 Marcellinus.
2479 603 2574 656 lib.
2601 618 2768 661 xstv:
2801 604 3082 659 Asinorum
3114 602 3398 672 agrestium

1841 687 2125 744 multitudo
2163 692 2216 744 in
2251 694 2506 748 tractibus
2530 694 2797 751 Parthicis
2829 705 2904 750 est
2942 697 3234 750 innumera.
3274 692 3397 747 Ideo

1840 779 2002 833 simul
2020 780 2283 843 incedens,
2310 792 2367 836 ut
2390 787 2766 856 constipatione
2786 786 2956 842 denso
2971 786 3165 856 feroces
3192 784 3398 839 leonum

1841 866 2127 935 frustretur
2155 872 2411 928 assultus.

1912 959 2048 1015 lbid.
2105 962 2213 1017 Kal
2247 963 2366 1018 τῶν
2402 966 2749 1037 γενομένων.
2778 966 3005 1029 Plinius,
3032 966 3268 1027 ibidem:
3306 964 3398 1020 Ti-

1841 1060 1981 1104 ment
2020 1050 2256 1107 libidinis
2287 1053 2522 1118 temulos,
2565 1065 2615 1110 et
2651 1055 2765 1111 ideo
2801 1056 3046 1127 gravidas
3071 1053 3393 1121 custodiunt,

1842 1158 2120 1213 morsuque
2140 1156 2294 1199 natos
2323 1161 2495 1201 mares
2517 1155 2777 1209 castraut,
2809 1159 2992 1202 contra
3011 1146 3242 1219 gravida:
3262 1147 3395 1201 late-

1843 1233 1963 1288 bras
1996 1245 2196 1303 petunt,
2223 1246 2273 1290 et
2312 1254 2496 1305 parere
2530 1239 2675 1307 furto
2708 1240 2942 1309 cupiunt,
2967 1241 3289 1309 gaudentque
3308 1254 3396 1293 co-

1838 1324 1928 1391 pia
1956 1323 2212 1379 libidinis.
2246 1325 2524 1396 Oppianus
2548 1327 2681 1382 ibid.
2708 1328 3082 1392 disertissime,
3105 1344 3261 1398 quem
3287 1344 3396 1382 om-

1840 1416 1972 1469 nino
1995 1418 2244 1483 consule;
2264 1417 2521 1485 Isidorus,
2540 1418 2580 1474 l.
2616 1433 2714 1483 xu,
2739 1434 2862 1488 cap.
2896 1420 2948 1485 l;
2979 1416 3146 1473 Olaus
3174 1417 3395 1486 llagmts

1839 1505 2121 1563 confundit
2149 1510 2289 1563 male
2309 1523 2543 1580 onagros
2568 1525 2690 1565 cum
2722 1511 2948 1565 alcibus.
2973 1509 3066 1565 Est
3112 1519 3165 1564 et
3186 1524 3389 1564 memo-

1839 1600 1934 1654 ria:
1958 1615 2066 1657 non
2095 1600 2372 1669 indignum
2398 1600 2542 1669 quod
2564 1598 2714 1655 Phile
2740 1601 2795 1655 in
2825 1599 3048 1665 lambis,
3078 1610 3133 1656 et
3155 1600 3395 1653 Ammia—

180 1690 352 1744 tentia
381 1692 433 1743 in
462 1689 541 1743 his
572 1704 790 1759 quoque,
823 1663 1008 1761 quibus
1036 1701 1085 1744 et
1123 1692 1177 1745 in
1221 1692 1394 1752 terris.
1434 1699 1481 1744 et
1520 1691 1573 1744 in
1603 1663 1740 1760 aqua
1773 1663 1812 1721 Β
1843 1706 1947 1746 nus
1977 1663 2322 1747 Marcellinus
2353 1692 2388 1745 ι.
2417 1663 2592 1753 astu.
2619 1691 2685 1747 de
2710 1691 2819 1748 illis
2846 1663 3071 1747 scribit:
3108 1691 3277 1752 Asini,
3309 1693 3394 1746 in-

178 1783 353 1836 uictus
388 1791 487 1844 est,
532 1782 668 1835 sicut
704 1790 753 1836 et
799 1783 967 1852 ﬁbris,
1003 1798 1128 1853 quos
1162 1792 1399 1835 castoras
1445 1789 1648 1844 vocant,
1690 1789 1742 1834 et

177 1884 425 1928 castorea
457 1883 608 1928 testes
650 1891 849 1928 eorum.
876 1873 1155 1943 Amputari
1197 1873 1289 1927 hos
1334 1873 1399 1926 ab
1444 1874 1592 1941 ipsis,
1621 1889 1739 1925 cum

174 1968 482 2035 capiantur.
514 1977 666 2038 negat
715 1965 922 2022 Sextius
970 1966 1405 2037 diligentissimus
1448 1965 1736 2019 medicina.

177 2057 430 2123 Quinimo
465 2073 651 2126 parvos
680 2073 810 2120 esse.
857 2056 1283 2127 substrictosque,
1323 2069 1371 2111 et
1404 2057 1733 2111 adherentes

174 2148 367 2215 spina,
391 2164 548 2218 neque
568 2149 730 2202 adimi
757 2148 870 2202 sine
900 2148 1006 2202 vita
1037 2148 1282 2202 animalis
1308 2162 1477 2216 posse.
1514 2146 1740 2217 Negavit

174 2239 327 2295 idem
375 2239 737 2304 Dioscorides,
783 2240 874 2294 lib.
924 2255 982 2306 ιι,
1017 2255 1137 2310 cap.
1181 2240 1272 2304 99,
1321 2248 1373 2295 et
1413 2238 1738 2295 Franciscus

174 2326 472 2391 Vallesius,
504 2328 579 2384 De
606 2345 759 2384 sacra
794 2328 1084 2399 philosoph.
1112 2345 1230 2400 cap.
1265 2332 1317 2385 3.

249 2424 414 2491 lbid.,
445 2426 538 2480 lin.
572 2426 660 2481 55.
693 2425 1149 2479 Ἔπιδιωκόντων
1191 2424 1259 2479 δὲ
1299 2425 1520 2480 ἄλλων.
1560 2424 1731 2480 Elia-

174 2531 287 2571 nus
316 2514 391 2571 De
416 2517 535 2571 hist.
567 2518 729 2572 anim.
762 2516 886 2571 libr.
910 2533 986 2581 vn,
1019 2531 1138 2587 cap.
1166 2517 1270 2572 ὄις
1298 2516 1425 2570 Ἐὰν
1454 2517 1510 2570 δὲ
1614 2515 1739 2587 πρό-

171 2625 338 2679 τερον
370 2607 611 2678 ἐκτεμὼν
660 2608 754 2662 καὶ
789 2607 999 2672 σωθεὶς,
1035 2603 1153 2661 εἶτα
1182 2607 1339 2662 πάλιν
1378 2606 1632 2679 διώκηται
1655 2624 1669 2639 ο
1708 2608 1738 2660 δ

172 2701 235 2756 δὲ
279 2700 584 2771 ἀναστήσας
618 2700 827 2762 ἑαυτὸν,
871 2700 964 2753 καὶ
995 2698 1283 2766 ἐπιδείξας,
1313 2700 1394 2753 ὅτι.
1429 2700 1526 2771 τῆς
1560 2700 1737 2753 αὐτῶν

176 2790 420 2862 σπουδῆς
439 2791 539 2844 οὐκ
562 2790 792 2863 ἔχειτὴν
818 2789 1076 2844 ὑπόθεσιν
1103 2790 1196 2844 τοῦ
1228 2791 1534 2862 περαιτέρω
1559 2792 1740 2863 καμά-

173 2897 297 2947 του,
334 2881 605 2954 παρέλυσε
651 2883 776 2947 τοὺς
823 2881 1093 2954 θηρατάς·
1140 2878 1301 2953 ἦττον
1349 2881 1457 2952 γὰρ
1506 2881 1584 2935 ἔτι
1627 2884 1737 2938 τῶν

174 2976 360 3047 κρεῶν
388 2976 614 3039 ἐκείνοις
648 2975 863 3066 φροντίς
900 2977 1035 3028 ἐστι.
1078 2972 1343 3066 nonam;
1472 2975 1565 3028 καὶ
1590 2975 1735 3066 {vop-
1764 3002 1810 3063 c
1835 2999 1954 3050 οὐκ
1986 2994 2129 3063 ἐρέω
2160 2996 2414 3066 κρυερὸν

175 3086 264 3141 χοι
294 3068 463 3132 ὄντες,
490 3068 565 3131 ὡς
601 3065 933 3139 πορρωτάτω
965 3066 1188 3128 ἑαυτοὺς
1218 3065 1631 3129 ἀποσπάσαντες
1658 3064 1736 3136 τῷ

172 3160 385 3232 δρόμῳ,
418 3156 535 3212 εἶτα
561 3157 971 3221 ὑποστείλαντες
997 3156 1059 3211 τὸ
1088 3156 1514 3228 σπουδαζόμενον
1548 3158 1733 3229 μέρος,

174 3254 325 3307 πάνυ
367 3251 547 3320 σοφῶς
592 3252 686 3304 καὶ
750 3248 1073 3321 πανούργως
1112 3247 1479 3320 ἐξηπάτησαν,
1526 3250 1601 3313 ὼς
1638 3249 1739 3303 οὐκ

172 3344 396 3413 ιχοντες
419 3343 454 3396 ἃ
477 3342 777 3412 κρύψαντες
802 3341 1032 3410 ἔχουσιν.
1064 3337 1163 3395 Hic
1190 3340 1365 3395 obiter
1400 3340 1738 3395 animadver-

173 3434 406 3490 tendum
449 3424 784 3505 a'Scaligero
807 3433 1113 3488 Cardanum
1142 3431 1462 3502 reprehendi
1492 3431 1634 3502 quod
1670 3431 1729 3485 ﬁ-

174 3525 266 3581 bri
307 3533 475 3581 testes
525 3541 647 3579 cum
700 3526 925 3581 moscho
974 3533 1176 3579 temere
1224 3523 1553 3588 confuderit,
1583 3524 1738 3580 dece-

174 3629 332 3690 ptum
390 3633 457 3673 ex
492 3618 629 3671 mala
673 3617 1112 3686 interpretatione
1145 3613 1497 3669 Vartomanni
1554 3620 1733 3671 exere.
1774 3636 1783 3651 ·

173 3711 306 3773 211,
339 3725 491 3763 num.
518 3708 571 3771 6,
597 3716 650 3763 et
671 3723 851 3764 exere.
880 3708 1006 3764 210.
1039 3722 1190 3761 num.
1223 3707 1276 3762 5.
1310 3705 1556 3762 Errorem
1586 3714 1739 3762 notat

174 3801 466 3857 Varronis.
501 3801 590 3871 qui
638 3799 851 3865 librum,
884 3800 1079 3855 lutram
1125 3800 1209 3856 vel
1245 3799 1528 3871 enhydrim
1568 3814 1736 3853 unum

177 3898 371 3954 fecerit
390 3913 530 3972 .qua:
555 3905 609 3953 et
648 3895 815 3953 Olaus
852 3896 1079 3970 Magnus
1112 3906 1258 3953 recte
1296 3897 1606 3968 distinguit,
1638 3895 1734 3952 lib.

175 4005 336 4054 xvm,
380 3998 434 4044 et
469 3990 581 4043 alii.

246 4082 369 4138 Col.
399 4081 522 4147 745,
550 4082 646 4137 lin.
683 4080 733 4137 i.
774 4082 827 4135 Ὀ
863 4079 931 4135 δὲ
956 4079 1405 4150 μυρμηκολέων.
1438 4076 1736 4152 Myrmeco-

177 4178 353 4234 leonis
377 4183 583 4231 natura:
609 4174 1017 4229 fundamentum
1050 4174 1256 4243 absque
1279 4173 1444 4228 dubio
1474 4181 1558 4229 est
1592 4172 1736 4244 quod

172 4269 375 4340 legitur
423 4267 563 4338 apud
605 4265 728 4331 Job,
768 4281 887 4337 cap.
933 4283 1009 4331 tv,
1062 4282 1204 4323 vers.
1259 4266 1347 4328 ll,
1391 4264 1737 4336 Mgrmecoteo

170 4353 333 4421 periit
358 4368 420 4406 eo
443 4351 579 4421 quod
607 4367 709 4406 non
742 4350 947 4406 haberet
968 4350 1224 4419 praedam.
1263 4350 1435 4420 Hujus
1465 4351 1568 4404 loci
1598 4351 1739 4421 opti-
1771 4358 1814 4414 υ

172 4460 322 4499 suam
350 4443 763 4513 explicationem
791 4442 958 4498 habes
981 4441 1124 4512 apud
1153 4429 1404 4496 Photium
1436 4457 1502 4496 ex
1534 4439 1744 4511 Eulogii

171 4534 528 4592 Alexandrini
558 4535 681 4590 libr.
712 4550 785 4597 tv,
816 4543 1007 4588 contra
1031 4533 1379 4589 Novatianos.
1410 4532 1480 4589 De
1506 4534 1590 4589 his
1611 4533 1746 4603 Aga-

176 4623 533 4682 tharcbides:
563 4624 683 4678 Τῶν
713 4623 767 4678 δὲ
791 4624 1134 4696 καλουμένων
1177 4624 1660 4697 μυρμηκολεόντων
1693 4624 1742 4678 oi

179 4719 281 4789 μὶν
314 4716 554 4771 πλεῖστοι
576 4717 714 4770 κατὰ
739 4716 837 4788 τὴν
865 4716 1005 4770 ἰδέαν
1026 4716 1130 4771 τῶν
1151 4716 1348 4770 λοιπῶν
1367 4715 1519 4769 οὐδὲν
1538 4715 1743 4787 παραλ-

173 4809 449 4871 λάττουσι,
490 4808 588 4881 τὴν
624 4806 680 4861 δὲ
710 4806 819 4860 τῶν
843 4805 1053 4860 αἰδοίων
1088 4805 1245 4875 φύσιν
1282 4805 1742 4879 ἀπεστραμμένην

175 4901 396 4972 ἔχουσιν
429 4899 673 4954 ἐναντίαν
699 4901 810 4964 τοῖς
844 4898 1043 4964 ἄλλοις.
1075 4900 1179 4954 Alii
1217 4900 1428 4965 dicunt,
1459 4914 1585 4954 esse
1626 4898 1742 4954 exi-

1840 1783 1979 1853 quit,
2011 1782 2113 1851 feri
2132 1799 2251 1836 cum
2273 1783 2541 1837 venatibus
2565 1785 2837 1853 agitantur
2866 1786 2942 1837 ita
2963 1784 3163 1838 eminus
3196 1783 3396 1850 lapides

1838 1884 1955 1945 post
1982 1885 2127 1947 terga
2167 1876 2495 1931 calcitrando
2517 1877 2782 1940 emittunt,
2811 1886 2867 1929 ut
2897 1875 3156 1945 perforent
3187 1885 3396 1943 pectora

1847 1968 2191 2035 sequentium,
2226 1976 2317 2020 aut
2350 1966 2635 2037 perforatis
2683 1967 2886 2021 ossibus
2918 1967 3093 2036 capita
3132 1967 3249 2035 ipsa
3285 1966 3396 2019 dis-

1836 2057 2075 2127 pludanl.
2131 2057 2316 2130 Neque
2369 2058 2501 2113 illud
2556 2058 2746 2114 silebo.
2807 2057 3104 2129 Oppianus,
3162 2059 3283 2115 loco
3335 2058 3391 2113 d.

1837 2165 2165 2221 onagrorum
2188 2166 2382 2207 carnes
2423 2166 2547 2207 esse
2585 2150 2786 2207 bonum
2807 2149 3063 2221 pabulum
3099 2148 3227 2205 feris
3258 2150 3390 2206 scri-

1838 2241 1942 2296 bit:

1849 2332 1998 2389 Ἀλλ’
2018 2336 2196 2401 αὐτὸς
2217 2335 2521 2405 κρατεροῖς
2540 2335 2730 2405 ἀγαθὴ
2750 2336 2933 2401 ,βόσις
2952 2334 3166 2388 ἔπλετο
3194 2332 3390 2404 θηρσιι

1835 2423 1902 2478 Et
1940 2426 2208 2480 consentit
2237 2425 2555 2496 Xenophon,
2610 2427 2644 2481 Ι.
2691 2442 2711 2481 ι
2752 2427 2943 2481 Ἀνα6.
2990 2425 3159 2493 Κύμ,
3194 2433 3247 2478 et
3285 2423 3393 2478 Pli-

1834 2517 1980 2571 nius.
2027 2516 2277 2574 Elianus
2324 2518 2417 2573 lib.
2462 2535 2495 2571 ν
2540 2517 2616 2573 De
2645 2518 2767 2573 hist.
2813 2518 3001 2580 anim.,
3042 2532 3226 2572 eorum
3269 2530 3395 2570 car-

1834 2624 1956 2664 nem
1988 2623 2225 2665 amaram
2250 2625 2370 2665 esse
2393 2610 2605 2673 scribit,
2634 2619 2689 2665 et
2710 2608 2860 2665 Phile
2894 2610 2951 2665 in
2994 2608 3215 2674 lambis,
3243 2602 3303 2662 οὗ
3333 2608 3395 2661 τὸ

1836 2701 2002 2773 κρέας
2026 2701 2073 2754 τ’
2101 2701 2340 2773 ἄϐρωτον
2366 2700 2425 2767 ἐξ
2449 2700 2655 2772 ἀηδίας.

1903 2790 2066 2850 una.
2093 2793 2189 2846 lin.
2216 2792 2301 2847 ιο.
2343 2792 2395 2843 Ὀ
2437 2792 2507 2846 δὲ
2549 2790 2745 2862 ἐχῖνος
2787 2792 2867 2858 ὡς
2906 2790 3149 2861 σφαῖρα.
3190 2788 3393 2845 Horum

1835 2882 1943 2938 duo
1971 2899 2165 2954 genera
2197 2881 2323 2938 facit
2353 2881 2629 2955 Oppianus
2660 2888 2880 2953 Κυνηγ.
2912 2882 3005 2937 lib.
3037 2900 3072 2939 ιι
3100 2901 3113 2939 :

2453 2997 2627 3067 γένος
2658 2998 3014 3065 ὀκρυόεντος
3048 2996 3256 3065 ἐχίνου

1840 3066 2134 3137 Μείζονο-ς,
2171 3065 2514 3137 (ἀμφίδυμοι
2537 3068 2644 3137 γὰρ
2665 3068 2887 3134 ἐχίνοις
2912 3067 3299 3137 ὀξυκόμοισιν

1853 3135 2148 3205 Ἄργαλέαι
2171 3135 2392 3205 pompa!
2408 3135 2443 3204 έ)
2463 3135 2714 3205 κρύερόν
2738 3154 2802 3206 re
2828 3135 3180 3205 περίδρομον
3203 3137 3393 3206 ἕρκος.

1844 3209 1909 3259 οι
1933 3206 2050 3275 μὲν
2073 3206 2182 3275 γὰρ
2201 3207 2366 3269 ,ϐαιοὶ
2390 3224 2452 3260 τε
2474 3207 2572 3259 καὶ
2603 3205 2896 3260 οὐτιδανοὶ
2923 3207 3290 3270 τελέθουσιν,

1846 3274 1992 3329 Tus-0
2002 3274 2141 3342 ᾖσιν
2165 3276 2525 3343 φρίσσοντες
2547 3276 2644 3329 ἐπὶ
2679 3275 3050 3343 προϐολῇσιν
3075 3275 3363 3344 ἀκάνθαις
3378 3295 3393 3309 ·

1844 3349 1909 3399 Οἱ
1938 3346 1988 3399 δ’
2015 3345 2131 3414 ἄρα
2160 3345 2256 3399 καὶ
2275 3345 2503 3416 μεγέθει
2539 3345 2696 3400 πολὺ
2717 3344 3000 3415 μείζονες,
3035 3345 3128 3414 ἡδ’
3165 3346 3399 3471 eratimp-

3254 3434 3324 3471 εν

1851 3484 2014 3547 Ὁξέα
2040 3485 2402 3554 πεφρίκασιν
2423 3483 2831 3554 ἁρειοτέρῃσιν
2854 3484 3135 3550 ἀκωκαῖςέ
3183 3414 3324 3486 [θεν

1911 3596 2070 3661 Ibid.,
2099 3598 2196 3654 lin.
2225 3598 2309 3654 12.
2358 3588 2671 3668 Πορεύεται
2698 3598 2846 3672 γοῦν
2891 3601 2987 3654 ἐπὶ
3034 3601 3157 3654 τόν.
3195 3599 3393 3655 Eadem

1841 3688 2002 3744 habet
2037 3689 2229 3746 Petrus
2258 3690 2569 3758 Damiauus,
2612 3691 2650 3747 l.
2685 3706 2748 3759 ιι,
2772 3706 2859 3764 ep.
2894 3692 2979 3748 i8.
3007 3690 3210 3749 Versus
3252 3692 3395 3747 anti-

1840 3781 1931 3851 qui
1962 3781 2037 3836 illi
2063 3796 2170 3836 non
2212 3782 2564 3854 inelegantes,
2616 3766 2623 3771 ’

1839 3895 2205 3983 “saevive.
2221 3897 2329 3983 τίὲν
2370 3895 2759 3983 eximiis?
2796 3897 2893 3983 t“!
2940 3894 3127 3983 τῶτιξ.
3144 3896 3398 3968 φέροντα

1928 3964 2144 4035 Ῥᾶτας,
2171 3964 2514 4021 ἀπέκτεινεν
2538 3966 2618 4035 τῷ
2639 3964 2692 4020 δ’
2721 3967 2819 4020 ἐπὶ
2851 3964 3192 4034 agnoscatis.

1841 4079 1908 4134 Et
1938 4079 2027 4134 ille
2047 4118 2062 4139 .

1851 4194 2215 4263 Ῥαγολόγων
2239 4192 2547 4262 γλυκερῶν
2575 4192 2821 4265 σίντορα
2847 4193 3190 4261 θειλοπέδφ.

1842 4306 1951 4363 Nec
1976 4308 2222 4364 absimile
2243 4309 2377 4365 illud
2403 4307 2583 4364 Pbiles
2605 4308 2660 4363 in
2691 4307 2912 4372 lambis,

1992 4419 2217 4490 Ἐχῖνος
2252 4419 2320 4472 ἐκ
2346 4418 2455 4490 τῆς
2486 4414 2593 4473 οἶδ’
2616 4419 2932 4475 ἀκάνθαισι
2955 4420 3161 4489 ,ϐρύων

1976 4491 2084 4559 Kal
2117 4488 2259 4557 τῇσι
2281 4488 2552 4559 πρασιαῖς
2580 4490 3013 4545 ἐκκυλινδεῖτιιι
3045 4492 3262 4559 κρύφα,

1977 4558 2089 4613 Kal
2120 4561 2227 4630 τὰς
2250 4560 2477 4616 ἐκεῖθεν
2497 4560 2860 4630 ἐμπαρείσας
2890 4558 3144 4630 ἰσχάδος

1977 4632 2082 4694 Εἰς
2108 4628 2247 4700 τοὺς
2269 4630 2483 4685 ἑαυτοῦ
2513 4628 2780 4700 φωλεοὺς
2807 4628 3201 4698 θησάὺρίσας,

1981 4701 2101 4753 Οὐκ
2134 4699 2236 4770 ἔχε
2267 4700 2444 4771 λιμοῦ
2476 4699 2791 4770 συμφορὰν
2817 4703 3107 4772 ὀλεθρίου.

1908 4809 2066 4877 lbid.,
2096 4812 2189 4901 litt.
2225 4813 2309 4867 lb'.
2356 4812 2615 4881 Δολερὸν
2653 4813 2691 4883 ἠ
2733 4811 3003 4882 ἀλώπηξ.
3051 4814 3217 4870 Multa
3269 4829 3403 4870 sane

1840 4911 1991 4966 sunt,
2020 4919 2142 4973 qua:
2180 4903 2393 4973 vulpem
2425 4903 2669 4958 fallacem
2719 4912 2771 4958 et
2802 4904 3101 4974 improbam
3129 4922 3248 4961 esse
3271 4923 3399 4961 con-

170 5004 346 5062 gnum
371 4989 753 5043 animalculum
789 4987 1030 5045 formicis
1053 4988 1359 5052 adversum,
1389 4987 1531 5059 quod
1556 5004 1613 5043 se
1640 4987 1742 5043 sub
1838 4992 2082 5055 vincunt,
2114 4991 2312 5061 quibus
2340 4999 2394 5045 et
2423 4992 2768 5060 semetipsum
2802 4992 2870 5045 ab
2906 4990 3139 5047 hostium
3185 4991 3400 5048 insidiis

176 5082 405 5154 pulvere
439 5080 747 5144 abscondit,
778 5091 832 5136 et
874 5080 1128 5137 formicas
1163 5082 1429 5137 frumenta
1462 5089 1739 5154 gestantes

175 5172 461 5236 interﬁcit,
494 5170 810 5227 interfectus
859 5173 1155 5230 consumit.
1202 5173 1403 5244 Sicque
1447 5185 1737 5229 vocatum:

175 5280 307 5321 nam
340 5262 793 5335 quemadmodum
827 5264 913 5319 leo
946 5264 1357 5321 imbecilliorum
1400 5267 1736 5331 animalium,

175 5360 253 5414 ita
314 5359 417 5413 hoc
464 5357 850 5417 antmalculum
907 5355 1255 5412 formicarum
1308 5360 1540 5428 pmdam
1586 5358 1733 5429 agit:

175 5466 307 5505 cum
343 5456 524 5504 tamen
572 5449 886 5505 volucribus
927 5448 1064 5504 nihil
1109 5430 1257 5506 aliud
1304 5451 1375 5507 sit
1419 5467 1580 5522 quam
1624 5450 1737 5505 for-

177 5556 344 5596 mica.

250 5627 412 5700 lbid.,
446 5628 543 5685 lin.
574 5627 627 5685 8.
660 5628 714 5683 Ὀ
744 5628 812 5683 δὲ
846 5629 1096 5701 ὄναγρος
1120 5629 1473 5701 ἀγελὰρχης.
1503 5629 1732 5702 Plinius,

1837 5092 2041 5151 tuetur,
2092 5092 2145 5138 et
2188 5084 2296 5138 illis
2330 5099 2541 5143 necem,
2588 5083 2689 5138 sibi
2740 5083 2921 5137 cibum
2979 5090 3033 5138 et
3080 5084 3396 5139 medicinam

1838 5183 2035 5247 parat;
2067 5190 2236 5246 quare
2269 5176 2337 5230 ab
2368 5175 2658 5231 Aristotele
2692 5174 2764 5230 De
2808 5175 2993 5231 histor.
3028 5177 3191 5230 anim.
3224 5177 3314 5231 lib.
3358 5192 3394 5240 ι,

1836 5284 1955 5337 cap.
1990 5268 2042 5329 i.
2075 5267 2216 5321 inter
2247 5265 2537 5327 malitiosa,
2572 5274 2753 5321 astuta
2804 5275 2859 5322 et
2897 5267 3091 5321 callida
3136 5282 3398 5323 annume-

1837 5368 2007 5412 ratur.
2032 5358 2310 5428 Oppianus
2336 5361 2556 5427 Κυνηγ.
2578 5374 2640 5412 ιιι
2659 5367 2861 5423 narrat,
2891 5375 2958 5415 ne
2987 5374 3017 5413 a
3050 5360 3399 5416 venatoribus

1837 5447 2220 5504 insidiantibus
2244 5448 2300 5503 in
2327 5449 2547 5517 laqueos
2576 5448 2889 5519 conjiciatut
2950 5457 3151 5519 septem
3175 5440 3398 5505 forami-

1836 5540 1998 5595 nibus
2053 5539 2211 5595 nidos
2258 5554 2629 5609 caveruasqne
2679 5555 2807 5598 suas
2861 5541 3292 5609 cucummuniri,
3339 5549 3398 5598 ut

1837 5632 1961 5706 fuga
1996 5633 2066 5689 sit
2098 5633 2266 5688 tutior
2292 5631 2631 5703 faciliorque.
