3924 6968
607 206 713 265 95':

1892 199 2138 258 LEONIS
2175 196 2442 254 ALLATII
3654 205 3730 260 96“

605 326 716 382 Nai
749 297 892 401 jiijn
919 325 1462 401 γαιο..ῑόὀ³ου.1ος,.ιέπξ
1506 324 1858 401 ᾀγραιξλοισι
1903 321 2153 401 μᾴἔιιστο

2264 335 2318 374 se
2346 317 2507 372 coriis
2535 315 2803 377 loricavit,
2821 314 2874 366 in
2897 312 3283 368 dimicationem
3310 314 3462 383 pergit
3478 331 3493 367 :
3509 315 3553 367 in
3573 333 3622 370 ea
3639 336 3733 374 cau-

606 392 790 464 Θηράὶ
820 392 982 449 πέλει
1021 396 1206 464 κερδὼ
1241 395 1382 464 μάλ’
1421 392 1627 463 ἀρήϊος
1669 396 1739 447 ἐν
1779 392 2160 460 πραπίδεσσι,

604 467 711 520 Καὶ
741 466 956 532 πινυτὴ
988 468 1138 519 ναίει
1170 464 1457 534 πυμάτοις
1483 465 1572 518 ἐνὶ
1600 465 1962 533 φωλειοῖσιν,

618 537 1026 600 Ἐπταπύλους
1053 533 1268 600 εἴξασα
1297 535 1517 603 δόμους
1543 535 1755 603 τριττάς
1781 553 1846 588 τε
1889 533 2096 603 καλιὰς

609 608 810 671 Τηλόθ’
835 607 934 658 ἀπ’
963 607 1270 673 ἀλλήλων,
1291 602 1376 674 μή
1401 623 1509 672 μιν
1541 602 1858 672 θηρήτορες
1884 602 2096 672 ἄνδρες

616 675 775 744 Ἀμφὶ
797 676 946 743 θύρῃ
969 679 1304 745 λοχόωντες
1328 675 1446 730 ὑπὸ
1470 675 1865 745 ,βροχίδεσσιν
1891 675 2162 745 ἄγωνται.

602 785 683 839 Ad
725 787 870 856 quod
900 788 1139 859 respexit
1173 795 1228 842 et
1270 786 1586 842 Lactantius
1618 785 1950 850 Firmianns,
1977 785 2054 839 De
2081 786 2166 838 ira

603 874 722 937 Dei,
767 891 888 946 cap.
927 876 994 932 7:
1033 876 1166 931 Sunt
1205 877 1482 941 animalia,
1530 877 1727 947 inquit,
1770 893 1886 947 qua:
1929 875 2164 930 latibulis

599 968 714 1022 suis
767 968 996 1024 diversos
1039 979 1088 1024 et
1127 971 1303 1040 plures
1343 973 1512 1026 exitus
1541 971 1801 1040 pandunt,
1833 980 1912 1033 ut,
1937 970 1985 1024 si
2027 969 2165 1040 quod

601 1063 892 1130 periculum
931 1065 1197 1127 inciderit,
1233 1066 1358 1136 fuga
1402 1075 1578 1134 pateat
1610 1065 1864 1128 obsessis;
1897 1063 2034 1135 quod
2062 1081 2165 1118 non

597 1155 832 1224 facerent
879 1159 983 1211 nisi
1025 1159 1213 1212 inesset
1259 1160 1368 1213 illis
1413 1158 1759 1229 intelligentia
1797 1168 1846 1213 et
1892 1159 2162 1228 cogitatio.

599 1245 764 1302 Plura
795 1249 900 1303 alia
940 1251 1081 1320 apud
1113 1260 1363 1308 auctores
1388 1252 1570 1306 videre
1612 1251 1853 1322 poteris;
1879 1265 1980 1306 nos
2017 1253 2163 1306 enim

600 1341 657 1394 in
692 1343 947 1411 praesenti
992 1359 1098 1398 non
1145 1344 1459 1398 animalium
1509 1343 1794 1398 historiam
1846 1343 2161 1408 scribimus,

600 1432 696 1485 sed
729 1441 938 1486 tantum
964 1442 1210 1488 nostrum
1241 1441 1516 1489 auctorem
1542 1435 1596 1488 in
1630 1434 1795 1489 rebus
1825 1434 2164 1489 naturalibus

603 1539 709 1576 non
741 1539 899 1588 nova,
929 1541 1103 1595 neque
1128 1527 1431 1598 peregrina,
1462 1526 1558 1582 sed
1585 1527 1839 1598 genuina,
1865 1534 1918 1581 et
1946 1526 2014 1580 ab
2042 1527 2164 1581 aliis

600 1616 797 1670 tradita
842 1619 1127 1673 enuntiare
1173 1620 1531 1675 ostendimus.
1587 1618 1698 1674 Nec
1753 1634 1890 1689 opus
1937 1626 2021 1674 est
2075 1619 2164 1672 hic

2263 415 2386 468 dam
2421 412 2668 466 attollens
2701 411 2834 464 ictus
2883 411 3058 464 irritos
3109 408 3348 462 adrersus
3391 411 3586 478 excipit,
3617 413 3736 473 donec

2264 507 2470 576 obliquo
2501 505 2670 574 capite
2690 505 2985 572 speculatus
3019 502 3233 557 invadat
3268 503 3317 555 in
3342 501 3522 571 fauces.
3558 505 3648 560 Nec
3670 510 3737 564 hoc
3774 501 3779 562 ἶ

2262 608 2555 660 contentus,
2577 596 2730 650 aliud
2759 596 2900 648 haud
2926 597 3106 648 mitius
3131 595 3350 650 debellat
3369 597 3569 653 animal.
3590 599 3642 654 Et
3660 600 3738 672 Op-
3776 581 3780 654 ν,

2262 688 2456 758 pianus
2478 728 2492 750 ,
2525 687 2619 742 lib.
2655 703 2714 740 ιιι
2743 692 2988 758 Κυνηγ..
3027 686 3141 741 haec
3194 696 3372 741 nostra
3410 689 3736 756 elegantissime

2261 777 2551 846 expressit.
2607 773 2880 831 Nicander
2951 776 3077 829 item
3150 775 3206 830 in
3268 775 3556 842 Theriacis;
3603 779 3737 835 Elia-

2263 883 2366 924 nus
2389 867 2466 921 De
2495 867 2683 922 histor.
2723 869 2924 933 anim.,
2965 867 3061 922 lib.
3109 882 3208 932 ιιι,
3256 882 3373 937 cap.
3405 868 3501 931 22,
3537 881 3584 925 et
3607 872 3678 927 lib.
3698 891 3738 938 ι,

2262 973 2382 1028 cap.
2424 959 2529 1024 47,
2574 970 2630 1015 et
2669 959 2766 1015 lib.
2819 975 2906 1022 νι,
2957 974 3080 1028 cap.
3126 958 3228 1023 38,
3277 959 3454 1014 scribit
3497 963 3738 1018 ichneumo-

2263 1060 2384 1099 nem
2415 1044 2622 1115 aspidis
2645 1059 2746 1099 ova
2767 1043 3101 1114 disperdere,
3126 1051 3182 1100 et
3208 1052 3452 1116 tanquam
3474 1047 3642 1103 catulis
3659 1051 3740 1106 suis

2264 1135 2500 1190 futuram
2555 1136 2805 1191 hostilem
2855 1136 3154 1206 perniciem
3216 1137 3536 1192 submovere.
3589 1137 3740 1204 llorus,

2263 1227 2356 1282 lib.
2389 1243 2461 1291 ιι,
2497 1242 2619 1297 cap.
2655 1228 2746 1290 35,
2783 1243 2892 1282 non
2937 1227 3117 1282 solum
3163 1226 3218 1280 in
3260 1239 3540 1298 serpentem
3566 1229 3741 1294 irruens,

2262 1316 2358 1372 sed
2389 1317 2596 1373 vocatis
2625 1318 2779 1387 prius
2819 1317 3061 1373 clamore
3093 1316 3216 1372 aliis
3235 1357 3249 1382 ,
3275 1333 3391 1386 quae
3425 1318 3587 1372 omnia
3623 1319 3742 1373 simul

2261 1407 2467 1463 addidit
2489 1407 2833 1472 Aristoteles,
2864 1408 2938 1462 De
2963 1409 3154 1463 histor.
3186 1410 3369 1475 anim.,
3402 1408 3487 1464 lib.
3515 1422 3569 1474 ιι,
3590 1411 3739 1480 cap.6,

2263 1497 2546 1555 Ichneumo
2567 1498 2808 1572 Egypti,
2822 1499 2912 1554 ubi
2933 1500 3170 1568 aspidem
3191 1518 3404 1572 anguem
3429 1518 3565 1556 suum
3587 1502 3739 1557 hostem

2261 1601 2540 1660 aspexerit,
2577 1608 2680 1646 non
2707 1592 2853 1660 prius
2913 1590 3216 1662 aggreditur
3261 1609 3411 1662 quam
3440 1594 3588 1647 socios
3622 1606 3740 1658 vocet,

601 1707 757 1776 plura
802 1723 1098 1778 congerere
1138 1708 1206 1764 ad
1248 1709 1368 1779 ejus
1405 1712 1662 1767 astutiam
1715 1719 1766 1767 et
1789 1681 2165 1767 calliditatem
2199 1715 2237 1769 Β
2263 1693 2313 1737 ⁸³
2337 1683 2462 1779 limo
2489 1681 2734 1779 abdam?)
2761 1691 2945 1779 “nm?
2969 1684 3110 1736 ί⁶²³⁸⁸
3138 1699 3434 1779 ¹²⁸⁰Ϊ³Ῐ⁸⁸¹ῗ¹⁶⁶
3459 1699 3556 1736 me
3589 1684 3740 1779 ιθτίαῖν

599 1799 1105 1856 demonstrandam.

669 1889 826 1955 lbid.,
871 1893 968 1948 lin.
1015 1894 1106 1948 17.
1141 1894 1422 1963 Εὐροῦσα
1457 1895 1568 1966 γὰρ
1613 1895 1962 1965 τελμισεήν.
2001 1893 2162 1948 Plura

597 1983 667 2038 de
705 1984 826 2054 ejus
860 1987 914 2040 in
947 1997 1144 2041 venatu
1185 1999 1238 2042 et
1283 1989 1494 2058 piscatu
1522 1989 1732 2044 artibus
1763 1986 2035 2051 Elianus,
2065 1987 2159 2042 lib.

599 2095 675 2144 vI,
706 2094 823 2149 cap.
857 2080 946 2142 24,
988 2089 1042 2136 et
1089 2081 1184 2136 lib.
1229 2099 1280 2148 ι,
1329 2098 1449 2153 cap.
1494 2083 1594 2150 56;
1637 2084 1732 2138 lib.
1783 2099 1856 2148 Iv,
1889 2098 2010 2152 cap.
2057 2082 2160 2149 58;

600 2171 694 2228 lib.
721 2188 791 2236 vl,
817 2189 935 2244 cap.
967 2174 1035 2230 65
1062 2193 1075 2240 ;
1121 2175 1215 2231 lib.
1244 2192 1364 2232 xm.
1393 2176 1526 2246 Ejus
1561 2185 1753 2232 contra
1782 2193 1908 2233 aves
1932 2177 2159 2232 insidias

595 2266 1051 2334 quemadmodum
1091 2275 1145 2322 et
1180 2268 1269 2323 hic
1303 2280 1492 2324 noster
1524 2278 1717 2324 auctor
1759 2270 1962 2340 optime
1991 2268 2163 2338 expli-

594 2357 740 2412 cavit
772 2356 1049 2428 Oppianus
1085 2359 1340 2417 Ἁλιευτ.
1371 2378 1431 2426 ιι,
1461 2370 1514 2418 et
1550 2361 1813 2433 Epiphan.
1850 2364 1905 2418 in
1939 2361 2161 2434 Physic-

596 2449 713 2519 logo
747 2464 765 2502 :
797 2451 862 2503 Ἡ
891 2449 1114 2522 ἀλώπηξ
1141 2454 1258 2508 ἐστὶ
1289 2455 1624 2525 πολύτροπον
1661 2454 1816 2519 ζῶον.
1854 2454 2160 2508 Πεινάσασα

593 2539 650 2594 δὲ
683 2541 776 2594 καὶ
815 2543 1093 2614 ἀποροῦσα
1125 2547 1330 2618 τροφῆς
1366 2547 1660 2618 ἀπέρχεται
1705 2547 1798 2600 ἐπὶ
1840 2547 1966 2611 τοὺς
2011 2547 2162 2618 ἡλια-

595 2633 726 2696 κοὺς
755 2634 952 2698 τόπους
972 2653 986 2666 ·
1015 2640 1462 2710 καταρῤίπτουσα
1494 2639 1662 2711 αὐτὴν
1687 2641 1744 2702 ἐς
1769 2641 1891 2712 γῆν,
1927 2642 2020 2695 καὶ
2061 2643 2157 2695 ἀν-

594 2725 828 2798 εχομένη
855 2727 953 2800 τὴν
983 2731 1170 2801 πνοὴν,
1195 2733 1287 2786 καὶ
1317 2733 1684 2804 ὑποκρίνουσα
1719 2733 2040 2804 τεθνηκυῖαν
2057 2737 2161 2788 κεῖ-

593 2832 684 2870 ται
735 2817 932 2885 ὑπτία,
983 2823 1109 2886 τοὺς
1155 2823 1464 2895 ὀφθαλμοὺς
1518 2825 1613 2880 καὶ
1658 2825 1785 2888 τοὺς
1837 2825 2002 2889 πόδας
2049 2826 2159 2880 ἄνω

593 2907 810 2979 ἔχουσα.
859 2912 1268 2985 Ἐπερχομένων
1299 2915 1356 2969 δὲ
1395 2917 1503 2970 τῶν
1545 2918 1825 2983 πετεινῶν,
1872 2919 1965 2973 καὶ
1991 2919 2157 2988 αὐτὴν

594 3003 897 3059 κατεσθίειν
928 3004 1285 3079 βουλομένων,
1312 3010 1492 3082 ἐκείνη
1526 3011 1754 3082 ἑτοίμως
1781 3009 1919 3064 αὐτὰ
1942 3013 2154 3082 κρατεῖ,

480 3126 485 3131 -
595 3095 689 3151 καὶ
714 3097 814 3151 ὅσα
841 3097 1086 3168 βούλεται
1117 3101 1476 3175 κατατρώγει.
1511 3101 1711 3159 Eadem
1745 3110 1871 3158 sunt
1891 3102 2032 3172 apud
2061 3100 2159 3157 lsi—

593 3188 811 3255 dorum,
837 3192 931 3246 lib.
968 3209 1066 3258 xu,
1089 3209 1210 3265 cap.
1235 3195 1307 3263 2;
1341 3184 1558 3251 Petrum
1593 3195 1936 3259 Damianum,
1969 3195 2063 3250 lib.
2094 3210 2155 3259 ιι,

591 3298 679 3352 ep.
710 3284 807 3350 18;
832 3285 1134 3352 Albertum,
1163 3289 1452 3358 Georgium
1482 3288 1812 3359 Agricolam,
1843 3287 2156 3342 Michaelem

591 3375 839 3448 Glycam,
873 3387 926 3433 et
962 3379 1100 3435 alios
1136 3382 1487 3437 recentiores.

666 3468 826 3530 lbid..
858 3469 956 3524 lin.
994 3471 1084 3525 24.
1126 3471 1199 3526 'H
1241 3471 1438 3540 σαῦρα
1467 3472 1803 3542 γηράσασα.
1837 3472 2158 3536 Aristoteles

591 3561 877 3628 lacertum,
898 3573 951 3618 et
981 3572 1314 3620 senectutem
1341 3579 1564 3628 exuere,
1591 3573 1646 3620 et
1667 3565 1844 3620 oculis
1865 3565 2158 3620 connivere

592 3653 842 3721 tradidit;
866 3656 1139 3726 quomodo
1161 3665 1340 3717 autem
1364 3657 1544 3712 lumen
1568 3657 1851 3712 oculorum
1877 3665 2158 3713 senectute

591 3749 854 3802 amissum
889 3756 1174 3817 recuperet
1202 3764 1310 3804 non
1341 3748 1655 3819 explicavit.

660 3838 796 3895 Ibid.
820 3881 836 3904 ,
874 3841 971 3896 lin.
1004 3842 1092 3897 58.
1133 3843 1319 3897 Ἀλλὰ
1356 3841 1456 3896 καὶ
1501 3841 1766 3910 αὔξησιν
1785 3840 2044 3911 μείζονα.
2080 3840 2156 3896 De

589 3932 965 4003 magnitudine
1009 3935 1306 3990 draconum
1341 3942 1397 3989 et
1429 3941 1742 4005 serpentum
1785 3950 1816 3990 e
1861 3933 2154 3988 Metasthe-

589 4041 657 4081 ne
698 4033 752 4082 et
783 4027 929 4090 aliis,
975 4027 1099 4083 vide
1127 4026 1395 4090 Plinium,
1432 4029 1527 4084 lib.
1566 4043 1662 4084 vin
1683 4067 1699 4092 ,
1727 4043 1851 4098 cap.
1885 4027 1978 4091 12,
2007 4027 2074 4080 13
2102 4036 2156 4081 et

589 4118 695 4186 M;
747 4119 890 4190 apud
937 4119 1298 4180 Strabonem.
1338 4121 1434 4176 lib.
1474 4135 1562 4176 xv.
1607 4119 1946 4175 Onesicritus
1989 4119 2182 4178 refert,

587 4213 728 4283 apud
754 4213 1042 4269 Abisarum
1073 4213 1240 4270 India-
1270 4229 1449 4284 regem
1482 4215 1620 4268 duos
1665 4212 1834 4268 fuisse
1863 4212 2150 4274 dracones,

586 4306 814 4360 alterum
864 4304 1062 4376 pedum
1103 4306 1201 4361 140
1225 4347 1241 4370 ,
1276 4307 1504 4361 alterum
1537 4306 1625 4361 80.
1657 4303 1936 4360 Nearchus
1971 4313 2149 4358 autem

2264 1775 2449 1830 modus
2477 1774 2723 1829 armandi
2760 1783 2817 1828 ut
2852 1775 3085 1843 primum
3109 1773 3419 1844 madefaciat
3453 1789 3632 1843 corpus,
3649 1784 3687 1829 et
3705 1777 3739 1828 iu

2263 1875 2407 1922 terra
2440 1883 2496 1922 se
2523 1867 2734 1920 volutet.

2337 1954 2453 2011 Col.
2489 1955 2590 2011 748
2611 1997 2627 2022 ,
2658 1956 2752 2011 lin.
2789 1957 2840 2010 l.
2877 1956 3082 2026 Σαῦρα
3112 1956 3180 2010 δὲ
3215 1957 3252 2024 ἡ
3281 1955 3566 2026 λεγομένη.
3601 1955 3737 2012 Petrus

2263 2045 2578 2116 Damianus,
2608 2048 2704 2104 lib.
2733 2063 2792 2111 ιι,
2821 2063 2910 2118 ep.
2943 2049 3044 2103 18:
3071 2049 3440 2112 Salamandra,
3463 2065 3632 2119 quoque
3661 2050 3737 2102 licet

2260 2141 2472 2210 exigua,
2502 2140 2796 2195 mirabilem
2825 2142 2996 2211 fertur
3030 2140 3218 2195 habere
3243 2149 3506 2204 naturam;
3533 2140 3639 2194 adeo
3656 2143 3736 2194 utsi

2262 2249 2388 2287 casu
2431 2232 2714 2303 aliquando
2757 2234 2811 2287 in
2862 2236 2977 2304 igne
3033 2234 3302 2304 mergitur,
3350 2234 3505 2288 omnis
3542 2235 3664 2304 ignea
3688 2235 3737 2286 vis

2263 2334 2511 2395 tanquam
2547 2325 2856 2382 inundantis
2903 2343 3060 2397 aqum
3088 2327 3342 2396 proﬂuvio
3370 2327 3583 2396 protinus
3599 2326 3738 2380 castis-

2260 2427 2472 2488 guatur.
2508 2415 2800 2483 Nicander,
2827 2419 2881 2473 in
2908 2419 3181 2474 Tlteriacis
3205 2435 3224 2472 :

2259 2508 2367 2562 Kal
2393 2508 2874 2578 σαλαμάνδρειον
2903 2510 3115 2565 δόλιον
3145 2508 3324 2575 δάκος
3347 2509 3469 2578 αἰὲν
3489 2506 3693 2575 ἁπεχθὲς

2263 2579 2404 2633 ’Ἠτε
2435 2579 2531 2633 καὶ
2554 2575 2874 2634 ἆσόἐοντοιο
2899 2579 2975 2634 δι’
3014 2581 3085 2634 ἐκ
3120 2581 3306 2648 πυρὸς
3328 2575 3484 2648 οἷμον
3511 2579 3691 2648 ἔχουσα

2265 2649 2559 2704 Ἕσσυται
2609 2651 2903 2720 ἄκμηνος,
2947 2651 3051 2705 καὶ
3100 2646 3431 2715 ἀνώδυνος,
3465 2646 3603 2720 οὐδέΔ
3621 2649 3666 2720 ξι
3701 2649 3737 2698 cl

2258 2789 2491 2843 Σίνεται
2527 2757 2792 2858 ἀσϐέστη
2815 2789 3042 2858 pardem
3076 2789 3248 2859 δέρος
3283 2789 3428 2862 ἅμερα
3451 2715 3690 2857 τεςΐέῗῶν.

2325 2877 2392 2934 Et
2420 2881 2473 2936 in
2503 2881 2958 2949 Alexipharmacis
2987 2895 3008 2933 :

2262 2972 2368 3027 Ἢν
2395 2971 2463 3025 δὲ
2483 2973 2849 3042 λιπορῤινοιο
2887 2972 3079 3025 ποτὸν
3107 2967 3477 3042 δυσάυῖσιιιῖον
3507 2969 3631 3038 ιάψῃ

2184 3048 2226 3107 c
2259 3038 2634 3112 Φαρμακίδος
2656 3038 2905 3112 ’σαύρης
2943 3041 3322 3110 πολυκηδέος
3343 3082 3358 3106 ,
3387 3039 3460 3108 ἧν
3490 3038 3736 3112 σιψιμάιυ

2256 3181 2595 3250 κλείουσιν,
2635 3181 2749 3252 τὴν
2784 3181 2926 3238 οὐδὲ
2955 3183 3150 3252 πυρὸς
3175 3177 3472 3249 ausaausa
3494 3110 3676 3250 13%;.

2259 3290 2497 3348 Serenus
2526 3312 2540 3346 :

2259 3405 2361 3461 Seu
2387 3406 2745 3462 Salamandra
2775 3415 2979 3477 potens,
3016 3407 3279 3480 nullisque
3313 3407 3519 3462 obnoxia
3542 3403 3728 3473 ﬂammis.

2256 3497 2482 3563 Plinius,
2533 3498 2627 3554 lib.
2667 3515 2735 3563 ι,
2771 3514 2892 3571 cap.
2921 3499 2988 3554 67
3022 3519 3036 3555 :
3071 3500 3223 3556 Sicut
3252 3493 3729 3556 Salamandralacerti

2256 3590 2454 3660 ﬁgura,
2499 3589 2804 3657 stellatum,
2848 3608 3118 3662 nunquam
3170 3594 3271 3647 nisi
3306 3592 3490 3661 magnis
3523 3586 3727 3647 imbribus.

2253 3685 2577 3754 proveniens,
2599 3693 2649 3739 et
2668 3685 2946 3740 serenitate
2973 3684 3242 3754 deﬁciens.
3279 3685 3412 3738 Huic
3439 3691 3588 3736 tantus
3611 3680 3722 3748 rigor.

2255 3785 2311 3830 ut
2340 3777 2510 3847 ignem
2537 3787 2733 3832 tactum
2754 3779 3056 3848 exstinguat
3087 3795 3191 3832 non
3218 3779 3322 3832 alio
3351 3776 3490 3831 modo
3507 3789 3630 3844 quam
3645 3770 3725 3839 gla-

2253 3871 2377 3924 cies.
2406 3870 2675 3935 AElianus,
2713 3871 2791 3926 De
2816 3870 2939 3924 hist.
2974 3871 3168 3936 anim.,
3215 3871 3310 3927 lib.
3337 3886 3394 3935 ιι,
3433 3884 3540 3940 cap.
3566 3861 3722 3928 5ηΡί-

2253 3963 2420 4026 sides,
2460 3961 2534 4016 De
2563 3962 2745 4017 mundi
2778 3963 2989 4032 api/icio
3015 3979 3034 4016 :
3572 3964 3581 3976 '

2357 4057 2562 4122 Ποίαις
2594 4055 2663 4109 δὲ
2686 4057 2902 4125 πηγαῖς
2934 4055 2972 4122 ἣ
2998 4054 3215 4120 ,ϐυθοῖς
3255 4049 3626 4125 κεκρυμμένοις

2357 4125 2474 4194 Δρᾷ
2499 4121 2891 4194 οωαμᾶνδρα
2919 4121 3024 4191 τὰς
3050 4126 3335 4194 κιιμίνους
3361 4121 3613 4187 αὶθάληνῖ

2251 4217 2670 4289 Olympiodorus
2713 4219 2858 4297 apud
2913 4216 3253 4289 Scaligerum
3299 4215 3363 4270 de
3407 4212 3653 4269 subtilitate
3671 4207 3714 4261 ad

2251 4309 2560 4364 Cardanum
2577 4324 2760 4365 exere.
2793 4309 2880 4373 74,
2904 4326 3056 4364 num.
3089 4312 3144 4372 5,
3171 4311 3294 4373 Τοῖς
3319 4305 3560 4375 ὐελέψαις,
3582 4301 3712 4364 inquit.

585 4400 755 4454 visam
793 4399 1029 4469 viperam
1090 4397 1343 4454 feminam
1384 4400 1691 4454 cubitorum
1725 4398 1978 4453 sedecim.
2016 4395 2150 4450 Vide

2258 4399 2420 4471 πολλὴ
2451 4401 2668 4471 φροντὶς
2700 4399 2792 4453 τοῦ
2827 4400 3102 4456 τινάσσειν
3135 4398 3234 4471 τὴν
3274 4397 3533 4467 πάπυρον,
3569 4389 3633 4441 ἵνα
3667 4383 3714 4454 μὴ

584 4491 883 4553 ιΕΙίειιιιιιη,
922 4491 1018 4546 lib.
1052 4508 1085 4546 Χ
1125 4491 1195 4545 De
1227 4491 1352 4546 hist.
1380 4492 1568 4554 anim.,
1604 4505 1724 4559 cap.
1757 4487 1848 4544 59.

653 4584 788 4639 Ibid.
831 4583 1016 4638 Ἔπὰν
1043 4580 1157 4640 οὖν
1188 4583 1296 4637 τὸν
1333 4586 1528 4653 ὀρισμ.
1568 4582 1774 4644 Horus,
1809 4581 1904 4635 lib.
1946 4595 1992 4644 ι,
2024 4593 2144 4648 cap.

584 4676 608 4730 Ι
643 4694 657 4730 :
690 4674 939 4746 Ἐπειδὴ,
966 4674 1131 4746 τριῶν
1164 4674 1334 4744 γενῶν
1397 4674 1572 4743 ὄφεων
1637 4669 1990 4726 καθεστώτων
2015 4708 2030 4729 ,
2081 4666 2148 4720 τὰ

585 4769 684 4841 μὲν
712 4767 873 4821 λοιπὰ
910 4765 1079 4838 θνητὰ
1103 4766 1370 4837 ὑπάρχει,
1404 4764 1564 4818 τοῦτο
1587 4764 1643 4818 δὲ
1676 4762 1833 4834 μόνον
1861 4761 2144 4822 ἀθάνατον,

579 4862 611 4916 ὃ
633 4862 726 4916 καὶ
766 4859 1155 4932 προσφυσῆσαν
1184 4859 1354 4930 ἑτέρῳ
1402 4858 1564 4911 παντὶ
1593 4855 1717 4928 ζώῳ
1760 4856 1883 4926 δίχα
1930 4850 2145 4906 καὶτοῦ

579 4954 762 5009 δακεῖν
796 4953 1023 5023 ἀναιρεῖ.

651 5045 812 5110 lbid.,
840 5045 938 5099 lin.
965 5045 1055 5098 42.
1090 5044 1280 5111 Τούτῳ
1301 5045 1333 5098 ό
1374 5043 1686 5114 ἰχνεύμων.
1718 5041 1999 5111 Quomodo
2026 5060 2144 5100 ser-

579 5148 770 5210 pentes
791 5147 844 5194 et
866 5135 1174 5192 crocodilos
1205 5144 1383 5201 necat,
1407 5138 1686 5207 eleganter
1731 5135 2014 5208 Oppianus
2035 5141 2144 5192 Κυ-

579 5251 712 5303 νητ.
747 5233 842 5287 lib.
871 5247 953 5287 ιιι.

645 5305 825 5393 ιδιά..
873 5326 970 5380 lin.
1003 5324 1092 5380 ιι.
1136 5323 1319 5378 Ἀλλὰ
1369 5321 1498 5392 μὴν
1542 5323 1638 5375 και
1691 5323 1860 5390 πρός.
1912 5319 2140 5385 Plinius,

579 5417 674 5471 lib.
706 5434 824 5482 Vlll,
865 5435 985 5488 cap.
1015 5418 1122 5472 24:
1164 5419 1315 5480 Aspis
1350 5416 1505 5470 habet
1529 5413 1718 5470 deinde
1766 5416 2142 5469 internecinum

579 5507 769 5561 bellum
799 5527 916 5563 cum
960 5511 1315 5564 ichneumone.
1346 5507 1547 5563 Nolunt
1573 5517 1650 5562 est
1683 5508 1884 5562 animal
1910 5508 2005 5561 hac
2027 5507 2143 5577 glo-

579 5599 662 5652 ria
686 5602 909 5654 maxime
936 5603 988 5654 in
1024 5602 1205 5656 eadem
1237 5613 1420 5656 natum
1447 5602 1694 5671 ﬁfgqpto.
1721 5599 1910 5670 Mergit
1937 5617 1989 5654 se
2018 5601 2141 5653 limo

577 5689 792 5780 “spius,
817 5689 1078 5761 siccatque
1115 5692 1240 5747 sole.
1269 5690 1323 5746 Μ
1330 5707 1397 5747 0.1:
1423 5691 1511 5746 ubi
1531 5692 1767 5760 pluribus
1791 5690 1969 5746 eodem
1992 5690 2140 5746 modo

2253 4492 2402 4556 ἐντὸς
2433 4492 2749 4564 περιέχηται
2789 4494 2822 4565 ἡ
2860 4491 3214 4563 σαλαμάνδρα
3233 4508 3246 4522 ο
3280 4488 3524 4561 ζημιῶδες
3547 4483 3629 4552 γὰρ
3647 4478 3712 4531 αὖ·

2251 4588 2363 4648 τοῖς
2388 4584 2464 4656 τῷ
2497 4585 2684 4638 σϐέσαι
2718 4585 2817 4656 τὴν
2845 4584 3092 4655 κάμινον.
3152 4583 3489 4643 Aristoteles,
3515 4578 3590 4631 lib.
3617 4589 3638 4625 ν
3666 4568 3713 4620 υι

2252 4676 2378 4730 hist.
2406 4677 2596 4743 anim.,
2631 4691 2753 4746 cap.
2786 4676 2890 4743 19;
2930 4675 3308 4731 Nazianzenus
3339 4675 3387 4727 in
3418 4668 3645 4727 Basiliam.
3676 4668 3710 4712 ιι

2255 4768 2526 4822 Ρατωηεδί
2552 4767 2621 4820 ad
2660 4767 2916 4836 Virgines.
2959 4765 3096 4821 Huic
3135 4775 3310 4820 tamen
3341 4759 3583 4820 sententia
3607 4752 3710 4806 Dios-

2251 4860 2464 4914 corides
2504 4858 2839 4931 refragatur,
2882 4869 2936 4914 et
2985 4857 3224 4913 Galenus
3252 4857 3305 4910 in
3338 4841 3708 4920 Simplicnuld-

2255 4951 2491 5022 μάνδρας
2524 4951 2816 5022 καυθείσης
2841 4951 3085 5006 meminit
3110 4968 3125 5015 ;
3171 4957 3224 5006 et
3253 4964 3302 5004 Iv
3333 4945 3475 5000 Κατὰ
3502 4941 3616 5002 sum,
3638 4936 3705 4986 Σασ

2250 5043 2559 5115 λαμάνδρας
2586 5045 2928 5116 κεκαυμένης
2964 5045 3163 5098 σποδόν
3189 5041 3424 5112 requirit.

2323 5134 2455 5190 Ibid.
2483 5174 2498 5198 ,
2548 5136 2643 5189 lin.
2675 5136 2727 5190 '5.
2783 5135 2935 5189 Φασὶ
2976 5133 3045 5189 δὲ
3093 5135 3207 5204 τὴν
3251 5131 3494 5200 ἔχιδναν.
3523 5117 3700 5177 Basilius.

2250 5229 2397 5284 hom.
2436 5229 2470 5282 9
2503 5247 2517 5282 :
2551 5226 2662 5282 Καὶ
2703 5226 2904 5297 ἔχιδναι
2932 5227 3032 5291 τὰς
3067 5229 3271 5299 μήτρας
3295 5216 3700 5308 ἐκφαγοῦσαι,

2249 5321 2515 5394 ἔρχονται,
2563 5320 2868 5392 πρέποντας
2903 5323 2968 5392 τῇ
3002 5317 3366 5390 γεννησαμένη
3406 5314 3514 5372 τοὺς
3546 5299 3698 5394 μισθοὺς

2249 5393 2641 5466 ἐέιτιννύουσαι.
2691 5411 2999 5466 Notandum
3057 5422 3141 5465 est
3192 5407 3326 5480 quod
3351 5409 3516 5460 narrat
3566 5393 3699 5449 Ρθιτυδ

2253 5504 2578 5570 Damianus,
2627 5504 2723 5559 lib.
2761 5520 2800 5558 ιι
2827 5544 2844 5567 .
2891 5505 3108 5574 epistol.
3146 5503 3237 5564 l8.
3270 5501 3330 5555 de
3363 5499 3452 5552 hac
3475 5487 3620 5546 eadem
3643 5491 3697 5531 r0-

2261 5597 2481 5666 Vipera’,
2515 5597 2718 5666 inquit,
2750 5595 2846 5650 hac
2881 5597 3099 5650 coeundi
3147 5595 3223 5649 uel
3255 5585 3469 5662 pariendi
3494 5580 3702 5676 cons-we:

2248 5689 2370 5746 dine
2415 5688 2650 5745 naturali
2681 5690 2954 5761 potiuntur
2987 5689 3201 5760 imperio
3236 5695 3286 5740 ut
3331 5674 3551 5736 masculus
3584 5671 3624 5720 in
3658 5671 3699 5713 0³
