3952 6204
231 326 336 402 sci

1225 321 1290 376 IN
1332 319 1694 377 EUSTATHII
1735 317 2201 375 HEXAEMERON
2240 317 2470 375 NOTE.

3340 321 3446 380 962

233 444 446 514 (eminw
477 449 632 510 caput
661 441 917 511 impingat
936 481 950 504 ,
975 439 1120 511 quod
1151 440 1247 494 illa
1275 457 1386 510 pra:
1413 440 1566 494 nimii
1596 439 1793 492 amoris
1822 444 1868 501 Α
1896 450 2036 502 ram,
2069 435 2214 507 quod
2245 444 2298 492 et
2327 435 2550 490 tradidit
2598 434 2935 506 Apollonius.
2965 434 3108 506 apud
3143 433 3445 493 Philostra-

232 535 566 603 impatie‘ntia
597 533 876 588 mordenda
900 533 1176 602 precidat,
1221 550 1282 586 ac
1300 541 1492 601 prwsto
1516 530 1791 601 deglutiat,

229 644 304 681 es:
328 625 472 696 cujus
517 623 705 694 capitis
747 625 912 678 oculis
955 624 1060 677 duo
1095 625 1257 677 catuli
1304 631 1679 691 procreantur,
1704 621 1794 690 qui

231 730 420 788 partus
457 727 682 784 tempore
717 725 956 770 materna
1003 715 1171 769 latera
1210 715 1452 784 utrinque
1485 713 1791 779 corrodunt,

227 818 283 862 et
309 809 386 862 sic
413 808 724 861 altrinsecus
749 806 906 860 simul
926 806 1236 870 occidentes,
1253 815 1301 858 et
1331 813 1600 858 nascentes
1619 819 1793 857 erum-

227 909 386 966 punt.
420 898 523 964 Qui
546 899 792 951 nimirum
813 908 933 952 ante
961 906 1081 951 sunt
1106 897 1384 965 parricidae
1415 913 1572 966 quam
1597 896 1716 964 ﬁlii,
1743 903 1793 948 et

233 991 355 1044 ideo
389 1006 652 1057 nunquam
677 999 867 1058 praeter
895 989 1025 1043 duos
1049 989 1182 1044 valet
1223 989 1379 1058 hujus
1409 993 1610 1059 generis
1643 1003 1791 1042 cxce-

228 1083 365 1136 dens
393 1082 590 1150 aliquid
621 1082 862 1137 inveniri.
897 1081 1011 1136 Duo
1042 1090 1222 1136 tamen
1257 1081 1346 1134 hic
1371 1079 1438 1136 de
1467 1089 1663 1134 natura
1695 1079 1792 1133 hu-

223 1169 327 1237 jus
351 1169 618 1240 serpentis
640 1209 656 1234 ,
688 1185 809 1238 quae
855 1169 1020 1225 refert
1051 1171 1136 1224 hic
1168 1177 1396 1234 auctor,
1427 1180 1480 1224 et
1511 1170 1663 1224 multi
1699 1169 1790 1223 alii

229 1275 347 1314 uno
377 1275 491 1324 ore,
542 1261 936 1316 consideranda
964 1268 1113 1324 sunt,
1144 1269 1198 1316 et
1243 1262 1475 1332 primum
1511 1260 1580 1315 de
1611 1262 1787 1329 coitu;

226 1353 312 1407 ait
347 1355 488 1407 enim
512 1391 526 1415 ,
567 1353 808 1423 viperam
848 1370 942 1425 per
969 1368 1032 1408 os
1083 1369 1270 1408 semen
1315 1354 1585 1423 excipere,
1619 1369 1789 1408 mem-

228 1445 504 1513 brumque
535 1446 702 1500 maris
729 1460 826 1500 ore
849 1445 1120 1507 excidere,
1153 1446 1254 1500 hac
1285 1445 1495 1500 ratione
1525 1450 1659 1498 mari
1693 1461 1789 1501 ne-

225 1552 352 1594 cem
378 1538 636 1606 parando.
658 1536 772 1592 Hoc
803 1538 942 1593 idem
970 1537 1130 1592 aliter
1157 1537 1248 1590 alii
1282 1545 1526 1600 narrant,
1546 1537 1786 1606 viperam

224 1627 496 1682 duntaxat
527 1629 609 1681 uri
637 1643 739 1682 suo
769 1628 935 1682 maris
966 1635 1130 1698 caput
1183 1627 1382 1682 habere
1427 1627 1692 1681 insertum
1730 1627 1785 1682 in

225 1719 401 1780 coitu,
433 1723 487 1771 et
516 1715 646 1770 illud
676 1717 869 1772 ardore
901 1716 1140 1770 libidinis
1177 1729 1533 1784 praemorsum
1562 1713 1784 1769 abscin-

1895 535 2008 581 tum
2028 567 2044 592 ,
2073 537 2128 582 et
2175 526 2440 582 Maximus
2490 526 2710 598 Tyrius.
2758 526 2823 580 Et
2845 526 3030 582 Roma:
3063 529 3361 598 saepissime
3391 533 3447 586 in

1892 621 2084 690 ligneis
2112 621 2284 676 thecis
2325 627 2486 676 enata
2532 619 2751 675 soboles
2790 619 2859 674 ab
2887 621 3138 675 omnibus
3181 623 3446 688 cernitur,

1889 721 1942 768 et
1984 729 2182 782 parens
2229 713 2381 768 salva
2427 727 2491 767 ac
2527 719 2808 783 superstes
2844 729 2860 779 ;
2911 720 2966 766 et
2993 727 3092 782 ego
3124 712 3288 767 etiam
3316 712 3444 767 vidi.

1889 803 2128 860 Consule
2155 803 2503 873 Rodiginum,
2530 805 2626 860 lib.
2645 819 2856 874 vl,cap.
2886 804 2970 858 15.
3005 803 3139 858 lllud
3163 805 3323 859 etiam
3351 804 3445 858 ad-

1888 897 2035 960 dam,
2087 896 2395 951 Cardanum
2435 911 2466 950 a
2502 896 2777 967 Scaligero
2823 911 3004 952 exere.
3061 896 3164 953 125
3212 905 3266 952 et
3315 896 3442 960 185,

1888 1004 2040 1043 num.
2076 989 2162 1053 15,
2199 988 2542 1059 reprehendi,
2579 989 2722 1059 quod
2753 989 2959 1045 scilicet
2989 989 3229 1059 aspidem
3283 996 3338 1044 et
3365 989 3445 1042 vi-

1887 1095 2074 1151 peram
2124 1095 2288 1135 unam
2335 1087 2390 1135 et
2436 1079 2678 1135 eamdem
2723 1079 3040 1149 agnoverit;
3073 1079 3215 1134 sicut
3249 1078 3304 1132 in
3331 1079 3446 1148 epi-

1887 1169 2024 1224 stola
2047 1168 2279 1238 quadam
2301 1183 2461 1222 manu
2485 1169 2705 1239 pr0pria
2729 1167 2962 1223 Cardani
2988 1168 3191 1238 scripta
3221 1184 3280 1223 se
3309 1168 3446 1223 Sca-‘

1885 1260 2020 1331 liger
2067 1258 2270 1314 vidisse
2317 1266 2584 1322 testatur,
2631 1275 2756 1315 eum
2796 1261 3076 1330 dipsadem
3106 1277 3229 1316 cum
3261 1263 3444 1332 vipera

1885 1352 2028 1406 idem
2054 1351 2421 1406 existimasse.
2452 1351 2648 1408 Petrus
2683 1353 2811 1408 item
2843 1352 3138 1421 Bellonius,
3169 1355 3440 1410 Observat.

1887 1443 1983 1498 lib.
2019 1459 2094 1507 ιι,
2125 1459 2247 1513 cap.
2277 1443 2345 1498 54
2366 1483 2380 1507 ,
2409 1442 2609 1498 fatetur
2655 1460 2714 1501 se
2739 1444 2921 1499 verbis
2957 1445 3316 1501 Aristotelicis
3344 1447 3444 1500 im-

1884 1536 2101 1606 pulsum
2125 1574 2140 1598 ,
2173 1537 2390 1606 viperas
2427 1547 2770 1607 praegnantes
2795 1539 3117 1593 observasse
3142 1557 3155 1592 :
3186 1553 3306 1608 qua:
3327 1539 3446 1594 sine

1883 1629 2088 1684 tunicis
2121 1616 2363 1684 sobolem
2393 1630 2669 1700 peperisse
2695 1631 2827 1684 visa:
2856 1638 3001 1684 sunt.
3031 1628 3132 1696 Qui
3159 1637 3340 1684 tamen
3364 1631 3447 1684 vi-

1886 1734 2072 1792 peram
2106 1734 2224 1774 eam
2261 1719 2534 1790 intelligit,
2564 1734 2726 1789 quam
2775 1719 3125 1776 Turonenses
3181 1729 3236 1776 et
3263 1719 3441 1775 Ceno-

228 1810 382 1865 dere.
403 1808 598 1871 Horus,
629 1810 723 1864 lib.
756 1825 817 1864 ιι.
849 1825 966 1879 cap.
986 1808 1084 1863 59:
1109 1807 1254 1879 Αὕτη
1284 1807 1412 1879 γὰρ,
1442 1808 1568 1860 ὅταν
1593 1805 1783 1875 συγγέ-

1887 1812 2070 1866 manni
2096 1811 2254 1878 Aspic
2282 1812 2563 1866 nominant
2585 1827 2702 1883 qua:
2729 1827 2890 1884 quam
2920 1827 3047 1868 vera
3075 1813 3184 1867 sint
3216 1812 3443 1868 alterius

227 1918 390 1973 νηται
408 1900 487 1971 τῷ
504 1900 708 1971 ἄρρενι,
733 1899 908 1970 στόμα
938 1898 1160 1970 στόματι
1183 1896 1510 1968 ἐμϐαλοῦσα,
1528 1897 1622 1950 καὶ
1649 1895 1786 1966 μετὰ

223 1994 292 2047 τὸ
321 1992 738 2063 ἀποζευχθῆναι,
759 1989 1098 2044 ἀπώακοῦσα
1120 1988 1216 2059 τὴν
1247 1988 1484 2059 κεφαλὴν
1509 1986 1600 2042 τοῦ
1626 1987 1787 2056 appe-

223 2103 343 2150 νος,
371 2087 599 2155 ἀναιρεῖ.
630 2083 882 2146 Basilius,
901 2081 1099 2138 Contra
1128 2081 1445 2149 feneratores
1464 2119 1480 2144 ,
1521 2089 1576 2134 et
1603 2077 1679 2132 De
1706 2079 1786 2132 in-

224 2179 396 2240 uidia;
427 2176 695 2237 Elianus,
727 2174 802 2228 De
825 2175 949 2229 hist.
981 2174 1170 2238 anim.,
1203 2172 1295 2227 lib.
1328 2188 1368 2236 ι,
1399 2186 1519 2241 cap.
1551 2170 1642 2235 M,
1676 2169 1784 2226 etsi

226 2267 511 2337 paululum
539 2266 608 2320 ab
636 2266 756 2319 aliis
783 2264 968 2319 varius
992 2261 1163 2328 Phile,
1198 2263 1252 2316 in
1272 2259 1471 2316 lambis
1489 2276 1509 2314 :

340 2381 509 2450 Ἐχις
537 2379 605 2433 δὲ
631 2379 842 2450 θερμὸς
875 2377 1282 2450 προσπλακεις
1307 2375 1382 2445 τῆ
1408 2374 1660 2450 uvam

337 2445 449 2506 Kal
478 2445 584 2504 ἐὸν
604 2445 748 2516 τέὼςῖ
780 2445 1028 2516 rimo-eor
1055 2448 1145 2518 ἄρ’
1175 2449 1407 2513 ἀνύσας
1433 2445 1642 2518 γάμον,

334 2523 531 2578 Κεῖται
563 2519 876 2590 φονευθεὶς
900 2519 1044 2574 ὑπαὶ
1071 2517 1177 2590 τῆς
1208 2519 1520 2590 ἐρασιρίας

343 2586 704 2647 Τσύτούσὺν
733 2587 878 2658 ὁρτῇ
905 2588 1317 2652 λανθανόντως
1340 2586 1625 2658 ἐχομένης

343 2661 607 2730 Σοόαρὸν
632 2661 678 2714 τ’
705 2657 936 2714 ἐκεῖνον
963 2657 1330 2726 ἐκτεμούσης
1352 2657 1593 2724 αὐχένα.

227 2774 595 2840 Prudentius,
653 2772 1098 2844 Hamartigenia;
1135 2769 1376 2835 Plinius,
1424 2770 1523 2824 lib.
1559 2786 1588 2824 x
1611 2809 1626 2834 ,
1657 2783 1778 2840 cap.

227 2866 321 2930 42,
368 2865 566 2934 Viperae
592 2881 704 2917 mas
735 2872 889 2931 caput
919 2863 1102 2916 inserit
1134 2862 1187 2914 in
1218 2877 1298 2927 os,
1327 2859 1463 2930 quod
1502 2860 1594 2914 illa
1627 2861 1783 2915 abro-

227 2961 311 3012 dit
343 2958 623 3025 voluptatis
649 2955 938 3009 dulcedine.
978 2953 1043 3008 Et
1069 2969 1135 3010 ex
1162 2953 1556 3009 recentioribus
1587 2952 1780 3007 Adria-

229 3063 337 3103 nus
365 3045 581 3110 Junius,
610 3045 862 3100 emblem.
889 3043 977 3099 38.

301 3141 467 3208 lbid.,
499 3142 593 3196 lin.
628 3141 680 3196 5.
710 3140 871 3206 Αὕτη
898 3138 967 3192 δὲ
995 3137 1225 3208 ἔγγυος.
1259 3135 1570 3193 Secundum
1599 3143 1682 3192 est
1714 3135 1781 3192 de
1809 3151 1851 3209 ε

227 3244 388 3306 partu
434 3250 655 3300 eorum;
694 3233 844 3286 aiunt
888 3246 1119 3302 namque
1168 3231 1313 3303 quod
1361 3231 1487 3294 lilii,
1531 3228 1782 3299 disrupto

227 3337 420 3383 ventre
441 3367 457 3390 ,
493 3341 758 3395 exesaque
789 3327 946 3380 vulva
993 3331 1284 3394 erumpunt
1307 3363 1322 3387 ,
1357 3330 1646 3393 pensantes
1672 3359 1687 3385 ,
1719 3335 1782 3374 ac

228 3421 558 3474 ulciscentes
609 3419 838 3488 primam
909 3415 1084 3487 pejori
1145 3415 1439 3486 impietate.
1492 3412 1672 3478 Phile,
1726 3412 1781 3468 in

232 3509 511 3670 lamllijiir
535 3601 673 3655 ἀλλ’
701 3603 733 3654 ό
760 3598 876 3668 μὲν
905 3599 1205 3670 τέθνηκεν.
1231 3597 1269 3666 ἡ
1297 3596 1365 3670 δὲ
1385 3596 1507 3670 νῦν
1537 3597 1662 3670 κύει
1680 3610 1694 3623 °
1745 3592 1748 3595 ’

335 3667 498 3727 Μετὰ
522 3671 590 3724 δὲ
621 3667 834 3739 μικρόν
862 3687 992 3722 τινα
1017 3668 1263 3739 αὐτὰ-τὰ
1511 3669 1730 3736 χρόνον

340 3743 460 3807 Τὴν
480 3736 773 3810 μητρικὴν
793 3737 1278 3810 ῥήξαντα-νηδὺν
1306 3736 1502 3810 ἐξέδυ.

332 3812 430 3881 Μὴ
646 3809 994 3878 τετιμώρηκε
1022 3807 1099 3873 τῷ
1127 3808 1503 3876 φυτοσπόρφ.

234 3927 444 3988 Horus,
473 3927 567 3980 lib.
602 3942 674 3988 ιι,
708 3939 829 3994 cap.
873 3923 980 3990 60;
1019 3922 1322 3992 Antigonus
1355 3918 1670 3991 Carystius,
1707 3917 1784 3972 De

233 4021 466 4075 mirabil.
491 4060 505 4083 ,
550 4020 685 4074 Οὐδὲ
739 4019 916 4089 ἔχιδνα
963 4017 1064 4081 δίς.
1099 4015 1297 4068 Ἐσθίει
1345 4013 1454 4084 γὰρ
1495 4013 1660 4084 αὐτῆς
1685 4011 1783 4083 τὴν

229 4113 438 4167 κοιλίαν
464 4110 530 4164 τὰ
556 4109 782 4182 ἔμϐρυα.
815 4108 1080 4174 Ᾱζιίοιιυε,
1104 4107 1238 4162 lib.t
1272 4106 1348 4160 De
1372 4106 1558 4161 histor.
1595 4108 1780 4169 anim.,

226 4219 351 4272 cap.
383 4201 454 4254 24
477 4240 492 4264 ,
519 4210 572 4256 et
622 4202 715 4255 lib.
754 4216 820 4254 xv
847 4243 862 4268 ,
897 4215 1017 4270 cap.
1051 4199 1117 4254 16
1141 4237 1156 4262 ,
1195 4215 1262 4254 ex
1304 4200 1570 4253 sententia
1601 4195 1781 4252 Theo-

226 4293 439 4364 phrasti
464 4293 557 4356 ait,
591 4300 832 4345 ventrem
865 4305 973 4344 non
1024 4290 1239 4344 corrodi
1262 4328 1278 4353 ,
1310 4303 1485 4358 neque
1516 4286 1781 4356 disrumpi

224 4399 257 4438 a
294 4382 442 4448 ﬁliis,
474 4380 569 4438 sed
616 4381 746 4451 quia
779 4389 1043 4450 angustus
1085 4387 1170 4434 est
1217 4380 1356 4433 mole
1389 4379 1592 4434 sobolis
1625 4377 1782 4447 pelli-

1883 1903 1985 1958 erit
2007 1901 2212 1972 negotii
2245 1903 2539 1959 discutere.

1954 1993 2086 2049 Ibid.
2109 2033 2124 2058 ,
2171 1995 2268 2048 lin.
2299 1995 2356 2049 9.-
2395 1995 2679 2064 ιἠράσας
2713 1997 2781 2051 δὲ
2807 2001 2840 2053 ὁ
2878 1999 3032 2068 ὄφις.
3064 1997 3140 2054 De
3167 2008 3440 2070 serpente,

1883 2086 2003 2156 ejus
2042 2095 2272 2152 natura,
2316 2097 2370 2143 et
2411 2091 2683 2158 quomodo
2725 2100 2997 2147 senectam
3024 2102 3219 2155 exuat,
3247 2091 3440 2147 Petrus

1883 2180 2210 2248 Damianus,
2254 2181 2348 2237 lib.
2384 2199 2457 2250 ιι,
2499 2185 2661 2253 epist.
2709 2184 2820 2251 18;
2863 2183 3149 2249 ᾹΞΙίαιιιιε,
3191 2183 3266 2239 De
3311 2186 3436 2239 hist.

1883 2275 2044 2330 anim.
2081 2274 2175 2329 lib.
2207 2290 2420 2346 Ix,cap.
2452 2275 2538 2341 16,
2557 2277 2651 2340 ait,
2685 2285 2990 2348 serpentem
3022 2277 3282 2333 imniculo
3309 2294 3440 2332 ocu-

1881 2364 1952 2421 lis
1975 2366 2235 2422 all'ricatis
2255 2369 2536 2424 oculorum
2566 2370 2946 2425 hebetudinem
2979 2371 3248 2440 abjicere;
3282 2387 3440 2426 sene-

1881 2469 2040 2514 scunt
2065 2461 2209 2514 enim
2244 2461 2388 2516 oculi
2422 2469 2476 2516 et
2512 2460 2670 2516 sicuti
2709 2462 2972 2531 reliquum
3010 2477 3241 2532 corpus,
3284 2463 3357 2515 ita
3384 2469 3439 2516 et

1881 2551 2022 2606 oculi
2052 2568 2162 2607 sua:
2191 2553 2542 2622 perfectionis
2571 2554 2772 2608 habent
2808 2554 3098 2608 terminum
3165 2569 3323 2624 quem
3351 2561 3436 2606 at-

1880 2643 2120 2713 tingant,
2149 2659 2307 2714 quem
2333 2646 2379 2701 si
2407 2647 2742 2701 excesserint
2773 2646 2952 2700 lumen
2983 2647 3313 2708 absumunt,
3354 2647 3438 2700 in-

1881 2733 2129 2806 ﬁmique
2157 2735 2490 2801 redduntur,
2532 2739 2696 2792 Ὅταν
2741 2739 3072 2807 ἁποδύσηται
3107 2738 3168 2792 τὸ
3203 2739 3380 2810 γῆρας
3414 2739 3444 2790 ὀ

1878 2826 2034 2895 ιφις,
2075 2828 2449 2900 ὑπαρχομένου
2485 2829 2542 2882 δὲ
2569 2831 2662 2884 τοῦ
2698 2826 2830 2902 ἦρος
2869 2830 2970 2902 δρᾷ
2998 2829 3186 2893 τοῦτο,
3215 2828 3444 2883 ἐνταῦθά

1878 2933 1960 2971 τοι
1990 2918 2086 2972 καὶ
2113 2919 2222 2974 τῶν
2257 2921 2552 2994 ὀφθαλμῶν
2574 2923 2670 2994 τὴν
2703 2924 2890 2994 ἀχλὺν,
2922 2923 3017 2978 καὶ
3043 2922 3104 2976 τὸ
3135 2922 3314 2993 ἀμϐλὺ
3342 2923 3442 2992 τῆς

1879 3009 2054 3080 ὅψεως
2085 3011 2328 3081 ῥίπτεται
2346 3053 2360 3077 ,
2383 3016 2478 3068 καὶ
2502 3017 2675 3068 ὲκεῖνο
2704 3015 2778 3078 ὡς
2811 3015 2987 3087 γῆρας
3014 3013 3325 3085 ὀφθαλμῶν.
3353 3011 3444 3083 Τῷ

1879 3102 1937 3155 δὲ
1969 3103 2232 3176 μαράθρῳ
2265 3106 2694 3176 προῦποθήγων,
2737 3107 2828 3160 καὶ
2857 3107 3167 3178 περιψήχων
3194 3105 3256 3158 τὸ
3289 3105 3444 3176 ὄμμα

1883 3198 2139 3269 ἑκάτερον
2161 3241 2176 3265 ,
2218 3195 2334 3254 εἶτα
2375 3199 2602 3270 ὲεάνθης
2640 3199 2791 3254 τοῦδε
2820 3200 2912 3253 τοῦ
2954 3200 3156 3264 πάθους
3211 3200 3438 3268 γίνεταιο

1881 3286 2246 3356 ’Δμὸλυώττει
2279 3288 2335 3341 δὲ
2377 3288 2484 3357 ἄρα
2529 3287 2617 3342 διὰ
2642 3287 2735 3340 τοῦ
2777 3287 3040 3359 χειμῶνος
3067 3288 3346 3358 φωλεύσας
3384 3289 3442 3340 ὲν

1883 3376 2037 3448 μυχῷ
2058 3377 2150 3429 καὶ
2177 3377 2370 3448 σκότῳ.
2393 3377 2598 3430 Οὐκοῦν
2628 3376 2958 3430 παλαιοῦσαν
2986 3379 3050 3430 ὲκ
3071 3377 3182 3430 τῶν
3209 3377 3440 3449 κρυμῶν

1879 3466 1986 3520 τῶν
2028 3465 2182 3530 ζώων
2216 3467 2315 3538 τὴν
2351 3466 2472 3536 ὄψιν
2501 3465 2894 3538 ὐποθερμαῖνον
2918 3466 2980 3518 τὸ
3009 3465 3282 3538 μάραθρον
3309 3467 3440 3520 καθ-

1877 3557 2041 3629 αίρει,
2070 3559 2163 3612 καὶ
2189 3558 2590 3629 ὀξυωπέστερον
2644 3557 2952 3627 ἀποφαίνει.
2988 3557 3054 3612 Et
3079 3557 3307 3622 Plinius,
3343 3559 3436 3613 lib.

1880 3667 1998 3714 vnn,
2017 3666 2136 3720 cap.
2169 3651 2237 3704 27
2265 3667 2278 3703 :
2303 3651 2498 3722 Anguis
2515 3651 2743 3720 hyberua
2764 3651 2964 3705 latebra
2997 3652 3108 3704 visu
3136 3650 3436 3715 obscurato,

1882 3743 2151 3796 marathro
2195 3742 2366 3797 herba:
2397 3758 2506 3797 sese
2547 3743 2832 3811 a/fricans,
2869 3743 3046 3796 oculos
3089 3742 3329 3812 inungit,
3377 3757 3441 3794 ac

1883 3836 2077 3905 refovet
2101 3851 2119 3900 ,'
2141 3837 2188 3889 si
2217 3851 2333 3889 vero
2369 3851 2603 3904 squama:
2637 3836 2975 3904 obtorpuere,
3007 3836 3172 3904 spinis
3205 3834 3439 3904 juniperi

1880 3943 1935 3983 se
1961 3927 2145 3982 scabit.
2175 3926 2240 3980 Et
2269 3927 2360 3982 lib.
2393 3943 2447 3993 ι,
2465 3941 2584 3997 cap.
2615 3927 2687 3982 2'5
2710 3943 2723 3978 :
2749 3927 3077 3982 Farniculum
3107 3927 3441 3982 nobilitarerc

1881 4032 2133 4090 serpentes
2171 4031 2403 4092 gustatu,
2435 4031 2492 4073 ut
2520 4019 2655 4084 dixi,
2685 4030 2943 4074 senectam
2975 4021 3228 4083 exuenda,
3257 4020 3438 4074 oculo-

1881 4130 2095 4185 rumque
2124 4118 2286 4170 aciem
2314 4130 2468 4168 succo
2499 4114 2611 4184 ejus
2659 4113 2952 4183 refovendo.
2993 4113 3310 4168 Aristoteles
3353 4119 3439 4165 ta-

1882 4219 2002 4258 men
2024 4242 2039 4267 ,
2074 4203 2170 4258 lib.
2198 4218 2290 4258 vm
2324 4203 2397 4258 De
2432 4204 2556 4258 hist.
2604 4205 2804 4270 anim.,
2848 4219 2969 4274 cap.
3005 4204 3105 4268 17,
3131 4203 3344 4258 videtur
3381 4203 3434 4257 in

1880 4309 1942 4349 ea
1979 4309 2100 4350 esse
2129 4295 2434 4358 sententia,
2476 4295 2522 4350 si
2557 4305 2702 4350 recte
2733 4295 2854 4364 ejus
2891 4293 3054 4349 verba
3082 4293 3438 4349 consideren-

1883 4394 2004 4451 tur,
2032 4386 2284 4442 videlicet
2320 4396 2599 4456 serpentes
2628 4402 2736 4442 non
2767 4402 2888 4442 esse
2915 4401 3089 4443 caecos
3121 4405 3135 4440 :
3176 4385 3271 4442 sed
3308 4385 3438 4456 quia

223 4485 337 4539 tur,
362 4473 454 4544 qui
485 4488 608 4527 cum
636 4471 799 4527 reniti
820 4487 929 4526 non
961 4471 1132 4540 possit
1155 4469 1545 4539 pcrrumpitur,
1567 4476 1622 4524 et
1647 4483 1781 4524 acus

1885 4483 2041 4554 pellis
2062 4483 2151 4536 illa
2175 4483 2288 4538 sive
2311 4489 2529 4539 senecta
2551 4481 2784 4551 primum
2812 4480 3118 4535 detrahitur
3145 4481 3213 4534 ab
3237 4480 3436 4544 oculis,

217 4567 455 4624 marinae
486 4564 732 4634 exemplo
762 4562 1088 4634 persuadere
1119 4571 1364 4623 conatur,
1386 4575 1508 4630 quae
1536 4560 1664 4630 quia
1687 4574 1780 4614 ca-

219 4674 418 4731 pacem
439 4658 617 4712 alvum
649 4672 754 4711 non
776 4657 976 4710 habent
1000 4655 1250 4710 similiter
1269 4653 1576 4708 adiciuntur
1603 4669 1632 4707 a
1665 4654 1780 4709 suis

219 4752 455 4808 fetibus.
479 4749 707 4814 Plinius,
739 4749 776 4802 1.
805 4747 894 4803 d.:
929 4747 1109 4802 Tertia
1129 4747 1212 4801 die
1241 4749 1383 4801 intra
1404 4756 1611 4799 uterum
1632 4755 1781 4800 catu-

220 4845 308 4897 los
337 4841 601 4904 excludit,
632 4837 817 4893 deinde
856 4838 1090 4908 singulos
1129 4836 1307 4891 diebus
1348 4837 1566 4904 singulis
1617 4836 1777 4904 parit,

219 4935 412 5004 viginti
452 4933 556 5001 fere
583 4948 818 4986 numero.
849 4929 1035 5000 Itaque
1061 4929 1238 4983 ca'teri
1297 4927 1567 4982 tarditatis
1595 4928 1782 4996 impa-

221 5033 412 5084 tientes
441 5033 779 5097 perrumpunt
812 5023 980 5078 latera
1011 5022 1183 5075 occisa
1207 5029 1440 5088 parente.
1465 5019 1780 5074 Aristoteles

221 5133 430 5185 tamen,
464 5119 540 5175 De
573 5121 696 5174 hist.
726 5118 915 5179 anim.,
948 5116 1041 5171 lib.
1069 5130 1131 5177 v,
1159 5128 1280 5184 cap.
1313 5114 1435 5177 ult.,
1467 5112 1625 5166 aliter
1655 5127 1780 5165 sen-

221 5217 294 5269 tit
334 5197 634 5272 etnarrat.
691 5211 920 5281 Ideoque
965 5210 1034 5264 ab
1070 5207 1342 5278 aliquibus
1385 5207 1484 5261 hoc
1530 5205 1691 5261 sicuti
1724 5212 1779 5259 et

221 5307 459 5376 primum
487 5305 554 5360 de
575 5305 880 5375 viperarum
905 5303 1051 5357 coitu
1082 5301 1160 5355 uti
1184 5300 1490 5355 fabulosum
1513 5297 1774 5367 rejicitur.

222 5397 383 5451 Parit
409 5396 614 5449 catulos
662 5393 931 5449 obuolutas
980 5395 1296 5447 membranis
1317 5431 1332 5456 ,
1363 5407 1479 5461 quae
1506 5391 1662 5445 tertia
1694 5389 1778 5444 die

218 5498 558 5559 rumpuntur.
589 5486 855 5558 Contingit
881 5502 996 5541 vero
1046 5501 1416 5555 nonnunquam
1440 5524 1456 5550 ,
1493 5493 1549 5536 ut
1589 5483 1677 5554 qui
1724 5483 1778 5536 in

218 5593 369 5636 utero
417 5581 584 5634 adhuc
624 5589 746 5634 sunt
796 5579 997 5632 abrosis
1051 5577 1366 5630 membranis
1413 5583 1773 5644 prorumpunt.

221 5673 470 5744 Singulos
495 5672 676 5726 diebus
713 5673 930 5742 singulis
973 5671 1147 5739 parit,
1175 5669 1352 5737 plures
1377 5686 1532 5739 quam
1573 5669 1772 5738 uiginti.

225 5765 582 5822 Verissimum
616 5763 796 5832 itaque
823 5771 906 5817 est
947 5775 1232 5832 superesse
1275 5761 1453 5830 partui
1496 5774 1596 5815 suo
1630 5756 1774 5826 vipe-

1879 4575 2007 4632 dum
2029 4582 2323 4639 exuuntur,
2340 4576 2462 4630 ideo
2483 4575 2552 4630 iis
2566 4575 2657 4645 qui
2677 4587 2789 4628 rem
2811 4587 2918 4627 non
2945 4572 3248 4642 intelligunt
3269 4573 3437 4628 videri

1878 4681 2052 4722 uncos
2081 4665 2216 4729 ﬁeri,
2236 4666 2401 4720 Ὅταν
2419 4666 2476 4720 δὲ
2508 4665 2779 4736 ἄρχωνται
2807 4662 3046 4716 ὲκδύνειν
3069 4665 3116 4715 oi
3143 4662 3314 4730 ὄφεις,
3332 4663 3440 4715 ἀπὸ

1876 4759 1984 4813 τῶν
2021 4757 2308 4830 ὀφθαλμῶν
2339 4757 2662 4827 ἀφίστασθαι
2692 4755 2904 4828 πρῶτόν
2940 4770 3136 4823 φασιν,
3175 4753 3314 4807 ὥστε
3350 4753 3439 4807 50-

1878 4853 1992 4904 κεῖν
2033 4851 2274 4918 γίνεσθαι
2312 4850 2542 4918 τυφλοὺς
2583 4851 2694 4912 τοῖς
2737 4847 2810 4920 μὴ
2851 4846 3089 4901 συνιοῦσι
3136 4845 3198 4900 τὸ
3243 4845 3434 4908 πάθος.

1877 4941 2080 4998 Natura
2111 4941 2525 5012 periectioribus
2551 4940 2876 4994 animalibus
2908 4938 3111 5001 invida,
3142 4941 3226 4992 sui
3255 4945 3433 4990 tamen

1878 5034 1934 5090 in
1966 5035 2306 5104 serpentibus
2347 5033 2572 5104 prodiga
2627 5032 2983 5102 conspicitur.
3034 5030 3088 5085 Si
3147 5031 3234 5084 cui
3291 5028 3434 5082 enim

1877 5127 1962 5182 vel
1996 5127 2327 5182 levissimum
2362 5124 2489 5194 quid
2516 5125 2568 5178 in
2599 5125 2788 5179 oculos
2819 5123 3092 5192 injecerls,
3117 5131 3313 5190 praeter
3337 5118 3430 5172 do-

1877 5213 2020 5269 lores
2045 5214 2359 5277 immensos,
2376 5221 2428 5268 et
2449 5212 2734 5283 lacrymas,
2753 5227 2872 5282 quae
2887 5210 3149 5266 continuo
3169 5207 3431 5270 deﬂuunt,

1875 5312 1961 5360 est
2004 5315 2058 5358 et
2099 5304 2398 5374 periculum
2455 5302 2594 5365 illis,
2635 5319 2701 5357 ne
2760 5303 2947 5357 morbo
2988 5302 3205 5356 obnoxii
3251 5301 3432 5354 lumen

1876 5395 2147 5450 amittant.
2174 5394 2328 5461 Quod
2359 5395 2406 5450 si
2443 5395 2770 5463 contigerit,
2806 5409 3072 5463 nusquam
3101 5394 3168 5448 ad
3200 5393 3430 5463 primam

1877 5488 2021 5542 illam
2069 5488 2239 5543 aciem
2275 5487 2483 5560 regredi
2508 5488 2708 5544 valent.
2741 5487 3096 5555 Serpentibus
3125 5488 3177 5542 id
3207 5501 3432 5544 conces-

1875 5581 1981 5643 sit,
2008 5594 2238 5650 quorum
2270 5581 2460 5637 oculos
2489 5580 2533 5636 si
2567 5581 2914 5644 laceraveris,
2940 5579 3030 5634 alii
3057 5587 3428 5648 renascentur,

1874 5681 1928 5726 et
1969 5672 2110 5726 idem
2155 5688 2276 5725 cum
2318 5673 2592 5742 prioribus
2625 5688 2823 5727 munus
2852 5671 3204 5743 praestabunt.
3238 5671 3436 5727 Notavi

1876 5773 1940 5813 ex
1969 5758 2278 5821 Aristotele,
2307 5757 2380 5812 De
2408 5759 2533 5815 hist.
2571 5759 2757 5823 anim.,
2790 5757 2882 5814 lib.
2921 5772 2993 5821 ιι,
3017 5771 3136 5821 cap.
3170 5755 3268 5816 17,
3303 5751 3438 5810 Εκ-
